  <div class='ocr_page' id='page_1' title='image "/cluster/home/n/w/nwhite01/storage/ocr_20150623/22/hvd.32044020605168/442.png"; bbox 0 0 3938 6540; ppageno 0'>
   <div class='ocr_carea' id='block_1_1' title="bbox 188 417 298 477">
    <p class='ocr_par' dir='ltr' id='par_1_1' title="bbox 188 417 298 477">
     <span class='ocr_line' id='line_1_1' title="bbox 188 417 298 477; baseline -0.009 0"><span class='ocrx_word' id='word_1_1' title='bbox 188 417 298 477; x_wconf 68' lang='grc' dir='ltr'><strong>εεε</strong></span> 
     </span>
    </p>
   </div>
   <div class='ocr_carea' id='block_1_2' title="bbox 1328 417 2310 482">
    <p class='ocr_par' dir='ltr' id='par_1_2' title="bbox 1328 417 2310 482">
     <span class='ocr_line' id='line_1_2' title="bbox 1328 417 2310 482; baseline 0.006 -7"><span class='ocrx_word' id='word_1_2' title='bbox 1328 417 1533 476; x_wconf 76' lang='lat' dir='ltr'><strong>LIBER</strong></span> <span class='ocrx_word' id='word_1_3' title='bbox 1568 419 1846 477; x_wconf 76' lang='lat' dir='ltr'><strong>CONTRA</strong></span> <span class='ocrx_word' id='word_1_4' title='bbox 1888 421 2310 482; x_wconf 80' lang='lat' dir='ltr'><strong>HIEROCLEM.</strong></span> 
     </span>
    </p>
   </div>
   <div class='ocr_carea' id='block_1_3' title="bbox 3349 430 3454 487">
    <p class='ocr_par' dir='ltr' id='par_1_3' title="bbox 3349 430 3454 487">
     <span class='ocr_line' id='line_1_3' title="bbox 3349 430 3454 487; baseline 0.019 -2"><span class='ocrx_word' id='word_1_5' title='bbox 3349 430 3454 487; x_wconf 65' lang='grc'><strong>826</strong></span> 
     </span>
    </p>
   </div>
   <div class='ocr_carea' id='block_1_4' title="bbox 184 530 1752 615">
    <p class='ocr_par' dir='ltr' id='par_1_4' title="bbox 184 530 1752 606">
     <span class='ocr_line' id='line_1_4' title="bbox 184 530 1752 606; baseline 0.003 -21"><span class='ocrx_word' id='word_1_6' title='bbox 184 531 450 606; x_wconf 74' lang='grc' dir='ltr'>χῦοῦντας</span> <span class='ocrx_word' id='word_1_7' title='bbox 482 530 613 596; x_wconf 72' lang='grc' dir='ltr'>τοὺς</span> <span class='ocrx_word' id='word_1_8' title='bbox 650 530 972 601; x_wconf 71' lang='grc' dir='ltr'><strong>φιλοσόφους</strong></span> <span class='ocrx_word' id='word_1_9' title='bbox 1012 536 1380 606; x_wconf 86' lang='grc' dir='ltr'>τεχνουργεῖν,</span> <span class='ocrx_word' id='word_1_10' title='bbox 1412 535 1445 605; x_wconf 75' lang='grc' dir='ltr'><strong>ἥ</strong></span> <span class='ocrx_word' id='word_1_11' title='bbox 1488 536 1602 602; x_wconf 74' lang='grc' dir='ltr'>καὶ,</span> <span class='ocrx_word' id='word_1_12' title='bbox 1639 536 1752 590; x_wconf 90' lang='grc' dir='ltr'>θαυ-</span> 
     </span>
    </p>
   </div>
   <div class='ocr_carea' id='block_1_5' title="bbox 1862 530 3454 615">
    <p class='ocr_par' dir='ltr' id='par_1_5' title="bbox 1877 537 3454 615">
     <span class='ocr_line' id='line_1_5' title="bbox 1877 537 3454 615; baseline 0.006 -23"><span class='ocrx_word' id='word_1_13' title='bbox 1877 537 2006 593; x_wconf 88' lang='lat' dir='ltr'><strong>Erat</strong></span> <span class='ocrx_word' id='word_1_14' title='bbox 2038 548 2216 596; x_wconf 88' lang='lat' dir='ltr'><strong>autem</strong></span> <span class='ocrx_word' id='word_1_15' title='bbox 2246 541 2376 596; x_wconf 89' lang='lat' dir='ltr'><strong>illud</strong></span> <span class='ocrx_word' id='word_1_16' title='bbox 2405 556 2470 597; x_wconf 79' lang='lat' dir='ltr'><strong>ex</strong></span> <span class='ocrx_word' id='word_1_17' title='bbox 2510 555 2618 596; x_wconf 72' lang='lat' dir='ltr'><strong>aere</strong></span> <span class='ocrx_word' id='word_1_18' title='bbox 2657 540 2835 613; x_wconf 82' lang='lat' dir='ltr'><strong>nigro,</strong></span> <span class='ocrx_word' id='word_1_19' title='bbox 2867 540 3159 615; x_wconf 79' lang='lat' dir='ltr'><strong>aureisque</strong></span> <span class='ocrx_word' id='word_1_20' title='bbox 3199 555 3454 602; x_wconf 81' lang='lat' dir='ltr'><strong>ornatum</strong></span> 
     </span>
    </p>
   </div>
   <div class='ocr_carea' id='block_1_6' title="bbox 184 624 1780 700">
    <p class='ocr_par' dir='ltr' id='par_1_6' title="bbox 184 624 1780 700">
     <span class='ocr_line' id='line_1_6' title="bbox 184 624 1780 700; baseline 0 -20"><span class='ocrx_word' id='word_1_21' title='bbox 184 624 499 698; x_wconf 80' lang='grc' dir='ltr'>ματοποιῶν</span> <span class='ocrx_word' id='word_1_22' title='bbox 531 624 708 695; x_wconf 87' lang='grc' dir='ltr'>δίκην,</span> <span class='ocrx_word' id='word_1_23' title='bbox 753 624 1058 695; x_wconf 80' lang='grc' dir='ltr'>αὐτόματον</span> <span class='ocrx_word' id='word_1_24' title='bbox 1099 626 1380 680; x_wconf 83' lang='grc' dir='ltr'><strong>ἀποτελεῖν</strong></span> <span class='ocrx_word' id='word_1_25' title='bbox 1420 628 1482 680; x_wconf 82' lang='grc' dir='ltr'>τὸ</span> <span class='ocrx_word' id='word_1_26' title='bbox 1520 628 1780 700; x_wconf 82' lang='grc' dir='ltr'>δημιούρ-</span> 
     </span>
    </p>
   </div>
   <div class='ocr_carea' id='block_1_7' title="bbox 177 717 1774 791">
    <p class='ocr_par' dir='ltr' id='par_1_7' title="bbox 177 717 1774 791">
     <span class='ocr_line' id='line_1_7' title="bbox 177 717 1774 791; baseline -0.009 -16"><span class='ocrx_word' id='word_1_27' title='bbox 177 736 358 791; x_wconf 78' lang='grc' dir='ltr'>γημα.</span> <span class='ocrx_word' id='word_1_28' title='bbox 394 718 461 771; x_wconf 84' lang='grc' dir='ltr'>Οἱ</span> <span class='ocrx_word' id='word_1_29' title='bbox 506 718 564 770; x_wconf 87' lang='grc' dir='ltr'>δὲ</span> <span class='ocrx_word' id='word_1_30' title='bbox 604 717 712 770; x_wconf 86' lang='grc' dir='ltr'><strong>τῶν</strong></span> <span class='ocrx_word' id='word_1_31' title='bbox 745 717 921 772; x_wconf 77' lang='grc' dir='ltr'>ἄλλων</span> <span class='ocrx_word' id='word_1_32' title='bbox 951 717 1061 770; x_wconf 83' lang='grc' dir='ltr'><strong>τῶν</strong></span> <span class='ocrx_word' id='word_1_33' title='bbox 1103 719 1220 790; x_wconf 79' lang='grc' dir='ltr'>μετ’</span> <span class='ocrx_word' id='word_1_34' title='bbox 1253 719 1414 773; x_wconf 77' lang='grc' dir='ltr'>αὑτὸν</span> <span class='ocrx_word' id='word_1_35' title='bbox 1457 720 1774 775; x_wconf 74' lang='grc' dir='ltr'>διδάσκαλον</span> 
     </span>
    </p>
   </div>
   <div class='ocr_carea' id='block_1_8' title="bbox 175 807 1773 886">
    <p class='ocr_par' dir='ltr' id='par_1_8' title="bbox 175 807 1773 886">
     <span class='ocr_line' id='line_1_8' title="bbox 175 807 1773 886; baseline 0.002 -22"><span class='ocrx_word' id='word_1_36' title='bbox 175 810 359 881; x_wconf 72' lang='grc' dir='ltr'>δίφροι</span> <span class='ocrx_word' id='word_1_37' title='bbox 397 810 593 881; x_wconf 78' lang='grc' dir='ltr'>χαλκοῖ</span> <span class='ocrx_word' id='word_1_38' title='bbox 625 810 744 881; x_wconf 84' lang='grc' dir='ltr'>μὲν,</span> <span class='ocrx_word' id='word_1_39' title='bbox 776 809 962 880; x_wconf 82' lang='grc' dir='ltr'>φησὶν,</span> <span class='ocrx_word' id='word_1_40' title='bbox 987 810 1190 882; x_wconf 77' lang='grc' dir='ltr'>ἄσημοι</span> <span class='ocrx_word' id='word_1_41' title='bbox 1218 812 1263 865; x_wconf 80' lang='grc' dir='ltr'>δ’</span> <span class='ocrx_word' id='word_1_42' title='bbox 1295 807 1456 884; x_wconf 82' lang='grc' dir='ltr'>ἦσαν,</span> <span class='ocrx_word' id='word_1_43' title='bbox 1485 813 1580 866; x_wconf 71' lang='grc' dir='ltr'><strong>καὶ</strong></span> <span class='ocrx_word' id='word_1_44' title='bbox 1612 809 1773 886; x_wconf 83' lang='grc' dir='ltr'>ἦττον</span> 
     </span>
    </p>
   </div>
   <div class='ocr_carea' id='block_1_9' title="bbox 176 899 1766 976">
    <p class='ocr_par' dir='ltr' id='par_1_9' title="bbox 176 899 1766 976">
     <span class='ocr_line' id='line_1_9' title="bbox 176 899 1766 976; baseline 0.006 -25"><span class='ocrx_word' id='word_1_45' title='bbox 176 899 396 973; x_wconf 72' lang='grc' dir='ltr'>ὑψηλοί.</span> <span class='ocrx_word' id='word_1_46' title='bbox 448 901 598 955; x_wconf 79' lang='grc' dir='ltr'>Ἔδει</span> <span class='ocrx_word' id='word_1_47' title='bbox 642 901 750 973; x_wconf 87' lang='grc' dir='ltr'><strong>γάρ</strong></span> <span class='ocrx_word' id='word_1_48' title='bbox 800 919 900 955; x_wconf 88' lang='grc' dir='ltr'><strong>που</strong></span> <span class='ocrx_word' id='word_1_49' title='bbox 949 901 1213 974; x_wconf 89' lang='grc' dir='ltr'>τυράννου</span> <span class='ocrx_word' id='word_1_50' title='bbox 1266 904 1485 968; x_wconf 86' lang='grc' dir='ltr'>πάντως</span> <span class='ocrx_word' id='word_1_51' title='bbox 1529 906 1766 976; x_wconf 84' lang='grc' dir='ltr'>σχήματι</span> 
     </span>
    </p>
   </div>
   <div class='ocr_carea' id='block_1_10' title="bbox 175 991 1766 1067">
    <p class='ocr_par' dir='ltr' id='par_1_10' title="bbox 175 991 1766 1067">
     <span class='ocr_line' id='line_1_10' title="bbox 175 991 1766 1067; baseline 0.003 -22"><span class='ocrx_word' id='word_1_52' title='bbox 175 992 484 1063; x_wconf 77' lang='grc' dir='ltr'><strong>προνομίας</strong></span> <span class='ocrx_word' id='word_1_53' title='bbox 506 991 609 1063; x_wconf 84' lang='grc' dir='ltr'>τῆς</span> <span class='ocrx_word' id='word_1_54' title='bbox 637 993 694 1045; x_wconf 85' lang='grc' dir='ltr'>ὲν</span> <span class='ocrx_word' id='word_1_55' title='bbox 721 992 1019 1062; x_wconf 85' lang='grc' dir='ltr'>ἀγάλμασι,</span> <span class='ocrx_word' id='word_1_56' title='bbox 1048 995 1141 1048; x_wconf 75' lang='grc' dir='ltr'>καὶ</span> <span class='ocrx_word' id='word_1_57' title='bbox 1168 995 1354 1067; x_wconf 82' lang='grc' dir='ltr'>χρυσῷ</span> <span class='ocrx_word' id='word_1_58' title='bbox 1385 996 1476 1050; x_wconf 85' lang='grc' dir='ltr'>τὸν</span> <span class='ocrx_word' id='word_1_59' title='bbox 1499 995 1598 1066; x_wconf 80' lang='grc' dir='ltr'>τῆς</span> <span class='ocrx_word' id='word_1_60' title='bbox 1618 995 1766 1062; x_wconf 85' lang='grc' dir='ltr'>θείας</span> 
     </span>
    </p>
   </div>
   <div class='ocr_carea' id='block_1_11' title="bbox 174 1083 1170 1152">
    <p class='ocr_par' dir='ltr' id='par_1_11' title="bbox 174 1083 1170 1152">
     <span class='ocr_line' id='line_1_11' title="bbox 174 1083 1170 1152; baseline 0.005 -16"><span class='ocrx_word' id='word_1_61' title='bbox 174 1083 500 1152; x_wconf 71' lang='grc' dir='ltr'>φιλοσοφίας</span> <span class='ocrx_word' id='word_1_62' title='bbox 521 1084 838 1139; x_wconf 87' lang='grc' dir='ltr'>διδάσκαλον</span> <span class='ocrx_word' id='word_1_63' title='bbox 871 1085 1170 1151; x_wconf 81' lang='grc' dir='ltr'>ἀξιοῦσθαι.</span> 
     </span>
    </p>
   </div>
   <div class='ocr_carea' id='block_1_12' title="bbox 1878 633 3456 701">
    <p class='ocr_par' dir='ltr' id='par_1_12' title="bbox 1878 633 3456 701">
     <span class='ocr_line' id='line_1_12' title="bbox 1878 633 3456 701; baseline 0.005 -15"><span class='ocrx_word' id='word_1_64' title='bbox 1878 634 2096 697; x_wconf 87' lang='lat' dir='ltr'><strong>statuis,</strong></span> <span class='ocrx_word' id='word_1_65' title='bbox 2139 635 2329 701; x_wconf 81' lang='lat' dir='ltr'><strong>quales</strong></span> <span class='ocrx_word' id='word_1_66' title='bbox 2353 635 2584 700; x_wconf 81' lang='lat' dir='ltr'><strong>scilicet,</strong></span> <span class='ocrx_word' id='word_1_67' title='bbox 2619 633 2899 690; x_wconf 80' lang='lat' dir='ltr'><strong>fabrorum</strong></span> <span class='ocrx_word' id='word_1_68' title='bbox 2942 653 3095 692; x_wconf 86' lang='lat' dir='ltr'><strong>more</strong></span> <span class='ocrx_word' id='word_1_69' title='bbox 3145 639 3456 694; x_wconf 85' lang='lat' dir='ltr'><strong>verosimile</strong></span> 
     </span>
    </p>
   </div>
   <div class='ocr_carea' id='block_1_13' title="bbox 1874 725 3450 798">
    <p class='ocr_par' dir='ltr' id='par_1_13' title="bbox 1874 725 3450 798">
     <span class='ocr_line' id='line_1_13' title="bbox 1874 725 3450 798; baseline 0.004 -19"><span class='ocrx_word' id='word_1_70' title='bbox 1874 725 1948 779; x_wconf 89' lang='lat' dir='ltr'><strong>sit</strong></span> <span class='ocrx_word' id='word_1_71' title='bbox 1980 727 2298 798; x_wconf 89' lang='lat' dir='ltr'><strong>sapientes,</strong></span> <span class='ocrx_word' id='word_1_72' title='bbox 2341 727 2451 796; x_wconf 92' lang='lat' dir='ltr'><strong>igni</strong></span> <span class='ocrx_word' id='word_1_73' title='bbox 2501 725 2756 798; x_wconf 89' lang='lat' dir='ltr'><strong>ferroque</strong></span> <span class='ocrx_word' id='word_1_74' title='bbox 2806 729 3088 792; x_wconf 87' lang='lat' dir='ltr'><strong>adhibito,</strong></span> <span class='ocrx_word' id='word_1_75' title='bbox 3143 727 3450 797; x_wconf 82' lang='lat' dir='ltr'><strong>fabricare;</strong></span> 
     </span>
    </p>
   </div>
   <div class='ocr_carea' id='block_1_14' title="bbox 1872 817 3454 889">
    <p class='ocr_par' dir='ltr' id='par_1_14' title="bbox 1872 817 3454 889">
     <span class='ocr_line' id='line_1_14' title="bbox 1872 817 3454 889; baseline 0.006 -20"><span class='ocrx_word' id='word_1_76' title='bbox 1872 817 2006 888; x_wconf 91' lang='lat' dir='ltr'><strong>quin</strong></span> <span class='ocrx_word' id='word_1_77' title='bbox 2027 827 2081 873; x_wconf 87' lang='lat' dir='ltr'><strong>et</strong></span> <span class='ocrx_word' id='word_1_78' title='bbox 2107 819 2566 889; x_wconf 70' lang='lat' dir='ltr'><strong>praestigiatorum</strong></span> <span class='ocrx_word' id='word_1_79' title='bbox 2609 820 2718 873; x_wconf 90' lang='lat' dir='ltr'><strong>ritu</strong></span> <span class='ocrx_word' id='word_1_80' title='bbox 2767 819 2841 873; x_wconf 90' lang='lat' dir='ltr'><strong>ita</strong></span> <span class='ocrx_word' id='word_1_81' title='bbox 2868 835 3003 889; x_wconf 90' lang='lat' dir='ltr'><strong>opus</strong></span> <span class='ocrx_word' id='word_1_82' title='bbox 3035 821 3339 885; x_wconf 88' lang='lat' dir='ltr'><strong>instruere,</strong></span> <span class='ocrx_word' id='word_1_83' title='bbox 3391 829 3454 878; x_wconf 78' lang='lat' dir='ltr'><strong>ut</strong></span> 
     </span>
    </p>
   </div>
   <div class='ocr_carea' id='block_1_15' title="bbox 1873 910 3456 983">
    <p class='ocr_par' dir='ltr' id='par_1_15' title="bbox 1873 910 3456 983">
     <span class='ocr_line' id='line_1_15' title="bbox 1873 910 3456 983; baseline 0.004 -20"><span class='ocrx_word' id='word_1_84' title='bbox 1873 917 2070 977; x_wconf 75' lang='lat' dir='ltr'><strong>Sponte</strong></span> <span class='ocrx_word' id='word_1_85' title='bbox 2113 925 2213 964; x_wconf 90' lang='lat' dir='ltr'><strong>sua</strong></span> <span class='ocrx_word' id='word_1_86' title='bbox 2248 918 2551 966; x_wconf 79' lang='lat' dir='ltr'><strong>moveatur.</strong></span> <span class='ocrx_word' id='word_1_87' title='bbox 2584 910 2916 966; x_wconf 48' lang='lat' dir='ltr'><strong>Carterarum</strong></span> <span class='ocrx_word' id='word_1_88' title='bbox 2951 919 3154 975; x_wconf 89' lang='lat' dir='ltr'><strong>autem,</strong></span> <span class='ocrx_word' id='word_1_89' title='bbox 3187 912 3279 983; x_wconf 85' lang='lat' dir='ltr'><strong>qui</strong></span> <span class='ocrx_word' id='word_1_90' title='bbox 3311 913 3456 970; x_wconf 89' lang='lat' dir='ltr'><strong>assi-</strong></span> 
     </span>
    </p>
   </div>
   <div class='ocr_carea' id='block_1_16' title="bbox 1879 998 3454 1072">
    <p class='ocr_par' dir='ltr' id='par_1_16' title="bbox 1879 998 3454 1072">
     <span class='ocr_line' id='line_1_16' title="bbox 1879 998 3454 1072; baseline 0.005 -20"><span class='ocrx_word' id='word_1_91' title='bbox 1879 998 2083 1054; x_wconf 89' lang='lat' dir='ltr'><strong>debant</strong></span> <span class='ocrx_word' id='word_1_92' title='bbox 2111 1000 2405 1071; x_wconf 81' lang='lat' dir='ltr'><strong>magistro,</strong></span> <span class='ocrx_word' id='word_1_93' title='bbox 2439 1001 2620 1066; x_wconf 90' lang='lat' dir='ltr'><strong>sedes,</strong></span> <span class='ocrx_word' id='word_1_94' title='bbox 2643 1017 2797 1056; x_wconf 70' lang='lat' dir='ltr'><strong>aerea:</strong></span> <span class='ocrx_word' id='word_1_95' title='bbox 2825 1000 3076 1072; x_wconf 88' lang='lat' dir='ltr'><strong>quidem,</strong></span> <span class='ocrx_word' id='word_1_96' title='bbox 3110 1005 3188 1058; x_wconf 92' lang='lat' dir='ltr'><strong>uti</strong></span> <span class='ocrx_word' id='word_1_97' title='bbox 3247 1005 3323 1058; x_wconf 89' lang='lat' dir='ltr'><strong>ait</strong></span> <span class='ocrx_word' id='word_1_98' title='bbox 3342 1005 3454 1067; x_wconf 91' lang='lat' dir='ltr'><strong>,si-</strong></span> 
     </span>
    </p>
   </div>
   <div class='ocr_carea' id='block_1_17' title="bbox 1874 1093 3449 1167">
    <p class='ocr_par' dir='ltr' id='par_1_17' title="bbox 1874 1093 3449 1167">
     <span class='ocr_line' id='line_1_17' title="bbox 1874 1093 3449 1167; baseline 0.006 -21"><span class='ocrx_word' id='word_1_99' title='bbox 1874 1093 1997 1164; x_wconf 83' lang='lat' dir='ltr'><strong>gnis</strong></span> <span class='ocrx_word' id='word_1_100' title='bbox 2027 1102 2209 1148; x_wconf 88' lang='lat' dir='ltr'><strong>tamen</strong></span> <span class='ocrx_word' id='word_1_101' title='bbox 2237 1108 2441 1149; x_wconf 71' lang='lat' dir='ltr'><strong>ornata:</strong></span> <span class='ocrx_word' id='word_1_102' title='bbox 2493 1109 2601 1148; x_wconf 92' lang='lat' dir='ltr'><strong>non</strong></span> <span class='ocrx_word' id='word_1_103' title='bbox 2627 1103 2807 1160; x_wconf 84' lang='lat' dir='ltr'><strong>erant,</strong></span> <span class='ocrx_word' id='word_1_104' title='bbox 2848 1097 3139 1167; x_wconf 90' lang='lat' dir='ltr'><strong>minusque</strong></span> <span class='ocrx_word' id='word_1_105' title='bbox 3167 1097 3449 1156; x_wconf 85' lang='lat' dir='ltr'><strong>sublimes.</strong></span> 
     </span>
    </p>
   </div>
   <div class='ocr_carea' id='block_1_18' title="bbox 173 1174 3424 1269">
    <p class='ocr_par' dir='ltr' id='par_1_18' title="bbox 173 1174 3424 1269">
     <span class='ocr_line' id='line_1_18' title="bbox 173 1174 3424 1269; baseline 0.007 -41"><span class='ocrx_word' id='word_1_106' title='bbox 173 1174 382 1246; x_wconf 85' lang='lat' dir='ltr'><strong>Nempe</strong></span> <span class='ocrx_word' id='word_1_107' title='bbox 408 1185 528 1232; x_wconf 87' lang='lat' dir='ltr'><strong>erat</strong></span> <span class='ocrx_word' id='word_1_108' title='bbox 565 1180 898 1236; x_wconf 80' lang='lat' dir='ltr'><strong>conveniens</strong></span> <span class='ocrx_word' id='word_1_109' title='bbox 935 1182 1160 1236; x_wconf 83' lang='lat' dir='ltr'><strong>omnino</strong></span> <span class='ocrx_word' id='word_1_110' title='bbox 1200 1184 1348 1253; x_wconf 84' lang='lat' dir='ltr'><strong>regio</strong></span> <span class='ocrx_word' id='word_1_111' title='bbox 1377 1185 1592 1239; x_wconf 83' lang='lat' dir='ltr'><strong>ornatui</strong></span> <span class='ocrx_word' id='word_1_112' title='bbox 1629 1189 2018 1258; x_wconf 77' lang='lat' dir='ltr'><strong>praerogativa,</strong></span> <span class='ocrx_word' id='word_1_113' title='bbox 2068 1189 2124 1244; x_wconf 84' lang='lat' dir='ltr'><strong>in</strong></span> <span class='ocrx_word' id='word_1_114' title='bbox 2173 1193 2372 1246; x_wconf 77' lang='lat' dir='ltr'><strong>statuis</strong></span> <span class='ocrx_word' id='word_1_115' title='bbox 2403 1190 2512 1245; x_wconf 79' lang='lat' dir='ltr'><strong>illis</strong></span> <span class='ocrx_word' id='word_1_116' title='bbox 2549 1189 3240 1261; x_wconf 87' lang='lat' dir='ltr'><strong>consistens,[conveniens</strong></span> <span class='ocrx_word' id='word_1_117' title='bbox 3272 1191 3424 1269; x_wconf 85' lang='lat' dir='ltr'><strong>item]</strong></span> 
     </span>
    </p>
   </div>
   <div class='ocr_carea' id='block_1_19' title="bbox 169 1271 1588 1352">
    <p class='ocr_par' dir='ltr' id='par_1_19' title="bbox 169 1271 1588 1352">
     <span class='ocr_line' id='line_1_19' title="bbox 169 1271 1588 1352; baseline 0.011 -28"><span class='ocrx_word' id='word_1_118' title='bbox 169 1285 308 1326; x_wconf 86' lang='lat' dir='ltr'><strong>auro</strong></span> <span class='ocrx_word' id='word_1_119' title='bbox 339 1271 616 1329; x_wconf 87' lang='lat' dir='ltr'><strong>honorare</strong></span> <span class='ocrx_word' id='word_1_120' title='bbox 645 1273 840 1329; x_wconf 74' lang='lat' dir='ltr'><strong>divina:</strong></span> <span class='ocrx_word' id='word_1_121' title='bbox 861 1276 1214 1347; x_wconf 70' lang='lat' dir='ltr'><strong>philosophiae</strong></span> <span class='ocrx_word' id='word_1_122' title='bbox 1241 1281 1588 1352; x_wconf 85' lang='lat' dir='ltr'><strong>magistrum.</strong></span> 
     </span>
    </p>
   </div>
   <div class='ocr_carea' id='block_1_20' title="bbox 704 1373 1238 1429">
    <p class='ocr_par' dir='ltr' id='par_1_20' title="bbox 704 1373 1238 1429">
     <span class='ocr_line' id='line_1_20' title="bbox 704 1373 1238 1429; baseline 0.006 -3"><span class='ocrx_word' id='word_1_123' title='bbox 704 1373 1100 1428; x_wconf 78' lang='grc' dir='ltr'><strong>ΚΕΦΑΛΑΙΟΝ</strong></span> <span class='ocrx_word' id='word_1_124' title='bbox 1138 1375 1238 1429; x_wconf 84' lang='grc' dir='ltr'><strong>ΙΘ¹.</strong></span> 
     </span>
    </p>
   </div>
   <div class='ocr_carea' id='block_1_21' title="bbox 236 1462 1759 1542">
    <p class='ocr_par' dir='ltr' id='par_1_21' title="bbox 236 1462 1759 1542">
     <span class='ocr_line' id='line_1_21' title="bbox 236 1462 1759 1542; baseline 0.009 -27"><span class='ocrx_word' id='word_1_125' title='bbox 236 1462 470 1535; x_wconf 83' lang='grc' dir='ltr'>Πρῶτον</span> <span class='ocrx_word' id='word_1_126' title='bbox 515 1463 572 1517; x_wconf 79' lang='grc' dir='ltr'>δὲ</span> <span class='ocrx_word' id='word_1_127' title='bbox 615 1463 706 1518; x_wconf 78' lang='grc' dir='ltr'>τὸν</span> <span class='ocrx_word' id='word_1_128' title='bbox 753 1465 965 1537; x_wconf 90' lang='grc' dir='ltr'>Ίάρχαν</span> <span class='ocrx_word' id='word_1_129' title='bbox 1011 1468 1203 1534; x_wconf 77' lang='grc' dir='ltr'>ἰδόντα,</span> <span class='ocrx_word' id='word_1_130' title='bbox 1233 1471 1385 1542; x_wconf 81' lang='grc' dir='ltr'>φησὶ,</span> <span class='ocrx_word' id='word_1_131' title='bbox 1434 1471 1526 1526; x_wconf 76' lang='grc' dir='ltr'><strong>τὸν</strong></span> <span class='ocrx_word' id='word_1_132' title='bbox 1567 1475 1759 1529; x_wconf 80' lang='grc' dir='ltr'>Ἀπολ-</span> 
     </span>
    </p>
   </div>
   <div class='ocr_carea' id='block_1_22' title="bbox 166 1551 1756 1639">
    <p class='ocr_par' dir='ltr' id='par_1_22' title="bbox 166 1551 1756 1639">
     <span class='ocr_line' id='line_1_22' title="bbox 166 1551 1756 1639; baseline 0.009 -35"><span class='ocrx_word' id='word_1_133' title='bbox 166 1551 383 1617; x_wconf 79' lang='grc' dir='ltr'>λώνιον,</span> <span class='ocrx_word' id='word_1_134' title='bbox 431 1554 491 1620; x_wconf 80' lang='grc' dir='ltr'><strong>ἐξ</strong></span> <span class='ocrx_word' id='word_1_135' title='bbox 538 1554 800 1626; x_wconf 81' lang='grc' dir='ltr'>ὀνόματός</span> <span class='ocrx_word' id='word_1_136' title='bbox 843 1575 902 1610; x_wconf 87' lang='grc' dir='ltr'><strong>τε</strong></span> <span class='ocrx_word' id='word_1_137' title='bbox 953 1564 1272 1630; x_wconf 82' lang='grc' dir='ltr'>προσειπεῖν</span> <span class='ocrx_word' id='word_1_138' title='bbox 1313 1562 1387 1633; x_wconf 91' lang='grc'><strong>(8)</strong></span> <span class='ocrx_word' id='word_1_139' title='bbox 1436 1563 1644 1619; x_wconf 82' lang='grc' dir='ltr'>Ἐλλάδι</span> <span class='ocrx_word' id='word_1_140' title='bbox 1689 1570 1756 1639; x_wconf 87' lang='grc' dir='ltr'>τῇ</span> 
     </span>
    </p>
   </div>
   <div class='ocr_carea' id='block_1_23' title="bbox 166 1648 1756 1731">
    <p class='ocr_par' dir='ltr' id='par_1_23' title="bbox 166 1648 1756 1731">
     <span class='ocr_line' id='line_1_23' title="bbox 166 1648 1756 1731; baseline 0.013 -39"><span class='ocrx_word' id='word_1_141' title='bbox 166 1649 344 1718; x_wconf 77' lang='grc' dir='ltr'>φωνῇ,</span> <span class='ocrx_word' id='word_1_142' title='bbox 379 1649 476 1701; x_wconf 77' lang='grc' dir='ltr'>καὶ</span> <span class='ocrx_word' id='word_1_143' title='bbox 506 1650 572 1719; x_wconf 83' lang='grc' dir='ltr'>ἣν</span> <span class='ocrx_word' id='word_1_144' title='bbox 597 1648 745 1719; x_wconf 84' lang='grc' dir='ltr'><strong>αὐτῷ</strong></span> <span class='ocrx_word' id='word_1_145' title='bbox 773 1649 925 1720; x_wconf 86' lang='grc' dir='ltr'><strong>παρά</strong></span> <span class='ocrx_word' id='word_1_146' title='bbox 950 1649 1205 1722; x_wconf 82' lang='grc' dir='ltr'>Φραώτου</span> <span class='ocrx_word' id='word_1_147' title='bbox 1231 1655 1443 1726; x_wconf 77' lang='grc' dir='ltr'>κομίζει</span> <span class='ocrx_word' id='word_1_148' title='bbox 1470 1657 1756 1731; x_wconf 79' lang='grc' dir='ltr'>ἐπιστολὴν</span> 
     </span>
    </p>
   </div>
   <div class='ocr_carea' id='block_1_24' title="bbox 164 1740 1755 1820">
    <p class='ocr_par' dir='ltr' id='par_1_24' title="bbox 164 1740 1755 1820">
     <span class='ocr_line' id='line_1_24' title="bbox 164 1740 1755 1820; baseline 0.008 -28"><span class='ocrx_word' id='word_1_149' title='bbox 164 1741 414 1811; x_wconf 77' lang='grc' dir='ltr'>αἰτῆσαι,</span> <span class='ocrx_word' id='word_1_150' title='bbox 466 1740 610 1794; x_wconf 82' lang='grc' dir='ltr'>κατὰ</span> <span class='ocrx_word' id='word_1_151' title='bbox 659 1743 964 1813; x_wconf 80' lang='grc' dir='ltr'>πρόγνωσιν</span> <span class='ocrx_word' id='word_1_152' title='bbox 1011 1744 1110 1815; x_wconf 76' lang='grc' dir='ltr'><strong>ἤδη</strong></span> <span class='ocrx_word' id='word_1_153' title='bbox 1162 1745 1320 1800; x_wconf 85' lang='grc' dir='ltr'>τοῦτο</span> <span class='ocrx_word' id='word_1_154' title='bbox 1365 1749 1755 1820; x_wconf 74' lang='grc' dir='ltr'>προειληφότα.</span> 
     </span>
    </p>
   </div>
   <div class='ocr_carea' id='block_1_25' title="bbox 174 1829 1758 1913">
    <p class='ocr_par' dir='ltr' id='par_1_25' title="bbox 174 1829 1758 1913">
     <span class='ocr_line' id='line_1_25' title="bbox 174 1829 1758 1913; baseline 0.008 -30"><span class='ocrx_word' id='word_1_155' title='bbox 174 1829 552 1894; x_wconf 80' lang='grc' dir='ltr'>Ἐνδείξασθαί</span> <span class='ocrx_word' id='word_1_156' title='bbox 580 1849 640 1885; x_wconf 88' lang='grc' dir='ltr'><strong>τε</strong></span> <span class='ocrx_word' id='word_1_157' title='bbox 682 1832 743 1885; x_wconf 84' lang='grc' dir='ltr'>τὸ</span> <span class='ocrx_word' id='word_1_158' title='bbox 789 1831 968 1887; x_wconf 76' lang='grc' dir='ltr'>ἔνθεον</span> <span class='ocrx_word' id='word_1_159' title='bbox 1013 1836 1114 1906; x_wconf 79' lang='grc' dir='ltr'>τῆς</span> <span class='ocrx_word' id='word_1_160' title='bbox 1146 1838 1524 1909; x_wconf 80' lang='grc' dir='ltr'>προγνώσεως,</span> <span class='ocrx_word' id='word_1_161' title='bbox 1574 1860 1758 1913; x_wconf 86' lang='grc' dir='ltr'>προει-</span> 
     </span>
    </p>
   </div>
   <div class='ocr_carea' id='block_1_26' title="bbox 167 1923 1758 2000">
    <p class='ocr_par' dir='ltr' id='par_1_26' title="bbox 167 1923 1758 2000">
     <span class='ocr_line' id='line_1_26' title="bbox 167 1923 1758 2000; baseline 0.008 -25"><span class='ocrx_word' id='word_1_162' title='bbox 167 1923 397 1994; x_wconf 74' lang='grc' dir='ltr'>ρηκότα,</span> <span class='ocrx_word' id='word_1_163' title='bbox 427 1923 504 1986; x_wconf 83' lang='grc' dir='ltr'><strong>ὡς</strong></span> <span class='ocrx_word' id='word_1_164' title='bbox 547 1924 653 1994; x_wconf 85' lang='grc' dir='ltr'>ἄρα</span> <span class='ocrx_word' id='word_1_165' title='bbox 684 1925 763 1979; x_wconf 72' lang='grc' dir='ltr'><strong>ἑνὶ</strong></span> <span class='ocrx_word' id='word_1_166' title='bbox 786 1927 1093 1998; x_wconf 81' lang='grc' dir='ltr'><strong>γράμματι,</strong></span> <span class='ocrx_word' id='word_1_167' title='bbox 1133 1929 1210 2000; x_wconf 82' lang='grc' dir='ltr'>τῷ</span> <span class='ocrx_word' id='word_1_168' title='bbox 1248 1949 1267 1980; x_wconf 76' lang='grc' dir='ltr'><strong>ι</strong></span> <span class='ocrx_word' id='word_1_169' title='bbox 1303 1931 1493 1997; x_wconf 87' lang='grc' dir='ltr'>Δέλτα,</span> <span class='ocrx_word' id='word_1_170' title='bbox 1534 1952 1553 1986; x_wconf 73' lang='grc' dir='ltr'><strong>ι</strong></span> <span class='ocrx_word' id='word_1_171' title='bbox 1588 1933 1758 1989; x_wconf 75' lang='grc' dir='ltr'>λείποι</span> 
     </span>
    </p>
   </div>
   <div class='ocr_carea' id='block_1_27' title="bbox 161 2015 1760 2094">
    <p class='ocr_par' dir='ltr' id='par_1_27' title="bbox 161 2015 1760 2094">
     <span class='ocr_line' id='line_1_27' title="bbox 161 2015 1760 2094; baseline 0.008 -26"><span class='ocrx_word' id='word_1_172' title='bbox 161 2019 192 2086; x_wconf 81' lang='grc' dir='ltr'>ἠ</span> <span class='ocrx_word' id='word_1_173' title='bbox 233 2015 524 2088; x_wconf 76' lang='grc' dir='ltr'>ἐπιστολή.</span> <span class='ocrx_word' id='word_1_174' title='bbox 568 2017 868 2088; x_wconf 78' lang='grc' dir='ltr'>Ἀρξασθαί</span> <span class='ocrx_word' id='word_1_175' title='bbox 915 2037 975 2072; x_wconf 89' lang='grc' dir='ltr'><strong>τε</strong></span> <span class='ocrx_word' id='word_1_176' title='bbox 1017 2022 1392 2094; x_wconf 78' lang='grc' dir='ltr'>ἀπειροκάλως</span> <span class='ocrx_word' id='word_1_177' title='bbox 1438 2025 1599 2089; x_wconf 78' lang='grc' dir='ltr'>εὐθὺς</span> <span class='ocrx_word' id='word_1_178' title='bbox 1651 2026 1760 2080; x_wconf 85' lang='grc' dir='ltr'>ἀπὸ</span> 
     </span>
    </p>
   </div>
   <div class='ocr_carea' id='block_1_28' title="bbox 164 2110 1760 2189">
    <p class='ocr_par' dir='ltr' id='par_1_28' title="bbox 164 2110 1760 2189">
     <span class='ocr_line' id='line_1_28' title="bbox 164 2110 1760 2189; baseline 0.008 -28"><span class='ocrx_word' id='word_1_179' title='bbox 164 2113 395 2182; x_wconf 80' lang='grc' dir='ltr'>πρώτης</span> <span class='ocrx_word' id='word_1_180' title='bbox 426 2110 666 2180; x_wconf 78' lang='grc' dir='ltr'>ὁμιλίας,</span> <span class='ocrx_word' id='word_1_181' title='bbox 712 2113 1142 2186; x_wconf 86' lang='grc' dir='ltr'>ἀπειροπλούτου</span> <span class='ocrx_word' id='word_1_182' title='bbox 1185 2116 1362 2189; x_wconf 83' lang='grc' dir='ltr'>δίκην,</span> <span class='ocrx_word' id='word_1_183' title='bbox 1404 2118 1760 2174; x_wconf 81' lang='grc' dir='ltr'>ὲνεπιδείκνυ-</span> 
     </span>
    </p>
   </div>
   <div class='ocr_carea' id='block_1_29' title="bbox 164 2200 1758 2284">
    <p class='ocr_par' dir='ltr' id='par_1_29' title="bbox 164 2200 1758 2284">
     <span class='ocr_line' id='line_1_29' title="bbox 164 2200 1758 2284; baseline 0.009 -31"><span class='ocrx_word' id='word_1_184' title='bbox 164 2200 283 2254; x_wconf 89' lang='grc' dir='ltr'>σθαι</span> <span class='ocrx_word' id='word_1_185' title='bbox 321 2201 389 2256; x_wconf 85' lang='grc' dir='ltr'><strong>τὺ</strong></span> <span class='ocrx_word' id='word_1_186' title='bbox 429 2203 534 2273; x_wconf 82' lang='grc' dir='ltr'>τῆς</span> <span class='ocrx_word' id='word_1_187' title='bbox 587 2204 948 2275; x_wconf 82' lang='grc' dir='ltr'>προγνώσεως</span> <span class='ocrx_word' id='word_1_188' title='bbox 993 2208 1393 2281; x_wconf 84' lang='grc' dir='ltr'>πλεονέκτημα,</span> <span class='ocrx_word' id='word_1_189' title='bbox 1427 2213 1635 2284; x_wconf 86' lang='grc' dir='ltr'>πατέρα</span> <span class='ocrx_word' id='word_1_190' title='bbox 1666 2214 1758 2267; x_wconf 61' lang='grc' dir='ltr'><strong>καὶ⁵</strong></span> 
     </span>
    </p>
   </div>
   <div class='ocr_carea' id='block_1_30' title="bbox 164 2294 1758 2372">
    <p class='ocr_par' dir='ltr' id='par_1_30' title="bbox 164 2294 1758 2372">
     <span class='ocr_line' id='line_1_30' title="bbox 164 2294 1758 2372; baseline 0.01 -28"><span class='ocrx_word' id='word_1_191' title='bbox 164 2294 385 2366; x_wconf 77' lang='grc' dir='ltr'>μητέρα</span> <span class='ocrx_word' id='word_1_192' title='bbox 423 2295 791 2364; x_wconf 82' lang='grc' dir='ltr'>καταλέγοντα</span> <span class='ocrx_word' id='word_1_193' title='bbox 836 2297 929 2351; x_wconf 90' lang='grc' dir='ltr'><strong>τοῦ</strong></span> <span class='ocrx_word' id='word_1_194' title='bbox 971 2300 1348 2365; x_wconf 79' lang='grc' dir='ltr'>Ἀπολλωνίου,</span> <span class='ocrx_word' id='word_1_195' title='bbox 1385 2303 1540 2372; x_wconf 87' lang='grc' dir='ltr'>γένος</span> <span class='ocrx_word' id='word_1_196' title='bbox 1571 2323 1629 2358; x_wconf 92' lang='grc' dir='ltr'><strong>τε</strong></span> <span class='ocrx_word' id='word_1_197' title='bbox 1666 2309 1758 2360; x_wconf 75' lang='grc' dir='ltr'>καὶ</span> 
     </span>
    </p>
   </div>
   <div class='ocr_carea' id='block_1_31' title="bbox 159 2387 1755 2471">
    <p class='ocr_par' dir='ltr' id='par_1_31' title="bbox 159 2387 1755 2471">
     <span class='ocr_line' id='line_1_31' title="bbox 159 2387 1755 2471; baseline 0.01 -35"><span class='ocrx_word' id='word_1_198' title='bbox 159 2387 394 2458; x_wconf 73' lang='grc' dir='ltr'>τροφὴν,</span> <span class='ocrx_word' id='word_1_199' title='bbox 429 2387 525 2440; x_wconf 78' lang='grc' dir='ltr'>καὶ</span> <span class='ocrx_word' id='word_1_200' title='bbox 553 2389 825 2453; x_wconf 81' lang='grc' dir='ltr'>παιδείαν,</span> <span class='ocrx_word' id='word_1_201' title='bbox 867 2390 962 2444; x_wconf 75' lang='grc' dir='ltr'>καὶ</span> <span class='ocrx_word' id='word_1_202' title='bbox 988 2393 1088 2456; x_wconf 74' lang='grc' dir='ltr'>τὰς</span> <span class='ocrx_word' id='word_1_203' title='bbox 1115 2393 1258 2447; x_wconf 87' lang='grc' dir='ltr'><strong>κατά</strong></span> <span class='ocrx_word' id='word_1_204' title='bbox 1295 2395 1520 2467; x_wconf 87' lang='grc' dir='ltr'>χρόνους</span> <span class='ocrx_word' id='word_1_205' title='bbox 1550 2398 1755 2471; x_wconf 85' lang='grc' dir='ltr'>ἀποδη-</span> 
     </span>
    </p>
   </div>
   <div class='ocr_carea' id='block_1_32' title="bbox 163 2479 1757 2562">
    <p class='ocr_par' dir='ltr' id='par_1_32' title="bbox 163 2479 1757 2562">
     <span class='ocr_line' id='line_1_32' title="bbox 163 2479 1757 2562; baseline 0.009 -32"><span class='ocrx_word' id='word_1_206' title='bbox 163 2479 314 2548; x_wconf 84' lang='grc' dir='ltr'>μίας,</span> <span class='ocrx_word' id='word_1_207' title='bbox 350 2479 449 2532; x_wconf 73' lang='grc' dir='ltr'><strong>καὶ</strong></span> <span class='ocrx_word' id='word_1_208' title='bbox 480 2480 577 2550; x_wconf 82' lang='grc' dir='ltr'>τὴν</span> <span class='ocrx_word' id='word_1_209' title='bbox 617 2482 673 2544; x_wconf 83' lang='grc' dir='ltr'><strong>ές</strong></span> <span class='ocrx_word' id='word_1_210' title='bbox 716 2481 878 2535; x_wconf 74' lang='grc' dir='ltr'>αὑτὸν</span> <span class='ocrx_word' id='word_1_211' title='bbox 925 2483 1170 2554; x_wconf 85' lang='grc' dir='ltr'>πορείαν,</span> <span class='ocrx_word' id='word_1_212' title='bbox 1202 2487 1295 2539; x_wconf 74' lang='grc' dir='ltr'>καὶ</span> <span class='ocrx_word' id='word_1_213' title='bbox 1338 2487 1408 2540; x_wconf 83' lang='grc' dir='ltr'>τὰ</span> <span class='ocrx_word' id='word_1_214' title='bbox 1440 2491 1560 2542; x_wconf 80' lang='grc' dir='ltr'>κατ’</span> <span class='ocrx_word' id='word_1_215' title='bbox 1589 2491 1757 2562; x_wconf 77' lang='grc' dir='ltr'>αὐτὴν</span> 
     </span>
    </p>
   </div>
   <div class='ocr_carea' id='block_1_33' title="bbox 159 2570 1756 2651">
    <p class='ocr_par' dir='ltr' id='par_1_33' title="bbox 159 2570 1756 2651">
     <span class='ocr_line' id='line_1_33' title="bbox 159 2570 1756 2651; baseline 0.008 -29"><span class='ocrx_word' id='word_1_216' title='bbox 159 2570 535 2642; x_wconf 78' lang='grc' dir='ltr'>πεπραγμένα</span> <span class='ocrx_word' id='word_1_217' title='bbox 588 2571 734 2642; x_wconf 77' lang='grc' dir='ltr'>αὐτῷ</span> <span class='ocrx_word' id='word_1_218' title='bbox 791 2573 884 2628; x_wconf 75' lang='grc' dir='ltr'>καὶ</span> <span class='ocrx_word' id='word_1_219' title='bbox 925 2573 1267 2646; x_wconf 80' lang='grc' dir='ltr'>ὡμιλημένα.</span> <span class='ocrx_word' id='word_1_220' title='bbox 1303 2573 1437 2631; x_wconf 82' lang='grc' dir='ltr'>Εἶτα</span> <span class='ocrx_word' id='word_1_221' title='bbox 1485 2578 1542 2632; x_wconf 83' lang='grc' dir='ltr'><strong>δέ</strong></span> <span class='ocrx_word' id='word_1_222' title='bbox 1592 2598 1756 2651; x_wconf 77' lang='grc' dir='ltr'>φησιν</span> 
     </span>
    </p>
   </div>
   <div class='ocr_carea' id='block_1_34' title="bbox 157 2655 1752 2742">
    <p class='ocr_par' dir='ltr' id='par_1_34' title="bbox 157 2655 1752 2742">
     <span class='ocr_line' id='line_1_34' title="bbox 157 2655 1752 2742; baseline 0.006 -26"><span class='ocrx_word' id='word_1_223' title='bbox 157 2655 310 2726; x_wconf 75' lang='grc' dir='ltr'>οὗτος</span> <span class='ocrx_word' id='word_1_224' title='bbox 361 2663 391 2714; x_wconf 92' lang='lat'><strong>6</strong></span> <span class='ocrx_word' id='word_1_225' title='bbox 445 2661 748 2734; x_wconf 80' lang='grc' dir='ltr'>θαυμάσιος</span> <span class='ocrx_word' id='word_1_226' title='bbox 807 2669 1176 2738; x_wconf 76' lang='grc' dir='ltr'>συγγραφεὺς,</span> <span class='ocrx_word' id='word_1_227' title='bbox 1229 2670 1354 2732; x_wconf 84' lang='grc' dir='ltr'>τοὺς</span> <span class='ocrx_word' id='word_1_228' title='bbox 1403 2669 1752 2742; x_wconf 77' lang='grc' dir='ltr'>Βραχμᾶνας,</span> 
     </span>
    </p>
   </div>
   <div class='ocr_carea' id='block_1_35' title="bbox 158 2755 1756 2835">
    <p class='ocr_par' dir='ltr' id='par_1_35' title="bbox 158 2755 1756 2835">
     <span class='ocr_line' id='line_1_35' title="bbox 158 2755 1756 2835; baseline 0.005 -26"><span class='ocrx_word' id='word_1_229' title='bbox 158 2757 271 2826; x_wconf 78' lang='grc' dir='ltr'>ἅμα</span> <span class='ocrx_word' id='word_1_230' title='bbox 331 2755 416 2826; x_wconf 83' lang='grc' dir='ltr'>τῷ</span> <span class='ocrx_word' id='word_1_231' title='bbox 458 2757 818 2830; x_wconf 85' lang='grc' dir='ltr'>Ἀπολλωνίῳ,</span> <span class='ocrx_word' id='word_1_232' title='bbox 868 2761 1234 2831; x_wconf 84' lang='grc' dir='ltr'>χρισαμένους</span> <span class='ocrx_word' id='word_1_233' title='bbox 1285 2762 1586 2834; x_wconf 74' lang='grc' dir='ltr'>ἡλεκτρίνῳ</span> <span class='ocrx_word' id='word_1_234' title='bbox 1620 2781 1756 2835; x_wconf 66' lang='grc' dir='ltr'>φαρ-</span> 
     </span>
    </p>
   </div>
   <div class='ocr_carea' id='block_1_36' title="bbox 160 2848 1754 2928">
    <p class='ocr_par' dir='ltr' id='par_1_36' title="bbox 160 2848 1754 2928">
     <span class='ocr_line' id='line_1_36' title="bbox 160 2848 1754 2928; baseline 0.006 -28"><span class='ocrx_word' id='word_1_235' title='bbox 160 2849 342 2919; x_wconf 76' lang='grc' dir='ltr'>μάκῳ,</span> <span class='ocrx_word' id='word_1_236' title='bbox 371 2848 668 2903; x_wconf 85' lang='grc' dir='ltr'>λούσασθαι</span> <span class='ocrx_word' id='word_1_237' title='bbox 694 2866 706 2879; x_wconf 92' lang='grc'><strong>·</strong></span> <span class='ocrx_word' id='word_1_238' title='bbox 740 2851 835 2904; x_wconf 73' lang='grc' dir='ltr'><strong>καὶ</strong></span> <span class='ocrx_word' id='word_1_239' title='bbox 880 2854 1243 2922; x_wconf 73' lang='grc' dir='ltr'>περιστάντας</span> <span class='ocrx_word' id='word_1_240' title='bbox 1271 2854 1346 2918; x_wconf 84' lang='grc' dir='ltr'><strong>ὡς</strong></span> <span class='ocrx_word' id='word_1_241' title='bbox 1379 2856 1436 2907; x_wconf 79' lang='grc' dir='ltr'>ἐν</span> <span class='ocrx_word' id='word_1_242' title='bbox 1473 2855 1623 2928; x_wconf 83' lang='grc' dir='ltr'>χορῷ</span> <span class='ocrx_word' id='word_1_243' title='bbox 1655 2858 1754 2928; x_wconf 82' lang='grc' dir='ltr'>τὴν</span> 
     </span>
    </p>
   </div>
   <div class='ocr_carea' id='block_1_37' title="bbox 157 2940 1754 3019">
    <p class='ocr_par' dir='ltr' id='par_1_37' title="bbox 157 2940 1754 3019">
     <span class='ocr_line' id='line_1_37' title="bbox 157 2940 1754 3019; baseline 0.005 -25"><span class='ocrx_word' id='word_1_244' title='bbox 157 2940 256 3010; x_wconf 83' lang='grc' dir='ltr'>γῆν</span> <span class='ocrx_word' id='word_1_245' title='bbox 290 2940 469 3010; x_wconf 77' lang='grc' dir='ltr'>τύψαι</span> <span class='ocrx_word' id='word_1_246' title='bbox 511 2945 631 3007; x_wconf 87' lang='grc' dir='ltr'>ταῖς</span> <span class='ocrx_word' id='word_1_247' title='bbox 683 2943 928 3015; x_wconf 73' lang='grc' dir='ltr'>ῥάϐδοιςο</span> <span class='ocrx_word' id='word_1_248' title='bbox 958 2944 1054 3016; x_wconf 79' lang='grc' dir='ltr'>τὴν</span> <span class='ocrx_word' id='word_1_249' title='bbox 1101 2945 1158 2997; x_wconf 78' lang='grc' dir='ltr'>δὲ</span> <span class='ocrx_word' id='word_1_250' title='bbox 1210 2947 1580 3019; x_wconf 85' lang='grc' dir='ltr'>κυρτωθεῖσαν</span> <span class='ocrx_word' id='word_1_251' title='bbox 1625 2950 1754 3003; x_wconf 87' lang='grc' dir='ltr'>ἀνα-</span> 
     </span>
    </p>
   </div>
   <div class='ocr_carea' id='block_1_38' title="bbox 159 3035 1756 3110">
    <p class='ocr_par' dir='ltr' id='par_1_38' title="bbox 159 3035 1756 3110">
     <span class='ocr_line' id='line_1_38' title="bbox 159 3035 1756 3110; baseline 0.004 -23"><span class='ocrx_word' id='word_1_252' title='bbox 159 3035 378 3105; x_wconf 60' lang='grc' dir='ltr'>πέμψαι</span> <span class='ocrx_word' id='word_1_253' title='bbox 414 3035 613 3099; x_wconf 73' lang='grc' dir='ltr'>αὐτοὺς</span> <span class='ocrx_word' id='word_1_254' title='bbox 638 3036 697 3100; x_wconf 83' lang='grc' dir='ltr'>ἐς</span> <span class='ocrx_word' id='word_1_255' title='bbox 742 3036 942 3107; x_wconf 81' lang='grc' dir='ltr'>δίπηχυ</span> <span class='ocrx_word' id='word_1_256' title='bbox 976 3037 1070 3090; x_wconf 90' lang='grc' dir='ltr'><strong>τοῦ</strong></span> <span class='ocrx_word' id='word_1_257' title='bbox 1103 3039 1285 3110; x_wconf 84' lang='grc' dir='ltr'>ἀέρος,</span> <span class='ocrx_word' id='word_1_258' title='bbox 1315 3040 1536 3093; x_wconf 83' lang='grc' dir='ltr'>ἑστάναι</span> <span class='ocrx_word' id='word_1_259' title='bbox 1575 3058 1634 3093; x_wconf 88' lang='grc' dir='ltr'><strong>τε</strong></span> <span class='ocrx_word' id='word_1_260' title='bbox 1664 3041 1756 3093; x_wconf 82' lang='grc' dir='ltr'><strong>αὺ-</strong></span> 
     </span>
    </p>
   </div>
   <div class='ocr_carea' id='block_1_39' title="bbox 155 3127 1749 3204">
    <p class='ocr_par' dir='ltr' id='par_1_39' title="bbox 155 3127 1749 3204">
     <span class='ocr_line' id='line_1_39' title="bbox 155 3127 1749 3204; baseline 0.004 -24"><span class='ocrx_word' id='word_1_261' title='bbox 155 3130 276 3191; x_wconf 79' lang='grc' dir='ltr'>τοὺς</span> <span class='ocrx_word' id='word_1_262' title='bbox 310 3127 628 3200; x_wconf 81' lang='grc' dir='ltr'>μετεώρους</span> <span class='ocrx_word' id='word_1_263' title='bbox 655 3131 711 3181; x_wconf 79' lang='grc' dir='ltr'>ὲν</span> <span class='ocrx_word' id='word_1_264' title='bbox 732 3129 879 3200; x_wconf 85' lang='grc' dir='ltr'>αὐτῴ</span> <span class='ocrx_word' id='word_1_265' title='bbox 902 3129 1020 3202; x_wconf 84' lang='grc' dir='ltr'>ἀέρι</span> <span class='ocrx_word' id='word_1_266' title='bbox 1045 3130 1136 3183; x_wconf 75' lang='grc' dir='ltr'>ἐπί</span> <span class='ocrx_word' id='word_1_267' title='bbox 1157 3148 1209 3184; x_wconf 88' lang='grc' dir='ltr'><strong>τι</strong></span> <span class='ocrx_word' id='word_1_268' title='bbox 1237 3133 1430 3203; x_wconf 87' lang='grc' dir='ltr'>χρόνου</span> <span class='ocrx_word' id='word_1_269' title='bbox 1456 3132 1749 3204; x_wconf 79' lang='grc' dir='ltr'>διάστημα,</span> 
     </span>
    </p>
   </div>
   <div class='ocr_carea' id='block_1_40' title="bbox 2347 1357 2951 1444">
    <p class='ocr_par' dir='ltr' id='par_1_40' title="bbox 2347 1357 2951 1444">
     <span class='ocr_line' id='line_1_40' title="bbox 2347 1357 2951 1444; baseline 0.003 -16"><span class='ocrx_word' id='word_1_270' title='bbox 2347 1371 2509 1444; x_wconf 69' lang='grc'><strong>524</strong></span> <span class='ocrx_word' id='word_1_271' title='bbox 2544 1372 2770 1430; x_wconf 76' lang='lat' dir='ltr'><strong>CAPUT</strong></span> <span class='ocrx_word' id='word_1_272' title='bbox 2810 1357 2951 1430; x_wconf 61' lang='lat' dir='ltr'><strong>XIX:</strong></span> 
     </span>
    </p>
   </div>
   <div class='ocr_carea' id='block_1_41' title="bbox 1938 1467 3452 1540">
    <p class='ocr_par' dir='ltr' id='par_1_41' title="bbox 1938 1467 3452 1540">
     <span class='ocr_line' id='line_1_41' title="bbox 1938 1467 3452 1540; baseline 0.003 -18"><span class='ocrx_word' id='word_1_273' title='bbox 1938 1467 2188 1524; x_wconf 90' lang='lat' dir='ltr'><strong>larcham</strong></span> <span class='ocrx_word' id='word_1_274' title='bbox 2235 1477 2414 1522; x_wconf 89' lang='lat' dir='ltr'><strong>autem</strong></span> <span class='ocrx_word' id='word_1_275' title='bbox 2443 1507 2457 1531; x_wconf 88' lang='lat'><strong>,</strong></span> <span class='ocrx_word' id='word_1_276' title='bbox 2489 1469 2578 1522; x_wconf 89' lang='lat' dir='ltr'><strong>ubi</strong></span> <span class='ocrx_word' id='word_1_277' title='bbox 2632 1469 2867 1538; x_wconf 89' lang='lat' dir='ltr'><strong>primum</strong></span> <span class='ocrx_word' id='word_1_278' title='bbox 2939 1468 3286 1540; x_wconf 88' lang='lat' dir='ltr'><strong>Apollonium</strong></span> <span class='ocrx_word' id='word_1_279' title='bbox 3317 1488 3452 1527; x_wconf 86' lang='lat' dir='ltr'><strong>con-</strong></span> 
     </span>
    </p>
   </div>
   <div class='ocr_carea' id='block_1_42' title="bbox 1865 1559 3448 1632">
    <p class='ocr_par' dir='ltr' id='par_1_42' title="bbox 1865 1559 3448 1632">
     <span class='ocr_line' id='line_1_42' title="bbox 1865 1559 3448 1632; baseline 0 -16"><span class='ocrx_word' id='word_1_280' title='bbox 1865 1559 2133 1632; x_wconf 79' lang='lat' dir='ltr'><strong>spexisset</strong></span> <span class='ocrx_word' id='word_1_281' title='bbox 2155 1599 2168 1622; x_wconf 90' lang='lat'><strong>,</strong></span> <span class='ocrx_word' id='word_1_282' title='bbox 2190 1559 2516 1612; x_wconf 85' lang='lat' dir='ltr'><strong>nominatim</strong></span> <span class='ocrx_word' id='word_1_283' title='bbox 2549 1574 2674 1612; x_wconf 88' lang='lat' dir='ltr'><strong>eum</strong></span> <span class='ocrx_word' id='word_1_284' title='bbox 2707 1559 2974 1614; x_wconf 83' lang='lat' dir='ltr'><strong>salutasse</strong></span> <span class='ocrx_word' id='word_1_285' title='bbox 3028 1561 3103 1614; x_wconf 87' lang='lat' dir='ltr'><strong>ait</strong></span> <span class='ocrx_word' id='word_1_286' title='bbox 3133 1560 3319 1616; x_wconf 68' lang='lat' dir='ltr'><strong>Grmca</strong></span> <span class='ocrx_word' id='word_1_287' title='bbox 3354 1563 3448 1616; x_wconf 89' lang='lat' dir='ltr'><strong>lin-</strong></span> 
     </span>
    </p>
   </div>
   <div class='ocr_carea' id='block_1_43' title="bbox 1864 1649 3448 1722">
    <p class='ocr_par' dir='ltr' id='par_1_43' title="bbox 1864 1649 3448 1722">
     <span class='ocr_line' id='line_1_43' title="bbox 1864 1649 3448 1722; baseline 0 -17"><span class='ocrx_word' id='word_1_288' title='bbox 1864 1667 1991 1722; x_wconf 82' lang='lat' dir='ltr'><strong>gua,</strong></span> <span class='ocrx_word' id='word_1_289' title='bbox 2022 1650 2282 1719; x_wconf 89' lang='lat' dir='ltr'><strong>reddique</strong></span> <span class='ocrx_word' id='word_1_290' title='bbox 2316 1650 2418 1704; x_wconf 87' lang='lat' dir='ltr'><strong>sibi</strong></span> <span class='ocrx_word' id='word_1_291' title='bbox 2449 1650 2735 1719; x_wconf 88' lang='lat' dir='ltr'><strong>epistolam</strong></span> <span class='ocrx_word' id='word_1_292' title='bbox 2760 1690 2773 1713; x_wconf 89' lang='lat'><strong>,</strong></span> <span class='ocrx_word' id='word_1_293' title='bbox 2817 1665 2982 1720; x_wconf 88' lang='lat' dir='ltr'><strong>quam</strong></span> <span class='ocrx_word' id='word_1_294' title='bbox 3017 1665 3048 1704; x_wconf 92' lang='lat' dir='ltr'><strong>a</strong></span> <span class='ocrx_word' id='word_1_295' title='bbox 3076 1649 3310 1707; x_wconf 87' lang='lat' dir='ltr'><strong>Phraota</strong></span> <span class='ocrx_word' id='word_1_296' title='bbox 3346 1654 3448 1722; x_wconf 85' lang='lat' dir='ltr'><strong>ipsi</strong></span> 
     </span>
    </p>
   </div>
   <div class='ocr_carea' id='block_1_44' title="bbox 1866 1743 3449 1814">
    <p class='ocr_par' dir='ltr' id='par_1_44' title="bbox 1866 1743 3449 1814">
     <span class='ocr_line' id='line_1_44' title="bbox 1866 1743 3449 1814; baseline 0.001 -16"><span class='ocrx_word' id='word_1_297' title='bbox 1866 1743 2127 1799; x_wconf 73' lang='lat' dir='ltr'><strong>afferebat</strong></span> <span class='ocrx_word' id='word_1_298' title='bbox 2147 1783 2162 1807; x_wconf 89' lang='lat'><strong>,</strong></span> <span class='ocrx_word' id='word_1_299' title='bbox 2198 1743 2511 1813; x_wconf 87' lang='lat' dir='ltr'><strong>postulasse</strong></span> <span class='ocrx_word' id='word_1_300' title='bbox 2537 1782 2550 1806; x_wconf 90' lang='lat'><strong>,</strong></span> <span class='ocrx_word' id='word_1_301' title='bbox 2579 1750 2763 1798; x_wconf 89' lang='lat' dir='ltr'><strong>mente</strong></span> <span class='ocrx_word' id='word_1_302' title='bbox 2796 1759 3040 1814; x_wconf 68' lang='lat' dir='ltr'><strong>prmsaga</strong></span> <span class='ocrx_word' id='word_1_303' title='bbox 3073 1759 3136 1798; x_wconf 92' lang='lat' dir='ltr'><strong>ea</strong></span> <span class='ocrx_word' id='word_1_304' title='bbox 3166 1745 3232 1799; x_wconf 92' lang='lat' dir='ltr'><strong>de</strong></span> <span class='ocrx_word' id='word_1_305' title='bbox 3260 1744 3449 1813; x_wconf 87' lang='lat' dir='ltr'><strong>rejam</strong></span> 
     </span>
    </p>
   </div>
   <div class='ocr_carea' id='block_1_45' title="bbox 1867 1833 3448 1904">
    <p class='ocr_par' dir='ltr' id='par_1_45' title="bbox 1867 1833 3448 1904">
     <span class='ocr_line' id='line_1_45' title="bbox 1867 1833 3448 1904; baseline -0.001 -14"><span class='ocrx_word' id='word_1_306' title='bbox 1867 1845 2025 1892; x_wconf 88' lang='lat' dir='ltr'><strong>antea</strong></span> <span class='ocrx_word' id='word_1_307' title='bbox 2048 1834 2325 1891; x_wconf 82' lang='lat' dir='ltr'><strong>edoctum.</strong></span> <span class='ocrx_word' id='word_1_308' title='bbox 2382 1833 2586 1904; x_wconf 89' lang='lat' dir='ltr'><strong>Nempe</strong></span> <span class='ocrx_word' id='word_1_309' title='bbox 2614 1835 3020 1889; x_wconf 79' lang='lat' dir='ltr'><strong>demonstrasse</strong></span> <span class='ocrx_word' id='word_1_310' title='bbox 3047 1835 3309 1890; x_wconf 86' lang='lat' dir='ltr'><strong>divinitus</strong></span> <span class='ocrx_word' id='word_1_311' title='bbox 3343 1834 3448 1889; x_wconf 83' lang='lat' dir='ltr'><strong>sibi</strong></span> 
     </span>
    </p>
   </div>
   <div class='ocr_carea' id='block_1_46' title="bbox 1861 1926 3444 1996">
    <p class='ocr_par' dir='ltr' id='par_1_46' title="bbox 1861 1926 3444 1996">
     <span class='ocr_line' id='line_1_46' title="bbox 1861 1926 3444 1996; baseline -0.001 -14"><span class='ocrx_word' id='word_1_312' title='bbox 1861 1944 1949 1983; x_wconf 86' lang='lat' dir='ltr'><strong>res</strong></span> <span class='ocrx_word' id='word_1_313' title='bbox 1976 1935 2137 1982; x_wconf 85' lang='lat' dir='ltr'><strong>antea</strong></span> <span class='ocrx_word' id='word_1_314' title='bbox 2178 1934 2495 1996; x_wconf 85' lang='lat' dir='ltr'><strong>perspectas</strong></span> <span class='ocrx_word' id='word_1_315' title='bbox 2538 1942 2680 1989; x_wconf 87' lang='lat' dir='ltr'><strong>esse,</strong></span> <span class='ocrx_word' id='word_1_316' title='bbox 2711 1926 3056 1996; x_wconf 68' lang='lat' dir='ltr'><strong>prmdiceudo</strong></span> <span class='ocrx_word' id='word_1_317' title='bbox 3100 1942 3206 1980; x_wconf 93' lang='lat' dir='ltr'><strong>una</strong></span> <span class='ocrx_word' id='word_1_318' title='bbox 3240 1927 3444 1991; x_wconf 87' lang='lat' dir='ltr'><strong>littera,</strong></span> 
     </span>
    </p>
   </div>
   <div class='ocr_carea' id='block_1_47' title="bbox 1864 2018 3445 2091">
    <p class='ocr_par' dir='ltr' id='par_1_47' title="bbox 1864 2018 3445 2091">
     <span class='ocr_line' id='line_1_47' title="bbox 1864 2018 3445 2091; baseline 0.001 -20"><span class='ocrx_word' id='word_1_319' title='bbox 1864 2038 1883 2071; x_wconf 78' lang='grc' dir='ltr'><strong>ι</strong></span> <span class='ocrx_word' id='word_1_320' title='bbox 1915 2018 2089 2084; x_wconf 88' lang='lat' dir='ltr'><strong>Delta,</strong></span> <span class='ocrx_word' id='word_1_321' title='bbox 2125 2040 2144 2073; x_wconf 70' lang='grc' dir='ltr'><strong>ι</strong></span> <span class='ocrx_word' id='word_1_322' title='bbox 2176 2020 2406 2075; x_wconf 84' lang='lat' dir='ltr'><strong>deiicere</strong></span> <span class='ocrx_word' id='word_1_323' title='bbox 2439 2019 2745 2089; x_wconf 69' lang='lat' dir='ltr'><strong>epistolam.</strong></span> <span class='ocrx_word' id='word_1_324' title='bbox 2767 2020 3015 2091; x_wconf 74' lang='lat' dir='ltr'><strong>Cmpisse</strong></span> <span class='ocrx_word' id='word_1_325' title='bbox 3039 2029 3218 2075; x_wconf 89' lang='lat' dir='ltr'><strong>autem</strong></span> <span class='ocrx_word' id='word_1_326' title='bbox 3253 2034 3445 2090; x_wconf 89' lang='lat' dir='ltr'><strong>parum</strong></span> 
     </span>
    </p>
   </div>
   <div class='ocr_carea' id='block_1_48' title="bbox 1858 2112 3445 2184">
    <p class='ocr_par' dir='ltr' id='par_1_48' title="bbox 1858 2112 3445 2184">
     <span class='ocr_line' id='line_1_48' title="bbox 1858 2112 3445 2184; baseline 0 -16"><span class='ocrx_word' id='word_1_327' title='bbox 1858 2114 2106 2170; x_wconf 86' lang='lat' dir='ltr'><strong>modeste</strong></span> <span class='ocrx_word' id='word_1_328' title='bbox 2130 2115 2305 2184; x_wconf 88' lang='lat' dir='ltr'><strong>prima</strong></span> <span class='ocrx_word' id='word_1_329' title='bbox 2338 2112 2526 2168; x_wconf 81' lang='lat' dir='ltr'><strong>statim</strong></span> <span class='ocrx_word' id='word_1_330' title='bbox 2581 2115 3032 2176; x_wconf 85' lang='lat' dir='ltr'><strong>conversatione,</strong></span> <span class='ocrx_word' id='word_1_331' title='bbox 3075 2129 3228 2169; x_wconf 91' lang='lat' dir='ltr'><strong>more</strong></span> <span class='ocrx_word' id='word_1_332' title='bbox 3254 2129 3445 2169; x_wconf 89' lang='lat' dir='ltr'><strong>eorum</strong></span> 
     </span>
    </p>
   </div>
   <div class='ocr_carea' id='block_1_49' title="bbox 1858 2205 3442 2277">
    <p class='ocr_par' dir='ltr' id='par_1_49' title="bbox 1858 2205 3442 2277">
     <span class='ocr_line' id='line_1_49' title="bbox 1858 2205 3442 2277; baseline -0.001 -16"><span class='ocrx_word' id='word_1_333' title='bbox 1858 2209 1947 2277; x_wconf 91' lang='lat' dir='ltr'><strong>qui</strong></span> <span class='ocrx_word' id='word_1_334' title='bbox 1983 2208 2152 2263; x_wconf 87' lang='lat' dir='ltr'><strong>vastis</strong></span> <span class='ocrx_word' id='word_1_335' title='bbox 2183 2207 2390 2262; x_wconf 84' lang='lat' dir='ltr'><strong>divitiis</strong></span> <span class='ocrx_word' id='word_1_336' title='bbox 2419 2205 2723 2268; x_wconf 89' lang='lat' dir='ltr'><strong>abundant,</strong></span> <span class='ocrx_word' id='word_1_337' title='bbox 2769 2205 3215 2261; x_wconf 89' lang='lat' dir='ltr'><strong>absconditarum</strong></span> <span class='ocrx_word' id='word_1_338' title='bbox 3259 2223 3442 2262; x_wconf 91' lang='lat' dir='ltr'><strong>rerum</strong></span> 
     </span>
    </p>
   </div>
   <div class='ocr_carea' id='block_1_50' title="bbox 1851 2300 3447 2370">
    <p class='ocr_par' dir='ltr' id='par_1_50' title="bbox 1851 2300 3447 2370">
     <span class='ocr_line' id='line_1_50' title="bbox 1851 2300 3447 2370; baseline 0 -16"><span class='ocrx_word' id='word_1_339' title='bbox 1851 2301 2064 2370; x_wconf 88' lang='lat' dir='ltr'><strong>jactare</strong></span> <span class='ocrx_word' id='word_1_340' title='bbox 2097 2301 2404 2363; x_wconf 87' lang='lat' dir='ltr'><strong>scientiam,</strong></span> <span class='ocrx_word' id='word_1_341' title='bbox 2445 2307 2652 2370; x_wconf 85' lang='lat' dir='ltr'><strong>patrem</strong></span> <span class='ocrx_word' id='word_1_342' title='bbox 2698 2300 3040 2354; x_wconf 82' lang='lat' dir='ltr'><strong>recensendo</strong></span> <span class='ocrx_word' id='word_1_343' title='bbox 3068 2301 3339 2370; x_wconf 87' lang='lat' dir='ltr'><strong>Apollonii</strong></span> <span class='ocrx_word' id='word_1_344' title='bbox 3392 2306 3447 2355; x_wconf 82' lang='lat' dir='ltr'><strong>et</strong></span> 
     </span>
    </p>
   </div>
   <div class='ocr_carea' id='block_1_51' title="bbox 1855 2392 3445 2464">
    <p class='ocr_par' dir='ltr' id='par_1_51' title="bbox 1855 2392 3445 2464">
     <span class='ocr_line' id='line_1_51' title="bbox 1855 2392 3445 2464; baseline 0.001 -18"><span class='ocrx_word' id='word_1_345' title='bbox 1855 2401 2108 2458; x_wconf 89' lang='lat' dir='ltr'><strong>matrem,</strong></span> <span class='ocrx_word' id='word_1_346' title='bbox 2137 2401 2189 2448; x_wconf 93' lang='lat' dir='ltr'><strong>et</strong></span> <span class='ocrx_word' id='word_1_347' title='bbox 2218 2408 2392 2463; x_wconf 82' lang='lat' dir='ltr'><strong>genus</strong></span> <span class='ocrx_word' id='word_1_348' title='bbox 2431 2409 2615 2455; x_wconf 87' lang='lat' dir='ltr'><strong>omne.</strong></span> <span class='ocrx_word' id='word_1_349' title='bbox 2641 2392 3134 2464; x_wconf 87' lang='lat' dir='ltr'><strong>educationemque</strong></span> <span class='ocrx_word' id='word_1_350' title='bbox 3185 2402 3241 2449; x_wconf 88' lang='lat' dir='ltr'><strong>et</strong></span> <span class='ocrx_word' id='word_1_351' title='bbox 3287 2393 3445 2448; x_wconf 79' lang='lat' dir='ltr'><strong>insti~</strong></span> 
     </span>
    </p>
   </div>
   <div class='ocr_carea' id='block_1_52' title="bbox 1855 2483 3445 2555">
    <p class='ocr_par' dir='ltr' id='par_1_52' title="bbox 1855 2483 3445 2555">
     <span class='ocr_line' id='line_1_52' title="bbox 1855 2483 3445 2555; baseline 0 -19"><span class='ocrx_word' id='word_1_352' title='bbox 1855 2483 2140 2551; x_wconf 88' lang='lat' dir='ltr'><strong>tutionem,</strong></span> <span class='ocrx_word' id='word_1_353' title='bbox 2163 2483 2442 2554; x_wconf 88' lang='lat' dir='ltr'><strong>variisque</strong></span> <span class='ocrx_word' id='word_1_354' title='bbox 2487 2485 2829 2555; x_wconf 86' lang='lat' dir='ltr'><strong>temporibus</strong></span> <span class='ocrx_word' id='word_1_355' title='bbox 2881 2493 3168 2554; x_wconf 86' lang='lat' dir='ltr'><strong>susceptas</strong></span> <span class='ocrx_word' id='word_1_356' title='bbox 3197 2483 3445 2555; x_wconf 82' lang='lat' dir='ltr'><strong>peregri-</strong></span> 
     </span>
    </p>
   </div>
   <div class='ocr_carea' id='block_1_53' title="bbox 1855 2575 3446 2645">
    <p class='ocr_par' dir='ltr' id='par_1_53' title="bbox 1855 2575 3446 2645">
     <span class='ocr_line' id='line_1_53' title="bbox 1855 2575 3446 2645; baseline 0.002 -19"><span class='ocrx_word' id='word_1_357' title='bbox 1855 2575 2127 2637; x_wconf 87' lang='lat' dir='ltr'><strong>nationes,</strong></span> <span class='ocrx_word' id='word_1_358' title='bbox 2159 2583 2213 2629; x_wconf 89' lang='lat' dir='ltr'><strong>et</strong></span> <span class='ocrx_word' id='word_1_359' title='bbox 2242 2575 2388 2644; x_wconf 92' lang='lat' dir='ltr'><strong>quod</strong></span> <span class='ocrx_word' id='word_1_360' title='bbox 2419 2576 2484 2630; x_wconf 89' lang='lat' dir='ltr'><strong>ad</strong></span> <span class='ocrx_word' id='word_1_361' title='bbox 2510 2575 2690 2645; x_wconf 83' lang='lat' dir='ltr'><strong>ipsum</strong></span> <span class='ocrx_word' id='word_1_362' title='bbox 2721 2577 3033 2631; x_wconf 82' lang='lat' dir='ltr'><strong>instituerat</strong></span> <span class='ocrx_word' id='word_1_363' title='bbox 3059 2577 3178 2640; x_wconf 87' lang='lat' dir='ltr'><strong>iter,</strong></span> <span class='ocrx_word' id='word_1_364' title='bbox 3214 2590 3446 2645; x_wconf 61' lang='lat' dir='ltr'><strong>quaque</strong></span> 
     </span>
    </p>
   </div>
   <div class='ocr_carea' id='block_1_54' title="bbox 1855 2666 3444 2738">
    <p class='ocr_par' dir='ltr' id='par_1_54' title="bbox 1855 2666 3444 2738">
     <span class='ocr_line' id='line_1_54' title="bbox 1855 2666 3444 2738; baseline 0 -17"><span class='ocrx_word' id='word_1_365' title='bbox 1855 2667 1956 2735; x_wconf 93' lang='lat' dir='ltr'><strong>ipsi</strong></span> <span class='ocrx_word' id='word_1_366' title='bbox 1986 2667 2039 2721; x_wconf 94' lang='lat' dir='ltr'><strong>in</strong></span> <span class='ocrx_word' id='word_1_367' title='bbox 2072 2683 2136 2722; x_wconf 89' lang='lat' dir='ltr'><strong>eo</strong></span> <span class='ocrx_word' id='word_1_368' title='bbox 2167 2673 2318 2738; x_wconf 83' lang='lat' dir='ltr'><strong>gesta</strong></span> <span class='ocrx_word' id='word_1_369' title='bbox 2354 2667 2569 2722; x_wconf 71' lang='lat' dir='ltr'><strong>dictare</strong></span> <span class='ocrx_word' id='word_1_370' title='bbox 2619 2666 2855 2723; x_wconf 78' lang='lat' dir='ltr'><strong>fuerant.</strong></span> <span class='ocrx_word' id='word_1_371' title='bbox 2899 2668 3029 2723; x_wconf 87' lang='lat' dir='ltr'><strong>lude</strong></span> <span class='ocrx_word' id='word_1_372' title='bbox 3072 2683 3236 2738; x_wconf 90' lang='lat' dir='ltr'><strong>porro</strong></span> <span class='ocrx_word' id='word_1_373' title='bbox 3290 2683 3444 2738; x_wconf 84' lang='lat' dir='ltr'><strong>egre-</strong></span> 
     </span>
    </p>
   </div>
   <div class='ocr_carea' id='block_1_55' title="bbox 1855 2760 3443 2832">
    <p class='ocr_par' dir='ltr' id='par_1_55' title="bbox 1855 2760 3443 2832">
     <span class='ocr_line' id='line_1_55' title="bbox 1855 2760 3443 2832; baseline -0.001 -18"><span class='ocrx_word' id='word_1_374' title='bbox 1855 2761 1976 2831; x_wconf 83' lang='lat' dir='ltr'><strong>gius</strong></span> <span class='ocrx_word' id='word_1_375' title='bbox 2005 2761 2094 2816; x_wconf 89' lang='lat' dir='ltr'><strong>ille</strong></span> <span class='ocrx_word' id='word_1_376' title='bbox 2128 2761 2363 2832; x_wconf 89' lang='lat' dir='ltr'><strong>scriptor</strong></span> <span class='ocrx_word' id='word_1_377' title='bbox 2392 2769 2582 2815; x_wconf 88' lang='lat' dir='ltr'><strong>narrat</strong></span> <span class='ocrx_word' id='word_1_378' title='bbox 2615 2760 2683 2825; x_wconf 71' lang='lat'><strong>“,</strong></span> <span class='ocrx_word' id='word_1_379' title='bbox 2713 2761 2980 2816; x_wconf 87' lang='lat' dir='ltr'><strong>electrino</strong></span> <span class='ocrx_word' id='word_1_380' title='bbox 3028 2770 3306 2831; x_wconf 89' lang='lat' dir='ltr'><strong>unguento</strong></span> <span class='ocrx_word' id='word_1_381' title='bbox 3337 2777 3443 2814; x_wconf 83' lang='lat' dir='ltr'><strong>uu-</strong></span> 
     </span>
    </p>
   </div>
   <div class='ocr_carea' id='block_1_56' title="bbox 1854 2851 3442 2926">
    <p class='ocr_par' dir='ltr' id='par_1_56' title="bbox 1854 2851 3442 2926">
     <span class='ocr_line' id='line_1_56' title="bbox 1854 2851 3442 2926; baseline 0.002 -17"><span class='ocrx_word' id='word_1_382' title='bbox 1854 2864 1974 2910; x_wconf 90' lang='lat' dir='ltr'><strong>ctos</strong></span> <span class='ocrx_word' id='word_1_383' title='bbox 2000 2854 2371 2910; x_wconf 82' lang='lat' dir='ltr'><strong>Brachmanas</strong></span> <span class='ocrx_word' id='word_1_384' title='bbox 2401 2870 2527 2908; x_wconf 91' lang='lat' dir='ltr'><strong>cum</strong></span> <span class='ocrx_word' id='word_1_385' title='bbox 2549 2851 2824 2926; x_wconf 83' lang='lat' dir='ltr'><strong>Tyanensi</strong></span> <span class='ocrx_word' id='word_1_386' title='bbox 2846 2896 2860 2920; x_wconf 91' lang='lat'><strong>,</strong></span> <span class='ocrx_word' id='word_1_387' title='bbox 2893 2855 3090 2909; x_wconf 89' lang='lat' dir='ltr'><strong>balneo</strong></span> <span class='ocrx_word' id='word_1_388' title='bbox 3123 2870 3254 2910; x_wconf 90' lang='lat' dir='ltr'><strong>usos</strong></span> <span class='ocrx_word' id='word_1_389' title='bbox 3285 2869 3406 2908; x_wconf 88' lang='lat' dir='ltr'><strong>esse</strong></span> <span class='ocrx_word' id='word_1_390' title='bbox 3427 2894 3442 2912; x_wconf 90' lang='lat'><strong>.</strong></span> 
     </span>
    </p>
   </div>
   <div class='ocr_carea' id='block_1_57' title="bbox 1852 2946 3448 3016">
    <p class='ocr_par' dir='ltr' id='par_1_57' title="bbox 1852 2946 3448 3016">
     <span class='ocr_line' id='line_1_57' title="bbox 1852 2946 3448 3016; baseline 0 -16"><span class='ocrx_word' id='word_1_391' title='bbox 1852 2961 2085 3014; x_wconf 74' lang='lat' dir='ltr'><strong>euntque</strong></span> <span class='ocrx_word' id='word_1_392' title='bbox 2115 2946 2454 3008; x_wconf 88' lang='lat' dir='ltr'><strong>ambientes,</strong></span> <span class='ocrx_word' id='word_1_393' title='bbox 2492 2946 2662 3001; x_wconf 92' lang='lat' dir='ltr'><strong>choro</strong></span> <span class='ocrx_word' id='word_1_394' title='bbox 2688 2946 2879 3015; x_wconf 86' lang='lat' dir='ltr'><strong>quasi,</strong></span> <span class='ocrx_word' id='word_1_395' title='bbox 2937 2953 3142 3000; x_wconf 88' lang='lat' dir='ltr'><strong>terram</strong></span> <span class='ocrx_word' id='word_1_396' title='bbox 3189 2947 3448 3016; x_wconf 82' lang='lat' dir='ltr'><strong>scipioni-</strong></span> 
     </span>
    </p>
   </div>
   <div class='ocr_carea' id='block_1_58' title="bbox 1853 3034 3446 3106">
    <p class='ocr_par' dir='ltr' id='par_1_58' title="bbox 1853 3034 3446 3106">
     <span class='ocr_line' id='line_1_58' title="bbox 1853 3034 3446 3106; baseline 0.001 -15"><span class='ocrx_word' id='word_1_397' title='bbox 1853 3037 1955 3091; x_wconf 71' lang='lat' dir='ltr'><strong>bus</strong></span> <span class='ocrx_word' id='word_1_398' title='bbox 1979 3035 2224 3100; x_wconf 82' lang='lat' dir='ltr'><strong>feriisse;</strong></span> <span class='ocrx_word' id='word_1_399' title='bbox 2257 3051 2377 3089; x_wconf 91' lang='lat' dir='ltr'><strong>eam</strong></span> <span class='ocrx_word' id='word_1_400' title='bbox 2412 3051 2543 3089; x_wconf 89' lang='lat' dir='ltr'><strong>vero</strong></span> <span class='ocrx_word' id='word_1_401' title='bbox 2575 3034 2630 3089; x_wconf 92' lang='lat' dir='ltr'><strong>in</strong></span> <span class='ocrx_word' id='word_1_402' title='bbox 2668 3035 2892 3106; x_wconf 87' lang='lat' dir='ltr'><strong>gibbum</strong></span> <span class='ocrx_word' id='word_1_403' title='bbox 2924 3038 3286 3101; x_wconf 70' lang='lat' dir='ltr'><strong>resilientem,</strong></span> <span class='ocrx_word' id='word_1_404' title='bbox 3320 3039 3446 3094; x_wconf 87' lang='lat' dir='ltr'><strong>alti-</strong></span> 
     </span>
    </p>
   </div>
   <div class='ocr_carea' id='block_1_59' title="bbox 1851 3128 3443 3202">
    <p class='ocr_par' dir='ltr' id='par_1_59' title="bbox 1851 3128 3443 3202">
     <span class='ocr_line' id='line_1_59' title="bbox 1851 3128 3443 3202; baseline 0.004 -21"><span class='ocrx_word' id='word_1_405' title='bbox 1851 3128 2042 3184; x_wconf 87' lang='lat' dir='ltr'><strong>tudine</strong></span> <span class='ocrx_word' id='word_1_406' title='bbox 2075 3128 2356 3182; x_wconf 89' lang='lat' dir='ltr'><strong>bicubitali</strong></span> <span class='ocrx_word' id='word_1_407' title='bbox 2389 3144 2482 3183; x_wconf 91' lang='lat' dir='ltr'><strong>eos</strong></span> <span class='ocrx_word' id='word_1_408' title='bbox 2509 3131 2563 3182; x_wconf 91' lang='lat' dir='ltr'><strong>in</strong></span> <span class='ocrx_word' id='word_1_409' title='bbox 2611 3145 2798 3184; x_wconf 88' lang='lat' dir='ltr'><strong>aerem</strong></span> <span class='ocrx_word' id='word_1_410' title='bbox 2857 3131 3142 3197; x_wconf 77' lang='lat' dir='ltr'><strong>extulisse,</strong></span> <span class='ocrx_word' id='word_1_411' title='bbox 3176 3133 3443 3202; x_wconf 75' lang='lat' dir='ltr'><strong>pensiles~</strong></span> 
     </span>
    </p>
   </div>
   <div class='ocr_carea' id='block_1_60' title="bbox 157 3219 1752 3304">
    <p class='ocr_par' dir='ltr' id='par_1_60' title="bbox 157 3219 1750 3295">
     <span class='ocr_line' id='line_1_60' title="bbox 157 3219 1750 3295; baseline 0.004 -23"><span class='ocrx_word' id='word_1_412' title='bbox 157 3219 336 3274; x_wconf 75' lang='grc' dir='ltr'>ἕλκειν</span> <span class='ocrx_word' id='word_1_413' title='bbox 364 3220 424 3273; x_wconf 80' lang='grc' dir='ltr'>δὲ</span> <span class='ocrx_word' id='word_1_414' title='bbox 459 3221 553 3275; x_wconf 75' lang='grc' dir='ltr'>καὶ</span> <span class='ocrx_word' id='word_1_415' title='bbox 592 3219 704 3292; x_wconf 88' lang='grc' dir='ltr'><strong>πῦρ</strong></span> <span class='ocrx_word' id='word_1_416' title='bbox 738 3220 844 3274; x_wconf 86' lang='grc' dir='ltr'>ἀπὸ</span> <span class='ocrx_word' id='word_1_417' title='bbox 873 3221 966 3274; x_wconf 87' lang='grc' dir='ltr'><strong>τοῦ</strong></span> <span class='ocrx_word' id='word_1_418' title='bbox 1010 3222 1182 3293; x_wconf 76' lang='grc' dir='ltr'>ἡλίου,</span> <span class='ocrx_word' id='word_1_419' title='bbox 1221 3225 1309 3277; x_wconf 80' lang='grc' dir='ltr'>ὅτε</span> <span class='ocrx_word' id='word_1_420' title='bbox 1337 3223 1630 3295; x_wconf 83' lang='grc' dir='ltr'>βούλοιντο,</span> <span class='ocrx_word' id='word_1_421' title='bbox 1659 3227 1750 3278; x_wconf 83' lang='grc' dir='ltr'><strong>αὑ-</strong></span> 
     </span>
    </p>
   </div>
   <div class='ocr_carea' id='block_1_61' title="bbox 1862 3219 3444 3304">
    <p class='ocr_par' dir='ltr' id='par_1_61' title="bbox 1862 3220 3444 3291">
     <span class='ocr_line' id='line_1_61' title="bbox 1862 3220 3444 3291; baseline 0.002 -16"><span class='ocrx_word' id='word_1_422' title='bbox 1862 3237 1956 3291; x_wconf 69' lang='lat' dir='ltr'><strong>1ue</strong></span> <span class='ocrx_word' id='word_1_423' title='bbox 1984 3220 2304 3289; x_wconf 85' lang='lat' dir='ltr'><strong>aliquandiu</strong></span> <span class='ocrx_word' id='word_1_424' title='bbox 2336 3221 2390 3274; x_wconf 92' lang='lat' dir='ltr'><strong>in</strong></span> <span class='ocrx_word' id='word_1_425' title='bbox 2426 3223 2543 3291; x_wconf 90' lang='lat' dir='ltr'><strong>ipso</strong></span> <span class='ocrx_word' id='word_1_426' title='bbox 2588 3236 2715 3276; x_wconf 90' lang='lat' dir='ltr'><strong>aere</strong></span> <span class='ocrx_word' id='word_1_427' title='bbox 2754 3222 2878 3276; x_wconf 92' lang='lat' dir='ltr'><strong>illos</strong></span> <span class='ocrx_word' id='word_1_428' title='bbox 2905 3223 3241 3279; x_wconf 89' lang='lat' dir='ltr'><strong>substitisse.</strong></span> <span class='ocrx_word' id='word_1_429' title='bbox 3288 3223 3444 3280; x_wconf 86' lang='lat' dir='ltr'><strong>Deri-</strong></span> 
     </span>
    </p>
   </div>
   <div class='ocr_carea' id='block_1_62' title="bbox 155 3311 1742 3389">
    <p class='ocr_par' dir='ltr' id='par_1_62' title="bbox 155 3311 1742 3389">
     <span class='ocr_line' id='line_1_62' title="bbox 155 3311 1742 3389; baseline 0.006 -28"><span class='ocrx_word' id='word_1_430' title='bbox 155 3313 430 3382; x_wconf 80' lang='grc' dir='ltr'>τομάτως.</span> <span class='ocrx_word' id='word_1_431' title='bbox 464 3311 685 3376; x_wconf 79' lang='grc' dir='ltr'>Τούτοις</span> <span class='ocrx_word' id='word_1_432' title='bbox 715 3313 759 3366; x_wconf 75' lang='grc' dir='ltr'>δ’</span> <span class='ocrx_word' id='word_1_433' title='bbox 791 3312 1041 3385; x_wconf 74' lang='grc' dir='ltr'>ἐπιφέρει</span> <span class='ocrx_word' id='word_1_434' title='bbox 1076 3315 1374 3386; x_wconf 82' lang='grc' dir='ltr'>παράδοξον</span> <span class='ocrx_word' id='word_1_435' title='bbox 1404 3319 1432 3370; x_wconf 97' lang='lat'><strong>6</strong></span> <span class='ocrx_word' id='word_1_436' title='bbox 1469 3317 1742 3389; x_wconf 85' lang='grc' dir='ltr'>θαυματο-</span> 
     </span>
    </p>
   </div>
   <div class='ocr_carea' id='block_1_63' title="bbox 155 3401 1744 3483">
    <p class='ocr_par' dir='ltr' id='par_1_63' title="bbox 155 3401 1744 3483">
     <span class='ocr_line' id='line_1_63' title="bbox 155 3401 1744 3483; baseline 0.006 -30"><span class='ocrx_word' id='word_1_437' title='bbox 155 3401 308 3471; x_wconf 74' lang='grc' dir='ltr'>λάγος</span> <span class='ocrx_word' id='word_1_438' title='bbox 329 3421 344 3433; x_wconf 90' lang='grc'><strong>·</strong></span> <span class='ocrx_word' id='word_1_439' title='bbox 379 3404 460 3466; x_wconf 84' lang='grc' dir='ltr'>ὡς</span> <span class='ocrx_word' id='word_1_440' title='bbox 490 3403 598 3476; x_wconf 82' lang='grc' dir='ltr'>ἄρα</span> <span class='ocrx_word' id='word_1_441' title='bbox 626 3404 879 3476; x_wconf 84' lang='grc' dir='ltr'>τρίποδες</span> <span class='ocrx_word' id='word_1_442' title='bbox 911 3407 1137 3460; x_wconf 77' lang='grc' dir='ltr'>Πυθικοὶ</span> <span class='ocrx_word' id='word_1_443' title='bbox 1161 3409 1416 3479; x_wconf 77' lang='grc' dir='ltr'>τέτταρες</span> <span class='ocrx_word' id='word_1_444' title='bbox 1450 3409 1744 3483; x_wconf 79' lang='grc' dir='ltr'>ἐξεκυκλή-</span> 
     </span>
    </p>
   </div>
   <div class='ocr_carea' id='block_1_64' title="bbox 158 3495 1745 3572">
    <p class='ocr_par' dir='ltr' id='par_1_64' title="bbox 158 3495 1745 3572">
     <span class='ocr_line' id='line_1_64' title="bbox 158 3495 1745 3572; baseline 0.004 -24"><span class='ocrx_word' id='word_1_445' title='bbox 158 3495 330 3569; x_wconf 74' lang='grc' dir='ltr'>θησαν</span> <span class='ocrx_word' id='word_1_446' title='bbox 363 3495 464 3567; x_wconf 83' lang='grc'>(9),</span> <span class='ocrx_word' id='word_1_447' title='bbox 499 3497 796 3566; x_wconf 74' lang='grc' dir='ltr'>αὐτόματοι</span> <span class='ocrx_word' id='word_1_448' title='bbox 838 3499 1157 3568; x_wconf 77' lang='grc' dir='ltr'>φοιτῶντες·</span> <span class='ocrx_word' id='word_1_449' title='bbox 1197 3501 1289 3555; x_wconf 72' lang='grc' dir='ltr'>καὶ</span> <span class='ocrx_word' id='word_1_450' title='bbox 1323 3501 1530 3566; x_wconf 77' lang='grc' dir='ltr'>εἰκάζει</span> <span class='ocrx_word' id='word_1_451' title='bbox 1558 3501 1620 3572; x_wconf 81' lang='grc' dir='ltr'>δὴ</span> <span class='ocrx_word' id='word_1_452' title='bbox 1651 3499 1745 3556; x_wconf 75' lang='grc' dir='ltr'>οὖν</span> 
     </span>
    </p>
   </div>
   <div class='ocr_carea' id='block_1_65' title="bbox 157 3589 1746 3662">
    <p class='ocr_par' dir='ltr' id='par_1_65' title="bbox 157 3589 1746 3662">
     <span class='ocr_line' id='line_1_65' title="bbox 157 3589 1746 3662; baseline 0.004 -21"><span class='ocrx_word' id='word_1_453' title='bbox 157 3590 357 3652; x_wconf 73' lang='grc' dir='ltr'>αὐτοὺς</span> <span class='ocrx_word' id='word_1_454' title='bbox 397 3592 514 3653; x_wconf 87' lang='grc' dir='ltr'>τοῖς</span> <span class='ocrx_word' id='word_1_455' title='bbox 555 3589 894 3662; x_wconf 81' lang='grc' dir='ltr'>Ὀμηρείοις·</span> <span class='ocrx_word' id='word_1_456' title='bbox 936 3593 1204 3662; x_wconf 67' lang='grc' dir='ltr'>οἰνοχόους</span> <span class='ocrx_word' id='word_1_457' title='bbox 1245 3595 1295 3645; x_wconf 78' lang='grc' dir='ltr'>τ’</span> <span class='ocrx_word' id='word_1_458' title='bbox 1325 3595 1416 3646; x_wconf 74' lang='grc' dir='ltr'><strong>ἐπὶ</strong></span> <span class='ocrx_word' id='word_1_459' title='bbox 1444 3594 1652 3658; x_wconf 79' lang='grc' dir='ltr'>τούτοις</span> <span class='ocrx_word' id='word_1_460' title='bbox 1682 3598 1746 3648; x_wconf 80' lang='grc' dir='ltr'>ἐκ</span> 
     </span>
    </p>
   </div>
   <div class='ocr_carea' id='block_1_66' title="bbox 157 3681 1742 3759">
    <p class='ocr_par' dir='ltr' id='par_1_66' title="bbox 157 3681 1742 3759">
     <span class='ocr_line' id='line_1_66' title="bbox 157 3681 1742 3759; baseline 0.004 -26"><span class='ocrx_word' id='word_1_461' title='bbox 157 3681 363 3751; x_wconf 88' lang='grc' dir='ltr'>χαλκοῦ</span> <span class='ocrx_word' id='word_1_462' title='bbox 407 3681 690 3746; x_wconf 80' lang='grc' dir='ltr'>διακόνους</span> <span class='ocrx_word' id='word_1_463' title='bbox 742 3684 842 3754; x_wconf 81' lang='grc' dir='ltr'>τὴν</span> <span class='ocrx_word' id='word_1_464' title='bbox 893 3682 1024 3756; x_wconf 78' lang='grc' dir='ltr'>ὓλην</span> <span class='ocrx_word' id='word_1_465' title='bbox 1069 3685 1179 3755; x_wconf 82' lang='grc'>(10)</span> <span class='ocrx_word' id='word_1_466' title='bbox 1225 3687 1403 3757; x_wconf 80' lang='grc' dir='ltr'>ἵστησι</span> <span class='ocrx_word' id='word_1_467' title='bbox 1456 3687 1742 3759; x_wconf 85' lang='grc' dir='ltr'>τέτταρας.</span> 
     </span>
    </p>
   </div>
   <div class='ocr_carea' id='block_1_67' title="bbox 168 3773 1746 3850">
    <p class='ocr_par' dir='ltr' id='par_1_67' title="bbox 168 3773 1746 3850">
     <span class='ocr_line' id='line_1_67' title="bbox 168 3773 1746 3850; baseline 0.003 -22"><span class='ocrx_word' id='word_1_468' title='bbox 168 3775 444 3842; x_wconf 82' lang='grc' dir='ltr'>Ἐπιλέγει</span> <span class='ocrx_word' id='word_1_469' title='bbox 466 3774 521 3826; x_wconf 86' lang='grc' dir='ltr'>δὲ</span> <span class='ocrx_word' id='word_1_470' title='bbox 555 3773 630 3839; x_wconf 83' lang='grc' dir='ltr'>ὡς</span> <span class='ocrx_word' id='word_1_471' title='bbox 663 3775 770 3846; x_wconf 84' lang='grc' dir='ltr'>ἄρα</span> <span class='ocrx_word' id='word_1_472' title='bbox 811 3777 904 3829; x_wconf 76' lang='grc' dir='ltr'>καὶ</span> <span class='ocrx_word' id='word_1_473' title='bbox 933 3779 966 3848; x_wconf 82' lang='grc' dir='ltr'>ἡ</span> <span class='ocrx_word' id='word_1_474' title='bbox 993 3777 1060 3848; x_wconf 82' lang='grc' dir='ltr'>γῆ</span> <span class='ocrx_word' id='word_1_475' title='bbox 1084 3778 1404 3849; x_wconf 79' lang='grc' dir='ltr'>αὐτομάτως</span> <span class='ocrx_word' id='word_1_476' title='bbox 1434 3779 1746 3850; x_wconf 77' lang='grc' dir='ltr'>ὑπεστρών-</span> 
     </span>
    </p>
   </div>
   <div class='ocr_carea' id='block_1_68' title="bbox 155 3867 1747 3943">
    <p class='ocr_par' dir='ltr' id='par_1_68' title="bbox 155 3867 1747 3943">
     <span class='ocr_line' id='line_1_68' title="bbox 155 3867 1747 3943; baseline 0.002 -22"><span class='ocrx_word' id='word_1_477' title='bbox 155 3885 277 3921; x_wconf 82' lang='grc' dir='ltr'>νυτο</span> <span class='ocrx_word' id='word_1_478' title='bbox 319 3869 511 3930; x_wconf 78' lang='grc' dir='ltr'>αὐτοῖς</span> <span class='ocrx_word' id='word_1_479' title='bbox 547 3867 699 3932; x_wconf 86' lang='grc' dir='ltr'>πόας.</span> <span class='ocrx_word' id='word_1_480' title='bbox 733 3868 854 3922; x_wconf 88' lang='grc' dir='ltr'><strong>Τῶν</strong></span> <span class='ocrx_word' id='word_1_481' title='bbox 895 3869 950 3923; x_wconf 83' lang='grc' dir='ltr'>δὲ</span> <span class='ocrx_word' id='word_1_482' title='bbox 983 3870 1251 3942; x_wconf 83' lang='grc' dir='ltr'>τριπόδων</span> <span class='ocrx_word' id='word_1_483' title='bbox 1290 3871 1338 3923; x_wconf 82' lang='grc' dir='ltr'>οἱ</span> <span class='ocrx_word' id='word_1_484' title='bbox 1376 3871 1472 3941; x_wconf 81' lang='grc' dir='ltr'>μὲν</span> <span class='ocrx_word' id='word_1_485' title='bbox 1501 3870 1613 3935; x_wconf 86' lang='grc' dir='ltr'>δύο,</span> <span class='ocrx_word' id='word_1_486' title='bbox 1645 3890 1747 3943; x_wconf 83' lang='grc' dir='ltr'><strong>φη-</strong></span> 
     </span>
    </p>
   </div>
   <div class='ocr_carea' id='block_1_69' title="bbox 159 3957 1746 4034">
    <p class='ocr_par' dir='ltr' id='par_1_69' title="bbox 159 3957 1746 4034">
     <span class='ocr_line' id='line_1_69' title="bbox 159 3957 1746 4034; baseline 0.004 -21"><span class='ocrx_word' id='word_1_487' title='bbox 159 3963 258 4024; x_wconf 80' lang='grc' dir='ltr'>σὶν,</span> <span class='ocrx_word' id='word_1_488' title='bbox 303 3960 456 4014; x_wconf 82' lang='grc' dir='ltr'>οἴνου</span> <span class='ocrx_word' id='word_1_489' title='bbox 488 3957 779 4033; x_wconf 73' lang='grc' dir='ltr'>ἀπέρρεον,</span> <span class='ocrx_word' id='word_1_490' title='bbox 825 3964 873 4016; x_wconf 82' lang='grc' dir='ltr'>οἱ</span> <span class='ocrx_word' id='word_1_491' title='bbox 912 3962 969 4015; x_wconf 81' lang='grc' dir='ltr'>δὲ</span> <span class='ocrx_word' id='word_1_492' title='bbox 1013 3963 1189 4032; x_wconf 71' lang='grc' dir='ltr'>ἕτεροι</span> <span class='ocrx_word' id='word_1_493' title='bbox 1225 3963 1337 4026; x_wconf 88' lang='grc' dir='ltr'>δύο,</span> <span class='ocrx_word' id='word_1_494' title='bbox 1368 3965 1396 4016; x_wconf 90' lang='lat'><strong>6</strong></span> <span class='ocrx_word' id='word_1_495' title='bbox 1431 3965 1528 4034; x_wconf 81' lang='grc' dir='ltr'>μὲν</span> <span class='ocrx_word' id='word_1_496' title='bbox 1557 3965 1746 4030; x_wconf 78' lang='grc' dir='ltr'>ὓδατος</span> 
     </span>
    </p>
   </div>
   <div class='ocr_carea' id='block_1_70' title="bbox 156 4051 1745 4128">
    <p class='ocr_par' dir='ltr' id='par_1_70' title="bbox 156 4051 1745 4128">
     <span class='ocr_line' id='line_1_70' title="bbox 156 4051 1745 4128; baseline 0.005 -24"><span class='ocrx_word' id='word_1_497' title='bbox 156 4051 362 4124; x_wconf 85' lang='grc' dir='ltr'>θερμοῦ</span> <span class='ocrx_word' id='word_1_498' title='bbox 415 4056 614 4126; x_wconf 77' lang='grc' dir='ltr'>κρᾶσιν</span> <span class='ocrx_word' id='word_1_499' title='bbox 660 4059 942 4126; x_wconf 79' lang='grc' dir='ltr'>παρεῖχεν,</span> <span class='ocrx_word' id='word_1_500' title='bbox 988 4058 1015 4110; x_wconf 93' lang='grc' dir='ltr'><strong>ὀ</strong></span> <span class='ocrx_word' id='word_1_501' title='bbox 1057 4057 1103 4109; x_wconf 76' lang='grc' dir='ltr'>δ’</span> <span class='ocrx_word' id='word_1_502' title='bbox 1143 4053 1208 4109; x_wconf 73' lang='grc' dir='ltr'>αὖ</span> <span class='ocrx_word' id='word_1_503' title='bbox 1246 4057 1474 4128; x_wconf 74' lang='grc' dir='ltr'>ψυχροῦ.</span> <span class='ocrx_word' id='word_1_504' title='bbox 1519 4059 1657 4122; x_wconf 80' lang='grc' dir='ltr'>Τοὺς</span> <span class='ocrx_word' id='word_1_505' title='bbox 1689 4059 1745 4111; x_wconf 86' lang='grc' dir='ltr'>δὲ</span> 
     </span>
    </p>
   </div>
   <div class='ocr_carea' id='block_1_71' title="bbox 154 4147 1746 4224">
    <p class='ocr_par' dir='ltr' id='par_1_71' title="bbox 154 4147 1746 4224">
     <span class='ocr_line' id='line_1_71' title="bbox 154 4147 1746 4224; baseline 0.004 -25"><span class='ocrx_word' id='word_1_506' title='bbox 154 4147 428 4218; x_wconf 69' lang='grc' dir='ltr'>οἰνοχόους</span> <span class='ocrx_word' id='word_1_507' title='bbox 480 4149 606 4211; x_wconf 73' lang='grc' dir='ltr'>τοὺς</span> <span class='ocrx_word' id='word_1_508' title='bbox 639 4147 877 4218; x_wconf 80' lang='grc' dir='ltr'>χαλκοῦς</span> <span class='ocrx_word' id='word_1_509' title='bbox 927 4148 1189 4220; x_wconf 78' lang='grc' dir='ltr'>ἀρύεσθαι</span> <span class='ocrx_word' id='word_1_510' title='bbox 1243 4151 1522 4224; x_wconf 75' lang='grc' dir='ltr'>εὐμέτρως</span> <span class='ocrx_word' id='word_1_511' title='bbox 1565 4150 1657 4204; x_wconf 83' lang='grc' dir='ltr'><strong>τοῦ</strong></span> <span class='ocrx_word' id='word_1_512' title='bbox 1687 4169 1746 4205; x_wconf 87' lang='grc' dir='ltr'><strong>τε</strong></span> 
     </span>
    </p>
   </div>
   <div class='ocr_carea' id='block_1_72' title="bbox 155 4238 1748 4316">
    <p class='ocr_par' dir='ltr' id='par_1_72' title="bbox 155 4238 1748 4316">
     <span class='ocr_line' id='line_1_72' title="bbox 155 4238 1748 4316; baseline 0.004 -25"><span class='ocrx_word' id='word_1_513' title='bbox 155 4238 296 4293; x_wconf 77' lang='grc' dir='ltr'>οἴνου</span> <span class='ocrx_word' id='word_1_514' title='bbox 357 4239 580 4293; x_wconf 75' lang='grc' dir='ltr'>καὶτοῦ</span> <span class='ocrx_word' id='word_1_515' title='bbox 632 4239 856 4304; x_wconf 74' lang='grc' dir='ltr'>ὓδατοςο</span> <span class='ocrx_word' id='word_1_516' title='bbox 906 4241 1278 4312; x_wconf 80' lang='grc' dir='ltr'>περιελαύνειν</span> <span class='ocrx_word' id='word_1_517' title='bbox 1321 4261 1382 4313; x_wconf 87' lang='grc' dir='ltr'><strong>γε</strong></span> <span class='ocrx_word' id='word_1_518' title='bbox 1427 4244 1610 4316; x_wconf 82' lang='grc' dir='ltr'>κύκλῳ</span> <span class='ocrx_word' id='word_1_519' title='bbox 1651 4244 1748 4310; x_wconf 89' lang='grc' dir='ltr'><strong>τάς</strong></span> 
     </span>
    </p>
   </div>
   <div class='ocr_carea' id='block_1_73' title="bbox 158 4333 1212 4409">
    <p class='ocr_par' dir='ltr' id='par_1_73' title="bbox 158 4333 1212 4409">
     <span class='ocr_line' id='line_1_73' title="bbox 158 4333 1212 4409; baseline 0.002 -23"><span class='ocrx_word' id='word_1_520' title='bbox 158 4333 409 4398; x_wconf 79' lang='grc' dir='ltr'>κύλικας,</span> <span class='ocrx_word' id='word_1_521' title='bbox 443 4333 630 4405; x_wconf 80' lang='grc' dir='ltr'>ὥσπερ</span> <span class='ocrx_word' id='word_1_522' title='bbox 652 4335 709 4386; x_wconf 81' lang='grc' dir='ltr'>ἐν</span> <span class='ocrx_word' id='word_1_523' title='bbox 731 4337 843 4397; x_wconf 89' lang='grc' dir='ltr'>τοῖς</span> <span class='ocrx_word' id='word_1_524' title='bbox 869 4335 1050 4398; x_wconf 82' lang='grc' dir='ltr'>πότοις</span> <span class='ocrx_word' id='word_1_525' title='bbox 1080 4335 1212 4409; x_wconf 77' lang='lat' dir='ltr'><strong>(ll).</strong></span> 
     </span>
    </p>
   </div>
   <div class='ocr_carea' id='block_1_74' title="bbox 693 4603 1214 4657">
    <p class='ocr_par' dir='ltr' id='par_1_74' title="bbox 693 4603 1214 4657">
     <span class='ocr_line' id='line_1_74' title="bbox 693 4603 1214 4657; baseline 0.006 -3"><span class='ocrx_word' id='word_1_526' title='bbox 693 4603 1091 4656; x_wconf 74' lang='grc' dir='ltr'><strong>ΚΕΦᾹΛΑΙΟΝ</strong></span> <span class='ocrx_word' id='word_1_527' title='bbox 1130 4604 1214 4657; x_wconf 84' lang='lat' dir='ltr'><strong>K&#39;.</strong></span> 
     </span>
    </p>
   </div>
   <div class='ocr_carea' id='block_1_75' title="bbox 222 4689 1751 4767">
    <p class='ocr_par' dir='ltr' id='par_1_75' title="bbox 222 4689 1751 4767">
     <span class='ocr_line' id='line_1_75' title="bbox 222 4689 1751 4767; baseline 0.005 -22"><span class='ocrx_word' id='word_1_528' title='bbox 222 4689 416 4746; x_wconf 84' lang='grc' dir='ltr'>Ταῦτα</span> <span class='ocrx_word' id='word_1_529' title='bbox 463 4693 736 4764; x_wconf 81' lang='grc' dir='ltr'>Ἱεροκλεῖ,</span> <span class='ocrx_word' id='word_1_530' title='bbox 764 4694 833 4748; x_wconf 78' lang='grc' dir='ltr'><strong>τὰ</strong></span> <span class='ocrx_word' id='word_1_531' title='bbox 856 4695 1118 4749; x_wconf 84' lang='grc' dir='ltr'>ἀνωτάτω</span> <span class='ocrx_word' id='word_1_532' title='bbox 1149 4695 1257 4767; x_wconf 69' lang='grc'>(12)</span> <span class='ocrx_word' id='word_1_533' title='bbox 1288 4698 1380 4750; x_wconf 78' lang='grc' dir='ltr'>καὶ</span> <span class='ocrx_word' id='word_1_534' title='bbox 1423 4697 1652 4751; x_wconf 81' lang='grc' dir='ltr'>καθόλου</span> <span class='ocrx_word' id='word_1_535' title='bbox 1679 4700 1751 4753; x_wconf 83' lang='grc' dir='ltr'>δι·</span> 
     </span>
    </p>
   </div>
   <div class='ocr_carea' id='block_1_76' title="bbox 157 4788 1749 4861">
    <p class='ocr_par' dir='ltr' id='par_1_76' title="bbox 157 4788 1749 4861">
     <span class='ocr_line' id='line_1_76' title="bbox 157 4788 1749 4861; baseline 0.004 -22"><span class='ocrx_word' id='word_1_536' title='bbox 157 4789 432 4859; x_wconf 81' lang='grc' dir='ltr'>καστήρια</span> <span class='ocrx_word' id='word_1_537' title='bbox 497 4789 934 4860; x_wconf 75' lang='grc' dir='ltr'>πεπιστευμένῳ,</span> <span class='ocrx_word' id='word_1_538' title='bbox 984 4788 1124 4860; x_wconf 85' lang='grc' dir='ltr'><strong>μετά</strong></span> <span class='ocrx_word' id='word_1_539' title='bbox 1183 4789 1382 4861; x_wconf 85' lang='grc' dir='ltr'>πολλῆς</span> <span class='ocrx_word' id='word_1_540' title='bbox 1444 4791 1749 4855; x_wconf 84' lang='grc' dir='ltr'>ἀνετάσεως</span> 
     </span>
    </p>
   </div>
   <div class='ocr_carea' id='block_1_77' title="bbox 232 4980 1358 5049">
    <p class='ocr_par' dir='ltr' id='par_1_77' title="bbox 232 4980 1358 5049">
     <span class='ocr_line' id='line_1_77' title="bbox 232 4980 1358 5049; baseline 0.007 -15"><span class='ocrx_word' id='word_1_541' title='bbox 232 4982 282 5016; x_wconf 83' lang='grc'><strong><em>⁸⁸</em></strong></span> <span class='ocrx_word' id='word_1_542' title='bbox 323 4980 423 5034; x_wconf 91' lang='lat' dir='ltr'><strong>lib.</strong></span> <span class='ocrx_word' id='word_1_543' title='bbox 459 4995 543 5044; x_wconf 79' lang='lat' dir='ltr'><strong>tu,</strong></span> <span class='ocrx_word' id='word_1_544' title='bbox 576 4997 626 5035; x_wconf 91' lang='lat' dir='ltr'><strong>c.</strong></span> <span class='ocrx_word' id='word_1_545' title='bbox 665 4980 752 5034; x_wconf 82' lang='lat' dir='ltr'><strong>l7.</strong></span> <span class='ocrx_word' id='word_1_546' title='bbox 829 4982 874 5014; x_wconf 76' lang='lat'>“</span> <span class='ocrx_word' id='word_1_547' title='bbox 914 4983 1009 5038; x_wconf 93' lang='lat' dir='ltr'><strong>lib.</strong></span> <span class='ocrx_word' id='word_1_548' title='bbox 1051 5000 1143 5049; x_wconf 87' lang='lat' dir='ltr'><strong>tn,</strong></span> <span class='ocrx_word' id='word_1_549' title='bbox 1179 4999 1229 5038; x_wconf 93' lang='lat' dir='ltr'><strong>c.</strong></span> <span class='ocrx_word' id='word_1_550' title='bbox 1267 4985 1358 5042; x_wconf 72' lang='lat'><strong>27.</strong></span> 
     </span>
    </p>
   </div>
   <div class='ocr_carea' id='block_1_78' title="bbox 1849 3311 3444 3382">
    <p class='ocr_par' dir='ltr' id='par_1_78' title="bbox 1849 3311 3444 3382">
     <span class='ocr_line' id='line_1_78' title="bbox 1849 3311 3444 3382; baseline 0.004 -20"><span class='ocrx_word' id='word_1_551' title='bbox 1849 3327 1978 3365; x_wconf 89' lang='lat' dir='ltr'><strong>vare</strong></span> <span class='ocrx_word' id='word_1_552' title='bbox 2012 3312 2141 3365; x_wconf 87' lang='lat' dir='ltr'><strong>item</strong></span> <span class='ocrx_word' id='word_1_553' title='bbox 2164 3326 2259 3364; x_wconf 91' lang='lat' dir='ltr'><strong>eos</strong></span> <span class='ocrx_word' id='word_1_554' title='bbox 2284 3311 2378 3364; x_wconf 86' lang='lat' dir='ltr'><strong>ubi</strong></span> <span class='ocrx_word' id='word_1_555' title='bbox 2411 3311 2705 3374; x_wconf 80' lang='lat' dir='ltr'><strong>voluerint,</strong></span> <span class='ocrx_word' id='word_1_556' title='bbox 2733 3326 2800 3364; x_wconf 85' lang='lat' dir='ltr'><strong>ex</strong></span> <span class='ocrx_word' id='word_1_557' title='bbox 2831 3312 2945 3366; x_wconf 88' lang='lat' dir='ltr'><strong>sole</strong></span> <span class='ocrx_word' id='word_1_558' title='bbox 2974 3311 3152 3381; x_wconf 80' lang='lat' dir='ltr'><strong>ignem</strong></span> <span class='ocrx_word' id='word_1_559' title='bbox 3177 3352 3192 3377; x_wconf 92' lang='lat'><strong>,</strong></span> <span class='ocrx_word' id='word_1_560' title='bbox 3247 3322 3444 3382; x_wconf 85' lang='lat' dir='ltr'><strong>sponte</strong></span> 
     </span>
    </p>
   </div>
   <div class='ocr_carea' id='block_1_79' title="bbox 1852 3402 3441 3475">
    <p class='ocr_par' dir='ltr' id='par_1_79' title="bbox 1852 3402 3441 3475">
     <span class='ocr_line' id='line_1_79' title="bbox 1852 3402 3441 3475; baseline 0.001 -17"><span class='ocrx_word' id='word_1_561' title='bbox 1852 3410 2192 3472; x_wconf 79' lang='lat' dir='ltr'><strong>sequentem.</strong></span> <span class='ocrx_word' id='word_1_562' title='bbox 2236 3403 2414 3472; x_wconf 87' lang='lat' dir='ltr'><strong>Atque</strong></span> <span class='ocrx_word' id='word_1_563' title='bbox 2445 3402 2567 3457; x_wconf 86' lang='lat' dir='ltr'><strong>istis</strong></span> <span class='ocrx_word' id='word_1_564' title='bbox 2593 3404 2850 3457; x_wconf 88' lang='lat' dir='ltr'><strong>omnibus</strong></span> <span class='ocrx_word' id='word_1_565' title='bbox 2882 3419 2994 3458; x_wconf 90' lang='lat' dir='ltr'><strong>rem</strong></span> <span class='ocrx_word' id='word_1_566' title='bbox 3025 3406 3184 3473; x_wconf 85' lang='lat' dir='ltr'><strong>plane</strong></span> <span class='ocrx_word' id='word_1_567' title='bbox 3213 3414 3441 3475; x_wconf 90' lang='lat' dir='ltr'><strong>stupen-</strong></span> 
     </span>
    </p>
   </div>
   <div class='ocr_carea' id='block_1_80' title="bbox 1851 3494 3441 3568">
    <p class='ocr_par' dir='ltr' id='par_1_80' title="bbox 1851 3494 3441 3568">
     <span class='ocr_line' id='line_1_80' title="bbox 1851 3494 3441 3568; baseline 0.005 -21"><span class='ocrx_word' id='word_1_568' title='bbox 1851 3495 1974 3548; x_wconf 89' lang='lat' dir='ltr'><strong>dam</strong></span> <span class='ocrx_word' id='word_1_569' title='bbox 2010 3504 2364 3564; x_wconf 89' lang='lat' dir='ltr'><strong>portentosus</strong></span> <span class='ocrx_word' id='word_1_570' title='bbox 2396 3494 2485 3549; x_wconf 89' lang='lat' dir='ltr'><strong>ille</strong></span> <span class='ocrx_word' id='word_1_571' title='bbox 2512 3496 2751 3565; x_wconf 89' lang='lat' dir='ltr'><strong>scriptor</strong></span> <span class='ocrx_word' id='word_1_572' title='bbox 2775 3495 2959 3566; x_wconf 86' lang='lat' dir='ltr'><strong>jungit</strong></span> <span class='ocrx_word' id='word_1_573' title='bbox 2989 3497 3070 3563; x_wconf 82' lang='lat'><strong>“;</strong></span> <span class='ocrx_word' id='word_1_574' title='bbox 3103 3504 3162 3552; x_wconf 92' lang='lat' dir='ltr'><strong>ut</strong></span> <span class='ocrx_word' id='word_1_575' title='bbox 3196 3499 3441 3568; x_wconf 83' lang='lat' dir='ltr'><strong>tripodes</strong></span> 
     </span>
    </p>
   </div>
   <div class='ocr_carea' id='block_1_81' title="bbox 1854 3586 3440 3659">
    <p class='ocr_par' dir='ltr' id='par_1_81' title="bbox 1854 3586 3440 3659">
     <span class='ocr_line' id='line_1_81' title="bbox 1854 3586 3440 3659; baseline 0.004 -18"><span class='ocrx_word' id='word_1_576' title='bbox 1854 3603 2068 3656; x_wconf 83' lang='lat' dir='ltr'><strong>nempe,</strong></span> <span class='ocrx_word' id='word_1_577' title='bbox 2094 3586 2306 3658; x_wconf 81' lang='lat' dir='ltr'><strong>Pythiis</strong></span> <span class='ocrx_word' id='word_1_578' title='bbox 2340 3587 2577 3651; x_wconf 89' lang='lat' dir='ltr'><strong>similes,</strong></span> <span class='ocrx_word' id='word_1_579' title='bbox 2633 3595 2888 3657; x_wconf 83' lang='lat' dir='ltr'><strong>quatuor.</strong></span> <span class='ocrx_word' id='word_1_580' title='bbox 2921 3597 3115 3659; x_wconf 87' lang='lat' dir='ltr'><strong>sponte</strong></span> <span class='ocrx_word' id='word_1_581' title='bbox 3167 3605 3266 3645; x_wconf 87' lang='lat' dir='ltr'><strong>sua</strong></span> <span class='ocrx_word' id='word_1_582' title='bbox 3318 3606 3440 3647; x_wconf 55' lang='lat' dir='ltr'><strong>mou</strong></span> 
     </span>
    </p>
   </div>
   <div class='ocr_carea' id='block_1_82' title="bbox 1853 3679 3440 3750">
    <p class='ocr_par' dir='ltr' id='par_1_82' title="bbox 1853 3679 3440 3750">
     <span class='ocr_line' id='line_1_82' title="bbox 1853 3679 3440 3750; baseline 0.003 -16"><span class='ocrx_word' id='word_1_583' title='bbox 1853 3687 2064 3745; x_wconf 87' lang='lat' dir='ltr'><strong>ventes,</strong></span> <span class='ocrx_word' id='word_1_584' title='bbox 2099 3679 2152 3733; x_wconf 91' lang='lat' dir='ltr'><strong>in</strong></span> <span class='ocrx_word' id='word_1_585' title='bbox 2181 3680 2419 3734; x_wconf 90' lang='lat' dir='ltr'><strong>medium</strong></span> <span class='ocrx_word' id='word_1_586' title='bbox 2446 3681 2855 3749; x_wconf 84' lang='lat' dir='ltr'><strong>processerint;</strong></span> <span class='ocrx_word' id='word_1_587' title='bbox 2890 3697 3096 3750; x_wconf 88' lang='lat' dir='ltr'><strong>eosque</strong></span> <span class='ocrx_word' id='word_1_588' title='bbox 3130 3680 3440 3741; x_wconf 83' lang='lat' dir='ltr'><strong>Homericis</strong></span> 
     </span>
    </p>
   </div>
   <div class='ocr_carea' id='block_1_83' title="bbox 1854 3771 3441 3840">
    <p class='ocr_par' dir='ltr' id='par_1_83' title="bbox 1854 3771 3441 3840">
     <span class='ocr_line' id='line_1_83' title="bbox 1854 3771 3441 3840; baseline 0.003 -12"><span class='ocrx_word' id='word_1_589' title='bbox 1854 3773 2061 3828; x_wconf 86' lang='lat' dir='ltr'><strong>similes</strong></span> <span class='ocrx_word' id='word_1_590' title='bbox 2087 3788 2211 3827; x_wconf 88' lang='lat' dir='ltr'><strong>esse</strong></span> <span class='ocrx_word' id='word_1_591' title='bbox 2262 3773 2355 3825; x_wconf 89' lang='lat' dir='ltr'><strong>ait.</strong></span> <span class='ocrx_word' id='word_1_592' title='bbox 2402 3771 2701 3827; x_wconf 88' lang='lat' dir='ltr'><strong>Pincernas</strong></span> <span class='ocrx_word' id='word_1_593' title='bbox 2755 3781 2938 3827; x_wconf 90' lang='lat' dir='ltr'><strong>autem</strong></span> <span class='ocrx_word' id='word_1_594' title='bbox 2971 3775 3038 3830; x_wconf 92' lang='lat' dir='ltr'><strong>iis</strong></span> <span class='ocrx_word' id='word_1_595' title='bbox 3087 3791 3155 3830; x_wconf 77' lang='lat' dir='ltr'><strong>ex</strong></span> <span class='ocrx_word' id='word_1_596' title='bbox 3210 3790 3358 3840; x_wconf 76' lang='lat' dir='ltr'><strong>aere,</strong></span> <span class='ocrx_word' id='word_1_597' title='bbox 3390 3777 3441 3832; x_wconf 89' lang='lat' dir='ltr'><strong>si</strong></span> 
     </span>
    </p>
   </div>
   <div class='ocr_carea' id='block_1_84' title="bbox 1854 3862 3439 3939">
    <p class='ocr_par' dir='ltr' id='par_1_84' title="bbox 1854 3862 3439 3939">
     <span class='ocr_line' id='line_1_84' title="bbox 1854 3862 3439 3939; baseline 0.002 -21"><span class='ocrx_word' id='word_1_598' title='bbox 1854 3862 2137 3918; x_wconf 83' lang='lat' dir='ltr'><strong>materiam</strong></span> <span class='ocrx_word' id='word_1_599' title='bbox 2187 3872 2426 3934; x_wconf 87' lang='lat' dir='ltr'><strong>spectes,</strong></span> <span class='ocrx_word' id='word_1_600' title='bbox 2456 3865 2545 3934; x_wconf 90' lang='lat' dir='ltr'><strong>qui</strong></span> <span class='ocrx_word' id='word_1_601' title='bbox 2587 3863 2998 3931; x_wconf 86' lang='lat' dir='ltr'><strong>ministrarent,</strong></span> <span class='ocrx_word' id='word_1_602' title='bbox 3052 3867 3244 3920; x_wconf 89' lang='lat' dir='ltr'><strong>statuit</strong></span> <span class='ocrx_word' id='word_1_603' title='bbox 3299 3884 3439 3939; x_wconf 89' lang='lat' dir='ltr'><strong>qua-</strong></span> 
     </span>
    </p>
   </div>
   <div class='ocr_carea' id='block_1_85' title="bbox 1854 3955 3441 4028">
    <p class='ocr_par' dir='ltr' id='par_1_85' title="bbox 1854 3955 3441 4028">
     <span class='ocr_line' id='line_1_85' title="bbox 1854 3955 3441 4028; baseline 0.003 -19"><span class='ocrx_word' id='word_1_604' title='bbox 1854 3965 2000 4011; x_wconf 88' lang='lat' dir='ltr'><strong>tuor.</strong></span> <span class='ocrx_word' id='word_1_605' title='bbox 2034 3955 2198 4010; x_wconf 80' lang='lat' dir='ltr'><strong>Addit</strong></span> <span class='ocrx_word' id='word_1_606' title='bbox 2227 3958 2391 4011; x_wconf 91' lang='lat' dir='ltr'><strong>etiam</strong></span> <span class='ocrx_word' id='word_1_607' title='bbox 2418 3999 2432 4024; x_wconf 92' lang='lat'><strong>,</strong></span> <span class='ocrx_word' id='word_1_608' title='bbox 2475 3964 2533 4010; x_wconf 91' lang='lat' dir='ltr'><strong>ut</strong></span> <span class='ocrx_word' id='word_1_609' title='bbox 2584 3966 2728 4013; x_wconf 91' lang='lat' dir='ltr'><strong>terra</strong></span> <span class='ocrx_word' id='word_1_610' title='bbox 2777 3964 2972 4027; x_wconf 88' lang='lat' dir='ltr'><strong>sponte</strong></span> <span class='ocrx_word' id='word_1_611' title='bbox 3016 3957 3266 4028; x_wconf 86' lang='lat' dir='ltr'><strong>gramina</strong></span> <span class='ocrx_word' id='word_1_612' title='bbox 3309 3959 3441 4014; x_wconf 83' lang='lat' dir='ltr'><strong>sub-</strong></span> 
     </span>
    </p>
   </div>
   <div class='ocr_carea' id='block_1_86' title="bbox 1853 4048 3437 4120">
    <p class='ocr_par' dir='ltr' id='par_1_86' title="bbox 1853 4048 3437 4120">
     <span class='ocr_line' id='line_1_86' title="bbox 1853 4048 3437 4120; baseline 0.001 -16"><span class='ocrx_word' id='word_1_613' title='bbox 1853 4051 2132 4106; x_wconf 73' lang='lat' dir='ltr'><strong>straverit.</strong></span> <span class='ocrx_word' id='word_1_614' title='bbox 2159 4048 2458 4120; x_wconf 88' lang='lat' dir='ltr'><strong>Tripodum</strong></span> <span class='ocrx_word' id='word_1_615' title='bbox 2485 4058 2662 4106; x_wconf 89' lang='lat' dir='ltr'><strong>autem</strong></span> <span class='ocrx_word' id='word_1_616' title='bbox 2693 4049 2853 4106; x_wconf 89' lang='lat' dir='ltr'><strong>binos</strong></span> <span class='ocrx_word' id='word_1_617' title='bbox 2883 4051 2960 4104; x_wconf 89' lang='lat' dir='ltr'><strong>ait</strong></span> <span class='ocrx_word' id='word_1_618' title='bbox 2988 4053 3115 4105; x_wconf 84' lang='lat' dir='ltr'><strong>vino</strong></span> <span class='ocrx_word' id='word_1_619' title='bbox 3149 4067 3437 4115; x_wconf 87' lang='lat' dir='ltr'><strong>manasse,</strong></span> 
     </span>
    </p>
   </div>
   <div class='ocr_carea' id='block_1_87' title="bbox 1854 4143 3440 4212">
    <p class='ocr_par' dir='ltr' id='par_1_87' title="bbox 1854 4143 3440 4212">
     <span class='ocr_line' id='line_1_87' title="bbox 1854 4143 3440 4212; baseline 0.004 -18"><span class='ocrx_word' id='word_1_620' title='bbox 1854 4143 2190 4212; x_wconf 86' lang='lat' dir='ltr'><strong>reliquorum</strong></span> <span class='ocrx_word' id='word_1_621' title='bbox 2250 4160 2382 4198; x_wconf 78' lang='lat' dir='ltr'><strong>vero</strong></span> <span class='ocrx_word' id='word_1_622' title='bbox 2439 4145 2670 4198; x_wconf 89' lang='lat' dir='ltr'><strong>alterum</strong></span> <span class='ocrx_word' id='word_1_623' title='bbox 2718 4145 2909 4199; x_wconf 67' lang='lat' dir='ltr'><strong>calida:</strong></span> <span class='ocrx_word' id='word_1_624' title='bbox 2957 4144 3324 4200; x_wconf 72' lang='lat' dir='ltr'><strong>admiscenda:</strong></span> <span class='ocrx_word' id='word_1_625' title='bbox 3353 4160 3440 4200; x_wconf 92' lang='lat' dir='ltr'><strong>co-</strong></span> 
     </span>
    </p>
   </div>
   <div class='ocr_carea' id='block_1_88' title="bbox 1849 4235 3438 4308">
    <p class='ocr_par' dir='ltr' id='par_1_88' title="bbox 1849 4235 3438 4308">
     <span class='ocr_line' id='line_1_88' title="bbox 1849 4235 3438 4308; baseline 0.003 -20"><span class='ocrx_word' id='word_1_626' title='bbox 1849 4235 1992 4305; x_wconf 88' lang='lat' dir='ltr'><strong>piam</strong></span> <span class='ocrx_word' id='word_1_627' title='bbox 2023 4237 2238 4302; x_wconf 88' lang='lat' dir='ltr'><strong>fecisse,</strong></span> <span class='ocrx_word' id='word_1_628' title='bbox 2274 4238 2503 4292; x_wconf 84' lang='lat' dir='ltr'><strong>alterum</strong></span> <span class='ocrx_word' id='word_1_629' title='bbox 2547 4237 2792 4308; x_wconf 57' lang='lat' dir='ltr'><strong>frigida;</strong></span> <span class='ocrx_word' id='word_1_630' title='bbox 2836 4254 3117 4308; x_wconf 64' lang='lat' dir='ltr'><strong>mreosque</strong></span> <span class='ocrx_word' id='word_1_631' title='bbox 3146 4238 3438 4308; x_wconf 86' lang='lat' dir='ltr'><strong>pincernas</strong></span> 
     </span>
    </p>
   </div>
   <div class='ocr_carea' id='block_1_89' title="bbox 1848 4329 3433 4400">
    <p class='ocr_par' dir='ltr' id='par_1_89' title="bbox 1848 4329 3433 4400">
     <span class='ocr_line' id='line_1_89' title="bbox 1848 4329 3433 4400; baseline 0 -19"><span class='ocrx_word' id='word_1_632' title='bbox 1848 4329 2036 4382; x_wconf 89' lang='lat' dir='ltr'><strong>vinum</strong></span> <span class='ocrx_word' id='word_1_633' title='bbox 2073 4330 2275 4399; x_wconf 91' lang='lat' dir='ltr'><strong>pariter</strong></span> <span class='ocrx_word' id='word_1_634' title='bbox 2309 4336 2362 4382; x_wconf 90' lang='lat' dir='ltr'><strong>et</strong></span> <span class='ocrx_word' id='word_1_635' title='bbox 2411 4344 2609 4398; x_wconf 86' lang='lat' dir='ltr'><strong>aquam</strong></span> <span class='ocrx_word' id='word_1_636' title='bbox 2657 4332 2804 4400; x_wconf 82' lang='lat' dir='ltr'><strong>larga</strong></span> <span class='ocrx_word' id='word_1_637' title='bbox 2858 4331 3112 4385; x_wconf 89' lang='lat' dir='ltr'><strong>hausisse</strong></span> <span class='ocrx_word' id='word_1_638' title='bbox 3146 4345 3433 4396; x_wconf 88' lang='lat' dir='ltr'><strong>mensura;</strong></span> 
     </span>
    </p>
   </div>
   <div class='ocr_carea' id='block_1_90' title="bbox 1848 4421 3439 4492">
    <p class='ocr_par' dir='ltr' id='par_1_90' title="bbox 1848 4421 3439 4492">
     <span class='ocr_line' id='line_1_90' title="bbox 1848 4421 3439 4492; baseline 0.002 -19"><span class='ocrx_word' id='word_1_639' title='bbox 1848 4421 2048 4474; x_wconf 79' lang='lat' dir='ltr'><strong>calices</strong></span> <span class='ocrx_word' id='word_1_640' title='bbox 2077 4421 2228 4476; x_wconf 90' lang='lat' dir='ltr'><strong>enim</strong></span> <span class='ocrx_word' id='word_1_641' title='bbox 2260 4421 2616 4477; x_wconf 90' lang='lat' dir='ltr'><strong>circumlatos</strong></span> <span class='ocrx_word' id='word_1_642' title='bbox 2649 4437 2792 4487; x_wconf 86' lang='lat' dir='ltr'><strong>esse,</strong></span> <span class='ocrx_word' id='word_1_643' title='bbox 2829 4430 2889 4477; x_wconf 91' lang='lat' dir='ltr'><strong>ut</strong></span> <span class='ocrx_word' id='word_1_644' title='bbox 2923 4422 3036 4476; x_wconf 84' lang='lat' dir='ltr'><strong>fieri</strong></span> <span class='ocrx_word' id='word_1_645' title='bbox 3072 4423 3129 4476; x_wconf 87' lang='lat' dir='ltr'><strong>in</strong></span> <span class='ocrx_word' id='word_1_646' title='bbox 3159 4431 3439 4492; x_wconf 79' lang='lat' dir='ltr'><strong>compota-</strong></span> 
     </span>
    </p>
   </div>
   <div class='ocr_carea' id='block_1_91' title="bbox 1848 4512 2348 4568">
    <p class='ocr_par' dir='ltr' id='par_1_91' title="bbox 1848 4512 2348 4568">
     <span class='ocr_line' id='line_1_91' title="bbox 1848 4512 2348 4568; baseline -0.002 -2"><span class='ocrx_word' id='word_1_647' title='bbox 1848 4513 2093 4567; x_wconf 90' lang='lat' dir='ltr'><strong>tionibus</strong></span> <span class='ocrx_word' id='word_1_648' title='bbox 2123 4512 2348 4568; x_wconf 89' lang='lat' dir='ltr'><strong>assolet.</strong></span> 
     </span>
    </p>
   </div>
   <div class='ocr_carea' id='block_1_92' title="bbox 2350 4603 2930 4674">
    <p class='ocr_par' dir='ltr' id='par_1_92' title="bbox 2350 4603 2930 4674">
     <span class='ocr_line' id='line_1_92' title="bbox 2350 4603 2930 4674; baseline -0.003 -14"><span class='ocrx_word' id='word_1_649' title='bbox 2350 4603 2508 4674; x_wconf 82' lang='lat'><strong>525</strong></span> <span class='ocrx_word' id='word_1_650' title='bbox 2547 4605 2774 4662; x_wconf 84' lang='lat' dir='ltr'><strong>CAPUT</strong></span> <span class='ocrx_word' id='word_1_651' title='bbox 2812 4603 2930 4659; x_wconf 80' lang='lat' dir='ltr'><strong>xx.</strong></span> 
     </span>
    </p>
   </div>
   <div class='ocr_carea' id='block_1_93' title="bbox 1924 4693 3436 4767">
    <p class='ocr_par' dir='ltr' id='par_1_93' title="bbox 1924 4693 3436 4767">
     <span class='ocr_line' id='line_1_93' title="bbox 1924 4693 3436 4767; baseline 0.001 -18"><span class='ocrx_word' id='word_1_652' title='bbox 1924 4694 2028 4750; x_wconf 89' lang='lat' dir='ltr'><strong>Ista</strong></span> <span class='ocrx_word' id='word_1_653' title='bbox 2075 4693 2349 4762; x_wconf 86' lang='lat' dir='ltr'><strong>Hierocli,</strong></span> <span class='ocrx_word' id='word_1_654' title='bbox 2398 4696 2672 4767; x_wconf 90' lang='lat' dir='ltr'><strong>supremis</strong></span> <span class='ocrx_word' id='word_1_655' title='bbox 2722 4697 2778 4750; x_wconf 90' lang='lat' dir='ltr'><strong>in</strong></span> <span class='ocrx_word' id='word_1_656' title='bbox 2829 4695 3128 4766; x_wconf 90' lang='lat' dir='ltr'><strong>provinciis</strong></span> <span class='ocrx_word' id='word_1_657' title='bbox 3178 4693 3436 4766; x_wconf 68' lang='lat' dir='ltr'><strong>praefecto</strong></span> 
     </span>
    </p>
   </div>
   <div class='ocr_carea' id='block_1_94' title="bbox 1852 4789 3437 4860">
    <p class='ocr_par' dir='ltr' id='par_1_94' title="bbox 1852 4789 3437 4860">
     <span class='ocr_line' id='line_1_94' title="bbox 1852 4789 3437 4860; baseline -0.001 -14"><span class='ocrx_word' id='word_1_658' title='bbox 1852 4791 2183 4855; x_wconf 85' lang='lat' dir='ltr'><strong>dicasteriis,</strong></span> <span class='ocrx_word' id='word_1_659' title='bbox 2223 4795 2393 4845; x_wconf 86' lang='lat' dir='ltr'><strong>multa</strong></span> <span class='ocrx_word' id='word_1_660' title='bbox 2420 4789 2670 4846; x_wconf 90' lang='lat' dir='ltr'><strong>instituta</strong></span> <span class='ocrx_word' id='word_1_661' title='bbox 2707 4789 3128 4860; x_wconf 87' lang='lat' dir='ltr'><strong>disquisitione,</strong></span> <span class='ocrx_word' id='word_1_662' title='bbox 3155 4804 3282 4843; x_wconf 82' lang='lat' dir='ltr'><strong>vera</strong></span> <span class='ocrx_word' id='word_1_663' title='bbox 3313 4804 3437 4845; x_wconf 83' lang='lat' dir='ltr'><strong>esse</strong></span> 
     </span>
    </p>
   </div>
   <div class='ocr_carea' id='block_1_95' title="bbox 225 5138 3430 5214">
    <p class='ocr_par' dir='ltr' id='par_1_95' title="bbox 225 5138 3430 5214">
     <span class='ocr_line' id='line_1_95' title="bbox 225 5138 3430 5214; baseline -0.001 -18"><span class='ocrx_word' id='word_1_664' title='bbox 225 5140 303 5211; x_wconf 87' lang='lat'><strong>(8)</strong></span> <span class='ocrx_word' id='word_1_665' title='bbox 348 5140 727 5214; x_wconf 63' lang='lat' dir='ltr'><strong>Hpoqsmsfr.</strong></span> <span class='ocrx_word' id='word_1_666' title='bbox 782 5140 860 5214; x_wconf 83' lang='lat' dir='ltr'><strong>l_ta</strong></span> <span class='ocrx_word' id='word_1_667' title='bbox 887 5140 1316 5214; x_wconf 69' lang='lat' dir='ltr'><strong>exPhilostrato</strong></span> <span class='ocrx_word' id='word_1_668' title='bbox 1353 5141 1740 5209; x_wconf 84' lang='lat' dir='ltr'><strong>scribendum;</strong></span> <span class='ocrx_word' id='word_1_669' title='bbox 1777 5152 1821 5207; x_wconf 77' lang='grc' dir='ltr'><strong>ι)</strong></span> <span class='ocrx_word' id='word_1_670' title='bbox 1852 5140 2025 5214; x_wconf 83' lang='lat' dir='ltr'><strong>invito</strong></span> <span class='ocrx_word' id='word_1_671' title='bbox 2049 5140 2248 5214; x_wconf 60' lang='lat' dir='ltr'><strong>linguae</strong></span> <span class='ocrx_word' id='word_1_672' title='bbox 2269 5143 2450 5211; x_wconf 87' lang='lat' dir='ltr'><strong>genio,</strong></span> <span class='ocrx_word' id='word_1_673' title='bbox 2477 5155 2596 5194; x_wconf 93' lang='lat' dir='ltr'><strong>eam</strong></span> <span class='ocrx_word' id='word_1_674' title='bbox 2621 5143 2807 5214; x_wconf 89' lang='lat' dir='ltr'><strong>itaque</strong></span> <span class='ocrx_word' id='word_1_675' title='bbox 2830 5141 3006 5198; x_wconf 89' lang='lat' dir='ltr'><strong>omitti</strong></span> <span class='ocrx_word' id='word_1_676' title='bbox 3034 5140 3195 5211; x_wconf 89' lang='lat' dir='ltr'><strong>plane</strong></span> <span class='ocrx_word' id='word_1_677' title='bbox 3219 5138 3430 5205; x_wconf 89' lang='lat' dir='ltr'><strong>malim,</strong></span> 
     </span>
    </p>
   </div>
   <div class='ocr_carea' id='block_1_96' title="bbox 157 5210 1445 5283">
    <p class='ocr_par' dir='ltr' id='par_1_96' title="bbox 157 5210 1445 5283">
     <span class='ocr_line' id='line_1_96' title="bbox 157 5210 1445 5283; baseline -0.001 -17"><span class='ocrx_word' id='word_1_678' title='bbox 157 5210 296 5266; x_wconf 85' lang='lat' dir='ltr'><strong>male</strong></span> <span class='ocrx_word' id='word_1_679' title='bbox 323 5213 467 5283; x_wconf 84' lang='lat' dir='ltr'><strong>enim</strong></span> <span class='ocrx_word' id='word_1_680' title='bbox 502 5213 556 5266; x_wconf 94' lang='lat' dir='ltr'><strong>in</strong></span> <span class='ocrx_word' id='word_1_681' title='bbox 588 5211 751 5266; x_wconf 89' lang='lat' dir='ltr'><strong>editis</strong></span> <span class='ocrx_word' id='word_1_682' title='bbox 782 5210 1000 5283; x_wconf 67' lang='lat' dir='ltr'><strong>Eusebii</strong></span> <span class='ocrx_word' id='word_1_683' title='bbox 1029 5221 1112 5266; x_wconf 87' lang='lat' dir='ltr'><strong>est</strong></span> <span class='ocrx_word' id='word_1_684' title='bbox 1143 5214 1445 5283; x_wconf 88' lang='grc' dir='ltr'>προειπεῖν.</span> 
     </span>
    </p>
   </div>
   <div class='ocr_carea' id='block_1_97' title="bbox 228 5280 1745 5352">
    <p class='ocr_par' dir='ltr' id='par_1_97' title="bbox 228 5280 1745 5352">
     <span class='ocr_line' id='line_1_97' title="bbox 228 5280 1745 5352; baseline 0.001 -15"><span class='ocrx_word' id='word_1_685' title='bbox 228 5283 304 5352; x_wconf 85' lang='grc'>(9)</span> <span class='ocrx_word' id='word_1_686' title='bbox 359 5281 914 5350; x_wconf 75' lang='grc' dir='ltr'>Ἐξεκυκλήϐησαν.</span> <span class='ocrx_word' id='word_1_687' title='bbox 942 5280 1059 5336; x_wconf 84' lang='lat' dir='ltr'><strong>Vox</strong></span> <span class='ocrx_word' id='word_1_688' title='bbox 1092 5283 1144 5336; x_wconf 91' lang='lat' dir='ltr'><strong>in</strong></span> <span class='ocrx_word' id='word_1_689' title='bbox 1182 5280 1412 5338; x_wconf 87' lang='lat' dir='ltr'><strong>theatris</strong></span> <span class='ocrx_word' id='word_1_690' title='bbox 1443 5283 1639 5338; x_wconf 89' lang='lat' dir='ltr'><strong>usitata</strong></span> <span class='ocrx_word' id='word_1_691' title='bbox 1677 5283 1745 5339; x_wconf 89' lang='lat' dir='ltr'><strong>de</strong></span> 
     </span>
    </p>
   </div>
   <div class='ocr_carea' id='block_1_98' title="bbox 158 5353 1744 5422">
    <p class='ocr_par' dir='ltr' id='par_1_98' title="bbox 158 5353 1744 5422">
     <span class='ocr_line' id='line_1_98' title="bbox 158 5353 1744 5422; baseline -0.001 -14"><span class='ocrx_word' id='word_1_692' title='bbox 158 5353 286 5417; x_wconf 86' lang='lat' dir='ltr'><strong>illis,</strong></span> <span class='ocrx_word' id='word_1_693' title='bbox 315 5369 437 5422; x_wconf 57' lang='lat' dir='ltr'><strong>qua</strong></span> <span class='ocrx_word' id='word_1_694' title='bbox 460 5354 728 5408; x_wconf 87' lang='lat' dir='ltr'><strong>machinis</strong></span> <span class='ocrx_word' id='word_1_695' title='bbox 762 5353 992 5406; x_wconf 67' lang='lat' dir='ltr'><strong>occultis</strong></span> <span class='ocrx_word' id='word_1_696' title='bbox 1020 5354 1074 5406; x_wconf 90' lang='lat' dir='ltr'><strong>in</strong></span> <span class='ocrx_word' id='word_1_697' title='bbox 1105 5369 1327 5408; x_wconf 84' lang='lat' dir='ltr'><strong>scenam</strong></span> <span class='ocrx_word' id='word_1_698' title='bbox 1365 5355 1744 5421; x_wconf 86' lang='lat' dir='ltr'><strong>provehehau-</strong></span> 
     </span>
    </p>
   </div>
   <div class='ocr_carea' id='block_1_99' title="bbox 158 5423 1745 5490">
    <p class='ocr_par' dir='ltr' id='par_1_99' title="bbox 158 5423 1745 5490">
     <span class='ocr_line' id='line_1_99' title="bbox 158 5423 1745 5490; baseline 0.002 -14"><span class='ocrx_word' id='word_1_699' title='bbox 158 5432 275 5490; x_wconf 88' lang='lat' dir='ltr'><strong>tur;</strong></span> <span class='ocrx_word' id='word_1_700' title='bbox 312 5424 488 5477; x_wconf 90' lang='lat' dir='ltr'><strong>utitur</strong></span> <span class='ocrx_word' id='word_1_701' title='bbox 513 5424 726 5484; x_wconf 84' lang='lat' dir='ltr'><strong>eadem,</strong></span> <span class='ocrx_word' id='word_1_702' title='bbox 761 5424 852 5477; x_wconf 91' lang='lat' dir='ltr'><strong>ubi</strong></span> <span class='ocrx_word' id='word_1_703' title='bbox 887 5425 954 5477; x_wconf 89' lang='lat' dir='ltr'><strong>de</strong></span> <span class='ocrx_word' id='word_1_704' title='bbox 984 5424 1068 5480; x_wconf 89' lang='lat' dir='ltr'><strong>his</strong></span> <span class='ocrx_word' id='word_1_705' title='bbox 1099 5423 1498 5478; x_wconf 84' lang='lat' dir='ltr'><strong>Brachmanum</strong></span> <span class='ocrx_word' id='word_1_706' title='bbox 1535 5425 1745 5480; x_wconf 90' lang='lat' dir='ltr'><strong>artibus</strong></span> 
     </span>
    </p>
   </div>
   <div class='ocr_carea' id='block_1_100' title="bbox 159 5493 1746 5565">
    <p class='ocr_par' dir='ltr' id='par_1_100' title="bbox 159 5493 1746 5565">
     <span class='ocr_line' id='line_1_100' title="bbox 159 5493 1746 5565; baseline 0.001 -19"><span class='ocrx_word' id='word_1_707' title='bbox 159 5494 425 5564; x_wconf 85' lang='lat' dir='ltr'><strong>loquitur,</strong></span> <span class='ocrx_word' id='word_1_708' title='bbox 445 5493 784 5565; x_wconf 85' lang='lat' dir='ltr'><strong>Thespesion</strong></span> <span class='ocrx_word' id='word_1_709' title='bbox 811 5496 1256 5565; x_wconf 86' lang='lat' dir='ltr'><strong>gymnosophista</strong></span> <span class='ocrx_word' id='word_1_710' title='bbox 1283 5496 1426 5564; x_wconf 88' lang='lat' dir='ltr'><strong>apud</strong></span> <span class='ocrx_word' id='word_1_711' title='bbox 1445 5493 1746 5549; x_wconf 90' lang='lat' dir='ltr'><strong>Philostra-</strong></span> 
     </span>
    </p>
   </div>
   <div class='ocr_carea' id='block_1_101' title="bbox 160 5565 1745 5635">
    <p class='ocr_par' dir='ltr' id='par_1_101' title="bbox 160 5565 1745 5635">
     <span class='ocr_line' id='line_1_101' title="bbox 160 5565 1745 5635; baseline 0.001 -18"><span class='ocrx_word' id='word_1_712' title='bbox 160 5573 270 5619; x_wconf 92' lang='lat' dir='ltr'><strong>tum</strong></span> <span class='ocrx_word' id='word_1_713' title='bbox 309 5567 402 5619; x_wconf 91' lang='lat' dir='ltr'><strong>lib.</strong></span> <span class='ocrx_word' id='word_1_714' title='bbox 434 5583 505 5628; x_wconf 76' lang='lat' dir='ltr'><strong>vn,</strong></span> <span class='ocrx_word' id='word_1_715' title='bbox 535 5566 606 5621; x_wconf 84' lang='lat' dir='ltr'><strong>De</strong></span> <span class='ocrx_word' id='word_1_716' title='bbox 649 5568 756 5620; x_wconf 84' lang='lat' dir='ltr'><strong>vita</strong></span> <span class='ocrx_word' id='word_1_717' title='bbox 789 5565 1076 5633; x_wconf 75' lang='lat' dir='ltr'><strong>Apollonii.</strong></span> <span class='ocrx_word' id='word_1_718' title='bbox 1115 5581 1234 5635; x_wconf 88' lang='lat' dir='ltr'><strong>cap.</strong></span> <span class='ocrx_word' id='word_1_719' title='bbox 1264 5565 1350 5619; x_wconf 82' lang='lat' dir='ltr'><strong>l0.</strong></span> <span class='ocrx_word' id='word_1_720' title='bbox 1382 5565 1528 5619; x_wconf 90' lang='lat' dir='ltr'><strong>Loco</strong></span> <span class='ocrx_word' id='word_1_721' title='bbox 1563 5573 1745 5620; x_wconf 90' lang='lat' dir='ltr'><strong>autem</strong></span> 
     </span>
    </p>
   </div>
   <div class='ocr_carea' id='block_1_102' title="bbox 159 5635 1746 5709">
    <p class='ocr_par' dir='ltr' id='par_1_102' title="bbox 159 5635 1746 5709">
     <span class='ocr_line' id='line_1_102' title="bbox 159 5635 1746 5709; baseline 0 -21"><span class='ocrx_word' id='word_1_722' title='bbox 159 5637 251 5709; x_wconf 69' lang='lat' dir='ltr'><strong>ubi</strong></span> <span class='ocrx_word' id='word_1_723' title='bbox 277 5637 396 5690; x_wconf 71' lang='lat' dir='ltr'><strong>haec</strong></span> <span class='ocrx_word' id='word_1_724' title='bbox 433 5636 747 5709; x_wconf 73' lang='lat' dir='ltr'><strong>referuntur</strong></span> <span class='ocrx_word' id='word_1_725' title='bbox 786 5636 1007 5706; x_wconf 89' lang='lat' dir='ltr'><strong>proprio</strong></span> <span class='ocrx_word' id='word_1_726' title='bbox 1046 5638 1271 5691; x_wconf 84' lang='lat' dir='ltr'><strong>verbum</strong></span> <span class='ocrx_word' id='word_1_727' title='bbox 1313 5635 1746 5709; x_wconf 80' lang='grc' dir='ltr'>ὲξεπορεύθησαν</span> 
     </span>
    </p>
   </div>
   <div class='ocr_carea' id='block_1_103' title="bbox 158 5701 730 5762">
    <p class='ocr_par' dir='ltr' id='par_1_103' title="bbox 158 5701 730 5762">
     <span class='ocr_line' id='line_1_103' title="bbox 158 5701 730 5762; baseline 0.002 -1"><span class='ocrx_word' id='word_1_728' title='bbox 158 5701 421 5762; x_wconf 77' lang='lat' dir='ltr'><strong>Philostr.</strong></span> <span class='ocrx_word' id='word_1_729' title='bbox 460 5707 730 5762; x_wconf 88' lang='lat' dir='ltr'><strong>adhibuit.</strong></span> 
     </span>
    </p>
   </div>
   <div class='ocr_carea' id='block_1_104' title="bbox 234 5775 1741 5848">
    <p class='ocr_par' dir='ltr' id='par_1_104' title="bbox 234 5775 1741 5848">
     <span class='ocr_line' id='line_1_104' title="bbox 234 5775 1741 5848; baseline 0 -17"><span class='ocrx_word' id='word_1_730' title='bbox 234 5778 344 5848; x_wconf 87' lang='lat' dir='ltr'><strong>(l0)</strong></span> <span class='ocrx_word' id='word_1_731' title='bbox 383 5778 628 5833; x_wconf 75' lang='grc' dir='ltr'>Χαλκοῦ</span> <span class='ocrx_word' id='word_1_732' title='bbox 659 5777 980 5844; x_wconf 78' lang='grc' dir='ltr'>διακόνους</span> <span class='ocrx_word' id='word_1_733' title='bbox 1023 5776 1140 5846; x_wconf 82' lang='grc' dir='ltr'><strong>τὴν</strong></span> <span class='ocrx_word' id='word_1_734' title='bbox 1179 5776 1357 5844; x_wconf 79' lang='grc' dir='ltr'><strong>ὕλην.</strong></span> <span class='ocrx_word' id='word_1_735' title='bbox 1407 5775 1576 5848; x_wconf 70' lang='grc' dir='ltr'><strong>Ᾱῖετθ</strong></span> <span class='ocrx_word' id='word_1_736' title='bbox 1611 5777 1741 5832; x_wconf 89' lang='lat' dir='ltr'><strong>mihi</strong></span> 
     </span>
    </p>
   </div>
   <div class='ocr_carea' id='block_1_105' title="bbox 164 5845 1739 5918">
    <p class='ocr_par' dir='ltr' id='par_1_105' title="bbox 164 5845 1739 5918">
     <span class='ocr_line' id='line_1_105' title="bbox 164 5845 1739 5918; baseline 0.002 -19"><span class='ocrx_word' id='word_1_737' title='bbox 164 5845 295 5901; x_wconf 80' lang='lat' dir='ltr'><strong>facit</strong></span> <span class='ocrx_word' id='word_1_738' title='bbox 329 5845 433 5903; x_wconf 77' lang='lat' dir='ltr'><strong>vox</strong></span> <span class='ocrx_word' id='word_1_739' title='bbox 461 5848 744 5913; x_wconf 78' lang='grc' dir='ltr'>διακόνους</span> <span class='ocrx_word' id='word_1_740' title='bbox 777 5845 1099 5918; x_wconf 87' lang='lat' dir='ltr'><strong>interposita</strong></span> <span class='ocrx_word' id='word_1_741' title='bbox 1145 5848 1375 5904; x_wconf 84' lang='lat' dir='ltr'><strong>vocibus</strong></span> <span class='ocrx_word' id='word_1_742' title='bbox 1410 5845 1604 5902; x_wconf 79' lang='lat' dir='ltr'><strong>natura</strong></span> <span class='ocrx_word' id='word_1_743' title='bbox 1639 5861 1739 5903; x_wconf 90' lang='lat' dir='ltr'><strong>sua</strong></span> 
     </span>
    </p>
   </div>
   <div class='ocr_carea' id='block_1_106' title="bbox 161 5918 1739 5992">
    <p class='ocr_par' dir='ltr' id='par_1_106' title="bbox 161 5918 1739 5992">
     <span class='ocr_line' id='line_1_106' title="bbox 161 5918 1739 5992; baseline 0.001 -21"><span class='ocrx_word' id='word_1_744' title='bbox 161 5918 581 5992; x_wconf 81' lang='lat' dir='ltr'><strong>conjungendis,</strong></span> <span class='ocrx_word' id='word_1_745' title='bbox 617 5935 792 5990; x_wconf 90' lang='lat' dir='ltr'><strong>neque</strong></span> <span class='ocrx_word' id='word_1_746' title='bbox 833 5921 937 5974; x_wconf 91' lang='lat' dir='ltr'><strong>hac</strong></span> <span class='ocrx_word' id='word_1_747' title='bbox 971 5921 1182 5974; x_wconf 90' lang='lat' dir='ltr'><strong>ratione</strong></span> <span class='ocrx_word' id='word_1_748' title='bbox 1231 5919 1578 5985; x_wconf 87' lang='lat' dir='ltr'><strong>divellendis,</strong></span> <span class='ocrx_word' id='word_1_749' title='bbox 1631 5919 1739 5974; x_wconf 87' lang='lat' dir='ltr'><strong>nisi</strong></span> 
     </span>
    </p>
   </div>
   <div class='ocr_carea' id='block_1_107' title="bbox 1850 5212 3414 5280">
    <p class='ocr_par' dir='ltr' id='par_1_107' title="bbox 1850 5212 3414 5280">
     <span class='ocr_line' id='line_1_107' title="bbox 1850 5212 3414 5280; baseline -0.001 -15"><span class='ocrx_word' id='word_1_750' title='bbox 1850 5212 1984 5265; x_wconf 89' lang='lat' dir='ltr'><strong>nihil</strong></span> <span class='ocrx_word' id='word_1_751' title='bbox 2009 5213 2153 5264; x_wconf 88' lang='lat' dir='ltr'><strong>enim</strong></span> <span class='ocrx_word' id='word_1_752' title='bbox 2187 5227 2249 5265; x_wconf 89' lang='lat' dir='ltr'><strong>ea</strong></span> <span class='ocrx_word' id='word_1_753' title='bbox 2281 5221 2363 5267; x_wconf 82' lang='lat' dir='ltr'><strong>est</strong></span> <span class='ocrx_word' id='word_1_754' title='bbox 2390 5228 2550 5280; x_wconf 91' lang='lat' dir='ltr'><strong>opus.</strong></span> <span class='ocrx_word' id='word_1_755' title='bbox 2719 5212 2731 5214; x_wconf 70' lang='grc'><strong><em>“</em></strong></span> <span class='ocrx_word' id='word_1_756' title='bbox 3407 5258 3414 5264; x_wconf 95' lang='grc'>.</span> 
     </span>
    </p>
   </div>
   <div class='ocr_carea' id='block_1_108' title="bbox 1924 5281 3430 5352">
    <p class='ocr_par' dir='ltr' id='par_1_108' title="bbox 1924 5281 3430 5352">
     <span class='ocr_line' id='line_1_108' title="bbox 1924 5281 3430 5352; baseline -0.001 -17"><span class='ocrx_word' id='word_1_757' title='bbox 1924 5281 2036 5352; x_wconf 82' lang='lat' dir='ltr'><strong>(ll)</strong></span> <span class='ocrx_word' id='word_1_758' title='bbox 2079 5283 2306 5347; x_wconf 80' lang='grc' dir='ltr'>Πότοις.</span> <span class='ocrx_word' id='word_1_759' title='bbox 2343 5282 2479 5336; x_wconf 86' lang='lat' dir='ltr'><strong>Male</strong></span> <span class='ocrx_word' id='word_1_760' title='bbox 2523 5284 2575 5336; x_wconf 90' lang='lat' dir='ltr'><strong>in</strong></span> <span class='ocrx_word' id='word_1_761' title='bbox 2611 5284 2776 5340; x_wconf 90' lang='lat' dir='ltr'><strong>editis</strong></span> <span class='ocrx_word' id='word_1_762' title='bbox 2807 5281 3112 5337; x_wconf 79' lang='lat' dir='ltr'><strong>habebatur</strong></span> <span class='ocrx_word' id='word_1_763' title='bbox 3141 5282 3430 5350; x_wconf 86' lang='grc' dir='ltr'>ποταμοῖς,</span> 
     </span>
    </p>
   </div>
   <div class='ocr_carea' id='block_1_109' title="bbox 1849 5351 3428 5421">
    <p class='ocr_par' dir='ltr' id='par_1_109' title="bbox 1849 5351 3428 5421">
     <span class='ocr_line' id='line_1_109' title="bbox 1849 5351 3428 5421; baseline -0.001 -16"><span class='ocrx_word' id='word_1_764' title='bbox 1849 5353 1993 5420; x_wconf 91' lang='lat' dir='ltr'><strong>quod</strong></span> <span class='ocrx_word' id='word_1_765' title='bbox 2020 5351 2216 5406; x_wconf 77' lang='lat' dir='ltr'><strong>Secure</strong></span> <span class='ocrx_word' id='word_1_766' title='bbox 2241 5354 2403 5408; x_wconf 90' lang='lat' dir='ltr'><strong>nimis</strong></span> <span class='ocrx_word' id='word_1_767' title='bbox 2429 5363 2652 5408; x_wconf 86' lang='lat' dir='ltr'><strong>secutus</strong></span> <span class='ocrx_word' id='word_1_768' title='bbox 2679 5355 2780 5408; x_wconf 82' lang='lat' dir='ltr'><strong>fuit</strong></span> <span class='ocrx_word' id='word_1_769' title='bbox 2809 5353 3089 5411; x_wconf 86' lang='lat' dir='ltr'><strong>Acciolus.</strong></span> <span class='ocrx_word' id='word_1_770' title='bbox 3114 5351 3204 5421; x_wconf 90' lang='lat' dir='ltr'><strong>qui</strong></span> <span class='ocrx_word' id='word_1_771' title='bbox 3230 5352 3394 5404; x_wconf 88' lang='lat' dir='ltr'><strong>vertit</strong></span> <span class='ocrx_word' id='word_1_772' title='bbox 3416 5367 3428 5382; x_wconf 73' lang='grc' dir='ltr'><strong>ι</strong></span> 
     </span>
    </p>
   </div>
   <div class='ocr_carea' id='block_1_110' title="bbox 1852 5421 3433 5495">
    <p class='ocr_par' dir='ltr' id='par_1_110' title="bbox 1852 5421 3433 5495">
     <span class='ocr_line' id='line_1_110' title="bbox 1852 5421 3433 5495; baseline -0.002 -17"><span class='ocrx_word' id='word_1_773' title='bbox 1852 5421 1956 5478; x_wconf 85' lang='lat' dir='ltr'><strong>Sed</strong></span> <span class='ocrx_word' id='word_1_774' title='bbox 1989 5431 2040 5476; x_wconf 84' lang='lat' dir='ltr'><strong>et</strong></span> <span class='ocrx_word' id='word_1_775' title='bbox 2070 5422 2267 5495; x_wconf 67' lang='lat' dir='ltr'><strong>calices</strong></span> <span class='ocrx_word' id='word_1_776' title='bbox 2293 5434 2438 5478; x_wconf 79' lang='lat' dir='ltr'><strong>actos</strong></span> <span class='ocrx_word' id='word_1_777' title='bbox 2466 5424 2519 5475; x_wconf 80' lang='lat' dir='ltr'><strong>in</strong></span> <span class='ocrx_word' id='word_1_778' title='bbox 2541 5442 2728 5493; x_wconf 87' lang='lat' dir='ltr'><strong>gyrum</strong></span> <span class='ocrx_word' id='word_1_779' title='bbox 2751 5425 2907 5495; x_wconf 81' lang='lat' dir='ltr'><strong>quasi</strong></span> <span class='ocrx_word' id='word_1_780' title='bbox 2931 5424 3188 5495; x_wconf 77' lang='lat' dir='ltr'><strong>vorticeso</strong></span> <span class='ocrx_word' id='word_1_781' title='bbox 3213 5421 3433 5490; x_wconf 73' lang='lat' dir='ltr'><strong>ﬂumine</strong></span> 
     </span>
    </p>
   </div>
   <div class='ocr_carea' id='block_1_111' title="bbox 1850 5493 3428 5564">
    <p class='ocr_par' dir='ltr' id='par_1_111' title="bbox 1850 5493 3428 5564">
     <span class='ocr_line' id='line_1_111' title="bbox 1850 5493 3428 5564; baseline 0.001 -17"><span class='ocrx_word' id='word_1_782' title='bbox 1850 5493 2209 5564; x_wconf 70' lang='lat' dir='ltr'><strong>impellebant.</strong></span> <span class='ocrx_word' id='word_1_783' title='bbox 2233 5493 2307 5547; x_wconf 84' lang='lat' dir='ltr'><strong>Eo</strong></span> <span class='ocrx_word' id='word_1_784' title='bbox 2332 5495 2502 5548; x_wconf 90' lang='lat' dir='ltr'><strong>tutius</strong></span> <span class='ocrx_word' id='word_1_785' title='bbox 2527 5503 2705 5549; x_wconf 90' lang='lat' dir='ltr'><strong>autem</strong></span> <span class='ocrx_word' id='word_1_786' title='bbox 2733 5493 2918 5556; x_wconf 82' lang='grc' dir='ltr'>πότοις</span> <span class='ocrx_word' id='word_1_787' title='bbox 2940 5494 3264 5564; x_wconf 68' lang='lat' dir='ltr'><strong>substituas.</strong></span> <span class='ocrx_word' id='word_1_788' title='bbox 3282 5495 3428 5562; x_wconf 87' lang='lat' dir='ltr'><strong>quod</strong></span> 
     </span>
    </p>
   </div>
   <div class='ocr_carea' id='block_1_112' title="bbox 1851 5562 3427 5634">
    <p class='ocr_par' dir='ltr' id='par_1_112' title="bbox 1851 5562 3427 5634">
     <span class='ocr_line' id='line_1_112' title="bbox 1851 5562 3427 5634; baseline 0.001 -16"><span class='ocrx_word' id='word_1_789' title='bbox 1851 5562 1968 5634; x_wconf 77' lang='lat' dir='ltr'><strong>ipsa</strong></span> <span class='ocrx_word' id='word_1_790' title='bbox 2009 5566 2098 5618; x_wconf 77' lang='lat' dir='ltr'><strong>hic</strong></span> <span class='ocrx_word' id='word_1_791' title='bbox 2142 5562 2458 5618; x_wconf 81' lang='lat' dir='ltr'><strong>Philostrati</strong></span> <span class='ocrx_word' id='word_1_792' title='bbox 2514 5566 2679 5618; x_wconf 84' lang='lat' dir='ltr'><strong>verba</strong></span> <span class='ocrx_word' id='word_1_793' title='bbox 2720 5566 3013 5619; x_wconf 83' lang='lat' dir='ltr'><strong>retinuerit</strong></span> <span class='ocrx_word' id='word_1_794' title='bbox 3048 5562 3340 5621; x_wconf 84' lang='lat' dir='ltr'><strong>Eusebius.</strong></span> <span class='ocrx_word' id='word_1_795' title='bbox 3373 5564 3427 5619; x_wconf 91' lang='lat' dir='ltr'><strong>iu</strong></span> 
     </span>
    </p>
   </div>
   <div class='ocr_carea' id='block_1_113' title="bbox 1854 5635 3430 5705">
    <p class='ocr_par' dir='ltr' id='par_1_113' title="bbox 1854 5635 3430 5705">
     <span class='ocr_line' id='line_1_113' title="bbox 1854 5635 3430 5705; baseline 0.001 -17"><span class='ocrx_word' id='word_1_796' title='bbox 1854 5639 2013 5705; x_wconf 85' lang='lat' dir='ltr'><strong>cujus</strong></span> <span class='ocrx_word' id='word_1_797' title='bbox 2045 5643 2196 5689; x_wconf 82' lang='lat' dir='ltr'><strong>textu</strong></span> <span class='ocrx_word' id='word_1_798' title='bbox 2235 5636 2418 5698; x_wconf 85' lang='grc' dir='ltr'>πότοις</span> <span class='ocrx_word' id='word_1_799' title='bbox 2468 5636 2716 5690; x_wconf 85' lang='lat' dir='ltr'><strong>codicum</strong></span> <span class='ocrx_word' id='word_1_800' title='bbox 2769 5635 3011 5689; x_wconf 87' lang='lat' dir='ltr'><strong>omnium</strong></span> <span class='ocrx_word' id='word_1_801' title='bbox 3043 5649 3316 5690; x_wconf 88' lang='lat' dir='ltr'><strong>consensu</strong></span> <span class='ocrx_word' id='word_1_802' title='bbox 3352 5635 3430 5689; x_wconf 85' lang='lat' dir='ltr'><strong>le-</strong></span> 
     </span>
    </p>
   </div>
   <div class='ocr_carea' id='block_1_114' title="bbox 1855 5705 3427 5777">
    <p class='ocr_par' dir='ltr' id='par_1_114' title="bbox 1855 5705 3427 5777">
     <span class='ocr_line' id='line_1_114' title="bbox 1855 5705 3427 5777; baseline 0.001 -18"><span class='ocrx_word' id='word_1_803' title='bbox 1855 5707 2020 5776; x_wconf 84' lang='lat' dir='ltr'><strong>gitur.</strong></span> <span class='ocrx_word' id='word_1_804' title='bbox 2050 5705 2308 5777; x_wconf 80' lang='lat' dir='ltr'><strong>Eamdeni</strong></span> <span class='ocrx_word' id='word_1_805' title='bbox 2344 5707 2629 5777; x_wconf 81' lang='lat' dir='ltr'><strong>lectionem</strong></span> <span class='ocrx_word' id='word_1_806' title='bbox 2662 5706 2992 5761; x_wconf 85' lang='lat' dir='ltr'><strong>Salmasium</strong></span> <span class='ocrx_word' id='word_1_807' title='bbox 3021 5721 3240 5777; x_wconf 88' lang='lat' dir='ltr'><strong>quoque</strong></span> <span class='ocrx_word' id='word_1_808' title='bbox 3260 5707 3427 5761; x_wconf 65' lang='lat' dir='ltr'><strong>restio</strong></span> 
     </span>
    </p>
   </div>
   <div class='ocr_carea' id='block_1_115' title="bbox 1853 5775 2607 5847">
    <p class='ocr_par' dir='ltr' id='par_1_115' title="bbox 1853 5775 2607 5847">
     <span class='ocr_line' id='line_1_115' title="bbox 1853 5775 2607 5847; baseline 0 -17"><span class='ocrx_word' id='word_1_809' title='bbox 1853 5775 2049 5841; x_wconf 83' lang='lat' dir='ltr'><strong>tuisse,</strong></span> <span class='ocrx_word' id='word_1_810' title='bbox 2078 5786 2200 5847; x_wconf 89' lang='lat' dir='ltr'><strong>post</strong></span> <span class='ocrx_word' id='word_1_811' title='bbox 2227 5775 2607 5847; x_wconf 84' lang='lat' dir='ltr'><strong>animadverti.</strong></span> 
     </span>
    </p>
   </div>
   <div class='ocr_carea' id='block_1_116' title="bbox 1923 5845 3432 5918">
    <p class='ocr_par' dir='ltr' id='par_1_116' title="bbox 1923 5845 3432 5918">
     <span class='ocr_line' id='line_1_116' title="bbox 1923 5845 3432 5918; baseline 0 -18"><span class='ocrx_word' id='word_1_812' title='bbox 1923 5848 2032 5918; x_wconf 78' lang='grc'>(12)</span> <span class='ocrx_word' id='word_1_813' title='bbox 2078 5845 2153 5903; x_wconf 77' lang='grc' dir='ltr'>Τὰ</span> <span class='ocrx_word' id='word_1_814' title='bbox 2183 5845 2480 5912; x_wconf 81' lang='grc' dir='ltr'>ἀνωτάτω,</span> <span class='ocrx_word' id='word_1_815' title='bbox 2513 5856 2620 5904; x_wconf 86' lang='lat' dir='ltr'><strong>etc.</strong></span> <span class='ocrx_word' id='word_1_816' title='bbox 2661 5847 2859 5906; x_wconf 88' lang='lat' dir='ltr'><strong>Eadem</strong></span> <span class='ocrx_word' id='word_1_817' title='bbox 2894 5847 3076 5907; x_wconf 76' lang='lat' dir='ltr'><strong>verbis</strong></span> <span class='ocrx_word' id='word_1_818' title='bbox 3108 5845 3301 5906; x_wconf 82' lang='lat' dir='ltr'><strong>iisdem</strong></span> <span class='ocrx_word' id='word_1_819' title='bbox 3333 5845 3432 5901; x_wconf 56' lang='lat' dir='ltr'><strong>hac</strong></span> 
     </span>
    </p>
   </div>
   <div class='ocr_carea' id='block_1_117' title="bbox 1848 5917 2406 5989">
    <p class='ocr_par' dir='ltr' id='par_1_117' title="bbox 1848 5917 2406 5989">
     <span class='ocr_line' id='line_1_117' title="bbox 1848 5917 2406 5989; baseline -0.004 -15"><span class='ocrx_word' id='word_1_820' title='bbox 1848 5917 1945 5974; x_wconf 83' lang='lat' dir='ltr'><strong>bes</strong></span> <span class='ocrx_word' id='word_1_821' title='bbox 1980 5917 2166 5989; x_wconf 88' lang='lat' dir='ltr'><strong>supra,</strong></span> <span class='ocrx_word' id='word_1_822' title='bbox 2201 5933 2319 5988; x_wconf 84' lang='lat' dir='ltr'><strong>cap.</strong></span> <span class='ocrx_word' id='word_1_823' title='bbox 2354 5917 2406 5972; x_wconf 86' lang='lat'><strong>5.</strong></span> 
     </span>
    </p>
   </div>
  </div>
