3938 6516
189 421 321 478 8‘29

1366 433 1566 490 LIBER
1603 434 1885 490 CONTRA
1922 433 2341 491 HIEROCLEM.

3372 428 3478 485 830

189 542 518 614 Πυγμαίων
556 542 753 605 ἄλλων.
802 546 897 600 καὶ
934 549 1247 603 ...κιαπόδων
1292 552 1557 625 ἀνερωτᾷ.
1605 554 1717 608 Καὶ
1754 571 1771 607 ε

1904 554 2064 608 nem!
2096 551 2470 623 Intermgasse
2495 551 2622 607 item
2653 550 2721 605 de
2742 549 3058 605 hominibus
3088 547 3478 603 subterraneas

184 634 455 701 γίγνοιτο
477 639 607 709 παρ’
633 640 817 704 αὐτοῖς
844 638 983 704 ζώον
1007 644 1328 715 τετράπουν,
1360 646 1388 699 ὃ
1412 646 1624 715 λέγεται
1648 648 1800 701 Μαν-

183 726 405 796 τιχόρα
432 729 568 799 (19),
592 730 621 783 ὓ
646 730 745 803 τὴν
768 733 1009 806 κεφαλὴν
1028 736 1301 809 ἀνθρώπῳ
1324 738 1595 804 είκάσθαι,
1626 740 1800 813 λέοντι

181 814 251 870 δὲ
312 818 634 889 ὠμοιῶσθαι
671 821 733 874 τὸ
786 822 1036 893 μέγεθος,
1088 825 1187 898 τὴν
1225 828 1281 880 δὲ
1323 827 1490 899 οὐρὰν
1546 829 1799 899 ἐκφέρειν

181 910 489 979 πηχυαίας
520 912 615 963 καὶ
656 912 988 980 ἀκανθώδεις
1028 916 1127 980 τὰς
1172 919 1364 989 τρίχας
1394 918 1502 989 (20)
1529 960 1544 983 ,
1570 919 1635 981 ἃς
1677 919 1799 989 βάλ.

178 1000 316 1053 λειν
338 1000 532 1073 ὥσπερ
551 1004 857 1077 τοξεύματα
885 1010 942 1070 ἐς
963 1011 1089 1073 τοὺς
1112 1008 1414 1081 θηρῶντας.
1438 1012 1547 1064 Καὶ
1571 1012 1796 1066 τοιαῦτα

183 1090 300 1161 μὲν
350 1094 445 1147 τὸν
499 1096 852 1152 Ἀπολλώνιον
896 1101 1210 1173 ἀνερωτᾷνο
1244 1104 1335 1156 τὸν
1375 1104 1431 1156 δὲ
1479 1106 1694 1177 Ἰἀρχαν
1723 1107 1796 1159 δι-

175 1181 424 1238 δάσκειν
474 1188 636 1240 αὐτὸν
668 1192 796 1262 περὶ
828 1192 924 1261 μὲν
962 1194 1069 1245 τῶν
1103 1196 1418 1265 Πυγμαίων,
1451 1196 1525 1261 ὡς
1554 1197 1659 1268 ἄρα
1684 1193 1792 1250 εἶεν

175 1276 483 1342 οἰκοῦντες
508 1280 605 1349 μὲν
641 1282 905 1350 ύπόγειοι,
929 1268 1294 1355 διατρίϐοντες
1321 1288 1378 1340 δὲ
1404 1288 1507 1340 ὑπὸ
1534 1290 1622 1341 τὸν
1653 1290 1793 1358 Γάγσ

173 1385 297 1437 την
331 1371 585 1442 ποταμὸν
634 1371 835 1439 ζῶντες
859 1394 871 1405 ·
906 1378 1034 1449 περὶ
1072 1378 1129 1432 δὲ
1186 1380 1295 1435 τῶν
1332 1380 1537 1446 ἄλλων,
1580 1383 1655 1447 ὠς
1698 1384 1792 1435 άν-

176 1458 461 1531 ύπαρκτα
494 1463 601 1535 εἴη.

713 1685 1111 1740 ΚΕΦΑΛΑῘΟΝ
1150 1688 1277 1741 ΚΓ.

253 1773 461 1845 Ἕριον
498 1775 591 1827 ἐπὶ
640 1776 851 1843 τούτοις
905 1780 1169 1851 φυόμενον
1215 1783 1398 1846 αὐτοῖς
1437 1784 1544 1837 ἀπὸ
1579 1786 1682 1856 γῆς
1728 1788 1785 1850 ἐς

172 1864 425 1934 ἐσθῆτος
462 1865 591 1937 ὓλην
620 1869 647 1920 ὁ
678 1869 1033 1943 Φιλόστρατος
1066 1874 1391 1943 ἀναγράφει,
1428 1876 1645 1940 πάντως
1692 1877 1785 1950 δή·

173 1973 285 2009 που
340 1957 457 2011 τῶν
506 1960 811 2031 φιλοσόφων
858 1964 1001 2017 ἱστὸν
1052 1966 1441 2037 ἐποιχομένων,
1478 1969 1569 2021 καὶ
1617 1962 1781 2025 ταλα-

167 2050 501 2121 σιουργίαις
545 2054 603 2116 ὲς
648 2054 876 2131 ἐσθῆτος
942 2059 1306 2133 κατεργασίαν
1370 2062 1780 2132 ὲκπονουμένων

172 2143 329 2209 (οὐδὲ
371 2143 484 2216 γὰρ
518 2146 767 2215 εἰσῆκται
809 2148 918 2218 (Si)
956 2150 1081 2221 παρ’
1120 2152 1303 2215 αὐτοῖς
1346 2157 1652 2221 γυναικεῖον
1682 2154 1780 2223 φῦ-

168 2234 267 2286 λον
286 2238 329 2297 ),
363 2238 412 2288 εί
454 2236 528 2306 μὴ
575 2239 670 2290 καὶ
696 2239 854 2293 τοῦτο
887 2243 1109 2313 φήσειεν
1139 2244 1445 2315 αὐτόματον
1471 2247 1653 2311 αὐτοῖς
1676 2264 1780 2301 παο

170 2326 431 2397 ραδόξως
488 2328 555 2381 δι’
608 2330 789 2400 ἱερέας
837 2334 949 2402 (22)
999 2337 1058 2397 ἐς
1124 2336 1327 2406 ἐσθῆτα
1383 2339 1774 2408 μεταφύεσθαι.

168 2418 317 2490 Φέρε
329 2436 380 2471 ιν
409 2420 456 2472 δ’
481 2422 708 2477 ἕκαστον
736 2424 913 2477 αὐτῶν
938 2425 1131 2496 ῥάϐδον
1156 2429 1249 2480 καὶ
1278 2427 1580 2495 δακτύλιον,
1613 2431 1779 2503 ἀπόρ-

173 2515 351 2583 ρητον
386 2512 583 2583 ἔχοντα
634 2518 807 2588 ἰσχύν.
852 2516 984 2572 Εἶτα
1022 2520 1463 2591 παραδοξοποιίαι
1510 2522 1601 2575 τοῦ
1641 2524 1777 2595 Βρα-

169 2605 415 2672 χμᾶνος,
456 2606 528 2669 ὡς
560 2606 896 2679 δαιμονῶντα
942 2611 1007 2663 δι’
1034 2614 1321 2684 ἐπιστολῆς
1367 2614 1771 2683 ἀνακαλέσοιτο,

164 2696 246 2757 ὡς
279 2696 601 2766 χωλεύοντα
637 2700 953 2773 καταψήσας
981 2704 1072 2756 τὸν
1100 2705 1324 2775 γλουτὸν
1368 2707 1771 2778 θεραπεύσειεν,

165 2786 248 2849 ὡς
300 2790 497 2860 τυφλῷ
536 2792 597 2843 τὸ
640 2791 878 2862 βλέπειν,
912 2797 1007 2849 καὶ
1053 2797 1273 2866 ἀδρανεῖ
1317 2816 1424 2853 τινι
1471 2800 1569 2870 τὴν
1617 2803 1774 2872 χεῖρα

172 2878 329 2933 σώαν
365 2882 665 2954 χαρίζοιτο.

697 3179 1094 3235 ΚΕΦᾹΛΑῙΟΝ
1127 3182 1217 3234 ΚΔ
1238 3224 1251 3237 .

1904 646 2157 715 regiones
2196 644 2596 707 incolentibus,
2633 643 2755 698 aliis
2807 644 2935 698 item
2986 642 3080 713 qui
3115 642 3339 713 pygmaei
3392 641 3477 694 di-

1898 745 2120 803 cantur,
2152 745 2207 792 et
2242 736 2609 806 umbripedes.
2643 736 2729 790 An
2753 737 2880 791 item
2915 735 3059 806 apud
3092 750 3187 790 eos
3233 734 3477 804 quadru-

1900 844 1995 898 pes
2018 830 2237 884 obvium
2268 831 2341 884 sit
2372 828 2597 892 animal,
2630 826 2988 890 Mantichora,
3020 827 3165 897 quod
3196 826 3473 880 hominem

1897 924 2078 992 capite
2110 921 2331 983 referat,
2361 920 2508 975 mole
2541 920 2793 990 corporis
2823 919 3033 974 leonem
3062 924 3327 987 exaequet,
3352 932 3476 971 cau-

1896 1014 2085 1085 daeque
2122 1015 2243 1069 loco
2281 1014 2561 1082 promittat
2596 1012 2863 1067 cubitales
2912 1019 3089 1075 setas,
3121 1010 3371 1064 acanthis
3399 1010 3472 1063 ai-

1895 1108 2074 1169 miles,
2106 1122 2244 1176 quas
2279 1106 2444 1161 veluti
2484 1105 2712 1175 sagittas
2753 1105 2805 1157 in
2853 1113 3141 1157 venatores
3176 1102 3472 1170 jaculetur.

1893 1197 2069 1268 Atque
2096 1198 2209 1253 haec
2242 1197 2592 1267 Apollonium
2639 1196 2857 1265 quidem
2901 1194 3022 1267 [ait]
3067 1195 3469 1262 interrogasse,

1902 1287 2147 1343 Iarcham
2182 1299 2362 1343 autem
2387 1291 2453 1343 de
2478 1289 2736 1360 pygmmis
2763 1288 2985 1357 quidem
3020 1304 3143 1342 eum
3180 1288 3434 1341 docuisse
3453 1327 3470 1349 ,

1892 1382 2278 1436 subterraneas
2301 1398 2499 1451 specus
2520 1398 2617 1439 eos
2651 1382 2919 1447 habitare,
2947 1381 3050 1436 sub
3087 1380 3274 1449 Gange
3307 1379 3472 1432 ﬂuvio

1890 1475 2055 1527 vitam
2116 1475 2408 1545 degentes;
2470 1476 2539 1531 de
2593 1477 2808 1530 exteris
2860 1489 3027 1541 vero,
3092 1474 3342 1542 nuspiam
3404 1486 3470 1526 ea

1889 1568 2176 1623 exsistere.
3168 1596 3196 1636 ι

2339 1657 2501 1729 526
2537 1652 2764 1709 CAPUT
2803 1651 2989 1707 xxm.

1958 1750 2227 1806 Praeterea
2271 1751 2451 1804 lanam
2502 1760 2896 1805 commemorat
2945 1746 3311 1801 Philostratus
3358 1740 3405 1771 ⁸³
3438 1756 3469 1796 e

1886 1853 2033 1897 terra
2058 1843 2169 1897 illis
2191 1843 2624 1914 provenientem,
2660 1850 2717 1895 ut
2752 1840 2998 1896 vestibus
3022 1844 3302 1895 materiam
3330 1856 3463 1911 pra:-

1816 1902 1858 1956 B
1886 1936 2045 2002 beat;
2082 1902 2423 2006 philosophis
2452 1902 2646 2005 nempe
2683 1934 2901 2005 pectine
2931 1934 3067 1988 telas
3089 1934 3312 1987 omnino
3332 1902 3466 2003 ⁸ρον-

1881 2028 2252 2095 currentibus,
2300 2036 2354 2082 et
2390 2027 2689 2081 laniﬁcium
2735 2027 2800 2081 ad
2844 2034 3026 2081 vestes
3067 2024 3467 2095 comparandas

1879 2121 2259 2174 exercentibus
2306 2121 2507 2189 (neque
2551 2121 2697 2175 enim
2749 2120 3033 2175 muliebris
3076 2135 3241 2173 sexus
3272 2127 3468 2172 contu-

1879 2211 2070 2267 bernio
2105 2213 2246 2283 apud
2280 2228 2375 2268 eos
2422 2214 2795 2286 admittitur),
2844 2213 2951 2267 nisi
2997 2220 3051 2267 et
3092 2213 3269 2265 lanam
3317 2211 3469 2264 dicat

1878 2316 2071 2376 sponte
2090 2322 2186 2361 sua
2213 2308 2355 2377 apud
2382 2322 2477 2361 eos
2500 2306 3015 2378 miraeuloquodam
3043 2309 3095 2359 in
3120 2304 3463 2360 sacerdotum

1879 2400 2111 2469 gratiam
2184 2398 2569 2453 transformari
2640 2400 2695 2453 in
2755 2408 2955 2455 vestes.
3023 2397 3248 2452 Gestare
3303 2413 3466 2467 porro

1877 2492 2128 2561 quemvis
2163 2507 2352 2546 eorum
2393 2492 2649 2545 baculum
2676 2491 2846 2545 refert
2869 2503 2920 2547 et
2948 2492 3230 2557 annulum,
3264 2504 3463 2543 arcana

1877 2591 2225 2654 przestantem
2272 2584 2492 2639 virtute.
2559 2582 2877 2656 Sequuntur
2926 2584 3052 2636 inde
3106 2581 3464 2638 Brachmanis

1879 2676 2166 2740 miracula,
2208 2684 2268 2729 ut
2305 2677 2550 2730 daemone
2598 2676 2740 2730 malo
2773 2683 3083 2745 correptum
3131 2674 3300 2728 missa
3347 2675 3464 2743 cpi-

1876 2766 2015 2819 stola
2065 2766 2371 2819 restituerit
2404 2765 2472 2831 “,
2513 2772 2574 2817 ut
2609 2766 2735 2818 item
2775 2764 2895 2819 solo
2936 2772 3139 2817 attactu
3176 2779 3330 2826 eum,
3367 2762 3460 2832 qui

1876 2858 2115 2912 lunatam
2152 2859 2388 2913 habebat
2436 2858 2741 2929 apophysin
2775 2857 2921 2913 ossis
2954 2857 3183 2925 majoris
3214 2856 3460 2923 femoris,

1874 2952 2151 3008 sanaverit
2190 2953 2233 2983 ⁸⁵
2271 2970 2283 3005 :
2317 2960 2374 3005 ut
2413 2952 2589 3006 oculis
2616 2951 2743 3004 item
2801 2961 2961 3020 capto
3016 2950 3194 3004 visum
3222 2991 3236 3012 ,
3295 2956 3461 3020 atque

1874 3059 2039 3098 manu
2070 3044 2361 3111 laboranti,
2395 3043 2662 3113 integram
2696 3057 2815 3096 eam
2844 3040 3146 3096 restituerit
3178 3041 3243 3093 ".

2437 3172 2668 3228 CAPUT
2710 3171 2901 3227 XXIV.

241 3271 434 3326 Πολλά
454 3271 672 3341 κάγαθά
690 3274 897 3342 γένοιτο
920 3276 1260 3346 πραγμάτων
1279 3278 1427 3347 ἡμᾶς
1447 3277 1771 3333 ἀπολύσαντι

1948 3269 2092 3326 Bene
2141 3271 2359 3326 eveniat
2396 3272 2630 3333 auctori,
2680 3271 2773 3340 qui
2819 3286 2919 3324 nos
2966 3284 3134 3339 opera
3186 3269 3457 3324 sublevat.

169 3362 290 3432 (ἳῦ)
330 3363 410 3434 τῷ
448 3368 774 3435 συγγραφεῖ.
836 3366 981 3436 Δῆλα
1012 3368 1121 3439 γὰρ
1150 3368 1224 3430 ὠς
1255 3368 1427 3439 ἀληθῆ
1464 3368 1771 3432 καὶταῦτα,

166 3452 259 3505 ὅτε
301 3452 535 3523 βροντάς
572 3471 632 3507 τε
671 3455 765 3507 καὶ
806 3455 1040 3526 ἀνέμους
1074 3458 1131 3510 ὲν
1167 3457 1376 3523 πίθοις,
1425 3458 1681 3529 τρίποδάς
1713 3476 1773 3512 τε

168 3544 234 3595 ὲκ
265 3543 424 3596 λίθου
465 3544 762 3612 φοιτῶντας
800 3547 1121 3616 αὐτομάτως
1151 3586 1165 3610 ,
1229 3549 1323 3600 καὶ
1360 3549 1627 3619 οἰνοχόους
1666 3550 1774 3603 ἀπὸ

170 3633 382 3703 χαλκοῦ
416 3635 791 3706 περιελαύνειν
823 3638 879 3689 ἐν
918 3636 1100 3706 κύκλῳ
1132 3636 1231 3700 τὰς
1263 3636 1489 3699 κύλικας
1522 3642 1773 3708 προϊστο-

173 3728 373 3797 ρήσας,
402 3726 491 3779 διά
516 3728 615 3798 τῆς
645 3728 993 3799 περὶτούτων
1015 3768 1029 3790 ,
1059 3730 1135 3792 ὡς
1162 3728 1377 3800 ἀληθῶν
1396 3771 1409 3792 ,
1440 3731 1769 3800 ἀφηγήσεως

168 3819 265 3870 καὶ
296 3817 411 3869 τῶν
435 3818 635 3870 λοιπῶν
656 3820 907 3873 ἁπάντων
941 3820 1166 3892 ἐξέφηνέ
1196 3838 1255 3874 τε
1285 3823 1378 3874 καὶ
1404 3822 1648 3893 διήλεγξε
1670 3824 1767 3895 τὴν

174 3907 532 3978 μυθολογίαν.

683 4002 1079 4056 ΚΕΦΑΛΑΙΟΝ
1126 4005 1255 4060 KE'.

238 4090 544 4161 Εἰρηκέναι
572 4091 630 4144 δέ
656 4110 820 4163 φησιν
848 4096 876 4147 ό
900 4094 1257 4165 Φιλόστρατος
1282 4096 1374 4151 τὸν
1399 4098 1571 4170 Δάμιν
1596 4141 1611 4164 ,
1641 4098 1765 4169 δίχα

164 4183 268 4252 τῆς
304 4183 472 4237 αὐτοῦ
507 4185 806 4255 παρουσίας
832 4187 925 4238 καὶ
950 4187 1028 4258 τῷ
1071 4189 1255 4261 Ἰάρχα
1302 4191 1768 4261 συμφιλοσοφῆσαι

167 4274 258 4327 τὸν
298 4273 652 4328 Ἀπολλώνιον
674 4315 687 4339 ,
711 4276 987 4347 εἰληφέναι
1014 4294 1073 4331 τε
1109 4282 1237 4350 παρ’
1260 4279 1423 4333 αὑτοῦ
1450 4281 1769 4344 δακτυλίους

270 4437 324 4469 ⁸³
363 4436 458 4491 lib.
497 4453 581 4503 ιιι,
607 4452 657 4491 c.
692 4440 777 4494 15.

166 4523 215 4563 c.
249 4507 347 4561 27.

235 4660 355 4800 ίὲέἰῖ

261 4734 355 4799 20)
405 4734 516 4800 Τὰς
543 4736 769 4801 τρίχας.
800 4734 989 4791 illanea
1024 4742 1248 4793 omnino
1286 4741 1405 4796 sine
1442 4734 1561 4797 istis
1600 4734 1748 4799 'vo'ci-

167 4802 271 4878 hus
295 4812 508 4878 gratio,
545 4822 682 4874 quas
713 4823 778 4861 ex
820 4806 1153 4863 Philostrato
1187 4812 1412 4878 proinde
1451 4816 1748 4869 restituen-

163 4873 266 4949 das
294 4874 530 4949 Eusebio
552 4873 881 4947 putavimus,
915 4882 1119 4949 pariter
1143 4873 1206 4935 ac
1233 4884 1478 4936 voculam
1507 4886 1601 4938 καί
1626 4895 1753 4941 ante

162 4944 527 5008 ἀκανθὼῗεις.

238 5014 353 5084 (2|)
398 5015 707 5095 ιςίσῇκται.
737 5016 854 5095 Yox
886 5018 1105 5095 Eusebii
1136 5030 1295 5077 aetate
1318 5025 1371 5078 in
1402 5025 1505 5079 hoc
1532 5026 1755 5095 negotio

166 5082 639 5155 frequentissima,
676 5089 803 5143 inde
847 5092 1185 5146 συνείσακτοι
1217 5096 1373 5149 dictae
1389 5082 1635 5157 femina):
1660 5113 1758 5149 va-

166 5157 265 5236 riis
302 5158 626 5236 ministeriis
649 5160 975 5236 destinata},
1031 5174 1083 5216 et
1118 5166 1170 5217 in
1206 5167 1553 5229 clericorum,
1600 5183 1755 5221 seve-

167 5231 370 5291 riorem
416 5232 578 5283 etiam
610 5231 776 5283 vitam
828 5234 1223 5300 professorum,
1274 5237 1635 5291 contubernio
1668 5238 1753 5290 vi-

167 5307 382 5373 ventes,
426 5300 495 5353 de
516 5302 742 5373 _quibus
788 5304 956 5356 multa
1006 5306 1059 5357 in
1105 5307 1341 5373 antiquis
1385 5306 1751 5362 Ecclesiarum

164 5371 492 5446 canouibus.
516 5369 852 5446 Epiphanius
878 5375 1021 5446 hazr.
1046 5391 1175 5428 LXIII
1205 5369 1271 5431 de
1301 5377 1535 5446 quodam
1566 5380 1617 5432 iu
1642 5378 1754 5432 Pa-

167 5439 379 5510 bestiua
409 5441 691 5510 episeopo,
718 5444 811 5510 qui
838 5460 867 5497 c
892 5445 1270 5500 confessorum
1298 5439 1528 5502 numero
1551 5449 1747 5504 fuerit:

175 5509 505 5588 ᾘσχηκότος
604 5509 876 5588 τοιαύτας.
890 5520 1175 5582 γυναῖκας,
1191 5518 1751 5588 ἐξυπιιρετουμένας

164 5582 333 5653 ᾳίύτῴ,
356 5584 516 5653 ,φημὶ
536 5582 594 5633 δὲ
621 5585 1083 5653 συνεισάκτους.
1133 5588 1275 5643 Idem
1309 5582 1699 5644 dcﬁvllicrdcitis
1727 5582 1746 5643 ξ

166 5650 528 5729 Χλευάζονται
546 5653 663 5704 τελε
672 5654 857 5729 ιότατα
958 5657 1024 5729 ἀς
1043 5650 1339 5729 ’κέκτηνται
1360 5660 1585 5724 ἕκαστος
1606 5676 1751 5713 συν-

163 5720 483 5801 ξισὰκζοιςς
533 5725 937 5801 γυναιῖκαςλμξδί
981 5726 1047 5788 ἃς
1083 5720 1306 5801 εἰώθασι
1358 5720 1756 5801 φιλοτιμεῖσθαι

165 5789 304 5869 ξχειν
320 5794 400 5854 είς
413 5789 772 5869 ὑπηρεσίαν,
796 5794 949 5850 Vides
974 5789 1482 5864 σεινεισάκτουςὶιίοἱ
1499 5789 1757 5857 mulieres

171 5862 309 5925 illas,
334 5878 455 5934 qum
487 5866 766 5919 ministerii
796 5882 960 5922 causa
997 5883 1120 5923 cum
1158 5870 1281 5924 istis
1314 5862 1628 5928 hominibus
1672 5872 1755 5927 vi-

882 4441 929 4472 “
968 4441 1063 4497 lib.
1096 4458 1187 4507 ιιι,
1220 4458 1271 4496 c.
1303 4443 1395 4499 58.

427 4510 473 4540 ⁸⁹
506 4510 599 4565 lib.
633 4526 727 4575 ιιι,
760 4526 810 4565 e.
844 4511 934 4566 41.

1496 4446 1542 4477 ⁸⁵
1582 4446 1678 4502 lib.
1716 4464 1773 4503 ιιι
1798 4488 1813 4514 ,

1878 3360 2080 3430 Nempe
2111 3376 2274 3429 quam
2304 3376 2429 3415 vera
2458 3362 2562 3415 ista
2607 3361 2717 3415 sint
2742 3360 2907 3413 etiam
2964 3359 3315 3414 manifestum
3349 3368 3454 3419 est,

1876 3453 2096 3525 quando
2128 3455 2368 3507 tonitrua
2399 3462 2704 3523 ventosque
2741 3453 2795 3505 in
2829 3453 2995 3505 doliis
3020 3452 3087 3514 ⁸⁷,
3130 3460 3183 3505 et
3212 3453 3457 3521 tripodas

1875 3563 1940 3602 ex
1967 3561 2102 3602 saxo
2141 3547 2365 3616 proprio
2417 3554 2566 3599 motu
2624 3545 3049 3598 obambulantes
3073 3543 3138 3606 ⁸⁸,
3168 3558 3458 3612 ωηεοεᾳιιο

1876 3640 2194 3708 pincernas,
2248 3640 2451 3693 calices
2483 3638 2537 3691 in
2571 3638 2759 3691 orbem
2793 3635 3269 3697 circumferentes,
3307 3650 3458 3690 eom-

1877 3744 2190 3783 memorans
2218 3730 2479 3798 primum,
2513 3728 2629 3781 luce
2666 3727 2780 3795 ipsa
2816 3726 2973 3795 quasi
2998 3738 3124 3777 vera
3158 3724 3453 3786 narrando,

1876 3822 2085 3891 reliqua
2108 3822 2273 3875 etiam
2304 3821 2489 3875 omnia
2530 3835 2713 3875 meras
2752 3818 2965 3873 fabulas
2997 3832 3120 3872 esse
3152 3815 3334 3886 prodit
3363 3826 3449 3869 at-

1872 3930 1979 3985 que
2006 3914 2206 3985 arguit.

2436 4005 2665 4061 CAPUT
2718 4004 2885 4058 XXV.

1944 4097 2133 4153 Refert
2166 4105 2347 4153 autem
2387 4096 2753 4154 Philostratus
2776 4099 2822 4129 "
2850 4098 3016 4151 etiam
3054 4094 3245 4149 Damin
3279 4094 3454 4149 dixis-

1876 4205 1955 4253 se,
1991 4206 2050 4245 se
2088 4207 2195 4243 non
2235 4199 2504 4259 prresente
2547 4206 2765 4261 quoque
2810 4204 2932 4242 cum
2984 4187 3174 4241 Iarcha
3224 4187 3448 4256 Apollo-

1876 4284 2028 4336 nium
2066 4282 2511 4351 philosophatum
2546 4299 2689 4350 esse,
2725 4295 3033 4350 munusque
3076 4282 3227 4332 abeo
3261 4279 3453 4333 tulisse

1861 4464 1911 4504 c.
1958 4448 2047 4503 '59.
2156 4449 2205 4481 "
2244 4450 2377 4504 ibid.
2492 4450 2534 4480 "
2576 4450 2673 4505 lib.
2708 4466 2798 4514 ιιι,
2832 4464 2882 4503 c.
2918 4447 3005 4501 14.
3121 4443 3167 4475 ⁸⁸
3208 4443 3302 4499 lib.
3348 4461 3443 4508 ιιι,

397 4665 756 4761 ζίνῐλαιοτιχιόρα.
798 4665 953 4761 Δὲιιιιᾶ
989 4665 1249 4751 Philostr.
1293 4678 1377 4750 est
1414 4672 1754 4761 Μαρτιχόρα.

1881 4673 2221 4761 municipio-.3
2252 4679 2346 4761 και
2376 4680 2659 4739 συνουσίας
2691 4677 2879 4761 χωρίς,
2927 4686 2989 4761 _ut
3021 4678 3448 4761 Chrysostoruus

1850 4754 1987 4802 orat.
2004 4750 2103 4819 Είς
2125 4746 2528 4819 τοὺςξχοντας
2540 4746 2889 4801 συνεισάκτ.
2907 4748 3087 4807 docet.
3106 4746 3233 4811 ιξνι,
3253 4768 3299 4819 p.
3318 4751 3444 4811 2M,

1854 4819 1995 4891 edit.
2050 4816 2239 4891 Savil.
2282 4818 2416 4873 Vide
2467 4820 2622 4891 plura
2666 4819 2733 4873 de
2790 4821 2875 4875 his
2919 4821 3063 4891 apud
3113 4816 3445 4876 Cotelerium

1856 4890 1921 4944 ad
1953 4888 2165 4943 Ilermze
2194 4889 2296 4944 vis.
2332 4905 2379 4952 ι,
2412 4897 2527 4942 not.
2566 4889 2617 4952 ‘l,
2648 4898 2701 4943 et
2745 4891 2810 4943 ad
2854 4888 2971 4945 vis:
3012 4907 3071 4953 ιι,
3124 4903 3235 4947 not.
3276 4893 3362 4951 15,
3392 4900 3446 4946 et

1856 4962 2112 5029 Revereg.
2143 4960 2195 5012 in
2218 4976 2340 5013 can.
2373 4974 2429 5013 ιιι
2455 4961 2673 5014 concilii
2722 4959 2923 5015 Nicmni
2950 4980 2986 5014 ι.
3010 4961 3148 5016 Hinc
3179 4962 3446 5016 Eusebius

1857 5039 1982 5101 apte
2020 5046 2207 5084 vocem
2245 5030 2562 5097 εἰσάγεσθαι
2586 5047 2651 5085 ex
2675 5048 2774 5085 usu
2809 5033 2954 5086 illius
2983 5033 3080 5086 aevi
3113 5033 3351 5091 adhibet,
3378 5033 3446 5087 de

1861 5101 2184 5172 nmlieribus
2216 5102 2466 5169 loquens,
2507 5117 2627 5170 qua:
2663 5103 3110 5172 philosophorum
3156 5104 3200 5155 si
3239 5119 3348 5156 non
3380 5104 3447 5155 li-

1865 5171 2059 5243 bidini,
2089 5171 2417 5243 ministeriis
2443 5171 2755 5240 saltem,de
2785 5174 2985 5243 quibus
3009 5174 3098 5226 hic
3120 5189 3323 5239 sermo,
3351 5189 3446 5227 va-

1865 5257 1994 5295 care
2017 5241 2306 5297 debebant.

1935 5311 2392 5394 (g‘llmliepéqc.
2419 5311 2553 5394 Ilzec
2595 5311 2895 5394 adduntur,
2926 5313 3013 5394 ad_
3034 5313 3439 5394 efprimendam

1861 5381 2176 5437 Philostrati
2217 5386 2543 5436 sententiam
2584 5383 2742 5436 τοῦτο
2790 5383 2942 5454 ἱερὰν
2998 5381 3202 5454 ἐσθῆτα
3229 5384 3440 5438 ποιοῦν-

1856 5471 1967 5515 ται,
1996 5467 2190 5520 nempe
2223 5468 2329 5505 nou
2363 5454 2677 5508 ordinarius
2710 5454 2798 5508 ille
2840 5456 3093 5523 vestitus,
3124 5454 3220 5509 sed
3249 5471 3437 5509 eorum

1857 5525 1947 5593 qui
1982 5524 2345 5593 sacerdotalia
2379 5524 2596 5593 obirent
2629 5524 2821 5579 officia.

1927 5593 2039 5663 (Q5)
2069 5592 2431 5663 Πραπμάτων
2470 5592 2625 5663 ἡμᾶς
2663 5596 3056 5649 ἀπολύσειν-τι.
3110 5594 3313 5664 Nempe
3365 5593 3434 5648 ita

1855 5675 2076 5718 strenue
2122 5673 2175 5717 et
2224 5672 2410 5731 aperte
2451 5666 2668 5719 mentiri
2697 5665 2875 5719 innuit
2915 5666 3325 5728 Philostratuin,
3371 5674 3433 5718 ut

1856 5736 2057 5789 fabulis
2093 5734 2402 5790 manifestis
2433 5743 2686 5805 suspecta
2718 5736 2927 5804 reliqua
2957 5739 3119 5791 etiam
3149 5737 3345 5801 faciat;
3371 5742 3433 5805 ut

1857 5806 1993 5859 adeo
2026 5805 2371 5861 refutationis
2405 5804 2566 5875 opera
2603 5806 2918 5862 sublevetur
2965 5809 3098 5877 ipse,
3132 5804 3432 5863 mentiendi

1857 5893 1909 5930 ιιι
1944 5894 1973 5930 a
2015 5878 2262 5932 versario
2298 5878 2650 5947 impudentia.
