3938 6502
462 421 559 478 851

1140 419 1406 476 EUSEBII
1444 415 1934 474 CESARIENSIS
1974 414 2125 472 OPP.
2163 409 2344 467 PARS
2381 412 2448 464 ll.
2485 439 2550 450 -——
2593 402 3097 462 APOLOGET'CA.

3607 392 3716 450 833

462 542 696 598 annulos
722 549 950 612 septem,
983 531 1323 611 planetarum
1350 537 1664 593 nominibus
1698 536 2020 606 insignitas:

2151 532 2267 585 πιτά
2286 573 2302 595 ,
2325 527 2644 600 ἐπωνύμους
2663 525 2908 596 ἀστέρων
2923 562 2940 583 ,
2959 521 3052 584 οὓς
3073 519 3167 574 καὶ
3189 517 3376 588 φορεῖν
3395 514 3568 570 αὑτὸν
3589 509 3724 565 καθ-

462 650 603 704 quos
636 634 801 690 etiam
853 633 1169 705 gestaverit,
1205 645 1374 686 unum
1407 638 1533 701 post
1585 631 1778 694 alium,
1811 644 1910 700 pro
1938 643 2027 682 ra-

463 727 614 780 tione
647 725 928 780 nominum
981 723 1177 778 diebus
1231 723 1636 792 impositorum.
1680 721 1807 776 Haec
1851 729 2031 774 tamen

465 817 572 872 isto
595 816 814 887 quidem
847 817 967 872 loco
1015 814 1284 880 referens,
1319 816 1412 884 qui
1461 815 1708 870 veritatis
1753 813 2034 870 studiosus

467 909 777 964 Philaletha:
813 909 1020 977 judicio
1051 915 1155 972 est,
1195 909 1302 964 alio
1339 909 1526 978 scripti
1555 908 1703 962 illius
1721 906 2034 976 loco,quasi

462 1001 732 1056 damnans
763 999 1164 1054 Brachmanum
1195 999 1622 1062 incantamenta,
1667 1007 1835 1066 utque
1867 996 1938 1050 ab
1967 995 2034 1049 iis

465 1094 759 1148 immunem
805 1099 1026 1163 praestet
1074 1093 1420 1163 Apollonium
1457 1106 1603 1146 curm
1643 1091 1874 1151 habens,
1905 1087 2036 1142 sub-

460 1183 638 1254 juugit
664 1185 995 1240 verbotenus
1024 1185 1126 1240 ista
1159 1186 1242 1240 6°:
1281 1204 1300 1237 ι
1344 1184 1544 1240 Videns
1581 1191 1760 1236 autem
1791 1181 2036 1250 tripodas

465 1275 606 1344 apud
641 1273 823 1340 ludos,
861 1275 1282 1345 pincernasque.
1305 1281 1360 1328 et
1388 1288 1728 1344 quimcuriqiie
1763 1287 1864 1324 suo
1887 1277 2036 1322 motu

465 1375 583 1420 acta
634 1367 934 1437 procedere
983 1367 1115 1430 dixi,
1163 1382 1342 1436 neque
1385 1365 1743 1436 interrogavit
1781 1377 1886 1432 qua
1919 1369 2038 1414 arte

463 1457 711 1513 confecta
740 1458 856 1512 hzec
899 1458 1032 1522 sint,
1069 1474 1248 1536 neque
1287 1456 1540 1512 discendi
1573 1471 1638 1510 ea
1677 1455 1858 1524 ipsum
1885 1451 2038 1506 volu-

465 1559 585 1620 ptas
620 1551 868 1618 incessit.
913 1549 1114 1604 Verum
1161 1550 1406 1604 laudavit
1439 1548 1683 1619 quidem,
1717 1545 1919 1600 imitari
1953 1552 2039 1598 ta-

463 1659 587 1695 men
631 1641 889 1711 dignatus
925 1641 1070 1695 haud
1117 1639 1239 1694 fuit.
1295 1658 1314 1691 ι
1365 1639 1530 1694 lllene
1571 1651 1701 1691 vero
1733 1634 1860 1708 [hoc
1891 1633 2038 1688 fece-

463 1733 598 1804 rit?]
628 1733 720 1802 qui
753 1733 976 1788 Damide
1001 1734 1257 1790 submoto
1287 1747 1411 1788 cum
1435 1733 1502 1787 iis
1523 1729 1836 1786 conversari
1858 1726 2038 1796 magni

464 1823 723 1888 faciebat,
773 1830 938 1892 atque
983 1823 1227 1878 sodalem
1278 1823 1526 1886 unicum,
1577 1815 1845 1890 quidquid
1877 1815 2038 1870 etiam

2132 623 2231 676 ἓνα,
2261 622 2394 693 πρὸς
2417 621 2486 672 τὰ
2513 599 2750 688 ὀνόματα
2777 613 2884 668 τῶν
2912 609 3153 682 ἡμερῶν.
3211 605 3398 660 Ταῦτα
3421 605 3480 658 δὲ
3509 599 3720 693 νῦν

2133 714 2249 768 πὼν
2274 691 2359 778 ,ε
2389 714 2437 764 τ’
2467 709 2662 782 ἀληθὲς
2696 708 2862 778 τιμᾷν
2891 703 3042 775 παρὰ
3074 701 3150 772 τῷ
3189 697 3518 767 ίΦιλα).ήθει
3547 713 3566 746 .
3605 691 3722 764 (si)

2133 804 2515 878 νενομισμένος
2533 842 2548 866 ,
2581 800 2696 871 μεθ’
2721 798 2883 868 ἕτερα
2907 795 3006 866 τῆς
3025 791 3243 865 γραφῆς
3261 829 3278 852 .
3302 789 3379 852 ὡς
3404 787 3468 841 ἂν
3489 786 3562 856 δὴ

2132 874 2282 953 τείαν
2317 874 2423 950 τῶν
2461 893 2799 966 Βραχμάνων
2829 889 3128 956 καταγνοὺς
3150 925 3166 948 ,
3205 881 3300 937 καὶ
3327 880 3536 949 ταύτης
3567 874 3726 932 ἐλεύ-

2135 991 2290 1060 θερον
2319 984 2654 1055 καταστῆσαι
2682 981 2774 1034 τὸν
2824 975 3176 1032 Ἀπολλώνιον
3206 971 3498 1044 φροντίσας
3527 1007 3546 1031 ,
3599 969 3722 1018 ἐπι-

2137 1057 2328 1152 φέρει,
2368 1079 2590 1146 φάσκων
2627 1072 2766 1126 κατὰ
2821 1069 3002 1135 λέξιν·
3071 1085 3090 1116 ι
3133 1063 3276 1116 Ἰδὼν
3313 1061 3372 1114 δὲ
3408 1057 3572 1131 παρά
3609 1058 3724 1118 τοῖς

2148 1149 2329 1233 Ἰνδοῖς
2355 1170 2480 1230 τοὺς
2505 1165 2764 1236 τρίποδας
2787 1203 2800 1226 ,
2839 1162 2935 1214 καὶ
2965 1159 3092 1221 τοὺς
3123 1154 3392 1226 οἰνοχόους
3413 1193 3430 1217 ,
3484 1151 3592 1205 καὶ
3623 1149 3726 1202 ὅσα

2137 1263 2420 1334 αὐτόματα
2473 1258 2728 1328 ὲσφοιτᾷν
2771 1253 2883 1325 (25)
2924 1247 3105 1317 εἷπον,
3189 1247 3301 1302 οὗθ’
3358 1248 3507 1310 ὅπως
3565 1243 3726 1312 σοφί-

2138 1356 2312 1422 ζοιντο
2341 1353 2478 1408 αὐτὰ
2503 1393 2517 1416 ,
2558 1353 2718 1422 ῆρετο
2756 1347 2867 1418 (26)
2894 1386 2908 1410 ,
2949 1345 3070 1398 οὔτε
3106 1343 3300 1414 ἐδεήθη
3335 1340 3560 1412 μαθεῖν·
3605 1338 3723 1392 ἀλλ’

2138 1451 2325 1522 ἐπῄνει
2362 1448 2460 1519 μὲν
2484 1487 2498 1510 ,
2548 1443 2741 1516 ζηλοῦν
2789 1443 2847 1496 δὲ
2891 1441 2991 1494 οὐκ
3024 1439 3196 1508 ἠξίου.
3225 1456 3244 1489 ι
3337 1437 3446 1490 Καὶ
3479 1434 3606 1496 πῶς
3629 1473 3644 1495 ,
3679 1425 3726 1484 ὦ

2138 1538 2291 1606 οὗτος
2315 1582 2329 1606 ,
2364 1541 2463 1594 οὐκ
2496 1539 2646 1609 ἠξίου
2684 1534 2915 1606 ζηλοῦν;
2949 1536 2978 1586 ὁ
3013 1532 3136 1602 δίχα
3171 1528 3266 1582 τοῦ
3301 1527 3532 1599 Δάμιδος
3561 1542 3726 1577 σπου-

2137 1635 2234 1708 δὴν
2305 1633 2623 1704 ποιούμενος
2691 1627 3113 1699 συμφιλοσοφεῖν
3169 1623 3388 1684 αὐτοῖς,
3470 1618 3570 1672 καὶ
3631 1615 3726 1669 τδν

2145 1729 2337 1800 μόνον,
2400 1727 2428 1780 ὃ
2475 1743 2528 1779 τι
2574 1724 2666 1777 καὶ
2719 1720 2982 1792 πράττοι,
3035 1716 3320 1770 λανθάνειν
3352 1712 3470 1766 δέον
3502 1713 3722 1780 ἑταῖρον

2141 1819 2460 1893 ἡγούμενος.
2518 1815 2642 1876 Πῶς
2688 1811 2744 1866 δὲ
2774 1813 2874 1866 οὐκ
2905 1810 3056 1880 ἠξίου
3105 1805 3344 1879 ζηλοῦν;
3397 1805 3426 1856 ὁ
3453 1803 3584 1866 τοὺς
3615 1799 3722 1852 τῶν

463 1921 570 1976 est,
601 1911 750 1984 [cum
785 1911 877 1984 iis]
902 1914 1048 1983 quod
1078 1913 1210 1984 egit,
1258 1914 1515 1982 ignorare
1563 1919 1820 1980 oportere
1850 1921 2043 1961 cense--

2151 1915 2388 1984 ἀστέρων
2419 1907 2737 1977 ἐπωνύμους
2770 1901 3200 1974 καταδεχόμενος
3231 1897 3548 1958 δακτυλίους
3573 1935 3588 1956 ,
3629 1893 3722 1946 καὶ

465 2006 598 2060 bat?
627 2005 732 2074 Qui
761 2022 892 2061 vero
919 2007 1120 2060 imitari
1151 2005 1410 2074 dignatus
1433 2001 1578 2056 haud
1603 2001 1708 2057 sit?
1741 2000 1833 2070 qui
1864 1999 2044 2068 plane-

465 2105 644 2152 tarum
666 2098 981 2152 nominibus
1014 2097 1304 2167 insignitos
1328 2095 1563 2149 annulos
1593 2093 1804 2162 accepit
1827 2092 1890 2152 δι,
1915 2103 2042 2144 eos-

463 2204 574 2260 que
615 2205 712 2260 per
745 2203 962 2244 omnem
1025 2189 1197 2242 vitam
1249 2195 1464 2258 gestare
1514 2182 1885 2239 necessarium
1937 2181 2042 2236 επίιί

463 2281 638 2344 duxit,
675 2288 836 2352 prout
885 2279 1090 2334 ferrent
1119 2279 1338 2333 nomina
1371 2277 1618 2346 cujusvis
1645 2275 1752 2330 diei
1787 2293 1799 2328 :
1828 2281 1883 2329 et
1915 2274 2040 2344 qui-

463 2375 586 2429 dem
623 2389 689 2429 eo
724 2374 871 2444 quod
905 2387 1128 2436 arcana,
1157 2371 1234 2426 uti
1277 2371 1392 2441 ipse
1429 2371 1534 2432 ais,
1575 2368 1779 2432 virtute
1811 2373 2040 2436 praesta-

464 2475 607 2523 rent.
645 2465 718 2521 Ut
744 2481 873 2522 vero
901 2465 1272 2520 concedamus
1297 2463 1484 2524 etiam,
1521 2461 1724 2515 imitari
1755 2461 1862 2516 ista
1907 2475 2038 2512 eum

464 2559 730 2622 noluisse,
768 2569 1056 2628 prepterea
1088 2563 1236 2611 certe
1269 2570 1376 2609 non
1406 2554 1676 2608 imitatum
1709 2567 1832 2607 esse
1865 2549 2041 2604 mani-

465 2650 666 2705 festum
698 2649 824 2710 erit,
856 2647 1002 2718 quod
1035 2656 1182 2702 recte
1215 2645 1322 2700 sibi
1354 2643 1502 2697 haud
1559 2641 1739 2696 facere
1792 2641 2041 2695 videren-

467 2747 576 2796 tur.
611 2739 896 2807 Quomodo
927 2739 1092 2809 igitur
1123 2738 1192 2792 ob
1222 2751 1286 2790 ea
1314 2734 1579 2795 laudavit.
1631 2749 1752 2803 qua:
1799 2749 1910 2786 non
1953 2731 2040 2786 di-

467 2838 729 2902 gnaretur
777 2829 1014 2883 imitari?
1041 2827 1127 2892 Et,
1163 2827 1208 2882 si
1245 2821 1516 2895 tanquam
1550 2832 1667 2879 arte
1695 2824 1878 2878 divina
1911 2838 2040 2893 ope-

469 2932 654 2980 rantes
686 2923 1037 2982 collaudavit.
1073 2937 1172 2976 cur
1214 2920 1461 2974 imitatus
1497 2918 1641 2972 haud
1671 2924 1775 2977 est,
1825 2917 2041 2970 laudem

466 3031 587 3086 qua:
627 3014 1006 3070 mererentur?
1045 3011 1218 3066 Porro
1267 3025 1396 3064 vero
1447 3015 1569 3078 post
1635 3021 1844 3061 moram
1899 3005 2041 3077 apud

469 3108 568 3162 bos
603 3105 825 3169 factam,
855 3105 1204 3175 Apollonium
1239 3117 1347 3156 una
1382 3116 1509 3154 cum
1539 3099 1656 3154 suis
1677 3107 2041 3154 revertentem

469 3199 535 3253 ad
563 3199 839 3254 Oritarum
888 3200 964 3252 ait
987 3199 1031 3230 “
1061 3197 1281 3252 venisse
1331 3195 1630 3264 regionem,
1663 3193 1755 3248 ubi
1794 3209 1934 3248 aerea
1975 3210 2128 3255 saxa,

469 3311 576 3366 que
601 3295 706 3350 ista
730 3303 878 3360 sunt,
913 3310 1034 3365 quae
1065 3293 1119 3347 in
1161 3291 1324 3347 tertio
1357 3291 1499 3344 libro
1529 3291 1898 3346 continentur.

933 3408 1094 3480 527
1128 3403 1357 3461 CAPUT
1396 3401 1585 3458 xxvr.

545 3521 840 3592 Sequentia
869 3521 982 3590 jam
1015 3533 1456 3591 percenseamus.
1503 3517 1578 3572 Ex
1626 3515 1778 3572 ludia
1819 3516 1871 3570 in
1900 3513 2050 3570 Grae—

471 3615 618 3670 ciam
645 3614 903 3670 reducem
935 3613 980 3644 ⁶³
1016 3613 1084 3667 ab
1137 3612 1274 3683 ipsis
1309 3612 1416 3666 diis
1448 3610 1618 3665 refert
1675 3609 1884 3664 socium
1919 3607 2050 3662 deo-

470 3723 594 3762 rum
629 3723 752 3761 eum
780 3721 904 3760 esse
935 3701 1273 3758 declaratum
1305 3702 1430 3774 :qui
1466 3709 1519 3756 et
1545 3705 1778 3770 aegrotos
1809 3705 1874 3751 ad
1899 3711 2047 3760 eum,

473 3798 728 3854 sanitatis
759 3795 1150 3865 recuperandae
1179 3808 1372 3857 causa,
1417 3793 1770 3848 remiserunt.
1821 3787 2052 3856 Jamque

473 3889 630 3961 quasi
662 3889 732 3942 ab
781 3887 1076 3949 Arabibus,
1122 3889 1404 3956 magisque
1433 3894 1489 3938 et
1527 3883 1673 3938 Indis
1722 3877 2050 3952 stupendum

473 3984 652 4036 virum
683 3987 737 4036 et
769 3981 925 4050 plane
959 3978 1204 4032 divinum
1235 3977 1532 4039 advehens,
1567 3975 1736 4030 miras
1765 3972 1891 4026 inde
1923 3984 2052 4024 nar-

474 4072 721 4127 rationes
754 4071 1016 4126 instituit.
1051 4068 1218 4138 Atqui
1265 4084 1375 4123 non
1431 4067 1709 4122 immerito
1755 4065 1901 4120 dicat
1951 4063 2052 4116 ali-

476 4166 620 4236 quis,
677 4165 824 4236 quod
878 4165 924 4219 si
969 4164 1080 4234 jam
1119 4163 1248 4218 olim
1290 4159 1722 4222 excellentioris,
1771 4171 1935 4226 quam
1966 4161 2053 4209 est

477 4259 738 4324 humana,
768 4259 1075 4314 exstitisset
1113 4266 1344 4319 naturae,
1383 4271 1494 4310 non
1537 4254 1648 4324 jam
1679 4253 1922 4314 demum,
1955 4246 2051 4302 sed

475 4350 662 4420 potius
693 4359 984 4420 antequam
1036 4349 1273 4404 aliorum
1322 4347 1646 4418 profecisset
1683 4341 2051 4403 institutione,

478 4443 868 4496 miraculorum
900 4439 1296 4512 patrandorum
1331 4439 1548 4493 initium
1581 4451 1706 4491 eum
1743 4434 1922 4488 facere
1953 4447 2052 4501 par

476 4545 610 4588 erat.
643 4532 909 4588 Przeterea
942 4531 1334 4602 superforanea
1389 4529 1569 4583 futura
1627 4527 1842 4588 fuisset,
1887 4539 2052 4594 quam

477 4625 768 4686 Arabibus,
806 4624 1086 4694 magisque
1137 4631 1190 4676 et
1243 4622 1392 4677 Indis
1420 4621 1602 4676 studio
1637 4620 1738 4674 sibi
1775 4615 2057 4686 conquisi-

478 4717 574 4780 vit,
605 4716 878 4778 doetrina,
913 4715 958 4770 si
991 4715 1116 4776 quis
1143 4730 1268 4769 eum
1294 4714 1452 4782 juxta
1481 4729 1568 4770 ea.
1605 4723 1726 4781 quae
1759 4707 2057 4762 Philostra-

2141 2003 2361 2066 τούτους
2413 2000 2706 2068 ἀναγκαῖον
2746 1993 3027 2064 τιθέμενος
3077 1989 3166 2044 διὰ
3223 1985 3424 2049 παντὸς
3455 1984 3548 2036 τοῦ
3603 1981 3720 2052 βίου

2143 2097 2328 2168 φέρειν
2385 2091 2519 2162 πρὸς
2575 2089 2642 2143 τὰ
2689 2086 2928 2158 ὀνόματα
2975 2083 3083 2138 τῶν
3133 2079 3388 2154 ἡμερῶν·
3451 2077 3715 2144 καίτοιγε,

2142 2165 2494 2258 άπόρῤητον,
2547 2185 2620 2246 ὡς
2670 2182 2773 2252 φῂς
2828 2177 3022 2240 αὐτὸς,
3059 2175 3278 2246 ἔχοντας
3311 2169 3484 2241 ίσχύν.
3545 2168 3610 2222 Εἰ
3662 2165 3718 2218 δὲ

2143 2279 2242 2333 καὶ
2295 2276 2473 2348 δοθείη
2509 2275 2568 2328 τὸ
2623 2273 2698 2344 μὴ
2730 2269 2925 2340 ζηλοῦν
2959 2266 3249 2338 ἠξιωκέναι
3281 2263 3442 2317 αὐτὸν
3465 2301 3481 2325 ,
3533 2258 3608 2322 ὡς
3643 2255 3716 2328 μὴ

2143 2365 2202 2425 εὖ
2238 2369 2572 2441 πράττοντας
2613 2366 2711 2418 οὐκ
2755 2362 2944 2434 ἐζήλου
2988 2358 3246 2430 δηλονότι.
3305 2355 3430 2417 Πῶς
3480 2348 3571 2405 οῦν
3621 2353 3716 2402 ἐπ-

2143 2461 2279 2534 ῄνει,
2309 2462 2394 2530 ἐφ’
2425 2453 2504 2521 οἷς
2539 2457 2612 2529 μὴ
2641 2455 2789 2527 ἠξίου
2823 2449 3018 2524 ζηλοῦν
3043 2468 3058 2513 ;
3115 2450 3178 2502 Εἰ
3207 2448 3250 2501 δ’
3279 2445 3355 2510 ὡς
3385 2444 3543 2506 θείως
3569 2444 3718 2512 ἐνερ-

2143 2553 2373 2624 γοῦντας
2419 2551 2638 2624 ἐπῄνει,
2687 2547 2804 2612 πῶς
2845 2547 2943 2600 οὐκ
2973 2543 3163 2614 ἐζήλου
3194 2540 3261 2594 τὰ
3289 2539 3526 2592 ἐπαίνων
3553 2534 3712 2599 iii-.3;

2158 2643 2318 2698 Ἀλλὰ
2347 2641 2456 2712 γὰρ
2507 2641 2644 2712 μετὰ
2675 2641 2774 2711 τὴν
2804 2637 2954 2710 παρὰ
2985 2635 3193 2696 τούτοις
3244 2629 3527 2702 διατριϐὴν
3547 2670 3562 2694 ,
3611 2642 3716 2677 πα-

2145 2735 2488 2790 λινοστοῦντα
2516 2733 2674 2787 αὑτὸν
2699 2731 2812 2802 ἅμα
2833 2733 2944 2792 τοῖς
2974 2726 3241 2798 ἑταίροις,
3265 2721 3578 2794 ἐληλυθέναι
3613 2734 3712 2786 ειτη-

2149 2831 2233 2883 σὶν
2266 2831 2323 2892 ὲς
2347 2829 2445 2898 τὴν
2473 2827 2578 2880 τῶν
2614 2823 2836 2896 Ὠριτῶν
2860 2821 2970 2892 (27)
3005 2819 3206 2892 χώραν,
3241 2815 3367 2869 ἔνθα
3399 2813 3595 2885 χαλκαῖ
3621 2809 3713 2882 μὲν

2143 2922 2325 2984 αὐτοῖς
2343 2921 2399 2974 αἱ
2421 2919 2638 2992 πέτραι,
2663 2917 2835 2990 χαλκῆ
2855 2917 2908 2969 δὲ
2927 2918 2959 2986 ἡ
2976 2913 3217 2984 ψάμμος,
3237 2907 3438 2981 χαλκοῦ
3457 2906 3514 2959 δὲ
3527 2904 3713 2974 ψῆγμα

2143 3013 2192 3065 oi
2221 3012 2455 3082 ποταμοὶ
2484 3013 2695 3079 ἄγουσι.
2733 3009 2840 3062 Καὶ
2869 3005 3107 3060 τοσαῦτα
3140 3003 3240 3074 μὲν
3267 3001 3335 3054 τὰ
3364 2999 3506 3054 κατὰ
3527 2997 3586 3050 τὸ
3609 2994 3712 3067 τρίρ-

2143 3120 2234 3156 τον
2270 3103 2630 3176 σύγγραμμα.

2169 3212 2441 3268 arenaquc
2467 3214 2628 3262 aerea,
2660 3195 2893 3266 aerisque
2931 3198 3174 3248 ramenta
3207 3187 3353 3242 ﬂuvii
3385 3182 3608 3240 vehunt.
3624 3179 3711 3232 At-

2637 3397 3030 3455 ΚΕΦΑΛΑΙΟΝ
3085 3399 3228 3465 Kq'.

2233 3517 2503 3586 Ἑπίωμεν
2534 3515 2578 3567 δ’
2607 3513 2708 3585 ἤδη
2741 3513 2809 3566 τὰ
2843 3509 2991 3580 ἑξῆς.
3062 3506 3486 3570 Ἐπανελθόντα,
3537 3502 3714 3574 φησὶν.

2151 3609 2312 3664 αὐτὸν
2339 3609 2436 3680 τῆς
2479 3605 2654 3661 Ἰνδῶν
2677 3603 2860 3677 χώρας
2886 3603 2978 3656 ἐπὶ
3006 3603 3104 3673 τὴν
3159 3598 3381 3654 Ἐλλάδα
3405 3638 3420 3660 ,
3475 3594 3716 3650 κοινωνὸν

2149 3701 2258 3756 τῶν
2289 3699 2425 3754 θεῶν
2459 3697 2593 3770 πρὸς
2625 3695 2803 3750 αὐτῶν
2832 3694 2938 3748 τῶν
2988 3693 3124 3746 θεῶν
3157 3687 3594 3760 ἀνακεκηρύχθαι
3615 3728 3628 3748 ,
3661 3683 3714 3736 οἳ

2151 3795 2244 3848 καὶ
2275 3795 2400 3856 τοὺς
2428 3791 2732 3862 κάμνοντας
2755 3787 2830 3852 ὡς
2862 3786 3024 3840 αὐτὸν
3054 3786 3136 3854 ἐφ’
3159 3783 3318 3853 ὑγεία
3343 3782 3710 3853 παρέπεμπον.

2151 3887 2261 3940 Καὶ
2309 3885 2444 3955 δῆτα
2482 3883 2558 3946 ὡς
2588 3881 2646 3946 ἐξ
2694 3879 2939 3952 Ἀράϐων
2965 3919 2978 3941 ,
3015 3877 3108 3932 καὶ
3143 3877 3369 3947 μάγων,
3421 3873 3514 3926 καὶ
3553 3869 3714 3924 Ἰνδῶν

2153 3975 2454 4050 παράδοξόν
2481 3991 2604 4028 τινα
2633 3973 2727 4026 καὶ
2757 3971 2898 4025 θεῖον
2915 3969 3076 4024 αὑτὸν
3099 3969 3228 4039 ἡμῖν
3259 3965 3482 4035 ἀγαγὼν
3504 4004 3519 4028 ,
3553 3978 3714 4032 παρα-

2150 4070 2313 4136 δόξων
2337 4067 2584 4122 ἐντεῦθεν
2613 4063 2990 4136 ὰφηγημάτων
3019 4059 3487 4132 κατάρχεται.Καὶ
3503 4055 3564 4109 τὸ
3589 4054 3712 4120 (εν)

2150 4162 2216 4216 ἄν
2238 4177 2320 4224 τις
2345 4161 2486 4213 εἴποι
2513 4158 2766 4226 εὐλόγοις,
2789 4155 2971 4224 ὁτιδὴ,
2993 4156 3040 4207 εί
3061 4152 3336 4222 θειοτέρας
3351 4149 3384 4221 ἢ
3399 4147 3714 4218 κατ’ᾶνθρω-

2153 4270 2252 4306 πον
2285 4251 2498 4321 φύσεως
2525 4245 2592 4320 ἦν
2625 4248 2791 4302 πάλαι
2817 4287 2831 4311 ,
2879 4245 2992 4300 ἀλλ’
3020 4245 3080 4296 οὐ
3109 4241 3203 4296 νῦν
3231 4241 3334 4294 ἔδει
3356 4280 3370 4302 ,
3420 4238 3526 4310 πρὸ
3549 4237 3641 4306 τῆς
3662 4233 3712 4285 δὲ

2153 4344 2354 4416 ἐτέρων
2403 4342 2753 4414 μεταλήψεως
2811 4339 2917 4392 τῶν
2973 4335 3290 4408 θαυμασίων
3336 4328 3709 4402 κατάρχεσθαι.

2153 4435 2389 4506 Περιττὴ
2439 4433 2482 4486 δ’
2514 4433 2578 4486 ἂν
2620 4432 2713 4485 καὶ
2745 4433 2778 4500 ἡ
2829 4429 2888 4496 ἐξ
2933 4425 3176 4499 Ἀράϐων
3205 4421 3352 4493 αὐτῷ
3378 4462 3392 4484 ,
3449 4421 3632 4492 μάγων
3660 4431 3712 4469 τε

2155 4526 2248 4580 καὶ
2287 4523 2484 4586 Ἰνδῶν,
2515 4522 2604 4576 διὰ
2627 4521 2860 4591 σπουδῆς
2885 4520 3222 4590 ἐπεχειρεῖτο
3277 4513 3642 4584 πολυμάθεια,
3673 4508 3714 4560 εί

2155 4619 2218 4690 δή
2253 4635 2336 4681 τις
2391 4616 2534 4672 κατὰ
2591 4617 2688 4688 τὴν
2721 4613 2964 4668 δοθεῖσαν
3000 4609 3209 4680 ὑπῆρεν
3269 4605 3548 4660 ὑπόθεσιν.
3589 4601 3715 4655 Ἀλλ’

2157 4703 2330 4774 οὗτος,
2358 4707 2500 4764 κατὰ
2525 4709 2614 4762 τὸν
2639 4705 2812 4778 ἀληθῆ
2841 4703 3160 4775 συγγραφέα
3205 4700 3335 4772 (28),
3357 4699 3452 4752 νῦν
3479 4699 3542 4768 δὴ
3593 4695 3718 4766 πάρ-

479 4817 567 4862 tus
592 4807 762 4876 ponit,
797 4805 1166 4862 extollendum
1191 4811 1363 4874 putet.
1399 4803 1505 4858 Sed
1531 4811 1715 4855 tamen
1747 4801 1856 4862 ille,
1881 4799 2040 4867 juxta

2151 4821 2287 4866 εστι,
2317 4802 2452 4874 μετά
2475 4797 3119 4863 τοσούτουςδιδασκάλους
3133 4794 3230 4866 τὴν
3253 4793 3444 4862 σοφίαν
3463 4787 3719 4846 ἐνδεικνύ-

480 4898 890 4954 veracissimum
915 4895 1082 4952 istum
1111 4897 1458 4966 scriptorem,
1487 4894 1596 4964 jam
1622 4893 1840 4948 demum
1873 4889 2050 4953 adest,

479 4989 759 5062 sapientiai
789 4995 1106 5059 argumenta
1147 4987 1361 5057 publice
1386 4987 1672 5042 exhibens.

2163 4915 2341 4970 μενος.

551 5082 596 5116 ⁶⁰
637 5081 730 5136 lib.
767 5097 834 5144 v,
870 5079 1046 5137 0.19..
1125 5079 1166 5111 ⁶¹
1209 5077 1304 5132 lib.
1349 5092 1446 5140 ιιι,
1489 5091 1538 5130 c.
1581 5075 1668 5129 15.
1747 5073 1792 5105 ⁸⁸
1833 5071 1930 5129 lib.
1974 5087 2036 5128 ιιι

2151 5075 2284 5131 .54.
2361 5074 2406 5105 ”
2447 5072 2540 5124 lib.
2575 5086 2662 5131 tv,
2697 5083 2748 5122 c.
2783 5069 2836 5122 Ι.

551 5173 664 5242 (ει)
701 5172 868 5242 Παρὰ
899 5171 981 5242 τῷ
1010 5167 1354 5242 Φιλαλῄθει.
1385 5167 1560 5242 Supra
1591 5183 1641 5221 c.
1676 5167 1732 5242 2τ

545 5235 664 5316 (25)
698 5235 1056 5316 flio-gaudi}.
1083 5242 1168 5316 ita
1199 5239 1434 5316 Philost.
1457 5235 1621 5294 habet
1643 5245 1698 5292 et
1727 5235 1926 5292 Euseb.
1956 5235 2053 5292 inf.

481 5331 531 5373 c.
561 5311 657 5372 30.
694 5311 1278 5384 Ἐκφοιτᾷνίιειιιειιιιιιι
1307 5311 1460 5384 editi.

553 5369 664 5457 (illi;
699 5369 935 5454 Ἢρὶετο.⁸
965 5383 1106 5457 Εὰγὶιί
1160 5381 1284 5435 οὒτε
1337 5381 1520 5452 ἤρετο.
1555 5377 1838 5457 Ποεοζδτε
1873 5383 2054 5457 tamen

483 5448 1048 5540 omittendumpul'avi
1065 5466 1080 5516 ;
1099 5469 1264 5540 namh
1281 5461 1340 5540 ut
1360 5448 1596 5540 'taceali‘n
1643 5448 2052 5510 Philostratum,

484 5529 602 5596 ipse
631 5527 680 5578 itl
714 5521 914 5580 omittit
947 5525 1222 5578 Eusebius
1255 5521 1378 5584 inf.,
1415 5537 1465 5576 c.
1503 5521 1592 5576 50.

503 5665 515 5668 _
555 5595 669 5668 (27)
703 5593 960 5668 'QprtcBy.
999 5597 1074 5668 lta
1113 5593 1309 5668 Indicae
1337 5594 1514 5668 gentis
1554 5589 2059 5668 nomen_scrihen~

485 5659 614 5718 dum
651 5659 837 5734 hiouet
884 5665 1213 5734 Stephanus,
1246 5659 1564 5734 Eustathius
1611 5659 2060 5734 ad_l)in_nysium,

488 5737 691 5808 aliique
734 5733 864 5806 [non
917 5727 1166 5808 Ὠρειτῶν
1202 5727 1281 5787 ιιι
1311 5727 2058 5808 βυβςὶιίἱἐιίἱιὶιὶιιιιιειιιιὲσοί.

499 5795 754 5878 Ὠρὲίτηξ
779 5815 953 5860 autem
977 5795 1203 5856 ’ἐθνικδν
1247 5802 1338 5855 τοῦ
1391 5799 1576 5870 Ὠρεοῦ
1613 5801 1818 5869 oppidi,
1844 5799 1898 5853 in
1954 5795 2062 5850 Eu-

2163 5167 2278 5222 hrea
2314 5165 2513 5220 insula.
2545 5161 2808 5216 Similiter
2832 5157 2975 5230 apud
3009 5155 3400 5212 Philostratum
3450 5157 3722 5222 peccatum

2164 5247 2266 5293 est.
2304 5237 2576 5290 HOLSTEN.

2215 5309 2349 5378 (27')
2377 5305 2484 5360 Καὶ
2511 5304 2599 5378 τό.
2629 5301 2788 5378 [forte
2813 5297 3100 5378 legendum
3139 5291 3520 5378 uairgt._Entr.

2236 5363 2347 5445 (28)
2396 5377 2556 5432 Κατὰ
2603 5363 2952 5445 τὸν-λάξιν,ᾙῆ
3001 5383 3210 5436 συγγρ.
3255 5363 3464 5445 Dictum
3509 5363 3722 5445 εξρωνι-

2161 5431 2296 5513 κῶς,
2327 5431 2520 5516 nempe
2536 5461 2633 5514 pro
2663 5443 2766 5516 tali
2789 5431 3176 5516 Philota-tratum
3195 5433 3526 5516 .Veirdidcrat
3545 5431 3720 5513 lliero-

2165 5503 2296 5584 ales,
2320 5503 2484 5588 supra
2511 5503 2558 5569 cl.
2587 5513 2803 5588 II._l\lale
2833 5511 2996 5578 igitur
3027 5507 3280 5588 Acciolus
3307 5505 3422 5588 lucc
3455 5503 3522 5556 ad
3555 5503 3718 5588 ipsum

2167 5571 2468 5644 iiiéEJclém
2525 5585 2802 5638 retulerat.
2827 5571 2880 5634 et
2927 5587 3114 5634 contra
3151 5575 3318 5631 ϐιτροί
3365 5583 3546 5628 textus
3575 5571 3718 5624 tidem

2165 5665 2431 5716 verterat:
2449 5655 2742 5710 Philalethe
2755 5661 2930 5705 tamen
2957 5659 3194 5711 auclore,
3207 5645 3415 5700 nonnisi
3432 5653 3504 5699 tot
3535 5645 3716 5697 exhau-

2165 5734 2260 5787 stis
2290 5729 2556 5799 magistris
2583 5725 2894 5794 sapientiam
2929 5719 3196 5790 patejecz't.
