3938 6510
1387 417 1586 472 LlBER
1625 415 1905 473 CONTRA
1944 415 2369 474 IIIEROCLEM.
2804 439 2806 442 ·
3413 415 3519 472 856

761 535 1154 590 ΚΕΦΑΛΑΙΟΝ
1210 538 1334 590 κζ’.
1854 547 1902 604 Α

299 629 428 681 Καὶ
461 629 656 700 πρῶτα
694 631 794 702 μὲν
817 670 832 692 ,
864 625 952 683 οἷα
971 630 1030 697 ἐξ
1064 630 1306 702 Ἀράϐων
1331 632 1442 702 (29)
1465 631 1679 702 καὶτῆς
1707 633 1834 703 παρ’
1883 697 1890 702 ν

216 718 429 782 αὐτοῖς
448 721 794 792 οἰωνιστικῆς
814 719 1131 792 ὁρμώμενος
1157 760 1172 785 ,
1200 721 1292 774 τὸν
1317 721 1571 793 στρουθὸν
1593 723 1620 775 ὃ
1649 739 1698 774 τι
1722 722 1837 792 βού-

217 808 383 865 λοιτο
409 852 422 875 ,
453 813 582 876 τοὺς
611 813 825 882 ἐτέρους
848 813 940 866 ἐπὶ
966 813 1172 885 τροφὴν
1203 815 1536 885 παρακαλῶν
1562 855 1576 877 ,
1602 816 1838 887 ὲφερμη-

217 904 385 958 νεύει
419 909 533 968 τοῖς
558 906 850 976 παροῦσινο
880 903 996 959 εἶτα
1041 906 1098 959 δὲ
1120 949 1134 971 ,
1165 907 1351 978 λοιμοῦ
1386 907 1831 980 προαισθόμενος,

219 1000 682 1068 προμαντεύεται
711 1003 817 1064 τοῖς
842 1003 1102 1068 πολίταις.
1137 1004 1246 1075 Τὴν
1266 1005 1308 1055 δ’
1327 1005 1504 1058 αἰτίαν
1532 1005 1625 1056 καὶ
1645 1003 1832 1056 τούτου

218 1090 285 1142 ἐν
316 1095 396 1162 τῇ
438 1094 574 1164 πρὸς
606 1095 932 1164 Δομετιανὸν
963 1097 1228 1168 ἀπολογίᾳ
1259 1095 1419 1160 αὐτὸς
1452 1096 1831 1168 παρατίθεται.

232 1183 550 1254 Ἐρομένου
567 1186 673 1256 γάρ
683 1204 764 1240 τοι
780 1187 962 1253 αὐτὸν,
983 1189 1176 1242 ὁπόθεν
1196 1189 1512 1261 ὁρμώμενος
1529 1188 1686 1241 τοῦτο
1704 1206 1836 1260 προ-

217 1272 406 1340 είποι,
439 1276 802 1349 «Λεπτοτέρᾳ,
827 1277 951 1350 ἔφη,
975 1279 1274 1351 χρώμενος,
1303 1275 1346 1333 ὧ
1367 1281 1607 1351 βασιλεῦ,
1629 1281 1828 1354 διαίτῃ,

215 1365 459 1436 πρῶτος
491 1367 584 1420 τοῦ
642 1369 816 1423 δεινοῦ
846 1371 1113 1443 ,ᾐσθόμην
1139 1389 1152 1404 ·
1194 1392 1210 1424 ι
1262 1373 1353 1426 καὶ
1382 1373 1563 1444 τρίτον
1603 1373 1646 1425 δ’
1682 1372 1831 1442 αὐτῷ

215 1454 424 1528 θαῦμα
464 1460 686 1527 γεγονὸς
728 1463 966 1533 ἱστορεῖ,
1006 1463 1080 1527 ὡς
1113 1464 1175 1535 δὴ
1212 1464 1572 1534 άλεξήσαντος
1603 1465 1695 1518 τὸν
1729 1465 1832 1517 λοι-

216 1548 326 1619 μόν
389 1551 523 1620 (30).
578 1554 752 1625 Ὅπερ
806 1557 854 1607 εἰ
900 1555 966 1608 τά
1010 1556 1241 1626 μάλιστα
1285 1558 1342 1609 ὲν
1386 1560 1507 1620 ταῖς
1558 1557 1650 1608 ἐπὶ
1685 1557 1829 1610 τέλει

209 1643 345 1694 κατ’
397 1643 566 1697 αὐτοῦ
622 1647 977 1717 κατηγορίαις
1007 1648 1067 1700 ού
1101 1647 1346 1701 τέθεικεν
1389 1650 1417 1702 ὁ
1454 1647 1826 1720 συγγραφεὺς,

207 1733 299 1786 ᾱι
332 1732 418 1804 μὴ
454 1737 658 1807 παρῆν,
694 1738 770 1801 ὡς
799 1739 965 1802 είκὸς,
1001 1738 1148 1809 αύτῷ
1182 1740 1252 1793 δι’
1287 1739 1585 1809 ἀπολογίας
1628 1737 1812 1793 ἀπολύ-

1931 1737 2036 1792 sub
2075 1737 2236 1791 ﬁnem
2282 1737 2576 1802 habentur,
2630 1736 3077 1791 accusationibus
3116 1750 3226 1789 non
3270 1749 3513 1789 comme-

211 1825 429 1879 σασθαι
458 1826 567 1896 (51)
594 1827 656 1879 τὸ
689 1827 960 1901 ἔγκλημα,
980 1831 1109 1902 φέρε
1139 1830 1200 1901 δὴ
1232 1826 1323 1883 οὖν
1357 1832 1527 1900 ὅμως,
1551 1830 1703 1883 ιιιύτο)⁵
1728 1830 1812 1901 τὴι

1927 1829 2246 1892 moraverit,
2297 1829 2581 1900 quoniam,
2620 1839 2680 1883 ut
2737 1827 3054 1882 verosimile
3094 1834 3200 1892 est,
3257 1827 3510 1896 apologia

209 1919 477 1990 ἱστορίαν
509 1922 565 1983 ἐς
601 1922 833 1995 φανερὸν
867 1921 1215 1994 ύποθώμεθα,
1247 1922 1387 1976 οὓτω
1413 1923 1476 1995 δὴ
1512 1924 1604 1976 καὶ
1629 1923 1812 1992 ταύτηε

1935 1922 2068 1978 illud
2100 1923 2308 1977 crimen
2357 1937 2468 1976 non
2506 1929 2720 1992 poterat
2750 1919 2997 1985 diluere;
3034 1917 3395 1973 nihilominus
3427 1927 3510 1973 ta-

213 2011 570 2075 εὐθύνοντες.
610 2013 677 2066 Εἴ
724 2031 828 2067 τινι
881 2013 990 2086 γὰρ
1039 2016 1138 2068 οὐκ
1185 2014 1250 2068 ἂν
1299 2015 1383 2087 εἴη
1425 2015 1611 2084 σαφὲς,
1649 2017 1730 2068 ὅτι
1763 2018 1812 2072 δῦ

1931 2032 2054 2070 men
2086 2031 2211 2078 nos,
2241 2029 2364 2084 age,
2396 2015 2557 2068 istam
2603 2013 2888 2068 historiam
2927 2012 2981 2066 in
3024 2013 3198 2066 lucem
3235 2015 3507 2083 produca-

209 2101 360 2155 πολὺ
392 2103 459 2155 τὸ
494 2103 737 2174 πλάσμα,
768 2106 861 2158 καὶ
895 2105 1192 2176 ἀπατηλὸν,
1221 2107 1480 2176 γοητείας
1510 2123 1569 2158 τε
1596 2106 1672 2170 ὡς
1698 2106 1812 2179 άλη-

1929 2118 2072 2166 mus,
2097 2117 2215 2158 eam
2246 2117 2466 2173 quoque
2497 2101 2571 2154 ita
2601 2101 2986 2157 examinaturi.
3019 2100 3074 2156 Si
3105 2102 3193 2156 cui
3227 2103 3373 2157 enim
3405 2104 3508 2158 mi-

229 414 349 471 833

2472 533 2704 591 CAPUT
2741 533 2958 593 xxvu.
3321 597 3326 607 ,

2010 628 2088 682 Ac
2111 629 2292 698 primo
2320 629 2547 698 quidem
2571 628 2633 694 “,
2659 629 2827 683 veluti
2862 628 2930 682 ab
2958 627 3230 684 Arabibus
3259 633 3313 682 et
3347 641 3518 697 augu-

1939 721 2038 775 rali
2066 736 2255 775 eorum
2287 721 2474 775 schola
2506 720 2830 786 adventans,
2863 721 3220 792 passerculus
3249 720 3382 790 quid
3411 720 3515 774 sibt

1938 813 2120 879 vellet,
2165 812 2234 867 ad
2286 824 2502 883 pastum
2537 823 2765 868 czeteros
2797 813 2894 884 qui
2928 813 3215 877 invitabat,
3246 812 3514 866 auditori-

1937 906 2041 959 bus
2077 905 2488 974 interpretatur.
2520 903 2660 960 Tum
2686 906 2731 937 ⁸⁵
2761 915 3106 976 appetentem
3142 904 3514 974 pestilentiam

1939 1007 2065 1053 ante
2091 1000 2352 1060 sentiens.
2411 998 2625 1052 civibus
2657 998 2804 1052 illam
2838 998 3108 1068 praedicit.
3163 996 3404 1066 Eiusque
3435 995 3513 1050 rei

1935 1091 2202 1146 rationem
2254 1091 2394 1160 apud
2452 1088 2824 1144 Domitianum
2876 1090 2992 1159 ipse
3055 1104 3272 1159 quoque
3323 1086 3511 1144 edidit.

1935 1182 2182 1253 Rogante
2235 1183 2378 1237 enim
2449 1197 2575 1236 eum
2639 1180 2970 1244 Domitiano,
3034 1196 3145 1250 quo
3202 1178 3255 1233 id
3313 1177 3513 1249 praidi-

1933 1274 2107 1329 xisset
2163 1273 2451 1337 instinctu,
2509 1289 2528 1323 ι
2591 1271 2791 1336 Diaeta,
2846 1272 3042 1341 inquit,
3097 1287 3130 1324 o
3183 1270 3510 1340 imperator,

1932 1367 2111 1436 magis
2181 1365 2340 1422 tenui
2406 1381 2584 1429 usus,
2654 1365 2865 1436 primus
2936 1364 3182 1418 onmium
3262 1361 3512 1433 persensi

1934 1464 2157 1514 malum.
2226 1479 2246 1511 ι
2318 1457 2565 1513 Tertium
2624 1457 2754 1514 inde
2828 1466 3170 1527 patratorum
3232 1458 3282 1513 ei
3341 1458 3512 1512 mira-

1931 1553 2180 1606 culorum
2237 1553 2461 1623 exponit
2531 1553 2620 1615 ⁸⁸,
2686 1558 2747 1605 ut
2809 1559 3018 1620 pestem
3092 1565 3286 1619 nempe
3341 1549 3512 1622 depu-

1931 1645 2074 1699 lerit.
2100 1643 2251 1710 Quod
2287 1645 2506 1700 tametsi
2529 1660 2651 1700 cum
2673 1645 2906 1698 maxime
2929 1644 3166 1712 scriptor
3193 1642 3247 1696 in
3276 1642 3363 1706 iis,
3390 1659 3512 1713 quae

206 2193 324 2258 θῶς
351 2195 791 2266 ἔμπλεον,αύτὺς
821 2199 850 2250 ὁ
877 2198 1076 2268 τρόπος
1103 2198 1395 2269 άπελέγχει
1423 2200 1524 2268 τῆς
1557 2201 1821 2272 ἱστορίας.

205 2286 320 2339 Τὸν
351 2287 468 2358 γάρ
493 2304 574 2340 τοι
605 2287 792 2359 λοιμὸν
828 2274 1139 2342 ὑποτίθεται
1165 2293 1222 2344 ὲν
1256 2291 1383 2343 εἴδει
1420 2291 1812 2362 πτωχεύοντος,

205 2379 304 2432 καί
361 2380 590 2451 ῥάκεσιν
637 2383 1018 2452 ἠμφιεσμένου
1072 2382 1380 2454 πρεσϐύτου
1418 2384 1610 2456 ἀνδρὸς
1643 2387 1821 2456 ἑωρᾶ-

208 2471 374 2524 σθαι·
416 2472 480 2524 ὃν
514 2472 832 2526 καταλεύειν
880 2473 1376 2546 ἐπικελευσαμένου
1418 2475 1510 2528 τοῦ
1546 2475 1821 2542 Ἀπολλω-τ

205 2557 351 2621 νίου,
392 2559 659 2632 πρότερον
696 2561 794 2632 μὲν
828 2561 939 2635 πῦρ
980 2563 1196 2634 βάλλειν
1227 2563 1336 2616 τῶν
1371 2563 1688 2636 ὀφθαλμῶν,
1719 2561 1819 2618 εἷθ’

207 2648 451 2720 ὕστερον
503 2650 769 2723 βληθέντα
794 2653 981 2717 λίθοις,
1019 2653 1154 2707 κύνα
1208 2657 1688 2728 συντετριμμένον,
1725 2656 1819 2710 καὶ

205 2745 616 2817 παραπτύοντα
661 2746 852 2819 ἀφρὸν,
886 2747 962 2811 ὠς
989 2750 1036 2800 οἱ
1072 2747 1390 2815 λυττῶντες,
1428 2749 1702 2820 φανῆναι·
1739 2752 1817 2803 εί-

209 2834 454 2905 ρηκέναι
487 2835 530 2888 δ’
563 2835 725 2888 αὑτὸν
759 2837 888 2910 περὶ
920 2836 1111 2891 τούτου
1162 2839 1254 2892 καὶ
1286 2841 1342 2892 ἐν
1377 2843 1442 2911 τῇ
1486 2841 1622 2913 πρὸς
1655 2840 1812 2894 αύτο-

207 2924 468 2996 γράτορα
520 2925 844 2994 Δομετιανὸν
896 2927 1161 2999 ἀπολογίᾳ
1199 2928 1375 2982 ταῦτα
1407 2930 1630 3001 γράφει·
1675 2951 1691 2980 ι
1740 2930 1813 2982 Τὸ

208 3017 325 3088 γὰρ
358 3016 563 3088 λοιμοῦ,
589 3014 748 3080 εἶδος,
789 3017 1010 3088 πτωχῷ,
1049 3013 1151 3072 ὧδε
1182 3022 1454 3092 ἀγείροντι
1490 3021 1621 3093 (52),
1658 3021 1811 3074 εἶκα-

209 3126 309 3164 στο
331 3127 346 3139 '
403 3109 499 3164 καὶ
549 3105 708 3173 εἶδον,
742 3110 834 3163 καὶ
891 3111 1032 3174 ἰδὼν,
1069 3107 1232 3178 εἷλον,
1269 3115 1329 3166 οὐ
1387 3114 1600 3176 παύσας
1633 3113 1806 3177 νόσον,

205 3201 327 3254 ἀλλ’
382 3200 599 3269 ἐξελών.
647 3224 665 3255 ι
705 3205 801 3266 Τίς
833 3205 896 3275 δὴ
931 3200 1024 3258 οὖν
1057 3205 1149 3259 ἐπὶ
1180 3206 1390 3269 τούτοις
1439 3207 1500 3258 ού
1539 3207 1680 3277 μέγα
1709 3205 1808 3277 τὴν

204 3293 303 3348 τοῦ
342 3293 750 3365 θαυματοποιοῦ
780 3298 1067 3365 γελάσεται
1111 3297 1604 3371 παραδοξοποιίαν;
1650 3297 1810 3362 ζώων

205 3387 538 3458 ὀφθαλμοῖς,
575 3389 667 3442 καὶ
697 3389 859 3442 λίθων
890 3390 1264 3445 ὑποπίπτοντα
1299 3390 1500 3461 βολαῖς,
1533 3389 1810 3462 ξυντριὸό-

208 3479 378 3544 μενόν
413 3497 474 3532 τε
511 3480 648 3552 πρὸς
695 3479 1016 3550 ἀνθρώπων,
1053 3483 1145 3536 καὶ
1179 3482 1350 3553 ἀφρὸν
1394 3482 1809 3554 παραπτύοντα,

205 3573 312 3643 τὴν
364 3573 463 3626 τοῦ
518 3573 707 3642 λοιμοῦ
760 3576 918 3645 φύσιν
967 3576 1200 3641 ἀκούων,
1229 3577 1304 3639 ὡς
1338 3577 1447 3629 οὐδ’
1491 3576 1604 3630 ἄλλ’
1633 3577 1813 3631 ὁτιοῦν

205 3666 475 3734 υγχάνει
519 3665 551 3736 ἢ
598 3665 794 3739 φθορὰ,
852 3669 946 3722 καὶ
999 3669 1240 3730 κάκωσις
1288 3667 1472 3739 ἀέρος,
1508 3670 1600 3722 ὲπὶ
1634 3670 1697 3722 τὸ
1723 3687 1813 3723 νο-

206 3754 383 3818 σῶδες
433 3759 790 3828 τρεπομένου,
835 3759 932 3813 τοῦ
966 3760 1328 3834 περιέχοντος,
1365 3761 1430 3813 ἐκ
1460 3760 1710 3833 πονηρῶν
1742 3779 1803 3815 τε

207 3852 307 3903 καὶ
358 3850 580 3920 φαύλων
622 3854 1060 3926 ἀναθυμιάσεων,
1147 3852 1301 3921 λόγος
1333 3852 1575 3924 ἰατρικὸς
1621 3870 1803 3926 παρα-

205 3941 418 4009 δίδωσι,
460 3945 875 4016 ξυνισταμένου.
925 3947 1034 4000 Καὶ
1077 3946 1250 4008 ἄλλως
1281 3945 1391 4016 (55)
1414 3946 1458 3999 δ’
1493 3946 1559 3999 ἂν
1598 3947 1660 4000 τὸ
1706 3949 1811 4017 φά-

208 4058 326 4110 σμα
355 4043 468 4113 (54)
499 4038 853 4110 διευθυνθείη,
874 4039 1106 4110 ἐπείπερ
1137 4038 1274 4111 μόνῃ
1308 4041 1372 4109 τῇ
1408 4037 1514 4090 τῶν
1547 4039 1809 4108 Ἐφεσίων

206 4137 387 4198 πόλει,
420 4135 534 4189 ἀλλ’
569 4133 690 4205 οὐχὶ
720 4133 811 4186 καὶ
842 4135 956 4195 τοῖς
986 4133 1206 4202 ὁμόροις
1227 4131 1318 4184 τὸν
1352 4130 1539 4202 λοιμὸν
1576 4133 1805 4202 ἐπισκῆ-

203 4226 306 4298 ψαί
369 4242 537 4296 φησιν
583 4227 613 4279 ὁ
662 4223 817 4292 λόγος
841 4239 854 4252 ·
890 4222 1024 4294 ὅπερ
1058 4223 1156 4276 οὐκ
1191 4223 1258 4276 ἂν
1295 4222 1528 4291 γεγόνοι,
1558 4223 1801 4277 κάκωσιν

203 4319 306 4380 τοῦ
339 4318 690 4391 περιέχοντος
747 4314 1106 4379 πεπονθότος·
1143 4315 1202 4368 οὐ
1247 4315 1355 4384 γὰρ
1399 4315 1482 4387 δὴ,
1511 4314 1802 4368 κατακλει-

206 4410 359 4477 σθὲν,
380 4412 532 4484 μόνῳ
562 4410 628 4465 ἂν
645 4410 946 4482 ὲφήδρευσε
977 4408 1054 4480 τῷ
1071 4407 1199 4478 περὶ
1217 4407 1316 4480 τὴν
1339 4408 1564 4475 Ἔφεσον
1597 4407 1720 4478 ἀέρι
1742 4406 1804 4458 τὸ

205 4505 445 4578 νόσημα.

1926 2209 2032 2247 nus
2069 2194 2205 2249 alias
2239 2201 2517 2249 constaret
2548 2192 2777 2263 liquido,
2808 2193 3048 2261 spissum
3072 2191 3175 2248 hoc
3201 2209 3325 2250 esse
3352 2210 3507 2249 men-

1933 2286 2239 2351 dacium,et
2272 2286 2478 2356 magica
2517 2301 2700 2339 revera
2729 2283 2892 2354 528
2917 2286 3300 2361 superstitione
3335 2283 3503 2339 refer-

1934 2386 2071 2440 tum,
2097 2379 2209 2446 ipsa
2233 2378 2560 2432 narrationis
2592 2378 2730 2431 ratio
2755 2378 2807 2431 id
2839 2387 2982 2432 esset
3010 2377 3269 2432 evictura.
3291 2375 3499 2430 Pestcm

1933 2472 2078 2526 enim
2105 2470 2292 2524 statuit
2327 2471 2584 2535 mendici,
2622 2469 2922 2539 pannisque
2963 2469 3156 2523 laceris
3200 2467 3373 2522 induti
3416 2482 3503 2521 se-

1937 2563 2023 2617 nis
2069 2563 2254 2616 habitu
2303 2563 2639 2631 apparuisse.
2677 2562 2845 2628 Quem
2872 2578 2994 2616 cum
3035 2560 3302 2630 lapidibus
3345 2557 3501 2612 obrui

1913 2650 2175 2721 jussisset
2200 2651 2546 2728 Apollonius,
2584 2650 2819 2720 primum
2847 2649 2922 2702 ait
2952 2646 3226 2701 ﬂammam
3250 2646 3503 2701 emisisse

1918 2744 2094 2797 oculis
2124 2762 2135 2797 :
2166 2751 2280 2796 tum
2312 2758 2442 2797 vero
2473 2743 2745 2812 lapidibus
2791 2741 3046 2795 obrutum
3097 2757 3290 2796 canem
3326 2741 3506 2796 obtri-

1916 2844 2027 2889 tum
2053 2843 2105 2888 et
2134 2851 2228 2890 ore
2263 2843 2630 2905 spumantem,
2663 2834 2978 2888 rabidorum
3012 2849 3184 2896 more,
3215 2833 3503 2904 apparuis-

1914 2941 1995 2980 se.
2028 2924 2211 2995 lpsnm
2264 2933 2446 2979 autem
2494 2925 2561 2979 de
2596 2939 2660 2978 eo
2687 2926 2849 2977 etiam
2898 2925 3270 2994 Apollonium.
3309 2927 3364 2978 in
3400 2940 3499 2979 sua

1913 3019 1979 3073 ad
2012 3018 2382 3072 Domitianum
2415 3018 2800 3088 imperatorem
2851 3017 3123 3088 apologia,
3152 3017 3226 3070 ita
3255 3018 3500 3073 locutum

1910 3127 2034 3167 esse
2066 3111 2258 3165 scribit
2289 3129 2302 3165 :
2347 3129 2365 3161 ι
2401 3107 2738 3164 Pestilentiae
2764 3109 2908 3164 enim
2939 3107 3113 3162 forma
3143 3109 3416 3171 mendico,
3436 3123 3504 3161 eo

1914 3203 2102 3258 habitu
2139 3202 2593 3273 circumvaganti,
2623 3201 3067 3257 assimilabatur:
3101 3216 3333 3272 eamque
3365 3200 3498 3265 vidi,

1838 3270 1879 3326 (ἶ
1913 3298 2198 3367 visamque
2242 3297 2369 3360 vici,
2399 3312 2508 3350 non
2557 3305 2619 3349 ut
2666 3303 2909 3350 cessaret
2955 3295 3072 3349 lues
3111 3293 3370 3356 etliciens.
3403 3296 3498 3349 sed

1910 3390 2070 3460 plane
2102 3405 2132 3443 e
2152 3388 2330 3444 medio
2352 3403 2473 3442 eam
2505 3387 2722 3442 tollens.
2749 3406 2765 3436 ι
2787 3386 2925 3451 Quis
2947 3401 3099 3448 vero,
3123 3385 3254 3438 talia
3289 3386 3498 3455 legens,

1909 3465 2330 3552 priestigiatoris
2370 3495 2569 3550 magno
2609 3479 2725 3533 risu
2780 3493 2891 3533 non
2936 3479 3176 3548 excipiat
3209 3477 3502 3547 portenta?

1914 3572 2270 3647 [monstrum]
2309 3572 2487 3626 oculis
2534 3571 2857 3636 viventium,
2903 3576 2959 3625 et
3019 3569 3295 3641 lapidibus
3350 3569 3403 3623 in
3441 3585 3502 3624 se

1911 3665 2177 3735 conjectis
2208 3663 2528 3724 obnoxium,
2563 3662 2631 3716 ab
2677 3662 2996 3716 hominibus
3041 3676 3172 3716 vero
3204 3661 3494 3723 obtritum,

1914 3767 1969 3812 et
2013 3772 2108 3811 ore
2155 3770 2417 3825 spumans
2453 3772 2463 3806 :
2500 3755 2671 3822 pestis
2729 3760 2985 3807 naturam
3021 3753 3112 3824 qui
3149 3753 3310 3817 sciat,
3347 3752 3498 3822 quod

1917 3855 2061 3910 aliud
2114 3856 2188 3910 sit
2236 3854 2372 3908 nihil
2405 3869 2570 3923 quam
2631 3851 2942 3921 corruptela
2993 3857 3050 3905 et
3079 3847 3272 3902 vitium
3328 3845 3496 3908 aeris,

1916 3957 2131 4003 nosmet
2156 3946 2472 4006 ambientis,
2499 3952 2664 4014 atque
2693 3945 2748 3998 in
2783 3943 3005 3997 noxium
3046 3939 3189 3996 versi
3223 3937 3494 3997 habitum,

1919 4046 1972 4093 et
2005 4037 2256 4107 malignis
2285 4051 2348 4090 ac
2380 4035 2693 4104 depravatis
2729 4033 3192 4095 exhalationibus,
3225 4039 3282 4084 ut
3319 4026 3496 4082 Inedi-

1919 4145 2108 4185 corum
2155 4129 2320 4183 tradit
2377 4126 2650 4191 doctrina,
2687 4125 2990 4195 inspissati.
3041 4122 3153 4177 lino
3205 4127 3259 4176 et
3307 4117 3494 4174 habita

1910 4231 2229 4277 exterarum
2279 4218 2822 4275 circumstantiarum
2853 4216 3067 4270 ratione
3109 4214 3278 4267 hocce
3306 4209 3493 4279 explo-

1911 4315 2040 4369 dere
2094 4314 2254 4368 liceat
2305 4319 2605 4382 speetrum,
2651 4309 2908 4379 quoniam
2957 4319 3152 4371 nempe
3213 4303 3314 4358 soli
3371 4301 3492 4354 urbi

1913 4387 2184 4474 Ephesia,
2211 4417 2320 4456 non
2360 4415 2488 4455 vero
2538 4399 2788 4452 ﬁnitimis
2821 4397 2986 4452 etiam
3024 4401 3231 4465 pestem
3271 4405 3489 4461 gravem

1913 4495 2233 4550 incubuisse
2264 4501 2453 4546 narrat
2496 4493 2677 4546 oratio
2711 4507 2725 4543 :
2763 4489 2907 4558 quod
2934 4488 3137 4541 factum
3165 4492 3313 4540 certe
3345 4480 3489 4536 haud

204 4576 378 4658 esset,
410 4596 458 4652 si
494 4596 688 4660 vitium
740 4596 809 4650 ab
858 4609 984 4649 aere
1049 4592 1327 4646 ambiente
1373 4589 1572 4646 fuisset
1630 4599 2023 4644 contractum:
2061 4586 2286 4641 minime
2352 4585 2521 4662 enim,
2579 4583 2851 4653 angustiis
2906 4580 3239 4643 conclusus,
3309 4576 3489 4632 solum

206 4690 509 4764 Ephesium
543 4705 723 4745 aerem
756 4690 983 4744 morbus
1013 4687 1269 4742 obsidere
1298 4686 1590 4756 potuisset.

280 4788 330 4821 “
370 4787 467 4842 lib.
505 4803 591 4848 Iv,
624 4801 674 4840 c.
706 4786 760 4840 3.
840 4785 885 4816 ⁸⁸
927 4785 1022 4839 lib.
1062 4799 1149 4846 tv,
1184 4799 1234 4836 c.
1269 4780 1322 4834 4.

1406 4779 1451 4811 ⁸⁸
1493 4779 1589 4833 lib.
1625 4792 1722 4841 ιιι,
1753 4793 1804 4831 e.
1848 4775 1936 4829 10.

281 4879 399 4948 (29)
435 4874 542 4932 Οἷα
580 4878 648 4941 ἐξ
692 4875 986 4948 ἈρίίῦωγέἈ
1006 4877 1211 4944 Nempe
1244 4872 1547 4931 doctissimi
1587 4871 1663 4926 illi
1699 4871 1796 4948 τῇς

1921 4862 2004 4920 ὖδε
2030 4864 2286 4948 χείρονα,
2331 4862 2424 4917 sed
2475 4857 2894 4948 pertinenti-31¢?)
2911 4856 2998 4948 "se.
3031 4856 3266 4948 γέροντι.Ι
3292 4855 3488 4948 legitur

309 4917 375 4935 ..υ
436 4917 542 4932 um
580 4917 606 4930 ι.
705 4917 749 4932 ιν.
793 4917 970 4931 νων..
1184 4917 1210 4929 ν
1245 4917 1547 4931 ....,-.--..-..
1711 4917 1790 4934 --,

207 4917 556 5020 οἰωνισίτικῆς
591 4917 856 5020 ιίῖιιςίέίιὴ.
893 4917 1304 5020 Videnos'trum
1336 4958 1506 5020 supra
1540 4959 1659 5012 cap.

288 5023 404 5090 (ὅθ)
445 5014 706 5088 mlier.“
735 5017 1190 5090 VitiumfAldinae
1220 5014 1504 5090 editionis,
1543 5028 1664 5084 qua:
1698 5015 1795 5064 ha-

208 5085 375 5148 bebat
427 5085 706 5160 λογισμόν,
783 5089 1167 5160 Morellianain
1205 5100 1423 5160 quoque
1464 5085 1790 5160 _invaser_at,

208 5153 601 5237 quatnvis_'vel
651 5161 856 5213 Accioli
883 5159 1088 5237 _versio
1121 5153 1404 5237 ﬂorebunt
1446 5153 1513 5208 de
1543 5169 1678 5237 vera
1703 5154 1792 5206 le—

209 5224 397 5290 ctione
424 5234 720 5287 admonere
746 5230 1032 5299 potuisset.
1074 5229 1129 5281 In
1161 5224 1516 5281 Holsteniana
1551 5224 1792 5279 editione

209 5307 472 5361 mendum
501 5303 645 5357 istud
678 5301 952 5356 sublatmn
978 5299 1233 5353 observo.

283 5375 562 5448 (5!)_:'Ott
595 5371 681 5442 μὴ
715 5386 855 5448 παρ.
995 5373 1103 5423 six.
1141 5371 1274 5448 ant.
1301 5366 1398 5448 ῥυ
1427 5368 1622 5448 daal.”
1650 5365 1796 5448 dato-

205 5435 612 5503 .113‘02'Nesci0'
647 5435 717 5496 an
763 5435 1054 5496 Eusebium
1107 5441 1249 5494 ratio
1301 5439 1388 5491 hic
1436 5453 1546 5491 non
1599 5435 1790 5503 fugiat.

208 5522 345 5574 Cum
379 5519 548 5578 enim,
588 5515 732 5584 quod
771 5513 887 5582 ipse
917 5511 1078 5582 paulo
1107 5519 1229 5584 post
1259 5510 1535 5584 observat.
1575 5505 1794 5584 Apollo-

208 5599 335 5646 nius
392 5577 544 5658 apud
589 5577 994 5658 Don‘titianumu
1023 5577 1206 5636 Cit—tle
1257 5597 1316 5658 re
1367 5580 1576 5658 proiixe
1613 5577 1793 5656 egisse

206 5648 487 5722 narretur,
540 5658 726 5712 nesvio
775 5673 842 5709 an
878 5653 1210 5706 Philostrato
1262 5648 1380 5706 isla’
1412 5649 1580 5704 tribui
1618 5648 1794 5722 possit

210 5716 608 5802 praevaricatio.
637 5727 770 5782 Vide
827 5726 932 5779 huc
967 5726 1291 5793 spectantia,
1357 5722 1450 5776 lib.
1495 5716 1701 5782 vu|,7c.
1739 5716 1789 5781 7,

208 5803 768 5943 hth._tb68
819 5865 1130 5943 ἀγείροξτι.
1167 5861 1484 5943 Holstenius
1513 5876 1577 5914 ex
1606 5858 1793 5912 Philo-

207 5935 402 6013 strato,
456 5935 824 6014 ὦδεγέροντι,
857 5938 1143 6008 legendum
1178 5943 1351 6014 putat.
1382 5935 1451 5989 At
1486 5946 1663 6004 neque
1692 5946 1786 5984 πτ.

1902 4936 2045 5006 apud
2063 4925 2492 5006 'Philostratum:
2526 4930 2644 5006 Nec
2673 4931 2726 4984 in
2773 4925 2999 5006 proclivi
3033 4925 3215 5006 estea
3254 4925 3486 5006 lect-ioue

1901 4993 2182 5062 obtinente
2215 5004 2541 5074 particulam
2577 4995 2677 5054 ὧδε
2707 4993 2992 5055 commode
3015 4997 3319 5074 implicare.
3345 4993 3484 5074 Hinc

1899 5094 1966 5132 ex
1998 5063 2232 5130 Eusebio
2266 5073 2681 5135 Philostratum,
2714 5085 2878 5141 qnam
2913 5085 2978 5141 ex
3011 5063 3345 5121 Philostrato
3373 5063 3484 5119 Eu-

1900 5149 2110 5204 sebium
2144 5147 2251 5199 isto
2284 5146 2403 5198 loco
2437 5145 2619 5196 malim
2643 5140 2946 5197 emendari.

1973 5219 2083 5289 (55)
2119 5216 2228 5289 Καὶ
2255 5213 2476 5279 ἄλλως.
2609 5229 2659 5267 e.
2692 5213 2823 5289 licet
2857 5224 2983 5264 vero
3021 5208 3182 5289 etiam
3214 5204 3478 5260 conceda.

1897 5277 1989 5343 tur
2017 5277 2255 5340 fabulam
2289 5301 2411 5339 es3e
2434 5277 2640 5338 tradita
2675 5282 2742 5336 de
2766 5289 2917 5350 peste
2949 5279 3096 5334 senis
3133 5277 3306 5330 forma
3329 5291 3453 5350 _c_on

1899 5360 2111 5429 spicua,
2143 5365 2196 5411 et
2227 5365 2421 5429 caetera
2460 5370 2527 5407 eo
2561 5345 2888 5429 pertinentia
2939 5355 3268 5429 nugamenta
3323 5345 3480 5402 fabu-

1897 5416 2013 5484 losa
2040 5416 2196 5493 esse;
2220 5440 2319 5478 nec
2343 5427 2424 5479 sic
2454 5416 2634 5477 tamen
2658 5416 3331 5493 etiamacquiescendum;
3352 5433 3479 5471 nam

1896 5501 2120 5554 omnino
2163 5489 2368 5568 pestem
2417 5493 2730 5568 Ephesiam,
2763 5489 2939 5568 etiam
2973 5491 3090 5568 sine
3117 5489 3259 5568 _i_stis
3306 5503 3479 5557 nuga-

1897 5574 2096 5626 mentis
2120 5559 2441 5638 spectatam,
2461 5559 2564 5619 ’καὶ
2591 5563 2785 5638 ἄλλως,
2812 5562 3023 5615 ratione
3045 5559 3224 5638 habita
3255 5568 3482 5638 cietera-

1897 5659 2016 5698 rum
2044 5629 2606 5698 circ-tlmstantiarum,
2635 5635 2938 5688 fabulosam
2973 5647 3094 5686 esse
3121 5629 3475 5699 deprehendi.

1974 5713 2086 5784 (34)
2122 5709 2356 5777 Φάσμα.
2391 5707 2718 5784 Φάσμα-Ιιορ
2752 5706 2870 5757 loco
2914 5700 3174 5784 nil_a|jud
3208 5700 3479 5784 significat

1899 5770 2083 5855 quam,
2118 5770 2300 5855 fucum
2351 5770 2527 5855 oculis
2554 5779 2885 5855 obstipatpm
2924 5794 2935 5828 :
2970 5774 3048 5855 sic
3075 5770 3476 5855 'inl‘..c.55..de

1897 5838 2086 5910 cladem
2123 5868 2200 5916 re,
2236 5851 2355 5904 Ὅτι
2378 5850 2566 5919 φάσμα
2596 5850 2688 5902 καὶ
2705 5838 2876 5900 ὀὐδέν
2903 5862 2955 5898 τι
2989 5842 3148 5898 πλέον
3178 5838 3268 5914 ἦν,
3287 5839 3478 5914 1:906:-

1894 5925 2150 6000 δήλωται.
