3938 6518
492 433 602 492 835

1017 543 1193 602 CAPU
1209 543 1244 598 Υ
1284 543 1522 600 XXVIII.

563 669 750 736 Quarti
797 662 1048 720 miraculi
1082 661 1204 714 loco
1233 659 1462 714 Achillis
1493 658 1745 729 producit
1777 671 1965 711 manes
1995 656 2060 722 ⁸⁷,

495 764 725 834 primum
768 757 986 831 quidem
1043 757 1098 811 in
1145 755 1429 826 chlamyde
1483 753 1724 822 quinque
1775 749 2062 812 cubitales,

496 853 618 908 inde
651 850 938 905 duodecim
996 847 1305 902 cubitorum
1361 840 1738 911 magnitudine
1789 838 1856 892 ad
1881 837 2064 906 sepul-

495 959 645 1000 crum
702 941 876 1012 ipsius
907 939 1192 1010 Apollonio
1243 941 1589 1004 conspectos,
1616 939 1668 988 et
1691 931 1758 986 de
1788 928 2066 984 Thessalis

492 1041 910 1104 conquerentes,
945 1029 1092 1100 quod
1123 1030 1226 1085 sibi
1251 1026 1499 1090 inferias,
1533 1033 1592 1078 ut
1641 1037 1791 1076 more
1835 1029 1952 1075 erat
1980 1035 2066 1073 re-

491 1136 732 1197 ceptum,
763 1139 874 1178 non
905 1123 1177 1178 solverent
1207 1140 1220 1176 :
1249 1118 1506 1188 Trojanis
1559 1127 1820 1187 praeterea
1871 1115 2063 1179 iratos.

491 1221 561 1276 ob
591 1235 652 1274 ea
685 1234 806 1290 quae
855 1218 912 1271 in
961 1231 1085 1271 eum
1117 1213 1518 1284 peccavissent,
1553 1222 1714 1279 atque
1757 1207 2065 1278 Apollonio,

491 1322 551 1368 ut
579 1295 818 1382 quinque
843 1315 1168 1380 proponeret
1189 1305 1539 1376 quaestiones,
1576 1317 1714 1372 quas
1739 1302 1899 1356 vellet
1929 1300 2065 1369 ipse,

491 1417 544 1461 et
579 1404 763 1459 Parcae
823 1401 1052 1474 proponi
1110 1406 1446 1470 paterentur,
1497 1393 1895 1466 permittentes.
1940 1390 2070 1446 Inde

492 1501 575 1554 vir
596 1499 706 1562 ille,
739 1511 923 1550 rerum
957 1493 1201 1548 omnium
1243 1491 1438 1550 solers,
1465 1497 1519 1543 et
1547 1487 1728 1540 futura
1759 1493 1918 1540 antea
1964 1484 2068 1539 sihi

493 1593 839 1647 innotescere
887 1585 1178 1657 gloriatus,
1212 1582 1392 1638 adhuc
1421 1581 1550 1635 dum
1590 1580 1826 1650 ignorat,
1851 1577 2072 1632 funera-

495 1691 656 1738 tusue
699 1682 951 1752 sepulcro
979 1679 1216 1733 Achilles
1276 1676 1456 1738 fuerit,
1482 1671 1848 1744 Muszequeilli
1871 1686 1934 1726 ac
1965 1667 2071 1725 Ne-

493 1775 675 1830 reides
729 1790 798 1830 an
847 1774 1087 1828 lamenta
1138 1769 1504 1841 profuderint,
1539 1768 1716 1837 deque
1773 1766 1858 1820 his
1919 1766 2072 1819 illum

493 1867 660 1920 rebus
685 1871 1111 1935 percunctatur:
1143 1876 1320 1930 neque
1375 1859 1559 1912 minus
1597 1873 1664 1910 an
1704 1855 1974 1927 Polyxena
2003 1853 2069 1907 il-

1167 425 1437 484 eusrzau
1466 418 1954 482 cmsameusrs
1985 417 2140 476 opp.
2175 393 2374 471 cans;
2415 403 3096 468 IL—APOLOGETICA.

2093 541 2144 594 Δ

3679 399 3776 454 836

2671 545 3069 603 ΚΕΦΔΛΑῙΟΝ
3119 543 3260 599 KH'.

2233 669 2502 740 Τέταρτον
2529 664 2677 736 αύτῷ
2712 660 3012 735 παράδοξον
3028 659 3330 732 Ἀχιλλέως
3355 649 3432 725 ἦν
3456 651 3629 724 ψυχὴ,
3657 651 3776 724 πρό-

2165 778 2324 833 τερον
2355 760 2452 831 μὲν
2483 759 2542 810 ὲν
2563 755 2795 828 χλαμύδι
2828 754 3196 824 πεντάπηχυς,
3219 745 3354 803 εἶτα
3391 745 3775 814 δωδεκάπηχυς

2165 855 2227 908 τὸ
2259 853 2510 925 μέγεθος,
2543 851 2695 921 παρὰ
2717 847 2796 918 τῷ
2820 848 2938 918 ἰδίῳ
2971 843 3134 899 αὑτοῦ
3163 843 3433 914 μνήματι
3459 837 3773 908 φαινομένη,

2166 943 2466 1008 Θετταλούς
2510 960 2570 995 τε
2618 938 3046 1009 καταιτιωμένη,
3081 937 3163 990 ὅτι
3201 934 3272 1006 δὴ
3325 933 3402 986 τὰ
3445 929 3776 1000 ἐναγίσματα

2167 1037 2334 1109 αὐτῷ,
2367 1037 2442 1099 ὼς
2497 1033 2615 1097 ἔθος
2651 1029 2738 1104 ἦν,
2775 1033 2874 1084 οὐκ
2908 1027 3192 1083 ἐπετέλουν
3213 1045 3225 1057 ·
3279 1023 3558 1097 μηνιῶσά
3585 1039 3644 1075 τε
3675 1024 3774 1076 εἱσι·

2167 1129 2274 1182 ἐτι.
2360 1127 2542 1197 Τρωσὶ
2573 1127 2680 1180 τῶν
2737 1127 2794 1190 ἐς
2841 1123 3001 1177 αὐτὸν
3049 1116 3649 1190 πεπλημμελημὲνων,
3695 1113 3775 1169 καὶ

2170 1213 2578 1293 προστάττουσα
2609 1219 2688 1292 τῷ
2721 1217 3066 1288 Ἀπολλωνίῳ
3121 1216 3287 1268 πέντε
3339 1211 3570 1280 λόγους,
3603 1207 3691 1270 οὓς
3721 1208 3776 1260 ἂν

2170 1315 2334 1379 αὑτός
2375 1327 2437 1366 τε
2483 1310 2746 1382 βούλοιτο,
2783 1308 2883 1363 καὶ
2915 1309 2970 1362 αί
3003 1309 3182 1378 μοῖραι
3210 1303 3566 1373 ξυγχωρεῖεν
3599 1300 3772 1370 ἀνέρε-

2171 1407 2316 1462 σθαι.
2365 1401 2480 1459 Εἶθ’
2521 1402 2550 1456 ὁ
2603 1403 2780 1456 πάντα
2813 1399 2989 1464 εἰδὼς,
3025 1394 3256 1452 καὶτῶν
3307 1393 3633 1465 μελλόντων
3655 1387 3772 1460 πρό-

2169 1515 2369 1567 γνωσιν
2419 1497 2620 1569 αὐχῶν,
2650 1495 2730 1548 ἔτι
2761 1495 2947 1564 ἀγνοεῖ
2984 1494 3031 1544 εἰ
3062 1490 3235 1560 τάφου
3267 1487 3442 1557 τύχοι
3494 1481 3768 1556 Ἀχιλλεὺς,

2171 1593 2264 1645 καὶ
2291 1593 2339 1644 εἰ
2364 1589 2596 1645 Μουσῶν
2624 1585 2836 1662 θρῆνοι,
2866 1586 2959 1640 καὶ
2988 1583 3283 1656 Νηρηίδων
3329 1581 3430 1632 ἐπ’
3457 1577 3610 1648 αύτῷ
3631 1575 3770 1644 γεγόο

2171 1701 2315 1748 νασι,
2348 1681 2600 1753 καὶπερὶ
2633 1681 2838 1733 τούτων
2885 1677 3048 1733 αὑτὸν
3097 1675 3379 1746 ἁνερωτᾷ,
3417 1672 3520 1726 καὶ
3569 1671 3770 1724 διαπυν-

2172 1777 2414 1841 θάνεται,
2443 1777 2491 1828 εί
2517 1771 2788 1845 Πολυξένη
2826 1771 3114 1841 ἐπεσφάγη
3165 1767 3344 1838 αὐτῷ,
3385 1765 3490 1819 καὶ
3517 1766 3566 1816 εἰ
3597 1761 3764 1830 Ἑλένη

2175 1872 2234 1934 ἐς
2266 1869 2465 1942 Τροίαν
2495 1867 2767 1940 ἐληλύθει.
2812 1865 2898 1929 Ὠς
2934 1863 3108 1935 σεμνά
3139 1880 3225 1932 γε,
3254 1861 3360 1915 καὶ
3389 1855 3765 1922 κατεπείγοντα

495 1961 602 2013 lius
637 1959 703 2013 ad
748 1956 1016 2011 tumulum
1053 1969 1194 2009 cmsa
1227 1952 1392 2007 fuerit
1434 1952 1754 2018 interrogat,
1779 1945 2069 2016 Troiamve

2179 1966 2230 2027 ές
2255 1963 2349 2016 τὸν
2385 1959 2672 2031 φιλόσοφον
2703 1959 2813 2031 βίον
2858 1955 2951 2012 τοῦ
2985 1955 3098 2010 δίου
3133 1954 3242 2026 (55)
3274 1953 3352 2006 τὰ
3383 1948 3626 2018 σπουδῆς
3657 1945 3764 2010 ἄξια

495 2050 698 2106 Helena
736 2065 803 2102 an
835 2047 1162 2119 pervenerit.
1211 2043 1513 2098 Prmclaras
1543 2057 1695 2102 vero,
1729 2041 2070 2108 multumque

495 2143 562 2198 ad
591 2141 1025 2213 philosophicam
1067 2139 1238 2194 divini
1271 2139 1418 2192 illius
1448 2136 1550 2191 viri
1575 2135 1738 2188 vitam
1777 2133 2070 2188 conferen-

495 2239 614 2296 tes,
648 2232 902 2302 serioque
958 2229 1187 2302 proinde
1238 2229 1424 2285 studio
1471 2226 1664 2298 dignas
1713 2224 2068 2294 qtmstiones.

497 2341 726 2395 Miratur
759 2340 888 2394 item
933 2347 1215 2408 praterea,
1243 2334 1386 2405 quod
1417 2341 1496 2387 tot
1523 2333 1716 2387 heroes
1753 2331 1894 2385 inter
1925 2327 2068 2383 Grat-

498 2445 592 2484 cos
618 2436 774 2484 mtate
804 2427 993 2483 eadem
1024 2442 1146 2482 esse
1180 2425 1477 2496 potuerint,
1511 2431 1566 2479 et
1585 2423 1732 2495 quod
1755 2421 1822 2476 ad
1852 2419 2073 2492 Trojam

498 2519 813 2576 Palamedes
843 2518 1008 2574 fuerit
1034 2533 1288 2590 przeseus.
1310 2513 1499 2570 Virum
1522 2523 1700 2569 autem
1731 2533 1750 2566 ς
1782 2513 2028 2569 cumdiis
2052 2533 2069 2565 ι

497 2611 844 2668 familiariter
869 2620 1172 2674 versatum,
1215 2627 1232 2660 ‹
1271 2609 1386 2664 sive
1415 2607 1592 2661 forma
1628 2605 2007 2676 apparentium
2030 2603 2075 2636 ⁸⁸

497 2706 720 2769 visibili,
752 2705 876 2760 sive
909 2720 1018 2758 non
1060 2703 1422 2757 obnoxiorum
1471 2699 1669 2762 oculis,
1707 2719 1725 2751 ›
1761 2699 1891 2752 talia
1921 2699 2077 2769 igno-

499 2815 643 2860 rare,
675 2805 730 2852 et
778 2799 844 2851 de
877 2793 1148 2864 ejusmodi
1197 2795 1534 2864 interrogare
1571 2793 1758 2858 rebus,
1801 2791 2076 2862 quomodo

500 2888 878 2955 turpissimum
907 2903 1010 2940 non
1031 2885 1478 2940 censeatur?Nisi
1505 2883 1662 2948 forte,
1680 2883 1805 2952 quia
1825 2889 2069 2939 mortuos

501 2975 843 3044 interrogans
883 2977 1184 3036 inducitur,
1218 2971 1380 3044 529
1424 2973 1546 3028 ideo
1588 2971 1892 3042 frigidiores
1929 2986 2076 3042 qua!-

508 3068 810 3122 stiunculas
854 3076 1043 3121 auctor
1075 3067 1243 3137 lingit,
1282 3078 1340 3120 ut
1371 3067 1521 3120 tollat
1545 3067 1932 3134 suspicionem,
1965 3080 2073 3132 qua

505 3163 596 3216 ille
635 3162 775 3215 ultra
823 3177 983 3230 quam
1035 3176 1130 3230 par
1174 3167 1258 3214 est
1299 3161 1555 3215 curiosus
1592 3160 1865 3213 exstitisse
1901 3157 2076 3215 videri

501 3260 730 3322 pcterat.
783 3249 926 3306 Sane
955 3252 1098 3306 enim
1138 3261 1192 3306 et
1234 3251 1485 3323 apologia
1535 3267 1698 3306 usum
1734 3252 1894 3306 nobis
1930 3253 2076 3308 sistit

499 3344 846 3414 Apollonium
877 3345 943 3411 θ’,
972 3345 1115 3415 quod
1140 3361 1204 3399 co
1233 3345 1418 3408 modo,
1451 3359 1560 3415 quo
1589 3345 1640 3398 in
1663 3343 2074 3417 Necyomantiis

501 3435 618 3490 ﬁeri
665 3437 823 3500 solet,
855 3437 955 3506 ipsi
991 3439 1106 3490 visa
1137 3435 1320 3492 oblata
1362 3437 1506 3491 haud
1542 3437 1788 3493 fuerint:
1822 3457 1840 3490 ι
1885 3438 2072 3510 Neque

501 3533 669 3597 enim,
716 3533 910 3603 inquit,
943 3541 1002 3586 ut
1029 3532 1250 3602 Ulysses
1288 3532 1479 3588 scrobe
1516 3532 1736 3600 effossa,
1757 3551 1932 3606 neque
1967 3551 2070 3590 ca:-

501 3623 579 3678 sis
607 3625 763 3694 agnis
795 3625 1046 3680 manibus
1079 3625 1332 3695 placatis,
1365 3625 1420 3678 in
1475 3624 1705 3680 Achillis
1737 3627 2072 3697 colloquium

2173 2051 2536 2124 ἐρωτήματαί
2591 2049 2859 2119 θαυμάζει
2909 2044 2952 2099 δ’
3003 2045 3095 2098 ἐπὶ
3129 2043 3376 2104 τούτοις,
3442 2041 3492 2092 εἰ
3547 2033 3762 2089 τοσοῦτοι

2170 2123 2347 2215 ἥρωες
2395 2142 2546 2213 παρὰ
2596 2141 2706 2203 τοῖς
2735 2137 2990 2208 Ἕλλησιν
3023 2137 3102 2190 ἑνὶ
3134 2135 3318 2206 χρόνῳ
3369 2130 3648 2201 γεγόνασι,
3681 2123 3759 2179 καὶ

2173 2237 2221 2288 εί
2241 2233 2486 2302 ἀφίκοιτο
2513 2234 2569 2295 ἐς
2593 2233 2789 2302 Τροίαν
2815 2227 3168 2300 Παλαμήδης.
3188 2225 3296 2278 Τὸν
3323 2222 3396 2294 δὴ
3431 2241 3448 2272 ι
3487 2219 3624 2274 θεῶν
3653 2220 3762 2289 optu-

2178 2326 2353 2399 μένων
2407 2344 2466 2380 τε
2524 2325 2617 2379 καὶ⁵
2665 2326 2763 2395 οὐχ
2814 2321 3114 2396 ὁρωμένων
3172 2341 3189 2372 ι
3231 2317 3518 2390 ὁμιλητὴν
3563 2310 3759 2366 τοιαῦτα

2175 2423 2407 2492 ἀγνοεῖν,
2439 2423 2531 2476 καὶ
2575 2419 2702 2492 περὶ
2747 2418 2951 2471 τούτων
2983 2413 3285 2488 ἀνερωτᾷν,
3323 2411 3495 2472 ποίας
3542 2407 3656 2477 οὐχ).
3683 2402 3760 2472 γέι

2174 2515 2302 2570 νοιτ’
2335 2513 2400 2569 ἂν
2424 2513 2718 2586 αἰσχύνης;
2753 2513 2802 2565 εί
2840 2511 2914 2582 μὴ
2949 2509 3056 2582 ἄρ’,
3098 2505 3286 2577 ἐπειδὴ
3326 2504 3554 2575 νεκροῖς
3579 2493 3756 2568 ὁμιλῶν

2179 2606 2454 2676 εἰσῆκται,
2491 2605 2583 2658 ἐπὶ
2634 2603 2696 2658 τὸ
2739 2603 3072 2674 ψυχρότερον
3109 2599 3409 2671 μεταποιεῖ
3433 2595 3534 2654 τὰς
3566 2589 3758 2648 πεύσεις

2177 2700 2205 2750 ὁ
2239 2673 2604 2770 ξδγγραφεὺς,
2647 2695 2724 2759 ὡς
2893 2691 3172 2763 ύπεκλύσῃ
3218 2690 3328 2761 τὴν
3389 2686 3643 2740 ὑπόνοιαν
3677 2673 3752 2731 τοῦ

2185 2789 2330 2862 πέρα
2378 2789 2485 2842 τῶν
2537 2786 2921 2861 προσηκόντων
2983 2783 3144 2838 αὐτὸν
3199 2776 3628 2852 περιειργὰσθαι
3666 2771 3754 2840 ('56)

2181 2881 2381 2936 δοκεῖν.
2436 2882 2546 2934 Καὶ
2585 2880 2696 2952 γὰρ
2744 2879 2808 2952 δὴ
2843 2877 2938 2932 καὶ
2984 2873 3432 2945 ἀπολογούμενον
3464 2869 3619 2924 αὐτὸν

2183 2973 2406 3046 γράφει,
2446 2972 2527 3026 ὅτι
2565 2972 2639 3043 μὴ
2673 2971 2813 3025 κατὰ
2856 2966 3280 3040 νεκρομαντείαν
3339 2968 3370 3018 ὁ
3401 2963 3604 3036 τρόπος
3633 2951 3753 3022 αὐτῷ

2173 3044 2274 3135 τῆς
2291 3063 2551 3134 φανείσης
2569 3063 2744 3132 ὅψεως
2757 3061 2978 3130 γένοιτοο
3004 3078 3022 3110 ‹
3043 3055 3180 3112 Οὔτε
3213 3057 3330 3128 γὰρ
3359 3053 3574 3126 βόθρον,
3607 3044 3746 3104 εἶπεν,

2197 3155 2491 3216 Ὀδυσσέως
2507 3153 2860 3226 ὀρυξάμενος,
2886 3149 3190 3224 οὐδ’ἁρνῶν
3231 3149 3435 3218 αἵμασι
3461 3137 3749 3214 ψυχαγωτή·

2187 3261 2308 3308 σας,
2326 3248 2380 3307 ὲς
2399 3241 2629 3307 διάλεξιν
2655 3242 2749 3295 τοῦ
2767 3241 3052 3312 Ἀχιλλέως
3071 3235 3232 3312 ἦλθον
3261 3235 3402 3308 (37),
3429 3229 3747 3298 ἀλλἐύξὰμε-

2179 3354 2268 3400 νος
2283 3336 2453 3388 ὁπόσα
2477 3339 2586 3400 τοῖς
2611 3337 2816 3409 ἥρωσιν
2843 3333 2994 3388 Ἰνδοί
3013 3351 3173 3402 φασιν
3189 3329 3456 3394 εὔξασθαι
3473 3327 3596 3380 δεῖν.
3625 3342 3641 3374 ι
3659 3315 3746 3372 Καὶ

2183 3427 2359 3480 ταῦτα
2391 3426 2485 3481 νῦν
2521 3427 2656 3499 πρὸς
2684 3429 2775 3480 τὸν
2808 3429 3020 3498 ἑταῖρον
3054 3423 3519 3494 ἁποσεμνύνεται,
3553 3417 3580 3468 ὁ
3613 3409 3746 3485 μηδὲν

2189 3519 2379 3591 μαθεῖν
2396 3521 2526 3591 παρ’
2558 3519 2755 3585 Ἰνδῶν,
2783 3519 2917 3592 μηδὲ
2945 3517 3185 3590 ζηλῶσαι
3211 3515 3322 3588 (58)
3345 3515 3446 3584 τὴν
3465 3501 3745 3580 παράῠτῠῖς

2188 3613 2403 3682 σοφίαν,
2449 3616 2584 3684 πρὸς
2646 3611 2742 3667 τοῦ
2787 3610 3144 3682 ξυγγραφέως
3201 3599 3696 3680 μεμαρτυρημένος·

500 3716 646 3780 veni,
689 3717 781 3770 sed
818 3715 1072 3786 precibus
1105 3716 1266 3780 fusis,
1297 3731 1434 3787 quas
1471 3715 1588 3771 Indi
1624 3726 1852 3773 censent
1893 3718 2151 3778 heroibus
2189 3721 2344 3778 fundi
2381 3733 2657 3795 Oportere.
2704 3744 2722 3776 ι
2757 3723 2934 3793 Atque
3004 3722 3072 3778 de
3137 3721 3259 3778 istis
3316 3721 3438 3792 iam
3491 3711 3624 3786 apud
3667 3722 3740 3795 so:

499 3805 677 3863 dalem
700 3811 983 3880 gloriatur,
1013 3809 1106 3880 qui
1131 3809 1266 3864 nihil
1299 3810 1368 3864 ab
1391 3809 1537 3865 Indis
1565 3811 1868 3884 accepisse,
1903 3828 2080 3888 neque
2116 3831 2308 3872 eorum
2334 3787 2582 3874 imitatus
2609 3787 2937 3888 sapientiam
2967 3829 3093 3872 esse
3157 3813 3291 3868 alibi
3318 3787 3333 3792 ⁷
3355 3811 3489 3868 huic
3522 3787 3740 3872 scriptori

502 3904 824 3976 perhibetur
854 3905 922 3957 '°.

1065 4039 1292 4134 CdPUT
1317 4040 1509 4098 XXIX.

577 4153 704 4218 Sed,
728 4147 893 4209 heus!
918 4155 1060 4209 bone
1085 4155 1188 4219 vir,
1218 4156 1324 4210 nisi
1353 4155 1676 4212 damnabilis
1705 4157 1797 4212 illa
1814 4165 1933 4213 erat
1965 4172 2082 4212 ma-

503 4250 610 4320 gia,
637 4248 766 4318 quid
818 4256 902 4302 est
955 4247 1102 4318 quod
1151 4249 1234 4302 vel
1281 4249 1501 4302 unicum
1554 4249 1652 4303 tibi
1711 4249 2078 4306 familiarissi-

501 4356 693 4405 mum,
764 4355 999 4410 eumque
1077 4341 1290 4407 solum,
1365 4339 1695 4407 Damidem,
1769 4341 2076 4397 admirandi

467 4433 668 4504 'hujus
730 4433 1030 4504 spectaculi
1092 4443 1146 4490 et
1215 4433 1680 4490 confabulationis
1749 4436 2076 4507 participem

501 4525 644 4580 haud
676 4525 871 4582 fecisti.
919 4527 1033 4582 Cur
1113 4528 1241 4581 item
1291 4529 1451 4598 plena
1483 4527 1572 4582 die
1625 4527 1678 4582 id
1727 4527 1906 4583 facere
1935 4527 2080 4581 haud

2621 4097 2624 4100 .
2693 4047 3083 4103 KE‘PAAAIOIV
3115 4048 3250 4104 KB'.

2257 4155 2571 4232 Τίδῆτόὗν,
2607 4153 2653 4214 ὦ
2686 4153 2926 4225 οὗτος,εξ
2948 4163 3020 4234 μή
3041 4177 3124 4223 τις
3141 4155 3209 4231 ἦν
3237 4156 3518 4228 κακοήθης
3547 4160 3730 4219 περιερ-

2183 4253 2299 4324 γία,
2331 4253 2465 4324 μηδὲ
2496 4252 2586 4306 τὸν
2613 4251 2708 4306 ἕνα
2735 4266 2840 4317 σοι,
2869 4252 2962 4304 καὶ
2980 4254 3221 4320 γνήσιον,
3243 4249 3334 4302 καὶ
3359 4248 3518 4319 μόνον
3536 4241 3730 4308 ἑταῖρον.

2184 4347 2377 4417 Δάμιν,
2397 4345 2572 4398 κοινὸν
2603 4345 2786 4398 ἐποιοῦ
2820 4345 2920 4414 τῆς
2953 4342 3273 4414 θαυμαστῆς
3295 4341 3498 4409 ταύτης
3515 4328 3668 4402 δψεὼς
3685 4341 3730 4377 τε

2187 4434 2282 4485 καὶ
2296 4432 2512 4502 ὁμιλίας
2527 4448 2542 4498 ;
2560 4433 2624 4484 Τί
2644 4432 2689 4486 δ’
2706 4433 2825 4502 οὐχὶ
2843 4429 2933 4486 καὶ
2946 4431 3014 4484 δι’
3033 4431 3244 4502 ἡμέρας
3259 4429 3419 4484 τοῦτο
3435 4427 3552 4496 ἐξῆν
3569 4419 3744 4477 ποιεῖν.·

2189 4526 2324 4580 ἀλλὰ
2345 4526 2452 4578 τῶν
2475 4524 2686 4578 νυκτῶν
2709 4525 2867 4596 ἀωρὶ,
2899 4524 2994 4577 καὶ
3027 4524 3184 4594 μόνον
3205 4539 3218 4588 ;
3243 4523 3306 4574 Τί
3335 4521 3398 4575 δὲ
3427 4519 3518 4574 καὶ
3538 4513 3730 4586 ἦλαννην

503 4619 680 4684 licuit,
755 4617 852 4674 sed
904 4627 1065 4673 nocte
1115 4619 1466 4689 intempesta,
1513 4627 1626 4673 ate
1677 4620 1862 4690 peragi
1919 4635 2072 4689 opor-

2189 4619 2288 4686 τὴν
2329 4618 2423 4671 τοῦ
2465 4618 2644 4689 ἥρωος
2679 4617 2854 4688 ψυχὴν
2899 4615 3272 4686 ἀλεκτρυόνων
3303 4613 3455 4684 βοαί;
3483 4630 3500 4662 t
3535 4598 3724 4714 Ἀπῆλθῗ

501 4713 608 4765 tuit
640 4711 790 4766 solo?
813 4710 923 4764 Cur
972 4711 1101 4766 item
1136 4712 1405 4782 gallorum
1438 4721 1636 4766 cautus
1672 4710 1858 4764 herois
1889 4725 2080 4764 manes

505 4803 1008 4873 fugarunthAbiit
1033 4805 1200 4868 enim,
1241 4804 1438 4873 inquit,
1482 4817 1606 4858 cum
1667 4801 1878 4871 fulgure
1943 4815 2079 4870 quo-

503 4895 628 4950 dam
650 4895 884 4961 modico,
921 4911 1154 4964 namque
1183 4905 1236 4950 et
1257 4896 1380 4966 galli
1407 4895 1816 4965 gallinaceijam
1856 4903 2078 4948 cantum

501 4988 687 5044 exorsi
717 4987 948 5042 fuerant.
985 5007 1004 5039 ι
1043 4988 1278 5059 ltnpuris
1325 4989 1508 5058 itaque
1541 4986 1887 5042 daemonibus
1941 4985 2080 5041 forte

2187 4710 2313 4782 γὰρ,
2356 4711 2508 4782 φησὶ,
2563 4709 2656 4777 ξὺν
2715 4711 2966 4781 ἀστραπῇ
3005 4709 3237 4781 μετρίᾳο
3295 4707 3389 4760 καὶ
3441 4703 3542 4773 γὰρ
3570 4697 3625 4766 δὴ
3653 4691 3724 4782 κέ(

2185 4781 2540 4875 ἀλεκτρυὸνες
2581 4803 2682 4874 ἤδη
2723 4803 2866 4873 ᾠδῆς
2907 4803 3160 4873 ἥπτοντο.
3204 4821 3222 4853 ι
3259 4799 3484 4872 Δαίμοσι
3536 4792 3621 4866 μὲν
3650 4781 3724 4875 σύν

2186 4874 2440 4965 πονηροῖς
2469 4893 2669 4963 γένοιτ’
2699 4893 2765 4946 ἂν
2815 4891 2944 4955 ἴσως
2975 4894 3003 4945 ὁ
3035 4891 3136 4962 τῆς
3185 4891 3333 4963 ὧρας
3379 4882 3654 4955 ἐπιτήδειος
3679 4874 3724 4931 ές

2188 4985 2510 5060 περιέργους
2560 4985 2772 5058 ὁμιλίας
2807 4986 3028 5057 καιρὸς,
3067 4983 3183 5038 ἀλλ’
3215 4983 3334 5054 οὐχὶ
3377 4977 3556 5056 ἡρωΐδι
3583 4965 3718 5040 ψυκῇν

607 5143 653 5176 δ’
691 5143 789 5200 lib.
823 5160 910 5208 tv,
941 5158 991 5198 c.
1027 5142 1113 5199 16.
1190 5143 1234 5175 ⁸⁸
1273 5143 1370 5199 lib.
1405 5159 1450 5208 ι,
1487 5159 1540 5200 c.
1575 5141 1665 5198 52.
1743 5144 1788 5174 ⁶⁹
1825 5143 1919 5198 lib.
1955 5159 2008 5198 tv
2033 5186 2048 5210 ,

2179 5141 2256 5199 l6.
2332 5143 2380 5175 "
2419 5144 2514 5199 lib.
2549 5159 2612 5210 ν,
2646 5158 2698 5199 c.
2733 5142 2824 5199 12.

575 5319 686 5392 (55)
725 5319 836 5375 Τοῦ
863 5321 1016 5376 δίου.
1051 5319 1194 5374 Editi
1227 5321 1501 5392 habebant
1526 5319 1620 5374 τοῦ
1647 5321 1934 5392 Διός,(ιιιο(1
1967 5334 2078 5376 non

502 5391 756 5459 ingratiis
797 5392 1074 5448 Musarum
1105 5393 1160 5449 in
1188 5391 1299 5446 δίου
1329 5407 1432 5448 nos
1479 5409 1542 5448 ex
1595 5393 1914 5462 conjectura
1959 5405 2078 5446 mu-

503 5471 652 5516 tasse
682 5463 1024 5518 confidimus.

716 5531 1178 5611 Περιειρτάοςθαι.
1211 5532 1382 5611 Ιξῖοιιιε
1413 5532 1732 5611 natatibus
1773 5533 2080 5611 apostolicis

501 5603 657 5656 vocis
701 5603 988 5674 περίεργος
1036 5605 1104 5659 de
1155 5605 1319 5660 rebus
1363 5605 1589 5675 magicis
1626 5619 1779 5666 usus,
1808 5603 1885 5658 ad
1916 5619 2079 5674 quem

505 5685 731 5726 censum
765 5676 966 5728 referre
995 5683 1210 5744 oportet
1246 5675 1692 5746 νεκυομαντείαν,
1723 5675 2082 5746 curiosusque

505 5749 846 5796 mortuorum
870 5743 1318 5799 consultationes.
1342 5743 1706 5810 Quamobrem
1732 5747 1860 5800 nolo
1882 5745 1950 5798 de
1973 5745 2075 5797 hac.

505 5826 646 5892 voce
663 5812 728 5866 ad
743 5827 968 5892 _sacram
996 5815 1143 5892 illam
1169 5817 1538 5892 apostolorum
1567 5817 1847 5872 historiam
1876 5829 1908 5869 a
1943 5815 2076 5870 viris

506 5881 682 5940 doctis
708 5883 996 5940 observata
1026 5885 1130 5940 hoc
1169 5881 1290 5942 loco
1319 5891 1582 5957 repetere.

2253 5323 2363 5394 (s7)
2395 5319 2645 5380 Ἦλθον.
2681 5323 2823 5378 Editi
2861 5323 3001 5394 ιλθοι
3033 5323 3328 5386 habebant,
3373 5333 3526 5394 sensu
3557 5305 3710 5394 inriga;

2181 5385 2416 5464 conique
2467 5397 2584 5466 ipsa
2629 5396 2720 5448 hic
2747 5411 2835 5466 es
2859 5393 3178 5450 Philostrati
3205 5385 3430 5448 histeria
3463 5385 3710 5466 alleg‘f‘l‘ﬂ'

2181 5447 2691 5546 Apolloniirverba,
2744 5447 2918 5536 ἦλθον
2936 5447 3003 5520 ei
3021 5447 3118 5520 ea,
3142 5447 3432 5520 restituere
3461 5447 3708 5516 non-dubi-

2185 5543 2318 5590 tavi.

2257 5589 2368 5677 (58)
2401 5604 2566 5672 Μηδὲ
2599 5603 2858 5674 ζηλῶσαι
2885 5613 2993 5661 etc.
3023 5605 3268 5676 Respicit
3297 5601 3543 5677 locum‘in
3571 5589 3705 5677 ᾤεθ’

2184 5667 2274 5730 πῖθ’
2321 5667 2664 5735 Philostrati;
2699 5691 2866 5748 supra
2923 5679 3087 5731 etiam
3134 5667 3256 5748 cap.
3307 5667 3701 5748 24,,alleiialf'ff

2181 5765 2344 5818 quem
2375 5763 2500 5801 cum
2533 5733 2696 5804 modo
2728 5733 2974 5818 allegatis
3015 5733 3289 5818 Apollo-nil
3324 5733 3496 5803 verbis
3523 5733 3706 5818 conten-

2184 5807 2342 5888 dens,
2373 5819 2652 5876 contraria
2683 5807 2908 5876 narrare
2941 5807 3332 5875 Philostratum
3361 5807 3590 5875 ostendit-
