  <div class='ocr_page' id='page_1' title='image "/cluster/home/n/w/nwhite01/storage/ocr_20150623/22/hvd.32044020605168/448.png"; bbox 0 0 3938 6512; ppageno 0'>
   <div class='ocr_carea' id='block_1_1' title="bbox 229 397 348 454">
    <p class='ocr_par' dir='ltr' id='par_1_1' title="bbox 229 397 348 454">
     <span class='ocr_line' id='line_1_1' title="bbox 229 397 348 454; baseline 0.017 -2"><span class='ocrx_word' id='word_1_1' title='bbox 229 397 348 454; x_wconf 74' lang='grc' dir='ltr'><strong>8ὃῖ</strong></span> 
     </span>
    </p>
   </div>
   <div class='ocr_carea' id='block_1_2' title="bbox 1367 405 2348 464">
    <p class='ocr_par' dir='ltr' id='par_1_2' title="bbox 1367 405 2348 464">
     <span class='ocr_line' id='line_1_2' title="bbox 1367 405 2348 464; baseline 0.002 -4"><span class='ocrx_word' id='word_1_2' title='bbox 1367 406 1572 460; x_wconf 77' lang='lat' dir='ltr'><strong>LiBER</strong></span> <span class='ocrx_word' id='word_1_3' title='bbox 1608 405 1889 463; x_wconf 73' lang='lat' dir='ltr'><strong>CONTRA</strong></span> <span class='ocrx_word' id='word_1_4' title='bbox 1927 405 2348 464; x_wconf 78' lang='lat' dir='ltr'><strong>HIEROCLEM.</strong></span> 
     </span>
    </p>
   </div>
   <div class='ocr_carea' id='block_1_3' title="bbox 3391 413 3499 470">
    <p class='ocr_par' dir='ltr' id='par_1_3' title="bbox 3391 413 3499 470">
     <span class='ocr_line' id='line_1_3' title="bbox 3391 413 3499 470; baseline 0 0"><span class='ocrx_word' id='word_1_5' title='bbox 3391 413 3499 470; x_wconf 78' lang='lat'><strong>853</strong></span> 
     </span>
    </p>
   </div>
   <div class='ocr_carea' id='block_1_4' title="bbox 217 518 1808 599">
    <p class='ocr_par' dir='ltr' id='par_1_4' title="bbox 217 521 1793 599">
     <span class='ocr_line' id='line_1_4' title="bbox 217 521 1793 599; baseline 0.006 -28"><span class='ocrx_word' id='word_1_6' title='bbox 217 521 320 588; x_wconf 70' lang='grc' dir='ltr'>ἢν,</span> <span class='ocrx_word' id='word_1_7' title='bbox 361 522 462 591; x_wconf 83' lang='grc' dir='ltr'>τῆς</span> <span class='ocrx_word' id='word_1_8' title='bbox 490 522 722 592; x_wconf 81' lang='grc' dir='ltr'><strong>παχείας</strong></span> <span class='ocrx_word' id='word_1_9' title='bbox 752 523 843 576; x_wconf 80' lang='grc' dir='ltr'>τοῦ</span> <span class='ocrx_word' id='word_1_10' title='bbox 884 525 1129 595; x_wconf 88' lang='grc' dir='ltr'>σώματος</span> <span class='ocrx_word' id='word_1_11' title='bbox 1155 526 1604 598; x_wconf 86' lang='grc' dir='ltr'>ἐλευθερωθεῖσαν</span> <span class='ocrx_word' id='word_1_12' title='bbox 1633 527 1793 599; x_wconf 78' lang='grc' dir='ltr'>ὕλης,</span> 
     </span>
    </p>
   </div>
   <div class='ocr_carea' id='block_1_5' title="bbox 1918 518 3499 599">
    <p class='ocr_par' dir='ltr' id='par_1_5' title="bbox 1924 518 3499 592">
     <span class='ocr_line' id='line_1_5' title="bbox 1924 518 3499 592; baseline 0.001 -18"><span class='ocrx_word' id='word_1_13' title='bbox 1924 521 2097 589; x_wconf 84' lang='lat' dir='ltr'><strong>magis</strong></span> <span class='ocrx_word' id='word_1_14' title='bbox 2130 530 2501 590; x_wconf 78' lang='lat' dir='ltr'><strong>Opportunum</strong></span> <span class='ocrx_word' id='word_1_15' title='bbox 2536 518 2701 575; x_wconf 91' lang='lat' dir='ltr'><strong>fuerit</strong></span> <span class='ocrx_word' id='word_1_16' title='bbox 2748 519 2816 575; x_wconf 85' lang='lat' dir='ltr'><strong>ad</strong></span> <span class='ocrx_word' id='word_1_17' title='bbox 2847 521 3090 592; x_wconf 78' lang='lat' dir='ltr'><strong>magicas</strong></span> <span class='ocrx_word' id='word_1_18' title='bbox 3123 522 3499 575; x_wconf 70' lang='lat' dir='ltr'><strong>conversatio~</strong></span> 
     </span>
    </p>
   </div>
   <div class='ocr_carea' id='block_1_6' title="bbox 221 612 1804 689">
    <p class='ocr_par' dir='ltr' id='par_1_6' title="bbox 221 612 1804 689">
     <span class='ocr_line' id='line_1_6' title="bbox 221 612 1804 689; baseline 0.006 -27"><span class='ocrx_word' id='word_1_19' title='bbox 221 612 450 683; x_wconf 76' lang='grc' dir='ltr'>ἀγαθὴν</span> <span class='ocrx_word' id='word_1_20' title='bbox 493 615 584 666; x_wconf 71' lang='grc' dir='ltr'><strong>κα)⁸</strong></span> <span class='ocrx_word' id='word_1_21' title='bbox 619 614 918 685; x_wconf 82' lang='grc' dir='ltr'>πανάρετον</span> <span class='ocrx_word' id='word_1_22' title='bbox 945 612 1082 669; x_wconf 81' lang='grc' dir='ltr'>εἶναι</span> <span class='ocrx_word' id='word_1_23' title='bbox 1114 616 1306 687; x_wconf 85' lang='grc' dir='ltr'>χρεών.</span> <span class='ocrx_word' id='word_1_24' title='bbox 1339 619 1403 670; x_wconf 84' lang='grc' dir='ltr'><strong>’Ὀ</strong></span> <span class='ocrx_word' id='word_1_25' title='bbox 1434 635 1496 686; x_wconf 90' lang='grc' dir='ltr'><strong>γε</strong></span> <span class='ocrx_word' id='word_1_26' title='bbox 1547 620 1652 689; x_wconf 82' lang='grc' dir='ltr'>μὴν</span> <span class='ocrx_word' id='word_1_27' title='bbox 1695 621 1804 672; x_wconf 86' lang='grc' dir='ltr'>εἰσ-</span> 
     </span>
    </p>
   </div>
   <div class='ocr_carea' id='block_1_7' title="bbox 223 704 1803 781">
    <p class='ocr_par' dir='ltr' id='par_1_7' title="bbox 223 704 1803 781">
     <span class='ocr_line' id='line_1_7' title="bbox 223 704 1803 781; baseline 0.006 -27"><span class='ocrx_word' id='word_1_28' title='bbox 223 704 480 772; x_wconf 78' lang='grc' dir='ltr'>ηγμένος</span> <span class='ocrx_word' id='word_1_29' title='bbox 509 705 742 758; x_wconf 79' lang='grc' dir='ltr'>ἐνταῦθα</span> <span class='ocrx_word' id='word_1_30' title='bbox 771 705 978 776; x_wconf 84' lang='grc' dir='ltr'>δαίμων</span> <span class='ocrx_word' id='word_1_31' title='bbox 1005 706 1289 775; x_wconf 76' lang='grc' dir='ltr'><strong>βάσκανος,</strong></span> <span class='ocrx_word' id='word_1_32' title='bbox 1322 711 1412 762; x_wconf 71' lang='grc' dir='ltr'>καὶ</span> <span class='ocrx_word' id='word_1_33' title='bbox 1441 709 1693 781; x_wconf 81' lang='grc' dir='ltr'>φθονερὸς</span> <span class='ocrx_word' id='word_1_34' title='bbox 1714 711 1803 764; x_wconf 83' lang='grc' dir='ltr'><strong>τὸν</strong></span> 
     </span>
    </p>
   </div>
   <div class='ocr_carea' id='block_1_8' title="bbox 215 795 1804 870">
    <p class='ocr_par' dir='ltr' id='par_1_8' title="bbox 215 795 1804 870">
     <span class='ocr_line' id='line_1_8' title="bbox 215 795 1804 870; baseline 0.005 -26"><span class='ocrx_word' id='word_1_35' title='bbox 215 795 456 863; x_wconf 74' lang='grc' dir='ltr'>τρόπον,</span> <span class='ocrx_word' id='word_1_36' title='bbox 492 795 706 865; x_wconf 79' lang='grc' dir='ltr'><strong>ὀργίλος</strong></span> <span class='ocrx_word' id='word_1_37' title='bbox 745 813 801 848; x_wconf 90' lang='grc' dir='ltr'><strong>τε</strong></span> <span class='ocrx_word' id='word_1_38' title='bbox 847 797 939 848; x_wconf 76' lang='grc' dir='ltr'>καὶ</span> <span class='ocrx_word' id='word_1_39' title='bbox 986 798 1241 860; x_wconf 84' lang='grc' dir='ltr'>ταπεινὸς</span> <span class='ocrx_word' id='word_1_40' title='bbox 1272 800 1369 870; x_wconf 79' lang='grc' dir='ltr'><strong>τὴν</strong></span> <span class='ocrx_word' id='word_1_41' title='bbox 1398 800 1632 853; x_wconf 83' lang='grc' dir='ltr'>διάθεσιν</span> <span class='ocrx_word' id='word_1_42' title='bbox 1674 803 1804 853; x_wconf 82' lang='grc' dir='ltr'>ὑπο-</span> 
     </span>
    </p>
   </div>
   <div class='ocr_carea' id='block_1_9' title="bbox 216 884 1805 962">
    <p class='ocr_par' dir='ltr' id='par_1_9' title="bbox 216 884 1805 962">
     <span class='ocr_line' id='line_1_9' title="bbox 216 884 1805 962; baseline 0.006 -27"><span class='ocrx_word' id='word_1_43' title='bbox 216 884 568 939; x_wconf 84' lang='grc' dir='ltr'>τετύπωται.</span> <span class='ocrx_word' id='word_1_44' title='bbox 605 887 676 938; x_wconf 85' lang='grc' dir='ltr'><strong>’Ἡ</strong></span> <span class='ocrx_word' id='word_1_45' title='bbox 705 887 824 958; x_wconf 75' lang='grc' dir='ltr'>οὐχὶ</span> <span class='ocrx_word' id='word_1_46' title='bbox 853 888 1088 952; x_wconf 80' lang='grc' dir='ltr'>τοιοῦτος</span> <span class='ocrx_word' id='word_1_47' title='bbox 1110 890 1138 941; x_wconf 82' lang='grc' dir='ltr'>ὁ</span> <span class='ocrx_word' id='word_1_48' title='bbox 1172 890 1262 942; x_wconf 84' lang='grc' dir='ltr'><strong>τὸν</strong></span> <span class='ocrx_word' id='word_1_49' title='bbox 1297 891 1658 962; x_wconf 79' lang='grc' dir='ltr'><strong>Ἀντισθένην,</strong></span> <span class='ocrx_word' id='word_1_50' title='bbox 1695 909 1805 962; x_wconf 88' lang='grc' dir='ltr'>μει-</span> 
     </span>
    </p>
   </div>
   <div class='ocr_carea' id='block_1_10' title="bbox 225 974 1802 1052">
    <p class='ocr_par' dir='ltr' id='par_1_10' title="bbox 225 974 1802 1052">
     <span class='ocr_line' id='line_1_10' title="bbox 225 974 1802 1052; baseline 0.005 -26"><span class='ocrx_word' id='word_1_51' title='bbox 225 974 429 1044; x_wconf 76' lang='grc' dir='ltr'>ράκιόν</span> <span class='ocrx_word' id='word_1_52' title='bbox 452 993 504 1028; x_wconf 91' lang='grc' dir='ltr'><strong>τι</strong></span> <span class='ocrx_word' id='word_1_53' title='bbox 536 977 842 1040; x_wconf 83' lang='grc' dir='ltr'>σπουδαῖον,</span> <span class='ocrx_word' id='word_1_54' title='bbox 870 976 944 1041; x_wconf 84' lang='grc' dir='ltr'>ὠς</span> <span class='ocrx_word' id='word_1_55' title='bbox 983 979 1048 1032; x_wconf 82' lang='grc' dir='ltr'>ἂν</span> <span class='ocrx_word' id='word_1_56' title='bbox 1084 979 1146 1050; x_wconf 77' lang='grc' dir='ltr'>δὴ</span> <span class='ocrx_word' id='word_1_57' title='bbox 1176 979 1446 1052; x_wconf 61' lang='grc' dir='ltr'>φιλοσόφῳ</span> <span class='ocrx_word' id='word_1_58' title='bbox 1485 981 1802 1046; x_wconf 80' lang='grc' dir='ltr'>ξυνέπεσθαι</span> 
     </span>
    </p>
   </div>
   <div class='ocr_carea' id='block_1_11' title="bbox 215 1065 1800 1141">
    <p class='ocr_par' dir='ltr' id='par_1_11' title="bbox 215 1065 1800 1141">
     <span class='ocr_line' id='line_1_11' title="bbox 215 1065 1800 1141; baseline 0.006 -25"><span class='ocrx_word' id='word_1_59' title='bbox 215 1065 306 1133; x_wconf 76' lang='grc' dir='ltr'>τῷ</span> <span class='ocrx_word' id='word_1_60' title='bbox 350 1066 695 1136; x_wconf 79' lang='grc' dir='ltr'><strong>Ἀπολλωνίῳ</strong></span> <span class='ocrx_word' id='word_1_61' title='bbox 727 1068 1080 1139; x_wconf 82' lang='grc' dir='ltr'>πειρώμενον,</span> <span class='ocrx_word' id='word_1_62' title='bbox 1123 1070 1399 1141; x_wconf 86' lang='grc' dir='ltr'>ἀπείργων</span> <span class='ocrx_word' id='word_1_63' title='bbox 1426 1088 1440 1135; x_wconf 92' lang='grc'>;</span> <span class='ocrx_word' id='word_1_64' title='bbox 1474 1073 1800 1140; x_wconf 83' lang='grc' dir='ltr'>Προστάττει</span> 
     </span>
    </p>
   </div>
   <div class='ocr_carea' id='block_1_12' title="bbox 220 1155 1815 1234">
    <p class='ocr_par' dir='ltr' id='par_1_12' title="bbox 220 1155 1815 1234">
     <span class='ocr_line' id='line_1_12' title="bbox 220 1155 1815 1234; baseline 0.008 -27"><span class='ocrx_word' id='word_1_65' title='bbox 220 1155 344 1226; x_wconf 76' lang='grc' dir='ltr'><strong>γὰρ</strong></span> <span class='ocrx_word' id='word_1_66' title='bbox 392 1155 454 1208; x_wconf 82' lang='grc' dir='ltr'>τὺ</span> <span class='ocrx_word' id='word_1_67' title='bbox 503 1155 576 1226; x_wconf 80' lang='grc' dir='ltr'>μὴ</span> <span class='ocrx_word' id='word_1_68' title='bbox 605 1155 874 1209; x_wconf 85' lang='grc' dir='ltr'>ποιεῖσθαι</span> <span class='ocrx_word' id='word_1_69' title='bbox 924 1158 1082 1210; x_wconf 83' lang='grc' dir='ltr'>αὑτὸν</span> <span class='ocrx_word' id='word_1_70' title='bbox 1127 1157 1462 1234; x_wconf 80' lang='grc' dir='ltr'>ξυνέμπορον</span> <span class='ocrx_word' id='word_1_71' title='bbox 1489 1164 1590 1234; x_wconf 80' lang='grc' dir='ltr'>τῆς</span> <span class='ocrx_word' id='word_1_72' title='bbox 1625 1163 1815 1219; x_wconf 81' lang='grc' dir='ltr'>ἐαυτοῦ</span> 
     </span>
    </p>
   </div>
   <div class='ocr_carea' id='block_1_13' title="bbox 219 1247 1813 1330">
    <p class='ocr_par' dir='ltr' id='par_1_13' title="bbox 219 1247 1813 1330">
     <span class='ocr_line' id='line_1_13' title="bbox 219 1247 1813 1330; baseline 0.008 -32"><span class='ocrx_word' id='word_1_73' title='bbox 219 1247 575 1318; x_wconf 71' lang='grc' dir='ltr'><strong>φιλοσοφίας,</strong></span> <span class='ocrx_word' id='word_1_74' title='bbox 593 1249 858 1316; x_wconf 75' lang='grc' dir='ltr'><strong>ἐπιλέγων</strong></span> <span class='ocrx_word' id='word_1_75' title='bbox 876 1250 975 1320; x_wconf 80' lang='grc' dir='ltr'><strong>τὴν</strong></span> <span class='ocrx_word' id='word_1_76' title='bbox 996 1251 1195 1305; x_wconf 76' lang='grc' dir='ltr'>αἰτίαν·</span> <span class='ocrx_word' id='word_1_77' title='bbox 1236 1273 1254 1305; x_wconf 69' lang='grc' dir='ltr'><strong>ι</strong></span> <span class='ocrx_word' id='word_1_78' title='bbox 1278 1255 1581 1327; x_wconf 78' lang='grc' dir='ltr'><strong>Πριαμίδης</strong></span> <span class='ocrx_word' id='word_1_79' title='bbox 1609 1275 1665 1310; x_wconf 89' lang='grc' dir='ltr'><strong>τε</strong></span> <span class='ocrx_word' id='word_1_80' title='bbox 1686 1259 1813 1330; x_wconf 78' lang='grc' dir='ltr'>γὰρ,</span> 
     </span>
    </p>
   </div>
   <div class='ocr_carea' id='block_1_14' title="bbox 217 1340 1815 1420">
    <p class='ocr_par' dir='ltr' id='par_1_14' title="bbox 217 1340 1815 1420">
     <span class='ocr_line' id='line_1_14' title="bbox 217 1340 1815 1420; baseline 0.008 -29"><span class='ocrx_word' id='word_1_81' title='bbox 217 1341 421 1410; x_wconf 75' lang='grc' dir='ltr'>φησὶν,</span> <span class='ocrx_word' id='word_1_82' title='bbox 482 1340 679 1404; x_wconf 81' lang='grc' dir='ltr'>ἱκανῶς</span> <span class='ocrx_word' id='word_1_83' title='bbox 720 1342 850 1413; x_wconf 76' lang='grc'>(58⁶)</span> <span class='ocrx_word' id='word_1_84' title='bbox 884 1344 1018 1407; x_wconf 85' lang='grc' dir='ltr'>ἐστι,</span> <span class='ocrx_word' id='word_1_85' title='bbox 1071 1345 1163 1398; x_wconf 75' lang='grc' dir='ltr'>καὶ</span> <span class='ocrx_word' id='word_1_86' title='bbox 1209 1345 1299 1399; x_wconf 80' lang='grc' dir='ltr'><strong>τὸν</strong></span> <span class='ocrx_word' id='word_1_87' title='bbox 1328 1349 1566 1420; x_wconf 86' lang='grc' dir='ltr'>Ἕκτορα</span> <span class='ocrx_word' id='word_1_88' title='bbox 1632 1351 1815 1420; x_wconf 81' lang='grc' dir='ltr'>ὑμνῶν</span> 
     </span>
    </p>
   </div>
   <div class='ocr_carea' id='block_1_15' title="bbox 211 1432 1816 1510">
    <p class='ocr_par' dir='ltr' id='par_1_15' title="bbox 211 1432 1816 1510">
     <span class='ocr_line' id='line_1_15' title="bbox 211 1432 1816 1510; baseline 0.009 -26"><span class='ocrx_word' id='word_1_89' title='bbox 211 1433 284 1485; x_wconf 75' lang='grc' dir='ltr'><strong>οὐ</strong></span> <span class='ocrx_word' id='word_1_90' title='bbox 344 1432 600 1488; x_wconf 88' lang='grc' dir='ltr'>παύεται.</span> <span class='ocrx_word' id='word_1_91' title='bbox 645 1454 665 1486; x_wconf 77' lang='grc' dir='ltr'><strong>ι</strong></span> <span class='ocrx_word' id='word_1_92' title='bbox 696 1435 820 1498; x_wconf 81' lang='grc' dir='ltr'><strong>Πῶς</strong></span> <span class='ocrx_word' id='word_1_93' title='bbox 851 1436 906 1490; x_wconf 89' lang='grc' dir='ltr'><strong>δέ</strong></span> <span class='ocrx_word' id='word_1_94' title='bbox 952 1438 1052 1490; x_wconf 82' lang='grc' dir='ltr'><strong>οὐκ</strong></span> <span class='ocrx_word' id='word_1_95' title='bbox 1097 1438 1310 1510; x_wconf 80' lang='grc' dir='ltr'>ὀργίλος</span> <span class='ocrx_word' id='word_1_96' title='bbox 1347 1442 1440 1493; x_wconf 80' lang='grc' dir='ltr'><strong>καὶ</strong></span> <span class='ocrx_word' id='word_1_97' title='bbox 1475 1445 1756 1509; x_wconf 80' lang='grc' dir='ltr'>ταπεινός;</span> <span class='ocrx_word' id='word_1_98' title='bbox 1787 1447 1816 1498; x_wconf 83' lang='grc' dir='ltr'><strong>ὁ</strong></span> 
     </span>
    </p>
   </div>
   <div class='ocr_carea' id='block_1_16' title="bbox 215 1524 1814 1605">
    <p class='ocr_par' dir='ltr' id='par_1_16' title="bbox 215 1524 1814 1605">
     <span class='ocr_line' id='line_1_16' title="bbox 215 1524 1814 1605; baseline 0.009 -29"><span class='ocrx_word' id='word_1_99' title='bbox 215 1524 545 1589; x_wconf 77' lang='grc' dir='ltr'>Θετταλοῖς,</span> <span class='ocrx_word' id='word_1_100' title='bbox 603 1527 684 1579; x_wconf 85' lang='grc' dir='ltr'>ὅτι</span> <span class='ocrx_word' id='word_1_101' title='bbox 755 1529 828 1598; x_wconf 84' lang='grc' dir='ltr'>μὴ</span> <span class='ocrx_word' id='word_1_102' title='bbox 894 1528 1071 1583; x_wconf 82' lang='grc' dir='ltr'>θύοιεν</span> <span class='ocrx_word' id='word_1_103' title='bbox 1102 1531 1268 1602; x_wconf 79' lang='grc' dir='ltr'>αὐτῷ,</span> <span class='ocrx_word' id='word_1_104' title='bbox 1302 1532 1658 1605; x_wconf 80' lang='grc' dir='ltr'>θυμούμενος,</span> <span class='ocrx_word' id='word_1_105' title='bbox 1723 1539 1814 1591; x_wconf 72' lang='grc' dir='ltr'>καὶ</span> 
     </span>
    </p>
   </div>
   <div class='ocr_carea' id='block_1_17' title="bbox 218 1618 1812 1691">
    <p class='ocr_par' dir='ltr' id='par_1_17' title="bbox 218 1618 1812 1691">
     <span class='ocr_line' id='line_1_17' title="bbox 218 1618 1812 1691; baseline 0.008 -22"><span class='ocrx_word' id='word_1_106' title='bbox 218 1618 473 1688; x_wconf 77' lang='grc' dir='ltr'>Τρωσὶν,</span> <span class='ocrx_word' id='word_1_107' title='bbox 501 1619 669 1690; x_wconf 81' lang='grc' dir='ltr'>ὁτιδὴ</span> <span class='ocrx_word' id='word_1_108' title='bbox 697 1620 802 1691; x_wconf 81' lang='grc' dir='ltr'><strong>πρὸ</strong></span> <span class='ocrx_word' id='word_1_109' title='bbox 838 1621 1044 1691; x_wconf 79' lang='grc' dir='ltr'>μυρίων</span> <span class='ocrx_word' id='word_1_110' title='bbox 1073 1623 1212 1677; x_wconf 83' lang='grc' dir='ltr'>ὅσων</span> <span class='ocrx_word' id='word_1_111' title='bbox 1256 1624 1390 1678; x_wconf 81' lang='grc' dir='ltr'>ἐτῶν</span> <span class='ocrx_word' id='word_1_112' title='bbox 1453 1628 1510 1690; x_wconf 75' lang='grc' dir='ltr'><strong>ἐς</strong></span> <span class='ocrx_word' id='word_1_113' title='bbox 1544 1628 1703 1680; x_wconf 72' lang='grc' dir='ltr'>αὐτὸν</span> <span class='ocrx_word' id='word_1_114' title='bbox 1733 1629 1812 1682; x_wconf 89' lang='grc' dir='ltr'>δι-</span> 
     </span>
    </p>
   </div>
   <div class='ocr_carea' id='block_1_18' title="bbox 218 1710 1810 1786">
    <p class='ocr_par' dir='ltr' id='par_1_18' title="bbox 218 1710 1810 1786">
     <span class='ocr_line' id='line_1_18' title="bbox 218 1710 1810 1786; baseline 0.009 -27"><span class='ocrx_word' id='word_1_115' title='bbox 218 1710 610 1781; x_wconf 85' lang='grc' dir='ltr'>ημαρτήκασι,</span> <span class='ocrx_word' id='word_1_116' title='bbox 646 1711 720 1781; x_wconf 83' lang='grc' dir='ltr'>μὴ</span> <span class='ocrx_word' id='word_1_117' title='bbox 750 1713 1270 1786; x_wconf 84' lang='grc' dir='ltr'>καταλλασσόμενος,</span> <span class='ocrx_word' id='word_1_118' title='bbox 1298 1717 1391 1769; x_wconf 79' lang='grc' dir='ltr'><strong>καὶ</strong></span> <span class='ocrx_word' id='word_1_119' title='bbox 1418 1717 1588 1771; x_wconf 78' lang='grc' dir='ltr'>ταῦτα</span> <span class='ocrx_word' id='word_1_120' title='bbox 1607 1717 1810 1785; x_wconf 88' lang='grc' dir='ltr'>θύουσι,</span> 
     </span>
    </p>
   </div>
   <div class='ocr_carea' id='block_1_19' title="bbox 218 1799 1813 1883">
    <p class='ocr_par' dir='ltr' id='par_1_19' title="bbox 218 1799 1813 1883">
     <span class='ocr_line' id='line_1_19' title="bbox 218 1799 1813 1883; baseline 0.009 -33"><span class='ocrx_word' id='word_1_121' title='bbox 218 1801 322 1852; x_wconf 53' lang='grc' dir='ltr'><strong>καὶ⁸</strong></span> <span class='ocrx_word' id='word_1_122' title='bbox 376 1799 615 1870; x_wconf 81' lang='grc' dir='ltr'>ξυνεχῶς</span> <span class='ocrx_word' id='word_1_123' title='bbox 651 1802 1026 1872; x_wconf 87' lang='grc' dir='ltr'>σπενδομένοις</span> <span class='ocrx_word' id='word_1_124' title='bbox 1055 1823 1066 1834; x_wconf 90' lang='grc'><strong>·</strong></span> <span class='ocrx_word' id='word_1_125' title='bbox 1107 1806 1242 1859; x_wconf 84' lang='grc' dir='ltr'>ἀλλὰ</span> <span class='ocrx_word' id='word_1_126' title='bbox 1285 1811 1378 1861; x_wconf 73' lang='grc' dir='ltr'>καὶ</span> <span class='ocrx_word' id='word_1_127' title='bbox 1417 1809 1506 1862; x_wconf 77' lang='grc' dir='ltr'>τὸν</span> <span class='ocrx_word' id='word_1_128' title='bbox 1555 1811 1813 1883; x_wconf 85' lang='grc' dir='ltr'>Παλαμή-</span> 
     </span>
    </p>
   </div>
   <div class='ocr_carea' id='block_1_20' title="bbox 1920 611 3497 682">
    <p class='ocr_par' dir='ltr' id='par_1_20' title="bbox 1920 611 3497 682">
     <span class='ocr_line' id='line_1_20' title="bbox 1920 611 3497 682; baseline 0.002 -18"><span class='ocrx_word' id='word_1_129' title='bbox 1920 627 2019 666; x_wconf 91' lang='lat' dir='ltr'><strong>nes</strong></span> <span class='ocrx_word' id='word_1_130' title='bbox 2053 611 2198 666; x_wconf 81' lang='lat' dir='ltr'><strong>istud</strong></span> <span class='ocrx_word' id='word_1_131' title='bbox 2233 621 2469 682; x_wconf 87' lang='lat' dir='ltr'><strong>tempus,</strong></span> <span class='ocrx_word' id='word_1_132' title='bbox 2507 629 2619 667; x_wconf 89' lang='lat' dir='ltr'><strong>non</strong></span> <span class='ocrx_word' id='word_1_133' title='bbox 2652 629 2783 668; x_wconf 90' lang='lat' dir='ltr'><strong>vero</strong></span> <span class='ocrx_word' id='word_1_134' title='bbox 2810 612 2996 667; x_wconf 84' lang='lat' dir='ltr'><strong>herois</strong></span> <span class='ocrx_word' id='word_1_135' title='bbox 3030 612 3306 678; x_wconf 91' lang='lat' dir='ltr'><strong>manibus,</strong></span> <span class='ocrx_word' id='word_1_136' title='bbox 3334 628 3497 681; x_wconf 88' lang='lat' dir='ltr'><strong>quos,</strong></span> 
     </span>
    </p>
   </div>
   <div class='ocr_carea' id='block_1_21' title="bbox 1920 704 3498 774">
    <p class='ocr_par' dir='ltr' id='par_1_21' title="bbox 1920 704 3498 774">
     <span class='ocr_line' id='line_1_21' title="bbox 1920 704 3498 774; baseline 0.003 -19"><span class='ocrx_word' id='word_1_137' title='bbox 1920 716 2108 757; x_wconf 89' lang='lat' dir='ltr'><strong>crassa</strong></span> <span class='ocrx_word' id='word_1_138' title='bbox 2151 704 2255 757; x_wconf 89' lang='lat' dir='ltr'><strong>ista</strong></span> <span class='ocrx_word' id='word_1_139' title='bbox 2283 705 2534 773; x_wconf 86' lang='lat' dir='ltr'><strong>corporis</strong></span> <span class='ocrx_word' id='word_1_140' title='bbox 2581 705 2790 759; x_wconf 90' lang='lat' dir='ltr'><strong>solutos</strong></span> <span class='ocrx_word' id='word_1_141' title='bbox 2836 705 3086 767; x_wconf 90' lang='lat' dir='ltr'><strong>materia,</strong></span> <span class='ocrx_word' id='word_1_142' title='bbox 3121 705 3324 774; x_wconf 84' lang='lat' dir='ltr'><strong>pt’obos</strong></span> <span class='ocrx_word' id='word_1_143' title='bbox 3353 721 3498 769; x_wconf 88' lang='lat' dir='ltr'><strong>esse,</strong></span> 
     </span>
    </p>
   </div>
   <div class='ocr_carea' id='block_1_22' title="bbox 1920 795 3498 868">
    <p class='ocr_par' dir='ltr' id='par_1_22' title="bbox 1920 795 3498 868">
     <span class='ocr_line' id='line_1_22' title="bbox 1920 795 3498 868; baseline 0.002 -20"><span class='ocrx_word' id='word_1_144' title='bbox 1920 795 2180 864; x_wconf 91' lang='lat' dir='ltr'><strong>omnique</strong></span> <span class='ocrx_word' id='word_1_145' title='bbox 2207 796 2473 850; x_wconf 78' lang='lat' dir='ltr'><strong>virtutum</strong></span> <span class='ocrx_word' id='word_1_146' title='bbox 2509 813 2707 868; x_wconf 77' lang='lat' dir='ltr'><strong>genere</strong></span> <span class='ocrx_word' id='word_1_147' title='bbox 2755 797 3038 852; x_wconf 82' lang='lat' dir='ltr'><strong>abundare</strong></span> <span class='ocrx_word' id='word_1_148' title='bbox 3067 799 3368 867; x_wconf 80' lang='lat' dir='ltr'><strong>oportebat.</strong></span> <span class='ocrx_word' id='word_1_149' title='bbox 3406 799 3498 861; x_wconf 86' lang='lat' dir='ltr'><strong>At,</strong></span> 
     </span>
    </p>
   </div>
   <div class='ocr_carea' id='block_1_23' title="bbox 1919 889 3499 962">
    <p class='ocr_par' dir='ltr' id='par_1_23' title="bbox 1919 889 3499 962">
     <span class='ocr_line' id='line_1_23' title="bbox 1919 889 3499 962; baseline 0.002 -20"><span class='ocrx_word' id='word_1_150' title='bbox 1919 889 2010 959; x_wconf 90' lang='lat' dir='ltr'><strong>qui</strong></span> <span class='ocrx_word' id='word_1_151' title='bbox 2041 889 2206 943; x_wconf 85' lang='lat' dir='ltr'><strong>isthic</strong></span> <span class='ocrx_word' id='word_1_152' title='bbox 2242 889 2522 944; x_wconf 84' lang='lat' dir='ltr'><strong>inducitur</strong></span> <span class='ocrx_word' id='word_1_153' title='bbox 2559 891 2794 954; x_wconf 67' lang='lat' dir='ltr'><strong>daamon,</strong></span> <span class='ocrx_word' id='word_1_154' title='bbox 2829 890 3032 946; x_wconf 87' lang='lat' dir='ltr'><strong>invidis</strong></span> <span class='ocrx_word' id='word_1_155' title='bbox 3081 899 3165 946; x_wconf 87' lang='lat' dir='ltr'><strong>est</strong></span> <span class='ocrx_word' id='word_1_156' title='bbox 3206 898 3259 945; x_wconf 87' lang='lat' dir='ltr'><strong>et</strong></span> <span class='ocrx_word' id='word_1_157' title='bbox 3308 906 3499 962; x_wconf 90' lang='lat' dir='ltr'><strong>parum</strong></span> 
     </span>
    </p>
   </div>
   <div class='ocr_carea' id='block_1_24' title="bbox 1918 981 3502 1053">
    <p class='ocr_par' dir='ltr' id='par_1_24' title="bbox 1918 981 3502 1053">
     <span class='ocr_line' id='line_1_24' title="bbox 1918 981 3502 1053; baseline 0.003 -19"><span class='ocrx_word' id='word_1_158' title='bbox 1918 981 2170 1052; x_wconf 79' lang='lat' dir='ltr'><strong>benignis</strong></span> <span class='ocrx_word' id='word_1_159' title='bbox 2215 984 2460 1039; x_wconf 89' lang='lat' dir='ltr'><strong>moribus</strong></span> <span class='ocrx_word' id='word_1_160' title='bbox 2496 1001 2508 1035; x_wconf 89' lang='lat'>:</span> <span class='ocrx_word' id='word_1_161' title='bbox 2546 984 2845 1039; x_wconf 87' lang='lat' dir='ltr'><strong>iracundus</strong></span> <span class='ocrx_word' id='word_1_162' title='bbox 2897 985 3025 1039; x_wconf 84' lang='lat' dir='ltr'><strong>item</strong></span> <span class='ocrx_word' id='word_1_163' title='bbox 3073 993 3502 1053; x_wconf 69' lang='lat' dir='ltr'><strong>repraesentetur</strong></span> 
     </span>
    </p>
   </div>
   <div class='ocr_carea' id='block_1_25' title="bbox 1918 1072 3500 1144">
    <p class='ocr_par' dir='ltr' id='par_1_25' title="bbox 1918 1072 3500 1144">
     <span class='ocr_line' id='line_1_25' title="bbox 1918 1072 3500 1144; baseline 0.004 -18"><span class='ocrx_word' id='word_1_164' title='bbox 1918 1072 2083 1137; x_wconf 92' lang='lat' dir='ltr'><strong>idem,</strong></span> <span class='ocrx_word' id='word_1_165' title='bbox 2133 1083 2186 1129; x_wconf 87' lang='lat' dir='ltr'><strong>et</strong></span> <span class='ocrx_word' id='word_1_166' title='bbox 2215 1076 2416 1144; x_wconf 87' lang='lat' dir='ltr'><strong>pusillo</strong></span> <span class='ocrx_word' id='word_1_167' title='bbox 2469 1076 2675 1130; x_wconf 86' lang='lat' dir='ltr'><strong>animo.</strong></span> <span class='ocrx_word' id='word_1_168' title='bbox 2716 1076 2910 1130; x_wconf 87' lang='lat' dir='ltr'><strong>Annon</strong></span> <span class='ocrx_word' id='word_1_169' title='bbox 2957 1078 3100 1131; x_wconf 89' lang='lat' dir='ltr'><strong>enim</strong></span> <span class='ocrx_word' id='word_1_170' title='bbox 3149 1077 3274 1131; x_wconf 89' lang='lat' dir='ltr'><strong>talis</strong></span> <span class='ocrx_word' id='word_1_171' title='bbox 3301 1077 3500 1132; x_wconf 88' lang='lat' dir='ltr'><strong>haben-</strong></span> 
     </span>
    </p>
   </div>
   <div class='ocr_carea' id='block_1_26' title="bbox 1917 1167 3498 1239">
    <p class='ocr_par' dir='ltr' id='par_1_26' title="bbox 1917 1167 3498 1239">
     <span class='ocr_line' id='line_1_26' title="bbox 1917 1167 3498 1239; baseline 0.002 -18"><span class='ocrx_word' id='word_1_172' title='bbox 1917 1167 2021 1222; x_wconf 92' lang='lat' dir='ltr'><strong>dus</strong></span> <span class='ocrx_word' id='word_1_173' title='bbox 2050 1168 2143 1233; x_wconf 91' lang='lat' dir='ltr'><strong>sit,</strong></span> <span class='ocrx_word' id='word_1_174' title='bbox 2175 1169 2267 1238; x_wconf 91' lang='lat' dir='ltr'><strong>qui</strong></span> <span class='ocrx_word' id='word_1_175' title='bbox 2298 1169 2764 1234; x_wconf 79' lang='lat' dir='ltr'><strong>Antistltettetu“,</strong></span> <span class='ocrx_word' id='word_1_176' title='bbox 2805 1170 3036 1239; x_wconf 80' lang='lat' dir='ltr'><strong>probum</strong></span> <span class='ocrx_word' id='word_1_177' title='bbox 3071 1169 3498 1234; x_wconf 87' lang='lat' dir='ltr'><strong>adolescentem,</strong></span> 
     </span>
    </p>
   </div>
   <div class='ocr_carea' id='block_1_27' title="bbox 1917 1259 3499 1332">
    <p class='ocr_par' dir='ltr' id='par_1_27' title="bbox 1917 1259 3499 1332">
     <span class='ocr_line' id='line_1_27' title="bbox 1917 1259 3499 1332; baseline 0.004 -21"><span class='ocrx_word' id='word_1_178' title='bbox 1917 1267 1976 1312; x_wconf 84' lang='lat' dir='ltr'><strong>ut</strong></span> <span class='ocrx_word' id='word_1_179' title='bbox 2006 1259 2099 1330; x_wconf 90' lang='lat' dir='ltr'><strong>qui</strong></span> <span class='ocrx_word' id='word_1_180' title='bbox 2132 1261 2516 1330; x_wconf 80' lang='lat' dir='ltr'><strong>phi|050phum</strong></span> <span class='ocrx_word' id='word_1_181' title='bbox 2544 1261 2742 1315; x_wconf 86' lang='lat' dir='ltr'><strong>sectari</strong></span> <span class='ocrx_word' id='word_1_182' title='bbox 2782 1261 3130 1331; x_wconf 87' lang='lat' dir='ltr'><strong>Apollonium</strong></span> <span class='ocrx_word' id='word_1_183' title='bbox 3158 1271 3399 1332; x_wconf 87' lang='lat' dir='ltr'><strong>cuperet,</strong></span> <span class='ocrx_word' id='word_1_184' title='bbox 3429 1262 3499 1317; x_wconf 89' lang='lat' dir='ltr'><strong>ab</strong></span> 
     </span>
    </p>
   </div>
   <div class='ocr_carea' id='block_1_28' title="bbox 1916 1352 3500 1425">
    <p class='ocr_par' dir='ltr' id='par_1_28' title="bbox 1916 1352 3500 1425">
     <span class='ocr_line' id='line_1_28' title="bbox 1916 1352 3500 1425; baseline 0.001 -19"><span class='ocrx_word' id='word_1_185' title='bbox 1916 1367 1981 1406; x_wconf 92' lang='lat' dir='ltr'><strong>eo</strong></span> <span class='ocrx_word' id='word_1_186' title='bbox 2027 1352 2264 1406; x_wconf 86' lang='lat' dir='ltr'><strong>avulsit?</strong></span> <span class='ocrx_word' id='word_1_187' title='bbox 2296 1352 2503 1422; x_wconf 76' lang='lat' dir='ltr'><strong>Nempe</strong></span> <span class='ocrx_word' id='word_1_188' title='bbox 2549 1369 2674 1407; x_wconf 90' lang='lat' dir='ltr'><strong>eum</strong></span> <span class='ocrx_word' id='word_1_189' title='bbox 2707 1353 3029 1422; x_wconf 87' lang='lat' dir='ltr'><strong>Apollonius</strong></span> <span class='ocrx_word' id='word_1_190' title='bbox 3068 1370 3135 1409; x_wconf 90' lang='lat' dir='ltr'><strong>ne</strong></span> <span class='ocrx_word' id='word_1_191' title='bbox 3178 1356 3500 1425; x_wconf 79' lang='lat' dir='ltr'><strong>participem</strong></span> 
     </span>
    </p>
   </div>
   <div class='ocr_carea' id='block_1_29' title="bbox 1918 1444 3497 1516">
    <p class='ocr_par' dir='ltr' id='par_1_29' title="bbox 1918 1444 3497 1516">
     <span class='ocr_line' id='line_1_29' title="bbox 1918 1444 3497 1516; baseline 0.002 -20"><span class='ocrx_word' id='word_1_192' title='bbox 1918 1445 2278 1516; x_wconf 75' lang='lat' dir='ltr'><strong>philosophia-</strong></span> <span class='ocrx_word' id='word_1_193' title='bbox 2332 1444 2537 1500; x_wconf 81' lang='lat' dir='ltr'><strong>faceret</strong></span> <span class='ocrx_word' id='word_1_194' title='bbox 2570 1463 2682 1500; x_wconf 73' lang='lat' dir='ltr'><strong>sua:</strong></span> <span class='ocrx_word' id='word_1_195' title='bbox 2719 1448 2992 1515; x_wconf 85' lang='lat' dir='ltr'><strong>prohibet,</strong></span> <span class='ocrx_word' id='word_1_196' title='bbox 3023 1449 3237 1502; x_wconf 84' lang='lat' dir='ltr'><strong>ratione</strong></span> <span class='ocrx_word' id='word_1_197' title='bbox 3271 1448 3452 1502; x_wconf 87' lang='lat' dir='ltr'><strong>addita</strong></span> <span class='ocrx_word' id='word_1_198' title='bbox 3482 1463 3497 1499; x_wconf 90' lang='lat'>:</span> 
     </span>
    </p>
   </div>
   <div class='ocr_carea' id='block_1_30' title="bbox 1921 1535 3501 1608">
    <p class='ocr_par' dir='ltr' id='par_1_30' title="bbox 1921 1535 3501 1608">
     <span class='ocr_line' id='line_1_30' title="bbox 1921 1535 3501 1608; baseline 0.004 -21"><span class='ocrx_word' id='word_1_199' title='bbox 1921 1555 1939 1586; x_wconf 73' lang='grc' dir='ltr'><strong>ε</strong></span> <span class='ocrx_word' id='word_1_200' title='bbox 1970 1535 2277 1593; x_wconf 87' lang='lat' dir='ltr'><strong>Priamides</strong></span> <span class='ocrx_word' id='word_1_201' title='bbox 2300 1540 2442 1593; x_wconf 90' lang='lat' dir='ltr'><strong>enim</strong></span> <span class='ocrx_word' id='word_1_202' title='bbox 2470 1547 2548 1593; x_wconf 89' lang='lat' dir='ltr'><strong>est</strong></span> <span class='ocrx_word' id='word_1_203' title='bbox 2574 1539 2868 1608; x_wconf 82' lang='lat' dir='ltr'><strong>genuinus,</strong></span> <span class='ocrx_word' id='word_1_204' title='bbox 2888 1550 2940 1593; x_wconf 90' lang='lat' dir='ltr'><strong>et</strong></span> <span class='ocrx_word' id='word_1_205' title='bbox 2969 1537 3255 1595; x_wconf 84' lang='lat' dir='ltr'><strong>Hectorem</strong></span> <span class='ocrx_word' id='word_1_206' title='bbox 3275 1539 3501 1594; x_wconf 89' lang='lat' dir='ltr'><strong>laudare</strong></span> 
     </span>
    </p>
   </div>
   <div class='ocr_carea' id='block_1_31' title="bbox 1915 1629 3496 1699">
    <p class='ocr_par' dir='ltr' id='par_1_31' title="bbox 1915 1629 3496 1699">
     <span class='ocr_line' id='line_1_31' title="bbox 1915 1629 3496 1699; baseline 0.001 -18"><span class='ocrx_word' id='word_1_207' title='bbox 1915 1644 2024 1683; x_wconf 90' lang='lat' dir='ltr'><strong>non</strong></span> <span class='ocrx_word' id='word_1_208' title='bbox 2055 1629 2278 1685; x_wconf 90' lang='lat' dir='ltr'><strong>desinit.</strong></span> <span class='ocrx_word' id='word_1_209' title='bbox 2319 1651 2338 1684; x_wconf 73' lang='grc' dir='ltr'><strong>ι</strong></span> <span class='ocrx_word' id='word_1_210' title='bbox 2380 1630 2484 1697; x_wconf 87' lang='lat' dir='ltr'><strong>Qui</strong></span> <span class='ocrx_word' id='word_1_211' title='bbox 2531 1630 2856 1684; x_wconf 87' lang='lat' dir='ltr'><strong>iracundum</strong></span> <span class='ocrx_word' id='word_1_212' title='bbox 2903 1631 3033 1685; x_wconf 89' lang='lat' dir='ltr'><strong>itetn</strong></span> <span class='ocrx_word' id='word_1_213' title='bbox 3073 1639 3125 1684; x_wconf 85' lang='lat' dir='ltr'><strong>et</strong></span> <span class='ocrx_word' id='word_1_214' title='bbox 3167 1630 3351 1684; x_wconf 87' lang='lat' dir='ltr'><strong>animo</strong></span> <span class='ocrx_word' id='word_1_215' title='bbox 3398 1645 3496 1699; x_wconf 86' lang='lat' dir='ltr'><strong>pu-</strong></span> 
     </span>
    </p>
   </div>
   <div class='ocr_carea' id='block_1_32' title="bbox 1916 1720 3492 1793">
    <p class='ocr_par' dir='ltr' id='par_1_32' title="bbox 1916 1720 3492 1793">
     <span class='ocr_line' id='line_1_32' title="bbox 1916 1720 3492 1793; baseline -0.001 -17"><span class='ocrx_word' id='word_1_216' title='bbox 1916 1720 2039 1776; x_wconf 91' lang='lat' dir='ltr'><strong>sillo</strong></span> <span class='ocrx_word' id='word_1_217' title='bbox 2065 1738 2173 1776; x_wconf 88' lang='lat' dir='ltr'><strong>non</strong></span> <span class='ocrx_word' id='word_1_218' title='bbox 2193 1723 2370 1776; x_wconf 90' lang='lat' dir='ltr'><strong>dicam</strong></span> <span class='ocrx_word' id='word_1_219' title='bbox 2395 1723 2662 1793; x_wconf 87' lang='lat' dir='ltr'><strong>esse?qtti</strong></span> <span class='ocrx_word' id='word_1_220' title='bbox 2688 1721 2969 1778; x_wconf 84' lang='lat' dir='ltr'><strong>Thessalis</strong></span> <span class='ocrx_word' id='word_1_221' title='bbox 2998 1729 3310 1784; x_wconf 81' lang='lat' dir='ltr'><strong>succenset,</strong></span> <span class='ocrx_word' id='word_1_222' title='bbox 3343 1720 3492 1791; x_wconf 90' lang='lat' dir='ltr'><strong>quod</strong></span> 
     </span>
    </p>
   </div>
   <div class='ocr_carea' id='block_1_33' title="bbox 1915 1816 3501 1886">
    <p class='ocr_par' dir='ltr' id='par_1_33' title="bbox 1915 1816 3501 1886">
     <span class='ocr_line' id='line_1_33' title="bbox 1915 1816 3501 1886; baseline -0.002 -15"><span class='ocrx_word' id='word_1_223' title='bbox 1915 1831 2074 1871; x_wconf 90' lang='lat' dir='ltr'><strong>sacra</strong></span> <span class='ocrx_word' id='word_1_224' title='bbox 2105 1817 2208 1871; x_wconf 91' lang='lat' dir='ltr'><strong>sibi</strong></span> <span class='ocrx_word' id='word_1_225' title='bbox 2245 1833 2351 1870; x_wconf 91' lang='lat' dir='ltr'><strong>non</strong></span> <span class='ocrx_word' id='word_1_226' title='bbox 2401 1817 2691 1881; x_wconf 78' lang='lat' dir='ltr'><strong>faciant&quot;,</strong></span> <span class='ocrx_word' id='word_1_227' title='bbox 2725 1828 2778 1873; x_wconf 90' lang='lat' dir='ltr'><strong>et</strong></span> <span class='ocrx_word' id='word_1_228' title='bbox 2827 1816 3105 1880; x_wconf 86' lang='lat' dir='ltr'><strong>Troianis,</strong></span> <span class='ocrx_word' id='word_1_229' title='bbox 3158 1816 3304 1886; x_wconf 90' lang='lat' dir='ltr'><strong>quod</strong></span> <span class='ocrx_word' id='word_1_230' title='bbox 3337 1816 3501 1869; x_wconf 59' lang='lat' dir='ltr'><strong>innuc</strong></span> 
     </span>
    </p>
   </div>
   <div class='ocr_carea' id='block_1_34' title="bbox 217 1892 1808 1979">
    <p class='ocr_par' dir='ltr' id='par_1_34' title="bbox 217 1892 1808 1975">
     <span class='ocr_line' id='line_1_34' title="bbox 217 1892 1808 1975; baseline 0.008 -32"><span class='ocrx_word' id='word_1_231' title='bbox 217 1892 351 1955; x_wconf 82' lang='grc' dir='ltr'>δους</span> <span class='ocrx_word' id='word_1_232' title='bbox 377 1893 570 1962; x_wconf 75' lang='grc' dir='ltr'>τάφον,</span> <span class='ocrx_word' id='word_1_233' title='bbox 596 1893 744 1964; x_wconf 86' lang='grc' dir='ltr'>αύτῷ</span> <span class='ocrx_word' id='word_1_234' title='bbox 773 1895 1044 1968; x_wconf 84' lang='grc' dir='ltr'>ἀγάλματι</span> <span class='ocrx_word' id='word_1_235' title='bbox 1075 1899 1292 1969; x_wconf 81' lang='grc' dir='ltr'>φαύλως</span> <span class='ocrx_word' id='word_1_236' title='bbox 1316 1902 1664 1975; x_wconf 69' lang='grc' dir='ltr'>ἐρριμμένον,</span> <span class='ocrx_word' id='word_1_237' title='bbox 1697 1905 1808 1958; x_wconf 77' lang='grc' dir='ltr'><strong>ἀνα⁴</strong></span> 
     </span>
    </p>
   </div>
   <div class='ocr_carea' id='block_1_35' title="bbox 1918 1892 3502 1979">
    <p class='ocr_par' dir='ltr' id='par_1_35' title="bbox 1918 1909 3502 1979">
     <span class='ocr_line' id='line_1_35' title="bbox 1918 1909 3502 1979; baseline 0.003 -19"><span class='ocrx_word' id='word_1_238' title='bbox 1918 1909 2085 1963; x_wconf 87' lang='lat' dir='ltr'><strong>meris</strong></span> <span class='ocrx_word' id='word_1_239' title='bbox 2119 1917 2244 1964; x_wconf 86' lang='lat' dir='ltr'><strong>ante</strong></span> <span class='ocrx_word' id='word_1_240' title='bbox 2278 1910 2438 1964; x_wconf 90' lang='lat' dir='ltr'><strong>annis</strong></span> <span class='ocrx_word' id='word_1_241' title='bbox 2473 1910 2674 1979; x_wconf 89' lang='lat' dir='ltr'><strong>injuria</strong></span> <span class='ocrx_word' id='word_1_242' title='bbox 2707 1925 2830 1965; x_wconf 91' lang='lat' dir='ltr'><strong>eum</strong></span> <span class='ocrx_word' id='word_1_243' title='bbox 2879 1911 3212 1974; x_wconf 82' lang='lat' dir='ltr'><strong>affecissent,</strong></span> <span class='ocrx_word' id='word_1_244' title='bbox 3255 1911 3502 1965; x_wconf 89' lang='lat' dir='ltr'><strong>reconci-</strong></span> 
     </span>
    </p>
   </div>
   <div class='ocr_carea' id='block_1_36' title="bbox 219 1984 902 2058">
    <p class='ocr_par' dir='ltr' id='par_1_36' title="bbox 219 1984 902 2058">
     <span class='ocr_line' id='line_1_36' title="bbox 219 1984 902 2058; baseline 0.009 -23"><span class='ocrx_word' id='word_1_245' title='bbox 219 1984 416 2038; x_wconf 75' lang='grc' dir='ltr'>λαϐεῖν</span> <span class='ocrx_word' id='word_1_246' title='bbox 450 1985 869 2058; x_wconf 75' lang='grc' dir='ltr'>ἐγκελευόμενος</span> <span class='ocrx_word' id='word_1_247' title='bbox 888 2004 902 2053; x_wconf 90' lang='grc'><strong>;</strong></span> 
     </span>
    </p>
   </div>
   <div class='ocr_carea' id='block_1_37' title="bbox 764 2277 1275 2336">
    <p class='ocr_par' dir='ltr' id='par_1_37' title="bbox 764 2277 1275 2336">
     <span class='ocr_line' id='line_1_37' title="bbox 764 2277 1275 2336; baseline 0.01 -5"><span class='ocrx_word' id='word_1_248' title='bbox 764 2277 1159 2334; x_wconf 79' lang='grc' dir='ltr'><strong>ΚΕΦΑΛΑῐυΝ</strong></span> <span class='ocrx_word' id='word_1_249' title='bbox 1198 2283 1275 2336; x_wconf 80' lang='lat' dir='ltr'><strong>A&#39;.</strong></span> 
     </span>
    </p>
   </div>
   <div class='ocr_carea' id='block_1_38' title="bbox 308 2369 1815 2452">
    <p class='ocr_par' dir='ltr' id='par_1_38' title="bbox 308 2369 1815 2452">
     <span class='ocr_line' id='line_1_38' title="bbox 308 2369 1815 2452; baseline 0.008 -30"><span class='ocrx_word' id='word_1_250' title='bbox 308 2369 374 2422; x_wconf 80' lang='grc' dir='ltr'>Γδ</span> <span class='ocrx_word' id='word_1_251' title='bbox 426 2370 610 2441; x_wconf 86' lang='grc' dir='ltr'>μέντοι</span> <span class='ocrx_word' id='word_1_252' title='bbox 654 2371 904 2442; x_wconf 87' lang='grc' dir='ltr'>πέμπτον</span> <span class='ocrx_word' id='word_1_253' title='bbox 939 2376 1033 2428; x_wconf 77' lang='grc' dir='ltr'><strong>καὶ</strong></span> <span class='ocrx_word' id='word_1_254' title='bbox 1077 2374 1232 2428; x_wconf 77' lang='grc' dir='ltr'>ἕκτον</span> <span class='ocrx_word' id='word_1_255' title='bbox 1285 2375 1468 2448; x_wconf 82' lang='grc' dir='ltr'>θαῦμα</span> <span class='ocrx_word' id='word_1_256' title='bbox 1513 2378 1572 2430; x_wconf 84' lang='grc' dir='ltr'><strong>ού</strong></span> <span class='ocrx_word' id='word_1_257' title='bbox 1615 2380 1815 2452; x_wconf 86' lang='grc' dir='ltr'>πολλῆς</span> 
     </span>
    </p>
   </div>
   <div class='ocr_carea' id='block_1_39' title="bbox 204 2461 1816 2545">
    <p class='ocr_par' dir='ltr' id='par_1_39' title="bbox 204 2461 1816 2545">
     <span class='ocr_line' id='line_1_39' title="bbox 204 2461 1816 2545; baseline 0.005 -27"><span class='ocrx_word' id='word_1_258' title='bbox 204 2462 398 2518; x_wconf 65' lang='grc' dir='ltr'>-δέοιτο</span> <span class='ocrx_word' id='word_1_259' title='bbox 423 2461 519 2515; x_wconf 77' lang='grc' dir='ltr'>τοῦ</span> <span class='ocrx_word' id='word_1_260' title='bbox 549 2463 704 2532; x_wconf 86' lang='grc' dir='ltr'>λόγου</span> <span class='ocrx_word' id='word_1_261' title='bbox 734 2465 1038 2536; x_wconf 79' lang='grc' dir='ltr'>διατριϐῆς,</span> <span class='ocrx_word' id='word_1_262' title='bbox 1077 2469 1134 2530; x_wconf 83' lang='grc' dir='ltr'><strong>ἐς</strong></span> <span class='ocrx_word' id='word_1_263' title='bbox 1167 2467 1388 2534; x_wconf 75' lang='grc' dir='ltr'>ἔνδειξιν</span> <span class='ocrx_word' id='word_1_264' title='bbox 1417 2471 1519 2541; x_wconf 83' lang='grc' dir='ltr'>τῆς</span> <span class='ocrx_word' id='word_1_265' title='bbox 1548 2471 1644 2525; x_wconf 80' lang='grc' dir='ltr'>τοῦ</span> <span class='ocrx_word' id='word_1_266' title='bbox 1677 2491 1816 2545; x_wconf 89' lang='grc' dir='ltr'>γρα-</span> 
     </span>
    </p>
   </div>
   <div class='ocr_carea' id='block_1_40' title="bbox 219 2553 1811 2632">
    <p class='ocr_par' dir='ltr' id='par_1_40' title="bbox 219 2553 1811 2632">
     <span class='ocr_line' id='line_1_40' title="bbox 219 2553 1811 2632; baseline 0.008 -25"><span class='ocrx_word' id='word_1_267' title='bbox 219 2556 423 2623; x_wconf 69' lang='grc' dir='ltr'>φέντος</span> <span class='ocrx_word' id='word_1_268' title='bbox 477 2553 590 2626; x_wconf 83' lang='lat'><strong>(&#39;59)</strong></span> <span class='ocrx_word' id='word_1_269' title='bbox 644 2555 954 2625; x_wconf 70' lang='grc' dir='ltr'>εὐχερείαςο</span> <span class='ocrx_word' id='word_1_270' title='bbox 1015 2557 1275 2629; x_wconf 87' lang='grc' dir='ltr'>δαίμονας</span> <span class='ocrx_word' id='word_1_271' title='bbox 1340 2560 1449 2632; x_wconf 76' lang='grc' dir='ltr'><strong>γάρ</strong></span> <span class='ocrx_word' id='word_1_272' title='bbox 1503 2563 1811 2631; x_wconf 81' lang='grc' dir='ltr'>ἀπελαύνει,</span> 
     </span>
    </p>
   </div>
   <div class='ocr_carea' id='block_1_41' title="bbox 219 2640 1816 2728">
    <p class='ocr_par' dir='ltr' id='par_1_41' title="bbox 219 2640 1816 2728">
     <span class='ocr_line' id='line_1_41' title="bbox 219 2640 1816 2728; baseline 0.006 -27"><span class='ocrx_word' id='word_1_273' title='bbox 219 2649 372 2718; x_wconf 71' lang='grc' dir='ltr'>ἄλλῳ</span> <span class='ocrx_word' id='word_1_274' title='bbox 405 2646 582 2710; x_wconf 76' lang='grc' dir='ltr'>ἄλλον,</span> <span class='ocrx_word' id='word_1_275' title='bbox 710 2663 840 2716; x_wconf 85' lang='grc' dir='ltr'>φασι</span> <span class='ocrx_word' id='word_1_276' title='bbox 899 2647 1032 2720; x_wconf 72' lang='grc'><strong>(40),</strong></span> <span class='ocrx_word' id='word_1_277' title='bbox 1081 2649 1311 2720; x_wconf 85' lang='grc' dir='ltr'>δαίμονι.</span> <span class='ocrx_word' id='word_1_278' title='bbox 1343 2653 1445 2706; x_wconf 84' lang='grc' dir='ltr'><strong>Τὸν</strong></span> <span class='ocrx_word' id='word_1_279' title='bbox 1491 2655 1588 2725; x_wconf 85' lang='grc' dir='ltr'><strong>μὲν</strong></span> <span class='ocrx_word' id='word_1_280' title='bbox 1617 2657 1726 2728; x_wconf 91' lang='grc' dir='ltr'><strong>γάρ</strong></span> <span class='ocrx_word' id='word_1_281' title='bbox 1756 2658 1816 2724; x_wconf 78' lang='grc' dir='ltr'>ἐξ</span> 
     </span>
    </p>
   </div>
   <div class='ocr_carea' id='block_1_42' title="bbox 215 2738 1816 2817">
    <p class='ocr_par' dir='ltr' id='par_1_42' title="bbox 215 2738 1816 2817">
     <span class='ocr_line' id='line_1_42' title="bbox 215 2738 1816 2817; baseline 0.001 -27"><span class='ocrx_word' id='word_1_282' title='bbox 215 2739 530 2791; x_wconf 73' lang='grc' dir='ltr'>ἀκολάστου</span> <span class='ocrx_word' id='word_1_283' title='bbox 567 2738 870 2808; x_wconf 86' lang='grc' dir='ltr'>μειρακίου,</span> <span class='ocrx_word' id='word_1_284' title='bbox 917 2739 1008 2791; x_wconf 73' lang='grc' dir='ltr'>τὸν</span> <span class='ocrx_word' id='word_1_285' title='bbox 1050 2739 1095 2793; x_wconf 84' lang='grc' dir='ltr'>δ’</span> <span class='ocrx_word' id='word_1_286' title='bbox 1123 2742 1471 2809; x_wconf 83' lang='grc' dir='ltr'>ἐπιπλάστως</span> <span class='ocrx_word' id='word_1_287' title='bbox 1525 2749 1582 2811; x_wconf 85' lang='grc' dir='ltr'><strong>ἐς</strong></span> <span class='ocrx_word' id='word_1_288' title='bbox 1631 2767 1816 2817; x_wconf 76' lang='grc' dir='ltr'><strong>γυναι-</strong></span> 
     </span>
    </p>
   </div>
   <div class='ocr_carea' id='block_1_43' title="bbox 221 2832 1816 2904">
    <p class='ocr_par' dir='ltr' id='par_1_43' title="bbox 221 2832 1816 2904">
     <span class='ocr_line' id='line_1_43' title="bbox 221 2832 1816 2904; baseline 0.015 -30"><span class='ocrx_word' id='word_1_289' title='bbox 221 2832 380 2885; x_wconf 75' lang='grc' dir='ltr'>κείαν</span> <span class='ocrx_word' id='word_1_290' title='bbox 420 2833 631 2903; x_wconf 74' lang='grc' dir='ltr'>μορφὴν</span> <span class='ocrx_word' id='word_1_291' title='bbox 680 2833 1163 2904; x_wconf 75' lang='grc' dir='ltr'>σχηματιζόμενον.</span> <span class='ocrx_word' id='word_1_292' title='bbox 1202 2837 1420 2891; x_wconf 75' lang='grc' dir='ltr'>Τουτονὶ</span> <span class='ocrx_word' id='word_1_293' title='bbox 1462 2840 1517 2893; x_wconf 84' lang='grc' dir='ltr'>δὲ</span> <span class='ocrx_word' id='word_1_294' title='bbox 1561 2843 1652 2894; x_wconf 82' lang='grc' dir='ltr'><strong>τὸν</strong></span> <span class='ocrx_word' id='word_1_295' title='bbox 1700 2843 1816 2897; x_wconf 84' lang='grc' dir='ltr'>δαί-</span> 
     </span>
    </p>
   </div>
   <div class='ocr_carea' id='block_1_44' title="bbox 215 2925 1812 3007">
    <p class='ocr_par' dir='ltr' id='par_1_44' title="bbox 215 2925 1812 3007">
     <span class='ocr_line' id='line_1_44' title="bbox 215 2925 1812 3007; baseline 0.009 -31"><span class='ocrx_word' id='word_1_296' title='bbox 215 2943 370 2996; x_wconf 52' lang='grc' dir='ltr'>,μονα</span> <span class='ocrx_word' id='word_1_297' title='bbox 410 2943 428 2974; x_wconf 76' lang='grc' dir='ltr'><strong>ι</strong></span> <span class='ocrx_word' id='word_1_298' title='bbox 469 2925 793 2995; x_wconf 81' lang='grc' dir='ltr'>Ἔμπουσαν</span> <span class='ocrx_word' id='word_1_299' title='bbox 831 2946 846 2975; x_wconf 75' lang='lat' dir='ltr'><strong>t</strong></span> <span class='ocrx_word' id='word_1_300' title='bbox 879 2931 972 2979; x_wconf 72' lang='grc' dir='ltr'><strong>καὶ</strong></span> <span class='ocrx_word' id='word_1_301' title='bbox 1013 2947 1031 2978; x_wconf 88' lang='grc'><strong><em>‹</em></strong></span> <span class='ocrx_word' id='word_1_302' title='bbox 1073 2930 1312 2999; x_wconf 87' lang='grc' dir='ltr'>Λαμίαν,</span> <span class='ocrx_word' id='word_1_303' title='bbox 1351 2951 1369 2982; x_wconf 72' lang='grc' dir='ltr'><strong>ι</strong></span> <span class='ocrx_word' id='word_1_304' title='bbox 1405 2934 1588 2998; x_wconf 83' lang='grc' dir='ltr'>αὐτοῖς</span> <span class='ocrx_word' id='word_1_305' title='bbox 1614 2936 1812 3007; x_wconf 83' lang='grc' dir='ltr'>ὀνόμα-</span> 
     </span>
    </p>
   </div>
   <div class='ocr_carea' id='block_1_45' title="bbox 223 3015 1815 3100">
    <p class='ocr_par' dir='ltr' id='par_1_45' title="bbox 223 3015 1815 3100">
     <span class='ocr_line' id='line_1_45' title="bbox 223 3015 1815 3100; baseline 0.01 -33"><span class='ocrx_word' id='word_1_306' title='bbox 223 3034 333 3080; x_wconf 83' lang='grc' dir='ltr'>σιν,</span> <span class='ocrx_word' id='word_1_307' title='bbox 360 3019 388 3068; x_wconf 87' lang='grc' dir='ltr'>ὁ</span> <span class='ocrx_word' id='word_1_308' title='bbox 441 3015 747 3083; x_wconf 72' lang='grc' dir='ltr'>σοφώτατος</span> <span class='ocrx_word' id='word_1_309' title='bbox 777 3019 1057 3074; x_wconf 81' lang='grc' dir='ltr'>ἀποκαλεῖ.</span> <span class='ocrx_word' id='word_1_310' title='bbox 1094 3020 1165 3074; x_wconf 83' lang='grc' dir='ltr'>Τό</span> <span class='ocrx_word' id='word_1_311' title='bbox 1203 3040 1264 3091; x_wconf 89' lang='grc' dir='ltr'><strong>γε</strong></span> <span class='ocrx_word' id='word_1_312' title='bbox 1301 3026 1406 3096; x_wconf 83' lang='grc' dir='ltr'><strong>μὴν</strong></span> <span class='ocrx_word' id='word_1_313' title='bbox 1432 3027 1523 3078; x_wconf 74' lang='grc' dir='ltr'><strong>ἐπὶ</strong></span> <span class='ocrx_word' id='word_1_314' title='bbox 1552 3029 1651 3100; x_wconf 82' lang='grc' dir='ltr'>τῆς</span> <span class='ocrx_word' id='word_1_315' title='bbox 1685 3030 1815 3083; x_wconf 84' lang='grc' dir='ltr'><strong>Ῥω-</strong></span> 
     </span>
    </p>
   </div>
   <div class='ocr_carea' id='block_1_46' title="bbox 224 3105 1815 3190">
    <p class='ocr_par' dir='ltr' id='par_1_46' title="bbox 224 3105 1815 3190">
     <span class='ocr_line' id='line_1_46' title="bbox 224 3105 1815 3190; baseline 0.011 -32"><span class='ocrx_word' id='word_1_316' title='bbox 224 3106 407 3176; x_wconf 83' lang='grc' dir='ltr'>μαίων</span> <span class='ocrx_word' id='word_1_317' title='bbox 442 3105 647 3170; x_wconf 83' lang='grc' dir='ltr'>πόλεως</span> <span class='ocrx_word' id='word_1_318' title='bbox 681 3108 817 3178; x_wconf 88' lang='grc' dir='ltr'><strong>μετά</strong></span> <span class='ocrx_word' id='word_1_319' title='bbox 850 3109 1024 3163; x_wconf 79' lang='grc' dir='ltr'>ταῦτα</span> <span class='ocrx_word' id='word_1_320' title='bbox 1054 3113 1253 3185; x_wconf 83' lang='grc' dir='ltr'>κόριον,</span> <span class='ocrx_word' id='word_1_321' title='bbox 1282 3118 1364 3170; x_wconf 74' lang='grc' dir='ltr'>ὅτι</span> <span class='ocrx_word' id='word_1_322' title='bbox 1396 3118 1458 3190; x_wconf 78' lang='grc' dir='ltr'>δὴ</span> <span class='ocrx_word' id='word_1_323' title='bbox 1493 3120 1629 3190; x_wconf 84' lang='grc' dir='ltr'><strong>μετά</strong></span> <span class='ocrx_word' id='word_1_324' title='bbox 1654 3120 1815 3176; x_wconf 84' lang='grc' dir='ltr'>θάνα-</span> 
     </span>
    </p>
   </div>
   <div class='ocr_carea' id='block_1_47' title="bbox 219 3199 1813 3284">
    <p class='ocr_par' dir='ltr' id='par_1_47' title="bbox 219 3199 1813 3284">
     <span class='ocr_line' id='line_1_47' title="bbox 219 3199 1813 3284; baseline 0.011 -32"><span class='ocrx_word' id='word_1_325' title='bbox 219 3217 315 3252; x_wconf 76' lang='grc' dir='ltr'><strong>τον</strong></span> <span class='ocrx_word' id='word_1_326' title='bbox 347 3199 442 3251; x_wconf 74' lang='grc' dir='ltr'><strong>ἐπὶ</strong></span> <span class='ocrx_word' id='word_1_327' title='bbox 467 3200 723 3272; x_wconf 77' lang='grc' dir='ltr'>δευτέραν</span> <span class='ocrx_word' id='word_1_328' title='bbox 751 3200 896 3274; x_wconf 80' lang='grc' dir='ltr'>ζωὴν</span> <span class='ocrx_word' id='word_1_329' title='bbox 922 3205 1144 3274; x_wconf 78' lang='grc' dir='ltr'>ἤγαγεν,</span> <span class='ocrx_word' id='word_1_330' title='bbox 1187 3209 1544 3266; x_wconf 84' lang='grc' dir='ltr'>ἀπιστότατον</span> <span class='ocrx_word' id='word_1_331' title='bbox 1579 3213 1689 3284; x_wconf 72' lang='grc'><strong>(41)</strong></span> <span class='ocrx_word' id='word_1_332' title='bbox 1721 3217 1813 3268; x_wconf 71' lang='grc' dir='ltr'><strong>καὶ</strong></span> 
     </span>
    </p>
   </div>
   <div class='ocr_carea' id='block_1_48' title="bbox 221 3291 1807 3372">
    <p class='ocr_par' dir='ltr' id='par_1_48' title="bbox 221 3291 1807 3372">
     <span class='ocr_line' id='line_1_48' title="bbox 221 3291 1807 3372; baseline 0.011 -30"><span class='ocrx_word' id='word_1_333' title='bbox 221 3291 377 3361; x_wconf 75' lang='grc' dir='ltr'><strong>αὖτῷ</strong></span> <span class='ocrx_word' id='word_1_334' title='bbox 409 3291 566 3355; x_wconf 77' lang='grc' dir='ltr'>δόξαν</span> <span class='ocrx_word' id='word_1_335' title='bbox 596 3292 672 3362; x_wconf 82' lang='grc' dir='ltr'><strong>τῷ</strong></span> <span class='ocrx_word' id='word_1_336' title='bbox 698 3293 1058 3367; x_wconf 79' lang='grc' dir='ltr'>Φιλοστράτῳ.</span> <span class='ocrx_word' id='word_1_337' title='bbox 1093 3302 1471 3372; x_wconf 81' lang='grc' dir='ltr'>παραιτητέον.</span> <span class='ocrx_word' id='word_1_338' title='bbox 1519 3306 1604 3357; x_wconf 87' lang='grc' dir='ltr'>Ἐν</span> <span class='ocrx_word' id='word_1_339' title='bbox 1634 3305 1807 3358; x_wconf 88' lang='grc' dir='ltr'>διστα-</span> 
     </span>
    </p>
   </div>
   <div class='ocr_carea' id='block_1_49' title="bbox 211 3380 1813 3470">
    <p class='ocr_par' dir='ltr' id='par_1_49' title="bbox 211 3380 1813 3470">
     <span class='ocr_line' id='line_1_49' title="bbox 211 3380 1813 3470; baseline 0.015 -42"><span class='ocrx_word' id='word_1_340' title='bbox 211 3380 352 3451; x_wconf 80' lang='grc' dir='ltr'>γμῷ</span> <span class='ocrx_word' id='word_1_341' title='bbox 385 3381 566 3450; x_wconf 87' lang='grc' dir='ltr'>μέντοι</span> <span class='ocrx_word' id='word_1_342' title='bbox 594 3383 944 3453; x_wconf 71' lang='grc' dir='ltr'>ἀμφιϐάλλει,</span> <span class='ocrx_word' id='word_1_343' title='bbox 998 3389 1070 3460; x_wconf 76' lang='grc' dir='ltr'>μὴ</span> <span class='ocrx_word' id='word_1_344' title='bbox 1110 3389 1218 3460; x_wconf 84' lang='grc' dir='ltr'><strong>ἄρα</strong></span> <span class='ocrx_word' id='word_1_345' title='bbox 1253 3393 1485 3466; x_wconf 75' lang='grc' dir='ltr'>σπινθὴρ</span> <span class='ocrx_word' id='word_1_346' title='bbox 1509 3396 1608 3466; x_wconf 78' lang='grc' dir='ltr'>τῆς</span> <span class='ocrx_word' id='word_1_347' title='bbox 1635 3398 1813 3470; x_wconf 71' lang='grc' dir='ltr'>ψυχῆς</span> 
     </span>
    </p>
   </div>
   <div class='ocr_carea' id='block_1_50' title="bbox 222 3472 1809 3558">
    <p class='ocr_par' dir='ltr' id='par_1_50' title="bbox 222 3472 1809 3558">
     <span class='ocr_line' id='line_1_50' title="bbox 222 3472 1809 3558; baseline 0.011 -34"><span class='ocrx_word' id='word_1_348' title='bbox 222 3472 548 3542; x_wconf 79' lang='grc' dir='ltr'>ἐνυπάρχων</span> <span class='ocrx_word' id='word_1_349' title='bbox 588 3474 666 3545; x_wconf 83' lang='grc' dir='ltr'>τῷ</span> <span class='ocrx_word' id='word_1_350' title='bbox 716 3477 886 3541; x_wconf 68' lang='grc' dir='ltr'>παιδὶ,</span> <span class='ocrx_word' id='word_1_351' title='bbox 929 3480 1055 3543; x_wconf 72' lang='grc' dir='ltr'>τοὺς</span> <span class='ocrx_word' id='word_1_352' title='bbox 1106 3479 1504 3552; x_wconf 82' lang='grc' dir='ltr'>θεραπεύοντας</span> <span class='ocrx_word' id='word_1_353' title='bbox 1549 3487 1809 3558; x_wconf 78' lang='grc' dir='ltr'>ἐλελήθει.</span> 
     </span>
    </p>
   </div>
   <div class='ocr_carea' id='block_1_51' title="bbox 222 3563 1812 3651">
    <p class='ocr_par' dir='ltr' id='par_1_51' title="bbox 222 3563 1812 3651">
     <span class='ocr_line' id='line_1_51' title="bbox 222 3563 1812 3651; baseline 0.011 -35"><span class='ocrx_word' id='word_1_354' title='bbox 222 3563 495 3632; x_wconf 84' lang='grc' dir='ltr'>Λέγεσθαι</span> <span class='ocrx_word' id='word_1_355' title='bbox 546 3565 652 3636; x_wconf 88' lang='grc' dir='ltr'><strong>γάρ</strong></span> <span class='ocrx_word' id='word_1_356' title='bbox 688 3583 869 3638; x_wconf 73' lang='grc' dir='ltr'>φησιν,</span> <span class='ocrx_word' id='word_1_357' title='bbox 909 3571 984 3634; x_wconf 86' lang='grc' dir='ltr'>ὼς</span> <span class='ocrx_word' id='word_1_358' title='bbox 1015 3572 1241 3641; x_wconf 73' lang='grc' dir='ltr'>ψεκάζοι</span> <span class='ocrx_word' id='word_1_359' title='bbox 1289 3577 1386 3646; x_wconf 81' lang='grc' dir='ltr'><strong>μὲν</strong></span> <span class='ocrx_word' id='word_1_360' title='bbox 1427 3581 1455 3631; x_wconf 88' lang='grc' dir='ltr'>ὁ</span> <span class='ocrx_word' id='word_1_361' title='bbox 1493 3580 1650 3643; x_wconf 83' lang='grc' dir='ltr'>Ζεὺς,</span> <span class='ocrx_word' id='word_1_362' title='bbox 1686 3584 1719 3651; x_wconf 81' lang='grc' dir='ltr'>ἡ</span> <span class='ocrx_word' id='word_1_363' title='bbox 1755 3581 1812 3634; x_wconf 85' lang='grc' dir='ltr'>δὲ</span> 
     </span>
    </p>
   </div>
   <div class='ocr_carea' id='block_1_52' title="bbox 217 3657 1812 3743">
    <p class='ocr_par' dir='ltr' id='par_1_52' title="bbox 217 3657 1812 3743">
     <span class='ocr_line' id='line_1_52' title="bbox 217 3657 1812 3743; baseline 0.009 -32"><span class='ocrx_word' id='word_1_364' title='bbox 217 3657 445 3727; x_wconf 70' lang='grc' dir='ltr'>’ἀτμίζοι</span> <span class='ocrx_word' id='word_1_365' title='bbox 484 3661 592 3713; x_wconf 75' lang='grc' dir='ltr'><strong>ἀπὸ</strong></span> <span class='ocrx_word' id='word_1_366' title='bbox 621 3661 714 3715; x_wconf 76' lang='grc' dir='ltr'><strong>τοῦ</strong></span> <span class='ocrx_word' id='word_1_367' title='bbox 763 3663 1070 3734; x_wconf 83' lang='grc' dir='ltr'>προσώπου.</span> <span class='ocrx_word' id='word_1_368' title='bbox 1108 3667 1217 3719; x_wconf 76' lang='grc' dir='ltr'><strong>Καὶ</strong></span> <span class='ocrx_word' id='word_1_369' title='bbox 1249 3669 1356 3739; x_wconf 79' lang='grc' dir='ltr'><strong>γὰρ</strong></span> <span class='ocrx_word' id='word_1_370' title='bbox 1397 3669 1460 3740; x_wconf 83' lang='grc' dir='ltr'>δὴ</span> <span class='ocrx_word' id='word_1_371' title='bbox 1505 3673 1553 3724; x_wconf 86' lang='grc' dir='ltr'><strong>εί</strong></span> <span class='ocrx_word' id='word_1_372' title='bbox 1596 3671 1812 3743; x_wconf 81' lang='grc' dir='ltr'>ἀληθῶς</span> 
     </span>
    </p>
   </div>
   <div class='ocr_carea' id='block_1_53' title="bbox 220 3751 1813 3831">
    <p class='ocr_par' dir='ltr' id='par_1_53' title="bbox 220 3751 1813 3831">
     <span class='ocr_line' id='line_1_53' title="bbox 220 3751 1813 3831; baseline 0.012 -29"><span class='ocrx_word' id='word_1_373' title='bbox 220 3751 356 3803; x_wconf 53' lang='lat' dir='ltr'><strong>asa.</strong></span> <span class='ocrx_word' id='word_1_374' title='bbox 387 3753 588 3807; x_wconf 86' lang='grc' dir='ltr'>τοιόνδε</span> <span class='ocrx_word' id='word_1_375' title='bbox 635 3756 720 3807; x_wconf 84' lang='grc' dir='ltr'>ἐπ’</span> <span class='ocrx_word' id='word_1_376' title='bbox 764 3757 932 3826; x_wconf 77' lang='grc' dir='ltr'>αὐτῆς</span> <span class='ocrx_word' id='word_1_377' title='bbox 983 3757 1202 3830; x_wconf 82' lang='grc' dir='ltr'>Ῥώμης</span> <span class='ocrx_word' id='word_1_378' title='bbox 1243 3761 1579 3831; x_wconf 79' lang='grc' dir='ltr'>ἐπέπρακτο,</span> <span class='ocrx_word' id='word_1_379' title='bbox 1620 3766 1719 3818; x_wconf 85' lang='grc' dir='ltr'><strong>οὐκ</strong></span> <span class='ocrx_word' id='word_1_380' title='bbox 1748 3766 1813 3820; x_wconf 82' lang='grc' dir='ltr'><strong>ἂν</strong></span> 
     </span>
    </p>
   </div>
   <div class='ocr_carea' id='block_1_54' title="bbox 222 3844 1810 3927">
    <p class='ocr_par' dir='ltr' id='par_1_54' title="bbox 222 3844 1810 3927">
     <span class='ocr_line' id='line_1_54' title="bbox 222 3844 1810 3927; baseline 0.013 -33"><span class='ocrx_word' id='word_1_381' title='bbox 222 3844 466 3914; x_wconf 81' lang='grc' dir='ltr'>ἐλελήθει</span> <span class='ocrx_word' id='word_1_382' title='bbox 514 3845 734 3915; x_wconf 77' lang='grc' dir='ltr'>βασιλέα</span> <span class='ocrx_word' id='word_1_383' title='bbox 790 3866 850 3901; x_wconf 89' lang='grc' dir='ltr'><strong>τε</strong></span> <span class='ocrx_word' id='word_1_384' title='bbox 897 3850 1134 3922; x_wconf 85' lang='grc' dir='ltr'>πρῶτον,</span> <span class='ocrx_word' id='word_1_385' title='bbox 1187 3856 1280 3907; x_wconf 79' lang='grc' dir='ltr'><strong>καὶ</strong></span> <span class='ocrx_word' id='word_1_386' title='bbox 1323 3856 1448 3920; x_wconf 76' lang='grc' dir='ltr'>τοὺς</span> <span class='ocrx_word' id='word_1_387' title='bbox 1497 3861 1614 3927; x_wconf 86' lang='grc' dir='ltr'>μετ’</span> <span class='ocrx_word' id='word_1_388' title='bbox 1645 3861 1810 3914; x_wconf 71' lang='grc' dir='ltr'>αὑτὸν</span> 
     </span>
    </p>
   </div>
   <div class='ocr_carea' id='block_1_55' title="bbox 222 3933 1812 4018">
    <p class='ocr_par' dir='ltr' id='par_1_55' title="bbox 222 3933 1812 4018">
     <span class='ocr_line' id='line_1_55' title="bbox 222 3933 1812 4018; baseline 0.012 -32"><span class='ocrx_word' id='word_1_389' title='bbox 222 3933 474 3998; x_wconf 70' lang='grc' dir='ltr'>ἅπαντας</span> <span class='ocrx_word' id='word_1_390' title='bbox 513 3936 812 4008; x_wconf 79' lang='grc' dir='ltr'>ὑπάρχους,</span> <span class='ocrx_word' id='word_1_391' title='bbox 862 3941 1096 4010; x_wconf 86' lang='grc' dir='ltr'>μάλιστα</span> <span class='ocrx_word' id='word_1_392' title='bbox 1141 3944 1197 3997; x_wconf 84' lang='grc' dir='ltr'>δὲ</span> <span class='ocrx_word' id='word_1_393' title='bbox 1241 3947 1330 3998; x_wconf 81' lang='grc' dir='ltr'><strong>τὸν</strong></span> <span class='ocrx_word' id='word_1_394' title='bbox 1378 3948 1663 4018; x_wconf 72' lang='grc' dir='ltr'>φιλόσοφον</span> <span class='ocrx_word' id='word_1_395' title='bbox 1706 3953 1812 4004; x_wconf 78' lang='grc' dir='ltr'><strong>Εὑ-</strong></span> 
     </span>
    </p>
   </div>
   <div class='ocr_carea' id='block_1_56' title="bbox 223 4027 1812 4114">
    <p class='ocr_par' dir='ltr' id='par_1_56' title="bbox 223 4027 1812 4114">
     <span class='ocr_line' id='line_1_56' title="bbox 223 4027 1812 4114; baseline 0.013 -36"><span class='ocrx_word' id='word_1_396' title='bbox 223 4027 472 4099; x_wconf 70' lang='grc' dir='ltr'>φράτην,</span> <span class='ocrx_word' id='word_1_397' title='bbox 519 4033 924 4103; x_wconf 78' lang='grc' dir='ltr'>ἐγχωριάζοντα</span> <span class='ocrx_word' id='word_1_398' title='bbox 967 4039 1086 4090; x_wconf 88' lang='grc' dir='ltr'>κατ’</span> <span class='ocrx_word' id='word_1_399' title='bbox 1112 4041 1285 4092; x_wconf 87' lang='grc' dir='ltr'>ἐκεῖνο</span> <span class='ocrx_word' id='word_1_400' title='bbox 1323 4044 1546 4114; x_wconf 82' lang='grc' dir='ltr'>καιροῦ,</span> <span class='ocrx_word' id='word_1_401' title='bbox 1596 4045 1690 4098; x_wconf 78' lang='grc' dir='ltr'><strong>καὶ</strong></span> <span class='ocrx_word' id='word_1_402' title='bbox 1721 4047 1812 4098; x_wconf 76' lang='grc' dir='ltr'><strong>ἐπὶ</strong></span> 
     </span>
    </p>
   </div>
   <div class='ocr_carea' id='block_1_57' title="bbox 220 4121 1811 4210">
    <p class='ocr_par' dir='ltr' id='par_1_57' title="bbox 220 4121 1811 4210">
     <span class='ocr_line' id='line_1_57' title="bbox 220 4121 1811 4210; baseline 0.014 -39"><span class='ocrx_word' id='word_1_403' title='bbox 220 4121 322 4190; x_wconf 66' lang='grc' dir='ltr'>τῆς</span> <span class='ocrx_word' id='word_1_404' title='bbox 363 4121 583 4195; x_wconf 82' lang='grc' dir='ltr'>Ῥώμης</span> <span class='ocrx_word' id='word_1_405' title='bbox 622 4125 983 4198; x_wconf 74' lang='grc' dir='ltr'>διατρίϐοντα,</span> <span class='ocrx_word' id='word_1_406' title='bbox 1030 4131 1088 4194; x_wconf 80' lang='grc' dir='ltr'>ὃς</span> <span class='ocrx_word' id='word_1_407' title='bbox 1117 4132 1178 4204; x_wconf 76' lang='grc' dir='ltr'>δὴ</span> <span class='ocrx_word' id='word_1_408' title='bbox 1213 4136 1271 4198; x_wconf 86' lang='grc' dir='ltr'><strong>ἐς</strong></span> <span class='ocrx_word' id='word_1_409' title='bbox 1301 4135 1524 4208; x_wconf 79' lang='grc' dir='ltr'>ὕστερον</span> <span class='ocrx_word' id='word_1_410' title='bbox 1556 4140 1656 4210; x_wconf 79' lang='grc' dir='ltr'>τὴν</span> <span class='ocrx_word' id='word_1_411' title='bbox 1692 4142 1811 4192; x_wconf 83' lang='grc' dir='ltr'>κατ’</span> 
     </span>
    </p>
   </div>
   <div class='ocr_carea' id='block_1_58' title="bbox 222 4213 1812 4298">
    <p class='ocr_par' dir='ltr' id='par_1_58' title="bbox 222 4213 1812 4298">
     <span class='ocr_line' id='line_1_58' title="bbox 222 4213 1812 4298; baseline 0.014 -35"><span class='ocrx_word' id='word_1_412' title='bbox 222 4213 391 4265; x_wconf 80' lang='grc' dir='ltr'>αύτοῦ</span> <span class='ocrx_word' id='word_1_413' title='bbox 429 4219 784 4288; x_wconf 74' lang='grc' dir='ltr'>κατηγορίαν,</span> <span class='ocrx_word' id='word_1_414' title='bbox 815 4221 890 4284; x_wconf 88' lang='grc' dir='ltr'>ὼς</span> <span class='ocrx_word' id='word_1_415' title='bbox 935 4223 998 4294; x_wconf 82' lang='grc' dir='ltr'>δὴ</span> <span class='ocrx_word' id='word_1_416' title='bbox 1041 4225 1180 4279; x_wconf 87' lang='grc' dir='ltr'><strong>κατά</strong></span> <span class='ocrx_word' id='word_1_417' title='bbox 1225 4227 1436 4298; x_wconf 81' lang='grc' dir='ltr'>γόητος,</span> <span class='ocrx_word' id='word_1_418' title='bbox 1491 4229 1812 4284; x_wconf 78' lang='grc' dir='ltr'>ὑποϐάλλειν</span> 
     </span>
    </p>
   </div>
   <div class='ocr_carea' id='block_1_59' title="bbox 214 4306 1812 4395">
    <p class='ocr_par' dir='ltr' id='par_1_59' title="bbox 214 4306 1812 4395">
     <span class='ocr_line' id='line_1_59' title="bbox 214 4306 1812 4395; baseline 0.028 -42"><span class='ocrx_word' id='word_1_419' title='bbox 214 4306 527 4378; x_wconf 54' lang='grc' dir='ltr'>’ζστέρτγταα</span> <span class='ocrx_word' id='word_1_420' title='bbox 563 4309 787 4376; x_wconf 83' lang='grc' dir='ltr'>Πάντως</span> <span class='ocrx_word' id='word_1_421' title='bbox 815 4314 923 4386; x_wconf 82' lang='grc' dir='ltr'>γὰρ</span> <span class='ocrx_word' id='word_1_422' title='bbox 955 4316 1020 4369; x_wconf 81' lang='grc' dir='ltr'><strong>ἂν</strong></span> <span class='ocrx_word' id='word_1_423' title='bbox 1045 4319 1138 4370; x_wconf 66' lang='grc' dir='ltr'>καὶ</span> <span class='ocrx_word' id='word_1_424' title='bbox 1162 4319 1335 4382; x_wconf 69' lang='grc' dir='ltr'>τοῦτον</span> <span class='ocrx_word' id='word_1_425' title='bbox 1367 4324 1414 4374; x_wconf 73' lang='grc' dir='ltr'>εἰ</span> <span class='ocrx_word' id='word_1_426' title='bbox 1444 4322 1506 4395; x_wconf 79' lang='grc' dir='ltr'>δὴ</span> <span class='ocrx_word' id='word_1_427' title='bbox 1533 4324 1689 4378; x_wconf 60' lang='grc' dir='ltr'>τοῦτο</span> <span class='ocrx_word' id='word_1_428' title='bbox 1719 4343 1812 4394; x_wconf 85' lang='grc' dir='ltr'>γε·</span> 
     </span>
    </p>
   </div>
   <div class='ocr_carea' id='block_1_60' title="bbox 221 4394 1809 4487">
    <p class='ocr_par' dir='ltr' id='par_1_60' title="bbox 221 4394 1809 4487">
     <span class='ocr_line' id='line_1_60' title="bbox 221 4394 1809 4487; baseline 0.017 -42"><span class='ocrx_word' id='word_1_429' title='bbox 221 4397 380 4465; x_wconf 67' lang='grc' dir='ltr'>γνινδς</span> <span class='ocrx_word' id='word_1_430' title='bbox 405 4394 492 4468; x_wconf 79' lang='grc' dir='ltr'>ἦν,</span> <span class='ocrx_word' id='word_1_431' title='bbox 523 4405 642 4465; x_wconf 84' lang='grc' dir='ltr'>ταῖς</span> <span class='ocrx_word' id='word_1_432' title='bbox 663 4403 850 4468; x_wconf 84' lang='grc' dir='ltr'>ἄλλαις</span> <span class='ocrx_word' id='word_1_433' title='bbox 886 4408 1004 4459; x_wconf 77' lang='grc' dir='ltr'>κατ’</span> <span class='ocrx_word' id='word_1_434' title='bbox 1049 4409 1214 4462; x_wconf 76' lang='grc' dir='ltr'>αὑτοῦ</span> <span class='ocrx_word' id='word_1_435' title='bbox 1247 4394 1518 4478; x_wconf 75' lang='grc' dir='ltr'>διαϐολαῖς</span> <span class='ocrx_word' id='word_1_436' title='bbox 1544 4417 1678 4487; x_wconf 76' lang='grc' dir='ltr'>πρὸς</span> <span class='ocrx_word' id='word_1_437' title='bbox 1715 4418 1809 4471; x_wconf 77' lang='grc' dir='ltr'>τοῦ</span> 
     </span>
    </p>
   </div>
   <div class='ocr_carea' id='block_1_61' title="bbox 220 4489 1813 4577">
    <p class='ocr_par' dir='ltr' id='par_1_61' title="bbox 220 4489 1813 4577">
     <span class='ocr_line' id='line_1_61' title="bbox 220 4489 1813 4577; baseline 0.015 -39"><span class='ocrx_word' id='word_1_438' title='bbox 220 4489 532 4559; x_wconf 70' lang='grc' dir='ltr'>κατηγόρου</span> <span class='ocrx_word' id='word_1_439' title='bbox 563 4494 998 4560; x_wconf 81' lang='grc' dir='ltr'>συγκατείλεκτο.</span> <span class='ocrx_word' id='word_1_440' title='bbox 1043 4500 1151 4552; x_wconf 71' lang='grc' dir='ltr'>Καὶ</span> <span class='ocrx_word' id='word_1_441' title='bbox 1185 4500 1252 4554; x_wconf 78' lang='grc' dir='ltr'>τὰ</span> <span class='ocrx_word' id='word_1_442' title='bbox 1284 4504 1380 4572; x_wconf 82' lang='grc' dir='ltr'>μὲν</span> <span class='ocrx_word' id='word_1_443' title='bbox 1411 4505 1468 4556; x_wconf 86' lang='grc' dir='ltr'><strong>ἐν</strong></span> <span class='ocrx_word' id='word_1_444' title='bbox 1505 4506 1660 4577; x_wconf 83' lang='grc' dir='ltr'>μέρει</span> <span class='ocrx_word' id='word_1_445' title='bbox 1718 4511 1813 4562; x_wconf 66' lang='grc' dir='ltr'>καὶ</span> 
     </span>
    </p>
   </div>
   <div class='ocr_carea' id='block_1_62' title="bbox 219 4574 1812 4668">
    <p class='ocr_par' dir='ltr' id='par_1_62' title="bbox 219 4574 1812 4668">
     <span class='ocr_line' id='line_1_62' title="bbox 219 4574 1812 4668; baseline 0.013 -35"><span class='ocrx_word' id='word_1_446' title='bbox 219 4583 343 4633; x_wconf 80' lang='grc' dir='ltr'>κατ’</span> <span class='ocrx_word' id='word_1_447' title='bbox 375 4574 515 4644; x_wconf 79' lang='grc' dir='ltr'>εἶδος</span> <span class='ocrx_word' id='word_1_448' title='bbox 545 4583 692 4655; x_wconf 80' lang='grc' dir='ltr'>αὐτῷ</span> <span class='ocrx_word' id='word_1_449' title='bbox 725 4589 1105 4659; x_wconf 85' lang='grc' dir='ltr'>πεπραγμένα,</span> <span class='ocrx_word' id='word_1_450' title='bbox 1133 4594 1368 4647; x_wconf 70' lang='grc' dir='ltr'>τοσαῦτα</span> <span class='ocrx_word' id='word_1_451' title='bbox 1387 4613 1399 4624; x_wconf 74' lang='grc' dir='ltr'><strong>ο</strong></span> <span class='ocrx_word' id='word_1_452' title='bbox 1439 4598 1606 4668; x_wconf 85' lang='grc' dir='ltr'>μυρία</span> <span class='ocrx_word' id='word_1_453' title='bbox 1633 4598 1688 4651; x_wconf 85' lang='grc' dir='ltr'><strong>δέ</strong></span> <span class='ocrx_word' id='word_1_454' title='bbox 1719 4602 1812 4654; x_wconf 74' lang='grc' dir='ltr'>καὶ</span> 
     </span>
    </p>
   </div>
   <div class='ocr_carea' id='block_1_63' title="bbox 291 4737 1808 4831">
    <p class='ocr_par' dir='ltr' id='par_1_63' title="bbox 291 4737 1788 4831">
     <span class='ocr_line' id='line_1_63' title="bbox 291 4737 1788 4831; baseline 0.014 -42"><span class='ocrx_word' id='word_1_455' title='bbox 291 4737 338 4831; x_wconf 52' lang='grc'><strong>1⁸</strong></span> <span class='ocrx_word' id='word_1_456' title='bbox 381 4737 597 4831; x_wconf 41' lang='lat' dir='ltr'><strong>libant,</strong></span> <span class='ocrx_word' id='word_1_457' title='bbox 628 4755 680 4795; x_wconf 92' lang='lat' dir='ltr'><strong>c.</strong></span> <span class='ocrx_word' id='word_1_458' title='bbox 715 4741 804 4799; x_wconf 72' lang='lat'><strong>1‘2.</strong></span> <span class='ocrx_word' id='word_1_459' title='bbox 879 4745 924 4775; x_wconf 84' lang='grc'><strong>⁷²</strong></span> <span class='ocrx_word' id='word_1_460' title='bbox 966 4745 1060 4801; x_wconf 87' lang='lat' dir='ltr'><strong>lib.</strong></span> <span class='ocrx_word' id='word_1_461' title='bbox 1102 4763 1192 4814; x_wconf 85' lang='lat' dir='ltr'><strong>tv,</strong></span> <span class='ocrx_word' id='word_1_462' title='bbox 1226 4764 1276 4804; x_wconf 90' lang='lat' dir='ltr'><strong>c.</strong></span> <span class='ocrx_word' id='word_1_463' title='bbox 1316 4750 1403 4805; x_wconf 79' lang='grc'><strong>16.</strong></span> <span class='ocrx_word' id='word_1_464' title='bbox 1481 4753 1529 4785; x_wconf 76' lang='grc'>’³</span> <span class='ocrx_word' id='word_1_465' title='bbox 1567 4748 1664 4812; x_wconf 82' lang='lat' dir='ltr'><strong>lib.</strong></span> <span class='ocrx_word' id='word_1_466' title='bbox 1701 4773 1788 4824; x_wconf 89' lang='lat' dir='ltr'><strong>tv,</strong></span> 
     </span>
    </p>
   </div>
   <div class='ocr_carea' id='block_1_64' title="bbox 1918 4737 3205 4831">
    <p class='ocr_par' dir='ltr' id='par_1_64' title="bbox 1918 4758 3205 4831">
     <span class='ocr_line' id='line_1_64' title="bbox 1918 4758 3205 4831; baseline 0.006 -19"><span class='ocrx_word' id='word_1_467' title='bbox 1918 4758 1998 4817; x_wconf 71' lang='grc' dir='ltr'><strong>ιο.</strong></span> <span class='ocrx_word' id='word_1_468' title='bbox 2074 4761 2124 4794; x_wconf 63' lang='grc' dir='ltr'><strong>τι</strong></span> <span class='ocrx_word' id='word_1_469' title='bbox 2164 4761 2260 4816; x_wconf 91' lang='lat' dir='ltr'><strong>lib.</strong></span> <span class='ocrx_word' id='word_1_470' title='bbox 2294 4778 2385 4831; x_wconf 82' lang='lat' dir='ltr'><strong>IV,</strong></span> <span class='ocrx_word' id='word_1_471' title='bbox 2422 4778 2471 4817; x_wconf 93' lang='lat' dir='ltr'><strong>c.</strong></span> <span class='ocrx_word' id='word_1_472' title='bbox 2508 4762 2601 4821; x_wconf 72' lang='lat'><strong>25.</strong></span> <span class='ocrx_word' id='word_1_473' title='bbox 2677 4766 2724 4798; x_wconf 72' lang='grc' dir='ltr'><strong>τε</strong></span> <span class='ocrx_word' id='word_1_474' title='bbox 2763 4765 2859 4820; x_wconf 90' lang='lat' dir='ltr'><strong>lib.</strong></span> <span class='ocrx_word' id='word_1_475' title='bbox 2893 4781 2984 4831; x_wconf 81' lang='lat' dir='ltr'><strong>IV,</strong></span> <span class='ocrx_word' id='word_1_476' title='bbox 3017 4781 3069 4822; x_wconf 92' lang='lat' dir='ltr'><strong>c.</strong></span> <span class='ocrx_word' id='word_1_477' title='bbox 3113 4766 3205 4821; x_wconf 72' lang='lat'><strong>45.</strong></span> 
     </span>
    </p>
   </div>
   <div class='ocr_carea' id='block_1_65' title="bbox 223 4809 531 4873">
    <p class='ocr_par' dir='ltr' id='par_1_65' title="bbox 223 4809 531 4873">
     <span class='ocr_line' id='line_1_65' title="bbox 223 4809 531 4873; baseline 0.013 -13"><span class='ocrx_word' id='word_1_478' title='bbox 223 4821 354 4873; x_wconf 80' lang='lat' dir='ltr'><strong>vm,</strong></span> <span class='ocrx_word' id='word_1_479' title='bbox 389 4824 438 4862; x_wconf 92' lang='lat' dir='ltr'><strong>c.</strong></span> <span class='ocrx_word' id='word_1_480' title='bbox 477 4809 531 4864; x_wconf 78' lang='lat'><strong>3.</strong></span> 
     </span>
    </p>
   </div>
   <div class='ocr_carea' id='block_1_66' title="bbox 297 4919 1342 4991">
    <p class='ocr_par' dir='ltr' id='par_1_66' title="bbox 297 4919 1342 4991">
     <span class='ocr_line' id='line_1_66' title="bbox 297 4919 1342 4991; baseline 0.012 -19"><span class='ocrx_word' id='word_1_481' title='bbox 297 4919 433 4991; x_wconf 70' lang='grc' dir='ltr'><strong>(ὅδ’)</strong></span> <span class='ocrx_word' id='word_1_482' title='bbox 475 4921 727 4988; x_wconf 75' lang='grc' dir='ltr'>Ἰκανῶς.</span> <span class='ocrx_word' id='word_1_483' title='bbox 762 4923 923 4979; x_wconf 82' lang='lat' dir='ltr'><strong>Forte</strong></span> <span class='ocrx_word' id='word_1_484' title='bbox 951 4926 1153 4990; x_wconf 86' lang='grc' dir='ltr'>ἱκανός.</span> <span class='ocrx_word' id='word_1_485' title='bbox 1185 4926 1342 4986; x_wconf 80' lang='lat' dir='ltr'><strong>Eutr.</strong></span> 
     </span>
    </p>
   </div>
   <div class='ocr_carea' id='block_1_67' title="bbox 293 4990 1798 5078">
    <p class='ocr_par' dir='ltr' id='par_1_67' title="bbox 293 4990 1798 5078">
     <span class='ocr_line' id='line_1_67' title="bbox 293 4990 1798 5078; baseline 0.013 -36"><span class='ocrx_word' id='word_1_486' title='bbox 449 4994 841 5078; x_wconf 15' lang='lat' dir='ltr'><strong>il‘pagértog:</strong></span> <span class='ocrx_word' id='word_1_487' title='bbox 903 4994 1047 5077; x_wconf 64' lang='grc' dir='ltr'><strong>βώιί</strong></span> <span class='ocrx_word' id='word_1_488' title='bbox 1105 5001 1378 5078; x_wconf 73' lang='lat' dir='ltr'><strong>habebant</strong></span> <span class='ocrx_word' id='word_1_489' title='bbox 1443 5006 1798 5078; x_wconf 77' lang='grc' dir='ltr'>πραχθέντος.</span> 
     </span>
    </p>
   </div>
   <div class='ocr_carea' id='block_1_68' title="bbox 215 5058 1796 5134">
    <p class='ocr_par' dir='ltr' id='par_1_68' title="bbox 215 5058 1796 5134">
     <span class='ocr_line' id='line_1_68' title="bbox 215 5058 1796 5134; baseline 0.013 -21"><span class='ocrx_word' id='word_1_490' title='bbox 215 5058 400 5134; x_wconf 67' lang='lat' dir='ltr'><strong>Paulo</strong></span> <span class='ocrx_word' id='word_1_491' title='bbox 443 5058 706 5118; x_wconf 78' lang='lat' dir='ltr'><strong>audacius</strong></span> <span class='ocrx_word' id='word_1_492' title='bbox 749 5058 916 5120; x_wconf 79' lang='lat' dir='ltr'><strong>videri</strong></span> <span class='ocrx_word' id='word_1_493' title='bbox 952 5079 1263 5134; x_wconf 91' lang='lat' dir='ltr'><strong>poteramus</strong></span> <span class='ocrx_word' id='word_1_494' title='bbox 1307 5074 1405 5130; x_wconf 86' lang='lat' dir='ltr'><strong>&#39;hic</strong></span> <span class='ocrx_word' id='word_1_495' title='bbox 1456 5058 1796 5132; x_wconf 67' lang='lat' dir='ltr'><strong>emendasse.</strong></span> 
     </span>
    </p>
   </div>
   <div class='ocr_carea' id='block_1_69' title="bbox 221 5130 1802 5211">
    <p class='ocr_par' dir='ltr' id='par_1_69' title="bbox 221 5130 1802 5211">
     <span class='ocr_line' id='line_1_69' title="bbox 221 5130 1802 5211; baseline 0.01 -26"><span class='ocrx_word' id='word_1_496' title='bbox 221 5130 330 5211; x_wconf 71' lang='lat' dir='ltr'><strong>Sed</strong></span> <span class='ocrx_word' id='word_1_497' title='bbox 358 5135 681 5211; x_wconf 76' lang='lat' dir='ltr'><strong>necessitas,</strong></span> <span class='ocrx_word' id='word_1_498' title='bbox 717 5148 774 5190; x_wconf 88' lang='lat' dir='ltr'><strong>ttt</strong></span> <span class='ocrx_word' id='word_1_499' title='bbox 805 5130 999 5211; x_wconf 50' lang='lat' dir='ltr'><strong>spcto,</strong></span> <span class='ocrx_word' id='word_1_500' title='bbox 1027 5141 1310 5194; x_wconf 77' lang='lat' dir='ltr'><strong>audaciam</strong></span> <span class='ocrx_word' id='word_1_501' title='bbox 1342 5148 1648 5211; x_wconf 80' lang='lat' dir='ltr'><strong>excusabit;</strong></span> <span class='ocrx_word' id='word_1_502' title='bbox 1679 5130 1802 5201; x_wconf 47' lang='lat' dir='ltr'><strong>nul;</strong></span> 
     </span>
    </p>
   </div>
   <div class='ocr_carea' id='block_1_70' title="bbox 225 5203 1800 5284">
    <p class='ocr_par' dir='ltr' id='par_1_70' title="bbox 225 5203 1800 5284">
     <span class='ocr_line' id='line_1_70' title="bbox 225 5203 1800 5284; baseline 0.01 -29"><span class='ocrx_word' id='word_1_503' title='bbox 225 5203 344 5284; x_wconf 62' lang='lat' dir='ltr'><strong>lunt</strong></span> <span class='ocrx_word' id='word_1_504' title='bbox 382 5205 528 5256; x_wconf 89' lang='lat' dir='ltr'><strong>enim</strong></span> <span class='ocrx_word' id='word_1_505' title='bbox 571 5203 923 5284; x_wconf 80' lang='lat' dir='ltr'><strong>sensutn_hic</strong></span> <span class='ocrx_word' id='word_1_506' title='bbox 976 5207 1155 5284; x_wconf 76' lang='lat' dir='ltr'><strong>fundit</strong></span> <span class='ocrx_word' id='word_1_507' title='bbox 1203 5216 1558 5284; x_wconf 84' lang='grc' dir='ltr'>πραχθέντος.</span> <span class='ocrx_word' id='word_1_508' title='bbox 1593 5203 1800 5273; x_wconf 68' lang='lat' dir='ltr'><strong>contra</strong></span> 
     </span>
    </p>
   </div>
   <div class='ocr_carea' id='block_1_71' title="bbox 221 5273 1799 5356">
    <p class='ocr_par' dir='ltr' id='par_1_71' title="bbox 221 5273 1799 5356">
     <span class='ocr_line' id='line_1_71' title="bbox 221 5273 1799 5356; baseline 0.012 -33"><span class='ocrx_word' id='word_1_509' title='bbox 221 5273 507 5356; x_wconf 60' lang='grc' dir='ltr'>εύχέρειαν</span> <span class='ocrx_word' id='word_1_510' title='bbox 547 5283 600 5329; x_wconf 85' lang='lat' dir='ltr'><strong>et</strong></span> <span class='ocrx_word' id='word_1_511' title='bbox 655 5277 984 5356; x_wconf 39' lang='lat' dir='ltr'><strong>mergetur;</strong></span> <span class='ocrx_word' id='word_1_512' title='bbox 1017 5273 1351 5356; x_wconf 62' lang='lat' dir='ltr'><strong>Christianis</strong></span> <span class='ocrx_word' id='word_1_513' title='bbox 1393 5273 1799 5356; x_wconf 67' lang='lat' dir='ltr'><strong>exprcbraverat</strong></span> 
     </span>
    </p>
   </div>
   <div class='ocr_carea' id='block_1_72' title="bbox 221 5341 1800 5429">
    <p class='ocr_par' dir='ltr' id='par_1_72' title="bbox 221 5341 1800 5429">
     <span class='ocr_line' id='line_1_72' title="bbox 221 5341 1800 5429; baseline 0.011 -34"><span class='ocrx_word' id='word_1_514' title='bbox 221 5341 523 5429; x_wconf 59' lang='lat' dir='ltr'><strong>ilict-celes,</strong></span> <span class='ocrx_word' id='word_1_515' title='bbox 548 5361 709 5414; x_wconf 84' lang='lat' dir='ltr'><strong>quam</strong></span> <span class='ocrx_word' id='word_1_516' title='bbox 725 5341 940 5429; x_wconf 63' lang='lat' dir='ltr'><strong>passim</strong></span> <span class='ocrx_word' id='word_1_517' title='bbox 975 5350 1156 5429; x_wconf 76' lang='lat' dir='ltr'><strong>in_ltoc</strong></span> <span class='ocrx_word' id='word_1_518' title='bbox 1177 5341 1800 5429; x_wconf 57' lang='lat' dir='ltr'><strong>_opttsmtlo&#39;retorquen—</strong></span> 
     </span>
    </p>
   </div>
   <div class='ocr_carea' id='block_1_73' title="bbox 216 5415 1798 5500">
    <p class='ocr_par' dir='ltr' id='par_1_73' title="bbox 216 5415 1798 5500">
     <span class='ocr_line' id='line_1_73' title="bbox 216 5415 1798 5500; baseline 0.013 -35"><span class='ocrx_word' id='word_1_519' title='bbox 216 5422 326 5500; x_wconf 58' lang='lat' dir='ltr'><strong>tein</strong></span> <span class='ocrx_word' id='word_1_520' title='bbox 371 5415 984 5500; x_wconf 49' lang='lat' dir='ltr'><strong>vidtmtts‘ralutnttiam</strong></span> <span class='ocrx_word' id='word_1_521' title='bbox 1029 5415 1363 5481; x_wconf 70' lang='grc' dir='ltr'><strong>Ευδυιήἰηῐιε</strong></span> <span class='ocrx_word' id='word_1_522' title='bbox 1400 5431 1575 5498; x_wconf 83' lang='lat' dir='ltr'><strong>ipsum</strong></span> <span class='ocrx_word' id='word_1_523' title='bbox 1618 5415 1798 5500; x_wconf 50' lang='lat' dir='ltr'><strong>plotius</strong></span> 
     </span>
    </p>
   </div>
   <div class='ocr_carea' id='block_1_74' title="bbox 217 5483 1801 5565">
    <p class='ocr_par' dir='ltr' id='par_1_74' title="bbox 217 5483 1801 5565">
     <span class='ocr_line' id='line_1_74' title="bbox 217 5483 1801 5565; baseline 0.011 -29"><span class='ocrx_word' id='word_1_524' title='bbox 217 5483 546 5565; x_wconf 77' lang='lat' dir='ltr'><strong>Hieroclem,</strong></span> <span class='ocrx_word' id='word_1_525' title='bbox 589 5485 1087 5565; x_wconf 69' lang='lat' dir='ltr'><strong>Philostratutnqtte</strong></span> <span class='ocrx_word' id='word_1_526' title='bbox 1131 5483 1434 5565; x_wconf 48' lang='lat' dir='ltr'><strong>tantopere.</strong></span> <span class='ocrx_word' id='word_1_527' title='bbox 1456 5501 1524 5554; x_wconf 88' lang='lat' dir='ltr'><strong>ab</strong></span> <span class='ocrx_word' id='word_1_528' title='bbox 1550 5483 1801 5555; x_wconf 50' lang='lat' dir='ltr'><strong>eorcom;</strong></span> 
     </span>
    </p>
   </div>
   <div class='ocr_carea' id='block_1_75' title="bbox 219 5556 1797 5637">
    <p class='ocr_par' dir='ltr' id='par_1_75' title="bbox 219 5556 1797 5637">
     <span class='ocr_line' id='line_1_75' title="bbox 219 5556 1797 5637; baseline 0.012 -32"><span class='ocrx_word' id='word_1_529' title='bbox 219 5556 557 5637; x_wconf 78' lang='lat' dir='ltr'><strong>tttendattttn,</strong></span> <span class='ocrx_word' id='word_1_530' title='bbox 587 5558 882 5637; x_wconf 36' lang='grc' dir='ltr'>εὐχερείας.</span> <span class='ocrx_word' id='word_1_531' title='bbox 905 5571 958 5637; x_wconf 84' lang='lat' dir='ltr'><strong>et</strong></span> <span class='ocrx_word' id='word_1_532' title='bbox 993 5556 1330 5637; x_wconf 66' lang='grc' dir='ltr'>κουφότητος</span> <span class='ocrx_word' id='word_1_533' title='bbox 1373 5585 1496 5624; x_wconf 91' lang='lat' dir='ltr'><strong>reos</strong></span> <span class='ocrx_word' id='word_1_534' title='bbox 1542 5586 1666 5626; x_wconf 86' lang='lat' dir='ltr'><strong>esse</strong></span> <span class='ocrx_word' id='word_1_535' title='bbox 1699 5570 1797 5624; x_wconf 83' lang='lat' dir='ltr'><strong>de-</strong></span> 
     </span>
    </p>
   </div>
   <div class='ocr_carea' id='block_1_76' title="bbox 220 5631 1799 5712">
    <p class='ocr_par' dir='ltr' id='par_1_76' title="bbox 220 5631 1799 5712">
     <span class='ocr_line' id='line_1_76' title="bbox 220 5631 1799 5712; baseline 0.012 -36"><span class='ocrx_word' id='word_1_536' title='bbox 220 5634 616 5712; x_wconf 68' lang='lat' dir='ltr'><strong>monstrantettt</strong></span> <span class='ocrx_word' id='word_1_537' title='bbox 643 5648 655 5684; x_wconf 91' lang='lat'><strong>:</strong></span> <span class='ocrx_word' id='word_1_538' title='bbox 693 5631 836 5712; x_wconf 75' lang='lat' dir='ltr'><strong>quod</strong></span> <span class='ocrx_word' id='word_1_539' title='bbox 870 5632 957 5684; x_wconf 88' lang='lat' dir='ltr'><strong>hic</strong></span> <span class='ocrx_word' id='word_1_540' title='bbox 985 5631 1207 5712; x_wconf 82' lang='lat' dir='ltr'><strong>quoque</strong></span> <span class='ocrx_word' id='word_1_541' title='bbox 1220 5631 1351 5712; x_wconf 53' lang='lat' dir='ltr'><strong>:eum</strong></span> <span class='ocrx_word' id='word_1_542' title='bbox 1382 5639 1561 5696; x_wconf 90' lang='lat' dir='ltr'><strong>facere</strong></span> <span class='ocrx_word' id='word_1_543' title='bbox 1591 5642 1799 5712; x_wconf 91' lang='lat' dir='ltr'><strong>liquido</strong></span> 
     </span>
    </p>
   </div>
   <div class='ocr_carea' id='block_1_77' title="bbox 218 5701 1798 5782">
    <p class='ocr_par' dir='ltr' id='par_1_77' title="bbox 218 5701 1798 5782">
     <span class='ocr_line' id='line_1_77' title="bbox 218 5701 1798 5782; baseline 0.012 -35"><span class='ocrx_word' id='word_1_544' title='bbox 218 5705 473 5782; x_wconf 58' lang='lat' dir='ltr'><strong>epttstare</strong></span> <span class='ocrx_word' id='word_1_545' title='bbox 518 5707 668 5782; x_wconf 72' lang='lat' dir='ltr'><strong>puto.</strong></span> <span class='ocrx_word' id='word_1_546' title='bbox 717 5701 1329 5782; x_wconf 37' lang='lat' dir='ltr'><strong>(laterum—sivehillud</strong></span> <span class='ocrx_word' id='word_1_547' title='bbox 1375 5701 1678 5782; x_wconf 71' lang='grc' dir='ltr'>γραφέντος</span> <span class='ocrx_word' id='word_1_548' title='bbox 1729 5713 1798 5766; x_wconf 87' lang='lat' dir='ltr'><strong>ad</strong></span> 
     </span>
    </p>
   </div>
   <div class='ocr_carea' id='block_1_78' title="bbox 219 5763 1799 5838">
    <p class='ocr_par' dir='ltr' id='par_1_78' title="bbox 219 5763 1799 5838">
     <span class='ocr_line' id='line_1_78' title="bbox 219 5763 1799 5838; baseline 0.011 -22"><span class='ocrx_word' id='word_1_549' title='bbox 219 5763 530 5823; x_wconf 83' lang='lat' dir='ltr'><strong>Hieroclem</strong></span> <span class='ocrx_word' id='word_1_550' title='bbox 557 5770 786 5832; x_wconf 84' lang='lat' dir='ltr'><strong>referas,</strong></span> <span class='ocrx_word' id='word_1_551' title='bbox 833 5771 948 5826; x_wconf 89' lang='lat' dir='ltr'><strong>sive</strong></span> <span class='ocrx_word' id='word_1_552' title='bbox 980 5775 1045 5826; x_wconf 91' lang='lat' dir='ltr'><strong>ad</strong></span> <span class='ocrx_word' id='word_1_553' title='bbox 1079 5763 1466 5835; x_wconf 71' lang='lat' dir='ltr'><strong>Philostratum</strong></span> <span class='ocrx_word' id='word_1_554' title='bbox 1498 5763 1608 5838; x_wconf 8' lang='lat' dir='ltr'><strong>born</strong></span> <span class='ocrx_word' id='word_1_555' title='bbox 1629 5763 1799 5836; x_wconf 63' lang='grc' dir='ltr'><strong>⁷ἷῑιιιιῖι</strong></span> 
     </span>
    </p>
   </div>
   <div class='ocr_carea' id='block_1_79' title="bbox 215 5839 1795 5926">
    <p class='ocr_par' dir='ltr' id='par_1_79' title="bbox 215 5839 1795 5926">
     <span class='ocr_line' id='line_1_79' title="bbox 215 5839 1795 5926; baseline 0.013 -38"><span class='ocrx_word' id='word_1_556' title='bbox 215 5841 329 5889; x_wconf 84' lang='lat' dir='ltr'><strong>tum</strong></span> <span class='ocrx_word' id='word_1_557' title='bbox 357 5839 631 5909; x_wconf 83' lang='lat' dir='ltr'><strong>intererit,</strong></span> <span class='ocrx_word' id='word_1_558' title='bbox 668 5856 791 5896; x_wconf 85' lang='lat' dir='ltr'><strong>nam</strong></span> <span class='ocrx_word' id='word_1_559' title='bbox 820 5852 999 5913; x_wconf 85' lang='lat' dir='ltr'><strong>potest</strong></span> <span class='ocrx_word' id='word_1_560' title='bbox 1024 5849 1256 5917; x_wconf 78' lang='grc' dir='ltr'>γραφείς</span> <span class='ocrx_word' id='word_1_561' title='bbox 1283 5867 1407 5908; x_wconf 89' lang='lat' dir='ltr'><strong>esse</strong></span> <span class='ocrx_word' id='word_1_562' title='bbox 1433 5853 1522 5910; x_wconf 90' lang='lat' dir='ltr'><strong>ille</strong></span> <span class='ocrx_word' id='word_1_563' title='bbox 1554 5868 1795 5926; x_wconf 84' lang='lat' dir='ltr'><strong>quoque,</strong></span> 
     </span>
    </p>
   </div>
   <div class='ocr_carea' id='block_1_80' title="bbox 1917 2002 3502 2074">
    <p class='ocr_par' dir='ltr' id='par_1_80' title="bbox 1917 2002 3502 2074">
     <span class='ocr_line' id='line_1_80' title="bbox 1917 2002 3502 2074; baseline 0 -18"><span class='ocrx_word' id='word_1_564' title='bbox 1917 2002 2039 2056; x_wconf 89' lang='lat' dir='ltr'><strong>liari</strong></span> <span class='ocrx_word' id='word_1_565' title='bbox 2076 2004 2230 2066; x_wconf 91' lang='lat' dir='ltr'><strong>nolit,</strong></span> <span class='ocrx_word' id='word_1_566' title='bbox 2269 2003 2708 2058; x_wconf 86' lang='lat' dir='ltr'><strong>sacrificantibus</strong></span> <span class='ocrx_word' id='word_1_567' title='bbox 2751 2003 2877 2057; x_wconf 91' lang='lat' dir='ltr'><strong>licet</strong></span> <span class='ocrx_word' id='word_1_568' title='bbox 2911 2011 3075 2074; x_wconf 79' lang='lat' dir='ltr'><strong>atque</strong></span> <span class='ocrx_word' id='word_1_569' title='bbox 3126 2003 3425 2058; x_wconf 88' lang='lat' dir='ltr'><strong>libantibus</strong></span> <span class='ocrx_word' id='word_1_570' title='bbox 3449 2003 3502 2056; x_wconf 88' lang='lat' dir='ltr'><strong>ei</strong></span> 
     </span>
    </p>
   </div>
   <div class='ocr_carea' id='block_1_81' title="bbox 1916 2093 3502 2166">
    <p class='ocr_par' dir='ltr' id='par_1_81' title="bbox 1916 2093 3502 2166">
     <span class='ocr_line' id='line_1_81' title="bbox 1916 2093 3502 2166; baseline 0 -18"><span class='ocrx_word' id='word_1_571' title='bbox 1916 2095 2313 2149; x_wconf 81' lang='lat' dir='ltr'><strong>indesinenter.</strong></span> <span class='ocrx_word' id='word_1_572' title='bbox 2345 2093 2450 2149; x_wconf 90' lang='lat' dir='ltr'><strong>Sed</strong></span> <span class='ocrx_word' id='word_1_573' title='bbox 2490 2104 2541 2148; x_wconf 85' lang='lat' dir='ltr'><strong>et</strong></span> <span class='ocrx_word' id='word_1_574' title='bbox 2568 2094 2876 2150; x_wconf 79' lang='lat' dir='ltr'><strong>Palamedis</strong></span> <span class='ocrx_word' id='word_1_575' title='bbox 2913 2097 3223 2166; x_wconf 88' lang='lat' dir='ltr'><strong>sepulcrum</strong></span> <span class='ocrx_word' id='word_1_576' title='bbox 3252 2111 3358 2149; x_wconf 93' lang='lat' dir='ltr'><strong>una</strong></span> <span class='ocrx_word' id='word_1_577' title='bbox 3375 2110 3502 2150; x_wconf 90' lang='lat' dir='ltr'><strong>cum</strong></span> 
     </span>
    </p>
   </div>
   <div class='ocr_carea' id='block_1_82' title="bbox 1916 2188 3258 2259">
    <p class='ocr_par' dir='ltr' id='par_1_82' title="bbox 1916 2188 3258 2259">
     <span class='ocr_line' id='line_1_82' title="bbox 1916 2188 3258 2259; baseline -0.001 -16"><span class='ocrx_word' id='word_1_578' title='bbox 1916 2188 2063 2243; x_wconf 89' lang='lat' dir='ltr'><strong>illius</strong></span> <span class='ocrx_word' id='word_1_579' title='bbox 2090 2195 2272 2244; x_wconf 82' lang='lat' dir='ltr'><strong>statua</strong></span> <span class='ocrx_word' id='word_1_580' title='bbox 2302 2188 2442 2242; x_wconf 90' lang='lat' dir='ltr'><strong>male</strong></span> <span class='ocrx_word' id='word_1_581' title='bbox 2472 2188 2714 2242; x_wconf 89' lang='lat' dir='ltr'><strong>dirutum</strong></span> <span class='ocrx_word' id='word_1_582' title='bbox 2750 2190 3054 2244; x_wconf 86' lang='lat' dir='ltr'><strong>restaurari</strong></span> <span class='ocrx_word' id='word_1_583' title='bbox 3080 2188 3258 2259; x_wconf 87' lang='lat' dir='ltr'><strong>jubet.</strong></span> 
     </span>
    </p>
   </div>
   <div class='ocr_carea' id='block_1_83' title="bbox 2389 2297 3018 2369">
    <p class='ocr_par' dir='ltr' id='par_1_83' title="bbox 2389 2297 3018 2369">
     <span class='ocr_line' id='line_1_83' title="bbox 2389 2297 3018 2369; baseline 0.006 -18"><span class='ocrx_word' id='word_1_584' title='bbox 2389 2299 2549 2369; x_wconf 82' lang='lat'><strong>530</strong></span> <span class='ocrx_word' id='word_1_585' title='bbox 2586 2297 2810 2354; x_wconf 86' lang='lat' dir='ltr'><strong>CAPUT</strong></span> <span class='ocrx_word' id='word_1_586' title='bbox 2851 2297 3018 2355; x_wconf 78' lang='lat' dir='ltr'><strong>xxx.</strong></span> 
     </span>
    </p>
   </div>
   <div class='ocr_carea' id='block_1_84' title="bbox 1987 2393 3500 2465">
    <p class='ocr_par' dir='ltr' id='par_1_84' title="bbox 1987 2393 3500 2465">
     <span class='ocr_line' id='line_1_84' title="bbox 1987 2393 3500 2465; baseline 0.001 -18"><span class='ocrx_word' id='word_1_587' title='bbox 1987 2393 2246 2459; x_wconf 87' lang='lat' dir='ltr'><strong>Quintum</strong></span> <span class='ocrx_word' id='word_1_588' title='bbox 2273 2409 2439 2464; x_wconf 92' lang='lat' dir='ltr'><strong>porro</strong></span> <span class='ocrx_word' id='word_1_589' title='bbox 2484 2402 2811 2464; x_wconf 79' lang='lat' dir='ltr'><strong>sextumque</strong></span> <span class='ocrx_word' id='word_1_590' title='bbox 2851 2395 3179 2449; x_wconf 88' lang='lat' dir='ltr'><strong>miraculum</strong></span> <span class='ocrx_word' id='word_1_591' title='bbox 3208 2409 3318 2449; x_wconf 87' lang='lat' dir='ltr'><strong>non</strong></span> <span class='ocrx_word' id='word_1_592' title='bbox 3359 2409 3500 2465; x_wconf 85' lang='lat' dir='ltr'><strong>opus</strong></span> 
     </span>
    </p>
   </div>
   <div class='ocr_carea' id='block_1_85' title="bbox 1916 2481 3502 2556">
    <p class='ocr_par' dir='ltr' id='par_1_85' title="bbox 1916 2481 3502 2556">
     <span class='ocr_line' id='line_1_85' title="bbox 1916 2481 3502 2556; baseline 0.002 -20"><span class='ocrx_word' id='word_1_593' title='bbox 1916 2481 2137 2542; x_wconf 86' lang='lat' dir='ltr'><strong>habent,</strong></span> <span class='ocrx_word' id='word_1_594' title='bbox 2166 2492 2224 2537; x_wconf 92' lang='lat' dir='ltr'><strong>ut</strong></span> <span class='ocrx_word' id='word_1_595' title='bbox 2257 2485 2416 2554; x_wconf 81' lang='lat' dir='ltr'><strong>longa</strong></span> <span class='ocrx_word' id='word_1_596' title='bbox 2449 2485 2528 2539; x_wconf 92' lang='lat' dir='ltr'><strong>eis</strong></span> <span class='ocrx_word' id='word_1_597' title='bbox 2557 2487 2809 2541; x_wconf 88' lang='lat' dir='ltr'><strong>oratione</strong></span> <span class='ocrx_word' id='word_1_598' title='bbox 2854 2487 3229 2551; x_wconf 84' lang='lat' dir='ltr'><strong>immoremur,</strong></span> <span class='ocrx_word' id='word_1_599' title='bbox 3258 2501 3366 2556; x_wconf 87' lang='lat' dir='ltr'><strong>qua</strong></span> <span class='ocrx_word' id='word_1_600' title='bbox 3407 2501 3502 2556; x_wconf 83' lang='lat' dir='ltr'><strong>pa-</strong></span> 
     </span>
    </p>
   </div>
   <div class='ocr_carea' id='block_1_86' title="bbox 1916 2576 3494 2647">
    <p class='ocr_par' dir='ltr' id='par_1_86' title="bbox 1916 2576 3494 2647">
     <span class='ocr_line' id='line_1_86' title="bbox 1916 2576 3494 2647; baseline 0.003 -18"><span class='ocrx_word' id='word_1_601' title='bbox 1916 2583 2023 2630; x_wconf 87' lang='lat' dir='ltr'><strong>teat</strong></span> <span class='ocrx_word' id='word_1_602' title='bbox 2048 2576 2242 2630; x_wconf 89' lang='lat' dir='ltr'><strong>stolida</strong></span> <span class='ocrx_word' id='word_1_603' title='bbox 2263 2577 2552 2646; x_wconf 88' lang='lat' dir='ltr'><strong>scriptoris</strong></span> <span class='ocrx_word' id='word_1_604' title='bbox 2582 2577 2908 2646; x_wconf 86' lang='lat' dir='ltr'><strong>simplicitas</strong></span> <span class='ocrx_word' id='word_1_605' title='bbox 2943 2597 2955 2630; x_wconf 90' lang='lat'>:</span> <span class='ocrx_word' id='word_1_606' title='bbox 2995 2578 3273 2632; x_wconf 78' lang='lat' dir='ltr'><strong>daemonas</strong></span> <span class='ocrx_word' id='word_1_607' title='bbox 3297 2593 3494 2647; x_wconf 86' lang='lat' dir='ltr'><strong>nempe</strong></span> 
     </span>
    </p>
   </div>
   <div class='ocr_carea' id='block_1_87' title="bbox 1915 2669 3496 2741">
    <p class='ocr_par' dir='ltr' id='par_1_87' title="bbox 1915 2669 3496 2741">
     <span class='ocr_line' id='line_1_87' title="bbox 1915 2669 3496 2741; baseline 0.001 -18"><span class='ocrx_word' id='word_1_608' title='bbox 1915 2670 2189 2734; x_wconf 84' lang='lat' dir='ltr'><strong>exturbat,</strong></span> <span class='ocrx_word' id='word_1_609' title='bbox 2217 2669 2405 2732; x_wconf 88' lang='lat' dir='ltr'><strong>alium,</strong></span> <span class='ocrx_word' id='word_1_610' title='bbox 2434 2678 2493 2723; x_wconf 85' lang='lat' dir='ltr'><strong>ut</strong></span> <span class='ocrx_word' id='word_1_611' title='bbox 2528 2671 2686 2740; x_wconf 74' lang='lat' dir='ltr'><strong>vulgo</strong></span> <span class='ocrx_word' id='word_1_612' title='bbox 2707 2672 2882 2734; x_wconf 87' lang='lat' dir='ltr'><strong>aiunt,</strong></span> <span class='ocrx_word' id='word_1_613' title='bbox 2908 2686 3010 2741; x_wconf 90' lang='lat' dir='ltr'><strong>ope</strong></span> <span class='ocrx_word' id='word_1_614' title='bbox 3036 2671 3280 2725; x_wconf 87' lang='lat' dir='ltr'><strong>alterius.</strong></span> <span class='ocrx_word' id='word_1_615' title='bbox 3313 2670 3496 2724; x_wconf 89' lang='lat' dir='ltr'><strong>Alium</strong></span> 
     </span>
    </p>
   </div>
   <div class='ocr_carea' id='block_1_88' title="bbox 1917 2759 3500 2832">
    <p class='ocr_par' dir='ltr' id='par_1_88' title="bbox 1917 2759 3500 2832">
     <span class='ocr_line' id='line_1_88' title="bbox 1917 2759 3500 2832; baseline 0.003 -20"><span class='ocrx_word' id='word_1_616' title='bbox 1917 2775 2112 2828; x_wconf 89' lang='lat' dir='ltr'><strong>nempe</strong></span> <span class='ocrx_word' id='word_1_617' title='bbox 2145 2775 2209 2814; x_wconf 85' lang='lat' dir='ltr'><strong>ex</strong></span> <span class='ocrx_word' id='word_1_618' title='bbox 2240 2759 2590 2816; x_wconf 85' lang='lat' dir='ltr'><strong>adolescente</strong></span> <span class='ocrx_word' id='word_1_619' title='bbox 2623 2761 2978 2826; x_wconf 75' lang='lat' dir='ltr'><strong>infrunito”,</strong></span> <span class='ocrx_word' id='word_1_620' title='bbox 3010 2763 3176 2817; x_wconf 89' lang='lat' dir='ltr'><strong>alium</strong></span> <span class='ocrx_word' id='word_1_621' title='bbox 3210 2777 3376 2832; x_wconf 88' lang='lat' dir='ltr'><strong>porro</strong></span> <span class='ocrx_word' id='word_1_622' title='bbox 3403 2761 3500 2832; x_wconf 86' lang='lat' dir='ltr'><strong>qui</strong></span> 
     </span>
    </p>
   </div>
   <div class='ocr_carea' id='block_1_89' title="bbox 1915 2849 3498 2924">
    <p class='ocr_par' dir='ltr' id='par_1_89' title="bbox 1915 2849 3498 2924">
     <span class='ocr_line' id='line_1_89' title="bbox 1915 2849 3498 2924; baseline 0.004 -22"><span class='ocrx_word' id='word_1_623' title='bbox 1915 2849 2054 2904; x_wconf 87' lang='lat' dir='ltr'><strong>facie</strong></span> <span class='ocrx_word' id='word_1_624' title='bbox 2081 2852 2330 2906; x_wconf 89' lang='lat' dir='ltr'><strong>muliebri</strong></span> <span class='ocrx_word' id='word_1_625' title='bbox 2371 2861 2519 2908; x_wconf 86' lang='lat' dir='ltr'><strong>esset</strong></span> <span class='ocrx_word' id='word_1_626' title='bbox 2554 2853 2861 2910; x_wconf 69' lang='lat' dir='ltr'><strong>indutus“.</strong></span> <span class='ocrx_word' id='word_1_627' title='bbox 2889 2854 3066 2924; x_wconf 83' lang='lat' dir='ltr'><strong>Atque</strong></span> <span class='ocrx_word' id='word_1_628' title='bbox 3101 2854 3247 2908; x_wconf 87' lang='lat' dir='ltr'><strong>hunc</strong></span> <span class='ocrx_word' id='word_1_629' title='bbox 3276 2855 3498 2924; x_wconf 91' lang='lat' dir='ltr'><strong>quidem</strong></span> 
     </span>
    </p>
   </div>
   <div class='ocr_carea' id='block_1_90' title="bbox 1921 2940 3504 3016">
    <p class='ocr_par' dir='ltr' id='par_1_90' title="bbox 1921 2940 3504 3016">
     <span class='ocr_line' id='line_1_90' title="bbox 1921 2940 3504 3016; baseline 0.004 -24"><span class='ocrx_word' id='word_1_630' title='bbox 1921 2940 2226 2996; x_wconf 69' lang='lat' dir='ltr'><strong>«Lamiam»</strong></span> <span class='ocrx_word' id='word_1_631' title='bbox 2251 2953 2302 2998; x_wconf 90' lang='lat' dir='ltr'><strong>et</strong></span> <span class='ocrx_word' id='word_1_632' title='bbox 2322 2943 2862 3016; x_wconf 68' lang='lat' dir='ltr'><strong>tEmpttsam,tipsis</strong></span> <span class='ocrx_word' id='word_1_633' title='bbox 2891 2948 3042 3001; x_wconf 89' lang='lat' dir='ltr'><strong>hisce</strong></span> <span class='ocrx_word' id='word_1_634' title='bbox 3073 2946 3331 3001; x_wconf 87' lang='lat' dir='ltr'><strong>adhibitis</strong></span> <span class='ocrx_word' id='word_1_635' title='bbox 3353 2945 3504 2999; x_wconf 88' lang='lat' dir='ltr'><strong>voci-</strong></span> 
     </span>
    </p>
   </div>
   <div class='ocr_carea' id='block_1_91' title="bbox 1928 3034 3500 3108">
    <p class='ocr_par' dir='ltr' id='par_1_91' title="bbox 1928 3034 3500 3108">
     <span class='ocr_line' id='line_1_91' title="bbox 1928 3034 3500 3108; baseline 0.003 -20"><span class='ocrx_word' id='word_1_636' title='bbox 1928 3034 2051 3096; x_wconf 86' lang='lat' dir='ltr'><strong>bus,</strong></span> <span class='ocrx_word' id='word_1_637' title='bbox 2084 3036 2530 3105; x_wconf 88' lang='lat' dir='ltr'><strong>sapientissimus</strong></span> <span class='ocrx_word' id='word_1_638' title='bbox 2554 3047 2746 3091; x_wconf 87' lang='lat' dir='ltr'><strong>auctor</strong></span> <span class='ocrx_word' id='word_1_639' title='bbox 2763 3039 3017 3108; x_wconf 86' lang='lat' dir='ltr'><strong>appellat.</strong></span> <span class='ocrx_word' id='word_1_640' title='bbox 3041 3037 3282 3092; x_wconf 83' lang='lat' dir='ltr'><strong>Puellam</strong></span> <span class='ocrx_word' id='word_1_641' title='bbox 3302 3038 3426 3093; x_wconf 88' lang='lat' dir='ltr'><strong>inde</strong></span> <span class='ocrx_word' id='word_1_642' title='bbox 3444 3038 3500 3092; x_wconf 87' lang='lat' dir='ltr'><strong>in</strong></span> 
     </span>
    </p>
   </div>
   <div class='ocr_carea' id='block_1_92' title="bbox 1915 3127 3504 3201">
    <p class='ocr_par' dir='ltr' id='par_1_92' title="bbox 1915 3127 3504 3201">
     <span class='ocr_line' id='line_1_92' title="bbox 1915 3127 3504 3201; baseline 0.004 -21"><span class='ocrx_word' id='word_1_643' title='bbox 1915 3127 2049 3183; x_wconf 68' lang='lat' dir='ltr'><strong>urbe</strong></span> <span class='ocrx_word' id='word_1_644' title='bbox 2075 3129 2320 3184; x_wconf 81' lang='lat' dir='ltr'><strong>Romana</strong></span> <span class='ocrx_word' id='word_1_645' title='bbox 2337 3129 2547 3199; x_wconf 79' lang='lat' dir='ltr'><strong>&quot;quod</strong></span> <span class='ocrx_word' id='word_1_646' title='bbox 2569 3139 2691 3201; x_wconf 90' lang='lat' dir='ltr'><strong>post</strong></span> <span class='ocrx_word' id='word_1_647' title='bbox 2709 3143 2934 3186; x_wconf 81' lang='lat' dir='ltr'><strong>mortem</strong></span> <span class='ocrx_word' id='word_1_648' title='bbox 2957 3131 3011 3184; x_wconf 90' lang='lat' dir='ltr'><strong>in</strong></span> <span class='ocrx_word' id='word_1_649' title='bbox 3035 3131 3198 3185; x_wconf 84' lang='lat' dir='ltr'><strong>vitam</strong></span> <span class='ocrx_word' id='word_1_650' title='bbox 3224 3131 3504 3187; x_wconf 66' lang='lat' dir='ltr'><strong>reduxerit</strong></span> 
     </span>
    </p>
   </div>
   <div class='ocr_carea' id='block_1_93' title="bbox 1839 3219 3495 3311">
    <p class='ocr_par' dir='ltr' id='par_1_93' title="bbox 1839 3219 3495 3311">
     <span class='ocr_line' id='line_1_93' title="bbox 1839 3219 3495 3311; baseline 0.003 -39"><span class='ocrx_word' id='word_1_651' title='bbox 1839 3253 1884 3311; x_wconf 61' lang='grc' dir='ltr'><strong>Ο</strong></span> <span class='ocrx_word' id='word_1_652' title='bbox 1918 3219 2145 3283; x_wconf 89' lang='lat' dir='ltr'><strong>iterum,</strong></span> <span class='ocrx_word' id='word_1_653' title='bbox 2197 3238 2319 3274; x_wconf 90' lang='lat' dir='ltr'><strong>cum</strong></span> <span class='ocrx_word' id='word_1_654' title='bbox 2352 3224 2434 3276; x_wconf 89' lang='lat' dir='ltr'><strong>vel</strong></span> <span class='ocrx_word' id='word_1_655' title='bbox 2461 3224 2566 3292; x_wconf 91' lang='lat' dir='ltr'><strong>ipsi</strong></span> <span class='ocrx_word' id='word_1_656' title='bbox 2600 3222 2933 3278; x_wconf 82' lang='lat' dir='ltr'><strong>Philostrato</strong></span> <span class='ocrx_word' id='word_1_657' title='bbox 2968 3224 3128 3292; x_wconf 88' lang='lat' dir='ltr'><strong>plane</strong></span> <span class='ocrx_word' id='word_1_658' title='bbox 3173 3223 3495 3277; x_wconf 88' lang='lat' dir='ltr'><strong>incredibile</strong></span> 
     </span>
    </p>
   </div>
   <div class='ocr_carea' id='block_1_94' title="bbox 1918 3309 3500 3385">
    <p class='ocr_par' dir='ltr' id='par_1_94' title="bbox 1918 3309 3500 3385">
     <span class='ocr_line' id='line_1_94' title="bbox 1918 3309 3500 3385; baseline 0.003 -21"><span class='ocrx_word' id='word_1_659' title='bbox 1918 3309 2184 3375; x_wconf 82' lang='lat' dir='ltr'><strong>videatur,</strong></span> <span class='ocrx_word' id='word_1_660' title='bbox 2203 3313 2363 3382; x_wconf 88' lang='lat' dir='ltr'><strong>plane</strong></span> <span class='ocrx_word' id='word_1_661' title='bbox 2381 3313 2798 3382; x_wconf 87' lang='lat' dir='ltr'><strong>repudiandum.</strong></span> <span class='ocrx_word' id='word_1_662' title='bbox 2833 3313 2891 3368; x_wconf 90' lang='lat' dir='ltr'><strong>In</strong></span> <span class='ocrx_word' id='word_1_663' title='bbox 2932 3315 3186 3385; x_wconf 85' lang='lat' dir='ltr'><strong>ambiguo</strong></span> <span class='ocrx_word' id='word_1_664' title='bbox 3214 3317 3356 3369; x_wconf 86' lang='lat' dir='ltr'><strong>enim</strong></span> <span class='ocrx_word' id='word_1_665' title='bbox 3391 3316 3500 3370; x_wconf 72' lang='lat' dir='ltr'><strong>hae-</strong></span> 
     </span>
    </p>
   </div>
   <div class='ocr_carea' id='block_1_95' title="bbox 1917 3405 3496 3476">
    <p class='ocr_par' dir='ltr' id='par_1_95' title="bbox 1917 3405 3496 3476">
     <span class='ocr_line' id='line_1_95' title="bbox 1917 3405 3496 3476; baseline 0.004 -22"><span class='ocrx_word' id='word_1_666' title='bbox 1917 3411 2018 3462; x_wconf 82' lang='lat' dir='ltr'><strong>ret,</strong></span> <span class='ocrx_word' id='word_1_667' title='bbox 2052 3419 2181 3455; x_wconf 90' lang='lat' dir='ltr'><strong>num</strong></span> <span class='ocrx_word' id='word_1_668' title='bbox 2232 3405 2415 3458; x_wconf 86' lang='lat' dir='ltr'><strong>vitalis</strong></span> <span class='ocrx_word' id='word_1_669' title='bbox 2442 3420 2588 3458; x_wconf 67' lang='lat' dir='ltr'><strong>aurae</strong></span> <span class='ocrx_word' id='word_1_670' title='bbox 2630 3406 2890 3469; x_wconf 87' lang='lat' dir='ltr'><strong>scintilla,</strong></span> <span class='ocrx_word' id='word_1_671' title='bbox 2929 3408 2984 3460; x_wconf 94' lang='lat' dir='ltr'><strong>in</strong></span> <span class='ocrx_word' id='word_1_672' title='bbox 3022 3408 3202 3476; x_wconf 89' lang='lat' dir='ltr'><strong>puella</strong></span> <span class='ocrx_word' id='word_1_673' title='bbox 3251 3405 3496 3469; x_wconf 89' lang='lat' dir='ltr'><strong>residua,</strong></span> 
     </span>
    </p>
   </div>
   <div class='ocr_carea' id='block_1_96' title="bbox 1918 3495 3496 3567">
    <p class='ocr_par' dir='ltr' id='par_1_96' title="bbox 1918 3495 3496 3567">
     <span class='ocr_line' id='line_1_96' title="bbox 1918 3495 3496 3567; baseline 0.004 -22"><span class='ocrx_word' id='word_1_674' title='bbox 1918 3495 2158 3549; x_wconf 83' lang='lat' dir='ltr'><strong>medicos</strong></span> <span class='ocrx_word' id='word_1_675' title='bbox 2204 3497 2444 3551; x_wconf 88' lang='lat' dir='ltr'><strong>latuerit.</strong></span> <span class='ocrx_word' id='word_1_676' title='bbox 2488 3495 2711 3550; x_wconf 88' lang='lat' dir='ltr'><strong>Famam</strong></span> <span class='ocrx_word' id='word_1_677' title='bbox 2763 3498 2908 3552; x_wconf 88' lang='lat' dir='ltr'><strong>enim</strong></span> <span class='ocrx_word' id='word_1_678' title='bbox 2959 3513 3084 3553; x_wconf 89' lang='lat' dir='ltr'><strong>esse</strong></span> <span class='ocrx_word' id='word_1_679' title='bbox 3125 3499 3220 3562; x_wconf 88' lang='lat' dir='ltr'><strong>ait,</strong></span> <span class='ocrx_word' id='word_1_680' title='bbox 3257 3499 3496 3567; x_wconf 89' lang='lat' dir='ltr'><strong>pluviam</strong></span> 
     </span>
    </p>
   </div>
   <div class='ocr_carea' id='block_1_97' title="bbox 1917 3587 3499 3659">
    <p class='ocr_par' dir='ltr' id='par_1_97' title="bbox 1917 3587 3499 3659">
     <span class='ocr_line' id='line_1_97' title="bbox 1917 3587 3499 3659; baseline 0.005 -23"><span class='ocrx_word' id='word_1_681' title='bbox 1917 3591 2028 3638; x_wconf 88' lang='lat' dir='ltr'><strong>tum</strong></span> <span class='ocrx_word' id='word_1_682' title='bbox 2054 3587 2320 3641; x_wconf 86' lang='lat' dir='ltr'><strong>cecidisse</strong></span> <span class='ocrx_word' id='word_1_683' title='bbox 2359 3588 2810 3656; x_wconf 85' lang='lat' dir='ltr'><strong>placidissimam.</strong></span> <span class='ocrx_word' id='word_1_684' title='bbox 2847 3605 2914 3644; x_wconf 78' lang='lat' dir='ltr'><strong>ex</strong></span> <span class='ocrx_word' id='word_1_685' title='bbox 2957 3589 3148 3659; x_wconf 73' lang='lat' dir='ltr'><strong>puellae</strong></span> <span class='ocrx_word' id='word_1_686' title='bbox 3197 3605 3327 3644; x_wconf 89' lang='lat' dir='ltr'><strong>vero</strong></span> <span class='ocrx_word' id='word_1_687' title='bbox 3356 3589 3499 3644; x_wconf 85' lang='lat' dir='ltr'><strong>facie</strong></span> 
     </span>
    </p>
   </div>
   <div class='ocr_carea' id='block_1_98' title="bbox 1916 3679 3498 3751">
    <p class='ocr_par' dir='ltr' id='par_1_98' title="bbox 1916 3679 3498 3751">
     <span class='ocr_line' id='line_1_98' title="bbox 1916 3679 3498 3751; baseline 0.003 -22"><span class='ocrx_word' id='word_1_688' title='bbox 1916 3692 2168 3746; x_wconf 81' lang='lat' dir='ltr'><strong>vaporem</strong></span> <span class='ocrx_word' id='word_1_689' title='bbox 2208 3679 2520 3734; x_wconf 84' lang='lat' dir='ltr'><strong>exhalasse.</strong></span> <span class='ocrx_word' id='word_1_690' title='bbox 2561 3680 2631 3732; x_wconf 88' lang='lat' dir='ltr'><strong>At</strong></span> <span class='ocrx_word' id='word_1_691' title='bbox 2665 3688 2834 3744; x_wconf 90' lang='lat' dir='ltr'><strong>certe,</strong></span> <span class='ocrx_word' id='word_1_692' title='bbox 2877 3681 2924 3736; x_wconf 92' lang='lat' dir='ltr'><strong>si</strong></span> <span class='ocrx_word' id='word_1_693' title='bbox 2975 3697 3100 3736; x_wconf 85' lang='lat' dir='ltr'><strong>vere</strong></span> <span class='ocrx_word' id='word_1_694' title='bbox 3131 3681 3236 3736; x_wconf 88' lang='lat' dir='ltr'><strong>tale</strong></span> <span class='ocrx_word' id='word_1_695' title='bbox 3278 3681 3406 3751; x_wconf 90' lang='lat' dir='ltr'><strong>quid</strong></span> <span class='ocrx_word' id='word_1_696' title='bbox 3440 3680 3498 3734; x_wconf 92' lang='lat' dir='ltr'><strong>in</strong></span> 
     </span>
    </p>
   </div>
   <div class='ocr_carea' id='block_1_99' title="bbox 1914 3770 3498 3844">
    <p class='ocr_par' dir='ltr' id='par_1_99' title="bbox 1914 3770 3498 3844">
     <span class='ocr_line' id='line_1_99' title="bbox 1914 3770 3498 3844; baseline 0.001 -20"><span class='ocrx_word' id='word_1_697' title='bbox 1914 3770 2032 3839; x_wconf 90' lang='lat' dir='ltr'><strong>ipsa</strong></span> <span class='ocrx_word' id='word_1_698' title='bbox 2077 3772 2210 3826; x_wconf 89' lang='lat' dir='ltr'><strong>urbe</strong></span> <span class='ocrx_word' id='word_1_699' title='bbox 2237 3770 2488 3825; x_wconf 86' lang='lat' dir='ltr'><strong>Romana</strong></span> <span class='ocrx_word' id='word_1_700' title='bbox 2530 3772 2723 3826; x_wconf 80' lang='lat' dir='ltr'><strong>fuisset</strong></span> <span class='ocrx_word' id='word_1_701' title='bbox 2759 3780 3071 3842; x_wconf 89' lang='lat' dir='ltr'><strong>patratum,</strong></span> <span class='ocrx_word' id='word_1_702' title='bbox 3103 3771 3289 3842; x_wconf 80' lang='lat' dir='ltr'><strong>fugere</strong></span> <span class='ocrx_word' id='word_1_703' title='bbox 3320 3773 3498 3844; x_wconf 89' lang='lat' dir='ltr'><strong>primo</strong></span> 
     </span>
    </p>
   </div>
   <div class='ocr_carea' id='block_1_100' title="bbox 1914 3861 3498 3934">
    <p class='ocr_par' dir='ltr' id='par_1_100' title="bbox 1914 3861 3498 3934">
     <span class='ocr_line' id='line_1_100' title="bbox 1914 3861 3498 3934; baseline 0.003 -19"><span class='ocrx_word' id='word_1_704' title='bbox 1914 3861 2090 3932; x_wconf 91' lang='lat' dir='ltr'><strong>ipsum</strong></span> <span class='ocrx_word' id='word_1_705' title='bbox 2133 3863 2351 3933; x_wconf 89' lang='lat' dir='ltr'><strong>quidem</strong></span> <span class='ocrx_word' id='word_1_706' title='bbox 2396 3878 2503 3917; x_wconf 92' lang='lat' dir='ltr'><strong>non</strong></span> <span class='ocrx_word' id='word_1_707' title='bbox 2541 3864 2813 3934; x_wconf 81' lang='lat' dir='ltr'><strong>potuisset</strong></span> <span class='ocrx_word' id='word_1_708' title='bbox 2864 3865 3280 3934; x_wconf 90' lang='lat' dir='ltr'><strong>imperatorem,</strong></span> <span class='ocrx_word' id='word_1_709' title='bbox 3319 3879 3498 3934; x_wconf 87' lang='lat' dir='ltr'><strong>neque</strong></span> 
     </span>
    </p>
   </div>
   <div class='ocr_carea' id='block_1_101' title="bbox 1916 3955 3496 4026">
    <p class='ocr_par' dir='ltr' id='par_1_101' title="bbox 1916 3955 3496 4026">
     <span class='ocr_line' id='line_1_101' title="bbox 1916 3955 3496 4026; baseline 0.003 -20"><span class='ocrx_word' id='word_1_710' title='bbox 1916 3955 2213 4025; x_wconf 86' lang='lat' dir='ltr'><strong>principes,</strong></span> <span class='ocrx_word' id='word_1_711' title='bbox 2239 3956 2331 4026; x_wconf 89' lang='lat' dir='ltr'><strong>qui</strong></span> <span class='ocrx_word' id='word_1_712' title='bbox 2363 3956 2675 4025; x_wconf 81' lang='lat' dir='ltr'><strong>proximum</strong></span> <span class='ocrx_word' id='word_1_713' title='bbox 2697 3956 2748 4011; x_wconf 90' lang='lat' dir='ltr'><strong>ei</strong></span> <span class='ocrx_word' id='word_1_714' title='bbox 2779 3956 2957 4009; x_wconf 90' lang='lat' dir='ltr'><strong>locum</strong></span> <span class='ocrx_word' id='word_1_715' title='bbox 2987 3956 3255 4022; x_wconf 86' lang='lat' dir='ltr'><strong>obtinent,</strong></span> <span class='ocrx_word' id='word_1_716' title='bbox 3281 3971 3496 4022; x_wconf 91' lang='lat' dir='ltr'><strong>omnes,</strong></span> 
     </span>
    </p>
   </div>
   <div class='ocr_carea' id='block_1_102' title="bbox 1915 4046 3498 4117">
    <p class='ocr_par' dir='ltr' id='par_1_102' title="bbox 1915 4046 3498 4117">
     <span class='ocr_line' id='line_1_102' title="bbox 1915 4046 3498 4117; baseline 0.003 -19"><span class='ocrx_word' id='word_1_717' title='bbox 1915 4046 2186 4114; x_wconf 68' lang='lat' dir='ltr'><strong>praecipue</strong></span> <span class='ocrx_word' id='word_1_718' title='bbox 2218 4055 2421 4111; x_wconf 90' lang='lat' dir='ltr'><strong>autem,</strong></span> <span class='ocrx_word' id='word_1_719' title='bbox 2461 4046 2554 4117; x_wconf 90' lang='lat' dir='ltr'><strong>qui</strong></span> <span class='ocrx_word' id='word_1_720' title='bbox 2585 4061 2648 4100; x_wconf 87' lang='lat' dir='ltr'><strong>ea</strong></span> <span class='ocrx_word' id='word_1_721' title='bbox 2689 4053 3009 4116; x_wconf 87' lang='lat' dir='ltr'><strong>tempestate</strong></span> <span class='ocrx_word' id='word_1_722' title='bbox 3032 4047 3084 4100; x_wconf 92' lang='lat' dir='ltr'><strong>itt</strong></span> <span class='ocrx_word' id='word_1_723' title='bbox 3105 4047 3226 4101; x_wconf 91' lang='lat' dir='ltr'><strong>istis</strong></span> <span class='ocrx_word' id='word_1_724' title='bbox 3251 4047 3498 4116; x_wconf 73' lang='lat' dir='ltr'><strong>partibus</strong></span> 
     </span>
    </p>
   </div>
   <div class='ocr_carea' id='block_1_103' title="bbox 1915 4137 3497 4208">
    <p class='ocr_par' dir='ltr' id='par_1_103' title="bbox 1915 4137 3497 4208">
     <span class='ocr_line' id='line_1_103' title="bbox 1915 4137 3497 4208; baseline 0.003 -19"><span class='ocrx_word' id='word_1_725' title='bbox 1915 4139 2131 4207; x_wconf 80' lang='lat' dir='ltr'><strong>agebat,</strong></span> <span class='ocrx_word' id='word_1_726' title='bbox 2169 4139 2278 4192; x_wconf 91' lang='lat' dir='ltr'><strong>imo</strong></span> <span class='ocrx_word' id='word_1_727' title='bbox 2321 4139 2373 4192; x_wconf 88' lang='lat' dir='ltr'><strong>in</strong></span> <span class='ocrx_word' id='word_1_728' title='bbox 2425 4139 2541 4208; x_wconf 90' lang='lat' dir='ltr'><strong>ipsa</strong></span> <span class='ocrx_word' id='word_1_729' title='bbox 2589 4140 2723 4193; x_wconf 87' lang='lat' dir='ltr'><strong>urbe</strong></span> <span class='ocrx_word' id='word_1_730' title='bbox 2771 4137 2943 4191; x_wconf 79' lang='lat' dir='ltr'><strong>Roma</strong></span> <span class='ocrx_word' id='word_1_731' title='bbox 2990 4145 3104 4192; x_wconf 88' lang='lat' dir='ltr'><strong>tum</strong></span> <span class='ocrx_word' id='word_1_732' title='bbox 3150 4142 3497 4204; x_wconf 83' lang='lat' dir='ltr'><strong>versabatur,</strong></span> 
     </span>
    </p>
   </div>
   <div class='ocr_carea' id='block_1_104' title="bbox 1918 4228 3498 4302">
    <p class='ocr_par' dir='ltr' id='par_1_104' title="bbox 1918 4228 3498 4302">
     <span class='ocr_line' id='line_1_104' title="bbox 1918 4228 3498 4302; baseline 0.002 -21"><span class='ocrx_word' id='word_1_733' title='bbox 1918 4228 2242 4299; x_wconf 89' lang='lat' dir='ltr'><strong>Euphratem</strong></span> <span class='ocrx_word' id='word_1_734' title='bbox 2275 4231 2685 4301; x_wconf 88' lang='lat' dir='ltr'><strong>philosophum,</strong></span> <span class='ocrx_word' id='word_1_735' title='bbox 2721 4232 2814 4302; x_wconf 92' lang='lat' dir='ltr'><strong>qui</strong></span> <span class='ocrx_word' id='word_1_736' title='bbox 2865 4232 3330 4300; x_wconf 87' lang='lat' dir='ltr'><strong>subsequentibus</strong></span> <span class='ocrx_word' id='word_1_737' title='bbox 3360 4240 3498 4286; x_wconf 90' lang='lat' dir='ltr'><strong>tem-</strong></span> 
     </span>
    </p>
   </div>
   <div class='ocr_carea' id='block_1_105' title="bbox 1915 4325 3498 4395">
    <p class='ocr_par' dir='ltr' id='par_1_105' title="bbox 1915 4325 3498 4395">
     <span class='ocr_line' id='line_1_105' title="bbox 1915 4325 3498 4395; baseline 0.003 -19"><span class='ocrx_word' id='word_1_738' title='bbox 1915 4325 2164 4392; x_wconf 92' lang='lat' dir='ltr'><strong>poribus,</strong></span> <span class='ocrx_word' id='word_1_739' title='bbox 2191 4326 2622 4379; x_wconf 86' lang='lat' dir='ltr'><strong>controversiam</strong></span> <span class='ocrx_word' id='word_1_740' title='bbox 2644 4335 2905 4395; x_wconf 85' lang='lat' dir='ltr'><strong>tanquam</strong></span> <span class='ocrx_word' id='word_1_741' title='bbox 2927 4341 3084 4395; x_wconf 81' lang='lat' dir='ltr'><strong>mago</strong></span> <span class='ocrx_word' id='word_1_742' title='bbox 3110 4341 3159 4380; x_wconf 93' lang='lat' dir='ltr'><strong>et</strong></span> <span class='ocrx_word' id='word_1_743' title='bbox 3196 4325 3498 4380; x_wconf 86' lang='lat' dir='ltr'><strong>intentasse</strong></span> 
     </span>
    </p>
   </div>
   <div class='ocr_carea' id='block_1_106' title="bbox 1916 4417 3501 4490">
    <p class='ocr_par' dir='ltr' id='par_1_106' title="bbox 1916 4417 3501 4490">
     <span class='ocr_line' id='line_1_106' title="bbox 1916 4417 3501 4490; baseline 0.002 -20"><span class='ocrx_word' id='word_1_744' title='bbox 1916 4419 2257 4474; x_wconf 77' lang='lat' dir='ltr'><strong>narratur&quot;.</strong></span> <span class='ocrx_word' id='word_1_745' title='bbox 2294 4417 2434 4474; x_wconf 89' lang='lat' dir='ltr'><strong>Sane</strong></span> <span class='ocrx_word' id='word_1_746' title='bbox 2482 4435 2612 4474; x_wconf 91' lang='lat' dir='ltr'><strong>vero</strong></span> <span class='ocrx_word' id='word_1_747' title='bbox 2646 4421 2751 4475; x_wconf 89' lang='lat' dir='ltr'><strong>hoc</strong></span> <span class='ocrx_word' id='word_1_748' title='bbox 2797 4421 3022 4474; x_wconf 90' lang='lat' dir='ltr'><strong>omnino</strong></span> <span class='ocrx_word' id='word_1_749' title='bbox 3069 4421 3262 4483; x_wconf 85' lang='lat' dir='ltr'><strong>etiam,</strong></span> <span class='ocrx_word' id='word_1_750' title='bbox 3296 4421 3342 4478; x_wconf 91' lang='lat' dir='ltr'><strong>si</strong></span> <span class='ocrx_word' id='word_1_751' title='bbox 3376 4419 3501 4490; x_wconf 88' lang='lat' dir='ltr'><strong>qui-</strong></span> 
     </span>
    </p>
   </div>
   <div class='ocr_carea' id='block_1_107' title="bbox 1913 4507 3500 4582">
    <p class='ocr_par' dir='ltr' id='par_1_107' title="bbox 1913 4507 3500 4582">
     <span class='ocr_line' id='line_1_107' title="bbox 1913 4507 3500 4582; baseline 0.003 -21"><span class='ocrx_word' id='word_1_752' title='bbox 1913 4507 2033 4563; x_wconf 91' lang='lat' dir='ltr'><strong>dem</strong></span> <span class='ocrx_word' id='word_1_753' title='bbox 2069 4509 2273 4564; x_wconf 84' lang='lat' dir='ltr'><strong>faclum</strong></span> <span class='ocrx_word' id='word_1_754' title='bbox 2305 4511 2354 4564; x_wconf 90' lang='lat' dir='ltr'><strong>id</strong></span> <span class='ocrx_word' id='word_1_755' title='bbox 2385 4519 2550 4574; x_wconf 88' lang='lat' dir='ltr'><strong>esset,</strong></span> <span class='ocrx_word' id='word_1_756' title='bbox 2586 4511 2800 4567; x_wconf 68' lang='lat' dir='ltr'><strong>caneris</strong></span> <span class='ocrx_word' id='word_1_757' title='bbox 2837 4512 3293 4582; x_wconf 88' lang='lat' dir='ltr'><strong>itnputationibus</strong></span> <span class='ocrx_word' id='word_1_758' title='bbox 3319 4513 3385 4566; x_wconf 88' lang='lat' dir='ltr'><strong>ab</strong></span> <span class='ocrx_word' id='word_1_759' title='bbox 3406 4527 3500 4566; x_wconf 85' lang='lat' dir='ltr'><strong>ac-</strong></span> 
     </span>
    </p>
   </div>
   <div class='ocr_carea' id='block_1_108' title="bbox 1916 4603 3499 4680">
    <p class='ocr_par' dir='ltr' id='par_1_108' title="bbox 1916 4603 3499 4680">
     <span class='ocr_line' id='line_1_108' title="bbox 1916 4603 3499 4680; baseline 0.001 -23"><span class='ocrx_word' id='word_1_760' title='bbox 1916 4611 2172 4660; x_wconf 86' lang='lat' dir='ltr'><strong>cusatore</strong></span> <span class='ocrx_word' id='word_1_761' title='bbox 2207 4603 2453 4658; x_wconf 88' lang='lat' dir='ltr'><strong>additum</strong></span> <span class='ocrx_word' id='word_1_762' title='bbox 2500 4604 2713 4660; x_wconf 81' lang='lat' dir='ltr'><strong>fuisset.</strong></span> <span class='ocrx_word' id='word_1_763' title='bbox 2747 4605 2925 4675; x_wconf 85' lang='lat' dir='ltr'><strong>Atque</strong></span> <span class='ocrx_word' id='word_1_764' title='bbox 2959 4606 3064 4660; x_wconf 86' lang='lat' dir='ltr'><strong>ista</strong></span> <span class='ocrx_word' id='word_1_765' title='bbox 3097 4605 3319 4680; x_wconf 84' lang='lat' dir='ltr'><strong>quidem</strong></span> <span class='ocrx_word' id='word_1_766' title='bbox 3368 4613 3499 4661; x_wconf 88' lang='lat' dir='ltr'><strong>sunt</strong></span> 
     </span>
    </p>
   </div>
   <div class='ocr_carea' id='block_1_109' title="bbox 3308 4765 3493 4823">
    <p class='ocr_par' dir='ltr' id='par_1_109' title="bbox 3308 4765 3493 4823">
     <span class='ocr_line' id='line_1_109' title="bbox 3308 4765 3493 4823; baseline 0.005 -3"><span class='ocrx_word' id='word_1_767' title='bbox 3308 4765 3354 4799; x_wconf 88' lang='grc'><strong>⁷⁶</strong></span> <span class='ocrx_word' id='word_1_768' title='bbox 3395 4767 3493 4823; x_wconf 88' lang='lat' dir='ltr'><strong>lib.</strong></span> 
     </span>
    </p>
   </div>
   <div class='ocr_carea' id='block_1_110' title="bbox 1837 4941 3494 5021">
    <p class='ocr_par' dir='ltr' id='par_1_110' title="bbox 1837 4941 3494 5021">
     <span class='ocr_line' id='line_1_110' title="bbox 1837 4941 3494 5021; baseline 0.007 -23"><span class='ocrx_word' id='word_1_769' title='bbox 1837 4945 1880 4998; x_wconf 87' lang='lat' dir='ltr'>D</span> <span class='ocrx_word' id='word_1_770' title='bbox 1909 4943 2001 5009; x_wconf 82' lang='lat' dir='ltr'><strong>qui</strong></span> <span class='ocrx_word' id='word_1_771' title='bbox 2035 4941 2448 5021; x_wconf 66' lang='lat' dir='ltr'><strong>(itemintendt‘t,</strong></span> <span class='ocrx_word' id='word_1_772' title='bbox 2482 4964 2604 5018; x_wconf 69' lang='lat' dir='ltr'><strong>qua!</strong></span> <span class='ocrx_word' id='word_1_773' title='bbox 2629 4950 2814 5021; x_wconf 80' lang='grc' dir='ltr'>γραφή</span> <span class='ocrx_word' id='word_1_774' title='bbox 2852 4949 3054 5005; x_wconf 88' lang='lat' dir='ltr'><strong>dicitur</strong></span> <span class='ocrx_word' id='word_1_775' title='bbox 3092 4971 3106 5006; x_wconf 88' lang='lat'><strong>:</strong></span> <span class='ocrx_word' id='word_1_776' title='bbox 3149 4951 3318 5008; x_wconf 86' lang='lat' dir='ltr'><strong>forma</strong></span> <span class='ocrx_word' id='word_1_777' title='bbox 3349 4953 3494 5009; x_wconf 88' lang='lat' dir='ltr'><strong>enim</strong></span> 
     </span>
    </p>
   </div>
   <div class='ocr_carea' id='block_1_111' title="bbox 1910 5014 3498 5093">
    <p class='ocr_par' dir='ltr' id='par_1_111' title="bbox 1910 5014 3498 5093">
     <span class='ocr_line' id='line_1_111' title="bbox 1910 5014 3498 5093; baseline 0.009 -29"><span class='ocrx_word' id='word_1_778' title='bbox 1910 5014 2126 5093; x_wconf 84' lang='lat' dir='ltr'><strong>passiva</strong></span> <span class='ocrx_word' id='word_1_779' title='bbox 2171 5015 2273 5070; x_wconf 83' lang='lat' dir='ltr'><strong>hoc</strong></span> <span class='ocrx_word' id='word_1_780' title='bbox 2320 5014 2546 5073; x_wconf 85' lang='lat' dir='ltr'><strong>verbuitt</strong></span> <span class='ocrx_word' id='word_1_781' title='bbox 2587 5014 2764 5076; x_wconf 75' lang='lat' dir='ltr'><strong>active</strong></span> <span class='ocrx_word' id='word_1_782' title='bbox 2804 5014 2994 5076; x_wconf 74' lang='lat' dir='ltr'><strong>tamen</strong></span> <span class='ocrx_word' id='word_1_783' title='bbox 3044 5023 3353 5093; x_wconf 78' lang='lat' dir='ltr'><strong>significare</strong></span> <span class='ocrx_word' id='word_1_784' title='bbox 3395 5027 3498 5078; x_wconf 87' lang='lat' dir='ltr'><strong>tri-</strong></span> 
     </span>
    </p>
   </div>
   <div class='ocr_carea' id='block_1_112' title="bbox 1911 5092 2045 5134">
    <p class='ocr_par' dir='ltr' id='par_1_112' title="bbox 1911 5092 2045 5134">
     <span class='ocr_line' id='line_1_112' title="bbox 1911 5092 2045 5134; baseline 0 0"><span class='ocrx_word' id='word_1_785' title='bbox 1911 5092 2045 5134; x_wconf 80' lang='grc' dir='ltr'>ῑιιιη.</span> 
     </span>
    </p>
   </div>
   <div class='ocr_carea' id='block_1_113' title="bbox 1981 5148 3490 5232">
    <p class='ocr_par' dir='ltr' id='par_1_113' title="bbox 1981 5148 3490 5232">
     <span class='ocr_line' id='line_1_113' title="bbox 1981 5148 3490 5232; baseline 0.01 -28"><span class='ocrx_word' id='word_1_786' title='bbox 1981 5153 2092 5223; x_wconf 71' lang='grc'><strong>(40)</strong></span> <span class='ocrx_word' id='word_1_787' title='bbox 2231 5174 2402 5232; x_wconf 70' lang='grc' dir='ltr'>φασι.</span> <span class='ocrx_word' id='word_1_788' title='bbox 2431 5158 2624 5213; x_wconf 84' lang='lat' dir='ltr'><strong>Forma</strong></span> <span class='ocrx_word' id='word_1_789' title='bbox 2658 5161 2773 5215; x_wconf 63' lang='lat' dir='ltr'><strong>haec</strong></span> <span class='ocrx_word' id='word_1_790' title='bbox 2797 5161 3070 5232; x_wconf 81' lang='lat' dir='ltr'><strong>loquendi</strong></span> <span class='ocrx_word' id='word_1_791' title='bbox 3098 5163 3322 5232; x_wconf 80' lang='lat' dir='ltr'><strong>vulgare</strong></span> <span class='ocrx_word' id='word_1_792' title='bbox 3355 5165 3490 5220; x_wconf 90' lang='lat' dir='ltr'><strong>illud</strong></span> 
     </span>
    </p>
   </div>
   <div class='ocr_carea' id='block_1_114' title="bbox 1908 5221 3492 5295">
    <p class='ocr_par' dir='ltr' id='par_1_114' title="bbox 1908 5221 3492 5295">
     <span class='ocr_line' id='line_1_114' title="bbox 1908 5221 3492 5295; baseline 0.009 -20"><span class='ocrx_word' id='word_1_793' title='bbox 1908 5221 2114 5276; x_wconf 86' lang='lat' dir='ltr'><strong>dictum</strong></span> <span class='ocrx_word' id='word_1_794' title='bbox 2135 5221 2311 5295; x_wconf 81' lang='lat' dir='ltr'><strong>fuisse</strong></span> <span class='ocrx_word' id='word_1_795' title='bbox 2338 5229 2537 5295; x_wconf 88' lang='lat' dir='ltr'><strong>innuit,</strong></span> <span class='ocrx_word' id='word_1_796' title='bbox 2569 5241 2752 5284; x_wconf 89' lang='lat' dir='ltr'><strong>natum</strong></span> <span class='ocrx_word' id='word_1_797' title='bbox 2786 5221 2923 5284; x_wconf 71' lang='lat' dir='ltr'><strong>forte</strong></span> <span class='ocrx_word' id='word_1_798' title='bbox 2949 5249 3014 5285; x_wconf 77' lang='lat' dir='ltr'><strong>ex</strong></span> <span class='ocrx_word' id='word_1_799' title='bbox 3047 5221 3361 5287; x_wconf 61' lang='lat' dir='ltr'><strong>Judasorum</strong></span> <span class='ocrx_word' id='word_1_800' title='bbox 3393 5236 3492 5289; x_wconf 86' lang='lat' dir='ltr'><strong>ad-</strong></span> 
     </span>
    </p>
   </div>
   <div class='ocr_carea' id='block_1_115' title="bbox 1907 5293 3490 5372">
    <p class='ocr_par' dir='ltr' id='par_1_115' title="bbox 1907 5293 3490 5372">
     <span class='ocr_line' id='line_1_115' title="bbox 1907 5293 3490 5372; baseline 0.011 -29"><span class='ocrx_word' id='word_1_801' title='bbox 1907 5309 2098 5372; x_wconf 74' lang='lat' dir='ltr'><strong>versus</strong></span> <span class='ocrx_word' id='word_1_802' title='bbox 2126 5293 2462 5352; x_wconf 87' lang='lat' dir='ltr'><strong>Salvatorem</strong></span> <span class='ocrx_word' id='word_1_803' title='bbox 2494 5293 2790 5365; x_wconf 86' lang='lat' dir='ltr'><strong>calumnia,</strong></span> <span class='ocrx_word' id='word_1_804' title='bbox 2809 5303 2892 5355; x_wconf 90' lang='lat' dir='ltr'><strong>vel</strong></span> <span class='ocrx_word' id='word_1_805' title='bbox 2922 5303 2988 5356; x_wconf 83' lang='lat' dir='ltr'><strong>iis</strong></span> <span class='ocrx_word' id='word_1_806' title='bbox 3007 5303 3170 5355; x_wconf 86' lang='lat' dir='ltr'><strong>etiam</strong></span> <span class='ocrx_word' id='word_1_807' title='bbox 3193 5304 3303 5369; x_wconf 87' lang='lat' dir='ltr'><strong>jam</strong></span> <span class='ocrx_word' id='word_1_808' title='bbox 3332 5316 3490 5360; x_wconf 86' lang='lat' dir='ltr'><strong>antea</strong></span> 
     </span>
    </p>
   </div>
   <div class='ocr_carea' id='block_1_116' title="bbox 1890 5369 3486 5445">
    <p class='ocr_par' dir='ltr' id='par_1_116' title="bbox 1890 5369 3486 5445">
     <span class='ocr_line' id='line_1_116' title="bbox 1890 5369 3486 5445; baseline 0.01 -32"><span class='ocrx_word' id='word_1_809' title='bbox 1890 5369 2040 5445; x_wconf 69' lang='lat' dir='ltr'><strong>trito</strong></span> <span class='ocrx_word' id='word_1_810' title='bbox 2070 5380 2170 5419; x_wconf 91' lang='lat' dir='ltr'><strong>usu</strong></span> <span class='ocrx_word' id='word_1_811' title='bbox 2200 5377 2498 5445; x_wconf 77' lang='lat' dir='ltr'><strong>receptttttt,</strong></span> <span class='ocrx_word' id='word_1_812' title='bbox 2523 5378 2578 5423; x_wconf 89' lang='lat' dir='ltr'><strong>et</strong></span> <span class='ocrx_word' id='word_1_813' title='bbox 2603 5375 2805 5445; x_wconf 60' lang='lat' dir='ltr'><strong>passjtn</strong></span> <span class='ocrx_word' id='word_1_814' title='bbox 2834 5372 2996 5445; x_wconf 83' lang='lat' dir='ltr'><strong>de_iis</strong></span> <span class='ocrx_word' id='word_1_815' title='bbox 3036 5372 3365 5445; x_wconf 70' lang='lat' dir='ltr'><strong>adl&#39;tibitttm,</strong></span> <span class='ocrx_word' id='word_1_816' title='bbox 3391 5377 3486 5445; x_wconf 91' lang='lat' dir='ltr'><strong>qui</strong></span> 
     </span>
    </p>
   </div>
   <div class='ocr_carea' id='block_1_117' title="bbox 1903 5435 3486 5518">
    <p class='ocr_par' dir='ltr' id='par_1_117' title="bbox 1903 5435 3486 5518">
     <span class='ocr_line' id='line_1_117' title="bbox 1903 5435 3486 5518; baseline 0.011 -34"><span class='ocrx_word' id='word_1_817' title='bbox 1903 5435 2109 5518; x_wconf 69' lang='lat' dir='ltr'><strong>malum</strong></span> <span class='ocrx_word' id='word_1_818' title='bbox 2140 5438 2290 5518; x_wconf 62' lang='lat' dir='ltr'><strong>male</strong></span> <span class='ocrx_word' id='word_1_819' title='bbox 2317 5435 2671 5518; x_wconf 53' lang='lat' dir='ltr'><strong>depellerent.</strong></span> <span class='ocrx_word' id='word_1_820' title='bbox 2710 5441 2800 5497; x_wconf 90' lang='lat' dir='ltr'><strong>Sic</strong></span> <span class='ocrx_word' id='word_1_821' title='bbox 2836 5441 2962 5510; x_wconf 89' lang='lat' dir='ltr'><strong>inf.,</strong></span> <span class='ocrx_word' id='word_1_822' title='bbox 2998 5457 3049 5497; x_wconf 91' lang='lat' dir='ltr'><strong>c.</strong></span> <span class='ocrx_word' id='word_1_823' title='bbox 3090 5443 3181 5509; x_wconf 73' lang='grc'><strong>52,</strong></span> <span class='ocrx_word' id='word_1_824' title='bbox 3212 5435 3361 5500; x_wconf 85' lang='grc' dir='ltr'><strong>ἀλλά</strong></span> <span class='ocrx_word' id='word_1_825' title='bbox 3379 5435 3486 5518; x_wconf 58' lang='grc' dir='ltr'><strong>γάρ</strong></span> 
     </span>
    </p>
   </div>
   <div class='ocr_carea' id='block_1_118' title="bbox 1903 5503 2773 5582">
    <p class='ocr_par' dir='ltr' id='par_1_118' title="bbox 1903 5503 2773 5582">
     <span class='ocr_line' id='line_1_118' title="bbox 1903 5503 2773 5582; baseline 0.015 -27"><span class='ocrx_word' id='word_1_826' title='bbox 1903 5503 2236 5582; x_wconf 44' lang='grc' dir='ltr'>καιτυφλῷ.</span> <span class='ocrx_word' id='word_1_827' title='bbox 2268 5503 2422 5582; x_wconf 74' lang='grc' dir='ltr'>φασῖ,</span> <span class='ocrx_word' id='word_1_828' title='bbox 2457 5511 2641 5582; x_wconf 79' lang='grc' dir='ltr'>δῆλον,</span> <span class='ocrx_word' id='word_1_829' title='bbox 2667 5522 2773 5567; x_wconf 90' lang='lat' dir='ltr'><strong>etc.</strong></span> 
     </span>
    </p>
   </div>
   <div class='ocr_carea' id='block_1_119' title="bbox 1976 5575 3489 5656">
    <p class='ocr_par' dir='ltr' id='par_1_119' title="bbox 1976 5575 3489 5656">
     <span class='ocr_line' id='line_1_119' title="bbox 1976 5575 3489 5656; baseline 0.009 -30"><span class='ocrx_word' id='word_1_830' title='bbox 1976 5575 2087 5645; x_wconf 64' lang='grc' dir='ltr'><strong>(Η)</strong></span> <span class='ocrx_word' id='word_1_831' title='bbox 2141 5575 2577 5656; x_wconf 45' lang='lat' dir='ltr'><strong>amaram».</strong></span> <span class='ocrx_word' id='word_1_832' title='bbox 2614 5575 2707 5656; x_wconf 58' lang='lat' dir='ltr'><strong>ita</strong></span> <span class='ocrx_word' id='word_1_833' title='bbox 2756 5588 3011 5656; x_wconf 80' lang='lat' dir='ltr'><strong>rescribo</strong></span> <span class='ocrx_word' id='word_1_834' title='bbox 3070 5587 3335 5643; x_wconf 87' lang='lat' dir='ltr'><strong>audacter</strong></span> <span class='ocrx_word' id='word_1_835' title='bbox 3388 5601 3489 5656; x_wconf 90' lang='lat' dir='ltr'><strong>pro</strong></span> 
     </span>
    </p>
   </div>
   <div class='ocr_carea' id='block_1_120' title="bbox 1903 5644 3489 5729">
    <p class='ocr_par' dir='ltr' id='par_1_120' title="bbox 1903 5644 3489 5729">
     <span class='ocr_line' id='line_1_120' title="bbox 1903 5644 3489 5729; baseline 0.01 -33"><span class='ocrx_word' id='word_1_836' title='bbox 1903 5644 2274 5729; x_wconf 64' lang='grc' dir='ltr'>ἀπιστοτάτην</span> <span class='ocrx_word' id='word_1_837' title='bbox 2303 5653 2580 5729; x_wconf 39' lang='grc' dir='ltr'>(ιιιο-ιιμςει</span> <span class='ocrx_word' id='word_1_838' title='bbox 2613 5653 2667 5707; x_wconf 91' lang='lat' dir='ltr'><strong>in</strong></span> <span class='ocrx_word' id='word_1_839' title='bbox 2699 5655 2887 5729; x_wconf 83' lang='lat' dir='ltr'><strong>editis.</strong></span> <span class='ocrx_word' id='word_1_840' title='bbox 2923 5657 3194 5729; x_wconf 87' lang='lat' dir='ltr'><strong>Imperitis</strong></span> <span class='ocrx_word' id='word_1_841' title='bbox 3244 5644 3489 5712; x_wconf 73' lang='lat' dir='ltr'><strong>librariis</strong></span> 
     </span>
    </p>
   </div>
   <div class='ocr_carea' id='block_1_121' title="bbox 1902 5713 3488 5799">
    <p class='ocr_par' dir='ltr' id='par_1_121' title="bbox 1902 5713 3488 5799">
     <span class='ocr_line' id='line_1_121' title="bbox 1902 5713 3488 5799; baseline 0.009 -31"><span class='ocrx_word' id='word_1_842' title='bbox 1902 5713 2088 5799; x_wconf 72' lang='lat' dir='ltr'><strong>fucum</strong></span> <span class='ocrx_word' id='word_1_843' title='bbox 2121 5713 2250 5772; x_wconf 80' lang='lat' dir='ltr'><strong>fecit</strong></span> <span class='ocrx_word' id='word_1_844' title='bbox 2278 5713 2422 5799; x_wconf 84' lang='lat' dir='ltr'><strong>quod</strong></span> <span class='ocrx_word' id='word_1_845' title='bbox 2444 5722 2601 5787; x_wconf 78' lang='grc' dir='ltr'>δόξαν</span> <span class='ocrx_word' id='word_1_846' title='bbox 2624 5713 3020 5783; x_wconf 68' lang='grc' dir='ltr'>ευὸδιαηιὶυηηὶ</span> <span class='ocrx_word' id='word_1_847' title='bbox 3042 5729 3354 5798; x_wconf 75' lang='lat' dir='ltr'><strong>[emittitmm</strong></span> <span class='ocrx_word' id='word_1_848' title='bbox 3387 5744 3488 5799; x_wconf 64' lang='lat' dir='ltr'><strong>puo</strong></span> 
     </span>
    </p>
   </div>
   <div class='ocr_carea' id='block_1_122' title="bbox 1903 5791 3487 5929">
    <p class='ocr_par' dir='ltr' id='par_1_122' title="bbox 1903 5791 3487 5929">
     <span class='ocr_line' id='line_1_122' title="bbox 1903 5791 3487 5929; baseline 0.009 -88"><span class='ocrx_word' id='word_1_849' title='bbox 1903 5791 2297 5929; x_wconf 52' lang='grc' dir='ltr'><strong>ῗῖθηὲἓηίέιιρᾰ</strong></span> <span class='ocrx_word' id='word_1_850' title='bbox 2343 5803 2524 5851; x_wconf 87' lang='lat' dir='ltr'><strong>tamen</strong></span> <span class='ocrx_word' id='word_1_851' title='bbox 2558 5802 2641 5851; x_wconf 89' lang='lat' dir='ltr'><strong>est</strong></span> <span class='ocrx_word' id='word_1_852' title='bbox 2687 5791 3323 5874; x_wconf 62' lang='lat' dir='ltr'><strong>participium&#39;dtdptarov</strong></span> <span class='ocrx_word' id='word_1_853' title='bbox 3357 5791 3487 5854; x_wconf 67' lang='lat' dir='ltr'><strong>ticu-</strong></span> 
     </span>
     <span class='ocr_line' id='line_1_123' title="bbox 1981 5875 2280 5917; baseline 0.017 -5"><span class='ocrx_word' id='word_1_854' title='bbox 1981 5875 2040 5913; x_wconf 71' lang='grc' dir='ltr'><strong>ιιι</strong></span> <span class='ocrx_word' id='word_1_855' title='bbox 2185 5876 2280 5917; x_wconf 86' lang='lat' dir='ltr'><strong>m.</strong></span> 
     </span>
    </p>
   </div>
   <div class='ocr_carea' id='block_1_123' title="bbox 1981 5875 2280 5917">
    <p class='ocr_par' dir='ltr' id='par_1_123' title="bbox 1981 5875 2280 5917">
     <span class='ocr_line' id='line_1_124' title="bbox 1981 5875 2280 5917; baseline 0.017 -5"><span class='ocrx_word' id='word_1_856' title='bbox 1981 5875 2040 5913; x_wconf 71' lang='grc' dir='ltr'>ιιι</span> <span class='ocrx_word' id='word_1_857' title='bbox 2057 5875 2280 5917; x_wconf 74' lang='lat' dir='ltr'><strong>cenem.</strong></span> 
     </span>
    </p>
   </div>
   <div class='ocr_carea' id='block_1_124' title="bbox 2237 5955 2265 5963">
    <p class='ocr_par' dir='ltr' id='par_1_124' title="bbox 2237 5955 2265 5963">
     <span class='ocr_line' id='line_1_125' title="bbox 2237 5955 2265 5963; baseline 0 -2"><span class='ocrx_word' id='word_1_858' title='bbox 2237 5955 2265 5963; x_wconf 42' lang='grc' dir='ltr'>ς</span> 
     </span>
    </p>
   </div>
  </div>
