3938 6540
149 460 256 514 811

1270 456 1471 513 LIBER
1507 454 1784 516 CONTRA
1821 457 2237 518 IIIEROCLEM.

3293 461 3398 519 8H

147 577 276 647 ὥρα
313 575 596 645 μανθάνειν
619 576 749 647 (55).
791 595 809 628 ι
846 577 957 631 Καὶ
1002 578 1139 646 μετὰ
1173 578 1374 652 βραχέα
1406 581 1515 653 (54)
1541 584 1727 654 φησίν*

1842 585 2059 638 verbum
2085 583 2404 654 prolocutus
2439 581 2724 651 sequentia
2743 582 2789 614 ⁸ο
2823 599 2837 634 :
2871 601 2889 634 ι
2913 579 3098 654 Neque
3130 585 3396 640 absonum

147 687 173 720 ο
206 665 358 722 οὗτοι
395 669 492 738 μὲν
524 669 633 740 γὰρ
667 669 776 721 θεοί
808 669 868 722 τὲ
906 672 1030 734 εἰσι,
1058 673 1152 724 καὶ
1184 673 1552 744 κεκόσμηνται
1586 678 1727 731 κατά

143 759 252 828 τὴν
271 757 465 810 Πυθίαν
484 758 619 827 (55).
663 779 680 812 ι
708 759 815 814 Καὶ
842 761 1152 832 Δομετιανῷ
1181 762 1236 815 δὲ
1260 765 1504 834 εἰσῆκται
1530 766 1721 835 λέγων’

147 869 168 900 ι
200 850 304 903 Καὶ
321 850 400 912 τίς
423 851 563 920 πρὸς
595 851 805 920 Ἰάρχαν
821 869 901 904 σοι
920 853 1171 924 πόλεμος,
1191 855 1283 907 καὶ
1302 856 1584 929 Φραώτην,
1598 860 1724 923 τούς

155 939 383 1003 Ἰνδούςς
409 939 503 1003 οὓς
528 941 638 1010 ἐγὼ
663 943 856 1014 μόνους
881 944 1179 1016 ἀνθρώπων
1200 945 1355 1010 θεούς
1380 966 1437 1001 τε
1459 950 1721 1021 ἡγοῦμαι,

141 1032 246 1084 καὶ
268 1032 446 1097 ἀξίους
475 1034 574 1104 τῆς
599 1034 916 1106 ἐπωνυμίας
939 1036 1162 1107 ταύτης.
1201 1056 1219 1088 ι
1242 1038 1351 1091 Καὶ
1389 1041 1446 1092 ἐν
1463 1039 1642 1104 ἄλλοις
1667 1041 1724 1094 δὲ

141 1125 348 1194 ὁμοίως
382 1125 539 1189 θεούς
583 1144 642 1179 τε
693 1129 786 1181 καὶ
835 1129 1187 1193 διδασκάλους
1215 1131 1441 1203 τάνδρὸς
1494 1134 1725 1206 ἐπιγρά-

141 1218 257 1285 ψας
286 1217 393 1288 (56)
423 1220 452 1271 ὀ
480 1220 638 1288 λόγος
672 1223 798 1284 τούς
843 1220 1267 1292 δεδηλωμένους,
1309 1223 1625 1289 δακτυλίους
1670 1243 1729 1279 τε

140 1312 280 1381 παρ’
297 1310 477 1363 αὐτῶν
509 1312 786 1382 εἰληφέναι
819 1313 1155 1384 ὁμολογήσας
1178 1315 1360 1383 αὐτὸν,
1385 1316 1728 1389 ἐπιλέλησται

140 1401 264 1462 νῦν,
291 1401 386 1454 καὶ
416 1402 814 1456 συνδιαϐάλλων
845 1407 958 1467 τοῖς
977 1403 1319 1470 διδασκάλοις
1363 1408 1453 1460 τὸν
1485 1407 1734 1481 μαθητήν

145 1494 254 1547 οὐκ
285 1495 488 1546 ὲπαῖει.

1835 674 1965 745 quid
1998 674 2126 730 mihi
2175 674 2394 729 evenire
2440 683 2591 743 puto,
2638 673 2682 728 si
2728 673 3086 745 philosophiae
3129 676 3400 732 obnoxius

1835 759 2062 821 evadani
2095 763 2462 835 pulcherrime
2505 773 2731 828 ornatae,
2773 778 2934 833 quam
2970 763 3185 820 decenti
3211 764 3399 819 habitu

1831 856 2099 919 indutam,
2133 854 2249 909 lndi
2279 853 2500 908 sublimi
2549 861 2602 907 et
2630 853 2789 922 plane
2816 851 3001 908 divina
3048 860 3258 907 vectam
3283 868 3400 907 mao

1829 948 2010 1009 china,
2042 947 2098 1002 in
2126 960 2347 1003 scenam
2378 944 2702 1015 provehunt.
2734 945 2908 1011 Quam
2933 944 3060 1015 jure
3087 952 3269 1002 autem
3303 960 3401 1000 eos

1830 1039 2090 1103 admirer,
2120 1037 2246 1108 jure
2277 1038 2554 1108 sapientes
2605 1052 2728 1092 esse
2773 1044 2936 1107 atque
2978 1037 3171 1092 beatos
3209 1037 3400 1092 existia

1829 1147 1993 1195 mem,
2018 1133 2129 1202 jam
2155 1137 2368 1201 tempus
2388 1136 2472 1185 est
2495 1137 2554 1183 ut
2575 1129 2909 1200 percipiatis.
2951 1148 2970 1181 ι
2996 1128 3060 1185 Et
3087 1131 3251 1200 paulo
3277 1136 3403 1200 post

1830 1225 1961 1278 ait“
1993 1239 2006 1275 :
2043 1241 2062 1274 ι
2093 1222 2157 1276 lli
2187 1223 2263 1277 dii
2297 1223 2442 1278 enim
2468 1221 3171 1292 sunt,eththi:eexemplo
3193 1235 3401 1275 ornan-

1833 1323 1943 1370 tur.
1970 1335 1989 1367 ι
2024 1314 2388 1369 Domitianum
2424 1329 2642 1384 quoque
2668 1317 3049 1384 imperatorem
3081 1312 3398 1384 huiusmodi

1831 1408 2017 1464 verbis
2048 1405 2328 1461 inducitur
2357 1407 2684 1462 allocutus"
2714 1425 2727 1459 :
2758 1405 3042 1472 Quodnam
3070 1406 3167 1460 tibi
3211 1405 3402 1459 adver-

1836 1517 1934 1556 sus
1959 1499 2205 1554 larcham
2251 1507 2306 1555 et
2338 1498 2625 1554 Phraotem
2672 1497 2834 1554 lndos
2875 1507 2960 1554 est
2997 1497 3234 1554 bellum?
3259 1512 3403 1567 quos

144 1604 254 1660 ego
285 1590 433 1645 solos
477 1591 621 1645 inter
650 1591 900 1647 homines
959 1591 1090 1648 deos
1135 1609 1258 1650 esse
1313 1603 1466 1666 puto,
1504 1611 1677 1668 eaque
1733 1597 2092 1668 appellatione
2126 1596 2322 1667 dignos
2385 1611 2606 1652 censeo.
2647 1616 2666 1648 ι
2700 1597 2944 1667 Aliisque
2976 1598 3031 1650 in
3073 1595 3207 1650 locis
3241 1596 3402 1650 simi-

145 1684 274 1739 liter
324 1684 458 1740 deos
515 1686 788 1755 Apollonii
820 1696 981 1757 atque
1027 1690 1320 1759 magistros
1379 1706 1682 1762 agnoscens
1733 1691 1962 1746 historia
2003 1691 2094 1744 illa
2125 1690 2414 1762 prtedictos
2457 1689 2884 1763 [philosophos],
2936 1690 3278 1760 annulosque
3333 1690 3402 1744 ab

145 1778 216 1832 iis
253 1779 538 1847 accepisse
604 1779 829 1843 fassa”,
868 1795 1014 1835 nunc
1044 1781 1274 1837 istorum
1304 1784 1450 1838 velut
1479 1783 1956 1840 obliviscituruna
1979 1798 2104 1838 cum
2131 1783 2414 1854 magistris
2466 1784 2818 1856 discipulum,
2870 1784 3178 1853 opprobriis
3227 1783 3400 1840 obno-

141 1871 295 1924 xium
330 1885 454 1926 sese
478 1871 707 1927 reddere
736 1888 844 1926 non
868 1873 1130 1930 sentiens.

656 1989 1051 2044 ΚΕΦΛΛΛΙΟΝ
1104 1992 1223 2047 ΛΒ’.

227 2079 470 2144 ’Υποϐάς
503 2079 548 2133 δ’
577 2081 634 2134 ὲν
664 2085 728 2153 τῇ
761 2085 967 2154 γραφῇ,
1007 2082 1244 2155 αὐλητὴν
1274 2084 1602 2150 ὑποτίθεται,
1635 2086 1730 2139 καὶ

142 2171 236 2223 τὸν
275 2173 654 2236 Ἀπολλώνιον,
703 2173 890 2246 ὥσπερ
934 2174 1078 2239 τινὸς
1122 2175 1289 2247 ούσης
1333 2177 1598 2248 μεγίστης
1637 2177 1732 2231 καὶ

145 2265 471 2334 σοςςωτὰτης
489 2266 680 2336 ὲπιστή
691 2282 816 2335 μης,
841 2265 1074 2337 τρόπους
1097 2267 1374 2337 αὐλήσεως
1399 2268 1540 2339 μάλα
1566 2286 1731 2321 σπου-

143 2352 309 2416 δαίως
345 2357 574 2426 μακροῖς
616 2359 726 2418 τοῖς
769 2355 1099 2427 διηγήμασιν
1137 2357 1350 2427 εἴροντα
1378 2356 1728 2428 διεξέρχεται.

145 2447 253 2501 Καὶ
278 2449 660 2520 αὐτοκράτορα
691 2449 1116 2514 Οὐεσπασιανὸν,
1150 2444 1236 2502 οἷα
1269 2449 1332 2522 δὴ
1362 2450 1479 2521 Θεῷ
1504 2451 1734 2525 προσεύ-

146 2537 343 2604 ξασθαι
375 2539 526 2610 αὐτῷ
561 2541 779 2612 ἱστορεῖ·
812 2541 905 2594 καὶ
943 2541 1034 2594 τὸν
1076 2542 1193 2611 μὲν,
1223 2543 1298 2605 ὼς
1333 2542 1490 2613 εὐχῇ,
1519 2540 1736 2613 εἰρηκέ-

145 2649 229 2683 ναι
261 2632 399 2702 (57)·
443 2652 460 2682 ι
507 2633 738 2704 Ποίησον
773 2651 837 2704 με
874 2633 1117 2704 βασιλέα·
1166 2653 1183 2685 ι
1228 2633 1320 2686 τὸν
1349 2634 1406 2687 δὲ
1435 2635 1729 2706 ἀποκρίναο

149 2723 288 2777 σθαι·
327 2743 349 2774 ι
389 2723 670 2796 Ἑποίησα.
695 2745 714 2777 ι
746 2726 856 2780 Καὶ
883 2726 966 2790 τίς
995 2727 1093 2779 οὐκ
1115 2726 1180 2780 ἂν
1203 2728 1482 2800 μισήσειεν
1499 2727 1734 2796 εὐλόγως

145 2818 240 2887 τῆς
271 2815 592 2880 ἀλαζονείας
617 2817 714 2888 τὴν
739 2817 940 2889 φωνὴν,
976 2820 1171 2890 μανίας
1199 2818 1258 2872 τὸ
1286 2819 1454 2890 μηθὲν
1481 2815 1736 2872 ἀποδέου-

150 2924 262 2970 σαν,
317 2909 407 2961 ὃτε
457 2924 520 2977 γε
564 2910 661 2980 ήδη
692 2910 853 2972 αὐτὸς
885 2910 1035 2973 Θεὸς,
1079 2910 1171 2963 καὶ
1209 2910 1470 2981 βασιλέων
1505 2911 1736 2983 ποιητὴς

147 2997 284 3056 εἶναι
311 3003 667 3074 φρυάττεται,
697 3005 724 3056 ό
756 3003 855 3074 τῆς
879 3004 1179 3072 Αἰγυπτίας
1205 3003 1544 3076 κυϐερνήτης
1568 3003 1732 3070 νεώς;

147 3093 317 3146 Τοῦτο
338 3093 449 3164 γὰρ
470 3093 632 3157 αὐτὸς
661 3094 848 3146 ἑαυτὸν
879 3096 906 3147 ὁ
947 3093 1300 3159 Ἀπολλώνιος
1337 3093 1615 3163 γεγονέναι
1637 3095 1734 3165 τὴν

146 3184 349 3258 ψυχήν,
385 3187 443 3239 ἐν
471 3189 589 3249 ταῖς
617 3186 750 3256 πρὸς
788 3186 879 3238 τὸν
930 3186 1087 3239 Ἰνδὸν
1127 3187 1366 3257 ὁμιλίαις
1398 3185 1576 3258 μικρῴ
1607 3186 1737 3256 πρό-

151 3276 270 3330 σθεν
299 3279 438 3348 ἡμῖν
463 3277 749 3349 δεδήλωκε.

667 3391 1060 3444 ΚΕΦΑΛΑΙΟΝ
1110 3394 1230 3446 AI".

214 3504 310 3575 Τῷ
347 3503 390 3557 δ’
423 3503 573 3575 αὐτῷ
607 3503 851 3575 βασιλεῖ,
900 3503 989 3569 οὓς
1026 3505 1092 3559 ἂν
1119 3506 1282 3569 αὐτὸς
1313 3505 1591 3576 δοκιμάζοι
1624 3505 1733 3558 τῶν

153 3597 459 3666 φιλοσόφων
492 3596 829 3668 συμϐούλους
860 3597 968 3650 τῶν
1001 3598 1310 3668 πρακτέων,
1345 3597 1610 3668 γνωρίσαι
1638 3598 1736 3649 αὐ-

150 3689 222 3759 τῷ
253 3689 522 3754 ἀξιοῦντι,
566 3689 707 3743 κατὰ
735 3689 881 3754 λέξιν
911 3691 1092 3761 φησίν·
1131 3708 1150 3741 ι
1196 3688 1415 3758 Ἀγαθοὶ
1442 3689 1498 3742 δὲ
1530 3688 1734 3742 τούτων

156 3780 449 3851 σύμϐουλοι
481 3781 576 3834 καὶ
605 3781 711 3834 οἵδε
749 3783 798 3835 οἱ
833 3782 1046 3854 ἄνδρες,
1083 3781 1172 3835 τὸν
1208 3781 1382 3834 Δίωνα
1405 3780 1606 3847 δείξας,
1640 3781 1734 3833 καὶ

153 3871 235 3924 τδν
282 3871 603 3942 Εὐφράτην,
654 3873 818 3943 μήπω
855 3872 1002 3943 αὐτῷ
1045 3875 1103 3936 ὲς
1133 3873 1398 3943 διαφορὰν
1441 3873 1661 3943 ἥκοντα.
1705 3890 1723 3923 ι

155 3963 254 4015 Καὶ
317 3959 512 4026 αὖθις·
572 3982 590 4013 ι
621 3958 691 4015 *Ω
743 3962 991 4034 βασιλεῦ,
1053 3961 1232 4030 εἶπεν,
1288 3965 1578 4035 Εὐφράτης
1635 3961 1730 4016 καὶ

155 4055 307 4120 Δίων,
343 4055 512 4109 πάλαι
557 4072 636 4108 σοι
677 4055 942 4128 γνώριμοι
975 4056 1146 4120 ὄντες,
1179 4056 1315 4128 πρὸς
1346 4055 1536 4128 θύραις
1570 4055 1728 4116 εἰσὶν,

155 4148 244 4200 οὐκ
271 4146 596 4219 ἀφρόντιδες
625 4149 731 4201 τῶν
754 4147 882 4200 σῶν.
917 4148 1089 4201 Κάλει
1111 4148 1175 4220 δὴ
1203 4149 1486 4212 κάκείνους
1527 4151 1583 4211 ἐς
1616 4163 1732 4200 κοι-

157 4235 236 4290 νὺν
257 4237 423 4306 λόγον
445 4256 458 4269 ·
490 4235 639 4306 σοφὼ
667 4235 776 4308 γάρ
804 4237 884 4291 τὼ
917 4238 1096 4311 ἄνδρε.
1126 4259 1145 4292 ι
1175 4239 1320 4307 Πρὸς
1340 4238 1734 4293 άΟὐεσπασια-

217 4420 261 4451 ⁸⁸
303 4419 403 4473 lib.
440 4437 529 4484 Vl,
565 4436 616 4476 c.
654 4422 739 4476 Η.
817 4423 857 4455 ⁸³
889 4423 1020 4478 ibid.

217 4647 330 4722 (53)
371 4647 653 4722 Kaljtax.
689 4648 810 4722 ὥρα
849 4653 1025 4718 μανθ.
1069 4648 1241 4705 Verba
1271 4649 1388 4722 ὥρα
1432 4651 1722 4719 μανθάνειν

161 4719 505 4792 omnino_ad
563 4720 919 4791 praacedeutia
970 4724 1275 4792 pertinere.
1318 4719 1564 4792 adeoque
1615 4738 1721 4776 non

160 4796 294 4855 ante,
321 4788 420 4860 sed
472 4788 594 4858 post
632 4805 695 4845 ea
734 4788 1038 4860 ponendam
1088 4791 1321 4860 στιγμήν
1373 4788 1516 4859 esse,
1562 4808 1722 4847 secus

160 4871 308 4932 quam
348 4859 638 4932 factumnin
675 4859 945 4932 prioribus
997 4859 1366 4932 editiouibus;
1400 4865 1723 4932 particulam

161 4925 209 4978 δέ
235 4929 362 5002 item
392 4938 515 5002 post
543 4925 967 5002 «'bpatdelendam
1001 4948 1144 4995 esse,
1169 4925 1486 4987 Philostrati
1519 4941 1724 4988 textum

162 4999 565 5071 conferentibus
593 4999 822 5055 dubium
864 5002 1007 5056 haud
1035 5017 1156 5057 esse
1189 5003 1407 5071 poterit.
1453 5002 1642 5058 Omnis
1672 5003 1725 5055 in

163 5068 634 5144 _vulgati5_Eusebi_i
662 5085 827 5144 error
867 5088 934 5126 ex
963 5081 1162 5144 eorest.
1189 5068 1344 5142 quod
1376 5075 1560 5126 statim
1603 5080 1728 5144 post

161 5136 464 5213 hec—verba
507 5141 780 5213 indicium
801 5142 952 5213 fieret
981 5136 1230 5213 allegataz'
1257 5144 1466 5212 ρήσεως
1499 5136 1726 5213 alterius

162 5207 448 5284 Apollonii,
483 5212 663 5284 verbis
681 5212 914 5284 quidem
947 5207 1424 5284 prazniissis'is'tis;
1455 5213 1552 5266 καὶ
1582 5212 1720 5284 μετὰ

166 5275 575 5355 βραχέαΑφησίν.
614 5283 694 5355 Ad
714 5275 848 5336 'haec
891 5275 1058 5355 igitur
1098 5284 1279 5352 aptius
1327 5282 1516 5338 referri
1555 5275 1720 5355 posse

161 5350 421 5423 judicavit
449 5352 614 5406 verba
655 5351 773 5423 ὥρα
814 5353 1101 5422 μανθάνειν
1137 5350 1432 5408 hasutulus
1473 5350 1718 5423 quidam,

164 5433 308 5497 quam
348 5421 425 5497 ad
462 5421 845 5497 praecedentia,
889 5439 952 5497 eo
981 5424 1126 5494 quod
1169 5421 1559 5497 Philostratum
1609 5439 1720 5478 non

169 5492 506 5560 inspexisset,
532 5508 711 5564 neque
739 5495 874 5547 adeo
900 5492 1138 5564 legisset,
1167 5510 1288 5564 qua:
1318 5495 1457 5563 apud
1485 5510 1608 5550 eum
1633 5506 1722 5548 se’-

168 5572 415 5634 guuntur,
453 5563 651 5631 quibus
676 5563 1030 5618 demonstrat
1070 5563 1266 5621 merito
1300 5581 1357 5619 se
1405 5564 1566 5620 Indos
1609 5565 1722 5634 phi-

170 5627 566 5707 losophoshpro
611 5635 897 5707 μακαρίοις
948 5636 1166 5707 habere,
1221 5645 1279 5689 ut
1327 5635 1463 5707 adeo
1515 5627 1721 5705 optime

172 5705 382 5777 quadret
426 5703 493 5758 iis
533 5703 677 5773 quad
717 5703 1068 5777 praecesserat
1095 5705 1211 5777 ὥρα
1249 5703 1723 5777 pavebam—Qua:

171 5772 212 5848 si
238 5773 480 5848 vidisset,
511 5772 820 5848 quicunque
850 5772 1398 5848 illeifueritA'eriticus,
1429 5779 1613 5830 statim
1642 5776 1724 5828 vi-

172 5837 324 5916 disset
373 5837 646 5916 adrrvérba
691 5837 961 5916 Apollonii
1005 5863 1069 5900 ex
1109 5837 1438 5902 Philostrato
1491 5848 1724 5916 allegata

171 5914 421 5972 pertinere
442 5915 546 5969 ista
568 5935 581 5968 :
607 5915 724 5987 ὥρα
742 5914 1052 5987 μανθάνειν.
1080 5916 1194 5973 Hoc
1224 5934 1349 5975 vero
1377 5919 1540 5974 semel
1573 5914 1724 5973 com-

468 6005 743 6069 ΡΑτιιοι..
781 6005 898 6067 Gn.
933 6007 1132 6071 ΧΧΙΙ.

2381 1989 2612 2046 CAPUT
2638 1989 2851 2046 XXXII.

1902 2084 2036 2138 Dum
2064 2085 2238 2155 pergit
2256 2099 2384 2139 vero
2402 2085 2665 2147 scribere,
2698 2083 2978 2138 tibicinem
2993 2082 3282 2153 quemdam
3317 2084 3404 2138 in-

1831 2178 2033 2233 ducit“
2056 2199 2068 2233 :
2085 2177 2427 2248 Apollonium
2445 2187 2626 2232 autem
2646 2175 2802 2247 quasi
2819 2173 3054 2230 maxima
3069 2174 3158 2229 illa
3173 2168 3331 2241 532
3350 2184 3403 2230 et

1833 2270 2248 2342 prmelarissima
2272 2269 2500 2324 scientia
2532 2277 2700 2332 esset,
2732 2268 2925 2324 modos
2956 2269 3102 2323 tibiae
3129 2267 3400 2328 inﬂandm.

1833 2377 2029 2431 magno
2065 2363 2270 2427 studio,
2301 2361 2516 2432 prolixo
2564 2361 2841 2428 discursu,
2887 2368 3236 2432 prosecutum
3275 2376 3404 2414 nar—

1833 2462 1938 2509 rat.
1972 2453 2366 2524 Vespasianum
2388 2469 2552 2524 porro
2583 2454 2968 2524 imperatorem
3000 2454 3248 2524 ei,quasi
3271 2451 3402 2515 Deo,

1835 2543 2133 2612 supplicem
2161 2541 2366 2596 factum
2397 2541 2552 2595 ait”.
2589 2540 2766 2612 Atque
2794 2542 2970 2612 ipsum
3006 2541 3247 2613 quidem,
3283 2557 3407 2613 sup-

1836 2634 2090 2704 plicantis
2113 2649 2283 2696 more,
2321 2653 2340 2685 ι
2379 2631 2765 2704 Imperatorem
2795 2650 2883 2688 me
2912 2633 3096 2698 facito,
3131 2652 3150 2686 ι
3176 2633 3402 2690 dixisse.

1837 2725 2123 2798 lluncque,
2157 2746 2175 2779 ι
2210 2725 2328 2781 Jam
2358 2727 2480 2790 feci,
2521 2746 2539 2779 ι
2568 2725 2937 2797 respondisse.
2979 2727 3112 2794 Quis
3141 2742 3271 2782 vero
3296 2744 3404 2783 non

1835 2817 1960 2872 odio
1994 2818 2188 2873 habeat
2208 2819 2426 2886 merito,
2461 2817 2765 2874 insolentia:
2796 2819 3032 2890 plenam,
3070 2819 3408 2889 proximam-

1834 2926 1941 2982 que
1977 2910 2204 2966 insania:
2245 2911 2474 2966 vocem?
2500 2911 2718 2982 quando
2745 2911 2858 2982 jam
2892 2913 3070 2982 ipsum
3111 2926 3170 2968 se
3211 2908 3405 2975 Deum,

1835 3011 1889 3060 et
1928 3005 2287 3075 imperatores
2331 3003 2552 3060 creandi
2600 3011 2924 3074 potestatem
2959 3003 3160 3060 habere
3203 3001 3404 3067 fremit,

1838 3096 1994 3151 navis
2019 3095 2286 3167 IEgyptiaa
2318 3095 2448 3150 olim
2491 3095 2822 3166 gubernator
2838 3093 2924 3147 3°?
2953 3093 3139 3148 Talem
3170 3093 3316 3149 enim
3349 3110 3409 3149 se

1839 3183 2030 3251 fuisse,
2075 3202 2180 3256 qua
2228 3187 2492 3250 animum,
2543 3187 2658 3256 ipse
2704 3185 3027 3256 Apollonius
3073 3187 3127 3240 in
3159 3201 3408 3243 sermone

1837 3293 1962 3332 cum
1997 3276 2130 3332 lndo
2153 3278 2316 3348 paulo
2345 3285 2471 3333 ante
2513 3279 2669 3334 nobis
2716 3277 2996 3334 indicavit.
3411 3273 3414 3276 ’

2369 3387 2597 3444 CAPUT
2636 3386 2857 3442 XXXIII

1905 3506 2093 3562 Eidem
2113 3505 2449 3576 imperatori,
2480 3503 2660 3560 utsibi
2693 3505 2960 3560 indicaret
2981 3504 3214 3576 roganti,
3239 3518 3410 3574 quosé

1837 3615 1964 3656 nam
2000 3597 2360 3669 philosophos
2410 3596 2466 3652 in
2498 3596 2788 3653 consilium
2835 3611 3019 3652 rerum
3047 3595 3407 3667 gerendarum

1836 3689 2178 3746 adhibendos
2223 3688 2457 3744 maxime
2505 3688 2805 3758 probaret?
2840 3687 2916 3742 ita
2946 3687 3013 3743 ad
3054 3687 3280 3742 verbum
3321 3702 3403 3742 re-

1836 3782 2068 3853 spondet
2085 3782 2130 3814 ⁸⁷
2165 3801 2180 3838 :
2217 3800 2236 3834 ι
2267 3780 2402 3837 Boni
2436 3781 2652 3835 illarum
2683 3796 2864 3837 rerum
2904 3780 3206 3838 consiliarii
3235 3787 3290 3836 et
3317 3781 3408 3836 isti

1840 3881 1989 3937 sunt,
2027 3872 2252 3930 Dionem
2286 3872 2729 3945 Euphratemque
2762 3889 2928 3928 manu
2953 3879 3290 3938 monstrans,
3320 3872 3408 3928 cui

1835 3965 1972 4018 nihil
1994 3965 2170 4020 adhuc
2185 3965 2312 4020 dum
2337 3979 2460 4019 cum
2484 3979 2550 4020 eo
2572 3962 3354 4019 controversiaeintercedebat.
3385 3981 3404 4014 ι

1839 4055 1906 4110 Et
1933 4055 2212 4112 rursum”
2237 4076 2249 4112 :
2275 4075 2293 4108 ι
2322 4053 2482 4119 Sunt,
2512 4055 2710 4126 inquit,
2727 4069 2759 4110 ο
2773 4056 3088 4126 imperator,
3107 4053 3411 4126 Euphrates

1840 4152 1896 4200 et
1931 4143 2090 4211 Dion,
2131 4155 2344 4202 veteres
2377 4146 2539 4200 amici
2588 4145 2690 4209 tui,
2723 4145 2776 4199 in
2806 4145 3037 4213 limine;
3077 4159 3260 4200 rerum
3290 4152 3412 4199 tua-

1843 4253 1964 4291 rum
1997 4245 2328 4309 satagentes,
2359 4238 2484 4294 illos
2514 4236 2684 4308 igitur
2704 4237 2772 4291 ad
2806 4235 3173 4292 conferendas
3197 4250 3410 4292 sermo-

1108 4424 1156 4497 ’ξ
1181 4424 1435 4497 -Ιίδηνιι,
1467 4441 1518 4480 c.
1557 4425 1649 4480 52.
1726 4447 1727 4452 η

1842 4429 1908 4484 ib.
1945 4445 2027 4497 tv,
2060 4446 2111 4486 c.
2148 4429 2234 4486 19.
2312 4429 2358 4462 ⁸⁸
2396 4430 2491 4484 lib.
2524 4446 2594 4495 v,
2632 4445 2682 4485 c.
2712 4428 2805 4483 2|.
2880 4427 2926 4460 ⁸⁸
2967 4426 3064 4482 lib.
3103 4444 3172 4493 γ,
3211 4441 3259 4482 c.
3318 4424 3410 4478 29.

159 4489 196 4523 ³⁸
230 4491 332 4546 lib.
365 4505 463 4555 ιιι,
495 4507 546 4546 c.
577 4493 666 4547 25.
743 4493 789 4524 ⁸⁷
819 4495 915 4551 lib.
955 4512 1014 4559 ν,
1048 4510 1098 4550 c.
1133 4495 1226 4551 29.
1303 4496 1348 4527 ⁸⁸
1387 4496 1482 4551 lib.
1520 4513 1581 4560 ν,
1618 4512 1669 4552 c.
1707 4498 1797 4554 51.

1829 4653 2001 4708 misso
2025 4666 2212 4706 errore
2240 4657 2433 4705 cetera
2465 4649 2648 4704 omnia
2669 4648 2810 4704 idem
2842 4661 2940 4718 pro
2964 4647 3138 4702 lubitu
3165 4646 3404 4710 reﬁnxit,

1755 4761 1798 4816 D
1829 4733 1897 4816 ΗΞ
1929 4719 3410 4816 ,δέξὶἱθΡῗῨἮ’ἸὲἸέτθέἓ¹1ἷ.ἳὲᾞ¹¹ἶῗ.¹1ίῖ⁵έ.ἒὲ¹,¹ἷῖ.ῗέεῖῗ

1827 4793 1901 4862 ita
1929 4801 2095 4847 totam
2124 4795 2283 4846 istam
2317 4790 2474 4862 ῥῆσιν
2503 4805 2568 4862 ex
2584 4791 2828 4862 cerebro
2845 4805 2946 4862 suo
2968 4790 3408 4862 repraesentavit:

1824 4861 1932 4934 Οὓς
1959 4864 2024 4933 δὴ
2049 4865 2106 4916 ὲν
2137 4863 2260 4934 δίκῃ
2289 4859 2388 4933 μὲν
2428 4861 2694 4934 ἠγάσθην,
2727 4862 2784 4913 ὲν
2809 4859 2934 4934 δίκῃ
2966 4860 3413 4934 δὲρῂγούμαι-σοέ-

1825 4925 1959 5005 φούς
1991 4925 2048 5005 τε
2099 4935 2192 4986 καὶ
2231 4925 2572 5005 μακαρίους.
2621 4925 2761 5003 ’Ὦρα
2808 4929 2866 4983 δὲ
2903 4925 3208 5002 μανθάνειν
3229 4931 3324 4984 καὶ
3383 4925 3419 4978 ἂ

1828 5004 1966 5074 μετὰ
2003 5003 2210 5074 βραχέα
2242 5003 2428 5074 φησίν.

1897 5069 2012 5142 (54)
2040 5069 2158 5127 ’Κᾶὶ
2177 5069 2330 5142 μετὰ
2356 5074 2610 5142 βραχέα.
2643 5072 2784 5127 Ante
2819 5072 3026 5128 editum
3063 5073 3158 5126 καὶ
3202 5071 3240 5126 ἃ
3272 5069 3412 5142 μετὰ

1863 5141 1912 5214 ρ.
1950 5141 2150 5212 Nempe
2181 5141 2512 5214 'aradditum’
2553 5158 2619 5196 ex
2671 5143 2840 5214 semel
2877 5151 3145 5212 concepto
3198 5142 3267 5196 de
3307 5141 3412 5194 hoc

1846 5213 1946 5268 dco
1972 5229 2178 5271 errore.
2212 5213 2280 5267 de
2305 5229 2414 5282 quo
2445 5221 2573 5266 nota
2607 5213 2842 5282 praeced.

1899 5284 2010 5354 (55)
2050 5283 2210 5337 Κατὰ
2240 5279 2355 5349 zizi-
2395 5279 2643 5354 Πυθίαιξ.
2677 5281 2872 5353 Pythia
2895 5279 3168 5350 Apollinis
3197 5279 3411 5348 ὑποφῆ-

1825 5351 1928 5418 τις.
1965 5351 2024 5406 ut
2052 5363 2264 5417 notum,
2289 5352 2528 5422 ἀτεχνῶς
2559 5351 2770 5422 μάντις.

1898 5425 2010 5494 (56)
2060 5417 2439 5493 Ἐπιῃράψιαξ.
2479 5417 2615 5475 Male
2653 5423 2784 5476 editi
2829 5419 3156 5494 ἐπιγράψαι.
3210 5417 3409 5494 Veram

1826 5491 2139 5558 lectionem,
2192 5491 2558 5563 praeterquam
2607 5495 2754 5562 quod
2819 5491 3090 5563 sententia
3147 5491 3448 5560 postulat,.

1829 5564 2008 5618 ﬁrmat
2029 5562 2213 5619 statim
2239 5578 2475 5632 sequens
2498 5564 2843 5631 participium
2871 5562 3231 5632 ὁμολογήσας,
3265 5563 3411 5629 quod

1829 5635 2177 5704 praecessisse
2207 5634 2350 5688 aliud
2382 5633 2728 5704 participium
2757 5633 3104 5688 intercedeus
3130 5633 3328 5701 copula
3350 5647 3412 5684 τε
3431 5653 3450 5664 ·ι

1825 5706 2048 5760 evincit.
3441 5741 3444 5748 .

1899 5775 2011 5844 (57)
2070 5773 2402 5842 Εἱρηκέναι.
2447 5773 2706 5828 Additum
2763 5773 2819 5826 in
2865 5772 3028 5828 editis
3070 5773 3412 5844 Οὐεσπασια-

1825 5847 1936 5908 νόν,
1985 5843 2155 5899 invito
2198 5845 2395 5915 linguae
2449 5845 2641 5916 genio,
2685 5859 2849 5914 qttam
2897 5844 3135 5916 glossam
3172 5843 3415 5916 proinde

1828 5916 2182 5987 marginalem
2216 5913 2338 5973 cssc
2373 5913 2582 5987 putavi,
2613 5931 2679 5971 ex
2707 5913 2858 5971 textu
2891 5913 3304 5971 eliminandam.

3053 6005 3134 6065 2'1
