3938 6534
164 432 253 489 διδ
1265 428 1464 484 LIBER
1499 429 1774 485 CONTRA
1815 426 2231 484 HIEROCLEM.

3270 425 3375 480 ειδ

165 551 218 606 τὰ
239 546 473 616 βασίλεια
506 547 754 619 παρόδου’
787 547 1075 610 κοινωνῶν,
1111 546 1331 619 ὕστερον
1364 549 1421 601 δὲ
1468 550 1568 619 τῆς
1600 550 1696 603 δια⁴

1822 548 2187 613 m‘endatione,
2216 547 2403 617 palatii
2423 547 2770 617 imperatoris
2803 544 2948 602 fores
2978 543 3376 616 panderentnr?

160 642 307 712 φορᾶς
364 640 527 692 ἕνεκα
580 639 805 693 τοιαῦτα
851 640 979 709 περὶ
1005 641 1168 694 αὑτοῦ
1204 641 1393 709 λέγων,
1430 641 1581 694 οὔπω
1617 659 1705 712 μοι

158 731 434 786 δαιδάλλειν
478 733 507 784 6
567 731 723 800 λόγος
778 731 1023 801 βούλεται
1067 731 1157 784 τὸν
1192 732 1379 802 ἄνδρα,
1414 731 1489 795 ὡς
1521 732 1586 785 ἃν
1614 732 1706 785 τὸν

158 823 423 894 Εὺιρράτην
457 823 916 891 συκοφαντοῦντα,
968 823 1267 892 φιλοσόφων
1292 824 1400 876 τῶν
1432 823 1549 877 καθ’
1584 824 1708 875 eau-

155 914 354 983 τὸν(71)
397 913 790 980 ὲπιδοξότατον,
820 912 896 977 ὡς
925 915 1019 967 καὶ
1046 914 1103 977 ἐς
1149 913 1319 985 δεῦρ’,
1356 909 1436 979 οἷς
1488 913 1705 985 μέτεστι

156 1003 468 1073 φιλοσοφίας,
504 990 762 1076 ᾅδεσθαι;
794 1007 859 1058 Ὃ
892 1006 984 1057 καὶ
1027 1006 1280 1076 μέγιστον
1307 1004 1459 1058 λάϐοι
1504 1006 1568 1059 ἄν
1599 1022 1703 1069 τις,

154 1099 200 1148 εί
223 1096 469 1164 βούλοιτο,
516 1096 871 1167 παράδειγμα
909 1098 1008 1167 τῆς
1054 1096 1195 1149 κατὰ
1225 1095 1319 1149 τοῦ
1358 1095 1704 1148 Ἀπολλωνίου

154 1184 399 1253 διαϐολῆς.
458 1186 520 1237 Εἰ
550 1185 658 1257 γὰρ
688 1188 717 1238 6
756 1187 1048 1257 Εὐφράτης
1075 1186 1225 1258 παρὰ
1256 1189 1367 1248 τοῖς
1395 1187 1528 1238 πᾶσι
1554 1184 1705 1254 φιλο-

154 1278 300 1350 σοφίᾳ
322 1278 615 1349 διαπρέψαι
643 1279 1025 1351 ὁμολογηθείη,
1042 1279 1165 1350 ὥρα
1191 1278 1577 1350 μισοπονηρίαν
1607 1280 1704 1357 μὲν

152 1368 340 1421 ἐκείνου
385 1371 711 1439 κατηγορεῖν
731 1409 747 1433 ,
800 1370 1105 1432 ἐπεξιόντος
1157 1370 1269 1431 τοῖς
1306 1367 1521 1430 ἀτόπως
1600 1368 1705 1421 ὑπὸ

150 1460 290 1513 τοῦδε
306 1459 598 1530 δρωμένοις
612 1475 632 1524 ν;
653 1461 863 1513 τουτονὶ
892 1460 947 1512 δὲ
973 1461 1110 1531 πρὸς
1144 1460 1349 1512 ἐκείνου
1370 1458 1704 1532 κατηγορού-

152 1568 314 1621 μενον,
365 1549 577 1620 φαύλην
636 1549 1057 1621 περιϐάλλεσθαι
1082 1551 1262 1615 δόξαν,
1294 1551 1375 1602 ὅτι
1405 1550 1469 1622 δὴ
1502 1550 1576 1621 μὴ
1608 1549 1701 1605 τὸν

149 1645 429 1716 ἀρέσκοντα
451 1643 529 1714 τῷ
563 1642 835 1714 φιλοσόφῳ
867 1644 1055 1714 μετῄει
1080 1644 1211 1714 βίον.

1812 639 2014 695 Verum
2044 640 2129 695 vel
2165 653 2331 705 caeco,
2362 646 2422 693 ut
2479 640 2534 693 in
2577 639 2867 709 proverbio
2896 639 3073 703 aiunt,
3110 636 3224 708 jam
3253 652 3377 707 per-

1812 735 2062 803 spicuum
2114 732 2222 796 sit,
2266 731 2411 803 quod
2462 733 2516 787 in
2565 731 2845 787 divinandi
2895 740 3014 787 arte
3056 730 3377 786 detrahatur

1811 826 1931 879 viro
1982 826 2052 880 ab
2097 825 2378 879 historico.
2411 824 2787 880 Concedamus
2833 833 3013 879 autem
3058 823 3114 877 in
3162 823 3374 877 caeteris

1812 931 1935 971 eum
1989 930 2310 987 generosum
2362 916 2603 970 animum
2649 916 3082 982 demonstrasse,
3130 914 3373 984 pericula

1811 1008 1975 1063 etiam
2013 1022 2111 1077 pro
2166 1006 2357 1083 amicis
2407 1006 2691 1062 subeundo
2734 1007 3071 1077 frequenter.
3109 1005 3181 1058 At
3225 1009 3373 1058 certe

1812 1097 2162 1168 Euphratem,
2194 1097 2374 1154 aditus
2404 1099 2470 1153 ad
2520 1099 2865 1169 imperatoris
2906 1097 3167 1168 palatium
3196 1097 3371 1167 parti-

1810 1192 1984 1261 cipem
2018 1190 2275 1253 reddens,
2300 1199 2489 1260 postea
2537 1198 2742 1254 tamen,
2776 1191 2845 1246 ob
2879 1190 3224 1245 intercedens
3258 1189 3373 1243 dis-

1811 1281 2033 1346 sidium,
2065 1280 2192 1333 talia
2224 1280 2290 1334 de
2316 1296 2382 1335 eo
2412 1279 2716 1350 proferens,
2740 1296 2941 1344 nonne,
2965 1281 3082 1351 ipsa
3109 1280 3372 1335 suadente

1810 1369 1941 1423 mihi
1973 1369 2204 1433 ratione,
2239 1368 2532 1440 Euphratis
2562 1370 2738 1441 egisse
2767 1370 3157 1441 sycophantam
3188 1369 3372 1440 argui.

1810 1468 1929 1525 tur,
1962 1462 2407 1532 philosophorum
2438 1478 2550 1517 suae
2587 1464 2762 1518 :etatis
2803 1462 3116 1525 clarissimi,
3144 1460 3237 1530 qui
3271 1460 3373 1514 ho-

1808 1552 1897 1607 die
1925 1554 2087 1608 etiam
2115 1555 2182 1608 ab
2207 1554 2297 1617 iis,
2338 1554 2431 1625 qui
2465 1554 2823 1626 philosophiae
2869 1554 3059 1609 imbuti
3090 1559 3221 1608 sunt
3258 1560 3373 1609 stu-

1805 1643 1933 1709 diis,
1956 1645 2296 1700 celebratur?
2319 1644 2472 1712 Quod
2501 1648 2677 1717 ipsum
2705 1648 2786 1702 vel
2811 1646 3245 1703 illustrissimum
3271 1643 3372 1697 ali-

151 1737 250 1802 cui,
273 1737 318 1793 si
340 1737 497 1801 velit,
564 1735 770 1809 [iustae]
801 1738 1072 1808 Apollonii
1134 1738 1578 1810 reprehensionis
1629 1740 1936 1810 exemplum
1980 1742 2237 1811 praebeat.
2287 1740 2343 1796 Si
2394 1742 2697 1813 Euphrates
2743 1743 2885 1797 enim
2949 1741 3189 1797 omnium
3238 1754 3372 1793 con-

150 1847 294 1887 sensu
324 1833 681 1902 philosophiae
717 1834 911 1889 studiis
937 1835 1279 1891 clarissimus
1322 1835 1606 1898 habeatur,
1647 1835 2083 1905 intempestivum
2124 1845 2272 1892 certe
2335 1837 2557 1891 minime
2604 1835 2787 1901 fuerit,
2823 1836 2969 1891 illius
2999 1849 3065 1891 eo
3120 1833 3370 1889 evincere

146 1923 293 1995 535
321 1925 587 1982 adversus
628 1928 1026 1998 improbitatem
1090 1932 1272 1985 odium
1295 1972 1311 1997 ,
1362 1928 1506 2001 quod
1565 1930 1707 1984 mala
1744 1931 2014 2001 Apollonii
2046 1931 2185 1986 facta
2210 1932 2373 1987 fuerit
2406 1934 2723 1988 insectatus.
2761 1924 2915 1986 Hunc
2968 1944 3117 1995 vero,
3144 1929 3236 2001 qui
3301 1927 3369 1981 ah

146 2031 206 2069 eo
232 2015 575 2085 arguebatur,
605 2016 980 2091 [concludere]
1012 2020 1151 2073 mala
1183 2020 1323 2076 fama
1357 2019 1697 2091 oppressisse
1731 2035 1877 2087 eum,
1919 2022 2076 2091 quasi
2106 2022 2269 2077 vitam
2303 2030 2485 2094 ageret
2517 2022 2873 2093 philosophiae
2936 2021 3161 2076 minime
3230 2032 3367 2073 con-

146 2120 466 2165 sentaneam.

648 2204 1041 2265 ΚΕΦᾹΛᾹῘΟΝ
1066 2213 1183 2265 ΛΔ’.

208 2300 364 2354 Πάλιν
414 2302 473 2354 ὲν
504 2301 584 2372 τῷ
634 2302 795 2373 ἕκτῳ,
862 2303 1303 2374 παραδοξολογῶν
1334 2305 1363 2358 6
1391 2304 1700 2375 μυθολόγος,

142 2392 250 2459 ἄγει
283 2392 377 2462 μὲν
400 2392 560 2445 αὐτὸν
587 2392 702 2462 ἅμα
736 2396 846 2456 τοῖς
867 2394 1099 2465 ἑταίροις
1127 2393 1357 2465 καμήλῳ
1390 2395 1703 2466 ὀχούμενον,

144 2482 217 2551 ἐφ’
235 2483 321 2546 οὓς
344 2501 507 2555 φησιν
541 2485 852 2553 Αἰγυπτίων
874 2486 912 2537 Γ
917 2486 1137 2556 υμνοὺς,
1180 2486 1517 2555 φιλοσόφους.
1537 2487 1704 2540 Ἔνθα

142 2575 196 2645 δὴ
218 2576 614 2646 προστάξαντος
652 2574 745 2629 τοῦ
790 2577 1017 2648 γυμνοῦ,
1056 2578 1272 2643 πτελέα,
1322 2581 1474 2649 φησὶ,
1506 2580 1567 2633 τὸ
1598 2581 1706 2633 δέν-

140 2665 252 2735 δρον
304 2667 699 2737 προσαγορεύει
739 2667 830 2719 τὸν
889 2668 1264 2731 Ἀπολλώνιον,
1321 2669 1565 2742 ὲνὰρθρῳ
1609 2672 1703 2724 καὶ

142 2756 314 2828 θηλείᾳ
343 2760 408 2828 τῇ
434 2761 605 2829 φωνῇ.
641 2759 750 2810 Καὶ
768 2758 977 2821 τούτοις
1004 2776 1064 2827 γε
1088 2762 1235 2831 ἡμᾶς
1255 2762 1282 2814 6
1302 2779 1321 2812 ι
1351 2761 1652 2833 Φιλαλήθης
1678 2781 1697 2813 ι

142 2850 399 2902 πιστεύειν
436 2849 599 2914 ἀξιοῖ.
633 2846 764 2913 Εἶτα
816 2851 1129 2921 Πυγμαίους
1175 2853 1374 2924 ἄνδρας
1420 2853 1560 2925 ὑπὲρ
1604 2856 1702 2928 τὴν

140 2939 325 2993 τούτων
374 2942 585 3012 ἱστορεῖ
628 2941 845 3012 χώραν,
893 2942 984 2994 καὶ
1044 2942 1524 3014 Ἀνθρωποφάγους
1564 2944 1699 3015 (72),

141 3033 224 3085 καὶ
274 3033 599 3097 Σκιάποδας,
658 3034 895 3104 Σάτυρον
929 3050 988 3085 τε
1038 3034 1172 3103 πρὸς
1217 3033 1310 3087 τοῦ
1348 3035 1699 3089 Ἀπολλωνίου

143 3123 554 3194 μεθυσκόμενον.
608 3124 697 3188 Ἐξ
743 3124 964 3177 ἐκείνων
990 3120 1148 3187 αὖθις
1193 3125 1469 3180 ἐπάνεισιν
1490 3128 1581 3179 ἐπὶ
1602 3126 1700 3198 τὴν

149 3217 374 3273 Ἑλλάδα.
443 3214 679 3291 Ὀμιλίαι
736 3238 793 3274 τε
846 3218 1004 3275 πάλιν
1037 3221 1223 3293 αὐτῷ,
1256 3225 1351 3277 καὶ
1369 3222 1701 3294 προγνώσεις

138 3308 529 3365 ἀνακανοῦνται
556 3312 895 3384 πρὸςτῖτον.
930 3314 1040 3366 Καὶ
1065 3313 1329 3385 δηχθέντα
1371 3314 1568 3387 ἔφηϐον
1596 3313 1701 3369 ὑπὸ

138 3400 417 3467 λυττῶντος
467 3405 647 3468 κυνὸς,
696 3405 753 3458 ὃν
808 3405 872 3477 δὴ
901 3406 992 3458 καὶ
1042 3406 1411 3477 ἐμαντεύσατο
1441 3408 1588 3471 ὅστις
1611 3407 1697 3477 εἴη

137 3494 440 3568 τὴνψυχὴν,
470 3498 556 3551 ὅτι
580 3498 609 3550 6
646 3496 747 3568 τῆς
779 3498 1052 3568 Αἰγύπτου
1077 3500 1205 3552 ποτὲ
1240 3499 1489 3570 βασιλεὺς
1524 3502 1700 3569 Ἀμα-

2321 2207 2552 2267 CAPUT
2602 2196 2840 2263 XXXIV.

1872 2298 2114 2358 Rursum
2140 2307 2390 2373 portenta
2419 2302 2472 2356 in
2503 2309 2658 2358 sexto
2681 2302 2822 2357 libro
2853 2301 3080 2373 loquens
3109 2310 3364 2375 nugator,

1805 2395 2027 2450 camelis
2050 2409 2171 2449 eum
2206 2408 2312 2447 una
2345 2408 2468 2447 cum
2503 2394 2670 2450 sociis
2706 2398 2921 2449 Veclum
2962 2394 3107 2450 sistit
3148 2396 3215 2450 ad
3245 2395 3368 2467 phi-

1803 2487 2083 2558 losophos,
2134 2500 2271 2555 quos
2316 2483 2503 2539 Nudos
2545 2486 2779 2556 appellat
2824 2484 3224 2557 Egyptiorum.
3265 2485 3364 2542 Ubi

1804 2578 2270 2651 gymnosophista,
2332 2580 2391 2633 ut
2440 2577 2658 2649 quidem
2703 2588 2891 2633 narrat
2909 2580 2976 2642 οι,
3000 2578 3244 2649 jubente,
3292 2580 3369 2632 ul-

1803 2686 1926 2725 mus
1963 2670 2128 2725 arhor
2156 2670 2501 2740 Apollonium
2538 2678 2670 2725 vo‘ce
2705 2670 2989 2725 articulata
3030 2679 3083 2725 et
3116 2672 3364 2727 muliebri

1804 2761 1963 2815 allata
2005 2766 2107 2815 est.
2149 2759 2311 2814 Hisce
2342 2768 2522 2814 autem
2556 2779 2574 2811 ι
2598 2758 2931 2815 Philalethes
2960 2778 2979 2811 ι
3010 2758 3167 2814 ﬁdem
3199 2775 3231 2813 a
3273 2776 3368 2814 no-

1802 2853 1890 2908 bis
1922 2850 2039 2906 vult
2075 2852 2288 2906 haberi.
2325 2846 2531 2907 Deinde
2558 2844 2831 2922 pygmaeos
2854 2852 2920 2915 θ’,
2955 2852 3099 2906 ultra
3136 2867 3368 2924 gymno-

1803 2944 2175 3014 sophistarUm
2220 2945 2449 3013 patriam
2495 2943 2725 3011 positos,
2760 2941 3368 3013 Anthropophagosqnc

1801 3045 1857 3092 et
1890 3033 2246 3104 Umbripedcs
2271 3039 2681 3099 commemorat,
2720 3030 3080 3104 Satyrumquc
3102 3035 3171 3088 ab
3203 3034 3367 3103 Apol-

1800 3126 1949 3181 lonio
1982 3113 2397 3180 inebriatum“.
2434 3118 2561 3176 inde
2588 3132 2765 3177 autem
2810 3123 2866 3176 in
2895 3122 3159 3179 Grzeciam
3196 3123 3367 3190 redit;

1799 3224 1849 3271 et
1877 3216 2097 3269 rursum
2129 3226 2255 3267 cum
2289 3213 2614 3282 imperatore
2634 3210 2758 3266 Tito
2788 3212 2833 3244 ’δ
2866 3227 3151 3269 sermones
3189 3224 3243 3269 et
3274 3230 3368 3267 va-

1800 3306 1988 3361 ticinia
2016 3303 2404 3358 communicat.
2439 3302 2615 3373 Atque
2652 3301 3076 3369 adolescentem,
3106 3319 3138 3357 a
3172 3303 3370 3357 rabido

1800 3402 2045 3454 morsum
2077 3412 2210 3451 cane
2231 3395 2300 3461 ’⁸,
2338 3394 2497 3463 cujus
2517 3394 2678 3449 etiam
2710 3394 2888 3448 anima
2911 3410 3032 3467 quae
3060 3394 3152 3460 sit,
3181 3394 3369 3465 (Ama-

1800 3488 1878 3542 sis
1906 3492 2101 3557 nempe
2131 3484 2372 3556 IEgyptii
2411 3483 2686 3553 quondam
2724 3484 2894 3553 regis)
2929 3484 3160 3550 divinat,
3203 3483 3269 3537 ab
3301 3499 3366 3539 eo

139 3590 365 3659 σις(Ἱ5),
417 3590 519 3660 τῆς
559 3591 845 3661 συμφορᾶς
901 3590 1251 3654 ἀπαλλάττει,
1280 3592 1438 3662 μέχρι
1470 3592 1564 3643 καὶ
1607 3589 1696 3643 τοῦ

1802 3578 1998 3633 liberat
2035 3577 2267 3632 mhrbo:
2301 3577 2478 3646 ipsum
2504 3589 2721 3645 quoque
2758 3589 2950 3629 canem
2976 3576 3030 3629 in
3064 3574 3367 3645 benignita-

139 3680 280 3743 κυνὸς
304 3680 579 3743 ἐπιτείνας
604 3681 664 3733 τὸ
701 3681 1077 3753 φιλάνθρωπον
1107 3682 1239 3752 (74).
1282 3683 1448 3735 Ταυτὶ
1480 3683 1577 3753 μὲν
1599 3678 1693 3735 οὖν

137 3772 196 3825 τὰ
217 3772 315 3843 πρὸ
348 3773 449 3842 τῆς
476 3773 805 3844 κατηγορίας
838 3773 985 3845 αὐτῷ
1014 3773 1398 3845 πεπραγμένα.

624 3972 1015 4026 ΚΕΦΛΛΑΙΟΝ
1066 3973 1189 4028 AE'.

205 4060 527 4132 Ἐπιστῆσαι
573 4059 617 4113 δ’
649 4061 796 4127 ἄξιον
849 4063 917 4115 δι’
967 4064 1092 4135 ὅλης
1131 4065 1230 4134 τῆς
1271 4063 1650 4137 πραγματείας
1674 4102 1691 4127 ,

136 4148 200 4211 ὡς
222 4152 321 4216 ὅτι,
352 4151 455 4204 κᾶν
482 4150 765 4221 ἀληθεύειν
807 4153 933 4224 δοοῇ
976 4154 1052 4225 τῷ
1087 4158 1386 4227 συγγραφεῖ
1413 4155 1481 4208 τὰ
1516 4155 1694 4227 παρά-

134 4238 261 4304 δοξα,
282 4242 573 4314 συνεργείᾳ
598 4242 848 4314 δαίμονος
874 4245 1099 4297 ἕκαστον
1127 4245 1274 4316 αὐτῷ
1292 4246 1692 4318 διαπεπρᾶχθαι

132 4331 319 4385 τούτων
338 4332 528 4401 σαφῶς
550 4333 841 4387 δείκνυται.
865 4335 936 4388 T6
958 4353 1016 4388 τε
1040 4336 1146 4408 γάρ
1172 4336 1263 4388 τοῦ
1293 4336 1481 4407 λοιμοῦ
1511 4353 1695 4406 προαι-

136 4422 335 4477 σθέσθαι
383 4424 515 4488 ἴσως
542 4425 640 4495 μὲν
669 4426 770 4479 οὐκ
810 4426 1138 4499 ἀπερίεργον
1166 4425 1387 4493 δόξειεν,
1410 4429 1478 4491 εὶ,
1508 4425 1692 4489 καθὼς

192 4564 230 4596 ⁹¹
269 4565 365 4620 lib.
399 4581 493 4630 vr,
528 4580 577 4619 c.
616 4565 703 4622 10.
791 4567 837 4599 ³³
875 4566 970 4622 lib.
1004 4581 1099 4631 Vl,
1166 4582 1217 4621 c.
1251 4567 1341 4624 25.
1415 4567 1462 4600 ³³
1502 4568 1596 4622 lib.
1632 4580 1686 4625 vt

1802 4567 1936 4622 .27.
2014 4564 2059 4597 ”
2099 4564 2198 4619 lib.
2235 4580 2325 4628 vr,
2387 4578 2439 4617 c.
2498 4562 2569 4615 29
2621 4565 2756 4633 scq.’

134 4632 173 4661 “
208 4634 298 4688 lib.
334 4651 397 4689 ιιι
425 4677 443 4704 ,
473 4651 524 4689 c.
563 4636 618 4690 ὁ.

133 4753 264 4818 sunt.
294 4746 627 4817 Προπείρειν
664 4760 814 4818 vero,
847 4754 920 4818 qut
956 4746 1408 4818 προκινδυνεύειν,
1438 4765 1533 4818 pro
1571 4749 1683 4804 alio

132 4815 422 4889 periculum
462 4815 667 4889 subire.
706 4816 861 4883 Quod
899 4815 1094 4889 fecisse
1126 4815 1471 4889 Apollonium
1515 4835 1685 4889 agno-

132 4886 476 4959 scit,‘virique
511 4885 668 4959 fortis
695 4896 747 4940 et
768 4888 1012 4959 generosi
1036 4885 1260 4959 gloriam
1291 4889 1394 4944 hoc
1420 4890 1538 4959 ipso
1553 4885 1680 4944 eum

132 4938 279 5025 tueri,
324 4938 583 5025 esseea;
614 4938 1065 5025 maenaa“?
1099 4938 1679 5024 ἐείὶἰὶὲεῖίῖιτΝὲιῖνὲξ
1716 4938 1756 4993 D

131 5020 270 5077 Rulli
303 5037 356 5081 et
387 5026 546 5111 omn
577 5020 1107 5111 imprimisgraiiam
1145 5028 1459 5111 προέπειρε.
1491 5030 1559 5081 At
1582 5020 1687 5111 ,9ιὲ-

131 5108 329 5166 cunque
362 5114 424 5153 se
447 5096 682 5166 habeant
703 5098 830 5158 ista,
852 5096 906 5147 in
931 5096 1146 5163 negotio
1174 5096 1320 5166 quod
1345 5096 1393 5152 ei
1426 5114 1549 5152 cum
1582 5098 1690 5153 Eu-

130 5163 305 5230 phrate
334 5164 676 5229 intercessit,
706 5167 947 5233 γενναῖον
973 5181 1032 5220 se
1059 5163 1321 5235 probasse
1340 5169 1687 5238 Apollonium

131 5243 294 5287 118231.

333 5302 691 5378 φιλοσόφων
733 5302 871 5378 τῶνΔ
890 5306 1017 5378 καθ’
1060 5305 1293 5378 ἑαυτόν,
1335 5307 1687 5378 Ῑιοίιοφιυη-

130 5376 208 5449 tur
230 5373 481 5449 puriores
513 5371 810 5449 scriptores
833 5371 1029 5449 Graeci,
1061 5384 1255 5449 nonut
1281 5377 1337 5449 in
1366 5371 1534 5449 editis
1553 5379 1679 5449 legi-

132 5447 225 5519 tur,
249 5442 557 5519 φιλοσόφων
577 5442 879 5519 γενομένων
898 5444 1005 5497 τῶν
1029 5445 1147 5519 καθ’
1177 5447 1383 5501 ἑαυτὸν.
1410 5442 1677 5519 Relegah-

130 5509 1122 5587 dumiigitur’fuit'yevopﬁvwv,quod
1162 5531 1228 5570 ex
1267 5520 1527 5587 margine,
1545 5509 1676 5587 ‘qua

130 5582 414 5660 ascriptum
488 5594 655 5660 erat,
723 5582 1223 5660 ad_explicandnm
1288 5582 1466 5657 tyroni
1496 5657 1504 5660 _
1536 5582 1679 5660 idio-

128 5653 357 5715 tismum.
387 5661 444 5725 et
487 5653 708 5725 quidem
750 5653 929 5708 alieno
973 5656 1112 5721 loco,
1154 5656 1211 5710 in
1249 5653 1454 5713 teitum
1494 5657 1676 5713 immi-

128 5724 285 5799 gravit
312 5740 349 5799 :_
380 5723 533 5799 ferri;
550 5726 694 5799 enim
738 5732 1016 5795 utcunque
1052 5734 1259 5797 posset,
1295 5728 1340 5782 si
1390 5737 1513 5799 post
1551 5730 1677 5782 ἑαυ-

127 5789 473 5863 τόνλροείιιιω
507 5794 724 5852 fuisset.

184 5860 291 5934 (τὶ)
322 5864 1138 5936 Ἀνθρωποφάτους.Ρ1ιὶΙοειι·.
1173 5866 1563 5943 Ἀνδροφάγους
1585 5883 1679 5939 ap—

1798 3668 1869 3724 tis
1900 3678 2013 3724 sua:
2035 3676 2243 3737 partem
2276 3668 2588 3721 admittens.
2617 3667 2794 3738 Atque
2820 3664 2934 3719 haec
2962 3665 3182 3736 quidem
3216 3674 3362 3726 sunt,

1798 3770 1920 3830 qua:
1976 3764 2268 3828 antequam
2322 3755 2490 3829 [apud
2540 3757 2922 3829 imperatorem
2969 3753 3363 3828 Domitianum]

1797 3849 2126 3913 deferretur,
2157 3858 2308 3918 gesta
2335 3848 2404 3903 ab
2433 3862 2499 3903 eo
2532 3845 2707 3903 fuere.
2746 3866 2751 3872 ·

2338 3959 2573 4018 CAPUT
2605 3958 2825 4015 XXXV.

1866 4057 1925 4112 ld
1958 4071 2091 4111 vero
2119 4053 2173 4109 in
2215 4061 2330 4109 tota
2359 4053 2448 4107 illa
2479 4052 2772 4108 tenendum
2801 4050 3030 4106 historia
3050 4056 3160 4117 est,
3186 4050 3359 4121 quod,

1794 4150 1840 4206 si
1872 4149 2204 4204 concedatur
2225 4146 2309 4203 vel
2348 4146 2583 4200 maxime
2626 4143 2908 4214 scriptori,
2955 4157 3082 4197 vera
3127 4157 3250 4198 eum
3281 4143 3365 4196 di-

1794 4252 1938 4308 cere,
1965 4248 2215 4311 portenta
2260 4239 2353 4293 illa
2384 4238 2511 4292 dum
2566 4237 2768 4303 refert;
2816 4234 2944 4290 mali
2986 4234 3248 4290 damonis
3275 4242 3364 4287 ta-

1793 4350 1921 4389 men
1956 4347 2144 4402 opera,
2169 4329 2353 4384 omnia
2397 4329 2503 4383 ista
2537 4335 2751 4399 patrata
2785 4341 2908 4382 esse
2948 4327 3019 4381 ab
3052 4325 3362 4396 Apollonio,

1795 4424 1955 4480 facile
1983 4424 2289 4479 evincatur.
2326 4419 2480 4487 Quod
2518 4421 2664 4475 enim
2690 4430 2896 4489 pestem
2929 4429 3056 4474 ante
3094 4418 3268 4474 sensit
3290 4417 3362 4481 ",
3472 4466 3479 4478 ,

2833 4562 2882 4594 "
2918 4561 3015 4617 lib.
3050 4577 3110 4616 vr
3133 4602 3148 4629 ,
3180 4574 3234 4617 c.
3268 4560 3362 4615 53.

1857 4751 1973 4804 llat.
2700 4772 2703 4777 ι

1786 4766 2117 4892 1λὲίξιῖξὶὀν
2156 4818 2234 4886 δὴ
2285 4818 2384 4873 καὶ
2415 4772 2887 4892 emersam...
2921 4818 3012 4872 ὅτι
3035 4819 3069 4872 δ
3098 4814 3209 4884 τῆς
3226 4822 3357 4892 33,-.

1787 4888 1932 4945 ποτὲ
1952 4888 2163 4955 βασιλ.
2195 4892 2456 4959 Ἄμασις.
2487 4888 2646 4943 Fallit
2686 4889 2776 4943 hic
2805 4891 3070 4944 memoria
3109 4903 3207 4942 sua
3250 4890 3359 4943 Fat»

1787 4961 1995 5015 sebium
2023 4978 2037 5026 ;
2068 4960 2287 5027 jchnis
2321 4960 2466 5014 enim
2518 4974 2547 5012 a
2583 4974 2720 5014 cane
2752 4973 2967 5015 morsus
2998 4973 3106 5013 non
3130 4959 3361 5027 Amasis

1788 5046 1910 5085 esse
1957 5026 2160 5084 dicitur
2209 5031 2278 5084 ab
2320 5028 2626 5099 Apollonio,
2673 5030 2768 5084 sed
2821 5029 3092 5099 Telephus
3125 5026 3354 5098 Mysius.

1787 5099 2013 5155 Videtur
2057 5099 2372 5170 confudisse
2404 5114 2528 5153 cum
2561 5116 2646 5170 ea,
2677 5099 2745 5153 de
2779 5114 2885 5170 qua
2922 5099 3176 5170 agitare,
3203 5106 3357 5170 gesta

1782 5170 2125 5226 Alexandriae
2172 5186 2296 5223 cum
2350 5169 2527 5231 leone,
2574 5169 2627 5223 in
2679 5166 2979 5235 quo'regis
3035 5166 3182 5220 illius
3214 5166 3359 5219 ’ani-

1782 5185 2125 5226 Alexandriae
2172 5186 2296 5223 cum
2350 5185 2527 5231 leone,
2574 5185 2627 5223 tn
2718 5186 2788 5224 uo
2835 5185 2979 5235 regis
3035 5185 3182 5220 llllus
3238 5185 3353 5219 am-

1782 5256 1926 5293 mam
1948 5255 2070 5363 8ῗὲ
2104 5240 2283 5295 aiebat
2315 5238 2659 5307 Apollonius.
2679 5185 2843 5293 qVide
2873 5238 3049 5292 Vitam
3081 5236 3225 5305 eius,
3256 5236 3353 5292 lib.

1782 5326 1855 5363 v1.
1898 5324 1949 5363 c.

1779 5326 1855 5371 Vl,
1898 5324 1949 5363 C.

1851 5379 1967 5451 (74)
1986 5379 2177 5451 Μέχρι
2188 5378 2287 5432 καὶ
2301 5378 2406 5451 τοῦ
2427 5378 2613 5445 κυνὸς
2627 5374 3005 5451 ἐπιτείναςτὸ
3026 5375 3356 5451 φιλάνθρω-

1779 5447 1919 5503 πον.
1946 5447 2106 5504 ’Μὶτέ
2132 5450 2220 5503 hic
2256 5450 2439 5504 omnia
2484 5449 2764 5518 pervertit,
2808 5462 3118 5518 promere,
3155 5447 3355 5500 Accio-

1779 5522 1897 5575 lus:
1921 5519 2077 5575 facile
2103 5518 2233 5589 quid
2257 5534 2345 5574 res
2366 5516 2851 5589 sitiassecuturus,
2880 5516 2924 5573 si
2960 5518 3359 5589 ipsumpcousu-

1779 5590 1974 5646 luisset
2003 5586 2411 5645 Philostratum.
2444 5588 2665 5643 Scilicet
2694 5596 2945 5659 spectant
2973 5587 3075 5641 ista
3098 5587 3165 5642 ad
3186 5586 3354 5657 Apol-

1778 5661 1911 5716 lonii
1931 5662 2014 5733 Ain,
2046 5662 2225 5733 ipsum
2246 5676 2469 5733 quoque
2491 5675 2700 5733 canem_
2714 5658 3128 5733 benignitatem,
3158 5672 3361 5727 nempe

1779 5729 2150 5803 περιώφθηδὲ
2174 5729 2293 5784 οὐδὲ
2318 5733 2348 5785 6
2378 5730 2546 5794 κύων,
2580 5738 2641 5784 ut
2668 5729 3037 5803 Philostratus
3057 5730 3170 5799 iit;
3194 5741 3357 5785 nam-

1778 5798 1886 5873 que
1908 5798 2011 5873 ipsi
2039 5798 2259 5874 quoque
2286 5803 2547 5858 restituta
2576 5802 2783 5857 sanitas
2805 5798 2933 5857 fuit.

1753 5954 1795 5963 κ.
