3938 6510
118 453 207 512 ειε

602 570 998 623 ΚΕΦΑΔΑῘΟΝ
1038 571 1154 624 AZ'.

177 657 558 730 Κατηγορεῖται
595 659 727 730 δῆτα
767 663 1021 733 γοητείαν
1065 665 1092 714 ὁ
1125 661 1281 732 ἀνήρ.
1318 656 1450 712 Εἶτα
1482 662 1663 731 Δημη-

114 749 230 819 τρίῳ
252 748 539 820 φιλοσόφῳ,
576 750 936 822 ἀποτρέποντι
970 752 1130 805 αὑτὸν
1156 752 1255 822 τῆς
1284 753 1376 804 ἐπὶ
1397 751 1496 822 τὴν
1532 750 1662 803 Ῥώ-

115 857 210 911 μην
242 840 491 910 παρόδου,
527 843 602 914 μὴ
636 843 971 914 πειθόμενος,
999 843 1207 914 ἐπαχθῆ
1235 861 1376 907 τινα,
1419 844 1512 897 κιιιὶ¹
1535 861 1665 914 φορ-

112 931 224 983 τικὰ
253 933 372 1002 περὶ
399 933 590 987 ἑαυτοῦ
621 929 723 988 ὧδέ
757 954 872 1000 πως
899 936 1051 1004 λέγει
1071 953 1083 965 ·
1119 956 1136 986 ι
1161 934 1302 1005 Ἐγὼ
1323 934 1380 987 δὲ
1411 935 1663 1004 γινώσκω

114 1024 205 1092 μὲν
235 1025 446 1077 πλεῖστα
481 1026 804 1098 ἀνθρώπων,
852 1028 946 1082 ἆτε
989 1028 1052 1099 δὴ
1088 1028 1195 1099 (8i)
1248 1027 1402 1091 εἰδὼς
1444 1029 1620 1082 πάντα
1645 1045 1657 1058 ⁸

110 1110 213 1166 οἴδα
236 1115 285 1167 δὲ
315 1109 386 1169 ὧν
416 1113 536 1172 οἶδα
565 1117 634 1171 τὰ
677 1120 775 1189 μὲν
805 1120 1133 1184 σπουδαίοις,
1165 1121 1231 1174 τὰ
1259 1121 1313 1172 δὲ
1359 1123 1560 1190 σοφοῖς,
1594 1119 1663 1173 τὰ

110 1205 162 1257 δὲ
188 1206 413 1276 ἐμαυτῷ,
449 1208 516 1260 τὰ
538 1209 595 1262 δὲ
619 1208 778 1273 θεοῖς.
816 1231 834 1261 ›
874 1211 982 1264 Καὶ
1005 1211 1066 1281 δὴ
1095 1214 1122 1264 ὁ
1151 1214 1206 1264 ὲν
1243 1211 1452 1275 τούτοις
1486 1212 1662 1266 πάντα

110 1294 287 1348 εἰδέναι
313 1296 838 1369 μεγαλαυχούμενος,
865 1300 1087 1372 προῖὼν,
1105 1303 1322 1369 ἄγνοιάν
1341 1320 1500 1356 τινων
1526 1305 1662 1375 πρὸς

109 1383 192 1436 τοῦ
215 1385 361 1452 λόγου
391 1393 795 1460 κατηγορεῖται.
827 1387 959 1443 Εἶτα
984 1391 1157 1463 Δάμις
1181 1393 1329 1464 αὐτῷ
1361 1395 1664 1464 μεταπλάτ-

109 1493 261 1537 τεται,
291 1477 376 1530 διὰ
404 1477 633 1533 θανάτου
680 1481 848 1550 φοϐον
885 1483 976 1536 τὸν
1010 1483 1295 1554 φιλόσοφον
1325 1488 1661 1557 ἐπικρυπτό-

112 1586 268 1637 μενος.
301 1571 495 1624 Ἀκουε
527 1573 573 1626 δ’
605 1570 697 1628 οὖν
739 1575 829 1627 τοῦ
873 1578 1248 1649 συγγραφέως,
1278 1579 1312 1632 ἃ
1342 1580 1469 1650 περὶ
1496 1580 1658 1634 αύτοῦ

109 1680 254 1732 φησιν
286 1663 719 1736 ἀπολογούμενος
739 1685 752 1697 ο
793 1687 808 1718 ε
856 1669 1012 1721 Αίτία
1043 1670 1141 1741 μὲν
1173 1670 1264 1741 ἥδε
1300 1670 1411 1741 (8‘2)
1441 1671 1532 1724 τοῦ
1569 1688 1661 1742 με-

107 1751 332 1805 ταδαλεῖν
358 1753 532 1825 Δάμιν
560 1757 620 1809 τὸ
647 1756 755 1809 τῶν
789 1758 1169 1830 Πυθαγορείων
1203 1760 1407 1831 σχῆμα.
1446 1763 1519 1814 Ού
1553 1762 1660 1834 γὰρ

105 1844 173 1906 ὡς
213 1845 378 1899 κακίω
424 1847 533 1918 (85)
585 1865 648 1917 γε
704 1853 834 1907 αὐτὸ
882 1853 990 1924 (81)
1030 1854 1265 1925 μετεῖναί
1311 1872 1493 1924 φησιν,
1542 1857 1660 1908 οὐδὲ

1224 452 1425 506 LIBER
1458 451 1734 507 CONTRA
1771 449 2184 508 HIEROCLEM.

3239 447 3340 502 8ῢο

2299 569 2527 624 CAPUT
2570 565 2823 622 XXXVII.

1845 663 2033 734 Magia:
2071 663 2237 734 igitur
2291 663 2412 718 dica
2447 663 2736 734 Apollonio
2769 655 3048 716 scribitur.
3082 658 3210 714 Inde
3238 673 3338 710 au-

1770 763 1878 810 tem
1912 755 2187 810 Demetrio
2215 755 2566 826 philosopho.
2589 754 2898 810 dehortanti
2921 767 3045 808 eum
3067 751 3339 806 abitinere

1771 847 1997 902 Romam
2030 847 2430 912 continuando,
2491 848 2712 902 minime
2739 846 3061 907 obaudiens,
3094 842 3329 897 insolen-

1774 949 1857 994 ter
1891 940 2158 1008 qumdam,
2192 956 2258 994 ac
2287 940 2522 1010 superbe
2555 939 2622 993 de
2661 953 2719 992 se
2752 938 2870 1008 ipso
2903 937 2988 991 his
3022 935 3132 990 fere
3159 935 3338 990 verbis

1774 1029 2057 1098 profert”:
2093 1049 2112 1081 ι
2143 1030 2256 1100 Ego
2305 1031 2611 1085 mortalium
2663 1038 2981 1084 cunctorum
3016 1028 3129 1082 scio
3167 1027 3337 1095 pluri-

1778 1136 1921 1174 mum
1955 1141 1968 1176 :
2002 1122 2116 1177 scio
2160 1125 2304 1177 enim
2346 1122 2549 1176 omnia.
2587 1121 2717 1188 Quae
2765 1122 2880 1176 scio
2923 1129 3103 1175 autem
3143 1120 3338 1188 partim

1769 1212 1883 1264 scio
1934 1212 2094 1267 bonis
2147 1213 2304 1275 viris,
2343 1211 2536 1280 partim
2575 1210 2936 1280 sapientibus,
2985 1208 3180 1279 partim
3227 1207 3331 1276 ipsi

1768 1302 1921 1366 mihi,
1947 1302 2148 1372 partim
2171 1303 2293 1356 diis.
2337 1322 2355 1353 ι
2397 1300 2500 1355 Sed
2524 1303 2666 1356 enim
2693 1303 2785 1371 qui
2812 1299 2994 1356 verbis
3013 1299 3134 1355 istis
3153 1298 3333 1352 omnia

1770 1408 1828 1447 se
1861 1407 2026 1449 nosse
2055 1393 2346 1464 magniﬁce
2378 1394 2666 1462 gloriatur,
2701 1393 2864 1460 paulo
2913 1399 3035 1462 post
3089 1390 3334 1462 ignoran-

1769 1485 1857 1539 tiae
1898 1485 1954 1539 in
1997 1486 2328 1555 quibusdam
2385 1486 2442 1538 in
2489 1485 2605 1554 ipsa
2649 1485 2738 1538 illa
2787 1483 3019 1538 historia
3064 1481 3332 1552 arguitur.

1769 1577 1898 1632 inde
1936 1592 2100 1648 porro
2145 1577 2330 1634 Darnis
2368 1576 2794 1632 transformatur
2829 1575 2896 1628 ab
2918 1591 3004 1638 eo,
3041 1573 3111 1628 ob
3143 1571 3334 1628 mortis

1768 1679 1969 1726 metum
2004 1670 2387 1740 philosophum
2436 1668 2803 1724 abscondens.
2855 1666 2962 1722 Sed
3001 1666 3126 1719 audi
3154 1663 3337 1718 Philo-

1769 1767 1974 1815 stratus
2007 1775 2128 1831 quaa
2181 1761 2329 1816 dicat
2373 1760 2415 1823 ⁸,
2466 1759 2519 1815 id
2569 1760 2773 1814 factum
2819 1757 2940 1828 ejus
2983 1757 3329 1813 defendens:

1772 1869 1790 1901 ι
1837 1851 1900 1905 Et
1924 1866 2092 1907 causa
2120 1851 2340 1922 quidem
2389 1853 2597 1908 exstitit
2634 1852 2760 1916 ista,
2791 1865 2892 1906 cur
2937 1849 3331 1922 Pythagoreum

109 1937 384 2002 μεταγνοὺς
415 1938 564 2002 αὐτὸ,
592 1939 784 2012 τέχνην
807 1941 862 1995 δὲ
895 1944 1208 2007 ἐπαινέσας,
1243 1945 1308 2012 ἣν
1340 1944 1577 2014 ὑπῆλθεν
1605 1947 1652 2008 ἐς

1763 1943 1945 2000 Damis
1972 1945 2216 1999 habitum
2265 1954 2529 2000 mutaret.
2560 1943 2750 2014 Neque
2795 1945 2943 1999 enim
2977 1943 3242 2014 abjccisse
3275 1957 3334 1996 se

103 2025 157 2076 τὸ
182 2024 438 2099 ξυμφέρον
467 2029 560 2082 τοῦ
598 2033 809 2103 καιροῦ.
855 2055 873 2086 ι

1762 2036 1838 2089 ait
1868 2051 2016 2098 eum,
2049 2044 2108 2090 ut
2147 2038 2238 2108 qui
2268 2039 2393 2092 vita:
2438 2032 2750 2092 institutum
2799 2045 3066 2092 mutasset
3097 2037 3152 2091 in
3183 2037 3333 2091 deleo

106 2121 224 2182 rius,
287 2139 464 2193 neque
530 2127 678 2196 quod
731 2129 854 2199 ejus
895 2131 1070 2201 ipsum
1115 2131 1424 2201 paeniteret,
1461 2128 1724 2200 sedquod
1765 2139 1943 2185 astum
1988 2132 2262 2201 probaret,
2297 2132 2387 2186 cui
2434 2147 2493 2186 se
2539 2131 3055 2195 accommodaverit,
3107 2129 3332 2200 tempori

105 2215 465 2273 inservituros.
514 2240 531 2271 ι

589 2316 984 2376 ΚΕΦΑΛΑΙΟΝ
1025 2321 1156 2372 AH’.

176 2403 286 2457 Ἐπὶ
323 2405 536 2471 τούτοις
567 2411 595 2461 ὁ
634 2409 990 2482 Φιλόστρατος
1020 2413 1293 2483 τέσσαρας
1330 2413 1526 2477 αἰτίας,
1561 2413 1660 2476 τὰς

105 2493 159 2564 δὴ
189 2495 428 2568 εὐχερεῖς
462 2500 611 2571 αὐτῷ
650 2502 784 2575 πρὸς
813 2502 1105 2572 ἀπολογίαν
1136 2504 1483 2575 νομισθείσας
1516 2508 1661 2559 ἐκτί-

106 2586 262 2656 θησιν,
311 2591 420 2643 ἀπὸ
473 2591 740 2647 πλείστων
794 2595 1070 2666 ὁμολογῶν
1121 2599 1212 2652 καὶ
1264 2597 1436 2652 ἄλλων
1491 2599 1660 2662 αὐτὰς

105 2677 402 2747 ἀνειλέχθαι.
438 2674 536 2734 Ὧν
573 2683 606 2752 ἡ
648 2681 746 2752 μέν
782 2700 866 2746 τις
898 2679 986 2754 ἦν·
1028 2704 1045 2735 ι
1084 2685 1148 2737 Τί
1194 2685 1324 2756 δῆτα
1377 2684 1564 2755 μαθὼν
1597 2685 1655 2736 οὐ

104 2769 186 2839 τὴν
215 2771 378 2843 αὐτὴν
409 2773 613 2826 ἅπασιν
657 2774 772 2845 ἔχοι
797 2776 1021 2847 στολὴν;
1055 2797 1074 2828 ι
1118 2779 1152 2848 ἡ
1181 2777 1259 2831 δέ’
1296 2797 1313 2829 ι
1348 2777 1453 2830 Τοῦ
1497 2777 1655 2848 χάριν

102 2863 142 2913 οἱ
173 2861 438 2933 ἄνθρωποι
466 2864 596 2917 Θεὸν
628 2867 789 2921 αὐτὸν
813 2868 1158 2939 νενομίκασι;
1198 2889 1214 2920 ι
1245 2871 1402 2941 τρίτη
1433 2886 1446 2898 ·
1489 2889 1506 2921 ι
1543 2872 1649 2924 Πό-

104 2955 180 3007 θεν
230 2960 475 3030 προείποι
511 2961 776 3029 Ἐφεσίοις
823 2963 913 3015 τὸν
958 2963 1175 3034 λοιμόν;
1213 2983 1230 3014 ι
1266 2965 1358 3018 ἐπὶ
1403 2965 1646 3027 ταύταιςο

106 3063 122 3095 ι
153 3047 260 3100 Τίνι
307 3049 417 3118 (8ῢ)
468 3049 688 3120 βαδίσας
724 3053 780 3117 ὲς
827 3054 992 3124 ἀγρὸν
1038 3055 1325 3125 ἀνατέμνει
1365 3056 1454 3108 τὸν
1488 3055 1651 3109 παῖδα

102 3140 178 3192 τὸν
220 3143 480 3213 Ἀρκάδα;
521 3165 540 3197 ι
577 3146 722 3218 Πρὸς
754 3147 954 3211 ταύτας
989 3149 1046 3202 δέ
1083 3166 1212 3219 φησι
1246 3151 1339 3202 καὶ
1379 3149 1476 3220 τὴν
1519 3151 1650 3202 ἀπο-

102 3230 262 3302 λογίαν
303 3237 466 3290 αὑτὸν
506 3240 858 3309 γεγραφέναι.
913 3240 1183 3312 Πρότερον
1223 3241 1266 3294 δ’
1316 3242 1516 3313 ἱστορεῖ
1565 3241 1653 3294 δε-
1684 3275 1723 3329 C

106 3333 236 3396 curii;
268 3331 431 3384 αὑτὸν
460 3335 850 3404 παραδοθῆναι,
885 3333 976 3386 καί
1001 3351 1054 3385 τι
1085 3332 1395 3402 θαυμαστὸν
1420 3333 1654 3387 ἐνταῦθα

103 3421 540 3489 κατεργάσασθαι.
589 3425 677 3496 Τῷ
703 3422 811 3493 γάρ
845 3443 924 3478 τοι
964 3425 1154 3494 Δάμιδι
1191 3426 1331 3495 μάλα
1372 3423 1650 3495 λυπηρῶς.

102 3509 163 3570 ὡς
191 3511 250 3564 ἂν
283 3515 376 3566 ἐπὶ
418 3517 671 3587 συμφορᾷ
713 3516 806 3570 τοῦ
837 3517 1155 3570 διδασκάλου
1186 3517 1530 3586 διακειμένῳ,
1559 3515 1655 3567 αύ-

101 3601 312 3670 τὸματον
336 3603 601 3668 ἐπιδεῖξαι
642 3605 931 3676 λελυμένον
975 3607 1068 3660 τοῦ
1104 3607 1303 3677 δεσμοῦ
1349 3607 1411 3660 τὸ
1441 3605 1646 3667 σκέλος·

105 3687 201 3745 εἶτα
232 3693 392 3748 πάλιν
427 3694 744 3749 ἀναλαϐόντ⁵
779 3697 939 3750 αὑτὸν
975 3698 1073 3769 τῆς
1105 3697 1300 3766 λύπης,
1330 3697 1558 3751 ἐνθεῖναι
1596 3700 1652 3759 ἐς

103 3783 150 3835 τὸ
174 3789 426 3860 πρότερον
460 3789 646 3861 σχῆμα
691 3790 782 3842 τὸν
828 3790 979 3844 πόδα.
1013 3789 1163 3844 Μετὰ
1196 3789 1372 3853 τοῦτο,
1400 3791 1652 3863 κρινόμε-

105 3894 174 3928 νον
202 3881 360 3933 αὐτὸν
403 3883 498 3935 ἐπὶ
542 3881 805 3952 βασιλέως
839 3883 1188 3953 Δομετιανοῦ,
1219 3882 1420 3952 γράφει
1445 3879 1562 3936 εἶτα
1588 3881 1650 3953 δὴ

102 3970 187 4021 τῶν
241 3973 606 4044 ἐγκλημάτων
663 3973 1016 4044 ἀπολυθῆναι,
1071 3977 1163 4028 καὶ
1216 3974 1352 4045 μετὰ
1398 3974 1495 4045 τὴν
1544 3973 1652 4026 τῶν

102 4062 436 4135 ἐγκλημάτων
466 4065 638 4132 λύσιν,
677 4068 777 4120 οὐκ
823 4062 917 4120 οἶδ’
956 4068 1103 4130 ὅπως
1137 4067 1398 4138 ἀκαίρως,
1439 4067 1528 4138 μοὶ
1569 4066 1652 4119 δο-

102 4156 185 4213 κεῖ,
208 4156 261 4207 ὲν
301 4155 379 4226 τῷ
409 4157 748 4228 δικαστηρίῳ
777 4158 913 4212 αὑτά
956 4159 1019 4229 δὴ
1059 4159 1228 4212 ταῦτα
1258 4161 1606 4231 ἀναφωνῆσαι
1632 4177 1644 4189 ⁸

105 4257 119 4287 ι
151 4242 255 4306 Δὸς,
290 4246 338 4297 εἰ
363 4244 544 4315 βούλει
579 4245 709 4317 (86),
736 4247 903 4318 κάμοὶ
939 4249 1120 4301 τόπον.
1148 4250 1210 4302 Ei
1242 4249 1298 4302 δὲ
1333 4250 1429 4320 μὴ,
1463 4251 1647 4322 πέμπε

100 4328 173 4382 τὸν
204 4332 504 4405 ληψόμενόν
539 4355 639 4408 μου
668 4339 729 4390 τὸ
757 4338 945 4409 σῶμα·
978 4340 1078 4410 τὴν
1111 4339 1219 4410 γάρ
1249 4342 1426 4412 ψυχὴν
1453 4341 1646 4394 ἀδύνα-

99 4437 190 4485 τον,
219 4427 420 4495 μᾶλλον
459 4427 504 4481 δ’
545 4429 652 4482 οὐδ’
682 4429 749 4484 ἂν
783 4430 842 4482 τὸ
886 4430 1044 4502 σῶμα
1071 4433 1270 4503 τούμὸν
1307 4433 1507 4496 λάϐοις.
1554 4452 1571 4484 ι

159 4718 229 4768 Οὐ
257 4717 367 4788 γάρ
401 4735 478 4787 με
502 4719 776 4788 κτενέεις,
809 4723 934 4776 ἐπεὶ
976 4723 1138 4778 οὗτοι
1175 4725 1467 4794 μόρσιμός
1503 4727 1638 4795 εἰμι.

155 4824 250 4880 Καὶ
281 4828 348 4900 δὴ
395 4829 486 4881 ἐπὶ
525 4829 696 4902 τούτῳ
728 4831 805 4904 τῷ
851 4833 1158 4905 περιϐοήτῳ
1205 4836 1408 4904 ῥήματι
1457 4838 1645 4904 ἀφανι-

103 4909 261 4980 39ῆναι
287 4918 384 4970 τοῦ
417 4918 764 4991 δικαστηρίου
801 4923 964 4993 φησὶν
994 4923 1174 4978 αὐτόν.
1202 4925 1310 4978 Καὶ
1333 4928 1388 4979 ὲν
1415 4926 1642 4991 τούτοις,

98 5001 143 5054 τὲ
173 5009 290 5079 περὶ
321 5011 489 5066 αὐτοῦ
522 5014 889 5084 καταστρέφει
911 5014 1114 5086 δρᾶμα.

2272 2314 2506 2370 CAPUT
2544 2315 2810 2370 XXXVIII

1834 2403 1965 2460 Post
1998 2405 2112 2460 haec
2132 2405 2500 2462 Philostratus
2525 2419 2758 2477 quatuor
2783 2408 3152 2466 accusationis
3183 2411 3330 2480 capi-

1763 2503 1837 2560 ta,
1895 2513 2016 2567 quae
2065 2495 2225 2552 facile
2268 2512 2325 2553 se
2372 2499 2619 2569 apologia
2658 2500 2867 2554 diluere
2899 2515 3059 2569 posse
3092 2510 3326 2568 putaret,

1762 2589 1988 2658 exponit
2017 2589 2075 2642 δι
2109 2605 2174 2644 ex
2204 2589 2454 2658 pluribus
2482 2590 2606 2645 aliis
2643 2605 2834 2645 eorum
2867 2589 3137 2645 delectum
3171 2589 3328 2644 habi—

1761 2689 1875 2733 tum
1898 2696 2020 2736 esse
2052 2681 2324 2752 inquiens.
2353 2681 2558 2736 Horum
2593 2685 2824 2754 primum
2861 2690 3015 2738 erat:
3060 2702 3079 2733 ι
3119 2684 3235 2749 Qua
3262 2683 3327 2738 de

1763 2787 1930 2828 causa
1953 2774 2141 2829 eodem
2175 2790 2283 2844 quo
2307 2778 2488 2831 caeteri
2513 2777 2699 2832 habitu
2739 2793 2848 2831 non
2880 2778 3098 2832 utatur?
3130 2797 3148 2830 ι
3181 2778 3328 2832 Alte-

1763 2882 1884 2921 rum
1915 2882 2080 2937 porro
2113 2886 2124 2921 :
2157 2887 2176 2920 ι
2215 2867 2394 2931 Ouare
2434 2869 2594 2924 deum
2651 2871 2829 2939 ipsum
2862 2870 3110 2926 homines
3139 2880 3328 2940 putent

1759 2961 1914 3015 esse?
1942 2981 1960 3014 ι
1984 2959 2256 3016 Tertium:
2281 2981 2297 3010 ι
2322 2960 2565 3028 Quanam
2597 2962 2811 3017 ratione
2844 2970 3052 3033 pestem
3079 2961 3327 3032 Ephesiis

1759 3051 2133 3108 imminentem
2185 3054 2535 3123 praadixerit?
2573 3075 2590 3107 ι
2628 3055 2895 3110 Prmterea
2930 3073 2943 3109 :
2981 3073 2998 3106 ‹
3053 3054 3112 3109 in
3167 3055 3324 3124 cujus

1758 3143 1990 3212 gratiam
2025 3144 2080 3198 in
2116 3160 2306 3216 agrum
2333 3145 2630 3215 profectus,
2661 3146 2925 3201 Arcadem
2949 3163 3178 3217 puerum
3207 3147 3324 3202 dis-

1760 3237 2068 3306 cerpserit?
2106 3257 2125 3290 ι
2161 3239 2337 3308 Atque
2380 3239 2447 3292 ad
2501 3238 2821 3308 depellenda
2866 3240 2967 3294 ista
3021 3239 3321 3310 apologiarn

1759 3343 1977 3399 quoque
2010 3344 2134 3383 eum
2167 3331 2456 3399 scripsisse
2487 3331 2562 3384 ait
2593 3332 2633 3386 ⁸.
2667 3332 2806 3385 Ante
2834 3346 2964 3386 vero
3008 3331 3061 3384 in
3105 3331 3322 3386 vincula

1757 3435 1882 3474 eum
1913 3420 2225 3489 conjectum
2257 3429 2541 3483 memorat,
2585 3430 2747 3491 atque
2770 3423 2825 3476 in
2862 3422 2929 3477 iis
2955 3423 3120 3476 etiam
3149 3422 3322 3476 admi—

1757 3511 1930 3564 randa
1985 3510 2230 3578 quaedam
2293 3512 2634 3581 prmstitisse.
2688 3512 2894 3567 Damidi
2945 3513 3088 3567 enim
3139 3513 3321 3567 animo

1756 3602 1911 3656 valde
1950 3603 2171 3668 afﬂicto,
2208 3611 2265 3657 ut
2297 3619 2398 3674 par
2425 3611 2544 3659 erat
2594 3605 2650 3657 in
2702 3604 2807 3659 ista
2851 3604 3202 3674 praeceptoris
3233 3605 3318 3660 sui

1755 3690 1998 3755 fortuna,
2047 3700 2241 3760 sponte
2285 3692 2418 3762 pede
2461 3691 2683 3760 delapsa
2731 3691 2943 3746 vincula
2995 3705 3120 3745 eum
3162 3705 3320 3744 mon-

1756 3789 1961 3838 strasse
1991 3783 2034 3847 ⁷,
2073 3783 2199 3838 inde
2227 3798 2378 3849 vero,
2416 3784 2508 3839 ubi
2537 3783 2656 3854 ejus
2689 3782 2970 3838 tristitiam
2994 3789 3139 3838 esset
3168 3780 3316 3836 sola-

1755 3883 1865 3936 tus,
1904 3876 2072 3945 priori
2113 3878 2282 3932 statui
2317 3878 2505 3947 pedem
2544 3877 2874 3933 restituisse.
2906 3875 3038 3931 Post
3085 3876 3199 3930 lucc
3224 3889 3316 3929 co—

1755 3982 1870 4020 ram
1905 3966 2214 4023 Domitiano
2249 3969 2577 4040 imperatore
2613 3983 2835 4024 causam
2867 3967 3158 4030 dicentem,
3189 3982 3314 4021 mox

1753 4060 1980 4115 crimine
2030 4061 2341 4117 absolutum
2387 4061 2599 4124 scribit,
2630 4061 2925 4130 dilatisque
2956 4075 3076 4130 qua:
3104 4058 3316 4128 objecta

1755 4150 1969 4204 fuerant
1998 4153 2342 4217 criminibus,
2375 4154 2562 4207 nescio
2594 4152 2866 4222 quomodo
2893 4165 3083 4221 parum
3118 4163 3316 4219 oppor-

1753 4251 1882 4296 tune
1915 4245 2219 4313 sequentia,
2272 4245 2407 4313 ipsis
2457 4244 2656 4306 verbis,
2707 4244 2760 4296 in
2802 4242 3094 4296 dicasterio
3121 4255 3318 4310 magno

1751 4335 1990 4391 clamore
2012 4338 2305 4405 protulisse
2324 4337 2345 4367 ⁸
2384 4355 2396 4389 :
2440 4353 2458 4386 ‹
2495 4334 2602 4390 Fac
2628 4343 2684 4390 et
2706 4335 2837 4389 mihi
2862 4331 3104 4406 [dicenti]
3129 4347 3314 4401 quceso

1751 4427 1951 4479 locum.
2012 4424 2107 4479 Sin
2161 4427 2364 4487 minus,
2425 4425 2656 4480 immitte
2711 4425 2805 4494 qui
2861 4438 3063 4494 corpus
3111 4420 3314 4476 vinciat

1750 4532 1969 4584 meum;
2027 4517 2468 4586 quandoquidem
2516 4516 2674 4586 ligari
2718 4515 2899 4570 anima
2943 4512 3152 4582 nequit.
3201 4509 3314 4566 lmo

1683 4620 1726 4674 ι)
1755 4610 1936 4680 potius
1958 4624 2026 4664 ne
2053 4624 2254 4680 corpus
2282 4609 2500 4680 quidem
2528 4623 2708 4665 meum
2737 4607 2966 4662 vincias.
3014 4623 3034 4658 ι

1753 4719 1864 4775 Nec
1897 4737 1974 4776 me
2002 4722 2139 4776 enim
2184 4722 2408 4786 occides,
2463 4721 2653 4776 Parcis
2687 4738 2766 4775 me
2799 4719 3008 4788 auferre
3048 4720 3308 4788 negatum.

1749 4835 1995 4906 Dumque
2036 4838 2179 4894 istud
2210 4849 2316 4894 tam
2356 4840 2568 4895 celebre
2593 4838 2796 4893 dictum
2832 4835 3116 4906 proferret,
3158 4830 3318 4901 536

1751 4945 1780 4982 e
1805 4929 2100 4984 dicasterio
2132 4947 2255 4985 eum
2290 4931 2625 5003 disparuisse
2654 4929 2749 4984 ait.
2782 4927 2956 4998 Atque
2977 4927 3092 4982 lucc
3114 4932 3197 4981 est
3233 4925 3313 4978 fa-

1753 5019 1897 5074 bulze
1924 5021 2044 5088 ejus
2073 5023 2436 5092 catastrophe.

156 5158 172 5188 ³
208 5161 296 5240 lib.
331 5175 410 5216 vn
437 5201 450 5223 ,
486 5162 682 5245 cal-ia
735 5162 758 5194 δ
788 5164 992 5245 libuvu
1015 5208 1030 5229 ,
1067 5181 1117 5220 c.
1153 5166 1239 5221 16.
1273 5169 1337 5245 ⁸³
1377 5169 1607 5245 ιίδεμνιι,
1642 5189 1694 5227 c.
1727 5172 1837 5234 20;
1877 5173 2013 5245 adde
2042 5189 2092 5226 c.
2127 5175 2211 5227 11.
2244 5183 2298 5229 et
2330 5177 2424 5231 lib.
2461 5193 2592 5241 rm,
2629 5192 2680 5232 c.
2712 5177 2780 5239 5,
2814 5189 2974 5245 quem
3011 5174 3190 5228 locum
3220 5170 3308 5225 hic

101 5235 307 5287 maxime
360 5235 560 5302 respici
594 5239 746 5302 puto.
823 5235 844 5266 ⁶
880 5235 975 5290 lib.
1014 5252 1110 5290 vm
1134 5275 1148 5300 ,
1182 5252 1235 5291 c.
1265 5237 1318 5292 6.
1393 5247 1414 5279 τ
1457 5240 1551 5295 lib.
1588 5261 1658 5296 vu
1682 5283 1696 5306 ,
1732 5260 1781 5298 ο.
1819 5245 1907 5298 59.
1987 5244 2008 5275 ’³
2050 5245 2142 5298 lib.
2177 5261 2275 5298 vm
2299 5285 2312 5309 ,
2350 5261 2400 5300 ο.
2439 5247 2491 5301 5.

294 5349 425 5423 Ϊᾼᾉζε
447 5348 542 5423 δή.
584 5350 866 5407 Omittitur
892 5352 954 5423 δή
986 5352 1125 5422 apud
1154 5351 1561 5412 Philostratum.

156 5415 256 5493 $82)
294 5419 732 5493 Ἦδεηοηιηίηο
757 5415 1041 5493 legendum
1072 5423 1163 5493 ἥδε
1191 5440 1257 5479 ex
1281 5425 1634 5489 Philostrato.

102 5483 414 5568 referturque
448 5491 580 5546 illud
608 5493 701 5564 ἣδε
722 5483 897 5568 ‘advea
933 5510 1054 5562 quae
1087 5483 1463 5568 praecedebant
1494 5483 1637 5566 apud

103 5560 240 5632 {stum
272 5560 844 5632 scriptorem,'quihus
872 5560 1048 5620 causae
1078 5560 1271 5620 mutati
1299 5581 1332 5619 a
1359 5560 1640 5622 Dami'ha-

102 5617 224 5678 bitus
252 5617 693 5689 continebantur.

161 5693 256 5764 (85)
305 5699 620 5764 Ὠς-κακίω.
660 5703 845 5758 Lectio
878 5703 1177 5760 indubitate
1215 5721 1355 5770 vera,
1389 5717 1448 5761 ut
1486 5724 1639 5763 mero

103 5756 323 5849 ξὲᾕοτὲημ
370 5756 503 5849 editi
535 5756 889 5849 quiroinisso
916 5756 1634 5849 ὡςιιξίιὶέηῐῇἆίείᾶῂᾝέζ

104 5825 267 5888 liorem
296 5825 675 5898 lectionerirei
693 5825 1485 5902 iisiissea'tb’;araaeii.ugt'
1519 5825 1586 5876 ’Ἴ

163 5902 262 5975 ιιι)
300 5911 475 5965 Αὐτό.
519 5910 824 5971 Pronomen
870 5915 972 5970 hoc
1021 5914 1328 5971 addidimus
1355 5933 1422 5972 ex
1453 5917 1630 5975 Philo-

1737 5367 1933 5416 strato.

1813 5430 1923 5497 (85)
1967 5430 2106 5500 Τίνι.
2150 5428 2346 5483 Notum
2377 5437 2460 5483 est
2486 5431 2630 5500 apud
2652 5431 2869 5500 Graecos
2894 5429 3098 5500 pariter
3117 5443 3180 5482 ac
3203 5425 3300 5500 La-

1739 5499 1885 5553 tinos
1907 5499 2090 5552 dativo
2110 5500 2342 5568 exprimi
2364 5498 2652 5568 personam
2681 5501 2735 5554 in
2769 5498 2927 5568 cujus
2952 5499 3178 5568 gratiam
3206 5499 3304 5551 ali-

1741 5569 1871 5639 quid
1903 5571 1978 5622 tit.
2016 5567 2218 5639 Nempe
2249 5569 2303 5622 in
2334 5567 2522 5624 Nervae
2545 5571 2772 5639 gratiam
2804 5567 3164 5623 abominanda
3200 5569 3303 5622 ista

1743 5655 1900 5694 sacra
1953 5648 2172 5708 peracta
2223 5639 2393 5694 fuisse
2447 5639 2784 5694 Domitianus
2817 5639 3224 5709 suspicabatur,
3246 5643 3328 5709 ut,

1742 5726 1809 5763 ex
1841 5707 2165 5783 Philostrati
2198 5711 2502 5783 clarissime
2541 5719 2764 5783 constat
2791 5707 3038 5783 historia.
3070 5707 3176 5783 Sed
3215 5707 3334 5783 hic_

1741 5790 1920 5882 tamep
1951 5781 2113 5882 qtiam
2143 5781 2397 5836 Acciolus
2432 5781 2670 5852 impegit.
2703 5780 2806 5836 Ubi
2841 5797 2968 5837 vero
2991 5794 3099 5835 non
3135 5778 3301 5849 impe-

1778 5850 1815 5901 it
1845 5850 1976 5903 iste?

1741 5866 1944 5988 εηυέἒῗ
1960 5891 2187 5977 ὶῖοὐλει.
2231 5921 2511 5990 Philostr.,
2547 5923 2763 5993 βούλοιο.
