3938 6502
638 422 738 479 851
901 395 934 401 η
1271 420 1536 478 EUSEBll
1567 419 2044 478 CAESARIENSIS
2075 421 2227 490 OPP.
2262 418 2442 486 PARS
2480 420 2545 477 ll.
2583 452 2657 464 -—
2691 420 3191 482 APOLOGETICA.
3763 427 3859 483 859

1171 535 1402 596 CAPUT
1441 535 1682 600 XXXIX.
2233 545 2281 603 Α

2233 545 2281 603 Α
2815 542 3211 602 ΚΕΦΑΔΔΙΟΝ
3246 542 3371 606 ΔΘ.

712 645 966 705 Historias
996 656 1176 702 autem
1212 648 1388 720 ipsius
1423 651 1682 721 scriptor,
1715 649 1842 704 dum
1877 651 2198 709 miraculum

2384 653 2442 707 '0
2473 653 2569 723 μὲν
2597 649 2688 706 οὖν
2727 657 3072 725 συγγραφεὺς
3093 656 3188 708 ὲπ¹ι
3218 655 3311 708 τοῦ
3344 656 3486 709 κατὰ
3511 655 3573 708 τὸ
3596 655 3858 729 eum.

635 740 689 795 in
738 754 961 795 carcere
1011 747 1285 810 patratum
1329 743 1586 814 exponit,
1632 743 1777 812 quod
1811 742 1936 797 fuco
1967 744 2190 813 phanta-

2303 763 2417 817 ριον
2441 746 2734 816 θαύματος,
2770 747 2909 804 κατὰ
2942 748 3267 816 φαντασίαν,
3294 749 3369 812 ὡς
3391 749 3592 812 ἔοικεν,
3635 751 3734 802 ὑπὸ
3767 752 3857 802 τοῦ

637 831 766 897 βίω,
801 839 860 885 ut
892 832 1116 888 credere
1146 848 1247 903 par
1276 846 1390 902 est,
1435 835 1614 902 facto,
1654 835 1939 892 familiaris
1973 835 2192 907 spiritus

2301 835 2568 908 παρέδρου
2595 837 2848 907 δαίμονος
2889 837 2966 908 τῷ
3006 837 3199 908 Δάμιδι
3235 839 3554 910 ὲωραμένου
3576 878 3591 903 ,
3619 841 3849 910 ἐπιφέρει

631 938 733 993 ape
765 921 949 979 Damis
982 925 1226 991 viderat,
1257 926 1372 983 hac
1400 929 1569 983 verba
1600 929 1880 1000 subjungit
1909 930 1929 960 '
1963 945 1978 980 :
2005 947 2025 980 ι
2058 927 2186 984 Tum

2298 927 2468 996 λέγων
2487 944 2499 957 ·
2525 947 2544 978 ι
2573 927 2706 981 Τότε
2751 927 2965 998 πρῶτον
2993 930 3022 981 ό
3051 929 3223 999 Δάμις
3261 930 3423 998 φησιν
3460 929 3701 1000 ἀκριϐῶς
3744 929 3848 993 ξυν-

633 1013 866 1083 primum
909 1014 1096 1070 Damis
1137 1017 1212 1070 ait
1256 1025 1508 1072 naturam
1551 1018 1820 1090 Apollonii
1882 1017 2188 1074 accuratius

2295 1025 2434 1074 εἶναι
2471 1021 2570 1091 τῆς
2604 1021 2955 1073 Ἀπολλωνίου
2999 1021 3239 1090 φύσεως,
3286 1022 3367 1074 ὅτι
3407 1021 3526 1074 θεία
3557 1039 3616 1074 τε
3654 1022 3738 1091 εἴη
3765 1025 3846 1074 καὶ

630 1105 1019 1174 perspexisse,
1063 1105 1247 1162 divina
1291 1108 1438 1178 quod
1487 1109 1592 1173 sit,
1629 1118 1683 1165 et
1717 1110 1952 1164 humana
1998 1109 2185 1179 major.

2297 1115 2558 1185 κρείττων
2587 1113 2891 1185 ἀνθρώπου.
2924 1113 3008 1185 Μὴ
3034 1115 3142 1185 γὰρ
3183 1113 3420 1166 θύσαντά
3466 1130 3521 1166 τι
3561 1113 3664 1181 (87)
3717 1113 3846 1178 (πῶς

637 1190 822 1263 Neque
864 1195 1008 1250 enim
1053 1210 1210 1251 sacra
1254 1197 1364 1251 ulla
1409 1198 1700 1252 obeuntem
1785 1196 1909 1268 (qui
1951 1195 2096 1251 enim
2137 1195 2192 1250 in

2295 1205 2405 1275 γὰρ
2428 1206 2484 1258 ὲν
2511 1204 2864 1275 δεσμωτηρίῳ
2883 1205 2943 1275 ;),
2976 1205 3108 1275 μηδὲ
3141 1204 3457 1274 εὐξάμενον.
3485 1204 3619 1275 μηδὲ
3640 1204 3844 1256 εἰπόντα

632 1299 858 1342 carcere
909 1287 1293 1358 potuisse”),
1323 1302 1498 1357 neque
1545 1288 1948 1358 precationibus
1998 1303 2187 1354 usum,

2294 1313 2366 1362 τι,
2395 1295 2760 1365 καταγελάσαι
2784 1296 2878 1348 τοῦ
2916 1295 3114 1366 δεσμοῦ
3136 1335 3150 1358 ,
3184 1296 3277 1348 καὶ
3311 1295 3682 1367 ὲναρμόσαντα
3713 1294 3844 1364 αὐτῷ

626 1393 803 1449 neque
850 1379 1080 1434 verbum
1131 1377 1498 1450 proferentem
1546 1379 1751 1442 ullum,
1793 1377 2016 1448 pedicas
2059 1393 2181 1434 con-

2291 1386 2352 1439 τὸ
2381 1387 2572 1451 σκέλος
2602 1385 2672 1440 τὰ
2705 1386 2800 1440 τοῦ
2843 1386 3120 1457 δεδεμένου
3151 1387 3425 1458 πράττειν.
3458 1405 3476 1436 ι
3516 1384 3654 1452 Ἐγὼ
3683 1386 3740 1439 δὲ
3761 1385 3839 1439 οὔ·

627 1471 855 1541 temptui
898 1470 1203 1527 habuisse:
1245 1485 1555 1542 rursusque
1597 1485 1760 1525 crure
1797 1470 1904 1525 illis
1933 1471 2181 1535 inserto,

2293 1478 2410 1528 ποτ’
2436 1475 2502 1529 ἂν
2535 1477 2863 1546 καταγνοίην
2905 1475 3208 1547 βραδύτητα
3237 1474 3330 1527 τοῦ
3377 1474 3650 1544 φοιτητοῦ,
3677 1477 3726 1526 ει
3764 1474 3841 1527 τὸν

626 1567 686 1613 ut
728 1558 966 1614 vinculis
1007 1559 1104 1630 qui
1137 1566 1284 1616 esset
1316 1560 1652 1615 constrictus
1673 1601 1687 1623 ,
1720 1575 1843 1616 sese
1873 1558 2128 1630 gessisse.
2164 1575 2181 1609 ι

2293 1567 2471 1620 πάντα
2511 1566 2624 1636 βίον
2672 1566 2843 1620 συνὼν
2877 1566 3054 1637 αὐτῷ,
3095 1567 3187 1619 καὶ
3226 1565 3314 1620 διά
3354 1581 3518 1618 τινων
3555 1566 3843 1638 περιέργων

624 1645 740 1718 Ego
796 1664 930 1704 vero
975 1649 1110 1705 vitio
1164 1656 1374 1706 vertere
1421 1648 1642 1719 quidem
1695 1648 1969 1718 discipulo
2020 1647 2179 1701 nolim

2290 1657 2430 1728 ὁρῶν
2458 1658 2619 1711 αὑτὸν
2657 1658 3018 1711 ἀποτελοῦντα
3045 1658 3113 1711 τὰ
3155 1656 3449 1729 παράδοξα,
3483 1658 3633 1710 οὐδέν
3663 1675 3714 1709 τι
3745 1658 3839 1710 δια-

625 1738 936 1796 tarditatem
981 1756 1172 1809 suam,
1218 1741 1367 1812 quod
1398 1755 1558 1796 omne
1587 1755 1711 1798 cum
1751 1755 1818 1796 eo
1861 1755 2180 1799 consumens

2293 1746 2476 1816 φέρειν
2529 1747 2694 1801 αὑτὸν
2728 1749 2910 1818 ἡγεῖτο
2939 1749 3036 1818 τῆς
3077 1748 3275 1819 θνητῆς
3317 1747 3547 1816 φύσεως.
3600 1746 3733 1798 Ἀλλ’
3770 1747 3836 1800 ἐτι

623 1845 827 1897 :evum,
854 1838 913 1887 et
939 1833 1448 1903 superstitiosorum
1475 1831 1841 1903 quorumdam
1873 1830 2074 1884 rituum
2103 1829 2178 1883 επις

2293 1838 2386 1901 καὶ
2415 1836 2508 1892 νῦν
2539 1838 2676 1910 μετὰ
2709 1839 2977 1911 τοσαύτην
3005 1839 3444 1910 θαυματουργίαν
3466 1839 3537 1890 τὰ
3559 1839 3674 1890 κατ’
3697 1839 3834 1891 αὑτὸν

626 1891 872 1979 terventu
911 1891 1184 1980 mirabilia
1216 1940 1341 1988 eum
1380 1891 1596 1996 patrare
1630 1923 1858 1986 videns.
1894 1922 2030 1976 nihil
2063 1937 2181 1976 eum

2289 1891 2504 1996 ..πετο
2539 1891 2769 1993 εἰκότως
2793 1929 2848 1992 δι
2887 1891 3093 2001 ἀγωνιᾷ
3112 1891 3230 1982 ’.έαι
3262 1891 3405 1982 δέδιε
3433 1929 3565 2000 (ss),
3607 1930 3678 1992 ὡς
3715 1929 3833 1998 ὑπὲρ

623 2016 838 2072 mortali
871 2026 1132 2087 praestare
1157 2024 1356 2072 natura
1393 2015 1742 2072 existimarit.
1771 2017 1841 2069 At
1868 2029 1998 2073 vero
2026 2014 2178 2068 etiam

2287 2019 2596 2091 ἀνθρώπου,
2633 2023 2705 2093 μή
2742 2039 2793 2076 τι
2840 2021 3000 2076 πάθοι
3047 2023 3196 2094 παρὰ
3237 2021 3574 2093 προαίρεσιν.
3603 2022 3662 2074 Εἰ
3692 2020 3745 2074 δὲ
3781 2020 3831 2091 δὴ

620 2116 744 2179 post
797 2116 1008 2164 tantum
1054 2124 1193 2181 opus
1235 2117 1547 2179 patratum,
1593 2108 1774 2178 qualis
1819 2108 1910 2163 ille
1955 2109 2175 2170 existat,

2287 2110 2501 2182 πρῶτον
2530 2111 2653 2182 ἄρτι
2692 2112 2832 2183 μετὰ»
2869 2113 2969 2183 τὴν
3001 2112 3267 2182 τοσαύτην
3306 2112 3585 2182 διατριϐὴν
3607 2152 3622 2175 ,
3662 2113 3738 2164 ὅτι
3779 2111 3828 2181 δὴ

619 2201 873 2273 ignorat:
903 2210 959 2260 et
979 2243 995 2268 ,
1039 2214 1098 2258 ut
1140 2202 1223 2258 fas
1271 2203 1344 2258 sit
1389 2201 1695 2273 ignoranti,
1726 2201 1796 2257 ob
1827 2201 2004 2272 ipsum
2036 2199 2174 2270 angi-

2287 2198 2429 2262 θεῖος
2453 2199 2536 2271 εἴη
2580 2202 2674 2253 καὶ
2719 2202 3028 2272 κρείττονος
3057 2201 3342 2274 ἀνθρώπου
3379 2203 3612 2270 φύσεως,
3646 2201 3827 2271 ξυνίησι

619 2303 727 2359 tur,
759 2304 921 2369 atque
944 2299 1133 2367 timet,
1162 2297 1386 2369 perinde
1414 2313 1478 2352 ac
1507 2297 1553 2352 si
1582 2299 1745 2351 homo
1771 2295 1842 2351 sit
1872 2294 2053 2349 nudus
2074 2334 2088 2358 ,
2119 2309 2174 2348 ne

2283 2293 2380 2365 τὴν
2406 2294 2593 2346 τούτου
2618 2294 2842 2360 ξυνιδεῖν
2867 2295 3013 2360 ἄξιον
3049 2298 3249 2360 αἰτίαν,
3273 2300 3339 2369 ἦν
3367 2299 3526 2360 αὐτὸς
3561 2301 3589 2352 ό
3623 2315 3827 2367 συγγρα-

617 2389 752 2459 quid
774 2390 860 2455 ei,
889 2389 1035 2460 quod
1064 2390 1290 2446 minime
1314 2389 1481 2455 velit,
1511 2389 1750 2445 eveniat.
1781 2385 1955 2441 Porro
1980 2387 2026 2442 si
2063 2393 2172 2453 post

2285 2389 2416 2456 φεὺς
2442 2387 2591 2459 δηλοῖ
2619 2389 2818 2457 λέγων·
2856 2409 2873 2440 ι
2897 2390 2989 2462 Μὴ
3023 2390 3130 2462 γὰρ
3161 2391 3397 2445 θύσαντα
3421 2409 3494 2454 τι,
3528 2393 3656 2462 μηδὲ
3689 2393 3825 2443 ἐπευ-

617 2483 836 2552 longam
866 2479 1002 2539 adeo
1031 2479 1507 2551 cpnversationem
1535 2478 1754 2537 demum
1783 2476 2027 2539 divinum
2059 2490 2172 2529 eum

2283 2477 2543 2548 ξάμενον,
2595 2479 2726 2550 μηδέ
2772 2498 2824 2533 τι
2870 2481 2978 2534 τῶν
3025 2482 3347 2554 ἀπορρήτων
3393 2484 3676 2554 eimxé‘ra,
3719 2502 3736 2533 ι
3777 2482 3824 2532 τὸ

613 2587 772 2637 esse,
801 2577 858 2627 et
882 2571 1316 2635 excellentioris,
1348 2585 1511 2641 quam
1543 2569 1780 2624 humana
1809 2567 1912 2632 sit,
1946 2565 2168 2629 indolis,

2282 2571 2580 2642 παράδοξον
2613 2574 2742 2626 ἰδεῖν
2767 2575 2928 2629 αὐτὸν
2970 2577 3324 2646 πεποιηκότα.
3369 2577 3578 2630 Οὐκοῦν
3617 2577 3681 2628 τὰ
3718 2575 3822 2645 πρό-

615 2663 880 2718 intellexit
907 2681 922 2729 ;
955 2662 1074 2732 ejus
1103 2663 1182 2718 rei
1213 2663 1351 2718 ratio
1379 2669 1619 2718 meretur
1647 2658 1988 2722 examinari,
2019 2672 2170 2728 quam

2280 2679 2434 2735 τερον
2458 2663 2546 2716 διὰ
2586 2665 2880 2736 περιέργου
2915 2667 3162 2738 μηχανῆς
3185 2667 3418 2720 ἐτελεῖτο
3441 2667 3521 2738 τῷ
3555 2668 3700 2738 ἀνδρί
3713 2684 3726 2696 ο
3760 2666 3820 2718 διὸ

615 2757 732 2825 ipse
781 2755 1018 2824 scriptor
1069 2755 1160 2808 ille
1212 2752 1422 2808 indicat
1473 2753 1662 2809 dicens
1693 2771 1706 2807 :
1737 2770 1756 2803 ι
1789 2749 1975 2820 Neque
2027 2763 2170 2802 sacra

2284 2754 2418 2824 μηδὲ
2447 2755 2917 2825 καταπλήττεσθαι
2951 2755 3089 2808 αὐτὰ
3123 2757 3257 2826 μηδὲ
3295 2757 3596 2828 θαυμάζειν
3629 2759 3711 2810 τὸν
3738 2756 3817 2808 Δά-

612 2848 905 2902 obeuntem
944 2861 1070 2902 eum
1118 2845 1264 2909 ulla,
1310 2860 1487 2914 neque
1526 2842 1938 2914 precationibus
1978 2855 2167 2902 usum,

2284 2863 2396 2915 μιν.
2420 2847 2659 2910 Εἰκότως
2687 2847 2740 2900 δὲ
2763 2846 2856 2900 νῦν
2881 2847 3038 2900 τοῦτο
3059 2847 3274 2920 πρῶτον
3298 2849 3670 2912 πέπονθεν,ὡς
3696 2849 3814 2912 ξένου

615 2953 790 3008 neque
825 2938 1014 2993 arcani
1051 2937 1345 3008 quidquam
1384 2937 1761 2992 mussitantem
1793 2955 1811 2987 ι
1841 2934 2034 2988 Damin
2072 2933 2170 2986 mi—

2277 2935 2420 2998 τινὸς
2436 2936 2702 2988 ὑπἀὐτοῦ
2726 2937 2871 3008 παρὰ
2888 2937 2955 2990 τὰ
2978 2939 3178 3009 συνήθη
3200 2937 3814 3010 διαπεπραγμένου.Πρὸς

614 3031 858 3086 raculum
890 3031 1036 3088 istud
1071 3041 1287 3102 patrare
1313 3030 1539 3086 vidisse.
1566 3029 1739 3083 Antea
1770 3029 1934 3098 igitur
1964 3035 2169 3096 patrata

2277 3026 2336 3080 τὸ
2355 3027 2561 3098 δειχθὲν
2586 3029 2640 3082 δὲ
2657 3028 2749 3081 τοῦ
2772 3030 2969 3101 δεσμοῦ
2995 3032 3204 3102 φάσμα,
3223 3032 3314 3084 καὶ
3336 3032 3432 3104 τὴν
3457 3032 3564 3084 ἀπὸ
3582 3029 3670 3083 τοῦ
3693 3030 3813 3082 δικι-

613 3139 713 3195 per
753 3125 994 3196 magicas
1039 3131 1186 3180 artes
1227 3123 1493 3194 quasdam
1532 3122 1600 3176 ab
1637 3121 1926 3192 Apollonio
1953 3129 2168 3190 peracta

2281 3121 2500 3191 στηρίου
2529 3121 2894 3194 ἀναχώρησιν,
2927 3125 3024 3187 τὰς
3053 3125 3189 3196 πρὸς
3221 3123 3543 3195 Δομετιανὸν
3570 3122 3718 3176 αὖτοῦ
3741 3117 3810 3172 τοῦ

612 3218 794 3282 fuere,
829 3227 1229 3289 proptereaque
1270 3231 1450 3286 neque
1489 3214 1839 3284 obstupuisse
1865 3229 1960 3276 ea,
1995 3229 2167 3283 neque

2291 3211 2643 3269 Ἀπολλωνίου
2670 3215 2851 3283 φωνὰς
2879 3215 3227 3286 παραθείμην
3271 3217 3354 3269 ἄν.
3393 3218 3619 3286 Δεσμιίς
3656 3214 3811 3282 γάρτοι

610 3310 937 3368 admiratum
968 3324 1090 3365 esse
1116 3308 1311 3365 Damin
1342 3306 1487 3379 [aitL
1534 3306 1726 3362 Merito
1757 3315 1937 3360 autem
1971 3303 2054 3376 [ut
2083 3303 2165 3357 ad-

2281 3305 2442 3357 αὑτὸν
2464 3305 2828 3377 παραδοθῆναι
2861 3307 3259 3379 προστάξαντος
3297 3307 3582 3376 βασιλέυς,
3620 3307 3741 3358 πάνυ
3762 3319 3809 3369 γε

610 3400 922 3474 miraretur]
954 3417 1098 3456 nunc
1125 3399 1359 3472 primum
1393 3401 1444 3455 ei
1473 3398 1689 3464 evenit,
1717 3395 1864 3467 quod
1890 3396 2165 3451 insolitum

2281 3395 2585 3458 ἀκολούθως
2611 3398 2640 3448 ό
2673 3397 3023 3462 Ἀπολλώνιος
3052 3397 3427 3466 συνελογίσατο
3445 3397 3542 3449 ὡδί
3570 3414 3679 3459 πως
3698 3413 3710 3425 ·
3730 3414 3744 3443 ι
3763 3394 3808 3445 El

609 3491 742 3560 quid
790 3491 859 3546 ab
899 3491 1190 3562 Apollonio
1237 3499 1292 3547 et
1342 3497 1541 3562 praeter
1585 3504 1794 3545 morem
1841 3487 2164 3543 eﬂiceretur.

2283 3487 2381 3560 μὲν
2404 3489 2576 3559 γόητά
2603 3506 2668 3560 με
2709 3493 2839 3562 ἡγῇ,
2883 3491 2999 3555 πῶς
3037 3492 3250 3562 δήσεις;
3291 3490 3338 3542 εξ
3377 3488 3434 3541 δὲ
3474 3488 3676 3560 δήσεις,
3719 3485 3807 3544 πῶς

607 3584 763 3650 Quod
810 3591 991 3639 autem
1027 3583 1338 3656 [objectum
1369 3581 1626 3654 Damidi].
1653 3579 1858 3651 pedica:
1883 3587 2162 3650 spectacu-

2278 3581 2449 3651 γόητα
2493 3579 2630 3636 εἶναι
2674 3585 2897 3654 φήσεις;
2933 3604 2950 3636 ι
3008 3581 3372 3654 Ἀντικρούσει
3403 3581 3533 3649 γοῦν
3580 3577 3715 3647 αὐτῷ
3746 3592 3803 3633 τις

609 3677 718 3730 lum
767 3676 996 3745 attinet,
1040 3674 1468 3744 discessumque
1501 3689 1568 3728 ex
1615 3671 1944 3732 dicasterio,
1994 3667 2164 3739 ipsius

2277 3672 2374 3725 ὡδί
2421 3691 2556 3739 πως,
2598 3674 2662 3728 ἐκ
2693 3674 2896 3728 τούτων
2943 3674 3285 3746 όρμώμενοςσ
3339 3673 3400 3725 Εἰ
3441 3672 3537 3742 μὲν
3579 3671 3638 3722 ού
3683 3666 3803 3736 γόης.

606 3782 671 3826 ea
707 3767 776 3821 de
814 3781 873 3820 re
908 3764 1180 3834 Apollonii
1215 3764 1280 3819 ad
1313 3763 1677 3818 Domitianum
1709 3775 1992 3823 sermones
2021 3757 2161 3814 haud

2279 3759 2397 3824 πῶς
2428 3761 2642 3816 λέλυται
2687 3779 2782 3816 σου
2814 3764 2876 3816 τὸ
2905 3764 3126 3828 σκέλος;
3167 3765 3214 3815 εἰ
3240 3762 3296 3815 δὲ
3339 3760 3586 3822 λέλυται,
3625 3755 3726 3816 πῶς
3757 3753 3801 3804 οὗ

607 3856 812 3911 invitus
841 3870 1130 3926 apponam.
1159 3851 1409 3910 ‘linculis
1453 3853 1602 3910 enim
1648 3868 1775 3908 cum
1825 3852 1978 3908 illum
2011 3849 2162 3919 ligari

2276 3853 2436 3924 γόης;
2479 3857 2586 3909 Καὶ
2625 3857 2672 3908 εἰ
2707 3855 2784 3926 τῷ
2811 3855 3099 3928 ὑπομεῖναι
3138 3855 3229 3907 τὸν
3256 3853 3450 3923 δεσμὸν
3483 3850 3544 3903 ού
3578 3848 3715 3918 γόης.
3744 3843 3801 3911 τῷ

606 3949 900 4017 imperator
920 3946 1211 4016 iussisset,
1239 3946 1446 4017 Optimo
1476 3944 1893 4014 argumentandi
1922 3958 2062 3998 nexu
2095 3942 2161 3996 ita

2279 3944 2354 4016 μὴ
2401 3946 2724 4016 ὑπομεῖναι,
2759 3947 2878 4000 κατ’
2913 3947 3104 4011 αὑτὸν,
3163 3945 3505 4016 ὡμολόγηται
3541 3943 3682 4013 γόης.
3719 3939 3799 3992 Καὶ

603 4037 926 4110 Apollonius
945 4046 1232 4110 argutatus
1277 4038 1380 4093 fuit
1410 4038 1493 4094 “:
1528 4055 1547 4090 ι
1580 4036 1637 4092 Si
1683 4051 1900 4107 magum
1931 4051 2015 4090 me
2047 4049 2158 4090 esse

2275 4033 2341 4088 αὖ
2385 4036 2584 4102 πάλιν,
2633 4040 2681 4091 εἰ
2731 4038 3032 4109 ὑπομείνας
3092 4038 3152 4091 τὸ
3187 4038 3532 4108 δικαστήριον
3582 4035 3636 4087 οὐ
3679 4033 3796 4101 γόης.

603 4131 924 4197 arbitraris,
975 4143 1213 4200 quanam
1264 4132 1475 4187 ratione
1522 4128 1776 4184 vincies?
1816 4125 1913 4183 Sin
1960 4126 2158 4180 vincire

2272 4125 2351 4198 τῷ
2376 4127 2430 4182 δὲ
2458 4127 2737 4198 διαδρᾶναι
2764 4128 2942 4193 τοῦτο,
2969 4131 3060 4183 καὶ
3095 4131 3219 4192 τοὺς
3247 4129 3381 4198 ἀμφ’
3408 4127 3568 4180 αὑτὸν
3596 4122 3794 4196 βασιλέι.

602 4239 688 4280 me
717 4226 956 4296 poteris,
986 4223 1258 4297 quomodo
1299 4239 1423 4280 esse
1463 4237 1680 4294 magum
1720 4218 1980 4290 putabis?
2011 4236 2027 4268 ι
2062 4215 2157 4271 Sed

2273 4217 2414 4285 λέγω
2443 4218 2536 4274 καὶ
2568 4219 2692 4281 τοὺς
2730 4219 2786 4272 ὲν
2815 4217 2997 4288 κύκλῳ
3034 4215 3386 4288 δορυφόρους,
3429 4212 3610 4282 σαφῶς
3646 4207 3796 4262 ἐνατὲ-

599 4331 873 4386 opponere
913 4317 1018 4388 ipsi
1053 4317 1155 4373 hoc
1199 4316 1360 4371 modo
1390 4314 1591 4384 aliquis
1629 4321 1834 4384 posset,
1879 4309 2154 4376 occasione

2272 4326 2440 4382 φηνεν
2473 4311 2607 4380 (86°)
2639 4311 2666 4362 ὁ
2688 4310 2837 4382 γόης.
2861 4309 3039 4371 Ὅθεν,
3084 4312 3173 4379 μοὶ
3195 4306 3355 4369 δοκῶ,
3381 4298 3795 4377 συνῃσθημένοςὸ

598 4423 664 4463 ex
693 4407 813 4464 istis
836 4417 1057 4480 accepta
1083 4429 1096 4464 :
1129 4407 1188 4463 Si
1219 4416 1279 4462 tu
1307 4423 1498 4477 magus
1523 4421 1632 4460 non
1658 4421 1738 4468 es,
1768 4401 2041 4474 quomodo
2067 4399 2153 4454 tibi

2270 4402 2444 4471 λόγος.
2475 4401 2765 4475 θεραπεύει
2804 4403 2865 4457 τὸ
2892 4405 3110 4473 γεγονὸς
3128 4442 3142 4464 ,
3170 4402 3246 4464 ὡς
3277 4400 3340 4471 δὴ
3364 4400 3490 4453 ἄνευ
3519 4395 3706 4452 θυσιῶν
3727 4389 3794 4444 καὶ

598 4511 728 4550 crus
754 4506 842 4552 est
863 4497 1102 4552 solutum
1123 4498 1147 4551 ?
1165 4497 1236 4551 At
1267 4496 1313 4552 si
1342 4497 1581 4551 solutum
1605 4503 1720 4558 est,
1753 4491 2027 4564 quomodo
2055 4504 2153 4544 non

2269 4495 2492 4565 ἐπῳδῶν
2513 4495 2732 4566 ἀρρήτῳ
2761 4496 2868 4548 τινὶ
2901 4497 2992 4549 καὶ
3021 4496 3158 4567 ὑπὲρ
3176 4493 3456 4566 ἄνθρωπον
3488 4492 3697 4560 δυνάμει
3724 4481 3792 4537 τοῦ

596 4603 658 4644 es
685 4590 914 4660 magus?
941 4589 1109 4660 Sique
1130 4589 1268 4647 adeo
1290 4605 1358 4646 eo
1383 4587 1530 4660 quod
1557 4587 1612 4643 in
1639 4587 1852 4642 vincula
1880 4601 1938 4639 se
1963 4583 2151 4654 conjici

1353 4612 1358 4639 ι
1383 4587 1530 4660 quod
1557 4587 1612 4643 in
1639 4587 1852 4642 vincula
1880 4601 1938 4639 se
1963 4582 2173 4654 conjici
2269 4585 2570 4656 παραδόξου
2595 4585 2908 4656 πεφηνότος.

597 4681 673 4742 sit
716 4699 935 4752 passus,
979 4699 1171 4756 magus
1211 4699 1322 4752 non
1364 4697 1488 4754 esse
1528 4680 1818 4748 evincitur,
1844 4672 2000 4763 537
2027 4683 2127 4731 hoc
2166 4675 2286 4746 ipso
2321 4679 2465 4761 quod
2507 4680 2721 4736 vincula
2768 4681 2953 4745 exuit,
2997 4696 3211 4750 magum
3258 4695 3380 4736 eum
3412 4677 3628 4749 proprio
3670 4669 3790 4728 θῆλυ)

595 4790 748 4841 esse,
781 4777 840 4832 in
867 4777 1123 4844 confesso
1150 4777 1275 4834 erit.
1307 4776 1375 4832 Et
1401 4775 1645 4834 vicissim
1665 4814 1681 4840 ,
1713 4775 1758 4844 si
1786 4789 1850 4828 ex
1879 4788 1966 4839 eo,
1999 4773 2145 4843 quod
2179 4774 2388 4842 judicio
2414 4792 2473 4830 se
2515 4775 2800 4840 submisit,
2829 4792 3042 4846 magum
3071 4791 3177 4830 non
3228 4791 3349 4831 esse
3411 4783 3590 4845 patet;
3618 4773 3666 4826 in
3717 4768 3787 4819 hoc

596 4872 718 4942 ipso
748 4881 896 4930 certe
924 4874 1070 4945 quod
1103 4891 1171 4945 ex
1204 4889 1271 4930 eo
1300 4888 1422 4930 sese
1449 4870 1750 4942 surripuit,
1785 4869 1997 4942 ipsique
2031 4869 2344 4940 imperatori
2407 4887 2468 4944 se
2529 4872 2822 4936 subduxit,
2887 4869 3027 4924 addo
3057 4879 3109 4924 et
3136 4869 3464 4940 stipantibus
3525 4881 3644 4922 eum
3699 4871 3787 4915 cor-

593 4968 746 5038 poris
778 4969 1099 5025 custodibus
1121 5009 1136 5034 ,
1171 4969 1482 5024 luculenter
1512 4982 1634 5024 sese
1661 4963 1903 5037 prodidit
1933 4978 2143 5035 magus.
2186 4964 2550 5030 Quamobrem
2570 5007 2585 5029 ,
2617 4975 2678 5021 ut
2711 4966 2842 5020 mihi
2877 4966 3112 5028 videtur,
3143 4966 3260 5035 ipsa
3325 4961 3637 5018 Philostrati
3693 4968 3784 5009 ora.

593 5057 706 5122 tio,
737 5057 864 5112 dum
892 5073 1012 5112 eam
1079 5074 1192 5115 rem
1261 5057 1677 5123 animadvertit,
1729 5055 1874 5112 facto
1940 5055 2017 5110 illi
2052 5055 2374 5111 medicinam
2417 5064 2612 5126 parat,
2664 5055 2977 5129 [referens]
3033 5056 3178 5127 quod
3227 5055 3391 5110 nullis
3441 5055 3603 5109 obitis
3650 5043 3780 5103 sacrit

593 5150 1086 5222 incantamentisve
1152 5151 1446 5216 adhibitis,
1500 5151 1712 5213 occulta
1744 5149 1978 5221 quadam
2039 5155 2095 5204 et
2142 5147 2435 5222 humanam
2501 5148 2740 5223 indolem
2764 5156 3056 5224 superante
3081 5149 3315 5214 virtute,
3348 5139 3780 5202 miraculumboc-

589 5257 654 5298 ce
683 5250 955 5314 patratum
987 5243 1174 5300 fuerit.

658 5359 680 5391 ⁸
715 5359 811 5414 lib.
845 5373 950 5422 vn,
984 5374 1035 5424 c.
1070 5359 1160 5422 58.
1239 5361 1284 5392 "
1326 5359 1422 5415 lib.
1463 5375 1582 5425 vn,
1616 5375 1667 5414 c.
1701 5359 1792 5427 54.

657 5449 768 5520 (87)
805 5451 1084 5522 Querar-td
1117 5468 1190 5511 τι.
1231 5451 1332 5522 Ap.
1367 5450 1627 5522 Philostr.
1665 5451 1779 5522 hoc_
1819 5451 1940 5504 loco
1987 5445 2156 5502 omis-
2187 5448 2212 5504 I

2212 5449 2232 5502 >
2261 5435 2654 5522 Μωιίἀίεηίεια
2699 5436 2998 5522 οιιςειιΐεὶοηιιΔ
3039 5431 3767 5522 natanminimeconvenifg.

589 5497 709 5576 ευῖιῖ
726 5497 840 5597 ἐἱξὲ
854 5497 1103 5597 ἓῖῗιὲῐὲι
1121 5497 1730 5597 Ἠίοῐῖοέἱῖὶὲἀύτῖ
1741 5497 2156 5574 ἱδόιῖῐιῖιιδῖἐὲἔο
2188 5497 2223 5504 ⁷
2258 5508 2625 5597 seu???
2643 5497 3679 5597 ἶς’]ξέ,Ρεῗὶεηιέἓξηι’]ίιξςνέξξιξέιὲιῖἕλ
3705 5497 3770 5597 1?:

589 5575 1095 5664 po‘sgbgd‘évov‘:
1135 5575 1259 5612 *7"
1306 5575 1334 5597 τ
1489 5575 1497 5580 ⁷
1558 5575 1565 5580 ⁷
2257 5575 2614 5664 ἰρείιιξόαρίιὶ
2643 5575 3122 5664 ωοιυιιι,ιρεῖι’ἰηόθ
3155 5591 3219 5628 ac
3252 5576 3299 5630 si
3332 5575 3768 5664 nud‘usul‘tglllgfj:

1082 5663 1180 5716 καὶ
1209 5661 1384 5740 δέδιε.
1427 5661 1894 5726 (Σοιιιινιιᾱίριίοηὶε⁵
1930 5661 2156 5740 convin-

2258 5638 2362 5712 set,
2396 5647 2462 5701 de
2493 5638 2604 5726 quo
2629 5638 3099 5727 nullam—haberet
3145 5661 3375 5716 prorsus
3425 5638 3767 5701 excellenti-ieris

585 5717 712 5802 cere
741 5717 1132 5802 Philestratum
1181 5734 1332 5802 cupit
1358 5717 1461 5798 hpc
1489 5740 1829 5802 argumento,
1867 5723 2008 5800 quod
2047 5732 2140 5786 Da-

1276 5734 1332 5787 iit
1358 5717 1461 5798 hpc
1489 5740 1829 5802 argumento,
1867 5723 2008 5800 quod
2047 5732 2154 5786 Da-
2257 5727 2468 5802 natura:
2494 5717 2831 5802 opinionem.

586 5797 787 5872 midem
841 5801 986 5856 dicat
1030 5786 1291 5857 indicium
1342 5786 1648 5872 divinitatis
1679 5786 1914 5872 Apollini
1939 5786 2141 5872 cepisse

2000 5786 2153 5872 ipisse
2327 5788 2458 5858 (88')
2494 5786 2920 5856 'Emﬂés'vnm‘-
2955 5786 3112 5843 ῖοτίθ
3138 5788 3372 5858 ἀ’¹απέφ’
3405 5789 3555 5846 Em“

585 5884 651 5944 es
680 5868 813 5942 pede
844 5871 1072 5926 vinculis
1103 5879 1295 5945 sponte
1331 5872 1528 5928 soluto.
1563 5871 1696 5936 Nam
1727 5868 1860 5928 huic
1907 5868 2150 5946 Opinioni
