  <div class='ocr_page' id='page_1' title='image "/cluster/home/n/w/nwhite01/storage/ocr_20150623/22/hvd.32044020605168/456.png"; bbox 0 0 3938 6510; ppageno 0'>
   <div class='ocr_carea' id='block_1_1' title="bbox 162 422 256 477">
    <p class='ocr_par' dir='ltr' id='par_1_1' title="bbox 162 422 256 477">
     <span class='ocr_line' id='line_1_1' title="bbox 162 422 256 477; baseline 0 0"><span class='ocrx_word' id='word_1_1' title='bbox 162 422 256 477; x_wconf 74' lang='lat'><strong>853</strong></span> 
     </span>
    </p>
   </div>
   <div class='ocr_carea' id='block_1_2' title="bbox 673 538 1187 595">
    <p class='ocr_par' dir='ltr' id='par_1_2' title="bbox 673 538 1187 595">
     <span class='ocr_line' id='line_1_2' title="bbox 673 538 1187 595; baseline 0.006 -3"><span class='ocrx_word' id='word_1_2' title='bbox 673 538 1062 594; x_wconf 80' lang='grc' dir='ltr'><strong>ΚΕΦΑΛᾹΙΟΝ</strong></span> <span class='ocrx_word' id='word_1_3' title='bbox 1099 544 1187 595; x_wconf 85' lang='grc' dir='ltr'><strong>Μ’.</strong></span> 
     </span>
    </p>
   </div>
   <div class='ocr_carea' id='block_1_3' title="bbox 232 630 1724 705">
    <p class='ocr_par' dir='ltr' id='par_1_3' title="bbox 232 630 1724 705">
     <span class='ocr_line' id='line_1_3' title="bbox 232 630 1724 705; baseline 0.003 -20"><span class='ocrx_word' id='word_1_4' title='bbox 232 632 382 686; x_wconf 80' lang='grc' dir='ltr'>Ἀλλά</span> <span class='ocrx_word' id='word_1_5' title='bbox 426 632 535 704; x_wconf 83' lang='grc' dir='ltr'>γὰρ</span> <span class='ocrx_word' id='word_1_6' title='bbox 578 633 678 686; x_wconf 82' lang='grc' dir='ltr'>οὐκ</span> <span class='ocrx_word' id='word_1_7' title='bbox 730 636 788 695; x_wconf 76' lang='grc' dir='ltr'>ἐς</span> <span class='ocrx_word' id='word_1_8' title='bbox 835 634 1052 704; x_wconf 79' lang='grc' dir='ltr'>μακρὰν</span> <span class='ocrx_word' id='word_1_9' title='bbox 1095 630 1249 698; x_wconf 77' lang='grc' dir='ltr'>αὖθις</span> <span class='ocrx_word' id='word_1_10' title='bbox 1298 636 1326 687; x_wconf 99' lang='lat'><strong>6</strong></span> <span class='ocrx_word' id='word_1_11' title='bbox 1367 636 1466 705; x_wconf 85' lang='grc' dir='ltr'>τῆς</span> <span class='ocrx_word' id='word_1_12' title='bbox 1512 636 1724 704; x_wconf 82' lang='grc' dir='ltr'>φύσεως</span> 
     </span>
    </p>
   </div>
   <div class='ocr_carea' id='block_1_4' title="bbox 1271 422 2232 481">
    <p class='ocr_par' dir='ltr' id='par_1_4' title="bbox 1271 422 2232 481">
     <span class='ocr_line' id='line_1_4' title="bbox 1271 422 2232 481; baseline 0.002 -2"><span class='ocrx_word' id='word_1_13' title='bbox 1271 423 1471 479; x_wconf 80' lang='lat' dir='ltr'><strong>LIBER</strong></span> <span class='ocrx_word' id='word_1_14' title='bbox 1502 423 1781 481; x_wconf 73' lang='lat' dir='ltr'><strong>CONTRA</strong></span> <span class='ocrx_word' id='word_1_15' title='bbox 1818 422 2232 481; x_wconf 80' lang='lat' dir='ltr'><strong>HIEROCLEM.</strong></span> 
     </span>
    </p>
   </div>
   <div class='ocr_carea' id='block_1_5' title="bbox 3282 419 3387 478">
    <p class='ocr_par' dir='ltr' id='par_1_5' title="bbox 3282 419 3387 478">
     <span class='ocr_line' id='line_1_5' title="bbox 3282 419 3387 478; baseline 0.019 -2"><span class='ocrx_word' id='word_1_16' title='bbox 3282 419 3387 478; x_wconf 74' lang='lat'><strong>856</strong></span> 
     </span>
    </p>
   </div>
   <div class='ocr_carea' id='block_1_6' title="bbox 2407 536 2789 596">
    <p class='ocr_par' dir='ltr' id='par_1_6' title="bbox 2407 536 2789 596">
     <span class='ocr_line' id='line_1_6' title="bbox 2407 536 2789 596; baseline -0.008 0"><span class='ocrx_word' id='word_1_17' title='bbox 2407 537 2637 596; x_wconf 83' lang='lat' dir='ltr'><strong>CAPUT</strong></span> <span class='ocrx_word' id='word_1_18' title='bbox 2676 536 2789 593; x_wconf 78' lang='lat' dir='ltr'><strong>XL;</strong></span> 
     </span>
    </p>
   </div>
   <div class='ocr_carea' id='block_1_7' title="bbox 1898 626 3386 699">
    <p class='ocr_par' dir='ltr' id='par_1_7' title="bbox 1898 626 3386 699">
     <span class='ocr_line' id='line_1_7' title="bbox 1898 626 3386 699; baseline -0.001 -13"><span class='ocrx_word' id='word_1_19' title='bbox 1898 631 2097 686; x_wconf 86' lang='lat' dir='ltr'><strong>Verum</strong></span> <span class='ocrx_word' id='word_1_20' title='bbox 2139 646 2331 685; x_wconf 85' lang='lat' dir='ltr'><strong>rursus</strong></span> <span class='ocrx_word' id='word_1_21' title='bbox 2380 646 2489 685; x_wconf 87' lang='lat' dir='ltr'><strong>non</strong></span> <span class='ocrx_word' id='word_1_22' title='bbox 2535 628 2611 683; x_wconf 91' lang='lat' dir='ltr'><strong>ita</strong></span> <span class='ocrx_word' id='word_1_23' title='bbox 2653 628 2824 684; x_wconf 91' lang='lat' dir='ltr'><strong>multo</strong></span> <span class='ocrx_word' id='word_1_24' title='bbox 2865 638 2988 699; x_wconf 91' lang='lat' dir='ltr'><strong>post</strong></span> <span class='ocrx_word' id='word_1_25' title='bbox 3020 635 3232 683; x_wconf 75' lang='lat' dir='ltr'><strong>natura-</strong></span> <span class='ocrx_word' id='word_1_26' title='bbox 3265 626 3386 698; x_wconf 80' lang='lat' dir='ltr'><strong>ejus</strong></span> 
     </span>
    </p>
   </div>
   <div class='ocr_carea' id='block_1_8' title="bbox 164 721 1709 799">
    <p class='ocr_par' dir='ltr' id='par_1_8' title="bbox 164 723 1709 799">
     <span class='ocr_line' id='line_1_8' title="bbox 164 723 1709 799; baseline 0.001 -19"><span class='ocrx_word' id='word_1_27' title='bbox 164 723 522 796; x_wconf 57' lang='grc' dir='ltr'>παραϐήσεται</span> <span class='ocrx_word' id='word_1_28' title='bbox 570 724 811 795; x_wconf 79' lang='grc' dir='ltr'>ἔλεγχος.</span> <span class='ocrx_word' id='word_1_29' title='bbox 848 727 1056 780; x_wconf 80' lang='grc' dir='ltr'>Αὐτίκα</span> <span class='ocrx_word' id='word_1_30' title='bbox 1087 729 1196 799; x_wconf 90' lang='grc' dir='ltr'><strong>γάρ</strong></span> <span class='ocrx_word' id='word_1_31' title='bbox 1232 744 1376 791; x_wconf 84' lang='grc' dir='ltr'>τινος</span> <span class='ocrx_word' id='word_1_32' title='bbox 1408 729 1709 792; x_wconf 73' lang='grc' dir='ltr'><strong>ἐπιστάντος</strong></span> 
     </span>
    </p>
   </div>
   <div class='ocr_carea' id='block_1_9' title="bbox 1820 721 3390 799">
    <p class='ocr_par' dir='ltr' id='par_1_9' title="bbox 1824 721 3390 793">
     <span class='ocr_line' id='line_1_9' title="bbox 1824 721 3390 793; baseline -0.001 -15"><span class='ocrx_word' id='word_1_33' title='bbox 1824 724 1985 779; x_wconf 90' lang='lat' dir='ltr'><strong>nobis</strong></span> <span class='ocrx_word' id='word_1_34' title='bbox 2037 722 2474 793; x_wconf 88' lang='lat' dir='ltr'><strong>suppeditabitur</strong></span> <span class='ocrx_word' id='word_1_35' title='bbox 2515 727 2893 791; x_wconf 75' lang='lat' dir='ltr'><strong>argumentum</strong></span> <span class='ocrx_word' id='word_1_36' title='bbox 2928 721 2996 775; x_wconf 83' lang='lat'><strong>&quot;.</strong></span> <span class='ocrx_word' id='word_1_37' title='bbox 3030 721 3166 778; x_wconf 90' lang='lat' dir='ltr'><strong>Cum</strong></span> <span class='ocrx_word' id='word_1_38' title='bbox 3199 738 3265 776; x_wconf 77' lang='lat' dir='ltr'><strong>ex</strong></span> <span class='ocrx_word' id='word_1_39' title='bbox 3302 723 3390 776; x_wconf 88' lang='lat' dir='ltr'><strong>in-</strong></span> 
     </span>
    </p>
   </div>
   <div class='ocr_carea' id='block_1_10' title="bbox 152 814 1721 889">
    <p class='ocr_par' dir='ltr' id='par_1_10' title="bbox 152 814 1721 889">
     <span class='ocr_line' id='line_1_10' title="bbox 152 814 1721 889; baseline 0.001 -18"><span class='ocrx_word' id='word_1_40' title='bbox 152 816 323 889; x_wconf 78' lang='grc' dir='ltr'>αὺτῴ,</span> <span class='ocrx_word' id='word_1_41' title='bbox 362 816 458 869; x_wconf 80' lang='grc' dir='ltr'>καὶ</span> <span class='ocrx_word' id='word_1_42' title='bbox 504 818 775 888; x_wconf 88' lang='grc' dir='ltr'>φήσαντος</span> <span class='ocrx_word' id='word_1_43' title='bbox 798 834 813 849; x_wconf 85' lang='grc'><strong>·</strong></span> <span class='ocrx_word' id='word_1_44' title='bbox 862 836 880 869; x_wconf 76' lang='lat' dir='ltr'><strong>t</strong></span> <span class='ocrx_word' id='word_1_45' title='bbox 918 819 1134 889; x_wconf 83' lang='grc' dir='ltr'>Ἀφίησί</span> <span class='ocrx_word' id='word_1_46' title='bbox 1168 837 1255 885; x_wconf 88' lang='grc' dir='ltr'><strong>σε,</strong></span> <span class='ocrx_word' id='word_1_47' title='bbox 1297 814 1342 872; x_wconf 81' lang='grc' dir='ltr'><strong>ὦ</strong></span> <span class='ocrx_word' id='word_1_48' title='bbox 1380 819 1721 885; x_wconf 84' lang='grc' dir='ltr'><strong>Ἀπολλώνιε,</strong></span> 
     </span>
    </p>
   </div>
   <div class='ocr_carea' id='block_1_11' title="bbox 148 908 1721 986">
    <p class='ocr_par' dir='ltr' id='par_1_11' title="bbox 148 908 1721 986">
     <span class='ocr_line' id='line_1_11' title="bbox 148 908 1721 986; baseline 0.002 -22"><span class='ocrx_word' id='word_1_49' title='bbox 148 909 367 964; x_wconf 78' lang='grc' dir='ltr'>τουτωνὶ</span> <span class='ocrx_word' id='word_1_50' title='bbox 419 908 531 965; x_wconf 87' lang='grc' dir='ltr'><strong>τῶν</strong></span> <span class='ocrx_word' id='word_1_51' title='bbox 594 909 808 981; x_wconf 82' lang='grc' dir='ltr'><strong>δεσμῶν</strong></span> <span class='ocrx_word' id='word_1_52' title='bbox 850 913 879 965; x_wconf 92' lang='lat'><strong>6</strong></span> <span class='ocrx_word' id='word_1_53' title='bbox 930 912 1224 983; x_wconf 80' lang='grc' dir='ltr'>βασιλεὺς,</span> <span class='ocrx_word' id='word_1_54' title='bbox 1280 915 1374 967; x_wconf 80' lang='grc' dir='ltr'>καὶ</span> <span class='ocrx_word' id='word_1_55' title='bbox 1440 914 1721 986; x_wconf 76' lang='grc' dir='ltr'>ἐλεύθερον</span> 
     </span>
    </p>
   </div>
   <div class='ocr_carea' id='block_1_12' title="bbox 149 1002 1719 1078">
    <p class='ocr_par' dir='ltr' id='par_1_12' title="bbox 149 1002 1719 1078">
     <span class='ocr_line' id='line_1_12' title="bbox 149 1002 1719 1078; baseline 0.003 -23"><span class='ocrx_word' id='word_1_56' title='bbox 149 1002 512 1073; x_wconf 79' lang='grc' dir='ltr'><strong>δεσμωτήριον</strong></span> <span class='ocrx_word' id='word_1_57' title='bbox 542 1006 816 1074; x_wconf 83' lang='grc' dir='ltr'>συγχωρεῖ</span> <span class='ocrx_word' id='word_1_58' title='bbox 833 1006 1021 1070; x_wconf 76' lang='grc' dir='ltr'>οἰκεῖν,</span> <span class='ocrx_word' id='word_1_59' title='bbox 1061 1023 1078 1055; x_wconf 69' lang='grc' dir='ltr'><strong>ι</strong></span> <span class='ocrx_word' id='word_1_60' title='bbox 1104 1007 1131 1058; x_wconf 89' lang='lat'><strong>6</strong></span> <span class='ocrx_word' id='word_1_61' title='bbox 1157 1006 1419 1076; x_wconf 84' lang='grc' dir='ltr'><strong>κρείττων</strong></span> <span class='ocrx_word' id='word_1_62' title='bbox 1447 1006 1480 1077; x_wconf 78' lang='grc' dir='ltr'><strong>ἦ</strong></span> <span class='ocrx_word' id='word_1_63' title='bbox 1510 1006 1719 1078; x_wconf 78' lang='grc' dir='ltr'>ἀνθρω-</span> 
     </span>
    </p>
   </div>
   <div class='ocr_carea' id='block_1_13' title="bbox 158 1093 1260 1168">
    <p class='ocr_par' dir='ltr' id='par_1_13' title="bbox 158 1093 1260 1168">
     <span class='ocr_line' id='line_1_13' title="bbox 158 1093 1260 1168; baseline 0.006 -24"><span class='ocrx_word' id='word_1_64' title='bbox 158 1109 268 1157; x_wconf 74' lang='grc' dir='ltr'>ηος,</span> <span class='ocrx_word' id='word_1_65' title='bbox 293 1093 384 1147; x_wconf 84' lang='grc' dir='ltr'>καὶ</span> <span class='ocrx_word' id='word_1_66' title='bbox 410 1093 517 1147; x_wconf 91' lang='grc' dir='ltr'><strong>τῶν</strong></span> <span class='ocrx_word' id='word_1_67' title='bbox 548 1094 847 1165; x_wconf 83' lang='grc' dir='ltr'><strong>μελλόντων</strong></span> <span class='ocrx_word' id='word_1_68' title='bbox 874 1094 1260 1168; x_wconf 85' lang='grc' dir='ltr'>προγνώστης,</span> 
     </span>
    </p>
   </div>
   <div class='ocr_carea' id='block_1_14' title="bbox 154 1270 1715 1344">
    <p class='ocr_par' dir='ltr' id='par_1_14' title="bbox 154 1270 1715 1344">
     <span class='ocr_line' id='line_1_14' title="bbox 154 1270 1715 1344; baseline 0.002 -19"><span class='ocrx_word' id='word_1_69' title='bbox 154 1270 354 1339; x_wconf 71' lang='grc' dir='ltr'>Κωροῦ</span> <span class='ocrx_word' id='word_1_70' title='bbox 378 1287 442 1324; x_wconf 83' lang='grc' dir='ltr'><strong>τε</strong></span> <span class='ocrx_word' id='word_1_71' title='bbox 467 1270 696 1339; x_wconf 78' lang='grc' dir='ltr'>ξυνιείς</span> <span class='ocrx_word' id='word_1_72' title='bbox 719 1272 853 1344; x_wconf 87' lang='grc'><strong>(89),</strong></span> <span class='ocrx_word' id='word_1_73' title='bbox 875 1274 972 1327; x_wconf 83' lang='grc' dir='ltr'>καὶ</span> <span class='ocrx_word' id='word_1_74' title='bbox 1007 1276 1079 1328; x_wconf 88' lang='grc' dir='ltr'>οὺ</span> <span class='ocrx_word' id='word_1_75' title='bbox 1104 1274 1435 1342; x_wconf 79' lang='grc' dir='ltr'><strong>λαλέοντος</strong></span> <span class='ocrx_word' id='word_1_76' title='bbox 1460 1276 1715 1339; x_wconf 82' lang='grc' dir='ltr'>ἀκούων,</span> 
     </span>
    </p>
   </div>
   <div class='ocr_carea' id='block_1_15' title="bbox 152 1379 1718 1458">
    <p class='ocr_par' dir='ltr' id='par_1_15' title="bbox 152 1379 1718 1458">
     <span class='ocr_line' id='line_1_15' title="bbox 152 1379 1718 1458; baseline 0.004 -25"><span class='ocrx_word' id='word_1_77' title='bbox 152 1380 255 1433; x_wconf 70' lang='grc' dir='ltr'><strong>ὑπὸ</strong></span> <span class='ocrx_word' id='word_1_78' title='bbox 279 1379 375 1449; x_wconf 77' lang='grc' dir='ltr'>τῆς</span> <span class='ocrx_word' id='word_1_79' title='bbox 400 1380 561 1449; x_wconf 81' lang='grc' dir='ltr'>ἀγαν,</span> <span class='ocrx_word' id='word_1_80' title='bbox 588 1381 666 1445; x_wconf 83' lang='grc' dir='ltr'>ὡς</span> <span class='ocrx_word' id='word_1_81' title='bbox 707 1382 876 1446; x_wconf 81' lang='grc' dir='ltr'>εἰκὸς,</span> <span class='ocrx_word' id='word_1_82' title='bbox 918 1383 1271 1455; x_wconf 82' lang='grc' dir='ltr'>περιχαρείας</span> <span class='ocrx_word' id='word_1_83' title='bbox 1298 1384 1588 1439; x_wconf 82' lang='grc' dir='ltr'><strong>ἀποπεσὼν</strong></span> <span class='ocrx_word' id='word_1_84' title='bbox 1619 1387 1718 1458; x_wconf 77' lang='grc' dir='ltr'>τῆς</span> 
     </span>
    </p>
   </div>
   <div class='ocr_carea' id='block_1_16' title="bbox 150 1471 1717 1550">
    <p class='ocr_par' dir='ltr' id='par_1_16' title="bbox 150 1471 1717 1550">
     <span class='ocr_line' id='line_1_16' title="bbox 150 1471 1717 1550; baseline 0.005 -26"><span class='ocrx_word' id='word_1_85' title='bbox 150 1471 503 1543; x_wconf 82' lang='grc' dir='ltr'><strong>προγνώσεως</strong></span> <span class='ocrx_word' id='word_1_86' title='bbox 522 1514 538 1537; x_wconf 96' lang='grc'><strong>,</strong></span> <span class='ocrx_word' id='word_1_87' title='bbox 583 1476 909 1530; x_wconf 88' lang='grc' dir='ltr'>πυνθάνεται</span> <span class='ocrx_word' id='word_1_88' title='bbox 941 1476 1115 1546; x_wconf 82' lang='grc' dir='ltr'>λέγων</span> <span class='ocrx_word' id='word_1_89' title='bbox 1134 1495 1148 1509; x_wconf 76' lang='grc' dir='ltr'><strong><em>ο</em></strong></span> <span class='ocrx_word' id='word_1_90' title='bbox 1180 1498 1198 1530; x_wconf 75' lang='grc' dir='ltr'><strong>ι</strong></span> <span class='ocrx_word' id='word_1_91' title='bbox 1238 1477 1331 1541; x_wconf 86' lang='grc' dir='ltr'>Τίς</span> <span class='ocrx_word' id='word_1_92' title='bbox 1370 1474 1461 1545; x_wconf 81' lang='grc' dir='ltr'><strong>οὖν</strong></span> <span class='ocrx_word' id='word_1_93' title='bbox 1493 1480 1522 1531; x_wconf 91' lang='lat'><strong>6</strong></span> <span class='ocrx_word' id='word_1_94' title='bbox 1555 1496 1717 1550; x_wconf 88' lang='grc' dir='ltr'>μετα-</span> 
     </span>
    </p>
   </div>
   <div class='ocr_carea' id='block_1_17' title="bbox 151 1565 1716 1642">
    <p class='ocr_par' dir='ltr' id='par_1_17' title="bbox 151 1565 1716 1642">
     <span class='ocr_line' id='line_1_17' title="bbox 151 1565 1716 1642; baseline 0.005 -25"><span class='ocrx_word' id='word_1_95' title='bbox 151 1565 424 1619; x_wconf 80' lang='grc' dir='ltr'>σκευάσων</span> <span class='ocrx_word' id='word_1_96' title='bbox 466 1566 521 1637; x_wconf 79' lang='grc' dir='ltr'>μ’</span> <span class='ocrx_word' id='word_1_97' title='bbox 558 1566 839 1633; x_wconf 83' lang='grc' dir='ltr'><strong>ὲντεῦθεν;</strong></span> <span class='ocrx_word' id='word_1_98' title='bbox 876 1588 894 1620; x_wconf 72' lang='grc' dir='ltr'><strong>ι</strong></span> <span class='ocrx_word' id='word_1_99' title='bbox 941 1569 998 1621; x_wconf 90' lang='lat'><strong>&#39;0</strong></span> <span class='ocrx_word' id='word_1_100' title='bbox 1040 1568 1129 1624; x_wconf 77' lang='grc' dir='ltr'>δέ·</span> <span class='ocrx_word' id='word_1_101' title='bbox 1173 1587 1191 1621; x_wconf 81' lang='grc' dir='ltr'><strong>ι</strong></span> <span class='ocrx_word' id='word_1_102' title='bbox 1249 1569 1421 1638; x_wconf 87' lang='grc' dir='ltr'>Ἐγὼ,</span> <span class='ocrx_word' id='word_1_103' title='bbox 1459 1570 1584 1642; x_wconf 74' lang='grc' dir='ltr'>ἔφη,</span> <span class='ocrx_word' id='word_1_104' title='bbox 1622 1574 1716 1625; x_wconf 77' lang='grc' dir='ltr'>καὶ</span> 
     </span>
    </p>
   </div>
   <div class='ocr_carea' id='block_1_18' title="bbox 150 1653 347 1709">
    <p class='ocr_par' dir='ltr' id='par_1_18' title="bbox 150 1653 347 1709">
     <span class='ocr_line' id='line_1_18' title="bbox 150 1653 347 1709; baseline -0.01 0"><span class='ocrx_word' id='word_1_105' title='bbox 150 1653 299 1709; x_wconf 61' lang='lat' dir='ltr'><strong>lucu.</strong></span> <span class='ocrx_word' id='word_1_106' title='bbox 326 1673 347 1707; x_wconf 84' lang='grc'><strong>›</strong></span> 
     </span>
    </p>
   </div>
   <div class='ocr_carea' id='block_1_19' title="bbox 641 1770 1208 1827">
    <p class='ocr_par' dir='ltr' id='par_1_19' title="bbox 641 1770 1208 1827">
     <span class='ocr_line' id='line_1_19' title="bbox 641 1770 1208 1827; baseline 0.002 -2"><span class='ocrx_word' id='word_1_107' title='bbox 641 1770 1036 1827; x_wconf 77' lang='grc' dir='ltr'><strong>ΚΕΦΑΛΑΙΟΝ</strong></span> <span class='ocrx_word' id='word_1_108' title='bbox 1073 1773 1208 1826; x_wconf 86' lang='lat' dir='ltr'><strong>MA&#39;.</strong></span> 
     </span>
    </p>
   </div>
   <div class='ocr_carea' id='block_1_20' title="bbox 1822 811 3387 885">
    <p class='ocr_par' dir='ltr' id='par_1_20' title="bbox 1822 811 3387 885">
     <span class='ocr_line' id='line_1_20' title="bbox 1822 811 3387 885; baseline -0.004 -14"><span class='ocrx_word' id='word_1_109' title='bbox 1822 822 2041 885; x_wconf 87' lang='lat' dir='ltr'><strong>sperato</strong></span> <span class='ocrx_word' id='word_1_110' title='bbox 2056 813 2202 867; x_wconf 87' lang='lat' dir='ltr'><strong>enim</strong></span> <span class='ocrx_word' id='word_1_111' title='bbox 2232 813 2296 868; x_wconf 88' lang='lat' dir='ltr'><strong>ad</strong></span> <span class='ocrx_word' id='word_1_112' title='bbox 2327 827 2453 868; x_wconf 91' lang='lat' dir='ltr'><strong>eum</strong></span> <span class='ocrx_word' id='word_1_113' title='bbox 2485 811 2773 867; x_wconf 73' lang='lat' dir='ltr'><strong>accederet</strong></span> <span class='ocrx_word' id='word_1_114' title='bbox 2801 825 2912 865; x_wconf 92' lang='lat' dir='ltr'><strong>non</strong></span> <span class='ocrx_word' id='word_1_115' title='bbox 2934 826 3118 876; x_wconf 90' lang='lat' dir='ltr'><strong>nemo,</strong></span> <span class='ocrx_word' id='word_1_116' title='bbox 3150 812 3387 865; x_wconf 82' lang='lat' dir='ltr'><strong>diceret—</strong></span> 
     </span>
    </p>
   </div>
   <div class='ocr_carea' id='block_1_21' title="bbox 1821 901 3388 978">
    <p class='ocr_par' dir='ltr' id='par_1_21' title="bbox 1821 901 3388 978">
     <span class='ocr_line' id='line_1_21' title="bbox 1821 901 3388 978; baseline -0.003 -17"><span class='ocrx_word' id='word_1_117' title='bbox 1821 923 1926 978; x_wconf 86' lang='lat' dir='ltr'><strong>que</strong></span> <span class='ocrx_word' id='word_1_118' title='bbox 1959 926 1973 962; x_wconf 90' lang='lat'><strong>:</strong></span> <span class='ocrx_word' id='word_1_119' title='bbox 2010 924 2029 959; x_wconf 72' lang='grc' dir='ltr'><strong>ι</strong></span> <span class='ocrx_word' id='word_1_120' title='bbox 2053 905 2216 961; x_wconf 85' lang='lat' dir='ltr'><strong>Hisce</strong></span> <span class='ocrx_word' id='word_1_121' title='bbox 2245 912 2298 958; x_wconf 91' lang='lat' dir='ltr'><strong>te</strong></span> <span class='ocrx_word' id='word_1_122' title='bbox 2329 903 2596 969; x_wconf 85' lang='lat' dir='ltr'><strong>vinculis,</strong></span> <span class='ocrx_word' id='word_1_123' title='bbox 2637 917 2671 956; x_wconf 91' lang='grc' dir='ltr'><strong>ο</strong></span> <span class='ocrx_word' id='word_1_124' title='bbox 2696 901 2984 974; x_wconf 87' lang='lat' dir='ltr'><strong>Apolloni,</strong></span> <span class='ocrx_word' id='word_1_125' title='bbox 3026 903 3190 958; x_wconf 81' lang='lat' dir='ltr'><strong>eximi</strong></span> <span class='ocrx_word' id='word_1_126' title='bbox 3230 902 3388 972; x_wconf 91' lang='lat' dir='ltr'><strong>jubet</strong></span> 
     </span>
    </p>
   </div>
   <div class='ocr_carea' id='block_1_22' title="bbox 1819 994 3379 1069">
    <p class='ocr_par' dir='ltr' id='par_1_22' title="bbox 1819 994 3379 1069">
     <span class='ocr_line' id='line_1_22' title="bbox 1819 994 3379 1069; baseline -0.005 -16"><span class='ocrx_word' id='word_1_127' title='bbox 1819 1000 2137 1069; x_wconf 89' lang='lat' dir='ltr'><strong>imperator,</strong></span> <span class='ocrx_word' id='word_1_128' title='bbox 2191 1003 2360 1066; x_wconf 89' lang='lat' dir='ltr'><strong>utque</strong></span> <span class='ocrx_word' id='word_1_129' title='bbox 2418 994 2476 1048; x_wconf 90' lang='lat' dir='ltr'><strong>in</strong></span> <span class='ocrx_word' id='word_1_130' title='bbox 2507 994 2760 1049; x_wconf 86' lang='lat' dir='ltr'><strong>liberiore</strong></span> <span class='ocrx_word' id='word_1_131' title='bbox 2785 1008 3007 1049; x_wconf 89' lang='lat' dir='ltr'><strong>carcere</strong></span> <span class='ocrx_word' id='word_1_132' title='bbox 3046 994 3211 1065; x_wconf 81' lang='lat' dir='ltr'><strong>degas</strong></span> <span class='ocrx_word' id='word_1_133' title='bbox 3251 1009 3379 1063; x_wconf 76' lang='lat' dir='ltr'><strong>per-</strong></span> 
     </span>
    </p>
   </div>
   <div class='ocr_carea' id='block_1_23' title="bbox 1820 1086 3378 1158">
    <p class='ocr_par' dir='ltr' id='par_1_23' title="bbox 1820 1086 3378 1158">
     <span class='ocr_line' id='line_1_23' title="bbox 1820 1086 3378 1158; baseline -0.003 -13"><span class='ocrx_word' id='word_1_134' title='bbox 1820 1091 2019 1158; x_wconf 87' lang='lat' dir='ltr'><strong>mittit;</strong></span> <span class='ocrx_word' id='word_1_135' title='bbox 2046 1109 2064 1143; x_wconf 70' lang='grc' dir='ltr'><strong>ι</strong></span> <span class='ocrx_word' id='word_1_136' title='bbox 2096 1098 2210 1144; x_wconf 89' lang='lat' dir='ltr'><strong>tum</strong></span> <span class='ocrx_word' id='word_1_137' title='bbox 2254 1090 2395 1142; x_wconf 91' lang='lat' dir='ltr'><strong>ultra</strong></span> <span class='ocrx_word' id='word_1_138' title='bbox 2436 1086 2717 1141; x_wconf 87' lang='lat' dir='ltr'><strong>hominum</strong></span> <span class='ocrx_word' id='word_1_139' title='bbox 2760 1095 2963 1143; x_wconf 85' lang='lat' dir='ltr'><strong>sortem</strong></span> <span class='ocrx_word' id='word_1_140' title='bbox 3008 1088 3222 1158; x_wconf 89' lang='lat' dir='ltr'><strong>positus</strong></span> <span class='ocrx_word' id='word_1_141' title='bbox 3261 1087 3378 1151; x_wconf 90' lang='lat' dir='ltr'><strong>ille,</strong></span> 
     </span>
    </p>
   </div>
   <div class='ocr_carea' id='block_1_24' title="bbox 1819 1182 2682 1271">
    <p class='ocr_par' dir='ltr' id='par_1_24' title="bbox 1819 1182 2682 1271">
     <span class='ocr_line' id='line_1_24' title="bbox 1819 1182 2682 1271; baseline -0.005 -34"><span class='ocrx_word' id='word_1_142' title='bbox 1819 1182 2231 1252; x_wconf 81' lang='lat' dir='ltr'><strong>futurorumque</strong></span> <span class='ocrx_word' id='word_1_143' title='bbox 2262 1187 2420 1233; x_wconf 83' lang='lat' dir='ltr'><strong>antea</strong></span> <span class='ocrx_word' id='word_1_144' title='bbox 2456 1192 2682 1271; x_wconf 63' lang='lat' dir='ltr'><strong>gnarus,</strong></span> 
     </span>
    </p>
   </div>
   <div class='ocr_carea' id='block_1_25' title="bbox 1887 1287 3260 1360">
    <p class='ocr_par' dir='ltr' id='par_1_25' title="bbox 1887 1287 3260 1360">
     <span class='ocr_line' id='line_1_25' title="bbox 1887 1287 3260 1360; baseline 0 -16"><span class='ocrx_word' id='word_1_145' title='bbox 1887 1290 2027 1345; x_wconf 78' lang='lat' dir='ltr'><strong>Muli</strong></span> <span class='ocrx_word' id='word_1_146' title='bbox 2061 1290 2356 1359; x_wconf 72' lang='lat' dir='ltr'><strong>concipiens</strong></span> <span class='ocrx_word' id='word_1_147' title='bbox 2391 1287 2662 1353; x_wconf 86' lang='lat' dir='ltr'><strong>animum,</strong></span> <span class='ocrx_word' id='word_1_148' title='bbox 2698 1304 2983 1360; x_wconf 78' lang='lat' dir='ltr'><strong>sensusque</strong></span> <span class='ocrx_word' id='word_1_149' title='bbox 3019 1290 3260 1354; x_wconf 76' lang='lat' dir='ltr'><strong>tacentis,</strong></span> 
     </span>
    </p>
   </div>
   <div class='ocr_carea' id='block_1_26' title="bbox 1817 1403 3387 1478">
    <p class='ocr_par' dir='ltr' id='par_1_26' title="bbox 1817 1403 3387 1478">
     <span class='ocr_line' id='line_1_26' title="bbox 1817 1403 3387 1478; baseline -0.001 -19"><span class='ocrx_word' id='word_1_150' title='bbox 1817 1422 1930 1478; x_wconf 79' lang='lat' dir='ltr'><strong>prae</strong></span> <span class='ocrx_word' id='word_1_151' title='bbox 1978 1405 2183 1472; x_wconf 85' lang='lat' dir='ltr'><strong>nimio,</strong></span> <span class='ocrx_word' id='word_1_152' title='bbox 2229 1413 2288 1460; x_wconf 90' lang='lat' dir='ltr'><strong>ut</strong></span> <span class='ocrx_word' id='word_1_153' title='bbox 2333 1403 2568 1469; x_wconf 88' lang='lat' dir='ltr'><strong>videtur,</strong></span> <span class='ocrx_word' id='word_1_154' title='bbox 2616 1403 2817 1475; x_wconf 89' lang='lat' dir='ltr'><strong>gaudio</strong></span> <span class='ocrx_word' id='word_1_155' title='bbox 2860 1403 3081 1459; x_wconf 80' lang='lat' dir='ltr'><strong>fatidica</strong></span> <span class='ocrx_word' id='word_1_156' title='bbox 3130 1403 3387 1459; x_wconf 84' lang='lat' dir='ltr'><strong>excidens</strong></span> 
     </span>
    </p>
   </div>
   <div class='ocr_carea' id='block_1_27' title="bbox 1814 1495 3389 1567">
    <p class='ocr_par' dir='ltr' id='par_1_27' title="bbox 1814 1495 3389 1567">
     <span class='ocr_line' id='line_1_27' title="bbox 1814 1495 3389 1567; baseline -0.001 -16"><span class='ocrx_word' id='word_1_157' title='bbox 1814 1498 2048 1561; x_wconf 86' lang='lat' dir='ltr'><strong>virtute,</strong></span> <span class='ocrx_word' id='word_1_158' title='bbox 2090 1497 2339 1551; x_wconf 91' lang='lat' dir='ltr'><strong>nuntium</strong></span> <span class='ocrx_word' id='word_1_159' title='bbox 2383 1504 2568 1567; x_wconf 84' lang='lat' dir='ltr'><strong>rogat:</strong></span> <span class='ocrx_word' id='word_1_160' title='bbox 2599 1515 2617 1549; x_wconf 74' lang='grc' dir='ltr'><strong>ι</strong></span> <span class='ocrx_word' id='word_1_161' title='bbox 2649 1495 2783 1562; x_wconf 86' lang='lat' dir='ltr'><strong>Quis</strong></span> <span class='ocrx_word' id='word_1_162' title='bbox 2815 1503 2947 1551; x_wconf 74' lang='lat' dir='ltr'><strong>vero</strong></span> <span class='ocrx_word' id='word_1_163' title='bbox 2979 1511 3065 1550; x_wconf 86' lang='lat' dir='ltr'><strong>me</strong></span> <span class='ocrx_word' id='word_1_164' title='bbox 3100 1496 3278 1550; x_wconf 90' lang='lat' dir='ltr'><strong>isthac</strong></span> <span class='ocrx_word' id='word_1_165' title='bbox 3304 1500 3389 1550; x_wconf 89' lang='lat' dir='ltr'><strong>est</strong></span> 
     </span>
    </p>
   </div>
   <div class='ocr_carea' id='block_1_28' title="bbox 1814 1585 3389 1659">
    <p class='ocr_par' dir='ltr' id='par_1_28' title="bbox 1814 1585 3389 1659">
     <span class='ocr_line' id='line_1_28' title="bbox 1814 1585 3389 1659; baseline 0.001 -16"><span class='ocrx_word' id='word_1_166' title='bbox 1814 1588 2208 1644; x_wconf 78' lang='lat' dir='ltr'><strong>traducturus?</strong></span> <span class='ocrx_word' id='word_1_167' title='bbox 2248 1607 2267 1636; x_wconf 77' lang='grc' dir='ltr'><strong>ι</strong></span> <span class='ocrx_word' id='word_1_168' title='bbox 2303 1586 2397 1644; x_wconf 87' lang='lat' dir='ltr'><strong>Ille</strong></span> <span class='ocrx_word' id='word_1_169' title='bbox 2450 1599 2629 1644; x_wconf 91' lang='lat' dir='ltr'><strong>autem</strong></span> <span class='ocrx_word' id='word_1_170' title='bbox 2670 1608 2682 1643; x_wconf 94' lang='lat'>:</span> <span class='ocrx_word' id='word_1_171' title='bbox 2715 1607 2733 1640; x_wconf 74' lang='grc' dir='ltr'><strong>ι</strong></span> <span class='ocrx_word' id='word_1_172' title='bbox 2772 1586 2916 1659; x_wconf 86' lang='lat' dir='ltr'><strong>Ego,</strong></span> <span class='ocrx_word' id='word_1_173' title='bbox 2974 1585 3285 1659; x_wconf 83' lang='lat' dir='ltr'><strong>respondit,</strong></span> <span class='ocrx_word' id='word_1_174' title='bbox 3328 1595 3389 1645; x_wconf 87' lang='lat' dir='ltr'><strong>tu</strong></span> 
     </span>
    </p>
   </div>
   <div class='ocr_carea' id='block_1_29' title="bbox 1815 1682 2320 1752">
    <p class='ocr_par' dir='ltr' id='par_1_29' title="bbox 1815 1682 2320 1752">
     <span class='ocr_line' id='line_1_29' title="bbox 1815 1682 2320 1752; baseline -0.004 -17"><span class='ocrx_word' id='word_1_175' title='bbox 1815 1682 1978 1737; x_wconf 89' lang='lat' dir='ltr'><strong>modo</strong></span> <span class='ocrx_word' id='word_1_176' title='bbox 2016 1696 2266 1752; x_wconf 86' lang='lat' dir='ltr'><strong>sequere.</strong></span> <span class='ocrx_word' id='word_1_177' title='bbox 2300 1699 2320 1733; x_wconf 73' lang='grc' dir='ltr'><strong>ι</strong></span> 
     </span>
    </p>
   </div>
   <div class='ocr_carea' id='block_1_30' title="bbox 2403 1790 2816 1849">
    <p class='ocr_par' dir='ltr' id='par_1_30' title="bbox 2403 1790 2816 1849">
     <span class='ocr_line' id='line_1_30' title="bbox 2403 1790 2816 1849; baseline 0.002 -2"><span class='ocrx_word' id='word_1_178' title='bbox 2403 1790 2632 1849; x_wconf 84' lang='lat' dir='ltr'><strong>CAPUT</strong></span> <span class='ocrx_word' id='word_1_179' title='bbox 2678 1792 2816 1848; x_wconf 82' lang='lat' dir='ltr'><strong>XLI.</strong></span> 
     </span>
    </p>
   </div>
   <div class='ocr_carea' id='block_1_31' title="bbox 212 1878 1709 1958">
    <p class='ocr_par' dir='ltr' id='par_1_31' title="bbox 212 1878 1709 1958">
     <span class='ocr_line' id='line_1_31' title="bbox 212 1878 1709 1958; baseline 0.004 -23"><span class='ocrx_word' id='word_1_180' title='bbox 212 1878 341 1936; x_wconf 72' lang='grc' dir='ltr'>Εἶτα</span> <span class='ocrx_word' id='word_1_181' title='bbox 368 1882 465 1935; x_wconf 75' lang='grc' dir='ltr'>καὶ</span> <span class='ocrx_word' id='word_1_182' title='bbox 485 1883 641 1952; x_wconf 89' lang='grc' dir='ltr'>λόγον</span> <span class='ocrx_word' id='word_1_183' title='bbox 664 1884 956 1954; x_wconf 78' lang='grc' dir='ltr'>ἀπολογίας</span> <span class='ocrx_word' id='word_1_184' title='bbox 974 1886 1002 1937; x_wconf 98' lang='lat'><strong>6</strong></span> <span class='ocrx_word' id='word_1_185' title='bbox 1026 1882 1299 1949; x_wconf 85' lang='grc' dir='ltr'>θειότατος</span> <span class='ocrx_word' id='word_1_186' title='bbox 1328 1887 1471 1958; x_wconf 86' lang='grc' dir='ltr'>μάλα</span> <span class='ocrx_word' id='word_1_187' title='bbox 1497 1904 1562 1957; x_wconf 88' lang='grc' dir='ltr'><strong>γε</strong></span> <span class='ocrx_word' id='word_1_188' title='bbox 1598 1903 1709 1940; x_wconf 88' lang='grc' dir='ltr'>συν-</span> 
     </span>
    </p>
   </div>
   <div class='ocr_carea' id='block_1_32' title="bbox 1820 1878 3391 1958">
    <p class='ocr_par' dir='ltr' id='par_1_32' title="bbox 1892 1883 3391 1955">
     <span class='ocr_line' id='line_1_32' title="bbox 1892 1883 3391 1955; baseline -0.001 -15"><span class='ocrx_word' id='word_1_189' title='bbox 1892 1886 2176 1951; x_wconf 88' lang='lat' dir='ltr'><strong>Postremo</strong></span> <span class='ocrx_word' id='word_1_190' title='bbox 2236 1885 2279 1917; x_wconf 80' lang='lat'>“</span> <span class='ocrx_word' id='word_1_191' title='bbox 2337 1884 2642 1939; x_wconf 90' lang='lat' dir='ltr'><strong>orationem</strong></span> <span class='ocrx_word' id='word_1_192' title='bbox 2700 1883 3098 1955; x_wconf 91' lang='lat' dir='ltr'><strong>apologeticam</strong></span> <span class='ocrx_word' id='word_1_193' title='bbox 3174 1897 3391 1954; x_wconf 79' lang='lat' dir='ltr'><strong>quoque</strong></span> 
     </span>
    </p>
   </div>
   <div class='ocr_carea' id='block_1_33' title="bbox 146 1976 1717 2051">
    <p class='ocr_par' dir='ltr' id='par_1_33' title="bbox 146 1976 1717 2051">
     <span class='ocr_line' id='line_1_33' title="bbox 146 1976 1717 2051; baseline 0.005 -25"><span class='ocrx_word' id='word_1_194' title='bbox 146 1976 319 2027; x_wconf 77' lang='grc' dir='ltr'><strong>τάττει</strong></span> <span class='ocrx_word' id='word_1_195' title='bbox 347 1976 860 2047; x_wconf 82' lang='grc' dir='ltr'><strong>πεφροντισμένως,</strong></span> <span class='ocrx_word' id='word_1_196' title='bbox 889 1979 1119 2048; x_wconf 83' lang='grc' dir='ltr'>ἀγνοῶν,</span> <span class='ocrx_word' id='word_1_197' title='bbox 1152 1981 1231 2033; x_wconf 80' lang='grc' dir='ltr'>ὅτι</span> <span class='ocrx_word' id='word_1_198' title='bbox 1271 1980 1407 2051; x_wconf 86' lang='grc' dir='ltr'>δῆτα</span> <span class='ocrx_word' id='word_1_199' title='bbox 1451 1982 1509 2045; x_wconf 86' lang='grc' dir='ltr'>ὲς</span> <span class='ocrx_word' id='word_1_200' title='bbox 1542 1980 1717 2051; x_wconf 84' lang='grc' dir='ltr'>μάτην</span> 
     </span>
    </p>
   </div>
   <div class='ocr_carea' id='block_1_34' title="bbox 148 2067 1718 2146">
    <p class='ocr_par' dir='ltr' id='par_1_34' title="bbox 148 2067 1718 2146">
     <span class='ocr_line' id='line_1_34' title="bbox 148 2067 1718 2146; baseline 0.004 -26"><span class='ocrx_word' id='word_1_201' title='bbox 148 2067 285 2138; x_wconf 73' lang='grc' dir='ltr'><strong>αὕτῷ</strong></span> <span class='ocrx_word' id='word_1_202' title='bbox 311 2068 785 2139; x_wconf 87' lang='grc' dir='ltr'>σπουδασθήσεται</span> <span class='ocrx_word' id='word_1_203' title='bbox 805 2072 838 2141; x_wconf 89' lang='grc' dir='ltr'><strong>ή</strong></span> <span class='ocrx_word' id='word_1_204' title='bbox 861 2074 1069 2144; x_wconf 87' lang='grc' dir='ltr'>γραφή.</span> <span class='ocrx_word' id='word_1_205' title='bbox 1100 2072 1284 2126; x_wconf 81' lang='grc' dir='ltr'>Οίεται</span> <span class='ocrx_word' id='word_1_206' title='bbox 1310 2074 1407 2145; x_wconf 84' lang='grc' dir='ltr'><strong>μὲν</strong></span> <span class='ocrx_word' id='word_1_207' title='bbox 1427 2073 1535 2146; x_wconf 81' lang='grc' dir='ltr'><strong>γὰρ</strong></span> <span class='ocrx_word' id='word_1_208' title='bbox 1556 2076 1718 2127; x_wconf 83' lang='grc' dir='ltr'>ἀκου-</span> 
     </span>
    </p>
   </div>
   <div class='ocr_carea' id='block_1_35' title="bbox 149 2158 1716 2235">
    <p class='ocr_par' dir='ltr' id='par_1_35' title="bbox 149 2158 1716 2235">
     <span class='ocr_line' id='line_1_35' title="bbox 149 2158 1716 2235; baseline 0.006 -25"><span class='ocrx_word' id='word_1_209' title='bbox 149 2158 436 2229; x_wconf 80' lang='grc' dir='ltr'>σθήσεσθαι</span> <span class='ocrx_word' id='word_1_210' title='bbox 483 2160 649 2212; x_wconf 79' lang='grc' dir='ltr'>αὐτοῦ</span> <span class='ocrx_word' id='word_1_211' title='bbox 698 2162 1137 2235; x_wconf 81' lang='grc' dir='ltr'>ἀπολογουμένου</span> <span class='ocrx_word' id='word_1_212' title='bbox 1172 2163 1461 2235; x_wconf 82' lang='grc' dir='ltr'>βασιλέως·</span> <span class='ocrx_word' id='word_1_213' title='bbox 1496 2166 1608 2226; x_wconf 78' lang='grc' dir='ltr'>καὶ,</span> <span class='ocrx_word' id='word_1_214' title='bbox 1641 2164 1716 2227; x_wconf 84' lang='grc' dir='ltr'>ὡς</span> 
     </span>
    </p>
   </div>
   <div class='ocr_carea' id='block_1_36' title="bbox 146 2249 1715 2325">
    <p class='ocr_par' dir='ltr' id='par_1_36' title="bbox 146 2249 1715 2325">
     <span class='ocr_line' id='line_1_36' title="bbox 146 2249 1715 2325; baseline 0.006 -26"><span class='ocrx_word' id='word_1_215' title='bbox 146 2249 507 2318; x_wconf 80' lang='grc' dir='ltr'>ἀκουσομένου</span> <span class='ocrx_word' id='word_1_216' title='bbox 549 2267 613 2318; x_wconf 88' lang='grc' dir='ltr'><strong>γε</strong></span> <span class='ocrx_word' id='word_1_217' title='bbox 676 2252 880 2324; x_wconf 87' lang='grc' dir='ltr'>σφόδρα</span> <span class='ocrx_word' id='word_1_218' title='bbox 948 2254 1189 2318; x_wconf 83' lang='grc' dir='ltr'><strong>πιθανῶς</strong></span> <span class='ocrx_word' id='word_1_219' title='bbox 1240 2255 1715 2325; x_wconf 78' lang='grc' dir='ltr'>παρασκευάζεται</span> 
     </span>
    </p>
   </div>
   <div class='ocr_carea' id='block_1_37' title="bbox 144 2338 1714 2416">
    <p class='ocr_par' dir='ltr' id='par_1_37' title="bbox 144 2338 1714 2416">
     <span class='ocr_line' id='line_1_37' title="bbox 144 2338 1714 2416; baseline 0.004 -26"><span class='ocrx_word' id='word_1_220' title='bbox 144 2339 235 2409; x_wconf 76' lang='grc' dir='ltr'>τὴν</span> <span class='ocrx_word' id='word_1_221' title='bbox 264 2338 560 2403; x_wconf 85' lang='grc' dir='ltr'>ἀπολογίαν</span> <span class='ocrx_word' id='word_1_222' title='bbox 579 2358 593 2372; x_wconf 85' lang='grc'><strong>·</strong></span> <span class='ocrx_word' id='word_1_223' title='bbox 622 2343 650 2394; x_wconf 93' lang='lat'><strong>6</strong></span> <span class='ocrx_word' id='word_1_224' title='bbox 673 2342 752 2405; x_wconf 86' lang='grc' dir='ltr'>δὲ,</span> <span class='ocrx_word' id='word_1_225' title='bbox 786 2343 989 2415; x_wconf 79' lang='grc' dir='ltr'>ταύτην</span> <span class='ocrx_word' id='word_1_226' title='bbox 1020 2343 1094 2416; x_wconf 85' lang='grc' dir='ltr'>μὴ</span> <span class='ocrx_word' id='word_1_227' title='bbox 1124 2344 1436 2416; x_wconf 82' lang='grc' dir='ltr'>ἀναμείνας,</span> <span class='ocrx_word' id='word_1_228' title='bbox 1474 2346 1532 2408; x_wconf 86' lang='grc' dir='ltr'>ὲς</span> <span class='ocrx_word' id='word_1_229' title='bbox 1564 2345 1714 2399; x_wconf 81' lang='grc' dir='ltr'>οὐδὲν</span> 
     </span>
    </p>
   </div>
   <div class='ocr_carea' id='block_1_38' title="bbox 146 2432 1715 2511">
    <p class='ocr_par' dir='ltr' id='par_1_38' title="bbox 146 2432 1715 2511">
     <span class='ocr_line' id='line_1_38' title="bbox 146 2432 1715 2511; baseline 0.006 -28"><span class='ocrx_word' id='word_1_230' title='bbox 146 2432 299 2485; x_wconf 68' lang='grc' dir='ltr'>αὑτοῦ</span> <span class='ocrx_word' id='word_1_231' title='bbox 325 2434 427 2504; x_wconf 82' lang='grc' dir='ltr'><strong>τὴν</strong></span> <span class='ocrx_word' id='word_1_232' title='bbox 469 2435 701 2507; x_wconf 80' lang='grc' dir='ltr'>σπουδὴν</span> <span class='ocrx_word' id='word_1_233' title='bbox 734 2438 1123 2507; x_wconf 78' lang='grc' dir='ltr'>κατεστήσατο.</span> <span class='ocrx_word' id='word_1_234' title='bbox 1175 2439 1371 2491; x_wconf 80' lang='grc' dir='ltr'>Ἀκουε</span> <span class='ocrx_word' id='word_1_235' title='bbox 1409 2438 1473 2511; x_wconf 86' lang='grc' dir='ltr'>δὴ</span> <span class='ocrx_word' id='word_1_236' title='bbox 1502 2434 1592 2493; x_wconf 79' lang='grc' dir='ltr'><strong>οὖν</strong></span> <span class='ocrx_word' id='word_1_237' title='bbox 1620 2440 1715 2494; x_wconf 77' lang='grc' dir='ltr'>καὶ</span> 
     </span>
    </p>
   </div>
   <div class='ocr_carea' id='block_1_39' title="bbox 146 2523 1715 2603">
    <p class='ocr_par' dir='ltr' id='par_1_39' title="bbox 146 2523 1715 2603">
     <span class='ocr_line' id='line_1_39' title="bbox 146 2523 1715 2603; baseline 0.006 -28"><span class='ocrx_word' id='word_1_238' title='bbox 146 2524 264 2594; x_wconf 76' lang='grc' dir='ltr'>περὶ</span> <span class='ocrx_word' id='word_1_239' title='bbox 301 2526 511 2579; x_wconf 79' lang='grc' dir='ltr'>τούτων</span> <span class='ocrx_word' id='word_1_240' title='bbox 539 2523 629 2582; x_wconf 78' lang='grc' dir='ltr'>οἷά</span> <span class='ocrx_word' id='word_1_241' title='bbox 663 2545 827 2600; x_wconf 89' lang='grc' dir='ltr'>φησιν</span> <span class='ocrx_word' id='word_1_242' title='bbox 856 2530 885 2581; x_wconf 90' lang='lat'><strong>6</strong></span> <span class='ocrx_word' id='word_1_243' title='bbox 925 2528 1177 2599; x_wconf 72' lang='grc' dir='ltr'>ἐλεγχος*</span> <span class='ocrx_word' id='word_1_244' title='bbox 1210 2548 1229 2581; x_wconf 80' lang='lat' dir='ltr'><strong>r</strong></span> <span class='ocrx_word' id='word_1_245' title='bbox 1266 2530 1483 2603; x_wconf 81' lang='grc' dir='ltr'>Ἐπειδὴ</span> <span class='ocrx_word' id='word_1_246' title='bbox 1524 2531 1581 2585; x_wconf 79' lang='grc' dir='ltr'>δὲ</span> <span class='ocrx_word' id='word_1_247' title='bbox 1622 2531 1715 2585; x_wconf 76' lang='grc' dir='ltr'>καὶ</span> 
     </span>
    </p>
   </div>
   <div class='ocr_carea' id='block_1_40' title="bbox 143 2614 1713 2692">
    <p class='ocr_par' dir='ltr' id='par_1_40' title="bbox 143 2614 1713 2692">
     <span class='ocr_line' id='line_1_40' title="bbox 143 2614 1713 2692; baseline 0.006 -26"><span class='ocrx_word' id='word_1_248' title='bbox 143 2614 291 2683; x_wconf 83' lang='grc' dir='ltr'>λόγος</span> <span class='ocrx_word' id='word_1_249' title='bbox 336 2616 487 2688; x_wconf 76' lang='grc' dir='ltr'>αὐτῷ</span> <span class='ocrx_word' id='word_1_250' title='bbox 524 2618 836 2691; x_wconf 91' lang='grc' dir='ltr'>συνεγράφη</span> <span class='ocrx_word' id='word_1_251' title='bbox 869 2636 988 2684; x_wconf 87' lang='grc' dir='ltr'>τις,</span> <span class='ocrx_word' id='word_1_252' title='bbox 1018 2619 1093 2682; x_wconf 85' lang='grc' dir='ltr'>ὡς</span> <span class='ocrx_word' id='word_1_253' title='bbox 1133 2619 1270 2692; x_wconf 84' lang='grc' dir='ltr'>πρὸς</span> <span class='ocrx_word' id='word_1_254' title='bbox 1315 2618 1460 2691; x_wconf 71' lang='grc' dir='ltr'>ὕδωρ</span> <span class='ocrx_word' id='word_1_255' title='bbox 1481 2620 1589 2691; x_wconf 90' lang='grc'>(90)</span> <span class='ocrx_word' id='word_1_256' title='bbox 1616 2622 1713 2692; x_wconf 84' lang='grc' dir='ltr'><strong>τὴν</strong></span> 
     </span>
    </p>
   </div>
   <div class='ocr_carea' id='block_1_41' title="bbox 144 2708 1713 2783">
    <p class='ocr_par' dir='ltr' id='par_1_41' title="bbox 144 2708 1713 2783">
     <span class='ocr_line' id='line_1_41' title="bbox 144 2708 1713 2783; baseline 0.003 -24"><span class='ocrx_word' id='word_1_257' title='bbox 144 2708 431 2776; x_wconf 70' lang='grc' dir='ltr'>ἀπολογίαν</span> <span class='ocrx_word' id='word_1_258' title='bbox 462 2710 571 2780; x_wconf 86' lang='grc' dir='ltr'><strong>ἀφή</strong></span> <span class='ocrx_word' id='word_1_259' title='bbox 582 2726 725 2763; x_wconf 86' lang='grc' dir='ltr'>σοντι</span> <span class='ocrx_word' id='word_1_260' title='bbox 743 2710 873 2781; x_wconf 88' lang='lat'><strong>(9|),</strong></span> <span class='ocrx_word' id='word_1_261' title='bbox 907 2708 1109 2775; x_wconf 80' lang='grc' dir='ltr'>ξυνεῖλε</span> <span class='ocrx_word' id='word_1_262' title='bbox 1134 2710 1190 2763; x_wconf 83' lang='grc' dir='ltr'>δὲ</span> <span class='ocrx_word' id='word_1_263' title='bbox 1224 2709 1383 2764; x_wconf 79' lang='grc' dir='ltr'>αὐτὸν</span> <span class='ocrx_word' id='word_1_264' title='bbox 1405 2714 1434 2765; x_wconf 91' lang='lat'><strong>6</strong></span> <span class='ocrx_word' id='word_1_265' title='bbox 1455 2711 1713 2783; x_wconf 81' lang='grc' dir='ltr'>τύραννος</span> 
     </span>
    </p>
   </div>
   <div class='ocr_carea' id='block_1_42' title="bbox 144 2802 1705 2877">
    <p class='ocr_par' dir='ltr' id='par_1_42' title="bbox 144 2802 1705 2877">
     <span class='ocr_line' id='line_1_42' title="bbox 144 2802 1705 2877; baseline 0.003 -24"><span class='ocrx_word' id='word_1_266' title='bbox 144 2802 196 2863; x_wconf 73' lang='grc' dir='ltr'>ἐς</span> <span class='ocrx_word' id='word_1_267' title='bbox 217 2802 282 2866; x_wconf 73' lang='grc' dir='ltr'>ἃς</span> <span class='ocrx_word' id='word_1_268' title='bbox 303 2802 503 2875; x_wconf 79' lang='grc' dir='ltr'>εἴρηκα</span> <span class='ocrx_word' id='word_1_269' title='bbox 536 2806 853 2877; x_wconf 77' lang='grc' dir='ltr'>ἐρωτήσεις,</span> <span class='ocrx_word' id='word_1_270' title='bbox 885 2803 1287 2875; x_wconf 81' lang='grc' dir='ltr'>ἀναγεγράφθω</span> <span class='ocrx_word' id='word_1_271' title='bbox 1318 2806 1409 2858; x_wconf 75' lang='grc' dir='ltr'>καὶ</span> <span class='ocrx_word' id='word_1_272' title='bbox 1431 2808 1459 2859; x_wconf 87' lang='lat'><strong>6</strong></span> <span class='ocrx_word' id='word_1_273' title='bbox 1484 2805 1657 2875; x_wconf 89' lang='grc' dir='ltr'>λόγος.</span> <span class='ocrx_word' id='word_1_274' title='bbox 1688 2826 1705 2858; x_wconf 73' lang='lat' dir='ltr'><strong>i</strong></span> 
     </span>
    </p>
   </div>
   <div class='ocr_carea' id='block_1_43' title="bbox 146 2893 1712 2968">
    <p class='ocr_par' dir='ltr' id='par_1_43' title="bbox 146 2893 1712 2968">
     <span class='ocr_line' id='line_1_43' title="bbox 146 2893 1712 2968; baseline 0.003 -23"><span class='ocrx_word' id='word_1_275' title='bbox 146 2893 278 2963; x_wconf 80' lang='grc' dir='ltr'>’Ὅρα</span> <span class='ocrx_word' id='word_1_276' title='bbox 321 2894 385 2964; x_wconf 79' lang='grc' dir='ltr'>δὴ</span> <span class='ocrx_word' id='word_1_277' title='bbox 425 2894 544 2957; x_wconf 85' lang='grc' dir='ltr'><strong>πῶς</strong></span> <span class='ocrx_word' id='word_1_278' title='bbox 582 2895 678 2948; x_wconf 79' lang='grc' dir='ltr'>τοῦ</span> <span class='ocrx_word' id='word_1_279' title='bbox 726 2895 1009 2966; x_wconf 84' lang='grc' dir='ltr'>μέλλοντος</span> <span class='ocrx_word' id='word_1_280' title='bbox 1058 2896 1390 2968; x_wconf 75' lang='grc' dir='ltr'>πορρωτάτω</span> <span class='ocrx_word' id='word_1_281' title='bbox 1431 2897 1712 2967; x_wconf 89' lang='grc' dir='ltr'>τυγχάνων</span> 
     </span>
    </p>
   </div>
   <div class='ocr_carea' id='block_1_44' title="bbox 141 2978 1708 3057">
    <p class='ocr_par' dir='ltr' id='par_1_44' title="bbox 141 2978 1708 3057">
     <span class='ocr_line' id='line_1_44' title="bbox 141 2978 1708 3057; baseline 0.005 -26"><span class='ocrx_word' id='word_1_282' title='bbox 141 2980 168 3031; x_wconf 92' lang='lat'><strong>6</strong></span> <span class='ocrx_word' id='word_1_283' title='bbox 198 2978 371 3032; x_wconf 80' lang='grc' dir='ltr'>πάντα</span> <span class='ocrx_word' id='word_1_284' title='bbox 412 2980 687 3046; x_wconf 86' lang='grc' dir='ltr'>Θειότατος</span> <span class='ocrx_word' id='word_1_285' title='bbox 711 3022 724 3047; x_wconf 96' lang='grc'><strong>,</strong></span> <span class='ocrx_word' id='word_1_286' title='bbox 776 2983 912 3054; x_wconf 84' lang='grc' dir='ltr'>μετὰ</span> <span class='ocrx_word' id='word_1_287' title='bbox 947 2982 1206 3054; x_wconf 81' lang='grc' dir='ltr'>πλείστης</span> <span class='ocrx_word' id='word_1_288' title='bbox 1245 2985 1378 3055; x_wconf 86' lang='grc' dir='ltr'>ὅσης</span> <span class='ocrx_word' id='word_1_289' title='bbox 1416 2986 1708 3057; x_wconf 84' lang='grc' dir='ltr'>φροντίδος,</span> 
     </span>
    </p>
   </div>
   <div class='ocr_carea' id='block_1_45' title="bbox 142 3068 1712 3150">
    <p class='ocr_par' dir='ltr' id='par_1_45' title="bbox 142 3068 1712 3150">
     <span class='ocr_line' id='line_1_45' title="bbox 142 3068 1712 3150; baseline 0.007 -28"><span class='ocrx_word' id='word_1_290' title='bbox 142 3068 212 3132; x_wconf 79' lang='grc' dir='ltr'>ὡς</span> <span class='ocrx_word' id='word_1_291' title='bbox 255 3072 393 3142; x_wconf 76' lang='grc' dir='ltr'>πρὸς</span> <span class='ocrx_word' id='word_1_292' title='bbox 442 3072 587 3147; x_wconf 79' lang='grc' dir='ltr'>ὕδωρ</span> <span class='ocrx_word' id='word_1_293' title='bbox 627 3076 728 3147; x_wconf 80' lang='grc' dir='ltr'><strong>τὴν</strong></span> <span class='ocrx_word' id='word_1_294' title='bbox 773 3077 1067 3144; x_wconf 86' lang='grc' dir='ltr'>ἀπολογίαν</span> <span class='ocrx_word' id='word_1_295' title='bbox 1120 3077 1477 3150; x_wconf 82' lang='grc' dir='ltr'>ποιησόμενος</span> <span class='ocrx_word' id='word_1_296' title='bbox 1518 3080 1712 3133; x_wconf 77' lang='grc' dir='ltr'>ἐσπού-</span> 
     </span>
    </p>
   </div>
   <div class='ocr_carea' id='block_1_46' title="bbox 142 3158 312 3226">
    <p class='ocr_par' dir='ltr' id='par_1_46' title="bbox 142 3158 312 3226">
     <span class='ocr_line' id='line_1_46' title="bbox 142 3158 312 3226; baseline 0.012 -14"><span class='ocrx_word' id='word_1_297' title='bbox 142 3158 312 3226; x_wconf 60' lang='lat' dir='ltr'><strong>sum.</strong></span> 
     </span>
    </p>
   </div>
   <div class='ocr_carea' id='block_1_47' title="bbox 634 3431 1208 3505">
    <p class='ocr_par' dir='ltr' id='par_1_47' title="bbox 634 3431 1208 3505">
     <span class='ocr_line' id='line_1_47' title="bbox 634 3431 1208 3505; baseline 0.01 -23"><span class='ocrx_word' id='word_1_298' title='bbox 634 3431 1033 3505; x_wconf 68' lang='grc' dir='ltr'><strong>ΚΕΦΑΛΑΙΟΝ</strong></span> <span class='ocrx_word' id='word_1_299' title='bbox 1078 3436 1208 3488; x_wconf 84' lang='lat' dir='ltr'><strong>MB’.</strong></span> 
     </span>
    </p>
   </div>
   <div class='ocr_carea' id='block_1_48' title="bbox 214 3516 1710 3597">
    <p class='ocr_par' dir='ltr' id='par_1_48' title="bbox 214 3516 1710 3597">
     <span class='ocr_line' id='line_1_48' title="bbox 214 3516 1710 3597; baseline 0.007 -27"><span class='ocrx_word' id='word_1_300' title='bbox 214 3516 376 3572; x_wconf 81' lang='grc' dir='ltr'>Ἀλλά</span> <span class='ocrx_word' id='word_1_301' title='bbox 411 3520 520 3591; x_wconf 81' lang='grc' dir='ltr'>γὰρ</span> <span class='ocrx_word' id='word_1_302' title='bbox 547 3520 870 3593; x_wconf 79' lang='grc' dir='ltr'>διεξιτητέον</span> <span class='ocrx_word' id='word_1_303' title='bbox 901 3525 995 3577; x_wconf 82' lang='grc' dir='ltr'>καὶ</span> <span class='ocrx_word' id='word_1_304' title='bbox 1014 3525 1112 3595; x_wconf 83' lang='grc' dir='ltr'><strong>τὴν</strong></span> <span class='ocrx_word' id='word_1_305' title='bbox 1150 3528 1207 3590; x_wconf 78' lang='grc' dir='ltr'>ἐς</span> <span class='ocrx_word' id='word_1_306' title='bbox 1235 3527 1410 3597; x_wconf 82' lang='grc' dir='ltr'>μάτην</span> <span class='ocrx_word' id='word_1_307' title='bbox 1445 3526 1593 3597; x_wconf 77' lang='grc' dir='ltr'>αὑτῷ</span> <span class='ocrx_word' id='word_1_308' title='bbox 1620 3544 1710 3580; x_wconf 91' lang='grc' dir='ltr'>πε-</span> 
     </span>
    </p>
   </div>
   <div class='ocr_carea' id='block_1_49' title="bbox 141 3606 1708 3686">
    <p class='ocr_par' dir='ltr' id='par_1_49' title="bbox 141 3606 1708 3686">
     <span class='ocr_line' id='line_1_49' title="bbox 141 3606 1708 3686; baseline 0.01 -29"><span class='ocrx_word' id='word_1_309' title='bbox 141 3606 441 3677; x_wconf 77' lang='grc' dir='ltr'>ποιημένην</span> <span class='ocrx_word' id='word_1_310' title='bbox 469 3608 782 3677; x_wconf 85' lang='grc' dir='ltr'>ἀπολογίαν,</span> <span class='ocrx_word' id='word_1_311' title='bbox 805 3610 860 3674; x_wconf 83' lang='grc' dir='ltr'><strong>ἀ,</strong></span> <span class='ocrx_word' id='word_1_312' title='bbox 896 3612 971 3677; x_wconf 86' lang='grc' dir='ltr'>ὡς</span> <span class='ocrx_word' id='word_1_313' title='bbox 1009 3613 1180 3667; x_wconf 83' lang='grc' dir='ltr'>πολλά</span> <span class='ocrx_word' id='word_1_314' title='bbox 1219 3615 1313 3668; x_wconf 77' lang='grc' dir='ltr'>καὶ</span> <span class='ocrx_word' id='word_1_315' title='bbox 1336 3615 1447 3686; x_wconf 77' lang='grc'>(92)</span> <span class='ocrx_word' id='word_1_316' title='bbox 1484 3616 1616 3671; x_wconf 77' lang='grc' dir='ltr'>ἄλλα</span> <span class='ocrx_word' id='word_1_317' title='bbox 1650 3620 1708 3671; x_wconf 84' lang='grc' dir='ltr'>ὲν</span> 
     </span>
    </p>
   </div>
   <div class='ocr_carea' id='block_1_50' title="bbox 140 3696 1703 3777">
    <p class='ocr_par' dir='ltr' id='par_1_50' title="bbox 140 3696 1703 3777">
     <span class='ocr_line' id='line_1_50' title="bbox 140 3696 1703 3777; baseline 0.008 -29"><span class='ocrx_word' id='word_1_318' title='bbox 140 3696 301 3769; x_wconf 78' lang='grc' dir='ltr'>ταύτῃ</span> <span class='ocrx_word' id='word_1_319' title='bbox 328 3699 642 3770; x_wconf 82' lang='grc' dir='ltr'>Δομετιανῷ</span> <span class='ocrx_word' id='word_1_320' title='bbox 676 3704 1028 3772; x_wconf 81' lang='grc' dir='ltr'>προσφωνῶν,</span> <span class='ocrx_word' id='word_1_321' title='bbox 1060 3704 1484 3772; x_wconf 76' lang='grc' dir='ltr'>ἀπαυθαδίζεται</span> <span class='ocrx_word' id='word_1_322' title='bbox 1512 3708 1703 3777; x_wconf 78' lang='grc' dir='ltr'>λέγων’</span> 
     </span>
    </p>
   </div>
   <div class='ocr_carea' id='block_1_51' title="bbox 146 3789 1705 3869">
    <p class='ocr_par' dir='ltr' id='par_1_51' title="bbox 146 3789 1705 3869">
     <span class='ocr_line' id='line_1_51' title="bbox 146 3789 1705 3869; baseline 0.008 -30"><span class='ocrx_word' id='word_1_323' title='bbox 146 3789 263 3851; x_wconf 74' lang='grc' dir='ltr'><strong>ιὪς</strong></span> <span class='ocrx_word' id='word_1_324' title='bbox 296 3790 407 3860; x_wconf 75' lang='grc' dir='ltr'><strong>ἄρα</strong></span> <span class='ocrx_word' id='word_1_325' title='bbox 447 3790 851 3856; x_wconf 82' lang='grc' dir='ltr'>Οὐεσπασιανὸς</span> <span class='ocrx_word' id='word_1_326' title='bbox 900 3795 958 3847; x_wconf 81' lang='grc' dir='ltr'>σὲ</span> <span class='ocrx_word' id='word_1_327' title='bbox 1009 3795 1106 3865; x_wconf 87' lang='grc' dir='ltr'><strong>μὲν</strong></span> <span class='ocrx_word' id='word_1_328' title='bbox 1153 3795 1377 3866; x_wconf 86' lang='grc' dir='ltr'>βασιλέα</span> <span class='ocrx_word' id='word_1_329' title='bbox 1432 3800 1705 3869; x_wconf 78' lang='grc' dir='ltr'>ἐποίησεν,</span> 
     </span>
    </p>
   </div>
   <div class='ocr_carea' id='block_1_52' title="bbox 141 3874 1706 3957">
    <p class='ocr_par' dir='ltr' id='par_1_52' title="bbox 141 3874 1706 3957">
     <span class='ocr_line' id='line_1_52' title="bbox 141 3874 1706 3957; baseline 0.012 -33"><span class='ocrx_word' id='word_1_330' title='bbox 141 3874 222 3925; x_wconf 83' lang='grc' dir='ltr'><strong>ὑπ’</strong></span> <span class='ocrx_word' id='word_1_331' title='bbox 253 3874 391 3944; x_wconf 77' lang='grc' dir='ltr'>ἐμοῦ</span> <span class='ocrx_word' id='word_1_332' title='bbox 500 3878 735 3945; x_wconf 84' lang='grc' dir='ltr'>ἐγένετο.</span> <span class='ocrx_word' id='word_1_333' title='bbox 767 3898 785 3931; x_wconf 73' lang='grc' dir='ltr'><strong>ι</strong></span> <span class='ocrx_word' id='word_1_334' title='bbox 812 3880 983 3934; x_wconf 78' lang='grc' dir='ltr'>Βαϐαὶ</span> <span class='ocrx_word' id='word_1_335' title='bbox 1004 3883 1101 3953; x_wconf 85' lang='grc' dir='ltr'>τῆς</span> <span class='ocrx_word' id='word_1_336' title='bbox 1129 3883 1476 3951; x_wconf 78' lang='grc' dir='ltr'>ἀλαζονείαςί</span> <span class='ocrx_word' id='word_1_337' title='bbox 1503 3888 1568 3957; x_wconf 85' lang='grc' dir='ltr'>ἢν</span> <span class='ocrx_word' id='word_1_338' title='bbox 1590 3886 1706 3942; x_wconf 82' lang='grc' dir='ltr'>οὕτι</span> 
     </span>
    </p>
   </div>
   <div class='ocr_carea' id='block_1_53' title="bbox 139 3967 1707 4051">
    <p class='ocr_par' dir='ltr' id='par_1_53' title="bbox 139 3967 1707 4051">
     <span class='ocr_line' id='line_1_53' title="bbox 139 3967 1707 4051; baseline 0.011 -34"><span class='ocrx_word' id='word_1_339' title='bbox 139 3982 194 4032; x_wconf 88' lang='grc' dir='ltr'><strong>γε</strong></span> <span class='ocrx_word' id='word_1_340' title='bbox 222 3968 250 4019; x_wconf 90' lang='lat'><strong>6</strong></span> <span class='ocrx_word' id='word_1_341' title='bbox 274 3967 477 4038; x_wconf 86' lang='grc' dir='ltr'>τυχὼν,</span> <span class='ocrx_word' id='word_1_342' title='bbox 510 3969 626 4023; x_wconf 84' lang='grc' dir='ltr'>ἀλλ’</span> <span class='ocrx_word' id='word_1_343' title='bbox 658 3971 775 4024; x_wconf 80' lang='grc' dir='ltr'>οὐδὲ</span> <span class='ocrx_word' id='word_1_344' title='bbox 822 3974 871 4026; x_wconf 87' lang='grc' dir='ltr'><strong>εί</strong></span> <span class='ocrx_word' id='word_1_345' title='bbox 925 3974 1211 4045; x_wconf 89' lang='grc' dir='ltr'>φιλόσοφός</span> <span class='ocrx_word' id='word_1_346' title='bbox 1241 3994 1326 4040; x_wconf 86' lang='grc' dir='ltr'><strong>τις</strong></span> <span class='ocrx_word' id='word_1_347' title='bbox 1349 3979 1584 4051; x_wconf 88' lang='grc' dir='ltr'>ἀληθῶς,</span> <span class='ocrx_word' id='word_1_348' title='bbox 1616 3983 1707 4036; x_wconf 77' lang='grc' dir='ltr'>καὶ</span> 
     </span>
    </p>
   </div>
   <div class='ocr_carea' id='block_1_54' title="bbox 140 4057 1706 4143">
    <p class='ocr_par' dir='ltr' id='par_1_54' title="bbox 140 4057 1706 4143">
     <span class='ocr_line' id='line_1_54' title="bbox 140 4057 1706 4143; baseline 0.011 -35"><span class='ocrx_word' id='word_1_349' title='bbox 140 4057 270 4109; x_wconf 78' lang='grc' dir='ltr'><strong>κατά</strong></span> <span class='ocrx_word' id='word_1_350' title='bbox 306 4057 652 4130; x_wconf 82' lang='grc' dir='ltr'>ἀνθρωπείαν</span> <span class='ocrx_word' id='word_1_351' title='bbox 683 4062 992 4135; x_wconf 81' lang='grc' dir='ltr'>ὑπεραίρων</span> <span class='ocrx_word' id='word_1_352' title='bbox 1028 4066 1266 4135; x_wconf 79' lang='grc' dir='ltr'>ἐγεγόνει</span> <span class='ocrx_word' id='word_1_353' title='bbox 1302 4069 1481 4138; x_wconf 73' lang='grc' dir='ltr'>φύσιν,</span> <span class='ocrx_word' id='word_1_354' title='bbox 1516 4072 1706 4143; x_wconf 79' lang='grc' dir='ltr'>ἐτερα-</span> 
     </span>
    </p>
   </div>
   <div class='ocr_carea' id='block_1_55' title="bbox 138 4147 1709 4233">
    <p class='ocr_par' dir='ltr' id='par_1_55' title="bbox 138 4147 1709 4233">
     <span class='ocr_line' id='line_1_55' title="bbox 138 4147 1709 4233; baseline 0.01 -34"><span class='ocrx_word' id='word_1_355' title='bbox 138 4147 360 4201; x_wconf 81' lang='grc' dir='ltr'>τεύσατο</span> <span class='ocrx_word' id='word_1_356' title='bbox 388 4148 475 4214; x_wconf 83' lang='grc' dir='ltr'><strong>ἂν,</strong></span> <span class='ocrx_word' id='word_1_357' title='bbox 514 4150 587 4221; x_wconf 82' lang='grc' dir='ltr'>μὴ</span> <span class='ocrx_word' id='word_1_358' title='bbox 616 4152 736 4221; x_wconf 77' lang='grc' dir='ltr'><strong>οὐχὶ</strong></span> <span class='ocrx_word' id='word_1_359' title='bbox 774 4153 929 4224; x_wconf 89' lang='grc' dir='ltr'>δίκην</span> <span class='ocrx_word' id='word_1_360' title='bbox 963 4155 1149 4219; x_wconf 84' lang='grc' dir='ltr'>ἀνοίας</span> <span class='ocrx_word' id='word_1_361' title='bbox 1181 4158 1331 4229; x_wconf 83' lang='grc' dir='ltr'>ποιρά</span> <span class='ocrx_word' id='word_1_362' title='bbox 1368 4162 1480 4223; x_wconf 83' lang='grc' dir='ltr'>τοῖς</span> <span class='ocrx_word' id='word_1_363' title='bbox 1507 4159 1709 4233; x_wconf 80' lang='grc' dir='ltr'>ἔμφρο-</span> 
     </span>
    </p>
   </div>
   <div class='ocr_carea' id='block_1_56' title="bbox 140 4238 1708 4319">
    <p class='ocr_par' dir='ltr' id='par_1_56' title="bbox 140 4238 1708 4319">
     <span class='ocr_line' id='line_1_56' title="bbox 140 4238 1708 4319; baseline 0.011 -30"><span class='ocrx_word' id='word_1_364' title='bbox 140 4254 212 4290; x_wconf 92' lang='grc' dir='ltr'><strong>σιν</strong></span> <span class='ocrx_word' id='word_1_365' title='bbox 240 4240 515 4308; x_wconf 82' lang='grc' dir='ltr'>ὐποσχὼν.</span> <span class='ocrx_word' id='word_1_366' title='bbox 549 4238 680 4295; x_wconf 86' lang='grc' dir='ltr'>Εἶτα</span> <span class='ocrx_word' id='word_1_367' title='bbox 703 4243 759 4296; x_wconf 87' lang='grc' dir='ltr'>δὲ</span> <span class='ocrx_word' id='word_1_368' title='bbox 789 4245 887 4315; x_wconf 78' lang='grc' dir='ltr'>τῆς</span> <span class='ocrx_word' id='word_1_369' title='bbox 914 4248 1035 4299; x_wconf 75' lang='grc' dir='ltr'>κατ’</span> <span class='ocrx_word' id='word_1_370' title='bbox 1065 4248 1224 4302; x_wconf 79' lang='grc' dir='ltr'>αὐτὸν</span> <span class='ocrx_word' id='word_1_371' title='bbox 1257 4249 1494 4319; x_wconf 72' lang='grc' dir='ltr'>ὑποψίας</span> <span class='ocrx_word' id='word_1_372' title='bbox 1518 4253 1708 4306; x_wconf 75' lang='grc' dir='ltr'>ἑαυτὸν</span> 
     </span>
    </p>
   </div>
   <div class='ocr_carea' id='block_1_57' title="bbox 137 4328 1709 4411">
    <p class='ocr_par' dir='ltr' id='par_1_57' title="bbox 137 4328 1709 4411">
     <span class='ocr_line' id='line_1_57' title="bbox 137 4328 1709 4411; baseline 0.01 -30"><span class='ocrx_word' id='word_1_373' title='bbox 137 4328 499 4400; x_wconf 79' lang='grc' dir='ltr'>ἀπολυόμενος</span> <span class='ocrx_word' id='word_1_374' title='bbox 525 4331 658 4402; x_wconf 77' lang='grc'>(95),</span> <span class='ocrx_word' id='word_1_375' title='bbox 687 4334 858 4388; x_wconf 82' lang='grc' dir='ltr'>ταῦτα</span> <span class='ocrx_word' id='word_1_376' title='bbox 890 4337 1018 4408; x_wconf 78' lang='grc' dir='ltr'>περὶ</span> <span class='ocrx_word' id='word_1_377' title='bbox 1051 4340 1261 4410; x_wconf 85' lang='grc' dir='ltr'>γοήτων</span> <span class='ocrx_word' id='word_1_378' title='bbox 1279 4341 1441 4411; x_wconf 86' lang='grc' dir='ltr'>φησίν</span> <span class='ocrx_word' id='word_1_379' title='bbox 1460 4358 1474 4373; x_wconf 84' lang='grc'><strong>·</strong></span> <span class='ocrx_word' id='word_1_380' title='bbox 1509 4362 1527 4393; x_wconf 77' lang='grc' dir='ltr'><strong>ι</strong></span> <span class='ocrx_word' id='word_1_381' title='bbox 1551 4343 1709 4398; x_wconf 82' lang='grc' dir='ltr'>Ἀλλά</span> 
     </span>
    </p>
   </div>
   <div class='ocr_carea' id='block_1_58' title="bbox 135 4421 1708 4503">
    <p class='ocr_par' dir='ltr' id='par_1_58' title="bbox 135 4421 1708 4503">
     <span class='ocr_line' id='line_1_58' title="bbox 135 4421 1708 4503; baseline 0.011 -31"><span class='ocrx_word' id='word_1_382' title='bbox 135 4421 252 4485; x_wconf 73' lang='grc' dir='ltr'>τοὺς</span> <span class='ocrx_word' id='word_1_383' title='bbox 278 4422 486 4493; x_wconf 82' lang='grc' dir='ltr'>γόητας</span> <span class='ocrx_word' id='word_1_384' title='bbox 511 4424 870 4497; x_wconf 79' lang='grc' dir='ltr'>ψευδοσόφους</span> <span class='ocrx_word' id='word_1_385' title='bbox 899 4430 1059 4500; x_wconf 84' lang='grc' dir='ltr'>φημί.</span> <span class='ocrx_word' id='word_1_386' title='bbox 1094 4430 1175 4485; x_wconf 80' lang='grc' dir='ltr'><strong>Τὰ</strong></span> <span class='ocrx_word' id='word_1_387' title='bbox 1206 4432 1317 4503; x_wconf 80' lang='grc' dir='ltr'>γὰρ</span> <span class='ocrx_word' id='word_1_388' title='bbox 1346 4433 1448 4489; x_wconf 76' lang='grc' dir='ltr'>οὐκ</span> <span class='ocrx_word' id='word_1_389' title='bbox 1474 4434 1603 4492; x_wconf 74' lang='grc' dir='ltr'>ὄντα</span> <span class='ocrx_word' id='word_1_390' title='bbox 1633 4431 1708 4489; x_wconf 75' lang='grc' dir='ltr'><strong>εἷ-</strong></span> 
     </span>
    </p>
   </div>
   <div class='ocr_carea' id='block_1_59' title="bbox 136 4514 1707 4596">
    <p class='ocr_par' dir='ltr' id='par_1_59' title="bbox 136 4514 1707 4596">
     <span class='ocr_line' id='line_1_59' title="bbox 136 4514 1707 4596; baseline 0.011 -32"><span class='ocrx_word' id='word_1_391' title='bbox 136 4526 215 4565; x_wconf 85' lang='grc' dir='ltr'><strong>ναι</strong></span> <span class='ocrx_word' id='word_1_392' title='bbox 248 4516 383 4584; x_wconf 83' lang='grc' dir='ltr'>παρ’</span> <span class='ocrx_word' id='word_1_393' title='bbox 411 4514 611 4580; x_wconf 77' lang='grc' dir='ltr'>αὐτοῖς,</span> <span class='ocrx_word' id='word_1_394' title='bbox 640 4518 732 4570; x_wconf 71' lang='grc' dir='ltr'>καὶ</span> <span class='ocrx_word' id='word_1_395' title='bbox 752 4518 822 4572; x_wconf 85' lang='grc' dir='ltr'><strong>τὰ</strong></span> <span class='ocrx_word' id='word_1_396' title='bbox 850 4518 996 4584; x_wconf 74' lang='grc' dir='ltr'>ὄντα,</span> <span class='ocrx_word' id='word_1_397' title='bbox 1030 4522 1371 4578; x_wconf 83' lang='grc' dir='ltr'>ἀπιστεῖσθαι</span> <span class='ocrx_word' id='word_1_398' title='bbox 1394 4524 1523 4596; x_wconf 71' lang='grc'>(94).</span> <span class='ocrx_word' id='word_1_399' title='bbox 1550 4546 1570 4581; x_wconf 69' lang='grc' dir='ltr'><strong>ι</strong></span> <span class='ocrx_word' id='word_1_400' title='bbox 1595 4526 1707 4581; x_wconf 79' lang='grc' dir='ltr'><strong>Κα-</strong></span> 
     </span>
    </p>
   </div>
   <div class='ocr_carea' id='block_1_60' title="bbox 1823 1974 3387 2047">
    <p class='ocr_par' dir='ltr' id='par_1_60' title="bbox 1823 1974 3387 2047">
     <span class='ocr_line' id='line_1_60' title="bbox 1823 1974 3387 2047; baseline -0.001 -14"><span class='ocrx_word' id='word_1_401' title='bbox 1823 1977 2129 2047; x_wconf 89' lang='lat' dir='ltr'><strong>composuit</strong></span> <span class='ocrx_word' id='word_1_402' title='bbox 2177 1975 2359 2033; x_wconf 91' lang='lat' dir='ltr'><strong>studio</strong></span> <span class='ocrx_word' id='word_1_403' title='bbox 2404 1974 2617 2047; x_wconf 79' lang='lat' dir='ltr'><strong>ingenti</strong></span> <span class='ocrx_word' id='word_1_404' title='bbox 2660 1974 2746 2029; x_wconf 89' lang='lat' dir='ltr'><strong>vir</strong></span> <span class='ocrx_word' id='word_1_405' title='bbox 2794 1974 2885 2031; x_wconf 91' lang='lat' dir='ltr'><strong>ille</strong></span> <span class='ocrx_word' id='word_1_406' title='bbox 2931 1975 3095 2045; x_wconf 86' lang='lat' dir='ltr'><strong>plane</strong></span> <span class='ocrx_word' id='word_1_407' title='bbox 3133 1974 3387 2039; x_wconf 85' lang='lat' dir='ltr'><strong>divinus,</strong></span> 
     </span>
    </p>
   </div>
   <div class='ocr_carea' id='block_1_61' title="bbox 1824 2066 3391 2141">
    <p class='ocr_par' dir='ltr' id='par_1_61' title="bbox 1824 2066 3391 2141">
     <span class='ocr_line' id='line_1_61' title="bbox 1824 2066 3391 2141; baseline -0.003 -15"><span class='ocrx_word' id='word_1_408' title='bbox 1824 2072 2048 2141; x_wconf 89' lang='lat' dir='ltr'><strong>ignarus</strong></span> <span class='ocrx_word' id='word_1_409' title='bbox 2093 2084 2287 2136; x_wconf 87' lang='lat' dir='ltr'><strong>nempe</strong></span> <span class='ocrx_word' id='word_1_410' title='bbox 2330 2068 2547 2123; x_wconf 87' lang='lat' dir='ltr'><strong>inanem</strong></span> <span class='ocrx_word' id='word_1_411' title='bbox 2597 2083 2818 2139; x_wconf 83' lang='lat' dir='ltr'><strong>operam</strong></span> <span class='ocrx_word' id='word_1_412' title='bbox 2862 2066 2919 2121; x_wconf 92' lang='lat' dir='ltr'><strong>in</strong></span> <span class='ocrx_word' id='word_1_413' title='bbox 2968 2082 3035 2122; x_wconf 91' lang='lat' dir='ltr'><strong>eo</strong></span> <span class='ocrx_word' id='word_1_414' title='bbox 3082 2081 3141 2121; x_wconf 89' lang='lat' dir='ltr'><strong>se</strong></span> <span class='ocrx_word' id='word_1_415' title='bbox 3183 2066 3391 2136; x_wconf 88' lang='lat' dir='ltr'><strong>scripto</strong></span> 
     </span>
    </p>
   </div>
   <div class='ocr_carea' id='block_1_62' title="bbox 1823 2157 3388 2233">
    <p class='ocr_par' dir='ltr' id='par_1_62' title="bbox 1823 2157 3388 2233">
     <span class='ocr_line' id='line_1_62' title="bbox 1823 2157 3388 2233; baseline -0.004 -15"><span class='ocrx_word' id='word_1_416' title='bbox 1823 2168 2298 2233; x_wconf 88' lang='lat' dir='ltr'><strong>consumpturum.</strong></span> <span class='ocrx_word' id='word_1_417' title='bbox 2330 2159 2568 2214; x_wconf 85' lang='lat' dir='ltr'><strong>Putabat</strong></span> <span class='ocrx_word' id='word_1_418' title='bbox 2597 2162 2742 2214; x_wconf 89' lang='lat' dir='ltr'><strong>enim</strong></span> <span class='ocrx_word' id='word_1_419' title='bbox 2776 2174 2835 2215; x_wconf 83' lang='lat' dir='ltr'><strong>se</strong></span> <span class='ocrx_word' id='word_1_420' title='bbox 2872 2160 2940 2214; x_wconf 91' lang='lat' dir='ltr'><strong>ab</strong></span> <span class='ocrx_word' id='word_1_421' title='bbox 2965 2160 3294 2229; x_wconf 87' lang='lat' dir='ltr'><strong>imperatore</strong></span> <span class='ocrx_word' id='word_1_422' title='bbox 3320 2157 3388 2211; x_wconf 92' lang='lat' dir='ltr'><strong>iri</strong></span> 
     </span>
    </p>
   </div>
   <div class='ocr_carea' id='block_1_63' title="bbox 1822 2249 3392 2322">
    <p class='ocr_par' dir='ltr' id='par_1_63' title="bbox 1822 2249 3392 2322">
     <span class='ocr_line' id='line_1_63' title="bbox 1822 2249 3392 2322; baseline -0.003 -14"><span class='ocrx_word' id='word_1_423' title='bbox 1822 2254 2070 2308; x_wconf 89' lang='lat' dir='ltr'><strong>auditum</strong></span> <span class='ocrx_word' id='word_1_424' title='bbox 2104 2252 2427 2307; x_wconf 83' lang='lat' dir='ltr'><strong>recitantem</strong></span> <span class='ocrx_word' id='word_1_425' title='bbox 2463 2250 2766 2322; x_wconf 90' lang='lat' dir='ltr'><strong>apologiam</strong></span> <span class='ocrx_word' id='word_1_426' title='bbox 2795 2268 2812 2307; x_wconf 93' lang='lat'><strong>:</strong></span> <span class='ocrx_word' id='word_1_427' title='bbox 2842 2266 3017 2322; x_wconf 90' lang='lat' dir='ltr'><strong>eoque</strong></span> <span class='ocrx_word' id='word_1_428' title='bbox 3051 2250 3195 2321; x_wconf 90' lang='lat' dir='ltr'><strong>quod</strong></span> <span class='ocrx_word' id='word_1_429' title='bbox 3233 2249 3392 2305; x_wconf 87' lang='lat' dir='ltr'><strong>audi-</strong></span> 
     </span>
    </p>
   </div>
   <div class='ocr_carea' id='block_1_64' title="bbox 1822 2340 3391 2412">
    <p class='ocr_par' dir='ltr' id='par_1_64' title="bbox 1822 2340 3391 2412">
     <span class='ocr_line' id='line_1_64' title="bbox 1822 2340 3391 2412; baseline -0.002 -14"><span class='ocrx_word' id='word_1_430' title='bbox 1822 2351 2004 2398; x_wconf 90' lang='lat' dir='ltr'><strong>turum</strong></span> <span class='ocrx_word' id='word_1_431' title='bbox 2038 2358 2161 2398; x_wconf 93' lang='lat' dir='ltr'><strong>eum</strong></span> <span class='ocrx_word' id='word_1_432' title='bbox 2194 2347 2471 2412; x_wconf 90' lang='lat' dir='ltr'><strong>speraret,</strong></span> <span class='ocrx_word' id='word_1_433' title='bbox 2515 2340 2584 2396; x_wconf 92' lang='lat' dir='ltr'><strong>ad</strong></span> <span class='ocrx_word' id='word_1_434' title='bbox 2629 2341 3066 2412; x_wconf 87' lang='lat' dir='ltr'><strong>persuadendum</strong></span> <span class='ocrx_word' id='word_1_435' title='bbox 3110 2356 3234 2397; x_wconf 92' lang='lat' dir='ltr'><strong>cum</strong></span> <span class='ocrx_word' id='word_1_436' title='bbox 3274 2356 3391 2395; x_wconf 86' lang='lat' dir='ltr'><strong>rna-</strong></span> 
     </span>
    </p>
   </div>
   <div class='ocr_carea' id='block_1_65' title="bbox 1825 2431 3388 2503">
    <p class='ocr_par' dir='ltr' id='par_1_65' title="bbox 1825 2431 3388 2503">
     <span class='ocr_line' id='line_1_65' title="bbox 1825 2431 3388 2503; baseline 0.001 -16"><span class='ocrx_word' id='word_1_437' title='bbox 1825 2434 1971 2489; x_wconf 77' lang='lat' dir='ltr'><strong>xime</strong></span> <span class='ocrx_word' id='word_1_438' title='bbox 2008 2434 2315 2488; x_wconf 86' lang='lat' dir='ltr'><strong>orationem</strong></span> <span class='ocrx_word' id='word_1_439' title='bbox 2352 2434 2655 2503; x_wconf 89' lang='lat' dir='ltr'><strong>componit.</strong></span> <span class='ocrx_word' id='word_1_440' title='bbox 2690 2431 2876 2489; x_wconf 64' lang='lat' dir='ltr'><strong>Caesar</strong></span> <span class='ocrx_word' id='word_1_441' title='bbox 2909 2443 3088 2490; x_wconf 90' lang='lat' dir='ltr'><strong>tamen</strong></span> <span class='ocrx_word' id='word_1_442' title='bbox 3122 2448 3244 2489; x_wconf 91' lang='lat' dir='ltr'><strong>eam</strong></span> <span class='ocrx_word' id='word_1_443' title='bbox 3278 2448 3388 2489; x_wconf 94' lang='lat' dir='ltr'><strong>non</strong></span> 
     </span>
    </p>
   </div>
   <div class='ocr_carea' id='block_1_66' title="bbox 1820 2522 3390 2596">
    <p class='ocr_par' dir='ltr' id='par_1_66' title="bbox 1820 2522 3390 2596">
     <span class='ocr_line' id='line_1_66' title="bbox 1820 2522 3390 2596; baseline 0.001 -18"><span class='ocrx_word' id='word_1_444' title='bbox 1820 2524 2001 2581; x_wconf 81' lang='lat' dir='ltr'><strong>ferens</strong></span> <span class='ocrx_word' id='word_1_445' title='bbox 2031 2524 2249 2579; x_wconf 90' lang='lat' dir='ltr'><strong>irritum</strong></span> <span class='ocrx_word' id='word_1_446' title='bbox 2282 2523 2402 2594; x_wconf 87' lang='lat' dir='ltr'><strong>ejus</strong></span> <span class='ocrx_word' id='word_1_447' title='bbox 2449 2522 2691 2579; x_wconf 87' lang='lat' dir='ltr'><strong>studium</strong></span> <span class='ocrx_word' id='word_1_448' title='bbox 2746 2523 2999 2581; x_wconf 90' lang='lat' dir='ltr'><strong>reddidit.</strong></span> <span class='ocrx_word' id='word_1_449' title='bbox 3042 2524 3183 2580; x_wconf 86' lang='lat' dir='ltr'><strong>Audi</strong></span> <span class='ocrx_word' id='word_1_450' title='bbox 3223 2524 3390 2596; x_wconf 86' lang='lat' dir='ltr'><strong>igitur</strong></span> 
     </span>
    </p>
   </div>
   <div class='ocr_carea' id='block_1_67' title="bbox 1819 2615 3391 2687">
    <p class='ocr_par' dir='ltr' id='par_1_67' title="bbox 1819 2615 3391 2687">
     <span class='ocr_line' id='line_1_67' title="bbox 1819 2615 3391 2687; baseline 0.001 -15"><span class='ocrx_word' id='word_1_451' title='bbox 1819 2616 1885 2673; x_wconf 91' lang='lat' dir='ltr'><strong>de</strong></span> <span class='ocrx_word' id='word_1_452' title='bbox 1915 2616 2000 2672; x_wconf 92' lang='lat' dir='ltr'><strong>his</strong></span> <span class='ocrx_word' id='word_1_453' title='bbox 2029 2619 2190 2672; x_wconf 91' lang='lat' dir='ltr'><strong>etiam</strong></span> <span class='ocrx_word' id='word_1_454' title='bbox 2222 2616 2354 2686; x_wconf 91' lang='lat' dir='ltr'><strong>quid</strong></span> <span class='ocrx_word' id='word_1_455' title='bbox 2388 2615 2535 2673; x_wconf 90' lang='lat' dir='ltr'><strong>dicat</strong></span> <span class='ocrx_word' id='word_1_456' title='bbox 2563 2616 2667 2673; x_wconf 91' lang='lat' dir='ltr'><strong>sibi</strong></span> <span class='ocrx_word' id='word_1_457' title='bbox 2698 2616 2803 2687; x_wconf 92' lang='lat' dir='ltr'><strong>ipsi</strong></span> <span class='ocrx_word' id='word_1_458' title='bbox 2833 2616 3161 2674; x_wconf 81' lang='lat' dir='ltr'><strong>adversante</strong></span> <span class='ocrx_word' id='word_1_459' title='bbox 3188 2618 3391 2673; x_wconf 85' lang='lat' dir='ltr'><strong>oratio-</strong></span> 
     </span>
    </p>
   </div>
   <div class='ocr_carea' id='block_1_68' title="bbox 1820 2706 3391 2778">
    <p class='ocr_par' dir='ltr' id='par_1_68' title="bbox 1820 2706 3391 2778">
     <span class='ocr_line' id='line_1_68' title="bbox 1820 2706 3391 2778; baseline 0 -17"><span class='ocrx_word' id='word_1_460' title='bbox 1820 2721 1888 2762; x_wconf 90' lang='lat' dir='ltr'><strong>ne</strong></span> <span class='ocrx_word' id='word_1_461' title='bbox 1918 2706 1965 2738; x_wconf 83' lang='grc'><strong>¹⁸</strong></span> <span class='ocrx_word' id='word_1_462' title='bbox 1994 2724 2007 2761; x_wconf 93' lang='lat'><strong>:</strong></span> <span class='ocrx_word' id='word_1_463' title='bbox 2039 2725 2056 2758; x_wconf 76' lang='grc' dir='ltr'><strong>ι</strong></span> <span class='ocrx_word' id='word_1_464' title='bbox 2088 2706 2361 2773; x_wconf 86' lang='lat' dir='ltr'><strong>Quoniam</strong></span> <span class='ocrx_word' id='word_1_465' title='bbox 2411 2721 2543 2761; x_wconf 90' lang='lat' dir='ltr'><strong>vero</strong></span> <span class='ocrx_word' id='word_1_466' title='bbox 2586 2707 2765 2762; x_wconf 87' lang='lat' dir='ltr'><strong>oratio</strong></span> <span class='ocrx_word' id='word_1_467' title='bbox 2801 2707 2967 2762; x_wconf 91' lang='lat' dir='ltr'><strong>etiam</strong></span> <span class='ocrx_word' id='word_1_468' title='bbox 2996 2707 3046 2762; x_wconf 93' lang='lat' dir='ltr'><strong>ei</strong></span> <span class='ocrx_word' id='word_1_469' title='bbox 3078 2708 3391 2778; x_wconf 84' lang='lat' dir='ltr'><strong>conscripta</strong></span> 
     </span>
    </p>
   </div>
   <div class='ocr_carea' id='block_1_69' title="bbox 1818 2796 3385 2869">
    <p class='ocr_par' dir='ltr' id='par_1_69' title="bbox 1818 2796 3385 2869">
     <span class='ocr_line' id='line_1_69' title="bbox 1818 2796 3385 2869; baseline 0.002 -18"><span class='ocrx_word' id='word_1_470' title='bbox 1818 2804 1934 2861; x_wconf 92' lang='lat' dir='ltr'><strong>est,</strong></span> <span class='ocrx_word' id='word_1_471' title='bbox 1972 2803 2031 2851; x_wconf 93' lang='lat' dir='ltr'><strong>ut</strong></span> <span class='ocrx_word' id='word_1_472' title='bbox 2063 2797 2157 2867; x_wconf 89' lang='lat' dir='ltr'><strong>qui</strong></span> <span class='ocrx_word' id='word_1_473' title='bbox 2188 2796 2256 2852; x_wconf 93' lang='lat' dir='ltr'><strong>ad</strong></span> <span class='ocrx_word' id='word_1_474' title='bbox 2292 2797 2637 2869; x_wconf 87' lang='lat' dir='ltr'><strong>clepsydram</strong></span> <span class='ocrx_word' id='word_1_475' title='bbox 2668 2812 2889 2853; x_wconf 87' lang='lat' dir='ltr'><strong>causam</strong></span> <span class='ocrx_word' id='word_1_476' title='bbox 2920 2805 3066 2854; x_wconf 86' lang='lat' dir='ltr'><strong>esset</strong></span> <span class='ocrx_word' id='word_1_477' title='bbox 3093 2799 3345 2854; x_wconf 84' lang='lat' dir='ltr'><strong>dicturus</strong></span> <span class='ocrx_word' id='word_1_478' title='bbox 3370 2840 3385 2862; x_wconf 90' lang='lat'><strong>,</strong></span> 
     </span>
    </p>
   </div>
   <div class='ocr_carea' id='block_1_70' title="bbox 1817 2890 3389 2962">
    <p class='ocr_par' dir='ltr' id='par_1_70' title="bbox 1817 2890 3389 2962">
     <span class='ocr_line' id='line_1_70' title="bbox 1817 2890 3389 2962; baseline 0.001 -17"><span class='ocrx_word' id='word_1_479' title='bbox 1817 2905 1942 2945; x_wconf 86' lang='lat' dir='ltr'><strong>eum</strong></span> <span class='ocrx_word' id='word_1_480' title='bbox 2008 2896 2189 2944; x_wconf 87' lang='lat' dir='ltr'><strong>autem</strong></span> <span class='ocrx_word' id='word_1_481' title='bbox 2246 2898 2511 2962; x_wconf 89' lang='lat' dir='ltr'><strong>tyrannus</strong></span> <span class='ocrx_word' id='word_1_482' title='bbox 2575 2891 2718 2944; x_wconf 88' lang='lat' dir='ltr'><strong>intra</strong></span> <span class='ocrx_word' id='word_1_483' title='bbox 2782 2890 3187 2959; x_wconf 58' lang='lat' dir='ltr'><strong>quaestionum,</strong></span> <span class='ocrx_word' id='word_1_484' title='bbox 3251 2906 3389 2961; x_wconf 83' lang='lat' dir='ltr'><strong>quas</strong></span> 
     </span>
    </p>
   </div>
   <div class='ocr_carea' id='block_1_71' title="bbox 1818 2982 3392 3053">
    <p class='ocr_par' dir='ltr' id='par_1_71' title="bbox 1818 2982 3392 3053">
     <span class='ocr_line' id='line_1_71' title="bbox 1818 2982 3392 3053; baseline 0.001 -17"><span class='ocrx_word' id='word_1_485' title='bbox 1818 2982 1970 3045; x_wconf 90' lang='lat' dir='ltr'><strong>dixi,</strong></span> <span class='ocrx_word' id='word_1_486' title='bbox 2005 2983 2285 3053; x_wconf 85' lang='lat' dir='ltr'><strong>angustias</strong></span> <span class='ocrx_word' id='word_1_487' title='bbox 2330 2983 2636 3049; x_wconf 89' lang='lat' dir='ltr'><strong>conclusit,</strong></span> <span class='ocrx_word' id='word_1_488' title='bbox 2668 2982 2846 3037; x_wconf 84' lang='lat' dir='ltr'><strong>oratio</strong></span> <span class='ocrx_word' id='word_1_489' title='bbox 2874 2996 3090 3053; x_wconf 91' lang='lat' dir='ltr'><strong>quoque</strong></span> <span class='ocrx_word' id='word_1_490' title='bbox 3114 2982 3242 3037; x_wconf 89' lang='lat' dir='ltr'><strong>huic</strong></span> <span class='ocrx_word' id='word_1_491' title='bbox 3274 2983 3392 3038; x_wconf 89' lang='lat' dir='ltr'><strong>his—</strong></span> 
     </span>
    </p>
   </div>
   <div class='ocr_carea' id='block_1_72' title="bbox 1816 3073 3390 3145">
    <p class='ocr_par' dir='ltr' id='par_1_72' title="bbox 1816 3073 3390 3145">
     <span class='ocr_line' id='line_1_72' title="bbox 1816 3073 3390 3145; baseline 0 -17"><span class='ocrx_word' id='word_1_492' title='bbox 1816 3073 1970 3129; x_wconf 70' lang='lat' dir='ltr'><strong>toriae</strong></span> <span class='ocrx_word' id='word_1_493' title='bbox 2000 3075 2323 3130; x_wconf 66' lang='lat' dir='ltr'><strong>inseratur.»</strong></span> <span class='ocrx_word' id='word_1_494' title='bbox 2355 3073 2489 3130; x_wconf 84' lang='lat' dir='ltr'><strong>Vide</strong></span> <span class='ocrx_word' id='word_1_495' title='bbox 2519 3074 2684 3145; x_wconf 69' lang='lat' dir='ltr'><strong>igitur</strong></span> <span class='ocrx_word' id='word_1_496' title='bbox 2705 3080 2766 3127; x_wconf 89' lang='lat' dir='ltr'><strong>ut</strong></span> <span class='ocrx_word' id='word_1_497' title='bbox 2793 3090 2822 3127; x_wconf 90' lang='lat' dir='ltr'><strong>a</strong></span> <span class='ocrx_word' id='word_1_498' title='bbox 2848 3073 3047 3130; x_wconf 89' lang='lat' dir='ltr'><strong>futuris</strong></span> <span class='ocrx_word' id='word_1_499' title='bbox 3075 3074 3390 3144; x_wconf 87' lang='lat' dir='ltr'><strong>longissime</strong></span> 
     </span>
    </p>
   </div>
   <div class='ocr_carea' id='block_1_73' title="bbox 1818 3165 3389 3237">
    <p class='ocr_par' dir='ltr' id='par_1_73' title="bbox 1818 3165 3389 3237">
     <span class='ocr_line' id='line_1_73' title="bbox 1818 3165 3389 3237; baseline 0 -17"><span class='ocrx_word' id='word_1_500' title='bbox 1818 3166 2113 3231; x_wconf 86' lang='lat' dir='ltr'><strong>aberrans,</strong></span> <span class='ocrx_word' id='word_1_501' title='bbox 2159 3166 2241 3221; x_wconf 91' lang='lat' dir='ltr'><strong>vir</strong></span> <span class='ocrx_word' id='word_1_502' title='bbox 2287 3166 2378 3222; x_wconf 91' lang='lat' dir='ltr'><strong>ille</strong></span> <span class='ocrx_word' id='word_1_503' title='bbox 2426 3167 2589 3237; x_wconf 90' lang='lat' dir='ltr'><strong>plane</strong></span> <span class='ocrx_word' id='word_1_504' title='bbox 2629 3165 2886 3231; x_wconf 88' lang='lat' dir='ltr'><strong>divinus,</strong></span> <span class='ocrx_word' id='word_1_505' title='bbox 2943 3181 3108 3235; x_wconf 90' lang='lat' dir='ltr'><strong>quam</strong></span> <span class='ocrx_word' id='word_1_506' title='bbox 3152 3165 3389 3221; x_wconf 80' lang='lat' dir='ltr'><strong>maxima</strong></span> 
     </span>
    </p>
   </div>
   <div class='ocr_carea' id='block_1_74' title="bbox 1743 3251 3388 3328">
    <p class='ocr_par' dir='ltr' id='par_1_74' title="bbox 1743 3251 3388 3328">
     <span class='ocr_line' id='line_1_74' title="bbox 1743 3251 3388 3328; baseline -0.002 -16"><span class='ocrx_word' id='word_1_507' title='bbox 1743 3251 1788 3312; x_wconf 92' lang='lat' dir='ltr'><strong>C</strong></span> <span class='ocrx_word' id='word_1_508' title='bbox 1819 3256 1995 3326; x_wconf 88' lang='lat' dir='ltr'><strong>potuit</strong></span> <span class='ocrx_word' id='word_1_509' title='bbox 2022 3272 2155 3311; x_wconf 89' lang='lat' dir='ltr'><strong>cura</strong></span> <span class='ocrx_word' id='word_1_510' title='bbox 2178 3296 2193 3323; x_wconf 94' lang='lat'><strong>,</strong></span> <span class='ocrx_word' id='word_1_511' title='bbox 2222 3256 2372 3311; x_wconf 90' lang='lat' dir='ltr'><strong>velut</strong></span> <span class='ocrx_word' id='word_1_512' title='bbox 2400 3255 2467 3310; x_wconf 91' lang='lat' dir='ltr'><strong>ad</strong></span> <span class='ocrx_word' id='word_1_513' title='bbox 2500 3256 2847 3328; x_wconf 85' lang='lat' dir='ltr'><strong>clepsydram</strong></span> <span class='ocrx_word' id='word_1_514' title='bbox 2878 3255 3129 3312; x_wconf 85' lang='lat' dir='ltr'><strong>dicturus</strong></span> <span class='ocrx_word' id='word_1_515' title='bbox 3155 3297 3169 3321; x_wconf 89' lang='lat'><strong>,</strong></span> <span class='ocrx_word' id='word_1_516' title='bbox 3200 3257 3388 3312; x_wconf 79' lang='lat' dir='ltr'><strong>elabo-</strong></span> 
     </span>
    </p>
   </div>
   <div class='ocr_carea' id='block_1_75' title="bbox 1810 3349 2030 3405">
    <p class='ocr_par' dir='ltr' id='par_1_75' title="bbox 1810 3349 2030 3405">
     <span class='ocr_line' id='line_1_75' title="bbox 1810 3349 2030 3405; baseline -0.005 -2"><span class='ocrx_word' id='word_1_517' title='bbox 1810 3349 2030 3405; x_wconf 87' lang='lat' dir='ltr'><strong>raverit.</strong></span> 
     </span>
    </p>
   </div>
   <div class='ocr_carea' id='block_1_76' title="bbox 2364 3437 2800 3497">
    <p class='ocr_par' dir='ltr' id='par_1_76' title="bbox 2364 3437 2800 3497">
     <span class='ocr_line' id='line_1_76' title="bbox 2364 3437 2800 3497; baseline 0.007 -4"><span class='ocrx_word' id='word_1_518' title='bbox 2364 3437 2597 3494; x_wconf 81' lang='lat' dir='ltr'><strong>CAPUT</strong></span> <span class='ocrx_word' id='word_1_519' title='bbox 2637 3438 2800 3497; x_wconf 81' lang='lat' dir='ltr'><strong>XLII.</strong></span> 
     </span>
    </p>
   </div>
   <div class='ocr_carea' id='block_1_77' title="bbox 1880 3530 3390 3603">
    <p class='ocr_par' dir='ltr' id='par_1_77' title="bbox 1880 3530 3390 3603">
     <span class='ocr_line' id='line_1_77' title="bbox 1880 3530 3390 3603; baseline 0.002 -17"><span class='ocrx_word' id='word_1_520' title='bbox 1880 3530 1948 3586; x_wconf 83' lang='lat' dir='ltr'><strong>At</strong></span> <span class='ocrx_word' id='word_1_521' title='bbox 1977 3541 2031 3588; x_wconf 92' lang='lat' dir='ltr'><strong>et</strong></span> <span class='ocrx_word' id='word_1_522' title='bbox 2058 3534 2175 3603; x_wconf 89' lang='lat' dir='ltr'><strong>ipsa</strong></span> <span class='ocrx_word' id='word_1_523' title='bbox 2199 3532 2573 3602; x_wconf 88' lang='lat' dir='ltr'><strong>percensenda</strong></span> <span class='ocrx_word' id='word_1_524' title='bbox 2592 3540 2676 3588; x_wconf 89' lang='lat' dir='ltr'><strong>est</strong></span> <span class='ocrx_word' id='word_1_525' title='bbox 2699 3531 2903 3586; x_wconf 77' lang='lat' dir='ltr'><strong>frustra</strong></span> <span class='ocrx_word' id='word_1_526' title='bbox 2927 3531 2995 3586; x_wconf 89' lang='lat' dir='ltr'><strong>ab</strong></span> <span class='ocrx_word' id='word_1_527' title='bbox 3021 3544 3086 3585; x_wconf 94' lang='lat' dir='ltr'><strong>eo</strong></span> <span class='ocrx_word' id='word_1_528' title='bbox 3109 3530 3390 3589; x_wconf 70' lang='lat' dir='ltr'><strong>elaborata</strong></span> 
     </span>
    </p>
   </div>
   <div class='ocr_carea' id='block_1_78' title="bbox 1810 3617 3392 3694">
    <p class='ocr_par' dir='ltr' id='par_1_78' title="bbox 1810 3617 3392 3694">
     <span class='ocr_line' id='line_1_78' title="bbox 1810 3617 3392 3694; baseline -0.001 -15"><span class='ocrx_word' id='word_1_529' title='bbox 1810 3624 2091 3694; x_wconf 88' lang='lat' dir='ltr'><strong>apologia,</strong></span> <span class='ocrx_word' id='word_1_530' title='bbox 2136 3630 2191 3679; x_wconf 93' lang='lat' dir='ltr'><strong>et</strong></span> <span class='ocrx_word' id='word_1_531' title='bbox 2223 3638 2377 3694; x_wconf 66' lang='lat' dir='ltr'><strong>quae,</strong></span> <span class='ocrx_word' id='word_1_532' title='bbox 2412 3624 2582 3679; x_wconf 90' lang='lat' dir='ltr'><strong>multa</strong></span> <span class='ocrx_word' id='word_1_533' title='bbox 2634 3624 2740 3679; x_wconf 90' lang='lat' dir='ltr'><strong>alia</strong></span> <span class='ocrx_word' id='word_1_534' title='bbox 2787 3623 2948 3689; x_wconf 92' lang='lat' dir='ltr'><strong>inter,</strong></span> <span class='ocrx_word' id='word_1_535' title='bbox 2997 3617 3160 3691; x_wconf 80' lang='lat'><strong>538</strong></span> <span class='ocrx_word' id='word_1_536' title='bbox 3187 3622 3392 3694; x_wconf 84' lang='lat' dir='ltr'><strong>quibus</strong></span> 
     </span>
    </p>
   </div>
   <div class='ocr_carea' id='block_1_79' title="bbox 1810 3711 3390 3785">
    <p class='ocr_par' dir='ltr' id='par_1_79' title="bbox 1810 3711 3390 3785">
     <span class='ocr_line' id='line_1_79' title="bbox 1810 3711 3390 3785; baseline -0.001 -16"><span class='ocrx_word' id='word_1_537' title='bbox 1810 3716 2183 3771; x_wconf 86' lang='lat' dir='ltr'><strong>Domitianum</strong></span> <span class='ocrx_word' id='word_1_538' title='bbox 2209 3714 2536 3785; x_wconf 88' lang='lat' dir='ltr'><strong>compellat,</strong></span> <span class='ocrx_word' id='word_1_539' title='bbox 2588 3720 2911 3785; x_wconf 89' lang='lat' dir='ltr'><strong>arroganter</strong></span> <span class='ocrx_word' id='word_1_540' title='bbox 2958 3712 3150 3784; x_wconf 84' lang='lat' dir='ltr'><strong>jactat,</strong></span> <span class='ocrx_word' id='word_1_541' title='bbox 3184 3711 3390 3768; x_wconf 89' lang='lat' dir='ltr'><strong>diserte</strong></span> 
     </span>
    </p>
   </div>
   <div class='ocr_carea' id='block_1_80' title="bbox 1809 3801 3388 3875">
    <p class='ocr_par' dir='ltr' id='par_1_80' title="bbox 1809 3801 3388 3875">
     <span class='ocr_line' id='line_1_80' title="bbox 1809 3801 3388 3875; baseline 0 -17"><span class='ocrx_word' id='word_1_542' title='bbox 1809 3804 2060 3874; x_wconf 89' lang='lat' dir='ltr'><strong>inquiens</strong></span> <span class='ocrx_word' id='word_1_543' title='bbox 2096 3802 2139 3835; x_wconf 79' lang='grc'><strong>¹⁴⁵</strong></span> <span class='ocrx_word' id='word_1_544' title='bbox 2168 3822 2182 3858; x_wconf 91' lang='lat'><strong>:</strong></span> <span class='ocrx_word' id='word_1_545' title='bbox 2211 3821 2242 3856; x_wconf 83' lang='grc'><strong>.‹</strong></span> <span class='ocrx_word' id='word_1_546' title='bbox 2277 3802 2354 3859; x_wconf 91' lang='lat' dir='ltr'><strong>Te</strong></span> <span class='ocrx_word' id='word_1_547' title='bbox 2403 3803 2571 3875; x_wconf 88' lang='lat' dir='ltr'><strong>igitur</strong></span> <span class='ocrx_word' id='word_1_548' title='bbox 2598 3804 2985 3875; x_wconf 89' lang='lat' dir='ltr'><strong>imperatorem</strong></span> <span class='ocrx_word' id='word_1_549' title='bbox 3016 3801 3388 3874; x_wconf 81' lang='lat' dir='ltr'><strong>Vespasianus</strong></span> 
     </span>
    </p>
   </div>
   <div class='ocr_carea' id='block_1_81' title="bbox 1809 3894 3382 3968">
    <p class='ocr_par' dir='ltr' id='par_1_81' title="bbox 1809 3894 3382 3968">
     <span class='ocr_line' id='line_1_81' title="bbox 1809 3894 3382 3968; baseline 0 -19"><span class='ocrx_word' id='word_1_550' title='bbox 1809 3894 1956 3961; x_wconf 80' lang='lat' dir='ltr'><strong>fecit,</strong></span> <span class='ocrx_word' id='word_1_551' title='bbox 1989 3896 2105 3966; x_wconf 82' lang='lat' dir='ltr'><strong>ipse</strong></span> <span class='ocrx_word' id='word_1_552' title='bbox 2137 3911 2167 3951; x_wconf 86' lang='lat' dir='ltr'><strong>a</strong></span> <span class='ocrx_word' id='word_1_553' title='bbox 2211 3911 2299 3952; x_wconf 90' lang='lat' dir='ltr'><strong>me</strong></span> <span class='ocrx_word' id='word_1_554' title='bbox 2354 3903 2440 3952; x_wconf 85' lang='lat' dir='ltr'><strong>est</strong></span> <span class='ocrx_word' id='word_1_555' title='bbox 2497 3895 2698 3953; x_wconf 80' lang='lat' dir='ltr'><strong>factus.</strong></span> <span class='ocrx_word' id='word_1_556' title='bbox 2760 3915 2778 3949; x_wconf 76' lang='grc' dir='ltr'><strong>ι</strong></span> <span class='ocrx_word' id='word_1_557' title='bbox 2820 3894 2937 3951; x_wconf 80' lang='lat' dir='ltr'><strong>Vah</strong></span> <span class='ocrx_word' id='word_1_558' title='bbox 2987 3894 3382 3968; x_wconf 83' lang='lat' dir='ltr'><strong>arrOgantiaml</strong></span> 
     </span>
    </p>
   </div>
   <div class='ocr_carea' id='block_1_82' title="bbox 1809 3987 3388 4060">
    <p class='ocr_par' dir='ltr' id='par_1_82' title="bbox 1809 3987 3388 4060">
     <span class='ocr_line' id='line_1_82' title="bbox 1809 3987 3388 4060; baseline 0.002 -19"><span class='ocrx_word' id='word_1_559' title='bbox 1809 4003 1913 4057; x_wconf 91' lang='lat' dir='ltr'><strong>qua</strong></span> <span class='ocrx_word' id='word_1_560' title='bbox 1942 4003 2009 4043; x_wconf 91' lang='lat' dir='ltr'><strong>ne</strong></span> <span class='ocrx_word' id='word_1_561' title='bbox 2053 4004 2119 4043; x_wconf 84' lang='lat' dir='ltr'><strong>ex</strong></span> <span class='ocrx_word' id='word_1_562' title='bbox 2172 3990 2335 4060; x_wconf 90' lang='lat' dir='ltr'><strong>vulgo</strong></span> <span class='ocrx_word' id='word_1_563' title='bbox 2368 3988 2588 4059; x_wconf 91' lang='lat' dir='ltr'><strong>quidem</strong></span> <span class='ocrx_word' id='word_1_564' title='bbox 2645 3988 2953 4058; x_wconf 89' lang='lat' dir='ltr'><strong>quispiam,</strong></span> <span class='ocrx_word' id='word_1_565' title='bbox 3010 3987 3209 4042; x_wconf 87' lang='lat' dir='ltr'><strong>nedum</strong></span> <span class='ocrx_word' id='word_1_566' title='bbox 3261 4002 3388 4044; x_wconf 88' lang='lat' dir='ltr'><strong>vere</strong></span> 
     </span>
    </p>
   </div>
   <div class='ocr_carea' id='block_1_83' title="bbox 1810 4076 3389 4147">
    <p class='ocr_par' dir='ltr' id='par_1_83' title="bbox 1810 4076 3389 4147">
     <span class='ocr_line' id='line_1_83' title="bbox 1810 4076 3389 4147; baseline 0.002 -18"><span class='ocrx_word' id='word_1_567' title='bbox 1810 4076 2166 4146; x_wconf 90' lang='lat' dir='ltr'><strong>philosophus</strong></span> <span class='ocrx_word' id='word_1_568' title='bbox 2194 4117 2209 4141; x_wconf 92' lang='lat'><strong>,</strong></span> <span class='ocrx_word' id='word_1_569' title='bbox 2274 4076 2623 4147; x_wconf 91' lang='lat' dir='ltr'><strong>humanaque</strong></span> <span class='ocrx_word' id='word_1_570' title='bbox 2670 4077 3031 4131; x_wconf 80' lang='lat' dir='ltr'><strong>excellentior</strong></span> <span class='ocrx_word' id='word_1_571' title='bbox 3077 4084 3275 4132; x_wconf 91' lang='lat' dir='ltr'><strong>natura</strong></span> <span class='ocrx_word' id='word_1_572' title='bbox 3328 4090 3389 4132; x_wconf 80' lang='lat' dir='ltr'><strong>se</strong></span> 
     </span>
    </p>
   </div>
   <div class='ocr_carea' id='block_1_84' title="bbox 1804 4168 3385 4239">
    <p class='ocr_par' dir='ltr' id='par_1_84' title="bbox 1804 4168 3385 4239">
     <span class='ocr_line' id='line_1_84' title="bbox 1804 4168 3385 4239; baseline 0.002 -18"><span class='ocrx_word' id='word_1_573' title='bbox 1804 4168 2035 4237; x_wconf 86' lang='lat' dir='ltr'><strong>jactitet,</strong></span> <span class='ocrx_word' id='word_1_574' title='bbox 2067 4169 2174 4224; x_wconf 91' lang='lat' dir='ltr'><strong>nisi</strong></span> <span class='ocrx_word' id='word_1_575' title='bbox 2211 4169 2441 4224; x_wconf 67' lang='lat' dir='ltr'><strong>insania:</strong></span> <span class='ocrx_word' id='word_1_576' title='bbox 2469 4169 2648 4224; x_wconf 89' lang='lat' dir='ltr'><strong>dicam</strong></span> <span class='ocrx_word' id='word_1_577' title='bbox 2694 4184 2725 4224; x_wconf 92' lang='lat' dir='ltr'><strong>a</strong></span> <span class='ocrx_word' id='word_1_578' title='bbox 2778 4168 3230 4239; x_wconf 87' lang='lat' dir='ltr'><strong>prudentioribus</strong></span> <span class='ocrx_word' id='word_1_579' title='bbox 3279 4170 3385 4226; x_wconf 92' lang='lat' dir='ltr'><strong>sibi</strong></span> 
     </span>
    </p>
   </div>
   <div class='ocr_carea' id='block_1_85' title="bbox 1808 4257 3389 4328">
    <p class='ocr_par' dir='ltr' id='par_1_85' title="bbox 1808 4257 3389 4328">
     <span class='ocr_line' id='line_1_85' title="bbox 1808 4257 3389 4328; baseline -0.001 -14"><span class='ocrx_word' id='word_1_580' title='bbox 1808 4259 1973 4314; x_wconf 86' lang='lat' dir='ltr'><strong>scribi</strong></span> <span class='ocrx_word' id='word_1_581' title='bbox 2030 4259 2180 4312; x_wconf 86' lang='lat' dir='ltr'><strong>velit.</strong></span> <span class='ocrx_word' id='word_1_582' title='bbox 2223 4257 2427 4314; x_wconf 88' lang='lat' dir='ltr'><strong>Deinde</strong></span> <span class='ocrx_word' id='word_1_583' title='bbox 2472 4273 2600 4313; x_wconf 88' lang='lat' dir='ltr'><strong>vero</strong></span> <span class='ocrx_word' id='word_1_584' title='bbox 2653 4272 2684 4312; x_wconf 95' lang='lat' dir='ltr'><strong>a</strong></span> <span class='ocrx_word' id='word_1_585' title='bbox 2739 4257 3087 4328; x_wconf 89' lang='lat' dir='ltr'><strong>suspicione,</strong></span> <span class='ocrx_word' id='word_1_586' title='bbox 3124 4273 3230 4327; x_wconf 86' lang='lat' dir='ltr'><strong>qua</strong></span> <span class='ocrx_word' id='word_1_587' title='bbox 3272 4272 3389 4327; x_wconf 86' lang='lat' dir='ltr'><strong>pre-</strong></span> 
     </span>
    </p>
   </div>
   <div class='ocr_carea' id='block_1_86' title="bbox 1808 4349 3387 4420">
    <p class='ocr_par' dir='ltr' id='par_1_86' title="bbox 1808 4349 3387 4420">
     <span class='ocr_line' id='line_1_86' title="bbox 1808 4349 3387 4420; baseline 0.001 -17"><span class='ocrx_word' id='word_1_588' title='bbox 1808 4350 2091 4413; x_wconf 76' lang='lat' dir='ltr'><strong>tuebatur,</strong></span> <span class='ocrx_word' id='word_1_589' title='bbox 2134 4365 2193 4406; x_wconf 89' lang='lat' dir='ltr'><strong>se</strong></span> <span class='ocrx_word' id='word_1_590' title='bbox 2224 4350 2402 4419; x_wconf 90' lang='lat' dir='ltr'><strong>ipsum</strong></span> <span class='ocrx_word' id='word_1_591' title='bbox 2434 4364 2673 4419; x_wconf 84' lang='lat' dir='ltr'><strong>purgans</strong></span> <span class='ocrx_word' id='word_1_592' title='bbox 2693 4390 2709 4416; x_wconf 96' lang='lat'><strong>,</strong></span> <span class='ocrx_word' id='word_1_593' title='bbox 2753 4350 3034 4419; x_wconf 84' lang='lat' dir='ltr'><strong>sequentia</strong></span> <span class='ocrx_word' id='word_1_594' title='bbox 3079 4349 3287 4420; x_wconf 79' lang='lat' dir='ltr'><strong>profert</strong></span> <span class='ocrx_word' id='word_1_595' title='bbox 3319 4349 3387 4404; x_wconf 84' lang='lat' dir='ltr'><strong>de</strong></span> 
     </span>
    </p>
   </div>
   <div class='ocr_carea' id='block_1_87' title="bbox 1808 4433 3386 4509">
    <p class='ocr_par' dir='ltr' id='par_1_87' title="bbox 1808 4433 3386 4509">
     <span class='ocr_line' id='line_1_87' title="bbox 1808 4433 3386 4509; baseline 0.003 -20"><span class='ocrx_word' id='word_1_596' title='bbox 1808 4434 1981 4505; x_wconf 84' lang='lat' dir='ltr'><strong>magis</strong></span> <span class='ocrx_word' id='word_1_597' title='bbox 2010 4435 2093 4490; x_wconf 78' lang='lat'><strong>”:</strong></span> <span class='ocrx_word' id='word_1_598' title='bbox 2128 4454 2147 4486; x_wconf 74' lang='grc' dir='ltr'><strong>ι</strong></span> <span class='ocrx_word' id='word_1_599' title='bbox 2189 4433 2453 4506; x_wconf 85' lang='lat' dir='ltr'><strong>Equidem</strong></span> <span class='ocrx_word' id='word_1_600' title='bbox 2500 4451 2689 4506; x_wconf 88' lang='lat' dir='ltr'><strong>magos</strong></span> <span class='ocrx_word' id='word_1_601' title='bbox 2742 4436 2893 4492; x_wconf 70' lang='lat' dir='ltr'><strong>falsae</strong></span> <span class='ocrx_word' id='word_1_602' title='bbox 2924 4436 3205 4507; x_wconf 58' lang='lat' dir='ltr'><strong>sapientia:</strong></span> <span class='ocrx_word' id='word_1_603' title='bbox 3253 4446 3386 4509; x_wconf 90' lang='lat' dir='ltr'><strong>puto</strong></span> 
     </span>
    </p>
   </div>
   <div class='ocr_carea' id='block_1_88' title="bbox 1808 4524 3386 4596">
    <p class='ocr_par' dir='ltr' id='par_1_88' title="bbox 1808 4524 3386 4596">
     <span class='ocr_line' id='line_1_88' title="bbox 1808 4524 3386 4596; baseline 0.004 -18"><span class='ocrx_word' id='word_1_604' title='bbox 1808 4524 2058 4581; x_wconf 90' lang='lat' dir='ltr'><strong>alumnos</strong></span> <span class='ocrx_word' id='word_1_605' title='bbox 2091 4540 2233 4581; x_wconf 91' lang='lat' dir='ltr'><strong>esse.</strong></span> <span class='ocrx_word' id='word_1_606' title='bbox 2267 4524 2402 4581; x_wconf 89' lang='lat' dir='ltr'><strong>Nam</strong></span> <span class='ocrx_word' id='word_1_607' title='bbox 2432 4541 2554 4596; x_wconf 68' lang='lat' dir='ltr'><strong>qua:</strong></span> <span class='ocrx_word' id='word_1_608' title='bbox 2583 4542 2694 4582; x_wconf 92' lang='lat' dir='ltr'><strong>non</strong></span> <span class='ocrx_word' id='word_1_609' title='bbox 2728 4536 2879 4594; x_wconf 90' lang='lat' dir='ltr'><strong>sunt,</strong></span> <span class='ocrx_word' id='word_1_610' title='bbox 2907 4534 2968 4581; x_wconf 89' lang='lat' dir='ltr'><strong>ut</strong></span> <span class='ocrx_word' id='word_1_611' title='bbox 2996 4542 3120 4584; x_wconf 89' lang='lat' dir='ltr'><strong>esse</strong></span> <span class='ocrx_word' id='word_1_612' title='bbox 3161 4528 3386 4584; x_wconf 87' lang='lat' dir='ltr'><strong>videan-</strong></span> 
     </span>
    </p>
   </div>
   <div class='ocr_carea' id='block_1_89' title="bbox 135 4589 1709 4687">
    <p class='ocr_par' dir='ltr' id='par_1_89' title="bbox 135 4589 1706 4683">
     <span class='ocr_line' id='line_1_89' title="bbox 135 4589 1706 4683; baseline 0.01 -31"><span class='ocrx_word' id='word_1_613' title='bbox 135 4601 364 4670; x_wconf 83' lang='grc' dir='ltr'>ταμάθοι</span> <span class='ocrx_word' id='word_1_614' title='bbox 396 4604 441 4656; x_wconf 82' lang='grc' dir='ltr'>δ’</span> <span class='ocrx_word' id='word_1_615' title='bbox 471 4600 564 4657; x_wconf 79' lang='grc' dir='ltr'><strong>οὖν</strong></span> <span class='ocrx_word' id='word_1_616' title='bbox 590 4623 672 4669; x_wconf 89' lang='grc' dir='ltr'><strong>τις</strong></span> <span class='ocrx_word' id='word_1_617' title='bbox 705 4606 769 4660; x_wconf 79' lang='grc' dir='ltr'>ἐκ</span> <span class='ocrx_word' id='word_1_618' title='bbox 794 4624 854 4659; x_wconf 89' lang='grc' dir='ltr'><strong>τε</strong></span> <span class='ocrx_word' id='word_1_619' title='bbox 880 4609 978 4680; x_wconf 79' lang='grc' dir='ltr'>τῆς</span> <span class='ocrx_word' id='word_1_620' title='bbox 1018 4610 1144 4680; x_wconf 85' lang='grc' dir='ltr'>ὅλης</span> <span class='ocrx_word' id='word_1_621' title='bbox 1183 4589 1583 4683; x_wconf 78' lang='grc' dir='ltr'>πραγματείας,</span> <span class='ocrx_word' id='word_1_622' title='bbox 1614 4617 1706 4669; x_wconf 75' lang='grc' dir='ltr'>καὶ</span> 
     </span>
    </p>
   </div>
   <div class='ocr_carea' id='block_1_90' title="bbox 1820 4589 3378 4687">
    <p class='ocr_par' dir='ltr' id='par_1_90' title="bbox 1820 4589 3378 4687">
     <span class='ocr_line' id='line_1_90' title="bbox 1820 4589 3378 4687; baseline 0.004 -19"><span class='ocrx_word' id='word_1_623' title='bbox 1820 4623 1916 4679; x_wconf 75' lang='lat' dir='ltr'><strong>lur,</strong></span> <span class='ocrx_word' id='word_1_624' title='bbox 1940 4624 1994 4670; x_wconf 92' lang='lat' dir='ltr'><strong>et</strong></span> <span class='ocrx_word' id='word_1_625' title='bbox 2017 4631 2139 4687; x_wconf 70' lang='lat' dir='ltr'><strong>quae</strong></span> <span class='ocrx_word' id='word_1_626' title='bbox 2167 4625 2316 4684; x_wconf 90' lang='lat' dir='ltr'><strong>sunt,</strong></span> <span class='ocrx_word' id='word_1_627' title='bbox 2353 4623 2413 4671; x_wconf 91' lang='lat' dir='ltr'><strong>ut</strong></span> <span class='ocrx_word' id='word_1_628' title='bbox 2441 4589 2552 4672; x_wconf 76' lang='lat' dir='ltr'><strong>non</strong></span> <span class='ocrx_word' id='word_1_629' title='bbox 2598 4632 2721 4674; x_wconf 87' lang='lat' dir='ltr'><strong>esse</strong></span> <span class='ocrx_word' id='word_1_630' title='bbox 2769 4589 3059 4674; x_wconf 82' lang='lat' dir='ltr'><strong>videantur</strong></span> <span class='ocrx_word' id='word_1_631' title='bbox 3089 4603 3321 4674; x_wconf 80' lang='lat' dir='ltr'><strong>iaciunt.</strong></span> <span class='ocrx_word' id='word_1_632' title='bbox 3355 4639 3378 4674; x_wconf 74' lang='grc' dir='ltr'><strong>ι</strong></span> 
     </span>
    </p>
   </div>
   <div class='ocr_carea' id='block_1_91' title="bbox 136 4695 1705 4776">
    <p class='ocr_par' dir='ltr' id='par_1_91' title="bbox 136 4695 1705 4776">
     <span class='ocr_line' id='line_1_91' title="bbox 136 4695 1705 4776; baseline 0.009 -30"><span class='ocrx_word' id='word_1_633' title='bbox 136 4695 233 4749; x_wconf 82' lang='grc' dir='ltr'><strong>τῶν</strong></span> <span class='ocrx_word' id='word_1_634' title='bbox 263 4699 321 4749; x_wconf 78' lang='grc' dir='ltr'>ἐν</span> <span class='ocrx_word' id='word_1_635' title='bbox 350 4695 510 4768; x_wconf 84' lang='grc' dir='ltr'>μέρει</span> <span class='ocrx_word' id='word_1_636' title='bbox 547 4696 948 4769; x_wconf 81' lang='grc' dir='ltr'>δεδηλωμένων,</span> <span class='ocrx_word' id='word_1_637' title='bbox 980 4703 1183 4774; x_wconf 87' lang='grc' dir='ltr'>πότερα</span> <span class='ocrx_word' id='word_1_638' title='bbox 1208 4704 1265 4758; x_wconf 82' lang='grc' dir='ltr'>ὲν</span> <span class='ocrx_word' id='word_1_639' title='bbox 1298 4704 1463 4770; x_wconf 91' lang='grc' dir='ltr'>θείοις</span> <span class='ocrx_word' id='word_1_640' title='bbox 1490 4707 1584 4759; x_wconf 83' lang='grc' dir='ltr'>καὶ</span> <span class='ocrx_word' id='word_1_641' title='bbox 1616 4725 1705 4776; x_wconf 68' lang='grc' dir='ltr'>φιο</span> 
     </span>
    </p>
   </div>
   <div class='ocr_carea' id='block_1_92' title="bbox 136 4782 1705 4862">
    <p class='ocr_par' dir='ltr' id='par_1_92' title="bbox 136 4782 1705 4862">
     <span class='ocr_line' id='line_1_92' title="bbox 136 4782 1705 4862; baseline 0.009 -25"><span class='ocrx_word' id='word_1_642' title='bbox 136 4782 398 4856; x_wconf 77' lang='grc' dir='ltr'>λοσόφοις,</span> <span class='ocrx_word' id='word_1_643' title='bbox 435 4786 556 4858; x_wconf 72' lang='grc' dir='ltr'>ήέν</span> <span class='ocrx_word' id='word_1_644' title='bbox 579 4788 769 4860; x_wconf 89' lang='grc' dir='ltr'>γόησιν</span> <span class='ocrx_word' id='word_1_645' title='bbox 800 4791 962 4845; x_wconf 80' lang='grc' dir='ltr'>αὑτὸν</span> <span class='ocrx_word' id='word_1_646' title='bbox 991 4796 1379 4861; x_wconf 81' lang='grc' dir='ltr'>κατατακτέον,</span> <span class='ocrx_word' id='word_1_647' title='bbox 1410 4798 1705 4862; x_wconf 81' lang='grc' dir='ltr'>πιστεύσας</span> 
     </span>
    </p>
   </div>
   <div class='ocr_carea' id='block_1_93' title="bbox 135 4871 1699 4961">
    <p class='ocr_par' dir='ltr' id='par_1_93' title="bbox 135 4871 1699 4961">
     <span class='ocr_line' id='line_1_93' title="bbox 135 4871 1699 4961; baseline 0.009 -31"><span class='ocrx_word' id='word_1_648' title='bbox 135 4871 207 4940; x_wconf 78' lang='grc' dir='ltr'>οἷς</span> <span class='ocrx_word' id='word_1_649' title='bbox 237 4897 297 4932; x_wconf 84' lang='grc' dir='ltr'><strong>τε</strong></span> <span class='ocrx_word' id='word_1_650' title='bbox 330 4878 497 4942; x_wconf 77' lang='grc' dir='ltr'>αὐτὸς</span> <span class='ocrx_word' id='word_1_651' title='bbox 538 4880 666 4949; x_wconf 77' lang='grc' dir='ltr'>περὶ</span> <span class='ocrx_word' id='word_1_652' title='bbox 711 4884 920 4954; x_wconf 81' lang='grc' dir='ltr'>γοήτων</span> <span class='ocrx_word' id='word_1_653' title='bbox 965 4886 1057 4938; x_wconf 83' lang='grc' dir='ltr'>καὶ</span> <span class='ocrx_word' id='word_1_654' title='bbox 1109 4886 1452 4957; x_wconf 69' lang='grc' dir='ltr'>ψευδοσόφων</span> <span class='ocrx_word' id='word_1_655' title='bbox 1490 4890 1699 4961; x_wconf 80' lang='grc' dir='ltr'>εἴρηκε,</span> 
     </span>
    </p>
   </div>
   <div class='ocr_carea' id='block_1_94' title="bbox 136 4966 1703 5054">
    <p class='ocr_par' dir='ltr' id='par_1_94' title="bbox 136 4966 1703 5054">
     <span class='ocr_line' id='line_1_94' title="bbox 136 4966 1703 5054; baseline 0.01 -33"><span class='ocrx_word' id='word_1_656' title='bbox 136 4971 219 5026; x_wconf 68' lang='grc' dir='ltr'><strong>καὶ</strong></span> <span class='ocrx_word' id='word_1_657' title='bbox 270 4966 353 5036; x_wconf 77' lang='grc' dir='ltr'>οἷς</span> <span class='ocrx_word' id='word_1_658' title='bbox 402 4972 701 5043; x_wconf 81' lang='grc' dir='ltr'>δεδήλωκεν</span> <span class='ocrx_word' id='word_1_659' title='bbox 753 4976 784 5045; x_wconf 87' lang='grc' dir='ltr'><strong>ή</strong></span> <span class='ocrx_word' id='word_1_660' title='bbox 839 4979 957 5029; x_wconf 83' lang='grc' dir='ltr'>κατ’</span> <span class='ocrx_word' id='word_1_661' title='bbox 983 4978 1141 5033; x_wconf 82' lang='grc' dir='ltr'>αὑτὸν</span> <span class='ocrx_word' id='word_1_662' title='bbox 1189 4982 1414 5053; x_wconf 87' lang='grc' dir='ltr'>ἱστορία.</span> <span class='ocrx_word' id='word_1_663' title='bbox 1442 4982 1611 5054; x_wconf 80' lang='grc' dir='ltr'>Δρῦές</span> <span class='ocrx_word' id='word_1_664' title='bbox 1643 5001 1703 5036; x_wconf 86' lang='grc' dir='ltr'><strong>τε</strong></span> 
     </span>
    </p>
   </div>
   <div class='ocr_carea' id='block_1_95' title="bbox 136 5059 1695 5145">
    <p class='ocr_par' dir='ltr' id='par_1_95' title="bbox 136 5059 1695 5145">
     <span class='ocr_line' id='line_1_95' title="bbox 136 5059 1695 5145; baseline 0.01 -32"><span class='ocrx_word' id='word_1_665' title='bbox 136 5059 253 5132; x_wconf 74' lang='grc' dir='ltr'>γὰρ,</span> <span class='ocrx_word' id='word_1_666' title='bbox 286 5063 383 5115; x_wconf 86' lang='grc' dir='ltr'><strong>καί</strong></span> <span class='ocrx_word' id='word_1_667' title='bbox 411 5061 654 5125; x_wconf 82' lang='grc' dir='ltr'>πτελέαι,</span> <span class='ocrx_word' id='word_1_668' title='bbox 685 5064 931 5137; x_wconf 80' lang='grc' dir='ltr'>ὲνάρθρῳ</span> <span class='ocrx_word' id='word_1_669' title='bbox 967 5069 1059 5121; x_wconf 78' lang='grc' dir='ltr'>καὶ</span> <span class='ocrx_word' id='word_1_670' title='bbox 1105 5068 1290 5143; x_wconf 75' lang='grc' dir='ltr'>θηλείᾳ</span> <span class='ocrx_word' id='word_1_671' title='bbox 1321 5076 1471 5145; x_wconf 79' lang='grc' dir='ltr'>φωνῇ</span> <span class='ocrx_word' id='word_1_672' title='bbox 1504 5073 1695 5127; x_wconf 70' lang='grc' dir='ltr'>λαλοῧο</span> 
     </span>
    </p>
   </div>
   <div class='ocr_carea' id='block_1_96' title="bbox 135 5152 1696 5233">
    <p class='ocr_par' dir='ltr' id='par_1_96' title="bbox 135 5152 1696 5233">
     <span class='ocr_line' id='line_1_96' title="bbox 135 5152 1696 5233; baseline 0.006 -28"><span class='ocrx_word' id='word_1_673' title='bbox 135 5164 235 5216; x_wconf 77' lang='grc' dir='ltr'>σαι,</span> <span class='ocrx_word' id='word_1_674' title='bbox 270 5153 367 5206; x_wconf 75' lang='grc' dir='ltr'>καὶ</span> <span class='ocrx_word' id='word_1_675' title='bbox 405 5152 654 5224; x_wconf 83' lang='grc' dir='ltr'>τρίποδες</span> <span class='ocrx_word' id='word_1_676' title='bbox 687 5154 977 5225; x_wconf 77' lang='grc' dir='ltr'>αὐτόματοι</span> <span class='ocrx_word' id='word_1_677' title='bbox 1022 5158 1331 5226; x_wconf 83' lang='grc' dir='ltr'>φοιτῶντες,</span> <span class='ocrx_word' id='word_1_678' title='bbox 1365 5162 1457 5215; x_wconf 73' lang='grc' dir='ltr'>καὶ</span> <span class='ocrx_word' id='word_1_679' title='bbox 1482 5162 1696 5233; x_wconf 89' lang='grc' dir='ltr'>χάλκεοι</span> 
     </span>
    </p>
   </div>
   <div class='ocr_carea' id='block_1_97' title="bbox 200 5306 777 5372">
    <p class='ocr_par' dir='ltr' id='par_1_97' title="bbox 200 5306 777 5372">
     <span class='ocr_line' id='line_1_97' title="bbox 200 5306 777 5372; baseline 0.014 -13"><span class='ocrx_word' id='word_1_680' title='bbox 200 5306 238 5338; x_wconf 79' lang='grc'>¹¹</span> <span class='ocrx_word' id='word_1_681' title='bbox 283 5306 383 5362; x_wconf 89' lang='lat' dir='ltr'><strong>lib.</strong></span> <span class='ocrx_word' id='word_1_682' title='bbox 459 5323 534 5362; x_wconf 82' lang='lat' dir='ltr'><strong>vti</strong></span> <span class='ocrx_word' id='word_1_683' title='bbox 560 5349 573 5372; x_wconf 98' lang='lat'><strong>,</strong></span> <span class='ocrx_word' id='word_1_684' title='bbox 607 5324 657 5363; x_wconf 93' lang='lat' dir='ltr'><strong>c.</strong></span> <span class='ocrx_word' id='word_1_685' title='bbox 687 5310 777 5368; x_wconf 77' lang='grc'><strong>40.</strong></span> 
     </span>
    </p>
   </div>
   <div class='ocr_carea' id='block_1_98' title="bbox 136 5373 652 5442">
    <p class='ocr_par' dir='ltr' id='par_1_98' title="bbox 136 5373 652 5442">
     <span class='ocr_line' id='line_1_98' title="bbox 136 5373 652 5442; baseline 0.004 -13"><span class='ocrx_word' id='word_1_686' title='bbox 136 5373 174 5406; x_wconf 82' lang='grc'><strong>⁸⁸</strong></span> <span class='ocrx_word' id='word_1_687' title='bbox 209 5376 306 5431; x_wconf 90' lang='lat' dir='ltr'><strong>lib.</strong></span> <span class='ocrx_word' id='word_1_688' title='bbox 346 5392 401 5431; x_wconf 82' lang='lat' dir='ltr'><strong>vi</strong></span> <span class='ocrx_word' id='word_1_689' title='bbox 425 5418 440 5442; x_wconf 95' lang='lat'><strong>,</strong></span> <span class='ocrx_word' id='word_1_690' title='bbox 478 5395 529 5434; x_wconf 90' lang='lat' dir='ltr'><strong>c.</strong></span> <span class='ocrx_word' id='word_1_691' title='bbox 566 5380 652 5433; x_wconf 76' lang='lat'><strong>10.</strong></span> 
     </span>
    </p>
   </div>
   <div class='ocr_carea' id='block_1_99' title="bbox 215 5484 1396 5570">
    <p class='ocr_par' dir='ltr' id='par_1_99' title="bbox 215 5484 1396 5570">
     <span class='ocr_line' id='line_1_99' title="bbox 215 5484 1396 5570; baseline 0.011 -27"><span class='ocrx_word' id='word_1_692' title='bbox 347 5493 818 5570; x_wconf 51' lang='lat' dir='ltr'><strong>Kmyoﬁfefpr.</strong></span> <span class='ocrx_word' id='word_1_693' title='bbox 861 5484 996 5570; x_wconf 39' lang='lat' dir='ltr'><strong>{ide</strong></span> <span class='ocrx_word' id='word_1_694' title='bbox 1022 5514 1185 5570; x_wconf 89' lang='lat' dir='ltr'><strong>supra</strong></span> <span class='ocrx_word' id='word_1_695' title='bbox 1224 5514 1273 5553; x_wconf 90' lang='lat' dir='ltr'><strong>c.</strong></span> <span class='ocrx_word' id='word_1_696' title='bbox 1312 5500 1396 5557; x_wconf 73' lang='lat' dir='ltr'><strong>H.</strong></span> 
     </span>
    </p>
   </div>
   <div class='ocr_carea' id='block_1_100' title="bbox 218 5560 1696 5632">
    <p class='ocr_par' dir='ltr' id='par_1_100' title="bbox 218 5560 1696 5632">
     <span class='ocr_line' id='line_1_100' title="bbox 218 5560 1696 5632; baseline 0.008 -17"><span class='ocrx_word' id='word_1_697' title='bbox 218 5560 308 5632; x_wconf 93' lang='lat'><strong>90)</strong></span> <span class='ocrx_word' id='word_1_698' title='bbox 365 5560 458 5628; x_wconf 61' lang='lat'><strong>20¢}</strong></span> <span class='ocrx_word' id='word_1_699' title='bbox 486 5564 636 5631; x_wconf 83' lang='grc' dir='ltr'>πρὸς</span> <span class='ocrx_word' id='word_1_700' title='bbox 662 5565 838 5632; x_wconf 81' lang='grc' dir='ltr'>ὕδωρ.</span> <span class='ocrx_word' id='word_1_701' title='bbox 882 5564 973 5621; x_wconf 86' lang='lat' dir='ltr'><strong>Sic</strong></span> <span class='ocrx_word' id='word_1_702' title='bbox 1025 5560 1108 5623; x_wconf 58' lang='lat' dir='ltr'><strong>ex&#39;</strong></span> <span class='ocrx_word' id='word_1_703' title='bbox 1146 5585 1246 5624; x_wconf 79' lang='lat' dir='ltr'><strong>ins.</strong></span> <span class='ocrx_word' id='word_1_704' title='bbox 1276 5578 1331 5625; x_wconf 87' lang='lat' dir='ltr'><strong>et</strong></span> <span class='ocrx_word' id='word_1_705' title='bbox 1362 5570 1696 5628; x_wconf 85' lang='lat' dir='ltr'><strong>Philostrato</strong></span> 
     </span>
    </p>
   </div>
   <div class='ocr_carea' id='block_1_101' title="bbox 139 5633 1698 5713">
    <p class='ocr_par' dir='ltr' id='par_1_101' title="bbox 139 5633 1698 5713">
     <span class='ocr_line' id='line_1_101' title="bbox 139 5633 1698 5713; baseline 0.008 -29"><span class='ocrx_word' id='word_1_706' title='bbox 139 5633 340 5713; x_wconf 52' lang='lat' dir='ltr'><strong>restitui</strong></span> <span class='ocrx_word' id='word_1_707' title='bbox 372 5652 393 5713; x_wconf 80' lang='lat'><strong>_:</strong></span> <span class='ocrx_word' id='word_1_708' title='bbox 429 5644 586 5688; x_wconf 90' lang='lat' dir='ltr'><strong>antea</strong></span> <span class='ocrx_word' id='word_1_709' title='bbox 605 5635 938 5713; x_wconf 54' lang='lat' dir='ltr'><strong>“legebatur,</strong></span> <span class='ocrx_word' id='word_1_710' title='bbox 962 5637 1149 5710; x_wconf 88' lang='grc' dir='ltr'>ῶσπερ</span> <span class='ocrx_word' id='word_1_711' title='bbox 1198 5639 1341 5712; x_wconf 81' lang='grc' dir='ltr'>ὕδωρ</span> <span class='ocrx_word' id='word_1_712' title='bbox 1372 5643 1472 5713; x_wconf 82' lang='grc' dir='ltr'><strong>τὴν</strong></span> <span class='ocrx_word' id='word_1_713' title='bbox 1504 5644 1698 5696; x_wconf 78' lang='grc' dir='ltr'>ἀπολο-</span> 
     </span>
    </p>
   </div>
   <div class='ocr_carea' id='block_1_102' title="bbox 135 5704 878 5774">
    <p class='ocr_par' dir='ltr' id='par_1_102' title="bbox 135 5704 878 5774">
     <span class='ocr_line' id='line_1_102' title="bbox 135 5704 878 5774; baseline 0 -13"><span class='ocrx_word' id='word_1_714' title='bbox 135 5704 247 5774; x_wconf 64' lang='grc' dir='ltr'>γίαν</span> <span class='ocrx_word' id='word_1_715' title='bbox 279 5705 566 5774; x_wconf 79' lang='grc' dir='ltr'>ἀφήσοντι.</span> <span class='ocrx_word' id='word_1_716' title='bbox 602 5704 878 5761; x_wconf 68' lang='lat' dir='ltr'><strong>Hocsrsn.</strong></span> 
     </span>
    </p>
   </div>
   <div class='ocr_carea' id='block_1_103' title="bbox 884 5312 1408 5380">
    <p class='ocr_par' dir='ltr' id='par_1_103' title="bbox 884 5312 1408 5380">
     <span class='ocr_line' id='line_1_103' title="bbox 884 5312 1408 5380; baseline 0.01 -14"><span class='ocrx_word' id='word_1_717' title='bbox 884 5313 927 5344; x_wconf 80' lang='lat'>&quot;</span> <span class='ocrx_word' id='word_1_718' title='bbox 966 5312 1062 5368; x_wconf 88' lang='lat' dir='ltr'><strong>lib.</strong></span> <span class='ocrx_word' id='word_1_719' title='bbox 1094 5331 1193 5369; x_wconf 87' lang='lat' dir='ltr'><strong>vm</strong></span> <span class='ocrx_word' id='word_1_720' title='bbox 1218 5354 1232 5380; x_wconf 95' lang='lat'><strong>,</strong></span> <span class='ocrx_word' id='word_1_721' title='bbox 1268 5331 1319 5371; x_wconf 90' lang='lat' dir='ltr'><strong>c.</strong></span> <span class='ocrx_word' id='word_1_722' title='bbox 1357 5317 1408 5371; x_wconf 88' lang='lat'><strong>7.</strong></span> 
     </span>
    </p>
   </div>
   <div class='ocr_carea' id='block_1_104' title="bbox 197 5772 1581 5853">
    <p class='ocr_par' dir='ltr' id='par_1_104' title="bbox 197 5772 1581 5853">
     <span class='ocr_line' id='line_1_104' title="bbox 197 5772 1581 5853; baseline 0.009 -30"><span class='ocrx_word' id='word_1_723' title='bbox 197 5772 308 5853; x_wconf 86' lang='grc'><strong>)</strong></span> <span class='ocrx_word' id='word_1_724' title='bbox 332 5772 335 5773; x_wconf 52' lang='grc'><strong><em>⁷</em></strong></span> <span class='ocrx_word' id='word_1_725' title='bbox 355 5772 707 5853; x_wconf 35' lang='grc' dir='ltr'>ξᾼφήονοντι..</span> <span class='ocrx_word' id='word_1_726' title='bbox 734 5774 991 5853; x_wconf 61' lang='lat' dir='ltr'><strong>Philostr.</strong></span> <span class='ocrx_word' id='word_1_727' title='bbox 1028 5777 1188 5853; x_wconf 64' lang='lat' dir='ltr'><strong>habet</strong></span> <span class='ocrx_word' id='word_1_728' title='bbox 1217 5782 1581 5853; x_wconf 78' lang='grc' dir='ltr'>ἀφηγήσαντι.</span> 
     </span>
    </p>
   </div>
   <div class='ocr_carea' id='block_1_105' title="bbox 196 5774 1935 5968">
    <p class='ocr_par' dir='ltr' id='par_1_105' title="bbox 196 5774 1935 5968">
     <span class='ocr_line' id='line_1_105' title="bbox 197 5774 1935 5855; baseline 0.011 -32"><span class='ocrx_word' id='word_1_729' title='bbox 197 5774 277 5839; x_wconf 82' lang='grc'>(91</span> <span class='ocrx_word' id='word_1_730' title='bbox 363 5774 693 5843; x_wconf 69' lang='grc' dir='ltr'>Ἀφήσοντι.</span> <span class='ocrx_word' id='word_1_731' title='bbox 735 5774 991 5831; x_wconf 86' lang='lat' dir='ltr'><strong>Philostr.</strong></span> <span class='ocrx_word' id='word_1_732' title='bbox 1028 5777 1188 5832; x_wconf 85' lang='lat' dir='ltr'><strong>habet</strong></span> <span class='ocrx_word' id='word_1_733' title='bbox 1217 5782 1581 5853; x_wconf 80' lang='grc' dir='ltr'>ἀφηγήσαντι.</span> <span class='ocrx_word' id='word_1_734' title='bbox 1802 5788 1935 5855; x_wconf 87' lang='lat' dir='ltr'><strong>priOI</strong></span> 
     </span>
     <span class='ocr_line' id='line_1_106' title="bbox 196 5774 1935 5968; baseline 0.01 -73"><span class='ocrx_word' id='word_1_735' title='bbox 196 5774 313 5968; x_wconf 55' lang='grc' dir='ltr'><strong>(θὲὶ</strong></span> <span class='ocrx_word' id='word_1_736' title='bbox 355 5845 446 5924; x_wconf 55' lang='grc' dir='ltr'>Ἃ,</span> <span class='ocrx_word' id='word_1_737' title='bbox 479 5846 560 5909; x_wconf 83' lang='grc' dir='ltr'>ὡς</span> <span class='ocrx_word' id='word_1_738' title='bbox 592 5846 791 5899; x_wconf 79' lang='grc' dir='ltr'>πολλὰ</span> <span class='ocrx_word' id='word_1_739' title='bbox 822 5847 938 5927; x_wconf 74' lang='grc' dir='ltr'>καί,</span> <span class='ocrx_word' id='word_1_740' title='bbox 967 5854 1074 5903; x_wconf 88' lang='lat' dir='ltr'><strong>etc.</strong></span> <span class='ocrx_word' id='word_1_741' title='bbox 1100 5847 1506 5910; x_wconf 84' lang='lat' dir='ltr'><strong>Distinctionem</strong></span> <span class='ocrx_word' id='word_1_742' title='bbox 1535 5853 1690 5925; x_wconf 91' lang='lat' dir='ltr'><strong>posui</strong></span> <span class='ocrx_word' id='word_1_743' title='bbox 1798 5866 1935 5913; x_wconf 86' lang='lat' dir='ltr'><strong>tum.</strong></span> 
     </span>
     <span class='ocr_line' id='line_1_107' title="bbox 196 5916 1206 5968; baseline 0.003 -3"><span class='ocrx_word' id='word_1_744' title='bbox 196 5920 247 5967; x_wconf 84' lang='lat' dir='ltr'><strong>st</strong></span> <span class='ocrx_word' id='word_1_745' title='bbox 320 5956 333 5968; x_wconf 91' lang='lat'><strong>.</strong></span> <span class='ocrx_word' id='word_1_746' title='bbox 373 5932 492 5968; x_wconf 82' lang='lat' dir='ltr'><strong>sine</strong></span> <span class='ocrx_word' id='word_1_747' title='bbox 521 5931 628 5968; x_wconf 85' lang='lat' dir='ltr'><strong>uua</strong></span> <span class='ocrx_word' id='word_1_748' title='bbox 666 5916 953 5968; x_wconf 81' lang='lat' dir='ltr'><strong>obscurior</strong></span> <span class='ocrx_word' id='word_1_749' title='bbox 994 5934 1206 5968; x_wconf 83' lang='lat' dir='ltr'><strong>sensus.</strong></span> 
     </span>
    </p>
   </div>
   <div class='ocr_carea' id='block_1_106' title="bbox 136 5916 1206 5981">
    <p class='ocr_par' dir='ltr' id='par_1_106' title="bbox 136 5916 1206 5981">
     <span class='ocr_line' id='line_1_108' title="bbox 136 5916 1206 5981; baseline 0.01 -18"><span class='ocrx_word' id='word_1_750' title='bbox 136 5920 247 5975; x_wconf 86' lang='lat' dir='ltr'><strong>post</strong></span> <span class='ocrx_word' id='word_1_751' title='bbox 280 5916 333 5981; x_wconf 79' lang='grc' dir='ltr'>ἆ,</span> <span class='ocrx_word' id='word_1_752' title='bbox 373 5916 492 5970; x_wconf 88' lang='lat' dir='ltr'><strong>sine</strong></span> <span class='ocrx_word' id='word_1_753' title='bbox 521 5931 628 5979; x_wconf 84' lang='lat' dir='ltr'><strong>qua</strong></span> <span class='ocrx_word' id='word_1_754' title='bbox 666 5916 953 5977; x_wconf 83' lang='lat' dir='ltr'><strong>obscurior</strong></span> <span class='ocrx_word' id='word_1_755' title='bbox 994 5934 1206 5975; x_wconf 85' lang='lat' dir='ltr'><strong>sensus.</strong></span> 
     </span>
    </p>
   </div>
   <div class='ocr_carea' id='block_1_107' title="bbox 1508 5319 2082 5384">
    <p class='ocr_par' dir='ltr' id='par_1_107' title="bbox 1508 5319 2082 5384">
     <span class='ocr_line' id='line_1_109' title="bbox 1508 5319 2082 5384; baseline 0.009 -13"><span class='ocrx_word' id='word_1_756' title='bbox 1508 5320 1552 5351; x_wconf 82' lang='grc'><strong>¹³</strong></span> <span class='ocrx_word' id='word_1_757' title='bbox 1592 5319 1685 5374; x_wconf 92' lang='lat' dir='ltr'><strong>lib.</strong></span> <span class='ocrx_word' id='word_1_758' title='bbox 1723 5334 1847 5384; x_wconf 71' lang='lat' dir='ltr'><strong>vnn,</strong></span> <span class='ocrx_word' id='word_1_759' title='bbox 1913 5336 1963 5375; x_wconf 91' lang='lat' dir='ltr'><strong>c.</strong></span> <span class='ocrx_word' id='word_1_760' title='bbox 2028 5321 2082 5376; x_wconf 89' lang='lat'><em>6.</em></span> 
     </span>
    </p>
   </div>
   <div class='ocr_carea' id='block_1_108' title="bbox 1806 4706 3385 4781">
    <p class='ocr_par' dir='ltr' id='par_1_108' title="bbox 1806 4706 3385 4781">
     <span class='ocr_line' id='line_1_110' title="bbox 1806 4706 3385 4781; baseline 0.003 -21"><span class='ocrx_word' id='word_1_761' title='bbox 1806 4706 1883 4761; x_wconf 85' lang='lat' dir='ltr'><strong>Ex</strong></span> <span class='ocrx_word' id='word_1_762' title='bbox 1909 4715 2023 4763; x_wconf 90' lang='lat' dir='ltr'><strong>tota</strong></span> <span class='ocrx_word' id='word_1_763' title='bbox 2053 4708 2217 4779; x_wconf 89' lang='lat' dir='ltr'><strong>igitur</strong></span> <span class='ocrx_word' id='word_1_764' title='bbox 2246 4709 2351 4765; x_wconf 91' lang='lat' dir='ltr'><strong>ista</strong></span> <span class='ocrx_word' id='word_1_765' title='bbox 2385 4710 2738 4775; x_wconf 89' lang='lat' dir='ltr'><strong>tractatione,</strong></span> <span class='ocrx_word' id='word_1_766' title='bbox 2770 4717 2824 4766; x_wconf 93' lang='lat' dir='ltr'><strong>et</strong></span> <span class='ocrx_word' id='word_1_767' title='bbox 2858 4709 3137 4781; x_wconf 90' lang='lat' dir='ltr'><strong>sigillatim</strong></span> <span class='ocrx_word' id='word_1_768' title='bbox 3165 4711 3385 4781; x_wconf 89' lang='lat' dir='ltr'><strong>exposi-</strong></span> 
     </span>
    </p>
   </div>
   <div class='ocr_carea' id='block_1_109' title="bbox 1804 4801 3385 4874">
    <p class='ocr_par' dir='ltr' id='par_1_109' title="bbox 1804 4801 3385 4874">
     <span class='ocr_line' id='line_1_111' title="bbox 1804 4801 3385 4874; baseline 0.003 -20"><span class='ocrx_word' id='word_1_769' title='bbox 1804 4801 1875 4857; x_wconf 86' lang='lat' dir='ltr'><strong>tis</strong></span> <span class='ocrx_word' id='word_1_770' title='bbox 1900 4803 2175 4868; x_wconf 91' lang='lat' dir='ltr'><strong>omnibus,</strong></span> <span class='ocrx_word' id='word_1_771' title='bbox 2202 4803 2387 4859; x_wconf 90' lang='lat' dir='ltr'><strong>discas</strong></span> <span class='ocrx_word' id='word_1_772' title='bbox 2417 4803 2565 4868; x_wconf 89' lang='lat' dir='ltr'><strong>licet,</strong></span> <span class='ocrx_word' id='word_1_773' title='bbox 2597 4819 2666 4857; x_wconf 92' lang='lat' dir='ltr'><strong>an</strong></span> <span class='ocrx_word' id='word_1_774' title='bbox 2708 4803 2764 4857; x_wconf 93' lang='lat' dir='ltr'><strong>in</strong></span> <span class='ocrx_word' id='word_1_775' title='bbox 2793 4802 2919 4871; x_wconf 91' lang='lat' dir='ltr'><strong>diis,</strong></span> <span class='ocrx_word' id='word_1_776' title='bbox 2950 4819 3021 4858; x_wconf 90' lang='lat' dir='ltr'><strong>an</strong></span> <span class='ocrx_word' id='word_1_777' title='bbox 3052 4803 3105 4857; x_wconf 91' lang='lat' dir='ltr'><strong>in</strong></span> <span class='ocrx_word' id='word_1_778' title='bbox 3150 4802 3385 4874; x_wconf 85' lang='lat' dir='ltr'><strong>philoso-</strong></span> 
     </span>
    </p>
   </div>
   <div class='ocr_carea' id='block_1_110' title="bbox 1805 4892 3385 4965">
    <p class='ocr_par' dir='ltr' id='par_1_110' title="bbox 1805 4892 3385 4965">
     <span class='ocr_line' id='line_1_112' title="bbox 1805 4892 3385 4965; baseline 0.003 -21"><span class='ocrx_word' id='word_1_779' title='bbox 1805 4892 1948 4961; x_wconf 88' lang='lat' dir='ltr'><strong>phis,</strong></span> <span class='ocrx_word' id='word_1_780' title='bbox 1985 4908 2054 4947; x_wconf 93' lang='lat' dir='ltr'><strong>an</strong></span> <span class='ocrx_word' id='word_1_781' title='bbox 2088 4894 2142 4947; x_wconf 92' lang='lat' dir='ltr'><strong>in</strong></span> <span class='ocrx_word' id='word_1_782' title='bbox 2168 4892 2341 4965; x_wconf 87' lang='lat' dir='ltr'><strong>magis</strong></span> <span class='ocrx_word' id='word_1_783' title='bbox 2368 4894 2677 4949; x_wconf 87' lang='lat' dir='ltr'><strong>censendus</strong></span> <span class='ocrx_word' id='word_1_784' title='bbox 2704 4893 2810 4959; x_wconf 88' lang='lat' dir='ltr'><strong>sit,</strong></span> <span class='ocrx_word' id='word_1_785' title='bbox 2866 4892 2935 4948; x_wconf 90' lang='lat' dir='ltr'><strong>iis</strong></span> <span class='ocrx_word' id='word_1_786' title='bbox 2984 4892 3242 4949; x_wconf 87' lang='lat' dir='ltr'><strong>admissis</strong></span> <span class='ocrx_word' id='word_1_787' title='bbox 3265 4910 3385 4964; x_wconf 77' lang='lat' dir='ltr'><strong>qua:</strong></span> 
     </span>
    </p>
   </div>
   <div class='ocr_carea' id='block_1_111' title="bbox 1805 4982 3379 5055">
    <p class='ocr_par' dir='ltr' id='par_1_111' title="bbox 1805 4982 3379 5055">
     <span class='ocr_line' id='line_1_113' title="bbox 1805 4982 3379 5055; baseline 0.001 -20"><span class='ocrx_word' id='word_1_788' title='bbox 1805 4982 1920 5051; x_wconf 88' lang='lat' dir='ltr'><strong>ipse</strong></span> <span class='ocrx_word' id='word_1_789' title='bbox 1941 4982 2008 5037; x_wconf 91' lang='lat' dir='ltr'><strong>de</strong></span> <span class='ocrx_word' id='word_1_790' title='bbox 2039 4984 2214 5055; x_wconf 92' lang='lat' dir='ltr'><strong>magis</strong></span> <span class='ocrx_word' id='word_1_791' title='bbox 2253 4991 2305 5039; x_wconf 93' lang='lat' dir='ltr'><strong>et</strong></span> <span class='ocrx_word' id='word_1_792' title='bbox 2334 4986 2534 5055; x_wconf 69' lang='lat' dir='ltr'><strong>spuria:</strong></span> <span class='ocrx_word' id='word_1_793' title='bbox 2564 4985 2850 5055; x_wconf 74' lang='lat' dir='ltr'><strong>sapientia:</strong></span> <span class='ocrx_word' id='word_1_794' title='bbox 2881 4983 3190 5039; x_wconf 90' lang='lat' dir='ltr'><strong>cultoribus</strong></span> <span class='ocrx_word' id='word_1_795' title='bbox 3219 4983 3379 5046; x_wconf 82' lang='lat' dir='ltr'><strong>dixit,</strong></span> 
     </span>
    </p>
   </div>
   <div class='ocr_carea' id='block_1_112' title="bbox 1804 5073 3381 5146">
    <p class='ocr_par' dir='ltr' id='par_1_112' title="bbox 1804 5073 3381 5146">
     <span class='ocr_line' id='line_1_114' title="bbox 1804 5073 3381 5146; baseline 0 -17"><span class='ocrx_word' id='word_1_796' title='bbox 1804 5082 1858 5129; x_wconf 90' lang='lat' dir='ltr'><strong>et</strong></span> <span class='ocrx_word' id='word_1_797' title='bbox 1886 5090 2005 5144; x_wconf 74' lang='lat' dir='ltr'><strong>qua:</strong></span> <span class='ocrx_word' id='word_1_798' title='bbox 2038 5076 2266 5131; x_wconf 90' lang='lat' dir='ltr'><strong>historia</strong></span> <span class='ocrx_word' id='word_1_799' title='bbox 2321 5076 2443 5145; x_wconf 88' lang='lat' dir='ltr'><strong>ejus</strong></span> <span class='ocrx_word' id='word_1_800' title='bbox 2471 5076 2538 5131; x_wconf 90' lang='lat' dir='ltr'><strong>de</strong></span> <span class='ocrx_word' id='word_1_801' title='bbox 2568 5077 2688 5146; x_wconf 90' lang='lat' dir='ltr'><strong>ipso</strong></span> <span class='ocrx_word' id='word_1_802' title='bbox 2717 5075 2927 5131; x_wconf 90' lang='lat' dir='ltr'><strong>retulit.</strong></span> <span class='ocrx_word' id='word_1_803' title='bbox 2965 5073 3101 5128; x_wconf 91' lang='lat' dir='ltr'><strong>Nam</strong></span> <span class='ocrx_word' id='word_1_804' title='bbox 3146 5089 3381 5145; x_wconf 89' lang='lat' dir='ltr'><strong>quercus</strong></span> 
     </span>
    </p>
   </div>
   <div class='ocr_carea' id='block_1_113' title="bbox 1805 5165 3380 5236">
    <p class='ocr_par' dir='ltr' id='par_1_113' title="bbox 1805 5165 3380 5236">
     <span class='ocr_line' id='line_1_115' title="bbox 1805 5165 3380 5236; baseline -0.001 -17"><span class='ocrx_word' id='word_1_805' title='bbox 1805 5174 1858 5219; x_wconf 94' lang='lat' dir='ltr'><strong>et</strong></span> <span class='ocrx_word' id='word_1_806' title='bbox 1887 5165 2017 5219; x_wconf 90' lang='lat' dir='ltr'><strong>ulmi</strong></span> <span class='ocrx_word' id='word_1_807' title='bbox 2043 5166 2086 5198; x_wconf 81' lang='grc'><strong>¹⁶</strong></span> <span class='ocrx_word' id='word_1_808' title='bbox 2114 5166 2401 5221; x_wconf 88' lang='lat' dir='ltr'><strong>articulata</strong></span> <span class='ocrx_word' id='word_1_809' title='bbox 2436 5182 2499 5220; x_wconf 87' lang='lat' dir='ltr'><strong>ac</strong></span> <span class='ocrx_word' id='word_1_810' title='bbox 2524 5166 2779 5222; x_wconf 91' lang='lat' dir='ltr'><strong>muliebri</strong></span> <span class='ocrx_word' id='word_1_811' title='bbox 2806 5180 2939 5222; x_wconf 86' lang='lat' dir='ltr'><strong>voce</strong></span> <span class='ocrx_word' id='word_1_812' title='bbox 2975 5165 3190 5230; x_wconf 68' lang='lat' dir='ltr'><strong>locutae,</strong></span> <span class='ocrx_word' id='word_1_813' title='bbox 3221 5165 3380 5236; x_wconf 73' lang='lat' dir='ltr'><strong>tripu-</strong></span> 
     </span>
    </p>
   </div>
   <div class='ocr_carea' id='block_1_114' title="bbox 2185 5319 3377 5387">
    <p class='ocr_par' dir='ltr' id='par_1_114' title="bbox 2185 5319 3377 5387">
     <span class='ocr_line' id='line_1_116' title="bbox 2185 5319 3377 5387; baseline 0.002 -13"><span class='ocrx_word' id='word_1_814' title='bbox 2185 5322 2230 5352; x_wconf 74' lang='lat'>“</span> <span class='ocrx_word' id='word_1_815' title='bbox 2267 5320 2363 5375; x_wconf 88' lang='lat' dir='ltr'><strong>lib.</strong></span> <span class='ocrx_word' id='word_1_816' title='bbox 2405 5339 2543 5387; x_wconf 88' lang='lat' dir='ltr'><strong>vm,</strong></span> <span class='ocrx_word' id='word_1_817' title='bbox 2586 5339 2637 5378; x_wconf 92' lang='lat' dir='ltr'><strong>c.</strong></span> <span class='ocrx_word' id='word_1_818' title='bbox 2681 5322 2732 5374; x_wconf 89' lang='lat'><strong>7.</strong></span> <span class='ocrx_word' id='word_1_819' title='bbox 2834 5324 2876 5355; x_wconf 82' lang='lat'>&quot;</span> <span class='ocrx_word' id='word_1_820' title='bbox 2918 5322 3010 5377; x_wconf 90' lang='lat' dir='ltr'><strong>lib.</strong></span> <span class='ocrx_word' id='word_1_821' title='bbox 3053 5336 3186 5386; x_wconf 85' lang='lat' dir='ltr'><strong>vtu,</strong></span> <span class='ocrx_word' id='word_1_822' title='bbox 3228 5336 3280 5375; x_wconf 89' lang='lat' dir='ltr'><strong>c.</strong></span> <span class='ocrx_word' id='word_1_823' title='bbox 3324 5319 3377 5376; x_wconf 86' lang='lat'><strong>7.</strong></span> 
     </span>
    </p>
   </div>
   <div class='ocr_carea' id='block_1_115' title="bbox 1875 5502 3381 5576">
    <p class='ocr_par' dir='ltr' id='par_1_115' title="bbox 1875 5502 3381 5576">
     <span class='ocr_line' id='line_1_117' title="bbox 1875 5502 3381 5576; baseline -0.001 -17"><span class='ocrx_word' id='word_1_824' title='bbox 1875 5504 1987 5576; x_wconf 82' lang='lat'><strong>(9&#39;5)</strong></span> <span class='ocrx_word' id='word_1_825' title='bbox 2032 5505 2487 5575; x_wconf 75' lang='grc' dir='ltr'>Ἀπολυόμενος.</span> <span class='ocrx_word' id='word_1_826' title='bbox 2533 5503 2625 5576; x_wconf 89' lang='lat' dir='ltr'><strong>Sic</strong></span> <span class='ocrx_word' id='word_1_827' title='bbox 2678 5504 2980 5561; x_wconf 78' lang='lat' dir='ltr'><strong>rescribere</strong></span> <span class='ocrx_word' id='word_1_828' title='bbox 3018 5520 3126 5559; x_wconf 90' lang='lat' dir='ltr'><strong>non</strong></span> <span class='ocrx_word' id='word_1_829' title='bbox 3164 5502 3381 5558; x_wconf 80' lang='lat' dir='ltr'><strong>dubita-</strong></span> 
     </span>
    </p>
   </div>
   <div class='ocr_carea' id='block_1_116' title="bbox 1802 5575 3250 5702">
    <p class='ocr_par' dir='ltr' id='par_1_116' title="bbox 1802 5575 3250 5702">
     <span class='ocr_line' id='line_1_118' title="bbox 1802 5575 3250 5702; baseline 0.003 -77"><span class='ocrx_word' id='word_1_830' title='bbox 1802 5576 1875 5640; x_wconf 87' lang='lat' dir='ltr'><strong>vi,</strong></span> <span class='ocrx_word' id='word_1_831' title='bbox 1894 5592 1995 5702; x_wconf 63' lang='lat' dir='ltr'><strong>gro</strong></span> <span class='ocrx_word' id='word_1_832' title='bbox 2025 5576 2415 5647; x_wconf 81' lang='grc' dir='ltr'>ἀπολυόμενον,</span> <span class='ocrx_word' id='word_1_833' title='bbox 2434 5575 2583 5645; x_wconf 89' lang='lat' dir='ltr'><strong>quod</strong></span> <span class='ocrx_word' id='word_1_834' title='bbox 2614 5578 2668 5631; x_wconf 93' lang='lat' dir='ltr'><strong>in</strong></span> <span class='ocrx_word' id='word_1_835' title='bbox 2691 5575 2855 5655; x_wconf 79' lang='lat' dir='ltr'><strong>editis</strong></span> <span class='ocrx_word' id='word_1_836' title='bbox 2887 5584 3022 5630; x_wconf 90' lang='lat' dir='ltr'><strong>erat.</strong></span> <span class='ocrx_word' id='word_1_837' title='bbox 3240 5644 3250 5655; x_wconf 40' lang='lat'><strong>.</strong></span> 
     </span>
     <span class='ocr_line' id='line_1_119' title="bbox 1873 5645 3250 5702; baseline -0.004 0"><span class='ocrx_word' id='word_1_838' title='bbox 1873 5647 1893 5702; x_wconf 77' lang='grc' dir='ltr'><strong>ί</strong></span> <span class='ocrx_word' id='word_1_839' title='bbox 1930 5647 1984 5702; x_wconf 64' lang='lat' dir='ltr'><strong>Il</strong></span> <span class='ocrx_word' id='word_1_840' title='bbox 2038 5647 2449 5701; x_wconf 78' lang='grc' dir='ltr'>Ἀπιστεῖσθαι.</span> <span class='ocrx_word' id='word_1_841' title='bbox 2498 5645 2571 5699; x_wconf 94' lang='lat' dir='ltr'><strong>Ita</strong></span> <span class='ocrx_word' id='word_1_842' title='bbox 2601 5662 2665 5701; x_wconf 76' lang='lat' dir='ltr'><strong>ex</strong></span> <span class='ocrx_word' id='word_1_843' title='bbox 2691 5645 3021 5701; x_wconf 80' lang='lat' dir='ltr'><strong>Philostrato</strong></span> <span class='ocrx_word' id='word_1_844' title='bbox 3043 5645 3250 5700; x_wconf 79' lang='lat' dir='ltr'><strong>restitui</strong></span> 
     </span>
    </p>
   </div>
   <div class='ocr_carea' id='block_1_117' title="bbox 1873 5645 3378 5717">
    <p class='ocr_par' dir='ltr' id='par_1_117' title="bbox 1873 5645 3378 5717">
     <span class='ocr_line' id='line_1_120' title="bbox 1873 5645 3378 5717; baseline -0.002 -16"><span class='ocrx_word' id='word_1_845' title='bbox 1873 5645 1984 5717; x_wconf 72' lang='grc'>(94)</span> <span class='ocrx_word' id='word_1_846' title='bbox 2038 5645 2449 5717; x_wconf 72' lang='grc' dir='ltr'>Ἀπιστεῖσθαι.</span> <span class='ocrx_word' id='word_1_847' title='bbox 2498 5645 2571 5717; x_wconf 84' lang='lat' dir='ltr'><strong>Ita</strong></span> <span class='ocrx_word' id='word_1_848' title='bbox 2601 5662 2665 5701; x_wconf 76' lang='lat' dir='ltr'><strong>ex</strong></span> <span class='ocrx_word' id='word_1_849' title='bbox 2691 5645 3021 5717; x_wconf 82' lang='lat' dir='ltr'><strong>Philostrato</strong></span> <span class='ocrx_word' id='word_1_850' title='bbox 3043 5645 3253 5717; x_wconf 81' lang='lat' dir='ltr'><strong>restitui</strong></span> <span class='ocrx_word' id='word_1_851' title='bbox 3279 5655 3378 5713; x_wconf 88' lang='lat' dir='ltr'><strong>pro</strong></span> 
     </span>
    </p>
   </div>
   <div class='ocr_carea' id='block_1_118' title="bbox 1800 5711 3480 5787">
    <p class='ocr_par' dir='ltr' id='par_1_118' title="bbox 1800 5711 3480 5787">
     <span class='ocr_line' id='line_1_121' title="bbox 1800 5711 3480 5787; baseline -0.001 -17"><span class='ocrx_word' id='word_1_852' title='bbox 1800 5711 2025 5785; x_wconf 69' lang='grc' dir='ltr'>ἄπιστα,</span> <span class='ocrx_word' id='word_1_853' title='bbox 2052 5716 2197 5787; x_wconf 89' lang='lat' dir='ltr'><strong>quod</strong></span> <span class='ocrx_word' id='word_1_854' title='bbox 2238 5725 2354 5772; x_wconf 87' lang='lat' dir='ltr'><strong>erat</strong></span> <span class='ocrx_word' id='word_1_855' title='bbox 2401 5720 2455 5770; x_wconf 90' lang='lat' dir='ltr'><strong>in</strong></span> <span class='ocrx_word' id='word_1_856' title='bbox 2511 5715 2727 5772; x_wconf 82' lang='lat' dir='ltr'><strong>Eusebii</strong></span> <span class='ocrx_word' id='word_1_857' title='bbox 2756 5715 2952 5787; x_wconf 87' lang='lat' dir='ltr'><strong>editis;</strong></span> <span class='ocrx_word' id='word_1_858' title='bbox 2985 5711 3250 5787; x_wconf 78' lang='lat' dir='ltr'><strong>rationem</strong></span> <span class='ocrx_word' id='word_1_859' title='bbox 3278 5711 3377 5784; x_wconf 73' lang='lat' dir='ltr'><strong>cur</strong></span> <span class='ocrx_word' id='word_1_860' title='bbox 3477 5734 3480 5743; x_wconf 59' lang='grc' dir='ltr'><strong>ι</strong></span> 
     </span>
    </p>
   </div>
   <div class='ocr_carea' id='block_1_119' title="bbox 1802 5786 3377 5859">
    <p class='ocr_par' dir='ltr' id='par_1_119' title="bbox 1802 5786 3377 5859">
     <span class='ocr_line' id='line_1_122' title="bbox 1802 5786 3377 5859; baseline -0.003 -20"><span class='ocrx_word' id='word_1_861' title='bbox 1802 5788 2035 5855; x_wconf 88' lang='lat' dir='ltr'><strong>priorem</strong></span> <span class='ocrx_word' id='word_1_862' title='bbox 2074 5786 2360 5859; x_wconf 62' lang='lat' dir='ltr'><strong>prtel&#39;eram</strong></span> <span class='ocrx_word' id='word_1_863' title='bbox 2392 5786 2926 5855; x_wconf 75' lang='lat' dir='ltr'><strong>lectionemrcddidi</strong></span> <span class='ocrx_word' id='word_1_864' title='bbox 2976 5786 3377 5843; x_wconf 50' lang='lat' dir='ltr'><strong>ad&#39;Philustraa</strong></span> 
     </span>
    </p>
   </div>
  </div>
