3938 6522
572 435 682 508 855

1182 447 1453 505 EUSEBII
1493 445 1976 503 CAESARIENSIS
2007 446 2158 504 OPP.
2195 445 2376 503 PARS
2415 445 2478 502 ll.
2517 476 2588 488 —
2621 443 3117 502 APOLOGETICA.
3697 441 3782 498 855

569 570 668 625 ιιι-ε
689 565 856 623 etiam
887 565 928 596 "
965 569 1266 634 spontaneo
1309 571 1460 617 motu
1522 562 1868 628 incedentes,
1921 563 2155 632 azreique

2258 559 2582 632 θεράποντες
2610 559 3034 630 διακονούμενοι,
3067 557 3212 611 πίθοι
3241 573 3300 609 τε
3332 555 3550 626 ὄμϐρων
3576 555 3659 607 καὶ
3683 557 3784 609 dvi-

568 659 712 717 servl
745 655 1214 712 discumbentibus
1255 653 1630 710 ministrantes
1653 695 1669 718 ,
1725 655 1981 710 imbrium
2012 655 2142 709 item

569 751 716 808 dolia
745 750 792 782 ¹⁸
821 763 886 804 ac
911 756 1220 810 ventorum,
1259 753 1313 802 et
1347 747 1707 802 sandaracina
1737 762 1899 818 aqua,
1928 755 1982 802 et
2023 761 2144 816 quae
2183 735 2188 740 ’

568 844 671 897 alia
705 846 1162 911 repraesentantur
1193 837 1376 901 abiis,
1411 853 1551 908 quos
1602 837 1734 893 deos
1778 847 1862 894 est
1909 838 2146 892 arbitra-

567 940 656 988 tus
689 931 752 995 ”,
777 940 832 987 et
867 947 1006 1000 quos
1047 946 1118 986 ne
1165 937 1525 1000 prmceptores
1569 925 1788 1001 quidem
1847 945 2146 1002 agnoscere

566 1031 650 1078 est
681 1023 1008 1094 dedignatus
1032 1063 1046 1086 ,
1094 1021 1150 1076 in
1188 1036 1350 1091 quem
1387 1021 1552 1075 alium
1607 1030 1916 1092 competere
1957 1029 2149 1092 putes,

566 1113 674 1170 nisi
705 1113 760 1168 in
793 1128 888 1169 eos
921 1113 1012 1185 qui
1054 1130 1073 1163 ι
1103 1126 1225 1182 quae
1243 1127 1353 1166 non
1393 1119 1521 1166 sunt
1557 1111 1602 1142 ὀ
1627 1150 1643 1175 ,
1692 1119 1751 1165 ιιι
1781 1125 1904 1166 esse
1929 1110 2153 1166 videan-

565 1211 677 1269 tur,
702 1213 756 1260 et
787 1220 909 1275 qua:
930 1213 1076 1268 sunt,
1108 1209 1168 1256 ut
1200 1202 1485 1258 videantur
1515 1217 1624 1257 non
1653 1218 1794 1266 esse,
1827 1201 2110 1258 efﬁciunt?
2130 1219 2150 1256 ι

565 1312 704 1368 quos
740 1297 857 1367 ipse
889 1309 1080 1368 magos
1127 1295 1404 1366 appellans
1429 1333 1445 1358 ,
1497 1293 1698 1362 spuria:
1729 1293 2012 1364 sapientiae
2041 1293 2152 1347 cul-

565 1399 713 1448 tores
734 1405 858 1446 esse
881 1390 1243 1446 demonstrat.
1273 1386 1414 1442 Num
1447 1387 1615 1458 igitur
1649 1388 1771 1442 istis
1811 1388 2148 1458 argumentis

565 1483 782 1540 divinus
809 1482 920 1548 hic,
951 1481 1213 1548 omnique
1241 1480 1444 1535 virtute
1475 1480 1752 1542 excultus,
1777 1479 2019 1550 ipsisque
2042 1479 2148 1534 diis

565 1574 934 1646 gratissimus,
969 1571 1251 1644 sapientiae
1285 1579 1586 1628 coronatus
1629 1571 1852 1636 bravio,
1909 1573 2030 1641 ipso
2073 1571 2152 1626 di-

2255 671 2390 724 μων,
2422 655 2516 708 καὶ¹
2550 653 2934 725 σανδαράκινοι)
2963 652 3124 722 ὕδωρ,
3145 650 3242 704 καὶ
3269 650 3370 702 ὅσα
3394 649 3528 702 ἄλλα
3551 648 3781 716 εἰσῆκται,

2251 747 2379 814 παρ’
2411 739 2492 808 οἷς
2523 745 2710 814 ἡγεῖτο
2739 743 2900 807 θεοῖς,
2919 741 3012 806 οὓς
3045 741 3139 794 καὶ
3159 741 3259 794 οὐκ
3286 739 3450 792 ὤκνει
3473 737 3785 802 διδασκάλους

2251 835 2672 908 ἐπιγράφεσθαι,
2708 835 2848 898 τίνος
2879 834 2944 888 ἂν
2971 831 3078 888 εἷεν
3103 831 3484 904 παραστατικά
3511 831 3543 900 ἢ
3566 831 3666 882 τῶν
3695 849 3710 880 ι
3731 831 3782 882 τὰ

2252 929 2352 983 οὐκ
2395 929 2524 982 ὂντα
2574 923 2748 992 εἶναι,
2768 927 2862 981 καὶ
2892 927 2958 981 τὰ
2989 926 3117 981 ὅντα
3145 925 3350 979 ἄπιστα
3377 945 3394 976 ι
3435 923 3784 994 παραδεικνύν-

2253 1039 2361 1074 των
2381 1038 2394 1086 ;
2421 1019 2514 1085 οὓς
2533 1021 2694 1084 αὐτὸς
2717 1021 2917 1091 γόητας
2943 1017 3240 1089 ὀνομάζων,
3263 1015 3618 1086 ψευδοσόφους
3643 1015 3784 1086 ὑπάρ-

2253 1133 2368 1185 χειν
2409 1114 2952 1184 ἁποφαίνεται.”Ητοι
2984 1106 3076 1166 οὖν
3105 1110 3196 1164 ἐπὶ
3235 1108 3446 1170 τούτοις
3475 1109 3504 1160 ὁ
3535 1107 3682 1170 Betae,
3711 1109 3784 1160 καὶ

2255 1208 2527 1279 ἐνάρετος,
2563 1207 2656 1260 καὶ
2687 1206 2828 1269 Θεοῖς
2869 1203 3282 1276 κεχαρισμένος,
3315 1202 3376 1254 τὸ
3411 1200 3598 1269 σοφίας
3625 1201 3784 1271 ἀναδη-

2256 1302 2486 1372 σάμενος
2539 1299 2810 1372 βραϐεῖον,
2843 1297 3006 1352 αὑτοῦ
3053 1295 3370 1366 Πυθαγόρου
3419 1291 3512 1346 καὶ
3559 1291 3660 1344 τῶν
3697 1293 3784 1344 ὅσοι

2259 1395 2372 1464 μετ’
2396 1396 2602 1447 ἐκεῖνον
2631 1393 2902 1464 θειότερος
2933 1388 3146 1460 ἀληθῶς
3177 1387 3271 1441 καὶ
3297 1386 3493 1458 μακρῷ
3517 1385 3785 1453 εὐδαιμονέ-

2255 1501 2445 1556 στερος
2464 1484 2678 1555 κριθείη
2698 1501 2710 1514 ·
2731 1483 2762 1554 ἢ
2795 1481 3048 1551 ἔμπαλιν,
3077 1479 3436 1549 ψευδοσοφίας
3457 1477 3632 1539 ἁλοὺς,
3649 1493 3784 1528 κακο-

2255 1575 2524 1647 δαιμόνων
2561 1576 2668 1646 (95)
2701 1574 2982 1629 ἀποίσεται
3012 1571 3082 1624 τὰ
3107 1573 3368 1644 πρωτεῖα.

565 1667 744 1726 vinior
788 1665 1094 1739 Pythagora
1151 1665 1380 1734 ejusque
1445 1663 1768 1735 discipulis,
1823 1665 2142 1733 beatiorque
2178 1668 2484 1724 censendus
2521 1667 2658 1724 erit?
2695 1682 2764 1722 an
2817 1673 3009 1720 contra
3055 1665 3254 1735 spuriae
3291 1663 3569 1733 sapientiae
3595 1659 3786 1714 damna-

565 1776 651 1822 tus
672 1806 686 1830 ,
723 1765 864 1822 inter
887 1761 1296 1819 infelicissimos
1327 1761 1532 1830 primas
1569 1759 1704 1816 feret
1743 1761 1967 1832 potius?

1127 1873 1357 1932 CAPUT
1398 1873 1584 1928 XLIII.

633 1970 874 2026 Rursum
905 1970 960 2024 in
987 1968 1323 2039 apologetico
1347 1966 1442 2022 illo
1471 1967 1680 2036 scripto
1717 1981 1778 2021 se
1811 1965 1866 2020 in
1909 1965 2058 2021 lonia
2085 1965 2152 2021 de

565 2060 803 2118 fatorum
823 2061 878 2115 vi
909 2060 986 2114 ait
1007 2059 1320 2130 disputasse
1335 2059 1430 2122 ²⁰⁶,
1451 2056 1586 2114 adeo
1611 2058 1810 2112 tnutari
1831 2073 1943 2112 non
1967 2072 2148 2128 posse,

566 2168 688 2223 quae
715 2159 906 2208 texunt
961 2151 1100 2216 ista,
1131 2150 1451 2216 docentem,
1486 2157 1567 2214 ut,
1602 2149 1647 2204 si
1682 2149 1972 2219 imperium
2025 2148 2152 2203 huic

565 2242 886 2306 decernant,
912 2241 1132 2312 quodin
1159 2241 1388 2296 alterius
1413 2254 1560 2294 nunc
1587 2239 1804 2308 quidem
1830 2239 1900 2294 sit
1915 2247 2150 2310 potesta-

567 2343 644 2400 te,
673 2347 834 2390 nemo
860 2334 1012 2388 illum
1047 2333 1362 2388 interimere
1385 2331 1578 2402 possit,
1605 2347 1673 2386 ne
1699 2332 1767 2386 ab
1796 2331 1892 2386 illo
1913 2331 2020 2386 sibi
2051 2331 2153 2384 im-

559 2425 780 2496 perium
823 2425 1126 2496 eripiatur:
1158 2423 1270 2482 imo
1329 2425 1374 2479 si
1423 2425 1506 2478 vel
1553 2425 1913 2493 interemptus
1963 2422 2149 2485 fuerit,

568 2517 908 2572 revicturum
936 2523 1120 2572 tamen
1153 2531 1312 2580 eum,
1348 2525 1408 2570 ut
1447 2513 1576 2570 fatis
1612 2513 1830 2569 decreta
1875 2515 2150 2570 eveniant.

569 2606 780 2672 Quibus
828 2605 1116 2675 sequentia
1151 2606 1288 2676 ipsis
1323 2604 1516 2660 iisdem
1560 2603 1784 2674 syllabis
1813 2601 2095 2673 subiungit
2131 2622 2144 2658 :

573 2717 592 2752 ι
623 2697 943 2768 Cuicunque
974 2697 1082 2754 fato
1113 2698 1393 2754 decretum
1427 2695 1590 2750 fuerit
1617 2695 1880 2765 lignarius
1903 2704 1962 2750 ut
1992 2693 2156 2765 539

569 2790 662 2849 sit,
695 2786 744 2842 is
776 2787 1032 2842 manibus
1063 2795 1349 2842 truncetur
1385 2786 1554 2850 licet,
1605 2785 1660 2840 in
1701 2785 1988 2855 lignarium
2027 2801 2154 2840 eva.

567 2877 682 2934 det.
721 2876 785 2932 Et
817 2878 904 2932 cui
937 2893 1106 2932 cursu
1139 2879 1358 2934 vincere
1404 2878 1460 2934 in
1494 2875 1740 2947 Olympia
1793 2875 2154 2947 [destinatum

567 2967 710 3038 est.]
741 2969 830 3024 hic
857 3009 872 3032 ,
919 2985 989 3024 ne
1017 2971 1264 3026 abscisso
1301 2973 1522 3041 quidem
1567 2973 1615 3027 si
1649 2973 1918 3026 claudicet
1955 2987 2152 3037 crure,

570 3063 798 3118 victoria
824 3061 1192 3118 l‘raudabitur.
1227 3062 1294 3116 Et
1321 3065 1412 3118 cui
1439 3071 1500 3118 ut
1529 3063 1823 3134 sagittandi
1843 3064 2020 3120 valeat
2039 3070 2156 3118 arte

572 3150 756 3210 Parcae
780 3151 1158 3217 decreverint,
1202 3154 1292 3208 hic
1335 3155 1416 3209 vel
1443 3165 1634 3224 captus
1673 3155 1850 3210 oculis
1893 3155 2090 3225 sagitta
2121 3170 2152 3208 a

2755 1870 3150 1926 ΚΕΦΔΛΛῙΟΝ
3187 1869 3315 1922 Ml".

2289 1964 2492 2020 ’Πάλιν
2519 1963 2576 2017 δὲ
2603 1965 2667 2034 τῇ
2698 1964 2882 2034 γραφῇ
2925 1961 3052 2032 περὶ
3088 1958 3290 2032 μοιρῶν
3323 1957 3504 2028 ἰσχύος
3535 1958 3784 2028 φιλοσοφῆ-

2254 2075 2344 2111 σαι
2377 2057 2538 2110 αύτὺν
2569 2057 2625 2108 ὲν
2667 2053 2840 2125 Ἰωνίᾳ
2870 2053 3023 2124 φησὶ,
3045 2051 3362 2104 διδάσκοντα
3388 2048 3449 2102 οὖ
3461 2065 3558 2113 τως
3585 2050 3785 2122 ἄτρεπτα

2251 2148 2410 2215 εἴναι,
2441 2150 2477 2204 ἆ
2509 2148 2830 2210 κλώθουσιν,
2855 2147 2949 2210 ὡς,
2982 2146 3031 2198 εἰ
3073 2144 3167 2197 καὶ
3209 2143 3482 2214 βασιλείαν
3517 2141 3678 2213 τούτῳ
3699 2141 3785 2213 (96)

2250 2242 2600 2314 ψηφίσαιντο,
2633 2240 2801 2311 ἑτέρῳ
2829 2237 2929 2308 ήδη
2970 2235 3336 2308 ὑπάρχουσαν,
3355 2235 3454 2287 οὐκ
3487 2233 3552 2288 ἂν
3575 2233 3786 2288 ἀποκτεί-

2251 2337 2362 2390 νειὲ
2390 2353 2474 2398 τις
2499 2333 2707 2396 τοῦτον,
2738 2332 2814 2395 ὡς
2848 2329 2921 2402 μὴ
2951 2329 3272 2398 ἀφαιρεθείη
3303 2327 3430 2381 ποτὲ
3459 2328 3548 2380 ὑπ’
3581 2325 3787 2380 αὐτοῦτὸ

2253 2427 2440 2500 ἄρχειν
2459 2442 2475 2459 ⁸
2507 2423 2644 2478 ἀλλὰ
2674 2423 2769 2477 καὶ
2802 2421 3096 2476 ἀναϐιῶναι
3126 2417 3412 2474 ἀποθανὼν
3444 2420 3582 2490 ὑπὲρ
3601 2419 3695 2472 τῶν
3725 2419 3787 2471 ὃς·

2255 2519 2460 2586 ξάντων
2507 2520 2628 2580 ταῖς
2688 2515 2923 2587 μοίραις.
2975 2514 3087 2566 Καὶ
3127 2511 3337 2575 τούτοις
3367 2511 3605 2580 ἐπιλέγει
3638 2513 3786 2573 αὑταῖς

2255 2610 2572 2673 συλλαϐαῖς·
2630 2627 2646 2659 ι
2676 2609 2823 2676 Ὅτῳ
2868 2605 3152 2675 πέπρωται
3193 2602 3444 2672 γενέσθαι
3497 2603 3784 2672 τεκτονικῷ,

2253 2695 2409 2766 οὗτος
2451 2700 2554 2754 κᾶν
2604 2701 2854 2768 ἀποκοπῇ
2885 2696 2961 2750 τὼ
2989 2699 3158 2768 χεῖρε,
3182 2695 3492 2758 τεκτονικὸς
3519 2695 3674 2747 ἔσται.
3705 2694 3788 2746 Καὶ

2256 2796 2360 2865 ’(τῳ
2401 2793 2557 2864 νίκην
2609 2793 2666 2844 ὲν
2706 2788 2978 2860 Ὀλυμπίᾳ
3020 2788 3221 2860 δρόμου
3273 2787 3527 2859 ἄρασθαι,
3561 2779 3698 2848 οὗτκ
3733 2785 3784 2846 δ’,

2251 2885 2361 2940 οὐδ’
2388 2887 2436 2937 εἰ
2477 2883 2758 2956 πηρωθείη
2789 2882 2848 2934 τὸ
2879 2880 3086 2942 σκέλος,
3115 2881 3490 2950 ἁμαρτήσεται
3523 2878 3615 2947 τῆς
3645 2877 3782 2946 νίκης.

2255 2980 2366 3034 Καὶ
2413 2981 2520 3050 ὅτῳ
2564 2977 2785 3030 ἕνευσαν
2817 2977 3002 3046 μοῖραι
3026 2973 3088 3027 τὸ
3110 2974 3164 3024 ὲν
3188 2971 3374 3042 τοξικῇ
3409 2970 3622 3042 κράτος.
3647 2963 3784 3030 0510;,

2253 3073 2362 3126 οὐδ’
2391 3073 2440 3124 εί
2471 3069 2731 3124 ἀποϐάλοι
2766 3067 2876 3138 (97)
2907 3070 3005 3129 τὰς
3027 3065 3196 3134 ὄψεις,
3225 3066 3538 3116 ἐκπεσεῖται
3563 3061 3648 3115 τοῦ
3687 3076 3785 3113 σκο-

2256 3165 2358 3218 ποῦ
2389 3162 2520 3234 (98).
2556 3181 2574 3212 ι
2609 3161 2846 3223 Τούτοις,
2873 3159 2961 3211 τὸν
3006 3158 3236 3226 ἄρχοντα
3279 3154 3600 3214 κολακεύων,
3638 3151 3788 3219 ἐπιφέ-

573 3257 742 3312 scopo
773 3258 884 3298 non
921 3244 1218 3300 aberrabit.
1251 3264 1268 3297 ι
1311 3243 1406 3300 llis
1435 3260 1590 3309 vero,
1625 3245 1946 3302 adulaturus
1979 3247 2152 3317 impe-

2261 3273 2342 3327 ρει
2389 3254 2591 3322 λέγων·
2637 3271 2653 3303 ι
2688 3250 2769 3304 Τὰ
2809 3249 2866 3302 δὲ
2911 3247 3018 3302 τῶν
3054 3247 3314 3316 βασιλέων
3368 3247 3570 3314 ἔλεγον,
3602 3247 3654 3307 ὲς
3689 3243 3788 3302 τοὺς

573 3335 765 3397 ratori,
803 3335 1079 3390 subnectit
1105 3341 1160 3390 et
1189 3335 1338 3390 ista:
1378 3354 1396 3384 ι
1439 3334 1651 3406 Regum
1677 3345 1862 3392 autem
1907 3339 2154 3408 exemplo

573 3441 708 3482 usus
733 3441 876 3492 sum,
907 3427 975 3480 ad
1007 3427 1256 3484 Acrisios
1303 3429 1606 3498 respiciens
1633 3437 1686 3483 et
1725 3427 1884 3484 Laios
1907 3469 1920 3492 ,
1961 3427 2158 3500 Astya-

575 3533 804 3587 gemque
831 3518 1067 3583 Medum,
1095 3527 1148 3574 et
1175 3521 1486 3589 complures
1503 3520 1662 3580 alios,
1681 3519 1776 3589 qui
1803 3519 1941 3576 bene
1967 3521 2068 3575 sibi
2101 3521 2155 3574 in

573 3609 891 3679 hujusmodi
923 3612 1086 3666 rebus
1111 3611 1456 3668 consuluisse
1487 3611 1594 3668 sibi
1623 3611 1969 3666 videbantur.
2003 3611 2155 3676 Quo-

573 3718 698 3758 rum
727 3704 818 3758 alii
855 3702 1019 3766 ﬁlios,
1055 3711 1283 3773 nepotes
1314 3703 1406 3758 alii
1449 3719 1479 3758 e
1523 3703 1702 3759 medio
1743 3703 1994 3758 sublatos
2035 3717 2156 3757 esse

577 3801 854 3862 putantes,
883 3794 953 3848 ab
993 3794 1185 3849 iisdem
1231 3795 1340 3850 illis
1371 3795 1588 3864 spoliati
1617 3803 1747 3850 sunt
1789 3796 2038 3866 imperio,
2071 3811 2158 3850 re-

575 3884 972 3940 viviscentibus
1004 3886 1184 3954 quasi,
1211 3892 1272 3940 ut
1303 3887 1354 3940 in
1379 3886 1530 3956 ipsos
1569 3887 1863 3954 insilirent,
1895 3888 2158 3957 adjuvan-

577 3974 723 4028 tibus
750 3973 896 4030 fatis.
941 3973 1100 4040 Quod
1136 3975 1183 4036 si
1218 3975 1474 4030 adulandi
1506 3977 1687 4032 studio
1715 3985 1948 4040 tenerer,
1973 3978 2158 4032 dicere

580 4081 800 4138 possem
821 4068 986 4122 etiam
1023 4075 1146 4122 tuas
1173 4070 1356 4124 animo
1399 4084 1522 4124 meo
1548 4085 1636 4125 res
1659 4085 1782 4125 esse
1807 4071 2154 4133 obversatus,

579 4156 844 4226 quandoa
864 4156 1082 4214 Vitellio
1101 4160 1458 4226 obsidebat-is,
1479 4163 1852 4232 templumque
1884 4161 2034 4218 Jovis
2058 4177 2158 4232 op—

581 4249 700 4304 timi
729 4249 1132 4306 accendebatur
1161 4252 1216 4306 in
1247 4267 1460 4307 summo
1477 4253 1632 4308 urbis
1657 4253 1882 4308 vertice.
1917 4252 2008 4309 llle
2029 4269 2160 4309 vero

581 4343 720 4396 bene
745 4358 804 4398 se
831 4357 920 4397 res
953 4359 1082 4399 suas
1133 4343 1415 4400 habituras
1461 4346 1718 4416 putabat,
1751 4345 1916 4400 modo
1943 4353 2002 4400 tu
2039 4346 2159 4416 ejus

581 4451 650 4489 ne
682 4435 939 4492 evaderes
973 4451 1189 4492 manus.
1246 4437 1424 4508 Atque
1455 4439 1779 4494 adolescens
1829 4449 1956 4492 tunc
2001 4439 2160 4507 plane

581 4541 740 4592 eras,
771 4543 952 4598 neque
997 4529 1126 4583 dum
1169 4530 1348 4600 qualis
1405 4547 1551 4584 nunc
1603 4547 1685 4586 es.
1735 4529 2156 4597 Verumtamen,

2271 3345 2574 3416 Ἀκρισίους
2614 3343 2784 3414 δήπου
2828 3339 2990 3412 ὁρῶν,
3027 3339 3264 3400 καὶτοὺς
3293 3333 3788 3400 Λαῒους,⁹Ᾱττύὰγην

2256 3455 2316 3490 τε
2344 3438 2433 3490 τὸν
2473 3435 2676 3504 Μῆδον,
2714 3433 2810 3486 καὶ
2843 3431 3071 3494 πολλοὺς
3103 3429 3294 3494 ἄλλους
3328 3429 3460 3498 (99),
3501 3423 3560 3480 εὖ
3587 3423 3787 3478 τίθεσθαι

2257 3531 2324 3583 τὰ
2355 3529 2577 3582 τοιαῦτα
2603 3527 2860 3594 δόξαντας
2891 3525 2966 3594 (Ι)
2985 3543 2998 3555 ·
3031 3519 3104 3576 ὧν
3133 3524 3183 3576 οξ
3214 3523 3312 3592 μὲν
3342 3521 3554 3584 παῖδας,
3581 3521 3624 3572 οἱ
3651 3518 3700 3571 ἃ
3723 3518 3788 3582 ἑτ-

2255 3622 2448 3690 γὸνους
2498 3618 2836 3673 ἀποκτείνειν
2891 3615 3184 3686 οἰηθέντες,
3216 3611 3570 3684 ἀφῃρέθησαν
3611 3607 3788 3662 ύπάΰο

2257 3712 2364 3766 τῶν
2393 3710 2452 3764 τὸ
2488 3708 2806 3781 βασιλεύειν,
2837 3707 3152 3775 ἀναφύντων
3173 3706 3257 3758 ἐπ’
3291 3703 3484 3764 αὐτοὺς
3509 3701 3566 3764 ἐξ
3595 3694 3789 3768 ἀφανεῇ

2259 3804 2356 3855 σὺν
2387 3799 2464 3870 τῷ
2497 3799 2865 3869 πεπρωμένῳ.
2895 3795 3004 3849 Καὶ
3039 3798 3087 3849 εί
3123 3795 3220 3865 μὲν
3243 3793 3474 3861 ἠγάπων
3513 3789 3786 3842 κολακευτι-

2259 3892 2359 3963 κὴν
2390 3889 2485 3960 (‘2),
2513 3885 2662 3942 εἷπον
2707 3889 2772 3941 ἂν
2806 3889 2901 3941 καὶ
2952 3886 3018 3940 τὰ
3069 3885 3136 3940 σὰ
3175 3885 3249 3956 (5)
3298 3879 3788 3953 ἐντεθυμῆσθαι,

2259 3983 2527 4052 ἀπείληψο
2565 3981 2660 4051 μὲν
2695 3981 2801 4034 ὑπὸ
2841 3978 3110 4032 Βιτελλίου
3148 3977 3244 4046 (ιι),
3275 3975 3682 4046 κατεπίμπρατο
3706 3969 3790 4024 διὸ

2259 4075 2394 4139 νεὼς
2420 4074 2511 4128 τοῦ
2539 4075 2657 4137 Διὸς
2684 4074 2811 4146 περὶ
2840 4071 2937 4136 τὰς
2962 4072 3130 4142 ὀφρῦς
3153 4070 3246 4123 τοῦ
3273 4067 3602 4130 ἅστεος.”υδ“
3629 4061 3680 4118 εὖ
3702 4063 3789 4117 κεί-

2261 4161 2448 4214 σεσθαι
2493 4161 2559 4214 τὰ
2613 4163 2806 4213 ἑαυτοῦ
2851 4160 3104 4228 ἔφασκεν,
3133 4161 3180 4210 εί
3228 4157 3301 4228 μὴ
3339 4157 3616 4226 διαφύγοις
3644 4152 3788 4207 αὐτόν.

2260 4252 2453 4305 Καίτοι
2485 4251 2764 4322 μειράκιον
2801 4249 2998 4312 ἱκανῶς
3019 4246 3183 4319 ἦσθα,
3211 4250 3305 4301 καὶ
3332 4247 3484 4300 οῡπω
3507 4239 3664 4308 οὗτος.
3683 4241 3789 4295 Ἀλλ’

2261 4349 2408 4418 ὅμως
2441 4349 2532 4399 ἐπὶ
2561 4347 2774 4418 μοίραις
2797 4345 2968 4399 ἐδόκει
3000 4344 3180 4415 ἕτεραο
3207 4347 3236 4397 ὁ
3260 4345 3355 4414 μὲν
3383 4343 3624 4396 ἀπώλετο
3639 4341 3791 4400 αὑταῖς

2265 4439 2500 4510 βουλαῖς,
2533 4439 2596 4490 σὺ
2630 4439 2685 4490 δὲ
2717 4437 2786 4490 τὰ
2814 4435 3020 4489 ἐκείνου
3047 4435 3141 4488 νῦν
3161 4435 3320 4504 ἔχεις.
3341 4435 3494 4488 Ἐπεὶ
3524 4435 3580 4488 δὲ
3603 4431 3793 4504 ἁρμονίᾳ

2263 4529 2619 4598 κολακευτικῇ
2655 4526 2888 4597 ἄχθομαι
2931 4525 3110 4595 (δοκεῖ
3151 4525 3258 4596 γάρ
3290 4541 3378 4595 μοι
3409 4524 3518 4577 τῶν
3545 4522 3792 4595 ἐκρύθμων

581 4618 708 4687 quia
741 4617 928 4673 Parcis
981 4621 1141 4674 aliter
1191 4627 1277 4676 est
1324 4621 1500 4678 visum
1529 4661 1544 4686 ,
1597 4622 1848 4680 Vitellius
1901 4623 2155 4694 quidem,

2263 4639 2324 4676 τε
2359 4622 2452 4674 καὶ
2484 4621 2582 4672 ούκ
2618 4618 2930 4687 εὐφθόγγων
2949 4619 3022 4689 (5)
3053 4615 3541 4690 εἷναι),τετμήσθω
3567 4633 3652 4686 μοι
3675 4613 3792 4684 ἦδεὴ

655 4829 698 4859 ¹τ
739 4829 1188 4912 Ιίὺιιιιιῆρκᾝ.
1268 4833 1312 4864 ¹⁸
1351 4834 1577 4912 lib._m,
1614 4851 1664 4894 c.
1706 4837 1791 4906 M.
1873 4840 1913 4878 ιθ
1953 4840 2045 4896 lib.
2085 4861 2134 4898 γι

2258 4889 2262 4898 ,
2307 4846 2360 4898 Η
2397 4860 2411 4912 ;
2444 4851 2497 4898 et
2529 4843 2620 4898 lib.
2658 4858 2731 4896 vn
2766 4859 2818 4898 c.
2851 4843 2920 4897 3'2
2983 4841 3129 4898 conf.
3179 4851 3234 4897 et
3289 4857 3336 4896 ς.
3373 4857 3424 4897 c.
3461 4843 3550 4899 51.

565 4913 710 4967 ‘vm,
743 4915 794 4955 c.
831 4901 883 4954 7.
957 4902 1026 4934 ¹⁰¹
1064 4902 1159 4956 lib.
1195 4917 1328 4967 vm,
1363 4917 1416 4958 c.
1454 4905 1504 4956 7.

653 5079 766 5154 (95)
807 5081 1286 5153 Κακοδαιμόνων.
1313 5083 1558 5154 Infelices
1581 5082 1812 5138 Romani
1835 5096 2053 5154 quoque
2079 5097 2162 5137 so-

580 5152 696 5209 lent
719 5167 920 5210 vocare
939 5152 1275 5225 eos,’quibus
1297 5152 1455 5210 mens
1477 5163 1564 5210 est
1607 5156 1773 5225 laeva;
1796 5152 2164 5225 κακοδαίμονα

583 5231 765 5278 autem
810 5233 864 5277 et
914 5223 1205 5297 εὐδαίμονα
1239 5225 1443 5280 Graecis
1461 5241 1614 5297 esse,
1649 5223 1851 5294 quibus
1897 5223 2164 5297 beneuvel

585 5309 744 5417 sectlts
763 5293 1080 5417 {constituta
1097 5311 1251 5352 mens
1271 5305 1375 5363 est,
1409 5295 1478 5352 ad
1498 5293 1888 5356 PliilOStratutn
1915 5293 2165 5362 pluribus

585 5381 683 5417 oro
707 5381 754 5416 )a
787 5381 898 5417 um.

605 5371 898 5418 irobatum.

585 5381 1142 5506 [Wri’t‘al'iwz'yémaezar
1169 5437 1376 5502 τούτῳ.
1421 5437 1562 5490 Ante
1591 5435 1856 5506 scriptum
1879 5441 1996 5490 erat
2016 5433 2167 5504 βασι-

583 5505 757 5566 λείας.
793 5505 1062 5562 Eusebius
1093 5507 1254 5576 habet
1287 5507 1561 5576 βασιλείαν
1594 5523 1691 5576 τῳ.

658 5577 767 5640 (97)
822 5576 1151 5630 Ἄποϐάλοι.
1193 5574 1384 5632 Verior
1414 5578 1560 5632 haud
1584 5574 1750 5630 dubie
1792 5574 1977 5638 lectio,
2001 5589 2168 5644 quant

585 5655 637 5696 et
683 5643 944 5699 Philostr.
978 5649 1246 5714 agnoscit,
1281 5655 1336 5703 et
1383 5663 1488 5702 ms.
1525 5647 1748 5704 Morello
1796 5645 1994 5702 visum.
2022 5643 2168 5701 Editi

585 5715 859 5769 habebant
885 5716 1196 5771 ἀποϐάλλει.

659 5785 773 5846 (08)
817 5785 1073 5839 Σκοποῦ.
1117 5787 1192 5840 Ita
1226 5784 1484 5840 Philostr.
1517 5785 1988 5854 Ειιὶιί,εὺσκόπου.

660 5856 770 5922 (9'))
815 5857 1088 5918 Ἄλλους.
1133 5855 1887 5926 ΙἾιίΙοειι·.,ἐτέρουςμίιιιίληι
1920 5861 1974 5914 in
2017 5873 2160 5924 mar-

589 5927 712 6000 gine
737 5927 1026 5982 lectionem
1061 5929 1394 5998 ascripscrat
1424 5924 1640 6004 quoque
1679 5924 1888 5987 Morcll.

3645 4839 3686 4870 "
3721 4835 3791 4889 lib.

2341 5085 2417 5157 (l)
2466 5087 2541 5141 Τὰ
2567 5089 2808 5143 τοιαῦτα
2839 5089 2966 5153 δόξ.
3009 5087 3291 5154 Philostr.,
3316 5093 3383 5143 τὰ
3411 5091 3586 5143 αὐτῶν
3611 5085 3792 5142 τοιαῦτα

2269 5159 2326 5210 ὲν
2349 5159 2488 5230 ἀρχῇ
2513 5158 2782 5224 δόξαντας.

2342 5222 2564 5298 (ἔ)Ἰῖιή
2587 5222 2665 5283 ἐὶ
2709 5230 2824 5296 μὲν
2871 5228 3118 5297 ἠγάπων
3169 5229 3618 5298 κολακευτικὴν.
3667 5222 3790 5298 Apud

2269 5295 2560 5356 Eusebium
2597 5295 2721 5354 erat
2751 5295 3148 5362 κολακευτικόν,
3184 5302 3324 5354 male
3362 5303 3523 5356 etiam
3547 5295 3660 5370 post
3685 5295 3794 5364 ὴτᾱο

2271 5387 2387 5422 πων
2435 5385 2646 5441 comnaa
2691 5371 3010 5438 ponebatur.
3047 5371 3348 5441 Ltrumque
3397 5371 3644 5426 mendum
3685 5383 3792 5436 pne-

2269 5449 2432 5494 cunte
2464 5439 2796 5493 Philostrato
2829 5441 3048 5494 sustuli.

2347 5511 2420 5576 (3)
2469 5514 2544 5564 Τὰ
2567 5508 2669 5564 σά.
2713 5509 2900 5562 Melior
2930 5509 3072 5563 haud
3103 5511 3265 5564 dubie
3291 5517 3376 5564 est
3405 5511 3566 5564 lectio
3597 5511 3713 5581 hgcc,
3735 5519 3788 5581 er

2273 5575 2608 5634 Philostrato
2659 5587 2930 5642 revocata,
2965 5595 3127 5649 quam
3159 5581 3302 5650 quod
3343 5581 3400 5633 in
3428 5582 3583 5636 editis
3611 5575 3788 5632 Eusebii

2273 5659 2356 5705 est
2383 5651 2530 5716 τάδε,
2567 5652 2646 5704 sic
2677 5650 2822 5704 enim
2849 5651 3127 5718 sequentia
3163 5652 3343 5718 aptius
3371 5651 3648 5705 cohaerent.

2345 5721 2420 5788 (4)
2461 5721 2793 5775 Βιτελλίου.
2837 5719 3096 5775 Philostr.
3127 5721 3275 5774 addit
3303 5721 3550 5774 ἐνταῦθα.

2343 5793 2418 5861 (5)
2459 5793 2836 5860 Εὺφθόγγων.
2865 5792 3034 5844 Antea
3057 5791 3344 5858 ἀφθόγγων
3377 5793 3532 5851 male,
3558 5787 3778 5861 [laesus

2267 5857 2470 5940 Nempe
2489 5857 2802 5934 εὐφθόῇνων
2829 5857 3142 5918 Philostrati
3175 5857 3338 5918 etiam
3366 5861 3574 5916 codices
3603 5857 3782 5916 habent.
