3938 6520
181 413 294 470 851

1318 423 1519 479 LIBER
1556 424 1830 482 CONTRA
1869 425 2286 483 HIEROCLEM.

184 533 378 606 nepa,
407 533 500 588 καὶ
548 535 715 606 μηδὲν
743 536 878 609 ήγοῦ
909 539 1016 592 τῶν
1051 540 1158 596 σῶν
1188 544 1583 617 ἐντεθυμῆσθαί
1616 565 1702 618 με.
1747 568 1764 600 ›

1877 548 1999 601 dum
2034 547 2134 602 ista
2165 553 2347 618 ageret
2379 543 2604 601 consilia
2629 585 2645 610 ,
2698 543 2837 599 male
2866 541 3046 614 periit,
3073 548 3131 596 tu
3154 556 3264 603 ven
3302 567 3422 613 qua;

181 623 288 675 Διὰ
322 621 524 676 τούτων
567 626 624 678 δὲ
650 628 784 698 ὁμοῦ
809 629 900 682 τὸν
932 630 1098 704 ἄνδρα
1127 633 1354 699 κόλακα,
1389 638 1482 690 καὶ
1508 637 1765 708 ψεύστην,

181 713 285 767 καὶ
319 713 494 770 πάντα
525 717 724 787 μᾶλλον
751 719 783 791 ἢ
819 721 1123 792 φιλόσοφον,
1153 729 1181 780 6
1217 729 1356 801 ὑπὲρ
1384 729 1482 799 τῆς
1511 730 1770 802 ἀληθείας

180 805 489 877 παρίστησι
538 808 692 879 λόγος
719 811 814 882 (6).
846 814 1094 870 Τοσαῦτα
1141 819 1250 889 γὰρ
1297 821 1556 893 πρότερον
1600 815 1769 876 είπὼν

180 899 337 950 κατὰ
364 899 455 952 τοῦ
486 901 834 971 Δομετιανοῦ,
881 908 1162 962 κολακεύει
1197 911 1289 964 νῦν
1311 914 1339 965 6
1363 913 1640 980 γεννάδας,
1676 915 1769 968 καὶ

181 989 674 1064 καθυποκρίνεται,
710 996 786 1059 ὡς
833 997 988 1052 οὐδέν
1027 1018 1079 1053 τι
1117 1005 1235 1056 κατ’
1263 1004 1448 1069 αὑτοῦ,
1487 1005 1682 1076 μᾶλλον
1713 1007 1769 1060 δὲ

179 1079 336 1152 ὑπὲρ
373 1081 556 1148 αὑτοῦ,
591 1084 698 1138 τῶν
738 1087 866 1161 περὶ
900 1090 1102 1161 μοιρῶν
1134 1093 1280 1164 αύτῴ
1311 1097 1404 1148 καὶ
1436 1096 1678 1168 ἀνάγκης
1711 1101 1768 1152 ὲν

193 1173 383 1245 Ἰωνίᾳ
419 1178 810 1248 κεκινημένων.
830 1182 1085 1236 Ἀναλαϐε
1124 1185 1262 1256 δῆτα
1301 1189 1399 1259 τὴν
1435 1189 1693 1261 ἱστορίαν,
1724 1187 1768 1245 ὦ

180 1267 551 1337 συγγραφεῦ,
601 1271 694 1323 καὶ
749 1273 849 1344 τῆς
897 1275 1150 1346 ἀληθείας
1205 1279 1467 1352 διανήψας
1521 1282 1646 1353 (7)
1701 1283 1769 1337 τὰ

181 1359 462 1432 πρότερόν
537 1379 620 1415 σοι
675 1364 953 1436 γραφέντα
1020 1366 1249 1442 λαμπρᾷ
1313 1373 1405 1424 καὶ
1489 1373 1768 1445 φιλαλήθει

177 1449 367 1505 δίελθε
423 1452 498 1525 (8)
558 1457 622 1526 τῇ
672 1459 859 1528 φωνῇ,
907 1459 1072 1530 μηδὲν
1125 1462 1610 1535 ὑποστειλάμενος*
1659 1467 1766 1532 Ὧς,

181 1547 242 1598 ὲν
313 1547 528 1618 Ἐφέσῳ
595 1548 910 1620 διατρίϐων,
961 1571 977 1603 ι
1040 1553 1242 1626 ἀφίστη
1301 1556 1628 1628 Δομετιανοῦ
1681 1557 1770 1612 ἄν·

180 1634 321 1704 δρας
358 1635 454 1706 (9),
484 1639 579 1690 καὶ
609 1639 749 1711 ὑπὲρ
783 1641 1035 1695 ἁπάντων
1059 1644 1326 1719 ὲῤῥώννυε
1357 1648 1648 1720 σωτηρίας·
1674 1651 1768 1704 καὶ

180 1727 284 1789 τὰς
339 1728 439 1797 μὲν
482 1730 929 1802 επιστολιμαίους
961 1735 1176 1806 ὁμιλίας
1217 1737 1328 1807 (10)
1361 1739 1460 1792 ούκ
1504 1739 1768 1808 ἀσφαλεῖς

181 1820 377 1883 αὐτοῖς
403 1819 540 1894 ᾤετο
560 1863 574 1886 ,
609 1824 718 1876 τῶν
749 1825 805 1878 δὲ
839 1827 1080 1899 ἑταίρων
1099 1831 1224 1893 τοὺς
1260 1831 1764 1902 σωφρονεστάτους,

1873 640 2018 694 illius
2043 645 2198 692 erant
2226 653 2372 692 nunc
2430 637 2699 708 possides.
2753 635 2856 690 Sed
2898 636 3152 705 quoniam
3195 633 3419 698 addam-

1871 747 1992 784 rum
2029 739 2224 785 cantus
2263 746 2348 786 me
2379 731 2624 793 ofl‘endit,
2661 729 2896 791 (videtur
2920 727 3063 783 enim
3097 726 3229 780 mihi
3262 726 3416 792 disc-

1869 838 1974 877 nus
2000 838 2123 877 esse
2151 837 2214 876 ac
2242 821 2498 891 discors,)
2538 819 2835 890 rumpenda
2875 819 3004 873 mihi
3039 819 3142 873 ista
3170 824 3255 871 est
3281 816 3417 879 chr-

1869 914 1958 968 da.
2014 913 2199 984 Neque
2245 915 2404 969 velim
2452 922 2507 967 ut
2555 913 2837 968 arbitreris
2893 913 2960 966 de
3001 911 3110 965 luis
3145 910 3307 965 rebus
3353 924 3416 967 nl.

1871 1003 2165 1072 cogitasse.
2234 1021 2252 1054 ι
2309 1001 2406 1058 His
2461 1010 2642 1056 autem
2693 1001 3032 1070 Apollonium
3105 1000 3437 1052 adulatorem

1865 1094 2022 1164 juxta
2073 1102 2125 1148 et
2158 1095 2494 1158 mendacem,
2527 1101 2580 1149 et
2603 1093 2818 1163 quidvis
2851 1093 3029 1162 potius
3067 1105 3227 1160 quam
3266 1089 3440 1158 philo-

1870 1189 2123 1257 SOphum,
2158 1187 2317 1242 nobis
2361 1187 2507 1242 sistit
2559 1185 2788 1241 historia
2837 1185 2975 1248 ista,
3031 1183 3275 1238 veritatis
3305 1179 3440 1234 adeo

1870 1280 2136 1336 studiosa.
2167 1279 2410 1350 Namque
2439 1280 2578 1333 idem
2601 1320 2616 1344 ,
2650 1278 2742 1348 qui
2773 1279 3007 1349 graviter
3037 1276 3170 1331 adeo
3196 1277 3349 1346 prius
3385 1275 3440 1329 in

1873 1372 2238 1428 Domitianum
2292 1371 2470 1427 fuerat
2527 1372 2808 1434 invectus,
2864 1385 3010 1424 nunc
3061 1369 3312 1423 adulatur
3360 1369 3444 1422 vir

1871 1473 2148 1528 strenuus,
2178 1466 2507 1536 simulatque
2543 1481 2606 1520 ac
2646 1466 2692 1521 si
2728 1481 2836 1520 non
2869 1473 3060 1519 contra
3108 1465 3281 1534 ipsum
3335 1461 3445 1516 ullo

1868 1558 2052 1621 modo,
2092 1557 2187 1612 sed
2216 1573 2313 1627 pro
2346 1557 2464 1628 ipso
2510 1559 2690 1628 potius
2737 1555 2969 1619 faciant,
3008 1571 3146 1626 quos
3199 1555 3256 1636 in
3295 1552 3447 1606 lonia

1867 1650 1983 1718 ipse
2028 1649 2094 1704 de
2117 1649 2242 1705 fatis
2287 1659 2449 1720 atque
2490 1653 2817 1706 necessitate
2854 1659 3097 1708 moverat
3138 1651 3444 1705 discursus.

1871 1738 2035 1795 Sume
2070 1741 2238 1811 igitur
2265 1741 2318 1795 in
2348 1757 2540 1797 manus
2571 1751 2740 1806 tuam,
2777 1758 2810 1797 ο
2847 1744 3102 1812 scriptor,
3127 1741 3411 1796 historiam
3431 1778 3446 1801 ,

1867 1839 1923 1887 et
1980 1833 2193 1888 veritati
2237 1834 2576 1904 pervigilium
2627 1850 2812 1904 agens,
2876 1845 3032 1889 antea
3097 1833 3192 1886 tibi
3251 1832 3306 1885 in
3361 1830 3446 1884 lit-

182 1911 375 1966 ἄλλοτε
407 1913 565 1967 ἄλλον
598 1916 1018 1986 ἀπολαμϐάνων,
1054 1921 1327 1985 Διάκονον,
1356 1923 1503 1991 ἔλεγε
1529 1962 1544 1987 ,
1585 1924 1768 1976 ποιοῦ-

1877 1928 2018 1974 teras
2056 1921 2226 1974 relata
2267 1922 2412 1975 clara
2464 1939 2596 1977 voce
2645 1931 2700 1976 et
2745 1923 2992 1978 veritatis
3035 1924 3273 1976 studium
3313 1936 3451 1991 prai-

185 2005 284 2072 μαί
342 2022 402 2058 σε
438 2007 752 2078 ἀπορρήτου
799 2009 1070 2081 λαμπροῦ.
1114 2011 1334 2065 Βαδίσαι
1379 2013 1435 2067 δέ
1472 2030 1529 2066 σε
1563 2013 1668 2086 χρὴ
1708 2015 1765 2079 ὲς

194 2093 422 2167 Ῥώμην
457 2098 607 2171 παρά
645 2100 736 2152 τὸν
769 2101 944 2166 δεῖνα,
983 2103 1076 2156 καὶ
1123 2103 1463 2176 διαλεχθῆναί
1496 2108 1564 2160 οί.
1601 2127 1618 2157 ι
1656 2107 1766 2161 Καὶ

180 2185 460 2255 διελέγετο
492 2190 592 2259 μὲν
648 2192 788 2262 ὑπὲρ
825 2193 1028 2263 μοιρῶν
1079 2195 1172 2248 καὶ
1213 2196 1489 2265 ἀνάγκης,
1546 2200 1639 2251 καὶ
1675 2198 1766 2251 τὸν

179 2278 342 2348 λόγον
366 2281 526 2352 διῄει,
555 2283 636 2335 ὃτι
667 2284 800 2356 μηδὲ
832 2287 880 2338 οί
912 2286 1162 2358 τύραννοι
1187 2287 1256 2340 τὰ
1285 2289 1489 2359 μοιρῶν
1518 2283 1620 2342 οἷοι
1653 2289 1767 2360 βιά-

183 2372 395 2436 ζεσθαι.
436 2377 544 2428 Καὶ
575 2375 652 2439 ὠς
686 2376 890 2448 χαλκῆς
935 2379 1139 2442 εἰκόνος
1184 2381 1472 2452 ἱδρυμένης
1509 2385 1766 2453 Δομετια-

181 2466 273 2518 νοῦ
304 2468 449 2536 πρὸς
471 2468 549 2539 τῷ
582 2469 809 2541 Μέλητι,
832 2471 1160 2544 ἐπιστρέψας
1189 2476 1246 2536 ἐς
1277 2474 1444 2543 αὐτὴν
1477 2477 1600 2538 τοὺς
1623 2493 1763 2547 παρ-

182 2557 366 2621 όντας·
401 2579 419 2609 ι
449 2560 662 2632 Ἀνόητε
688 2601 702 2624 ,
737 2557 908 2625 εἶπεν,
937 2562 1011 2626 ὡς
1047 2564 1178 2617 πολὺ
1206 2565 1594 2637 διαμαρτάνεις
1646 2584 1764 2637 μοι·

186 2651 295 2724 ρῶν
329 2653 426 2704 καὶ
472 2654 735 2726 ἀνάγκης.
766 2648 836 2724 ᾯ
870 2654 978 2726 γὰρ
1015 2655 1149 2726 μετά
1189 2657 1248 2708 σὲ
1279 2657 1632 2728 τυραννεῦσαι
1668 2659 1764 2711 πέ-

185 2759 401 2814 πρωται
424 2785 438 2807 ,
471 2745 659 2799 τοῦτον
707 2746 800 2798 καὶ
833 2749 880 2798 εί
914 2748 1310 2815 ἀποκτείνειας,
1345 2749 1759 2804 ἀναϐιώσεται.»

195 2835 250 2888 ’0
280 2837 349 2908 δὴ
380 2838 520 2908 μετὰ
551 2841 676 2903 τοὺς
703 2842 877 2904 τοίους
901 2840 1179 2908 διαλόγους
1221 2841 1530 2895 κολακεύων
1562 2843 1652 2895 τὸν
1674 2843 1766 2896 τύ-

187 2947 405 3000 ραννον,
432 2932 525 2984 καὶ
557 2933 723 3002 μηδὲν
755 2951 806 2985 τι
833 2932 1034 2986 τούτων
1065 2933 1139 2996 ὼς
1169 2934 1305 3005 πρὸς
1331 2933 1492 2987 αὐτὸν
1518 2935 1765 3008 εἰρῆσθαι

184 3022 336 3093 αὖτῷ
373 3027 902 3096 κατειρωνευόμενος
923 3067 937 3089 ,
975 3025 1090 3090 πῶς
1115 3028 1174 3080 ού
1207 3028 1507 3098 μοχθηρίας
1546 3029 1764 3098 ἀπάσης

187 3119 275 3168 καὶ
306 3115 687 3188 ἀνελευθερίας
711 3118 953 3189 κριθείη;
985 3121 1031 3172 εί
1064 3121 1136 3190 μὴ
1161 3121 1268 3192 ἄρα
1299 3121 1664 3194 ψευδηγόρους
1693 3139 1767 3174 τι-

185 3208 278 3270 νὰς
327 3208 423 3259 καὶ
471 3210 810 3279 κατηγόρους
864 3209 958 3263 τοῦ
1005 3212 1223 3282 ἀνδρὸς,
1273 3213 1392 3282 οὐχὶ
1438 3213 1494 3266 δὲ
1547 3213 1766 3283 ἀληθεῖς

1867 2020 2030 2068 eunte
2062 2010 2222 2083 540
2245 2015 2440 2082 relege,
2474 2032 2572 2069 nec
2604 2025 2654 2069 te
2677 2015 2953 2070 subducas
2981 2015 3108 2069 huic
3141 2013 3294 2068 oneri
3328 2028 3339 2061 :
3377 2011 3447 2066 Ut

1867 2121 2063 2173 nempe
2096 2120 2474 2162 commoratus
2500 2107 2698 2177 Ephesr
2734 2109 2802 2171 ²¹,
2836 2125 2854 2158 ι
2895 2124 2924 2160 a
2962 2106 3272 2160 Domitiano
3303 2105 3451 2159 viros

1869 2197 2281 2262 abalienaverit,
2347 2206 2398 2252 et
2432 2206 2490 2251 ut
2514 2213 2868 2253 communem
2919 2204 3204 2251 tuerentur
3231 2195 3452 2248 liberta-

1870 2298 1977 2343 tem
2029 2288 2475 2343 confirmaverit:
2512 2299 2677 2359 atque
2717 2288 3048 2343 commercia
3092 2286 3308 2357 quidem
3357 2299 3454 2353 per

1867 2383 2130 2452 epistolas
2165 2383 2350 2437 minus
2388 2393 2498 2436 tuta
2549 2383 2685 2452 ipsis
2719 2398 2840 2436 esse
2876 2380 3168 2453 putaverit.
3210 2378 3456 2448 adeoque

1869 2477 2134 2530 sodalium
2188 2476 2657 2546 prudentissimis,
2719 2475 2878 2528 modo
2903 2476 3005 2528 hoc
3058 2471 3222 2526 modo
3271 2470 3378 2526 alio
3419 2483 3456 2524 ιι

1874 2569 2034 2622 turba
2071 2567 2320 2628 seducto,
2345 2568 2549 2622 dixerit
2576 2584 2588 2620 :
2621 2567 2797 2638 Magni
2835 2575 2884 2620 te
2912 2565 3051 2620 facio
3078 2563 3260 2618 arcani
3291 2561 3449 2616 mini-

1868 2668 2063 2714 strum.
2114 2657 2342 2728 Oportet
2375 2668 2556 2714 autem
2589 2659 2815 2711 Bonnam
2844 2666 2896 2712 te
2927 2659 3076 2712 abire
3106 2655 3171 2710 ad
3196 2655 3338 2709 hunc
3363 2655 3449 2708 vel

1871 2751 2048 2812 illum,
2083 2759 2245 2820 atque
2281 2767 2405 2804 cum
2454 2768 2519 2805 eo
2576 2751 2868 2805 disserere.
2905 2770 2922 2801 ›
2963 2747 3033 2802 Ut
3067 2749 3194 2801 item
3231 2746 3298 2801 de
3330 2746 3454 2801 fatis

1866 2853 1918 2897 et
1944 2845 2269 2898 necessitate
2288 2844 2500 2898 locutus
2515 2845 2664 2906 sit”,
2683 2852 2842 2912 atque
2866 2839 3166 2896 ostenderit
3182 2838 3453 2901 oratione,

1868 2935 2011 3004 quod
2053 2952 2120 2990 ne
2167 2936 2384 3006 tyranni
2435 2935 2652 3004 quidem
2707 2934 2941 2987 fatorum
2989 2940 3201 2984 mutare
3239 2931 3455 2983 decreta

1867 3029 2106 3082 valeant.
2139 3026 2208 3080 Ut
2259 3043 2424 3098 porro
2469 3017 2644 3080 aenea'
2675 3041 2798 3079 cum
2831 3031 2977 3078 esset
3028 3021 3338 3077 Domitiano
3388 3019 3454 3072 ad

1869 3119 2119 3174 Meletem
2149 3119 2374 3173 fluvium
2410 3119 2588 3189 posita
2629 3125 2833 3178 statua,
2862 3116 2915 3168 in
2941 3131 3058 3170 cam
3093 3124 3151 3168 ut
3178 3115 3457 3167 intueren-

1869 3218 1959 3264 tur
1996 3252 2010 3276 ,
2071 3223 2368 3281 praesentes
2434 3227 2626 3265 omnes
2664 3207 2996 3279 pertnoverit
3028 3247 3042 3271 ,
3113 3205 3451 3275 dixeritque:

188 3299 542 3370 συγγραφέας
563 3341 576 3362 ,
614 3301 731 3373 θείη
768 3319 851 3365 τις
886 3304 1009 3366 τοὺς
1033 3301 1204 3355 ταῦτα
1237 3306 1421 3375 μνήμῃ
1452 3304 1764 3373 παραδεδω-

1877 3326 1895 3355 ‹
1919 3305 1963 3359 O
1982 3307 2167 3369 stulte,
2182 3320 2342 3374 (luam
2360 3305 2592 3358 fatorum
2613 3305 2831 3373 ignoras
2848 3303 3084 3356 indolem
3104 3312 3460 3370 atqueneces-

189 3387 372 3452 κότας.
422 3391 531 3443 Καὶ
575 3391 678 3444 ποῦ
728 3392 819 3445 τοῦ
875 3392 1249 3459 Φιλαλήθοινς
1288 3416 1304 3444 ι
1337 3397 1385 3446 οἱ
1435 3395 1766 3458 παιδεύσεως

190 3480 287 3549 μὲν
330 3480 424 3532 ἐπὶ
476 3481 728 3535 πλεῖστον
774 3484 1031 3554 ἥκοντες,
1067 3486 1127 3536 τὸ
1177 3485 1220 3536 δ’
1260 3486 1456 3556 ἀληθὲς
1502 3487 1767 3556 τιμῶντες

191 3575 558 3642 συγγραφεῖς
597 3594 614 3624 ›
649 3575 822 3646 Δάμις
860 3593 919 3628 τε
947 3579 975 3629 6
1009 3577 1331 3647 φιλόσοφος,
1368 3581 1396 3630 ό
1429 3580 1521 3631 καὶ
1556 3579 1768 3632 συνδια-

186 3664 386 3734 τρίψας
420 3664 498 3735 τῷ
525 3665 855 3736 δηλουμένῳ,
893 3669 985 3720 καὶ
1015 3668 1369 3740 Φιλόστρατος
1401 3673 1429 3721 6
1468 3669 1764 3740 Ἀθηναῖος,

188 3757 277 3825 ἀφ’
313 3753 390 3813 ὧν
433 3759 607 3813 ταῦτα
647 3761 1002 3830 παρατίθεται
1025 3779 1036 3791 ο
1073 3761 1164 3826 οῦς
1198 3762 1382 3830 σαφῶς
1415 3762 1586 3826 οὕτως
1622 3764 1772 3816 ἐναν-

187 3851 588 3919 τιολογοῦντας,
625 3852 1008 3923 κομπάζοντὰς
1039 3871 1100 3907 τε
1135 3853 1370 3925 ἀληθῶς,
1401 3855 1494 3907 καὶ
1529 3859 1640 3919 τοῖς
1678 3873 1775 3926 μα-

188 3939 440 4013 χομένοις
519 3946 957 4016 παρισταμένους
1017 3945 1254 4014 ψεύστας
1321 3946 1600 4018 ἐναργῶς,
1680 3948 1772 4000 καὶ

189 4037 582 4103 ἀπαιδεύτους,
635 4040 729 4091 καὶ
772 4039 973 4109 γόητας
1015 4039 1115 4109 τῆς
1166 4039 1420 4111 ἀληθείας
1463 4042 1524 4092 τὸ
1574 4041 1774 4109 φέγγος

189 4128 490 4200 διήλεγξεν.

190 4222 392 4274 timum
468 4221 750 4291 profecere
780 4262 795 4284 ,

1876 3397 2074 3452 sitatis.
2103 3396 2203 3450 Cui
2239 3397 2384 3450 enim
2419 3397 2487 3450 ab
2512 3397 2612 3458 eis,
2639 3403 2838 3464 utpost
2861 3403 2913 3448 te
2949 3395 3198 3462 imperet,
3235 3392 3338 3446 fuit
3367 3393 3456 3447 de-

1872 3495 2105 3551 cretum,
2129 3487 2238 3550 ille,
2265 3487 2310 3542 si
2334 3490 2569 3557 perimas
2590 3487 2774 3549 etiam,
2795 3486 3130 3541 reviviscet.»
3165 3485 3282 3539 Jam
3301 3500 3451 3554 ergo,

1878 3581 1971 3650 qui
2016 3588 2137 3650 post
2171 3596 2455 3635 sermones
2478 3579 2746 3648 ejusmodi
2779 3579 3036 3632 adulatur
3085 3587 3339 3648 tyranno,
3373 3587 3456 3630 at-

1877 3688 1982 3742 que
2018 3672 2152 3724 nihil
2211 3687 2400 3726 eorum
2461 3671 2516 3725 in
2570 3672 2745 3741 ipsum
2801 3670 3007 3724 dictum
3043 3684 3166 3724 esse
3211 3669 3452 3734 simulat,

1875 3761 2148 3832 quomodo
2206 3763 2385 3816 omnis
2422 3763 2468 3816 is
2517 3761 2774 3830 nequitiae
2821 3760 3100 3829 animique
3167 3759 3454 3814 illiberalis

1876 3871 2002 3909 reus
2023 3871 2130 3908 non
2168 3855 2397 3924 agatur?
2430 3853 2539 3908 Nisi
2593 3854 2730 3909 forte
2769 3854 3058 3908 mendaces
3112 3851 3378 3924 quosdam
3401 3864 3454 3912 et,

1877 3947 2304 4003 calumniatores
2334 3946 2608 4017 Apollonii
2672 3963 2794 4003 esse
2829 3955 3051 4009 statuat,
3094 3961 3202 4000 non
3235 3960 3455 4002 veraces

1877 4049 2148 4100 auctores,
2185 4041 2298 4094 haec
2343 4042 2434 4110 qui
2473 4041 2747 4095 memoria:
2789 4039 3169 4110 prodiderunt.
3209 4038 3310 4093 Ubi
3339 4039 3455 4108 jam

1877 4131 2040 4200 igitur
2071 4133 2144 4185 illi
2171 4131 2482 4185 Pliilaletliis
2519 4139 2790 4196 auctores,
2829 4149 2846 4181 ι
2873 4134 2963 4202 qui
3006 4131 3313 4186 eruditione
3337 4131 3456 4201 plu-

870 4223 1221 4292 veritatisque
1255 4243 1274 4275 ι
1341 4222 1771 4277 studiosissimi?
1811 4220 2016 4287 Darnis,
2053 4223 2296 4292 inquam,
2352 4223 2840 4294 philosophus,qui
2869 4231 2923 4277 et
2985 4239 3168 4277 comes
3200 4224 3455 4278 assiduus

191 4317 258 4379 ei,
323 4317 393 4370 de
426 4332 536 4386 quo
568 4317 769 4386 agitur,
802 4317 924 4380 fuit,
968 4317 1427 4387 Atheniensisque
1460 4316 1844 4381 Philostratus,
1891 4332 1920 4370 a
1954 4310 2153 4388 quibus
2207 4320 2309 4372 ista
2340 4319 2498 4373 nobis
2530 4327 2942 4389 proponuntur:
2977 4333 3115 4386 quos
3153 4316 3460 4370 luculenter-

191 4416 326 4470 adeo
360 4415 467 4469 sibi
527 4430 832 4486 repugnare
897 4415 1052 4484 ipsis,
1090 4415 1392 4482 jactatores
1441 4425 1590 4470 certe
1617 4415 1968 4480 vanissimos,
2029 4423 2082 4469 et
2146 4415 2676 4470 contradictionibus
2709 4414 2824 4469 suis
2862 4413 3164 4483 spissornm
3221 4411 3456 4465 menda~

191 4510 404 4564 ciorum
438 4509 743 4571 convictos,
777 4509 1026 4564 indoctos
1064 4509 1190 4562 item
1225 4516 1280 4562 et
1329 4525 1520 4580 magos
1559 4511 1648 4562 lux
1681 4510 1929 4564 veritatis
1961 4510 2377 4564 demonstravit.

691 4627 1087 4681 ΚΕΦΛΛΑΙΟΝ
1145 4629 1274 4681 ΜΔ¹.

2449 4625 2680 4682 CAPUT
2741 4624 2922 4684 XLIV.

268 4743 396 4795 Ἐπὶ
449 4743 582 4795 πᾶσι
615 4741 706 4794 τὸν
753 4739 1129 4805 Ἀπολλώνιον,
1163 4741 1543 4810 ἀπαλλαγέντα
1567 4742 1661 4796 τοῦ
1696 4744 1768 4796 δι-

1956 4743 2238 4798 Postremo
2261 4742 2611 4814 Apollonium
2652 4741 2862 4811 judicio
2905 4739 3217 4795 absolutum
3253 4753 3374 4792 sese
3403 4737 3460 4800 in

191 4834 491 4907 καστηρίου
513 4874 527 4898 ,
563 4837 622 4888 ὲν
653 4833 923 4906 Λεϐαδείᾳ.
961 4833 1134 4887 ὲλθεῖν
1173 4835 1396 4904 ἱστορεῖ.
1446 4834 1775 4906 Βουλόμενόν

260 5019 303 5051 ’ί
345 5018 444 5074 lib.
480 5034 595 5083 vn,
623 5033 671 5074 c.
709 5017 764 5077 8.
841 5020 888 5052 ³³
928 5017 1022 5073 lib.
1061 5033 1173 5084 vu,
1205 5034 1254 5073 c.
1283 5018 1334 5075 9.

263 5174 341 5244 (6)
393 5175 449 5224 '0
501 5174 650 5242 ὑπὲρ
698 5171 810 5244 τῆς
852 5174 1138 5241 ἀληθείας
1191 5174 1520 5244 παρίστησι
1568 5174 1771 5242 λόγος.

196 5243 406 5301 lronice
430 5245 662 5299 dictum.
698 5243 904 5312 Nempe
939 5259 968 5297 a
1002 5245 1246 5300 veritatis
1282 5243 1463 5298 studio
1484 5243 1776 5298 Philostra-

193 5325 326 5386 tum,
355 5327 518 5386 atque
562 5315 707 5370 istud
756 5314 1096 5386 σύγγραμμα
1145 5316 1266 5384 ejus
1293 5315 1774 5369 commendaverat

195 5385 496 5448 Hierocles,
531 5396 593 5440 ut
624 5387 808 5440 videre
839 5385 923 5440 est
955 5402 1119 5455 supra
1152 5401 1270 5455 cap.
1307 5386 1363 5437 2.

261 5460 337 5527 (7)
381 5457 712 5525 Διαν-ήψας.
752 5457 1035 5510 Acc‘olum
1071 5457 1123 5510 in
1151 5459 1267 5511 suis
1295 5457 1541 5526 διανίψας
1574 5457 1770 5526 legisse

194 5541 401 5584 certum
433 5536 516 5583 est
547 5547 560 5581 :
596 5543 720 5581 nam
746 5527 1020 5596 quomodo
1051 5536 1261 5582 vertere
1295 5527 1430 5581 alias
1460 5528 1763 5596 potuisset:

195 5602 296 5670 Age
330 5599 570 5653 veritatis
608 5598 750 5667 {ante
782 5597 1007 5670 dilatant
1038 5608 1206 5670 repete
1238 5598 1371 5651 hanc
1407 5599 1557 5651 clara
1601 5608 1650 5652 et
1696 5599 1771 5651 in-

195 5669 360 5735 qénua
410 5671 672 5724 vaccilAt
725 5670 829 5722 ista
885 5669 1136 5733 lectione,
1182 5669 1460 5723 fatendum
1513 5670 1767 5738 ingenue,

199 5756 301 5794 non
351 5743 580 5794 multum
623 5739 764 5795 lucis
798 5738 1003 5794 accedit
1040 5740 1158 5795 loco
1189 5741 1444 5795 obscuro.
1480 5739 1624 5792 Nihil
1672 5755 1773 5809 ego

201 5811 416 5865 invenio
464 5812 637 5874 magis
683 5810 982 5878 probabile,
1009 5825 1172 5879 quam
1201 5811 1486 5879 legendum
1522 5826 1644 5867 esse
1677 5811 1772 5863 ml.

197 5885 258 5953 τῇ
291 5881 523 5954 aliqua;
556 5881 840 5952 διανήψας,
874 5883 953 5937 sic
1001 5881 1145 5944 enim
1190 5882 1326 5938 satis
1368 5883 1531 5960 plana
1563 5881 1769 5948 omnia,

1886 4835 2186 4890 Lebadeam
2240 4835 2512 4906 recepisse
2564 4843 2832 4889 memorat
2854 4833 2919 4889 ".
2947 4830 3195 4901 Cumque
3245 4830 3299 4884 in
3329 4829 3452 4884 Tro-

1415 5019 1460 5050 “
1502 5018 1597 5074 lib.
1635 5034 1766 5084 vui,
1799 5033 1849 5075 c.
1888 5017 1978 5076 l9.

1883 5189 2188 5244 sensusque
2238 5173 2466 5243 emergit
2511 5190 2620 5228 non
2670 5173 2857 5244 clarus
2904 5180 3139 5232 tantum.
3173 5185 3361 5224 verum
3405 5180 3463 5244 et

1882 5241 2125 5314 elegans,
2163 5260 2322 5314 quem
2358 5241 2606 5313 proinde,
2636 5259 2761 5298 cum
2793 5243 2958 5296 alium
2993 5257 3102 5295 non
3135 5255 3373 5310 possem,
3405 5241 3464 5294 in

1881 5318 2134 5370 versione
2163 5317 2326 5369 etiam
2358 5315 2624 5383 expressi.

1954 5389 2032 5454 (δ)
2073 5384 2385 5454 Γραςςέντα
2410 5377 2652 5453 λαμπρᾷ
2679 5382 2779 5438 καὶ
2796 5382 3117 5454 φιλαλήθει
3135 5379 3350 5454 δίελθε.
3381 5377 3466 5454 Ea

1879 5449 1984 5509 ms.
2031 5449 2268 5524 reposui.
2326 5449 2501 5508 Ρτίοί
2524 5449 2712 5517 editio,
2772 5449 3053 5524 γραφέντα
3107 5449 3337 5524 λαμπρά
3367 5449 3467 5503 καὶ

1878 5520 2144 5596 φιλαλήθη
2183 5525 2378 5588 δίελθε,
2407 5526 2632 5579 alteram
2664 5520 2843 5578 autem
2883 5520 3167 5596 lectionem
3189 5529 3241 5574 et
3263 5520 3463 5574 distin-

1877 5593 2112 5651 etionein
2134 5593 2420 5666 interpres
2447 5611 2665 5665 quoque
2699 5595 2965 5664 sequitur.
3002 5593 3277 5666 llocsren.

1949 5667 2024 5734 (9)
2071 5661 2338 5734 Ἀνδραξι.
2382 5661 2632 5728 Nervam,
2678 5661 2896 5719 Ruﬂ’um
2929 5674 2982 5719 et
3010 5663 3260 5725 Orfitum,
3293 5661 3360 5716 de
3387 5661 3458 5719 iis

1877 5737 2023 5792 enim
2055 5739 2234 5807 agitur
2263 5755 2328 5791 eo
2355 5752 2514 5808 quem
2556 5737 2780 5808 respicit
2807 5735 3123 5808 Philostrati
3160 5736 3296 5808 loco.

1952 5808 2066 5883 tl_0)
2097 5806 2396 5883 Ὃμινιίας.
2441 5806 2698 5864 Philostr.
2737 5806 3063 5880 ξυμϐουλίας
3092 5806 3273 5871 habet,
3312 5811 3458 5883 quod

1878 5880 2051 5954 magis
2073 5880 2320 5954 probem.
