3938 6516
583 389 694 450 8ὗ9

1239 389 1510 446 EUSEBII
1546 390 2024 450 CESARIENSIS
2061 395 2212 452 OPP.
2251 395 2434 453 PARS
2466 395 2535 454 11.
2567 425 2635 438 -
2673 392 3168 452 APOLOGETICA.
3687 397 3773 452 εει

586 505 776 577 phonii
803 514 1027 570 specum
1077 501 1408 561 descendere
1456 503 1755 574 ati‘ectaret,
1801 511 2119 568 prohibituri

2237 529 2296 566 τε
2342 515 2398 577 ὲς
2447 511 2756 584 Τροφωνίου
2791 509 3089 575 κατελθεῖν,
3143 509 3214 582 μὴ
3255 505 3636 580 ἐπιτρέπεσθαι
3662 513 3772 582 πρὸς

585 599 656 654 ab
687 591 859 654 molis
880 608 1020 658 esse,
1061 594 1146 649 his
1179 611 1396 664 quoque
1452 612 1668 668 magum
1691 615 1816 654 eum
1839 615 1961 656 esse
2004 615 2135 656 cen-

585 691 829 746 sentbus.
862 683 1024 754 Atqui
1055 687 1250 742 merito
1301 687 1420 756 ejus
1465 690 1540 744 rei
1577 691 1818 762 suspicio
1869 693 2129 757 obtineat,

585 783 632 839 si
651 774 764 844 {uis
793 777 1090 830 contulerit
1121 779 1189 833 ab
1215 780 1372 834 initio
1395 779 1730 838 Philostrato
1763 783 1912 840 dicta
1947 784 2014 852 “,
2041 786 2132 842 ubi

582 880 702 934 agre
725 865 924 928 ferens,
973 869 1340 938 suspicionem
1384 873 1709 942 quibusdam
1759 891 1882 932 esse
1932 884 2131 942 ortam,

579 972 750 1027 uagus
773 959 916 1028 quod
949 961 1040 1026 sit,
1067 962 1119 1016 id
1153 964 1332 1032 ipsum
1375 966 1677 1022 admiratus
1707 969 1919 1039 inquit:
1961 989 1979 1021 ι
2001 969 2131 1024 Em-

557 1048 836 1118 pedoclem
884 1061 1047 1122 atque
1107 1053 1468 1126 Pythagoram
1499 1058 2001 1132 Democritumque,
2037 1063 2132 1133 qui

552 1142 872 1196 eorumdem
895 1159 1174 1214 magorum
1199 1146 1508 1202 exstiterint
1534 1149 1811 1220 discipuli,
1849 1167 2130 1222 nunquam

554 1240 734 1288 tamen
757 1234 812 1288 in
829 1235 963 1290 artis
982 1237 1129 1292 illius
1147 1238 1523 1308 suspicionem
1557 1243 1804 1309 venisse;
1827 1241 1984 1312 541
2011 1243 2132 1298 Pla-

552 1330 734 1378 tonem
751 1340 988 1395 quoque,
1011 1329 1226 1383 tametsi
1246 1330 1314 1384 ab
1330 1328 1600 1402 Egyptiis
1616 1331 1990 1388 sacerdotibus
2004 1349 2130 1403 pro-

552 1415 839 1486 phetisque
869 1418 1038 1472 multa
1069 1421 1396 1490 accepisset,
1422 1437 1594 1493 eaque
1622 1423 1739 1479 suis
1769 1423 1925 1478 libris
1953 1424 2132 1480 inser-

551 1510 746 1574 uisset,
769 1526 1112 1582 nequaquam
1139 1521 1317 1568 tamen
1341 1515 1598 1585 cuiquam
1621 1519 1812 1589 magiae
1845 1519 2124 1574 addictum

547 1602 727 1655 visum
768 1617 912 1656 esse.
942 1601 1018 1658 De
1049 1603 1339 1674 Apollonio
1369 1616 1552 1663 autem
1583 1609 1829 1665 nondum
1866 1612 2000 1667 satis
2029 1612 2128 1666 ho-

547 1691 788 1746 rninibus
827 1693 1158 1759 innotuissc,
1199 1697 1345 1766 quod
1393 1699 1643 1769 ingenua:
1679 1703 1961 1772 sapientiae
1991 1719 2127 1760 usus

547 1787 621 1839 sit
642 1785 994 1855 adjumeutis,
1031 1805 1358 1862 magumque
1386 1793 1651 1848 creditum
1674 1809 1798 1850 esse
1814 1810 1959 1857 eum,
1979 1795 2126 1866 quod

2233 604 2346 659 τῶν
2373 604 2702 677 ἐπιχωρίων,
2726 604 2896 674 γόητα
2923 603 3018 656 καὶ
3045 601 3250 656 τούτων
3277 600 3592 671 ἡγουμένων
3621 603 3768 658 αὐτόν.

2233 695 2426 750 Καίτοι
2459 695 2607 762 ἄξιον
2651 694 2960 766 ἀπορῆσαι,
3008 692 3396 765 παραθέμενον
3427 691 3526 754 τὰς
3563 693 3616 744 έν
3657 695 3768 766 ἀρχῇ

2231 787 2324 840 τοῦ
2359 785 2724 856 Φιλοστράτου
2753 783 2944 850 λέξεις,
2973 783 3030 836 ἐν
3059 777 3144 846 αἷς
3165 782 3394 853 ἀπορῶν
3419 783 3450 834 ὃ
3471 781 3606 852 τιδὴ
3634 783 3768 852 γόητα

2233 877 2390 931 αὑτὸν
2417 877 2796 948 ὑπειλήφασιν,
2827 877 2964 930 αὐτὰ
2994 875 3056 946 δὴ
3083 873 3254 928 ταῦτα
3287 873 3560 945 θαυμάζει
3595 873 3765 942 λέγων·

2239 988 2258 1022 ι
2301 968 2667 1040 Ἐμπεδοκλέα
2704 969 2801 1038 μὲν
2827 969 2920 1021 καλ⁸
2951 967 3298 1038 Πυθαγόραν,
3331 967 3430 1020 καὶ
3455 965 3768 1036 Δημόκριτον,

2232 1065 2348 1125 τοῖς
2373 1062 2558 1125 αὐτοῖς
2584 1059 2776 1132 μάγοις
2801 1057 3164 1130 ὡμιληκότας,
3179 1055 3339 1110 οὔπω
3361 1054 3598 1126 ὑπῆχθαι
3617 1056 3764 1130 τέχην

2231 1151 2496 1206 Πλάτωνά
2525 1168 2584 1203 τε
2608 1192 2623 1215 ,
2658 1149 2809 1220 παρὰ
2839 1149 2947 1201 τῶν
2997 1149 3056 1201 ὲν
3089 1147 3356 1218 Αἰγύπτῳ
3391 1147 3576 1218 ἱερέων
3609 1164 3662 1200 τε
3697 1149 3766 1200 καὶ

2235 1244 2531 1315 προφητῶν
2565 1242 2730 1296 πολλὰ
2759 1240 3150 1314 παρειληφότα,
3185 1241 3282 1293 καλ¹
3311 1237 3492 1292 ταῦτα
3520 1240 3624 1301 τοῖς
3651 1237 3768 1302 ἰδίοις

2229 1335 2570 1406 ἀναμίξαντα
2613 1335 2825 1404 λόγοις,
2871 1332 3118 1403 οὐδαμῶς
3166 1331 3319 1398 δόξαι
3363 1331 3475 1384 τισὶ
3529 1331 3762 1400 μαγεύειν.

2233 1428 2458 1482 Τουτονὶ
2491 1427 2548 1480 δὲ
2580 1426 2731 1480 οὔπω
2759 1425 3122 1496 γινώσκεσθαι
3167 1425 3302 1496 παρ’
3349 1422 3644 1496 ἀνθρώποις
3663 1465 3676 1490 ,
3702 1425 3764 1476 δτι

2229 1519 2295 1592 δὴ
2329 1521 2436 1574 ἀπὸ
2467 1519 2568 1589 τῆς
2621 1519 2880 1588 ἀληθινῆς
2906 1518 3131 1590 ὡρμᾶτο
3163 1517 3390 1588 σοφίας,
3431 1517 3594 1588 μάγον
3622 1516 3668 1569 δὲ
3687 1515 3763 1569 αὖ·

2230 1611 2320 1666 τὸν
2368 1610 2715 1681 νενομίσθαι,
2761 1609 2840 1681 τῷ
2873 1610 3067 1681 μάγοις
3101 1607 3493 1672 Βαϐυλωνίων,
3543 1607 3694 1660 Ἰνδῶν
3717 1623 3762 1660 τε

2229 1703 2516 1774 Βραχμᾶσι
2552 1702 2646 1756 καὶ
2676 1704 2789 1766 τοῖς
2817 1700 3128 1770 Αἰγυπτίων
3149 1701 3388 1770 Γυμνοῖς
3417 1697 3760 1769 ὡμιληκέναι.»

2229 1795 2294 1847 Τί
2339 1775 2474 1866 δῆτα
2523 1790 2617 1848 οὖν
2647 1795 2927 1866 εἰρήσεται
2959 1792 3096 1864 πρὸς
3129 1792 3326 1856 αὐτὸν,
3355 1785 3404 1846 ὦ
3445 1785 3618 1854 οὗτος
3647 1789 3762 1858 Τῷδε

545 1877 968 1952 Babyloniorum
995 1887 1165 1958 magis
1195 1885 1738 1958 Brachmanibusque
1761 1861 2036 1954 Indorum,
2061 1905 2119 1946 ac

2227 1885 2308 1957 τῷ
2353 1861 2507 1958 ἀνδρὶ
2539 1861 2854 1958 τηλικοῦτον
2896 1861 3229 1956 ἐπεχειρεῖτο
3252 1924 3268 1947 ,
3315 1883 3396 1946 ὡς
3439 1881 3592 1953 μόνον
3625 1881 3758 1950 γόητα

545 1967 820 2040 Ᾱεέεγριίἰε
851 1970 1024 2028 Nudis
1047 1989 1106 2030 se
1156 1975 1212 2030 in
1264 1975 1612 2046 disciplinam
1655 1977 1913 2033 dedisset.
1936 1998 1954 2030 ι
1983 1961 2121 2045 Quid

545 2061 710 2131 igitur
759 2061 1091 2120 Philostrato
1147 2067 1508 2138 responderi,
1565 2069 1760 2135 amice,
1824 2071 2126 2125 convenit?

541 2152 746 2225 Nempe
773 2156 856 2209 vir
881 2157 986 2212 iste
1033 2158 1154 2227 ejus
1179 2161 1395 2230 generis
1420 2177 1510 2216 res
1533 2162 1752 2218 molitus
1794 2161 1918 2228 fuit,
1952 2170 2011 2218 ut
2034 2179 2125 2218 so-

543 2245 629 2300 lus
661 2254 716 2302 et
732 2247 862 2302 olim
897 2257 952 2303 et
977 2259 1168 2304 nostra
1228 2261 1386 2307 aetate
1443 2251 1606 2308 fuerit
1637 2253 1858 2310 habitus
1906 2269 2118 2326 magus,

541 2351 652 2406 prae
679 2337 1014 2407 ejuscemodi
1073 2341 1227 2406 viris,
1281 2343 1374 2413 qui
1418 2343 1544 2398 licet
1591 2345 1834 2409 eosdem,
1871 2345 2018 2415 quod
2061 2354 2119 2400 tu

541 2429 762 2498 quidem
788 2432 892 2496 ais,
924 2433 1136 2502 experti
1183 2433 1418 2490 fuissent
1461 2437 1776 2506 magistros,
1811 2445 1866 2492 et
1887 2453 1988 2494 suo
2038 2447 2122 2493 ta-

541 2535 666 2576 men
685 2536 800 2576 aevo
829 2523 972 2578 bona
1005 2524 1148 2580 fama
1176 2527 1348 2596 gavisi
1373 2534 1524 2590 sunt.
1550 2535 1604 2582 et
1644 2529 1880 2598 posteris
1903 2547 2124 2601 quoque

537 2614 880 2682 temporibus
899 2615 1257 2686 philosophiae
1297 2634 1410 2672 sua:
1459 2620 1713 2674 virtutem
1765 2622 2120 2676 commenda—

536 2705 807 2764 tissimam
837 2709 1128 2778 reliquere.
1163 2711 1360 2765 Annon
1389 2712 1557 2782 igitur
1587 2714 1728 2766 ultra
1756 2729 1920 2784 quam
1952 2713 2034 2769 fas
2049 2715 2121 2769 sit

536 2813 660 2854 eum
723 2799 1097 2856 molitiouibus
1149 2803 1266 2858 suis
1317 2805 1677 2874 processisse,
1741 2807 1940 2876 quibus
1987 2821 2120 2862 sana

537 2909 693 2948 mens
723 2901 808 2947 est
837 2895 1094 2951 omnibus
1125 2896 1476 2952 manifestum
1501 2898 1610 2952 sit?
1653 2895 1900 2968 Suntque
1926 2901 2120 2954 etiam-

537 2999 668 3040 num
705 2983 865 3039 hodie
895 2986 988 3056 qui
1047 2987 1290 3058 magicas
1341 2989 1652 3052 machinas,
1689 3005 1810 3060 qua:
1840 2990 1944 3045 viri
1973 2991 2120 3045 illius

535 3090 660 3130 esse
697 3077 972 3139 dicantur,
1011 3093 1135 3134 sese
1164 3079 1350 3133 dicant
1405 3081 1698 3150 reperisse.
1747 3082 1817 3135 At
1849 3082 1970 3138 istis
2001 3083 2121 3136 ani-

537 3183 684 3228 mum
715 3169 998 3225 advertere
1021 3185 1170 3225 nunc
1191 3171 1411 3241 quidem
1446 3173 1590 3226 haud
1621 3173 1816 3243 placet.
1837 3172 1911 3229 De
1947 3185 2118 3230 morte

537 3267 718 3316 autem
753 3260 916 3314 etiam
952 3262 1054 3316 viri
1086 3263 1366 3332 prioribus
1409 3271 1778 3318 consentanea
1821 3264 1952 3319 dum
1983 3281 2116 3320 coa-

2230 1974 2398 2029 πάλαι
2419 1993 2474 2029 τε
2492 1976 2585 2030 καὶ
2603 1975 2696 2029 νῦν
2719 1975 3029 2046 νενομίσθαι
3059 1974 3225 2026 εἰσέτι
3247 1972 3402 2043 παρὰ
3423 1971 3544 2034 τοὺς
3559 1969 3760 2041 τηλικοὺ-

2226 2086 2350 2132 τους
2367 2068 2584 2139 ἄνδρας,
2603 2069 2651 2122 οἳ
2669 2067 2778 2121 τῶν
2794 2064 2993 2130 αὐτῶν,
3012 2065 3083 2128 ὡς
3108 2066 3234 2136 φῂς,
3251 2061 3581 2117 διδασκάλων
3609 2077 3758 2113 πεπει-

2227 2161 2484 2232 ρασμένοι
2515 2159 2669 2230 (10⁶),
2715 2157 3009 2230 διέπρεψαν
3045 2158 3142 2230 μὲν
3171 2157 3264 2210 καὶ
3305 2153 3431 2208 καθ’
3462 2153 3551 2216 οὓς
3579 2150 3758 2222 ἐγνωρί-

2226 2251 2379 2317 ζοντο
2405 2252 2629 2323 χρόνους
2648 2293 2662 2317 ,
2709 2251 2804 2304 καλ⁸
2845 2252 2903 2314 ἐς
2944 2249 3069 2312 τοὺς
3115 2249 3417 2319 μετέπειτα
3449 2246 3504 2298 δὲ
3533 2245 3620 2315 τῆς
3645 2241 3758 2314 σφῶν

2225 2345 2543 2414 φιλοσοφίας
2576 2344 2816 2414 ἀοίδιμον
2869 2341 3290 2398 καταλελοίπασι
3334 2339 3436 2411 τὴν
3483 2337 3690 2409 ἀρετήν·
3719 2337 3757 2386 ει

2228 2436 2303 2506 μὴ
2346 2435 2454 2506 ἄρα
2500 2434 2642 2505 πέρα
2689 2433 2795 2488 τῶν
2842 2433 3229 2503 προσηκόντων
3271 2428 3544 2501 ἐγχειρῶν
3583 2427 3678 2488 τοῖς
3709 2418 3754 2476 εὖ

2224 2523 2478 2596 φρονοῦσι
2511 2523 2742 2595 φανερὸς
2788 2522 3173 2592 καθειστήκει;
3215 2519 3432 2574 Αὐτίκα
3473 2517 3575 2570 τῶν
3598 2515 3675 2568 νῦν
3701 2514 3754 2565 εί-

2225 2632 2330 2678 σιν,
2353 2615 2400 2668 οἳ
2427 2613 2752 2686 περιέργους
2787 2612 3033 2686 μηχανὰς
3064 2611 3196 2683 (Η),
3227 2613 3292 2682 τῇ
3329 2607 3428 2664 τοῦ
3466 2605 3642 2678 ἀνδρὸς
3664 2605 3756 2657 ἁνα-

2225 2706 2482 2778 κειμένας
2512 2705 2883 2778 προσηγορίᾳ,
2933 2704 3321 2774 κατειληφέναι
3357 2701 3612 2770 λέγουσιν.
3649 2693 3751 2748 Ἀλλ’

2225 2800 2323 2852 οὐκ
2367 2798 2552 2870 ἔμοιγε
2595 2797 2747 2866 φίλον
2789 2797 3000 2860 τούτοις
3041 2795 3334 2868 προσέχειν
3363 2794 3456 2846 τὸν
3483 2790 3625 2844 νοῦν·
3651 2784 3752 2839 ἁ).λᾶ

2222 2893 2334 2963 γὰρ
2364 2891 2456 2944 καὶ
2482 2891 2610 2962 περὶ
2637 2890 2739 2961 τῆς
2769 2889 3028 2956 τελευτῆς
3059 2887 3151 2942 τοῦ
3180 2887 3380 2958 ἀνδρὸς
3409 2879 3653 2938 ἀκόλουθα
3670 2881 3751 2939 toi;

2223 2981 2508 3053 προτέροις
2549 2981 2885 3043 συντάττων,
2932 2978 3081 3030 οὐδὲν
3117 2977 3314 3049 ἀληθὲς
3366 2975 3614 3044 ἐξέφηνεν
3650 2967 3750 3022 εἰδέ-

2221 3091 2329 3126 ναι.
2366 3072 2505 3135 Τοὺς
2540 3072 2637 3142 μὲν
2662 3070 2770 3142 γὰρ
2797 3071 2854 3122 ἐν
2887 3069 3098 3138 Ἐφέσῳ
3125 3067 3454 3138 τελευτῆσαι
3483 3062 3749 3118 αὐτὸνίστο-

2224 3168 2326 3238 ρεῖ,
2355 3165 2480 3228 τοὺς
2510 3164 2565 3217 δὲ
2593 3167 2650 3218 ὲν
2677 3163 2850 3231 Λίνδῳ
2879 3164 2936 3225 ἐς
2960 3162 3019 3214 τὸ
3047 3161 3188 3232 ἱερὸν
3205 3159 3303 3231 τῆς
3347 3152 3748 3230 Ἀθηνᾶς,ἆλλονς

2220 3259 2276 3312 δὲ
2305 3259 2363 3312 ὲν
2403 3259 2617 3330 Κρήτῃ.
2663 3256 2772 3310 Καὶ
2801 3254 3068 3325 τοσαύτην
3100 3255 3324 3322 ἄγνοιαν
3351 3251 3444 3306 τοῦ
3474 3248 3592 3319 περὶ
3624 3241 3746 3299 αὐτὸν

537 3349 746 3416 cinnat,
807 3352 956 3406 nulla
1013 3363 1166 3422 parte
1213 3356 1497 3410 veritatem
1551 3355 1630 3410 rei
1661 3355 1766 3411 sibi
1810 3355 2116 3414 innotuissc

2223 3349 2401 3412 τέλους
2421 3348 2851 3410 κατασκεδάσας,
2871 3347 3117 3417 βούλεται
3139 3347 3300 3400 αὐτὸν
3317 3348 3378 3410 ἐς
3407 3341 3616 3415 οὐρανὸν
3637 3339 3746 3404 αύτῴ

535 3441 795 3500 ostendit.
825 3443 977 3508 Alios
1008 3445 1154 3500 enim
1189 3443 1388 3514 Ephesi
1412 3446 1617 3500 exitum
1671 3447 1794 3516 ejus
1819 3447 2115 3519 contigisse

536 3531 611 3584 ait
649 3532 854 3588 referre
883 3535 952 3597 ³⁸,
985 3533 1121 3591 alios
1155 3541 1335 3592 autem
1365 3533 1592 3588 Lindiin
1619 3533 1871 3590 Minervae
1893 3535 2114 3604 templo,
2167 3595 2176 3606 _

537 3622 675 3677 alios
707 3623 759 3675 in
794 3622 955 3686 Creta
979 3624 1178 3679 insula.
1212 3622 1424 3682 Etcum
1452 3631 1664 3680 tantum
1696 3625 1945 3696 caliginis
1967 3625 2116 3680 illius

535 3717 698 3768 morti
727 3714 988 3780 ollundat,
1025 3718 1140 3771 vult
1167 3725 1349 3772 tamen
1385 3717 1637 3772 eumdem
1681 3733 1807 3774 cum
1845 3719 1964 3786 ipso
1991 3733 2114 3772 cor-

539 3820 668 3874 pore
693 3807 758 3859 ad
793 3822 1022 3875 superos
1037 3809 1304 3864 evolasse.
1330 3807 1464 3862 Nam
1500 3823 1623 3863 cum
1657 3809 2118 3878 templum,prout

537 3893 627 3948 ille
655 3895 754 3960 ait,
789 3897 1072 3966 ingressus
1123 3907 1290 3963 esset,
1347 3901 1536 3954 valvas
1581 3911 1804 3972 repente
1843 3901 2112 3964 occlusas,

535 3981 1080 4058 inexspectatumque
1114 3989 1386 4059 virginum
1427 3987 1648 4054 cantum
1691 4007 1757 4046 ex
1783 4007 1848 4046 eo
1871 3990 2115 4046 auditum

533 4094 676 4132 esse.
706 4077 1048 4152 Cantumque
1087 4084 1258 4142 fuisse
1283 4087 1445 4142 istum
1473 4103 1487 4139 :
1527 4107 1546 4139 (
1583 4087 1740 4152 Veni,
1769 4088 1890 4152 veni
1913 4089 1967 4141 in
1997 4101 2115 4140 ca:-

531 4169 667 4234 lum,
691 4175 834 4229 veni.
859 4193 878 4225 ι
913 4175 1078 4230 Addit
1101 4180 1248 4248 quod
1286 4197 1353 4236 ne
1387 4180 1443 4234 in
1472 4181 1855 4250 cenotaphium
1887 4181 2108 4254 quidem

530 4263 650 4330 ejus
681 4264 952 4333 inciderit,
988 4283 1112 4323 cum
1160 4281 1338 4327 tamen
1371 4273 1488 4342 ipse
1521 4273 1839 4327 universum
1892 4271 2104 4334 urbem.

529 4369 634 4422 qua
686 4355 792 4409 late
823 4366 988 4426 patet,
1033 4372 1398 4432 peragrasset.
1445 4361 1676 4434 Vultque
1721 4363 1824 4416 hoc
1855 4363 1958 4431 ipsi
1988 4363 2108 4426 ani-

527 4459 672 4507 mus,
726 4449 950 4505 omnino
1001 4460 1230 4506 mortem
1273 4454 1450 4508 virum
1478 4454 1630 4508 illum
1661 4469 1770 4508 non
1817 4455 2102 4523 attingere.

525 4533 662 4589 Cum
694 4539 839 4592 enim
869 4541 1024 4596 initio
1044 4542 1257 4598 dubitet
1306 4544 1374 4598 de
1409 4545 1572 4600 modo
1605 4561 1713 4616 quo
1745 4544 1882 4600 vivis
1915 4559 2107 4598 exces-

2224 3439 2431 3510 σώματι
2474 3438 2741 3510 χωρῆσαι.
2795 3436 3186 3508 Ἐσδραμόντος
3225 3435 3338 3507 γὰρ
3379 3437 3436 3498 ἐς
3469 3431 3618 3502 ἱερὸν,
3646 3423 3744 3494 φησὶ

2222 3529 2536 3599 κλεισθῆναι
2565 3528 2662 3592 τὰς
2687 3528 2878 3591 πύλας,
2915 3527 3008 3581 καί
3033 3545 3152 3582 τινα
3184 3527 3328 3599 ᾠδὴν
3365 3526 3609 3592 ἀδόκητον
3634 3532 3742 3586 παρ-

2223 3622 2391 3676 θένων
2420 3625 2690 3676 ἐκπεσεῖν.
2723 3620 2794 3673 Τὺ
2822 3620 2877 3674 δὲ
2921 3615 3070 3691 ᾆσμα
3103 3615 3272 3673 εἶναι’
3315 3637 3335 3670 ι
3363 3619 3567 3684 Στεῖχε,
3607 3609 3740 3676 στεῖχε

2222 3717 2279 3778 ἐς
2305 3714 2551 3786 οὐρανὸν,
2596 3715 2793 3784 στεῖχε.
2826 3731 2844 3764 ι
2881 3711 3043 3779 Λέγει
3083 3710 3140 3763 δὲ
3160 3751 3175 3775 ,
3223 3711 3296 3774 ὡς
3329 3711 3464 3782 μήτε
3493 3697 3740 3766 κενοταφίῳ

2221 3807 2313 3860 τοῦ
2335 3807 2523 3878 ἀνδρός
2550 3825 2635 3860 πω
2656 3802 2957 3876 περιτύχοι,
2973 3802 3151 3856 καίτοι
3177 3801 3277 3872 τῆς
3303 3802 3408 3873 γῆς
3431 3799 3589 3864 ὁπόση
3609 3789 3736 3878 ἐστὶν.

2222 3899 2412 3952 ἑαυτὸν
2436 3877 2756 3951 ἐπελθόντα.
2784 3894 2888 3949 Καλ⁵
2921 3894 3168 3966 βούλεται
3196 3893 3344 3965 αὐτῷ
3373 3895 3406 3964 ἠ
3431 3891 3614 3945 διάνοια
3637 3877 3737 3952 μηδὲ

2221 3973 2357 4054 ὅλως
2397 3989 2624 4045 θανάτου
2659 3987 2751 4041 τὸν
2793 3986 2958 4057 ἄνδρα
2993 3985 3186 4054 θίγειν.
3239 3985 3506 4058 Πρότερον
3539 3977 3623 4049 μὲν
3659 3969 3738 4039 γάρ

2224 4082 2575 4155 ἁμφιδάλλων
2631 4083 2758 4153 περὶ
2807 4079 2898 4134 τοῦ
2941 4081 3174 4150 τρόπου,
3227 4078 3343 4132 καθ’
3393 4078 3475 4168 ὃν
3499 4065 3734 4168 ἐτελεύτα.

2219 4176 2444 4246 ὓστερον
2474 4175 2531 4228 δὲ
2559 4172 2852 4246 διαρρήδην
2886 4172 2981 4225 καὶ
3021 4173 3080 4235 ἐς
3109 4169 3336 4242 οὐρανὸν
3368 4167 3519 4224 αὑτὸν
3541 4167 3737 4234 χωρῆσαι

2215 4270 2433 4338 φάσκει.
2457 4265 2640 4324 Ὅθεν.
2667 4266 2742 4328 ὡς
2766 4264 2830 4335 δὴ
2859 4263 3100 4317 τοιοῦτον
3123 4265 3272 4326 ὄντα,
3291 4265 3386 4316 καὶ
3414 4257 3542 4316 κατὰ
3567 4253 3616 4305 τὸ
3637 4262 3734 4338 προξ

2211 4335 2385 4430 οίμιον
2409 4399 2424 4422 ,
2469 4359 2563 4412 καὶ
2605 4356 2725 4410 καθ’
2761 4356 2889 4425 ὃλην
2921 4355 3024 4428 τὴν
3065 4355 3318 4427 γραφὴν,
3351 4349 3640 4418 Πυθαγόρου
3666 4335 3736 4392 καὶ

2224 4446 2647 4522 Ἐμπεδοκλέους
2691 4447 2958 4520 θειότερόν
3007 4463 3174 4519 φησι,
3227 4448 3321 4500 καὶ
3366 4431 3730 4517 παρεληλυθέναι

2215 4543 2521 4615 φιλοσοφίᾳ.

523 4628 618 4693 sit,
643 4629 844 4685 diserte
867 4631 1062 4688 deinde
1111 4633 1246 4688 dicit
1283 4633 1338 4688 iu
1380 4636 1578 4690 coelum
1622 4612 1956 4691 ascendisse
2014 4649 2160 4690 eum.
2208 4633 2578 4702 Quamobrem
2613 4648 2772 4698 eum,
2810 4638 2995 4685 tantus
3019 4629 3110 4700 qui
3135 4630 3228 4694 sit,
3261 4641 3314 4684 et
3347 4631 3403 4684 in
3427 4617 3658 4700 prooemio
3679 4612 3728 4675 ".

596 4742 644 4775 “
684 4744 777 4798 lib.
813 4762 854 4809 ι,
897 4761 946 4800 c.
979 4745 1035 4800 2.
1115 4749 1162 4778 ³⁵
1203 4749 1295 4804 lib.
1335 4765 1462 4812 νιιι,
1501 4765 1550 4804 c.
1585 4749 1679 4804 29.
1753 4751 1800 4782 "
1841 4751 1935 4805 lib.
1975 4769 2024 4815 ι,
2080 4767 2132 4808 c.
2163 4753 2198 4806 2

595 4861 729 4929 (10⁸)
771 4863 1263 4938 ρεπειρασμένοι.
1305 4863 1446 4936 Lege
1487 4865 1896 4938 πεπειραμένοι,
1931 4881 1962 4921 a
1989 4884 2108 4920 πει·-

2223 4869 2438 4938 lesmata
2459 4865 2723 4938 adversus
2757 4863 3018 4938 ciconias.
3041 4862 3167 4938 Lyci
3203 4851 3726 4938 llu_vii_exun‘d.=ti9f|55_j

525 4931 746 5054 ράομαι.
783 4931 941 4985 Eon.
1072 4931 1081 4933 ἡ
1384 4931 1407 4936 ⁷
1656 4931 1666 4935 ’
1728 4931 1740 4938 ⁷
1883 4931 1890 4934 ⁷

594 5001 612 5070 (
655 5001 704 5077 i)
749 5001 816 5056 Οἳ
842 5001 1190 5073 περιέργους
1214 5004 1515 5077 μηχανάς.
1556 5004 1936 5077 lntelliguntur
1957 5007 2106 5062 τελε-

522 5071 706 5138 στικᾶ,
728 5087 848 5143 quae
867 5071 1072 5142 passim
1103 5071 1171 5129 in
1195 5071 1426 5133 urbibus
1459 5071 1602 5132 Asiae
1627 5087 1682 5131 et
1712 5071 1934 5134 Graecia
1961 5080 2108 5135 inve-

521 5144 835 5218 niebantur,
869 5159 995 5218 qua;
1037 5145 1310 5215 Apollonii
1355 5149 1518 5218 vulgo
1559 5147 1776 5204 Eusebii
1829 5165 1943 5204 aevo
1985 5166 2108 5206 esse

520 5213 908 5286 credebantur,
949 5213 1178 5286 ejusque
1234 5219 1370 5273 adeo
1429 5213 1753 5272 dicebantur
1803 5235 1968 5284 esse;
2004 5221 2106 5273 hoc

521 5285 664 5338 enim
722 5293 824 5361 est_
853 5285 1313 5361 qugdﬁddityﬁ
1367 5288 1462 5361 τοῦ
1517 5288 1722 5361 ἀνδρὸς
1741 5290 2108 5360 ἀνακειμένας

521 5355 882 5478 προσηγορίᾳ.
921 5353 1131 5411 Talium
1165 5359 1220 5412 in
1255 5353 1357 5412 hac
1397 5360 1512 5427 ipsa
1537 5353 1764 5440 historia
1797 5361 1854 5414 ﬁt
1883 5353 2107 5423 mentio,

522 5424 558 5478 Ιι
607 5467 620 5478 .
659 5441 732 5485 ιν,
778 5441 899 5485 cap.
937 5428 1023 5482 l0.
1057 5427 1218 5482 Plura
1263 5439 1444 5484 autem
1475 5431 1543 5484 de
1573 5445 1640 5482 us
1673 5429 1836 5484 habet
1869 5429 2111 5485 Joannes

522 5441 620 5478 uo.
659 5441 732 5486 ιν,
778 5441 899 5495 cap.
937 5441 1023 5482 ιυ.
1057 5441 1218 5482 Plura
1263 5441 1444 5484 autem
1475 5441 1543 5484 de
1573 5445 1640 5482 us
1673 5441 1836 5484 habet
1869 5441 2104 5485 Joannes

521 5493 897 5570 Antiochenus
951 5499 1006 5550 in
1052 5497 1378 5570 Chronogr..
1401 5515 1524 5570 pag.
1557 5499 1684 5562 542,
1715 5515 1876 5570 quem
1923 5499 2104 5556 locum

521 5565 873 5634 transc_ripsit
921 5569 1081 5622 etiam
1119 5565 1309 5623 auctor
1339 5565 1588 5624 Cliro'nici
1625 5565 1780 5624 Alei.
1815 5569 1894 5622 En
1943 5571 2108 5626 verb-.1

521 5633 644 5720 ejus
679 5631 896 5728 εἹΙνξὲ
927 5641 1042 5728 τοῖς
1073 5640 1297 5728 xpdvot;
1307 5640 1571 5728 βασιλέως
1603 5643 1933 5728 θομετιανοῦ
1963 5644 1992 5695 ό
2017 5658 2105 5694 σο-

523 5707 770 5772 φώτατος
813 5707 1168 5772 Ἀπολλώνιος
1197 5711 1224 5762 ὁ
1254 5707 1516 5774 Τυανεὺς,
1547 5711 1643 5765 καὶ
1679 5707 1906 5782 ’ἤκμαζε
1953 5729 2110 5782 περι-

524 5773 766 5844 πολεύων
795 5777 888 5830 καὶ
921 5779 1194 5844 πανταχοῦ
1223 5781 1391 5834 ποιῶν
1433 5781 1737 5844 τελέσματα
1769 5785 1848 5844 είς
1879 5779 1980 5844 τὰς
2013 5781 2108 5834 πό-

524 5797 766 5827 7:04:qu
795 5797 888 5830 και
921 5797 1194 5848 πανταχοῦ
1223 5797 1391 5834 ποιων
1433 5797 1588 5840 τεΛεσ
1669 5798 1737 5834 τα
1769 5797 1848 5844 εις
1879 5797 1980 5845 τας
2013 5799 2106 5834 πο-

523 5843 638 5928 λξις
657 5845 842 5912 καιρίς
867 5847 964 5912 τὰς
989 5847 1192 5920 χώρας.
1216 5851 1342 5909 lude
1369 5862 1556 5908 narrat
1585 5797 1827 5922 ἕῗιαηιιι
1867 5869 1988 5910 cum
2028 5861 2106 5912 tc-

2209 4917 2649 4992 ὶέέὼὶιιῖιέέίιὲέιῐ
2659 4917 2732 4996 ,εἰ
2743 4917 3250 5004 equosteroci'entes
3265 4933 3474 4988 fecisse.
3489 4917 3730 5004 Antiochif

2213 5009 2279 5062 ad
2313 5015 2523 5076 portam
2557 5006 2708 5062 urbis
2738 4997 3060 5076 orientalem
3101 5005 3324 5076 telesma
3353 5009 3532 5058 contra
3555 4997 3725 5076 ventutn

2214 5069 2584 5148 aqu'ilonarem
2627 5077 2896 5148 posuisse.
2916 5073 3132 5148 ‘Fusum
3183 5075 3310 5148 item
3349 5089 3414 5128 ex
3456 5082 3566 5124 aere
3606 5069 3726 5148 stet:

2215 5139 2364 5220 pi'um
2393 5149 2447 5204 in
2479 5147 2611 5220 urbe
2627 5139 2812 5202 inedia
2839 5145 3132 5220 defodisse.
3155 5147 3557 5220 columnaruque
3579 5139 3727 5220 ei

2215 5203 2334 5272 vain
2375 5203 2722 5288 imposuisse,
2753 5216 2898 5288 quod
2927 5203 3128 5272 omnes
3145 5215 3392 5288 scorpios
3418 5203 3723 5288 fugaverunt?!"

2217 5291 2406 5344 lesma.
2445 5285 2606 5342 Aliud
2655 5285 2786 5342 iteni
2833 5287 3096 5342 adversus
3139 5285 3343 5340 culices
3372 5293 3587 5354 parasse.
3613 5285 3668 5354 (ΙΨ

2259 5343 2484 5414 rolixius
2511 5358 2863 5420 describitur,
2891 5372 3056 5427 quam
3111 5365 3168 5410 ut
3219 5343 3720 5427 hicﬂrepetere'vatij’f:

2265 5429 2420 5484 adem
2481 5443 2611 5482 vero
2655 5429 2812 5497 juxta
2851 5415 2980 5480 cum
3033 5428 3156 5482 aliis
3187 5415 3454 5496 Apollonii
3483 5415 3719 5478 τελέσμασι

2271 5501 2374 5526 ιη...
2426 5497 2648 5526 manu...”
2699 5505 2942 5526 ..ηηηηοηι
2979 5497 3190 5526 ιη.;ι;,.,.ι
3247 5513 3282 5526 ..
3347 5495 3450 5526 Μαι
3505 5485 3563 5526 ιιη
3607 5471 3719 5526 Adde

2213 5477 3473 5556 ᾆῖιῖιῖῗτιὲιιέἐἶιὶὲὲέηέἑῖϐιὶὶἑᾶάῖἨ(ίιιῖει.
3505 5485 3579 5542 60.
3604 5477 3720 5534 Adde

2211 5567 2772 5644 Joan.Gregor_~iu_m‘in
2799 5567 3120 5644 0_bserv._S.,
3147 5583 3198 5622 c.
3217 5583 3339 5622 \‘tll.
3355 5565 3451 5620 Hic
3471 5559 3718 5644 ιιειιιξξ

2211 5642 2374 5710 χαναὶ
2399 5643 2464 5711 τῇ
2482 5625 2585 5692 τοῦ
2619 5637 2811 5710 ἀνδρὸς
2831 5625 3195 5711 ανακείμεναι
3218 5625 3717 5711 προσηγορίᾳ,

2213 5695 2298 5766 fus
2331 5695 2469 5765 male
2497 5695 2734 5804 verterat
2752 5695 3001 5791 .z'Neque
3028 5695 3143 5792 itero
3175 5695 3326 5804 de‘ie
3351 5695 3716 5804 Jesfgéﬂgli’;

2213 5791 2385 5843 partos
2415 5797 2470 5836 se
2498 5781 2680 5832 dicunt
2712 5779 2826 5850 ejus
2857 5771 3056 5832 nomini
3079 5783 3316 5834 invocato
3355 5775 3564 5850 magicas
3587 5771 3716 5816 tuem-

2215 5841 2448 5918 rirtutes,
2481 5851 2549 5904 ad
2579 5841 2950 5922 superstitiosa
2977 5852 3232 5921 qua-piam
3259 5841 3550 5922 peragenda.

2243 5429 2258 5444 Ἰ
