3938 6510
181 395 269 450 861

1329 405 1535 463 LIBER
1569 405 1848 464 CONTRA
1883 406 2302 465 HIEBOCLEM.

3337 400 3443 458 8132

182 522 228 567 ct
251 514 300 566 in
336 519 453 569 toto
482 530 688 587 opere,
716 520 897 593 magis
916 517 1076 593 542
1095 539 1256 599 quam
1278 526 1363 582 vel
1388 525 1772 599 Pythagoram,
1801 527 1885 583 vel
1908 526 2284 598 Empedoclem
2308 522 2383 577 ait
2404 520 2573 580 fuisse
2597 523 2863 586 divinum,
2890 519 3199 592 studiisque
3226 520 3443 589 sapien-

182 609 259 661 tiae
290 608 659 672 excelluisse.

689 729 1092 786 ΚΕΦΔΛΑΙΟΝ
1143 734 1276 788 ME'.

256 814 411 869 Ἀλλὰ
440 814 560 888 γὰρ
584 820 650 872 ὲν
685 821 904 886 τούτοις
930 826 1403 897 περιγραφομένου
1447 827 1541 882 τοῦ
1588 829 1766 897 λόγου,

184 907 352 978 βραχέ’
388 910 532 963 ἄττα
571 913 715 984 περὶ
755 914 958 986 μοιρῶν
1004 918 1097 971 καὶ
1129 919 1468 991 εἱμαρμένης
1500 920 1629 991 φέρε
1654 921 1769 974 δια-

182 1000 421 1072 λάϐωμεν
444 1018 459 1033 ο
487 1004 518 1055 ὃ
544 1020 606 1056 τι
643 1006 750 1058 καὶ
785 1006 1025 1077 βούλοιτο
1065 1008 1131 1061 δι’
1162 1010 1289 1082 ὅλης
1323 1010 1470 1081 αὐτῷ
1500 1012 1600 1082 τῆς
1633 1014 1768 1066 ὑπο-

183 1094 375 1157 θέσεως
436 1095 467 1147 ὁ
522 1095 702 1165 λόγος
748 1098 881 1170 (12),
942 1100 1003 1154 τὸ
1061 1101 1159 1172 μὲν
1215 1104 1300 1172 ἐφ’
1350 1106 1479 1176 ἡμῖν
1509 1104 1767 1176 ἀναιρῶν,

181 1187 413 1257 ἀνάγκην
449 1187 508 1241 δὲ
566 1190 839 1259 εἱσάγων,
874 1194 968 1246 καὶ
1019 1195 1387 1268 εἱμαρμένην,
1424 1198 1519 1250 καὶ
1553 1182 1768 1269 μοίρας,

181 1278 520 1348 διαθροῦντες
546 1297 562 1311 °
622 1283 809 1356 ταύτῃ
856 1284 967 1356 γὰρ
1020 1286 1150 1356 ἡμῖν
1192 1287 1418 1351 ἐντελῶς
1468 1287 1561 1341 καὶ
1615 1291 1647 1359 ή
1712 1290 1770 1343 ὲν

180 1371 398 1441 ὤγμασι
458 1373 799 1442 ψευδοδοξία
838 1377 1061 1450 τάνδρὸς
1102 1378 1558 1451 διευθυνθήσεται.
1614 1383 1675 1434 Ei
1704 1382 1767 1453 δὴ

183 1463 284 1529 οὖν,
317 1465 463 1519 κατὰ
488 1466 585 1520 τὸν
620 1468 867 1539 ἀληθοῦς
910 1471 1224 1541 φιλοσοφίας
1246 1473 1422 1541 λόγον,
1456 1474 1597 1545 ψυχὴ
1624 1476 1768 1535 πᾶσα

182 1559 432 1622 ἀθάνατος
502 1560 591 1631 (τὸ
650 1564 767 1635 γάρ
810 1562 1113 1633 ἀεικίνητον
1162 1564 1274 1635 (15)
1319 1565 1602 1631 ἀθάνατον,
1633 1569 1693 1620 τὸ
1724 1568 1767 1621 δ’

184 1648 469 1722 ὕφ’ὲτέρου
507 1640 868 1723 κινούμενον,
899 1651 1109 1707 παῦλαν
1140 1654 1260 1724 ἕχον
1307 1657 1592 1727 κινήσεως,
1630 1659 1769 1720 παῦ-

183 1741 267 1795 λαν
298 1742 410 1812 ἔχει
441 1742 661 1813 ζωῆς),
696 1744 790 1797 καὶ
832 1744 978 1798 αἰτία
1009 1745 1283 1817 ἑλομένου,
1313 1747 1445 1812 Θεὸς
1490 1750 1728 1814 ἀναίτιος
1750 1768 1765 1783 ο

185 1832 257 1895 τίς
284 1833 489 1904 αἱροῖτο
518 1832 692 1903 λόγος
721 1834 979 1901 ἄκουσαν,
1025 1836 1146 1907 οὑχὶ
1177 1837 1234 1890 δὲ
1264 1838 1401 1892 κατά
1433 1840 1765 1912 προαίρεσιν,

186 1923 377 1994 ἀψύχου
426 1924 594 1996 δίκην
666 1923 926 1996 σώματος
977 1926 1175 1991 ἔξωθέν
1225 1929 1386 1984 ποθεν
1420 1933 1764 2002 κινουμένην,

187 2017 268 2069 καὶ
299 2016 548 2088 ὡσπερεὶ
605 2019 1195 2091 νευροσπαστουμένην
1230 2021 1361 2091 (14),
1390 2016 1491 2075 ὦδε
1544 2025 1765 2077 κάκεῖσε

186 2110 271 2178 τὴν
324 2109 645 2180 ἀεικίνητον
691 2110 922 2178 ἄγεσθαι
960 2111 1143 2179 φύσιν,
1199 2113 1363 2183 μηδὲν
1408 2114 1668 2185 μηδαμῶς
1705 2115 1765 2191 ἐξ
1795 2092 1837 2147 Β

192 2201 311 2263 ἰδίας
344 2201 525 2272 ὁρμῆς
559 2202 661 2254 καὶ
700 2204 968 2273 κινήσεως
1003 2203 1349 2274 ἐνεργοῦσαν,
1389 2205 1521 2275 μηδὲ
1544 2209 1601 2269 ἐς
1635 2207 1761 2258 ἐαυ-

190 2291 275 2362 τὴν
298 2292 393 2362 τὴν
414 2291 526 2344 τῶν
594 2292 896 2363 δρωμένων
928 2284 1299 2365 ἀναφέρουσαν
1333 2296 1510 2348 αἰτίαν
1532 2314 1545 2326 ·
1592 2298 1760 2369 ταύτῃ

188 2400 240 2435 τε
272 2387 399 2454 μήτε
446 2383 860 2453 φιλοσοφοῦσαν
901 2385 1217 2439 ὲπαινετέαν
1282 2387 1589 2457 τυγχᾶινειν,
1639 2390 1761 2459 μήτ’

193 2471 247 2527 αὖ
275 2474 476 2546 ψεκτὴν
517 2476 725 2539 κακίας
765 2475 1012 2546 ἔμπλεων
1068 2479 1162 2530 καὶ
1200 2479 1499 2550 πονηρίας;
1532 2480 1596 2532 Τί
1630 2480 1762 2551 δῆτα

190 2562 270 2619 οὖν
320 2567 584 2640 Εὐφράτῃ
621 2567 1033 2639 λοιδορούμενος
1085 2571 1436 2643 καταμέμφῃ,
1468 2566 1511 2624 ὦ
1547 2573 1683 2635 ’τᾶν,
1715 2575 1761 2625 εί

196 2661 259 2731 μὴ
293 2661 415 2731 παρ’
472 2660 697 2723 ἑαυτοῦ,
737 2661 849 2712 ἀλλ’
886 2659 945 2725 ἐξ
976 2662 1315 2733 εἱμαρμένης
1342 2665 1432 2716 ἐπὶ
1474 2663 1531 2716 τὸ
1575 2664 1762 2733 κέρδος

191 2747 379 2813 ἐκδοὺς,
423 2749 499 2812 ὡς
526 2751 703 2813 αὐτὸς
735 2750 921 2815 ἀξιοῖς,
959 2751 1227 2823 ὠλιγώρει
1255 2754 1570 2824 φιλοσοφίας
1605 2755 1714 2825 (ib)
1743 2772 1758 2819 ;

195 2841 249 2892 Τί
280 2841 331 2894 δὲ
356 2842 548 2913 γόησιν
582 2842 915 2914 ἐνυϐρίζεις,
941 2843 1301 2912 ψευδοσόφους
1328 2846 1634 2911 ἀποκαλῶν,
1658 2848 1762 2900 ὑπὸ

199 2933 401 3004 μοιρῶν,
430 2935 506 2998 ὡς
544 2938 688 3006 ἡγῇ,
712 2935 1137 3006 καθελκομένους
1160 2938 1250 2989 ἐπὶ
1272 2937 1362 2990 τὸν
1396 2939 1761 3010 κακοδαίμονα

199 3024 325 3095 βίον;
349 3028 412 3079 Τί
451 3028 509 3080 δὲ
569 3027 778 3081 κακίαν
810 3028 993 3092 ἁπλῶς
1036 3026 1354 3098 όνομάζειςς
1387 3033 1499 3084 Καὶ
1529 3034 1761 3105 πονηρός

196 3134 266 3179 τις
291 3118 590 3189 ἀνθρώπων
624 3120 731 3173 οὐκ
759 3122 814 3173 ἐν
845 3119 966 3192 δίκῃ
1004 3121 1244 3192 κρίνεται
1269 3120 1420 3191 παρὰ
1451 3122 1552 3184 σοὶ,
1579 3123 1669 3175 τὸν
1702 3123 1759 3190 ἐξ

198 3208 416 3280 ἀνάγκης
440 3212 783 3283 εἱμαρμένον
823 3212 1153 3283 ἀποπληρῶν
1195 3214 1337 3285 ὅρον.
1388 3214 1474 3278 Ὠς
1503 3215 1756 3286 ἔμπαλιν,

196 3300 288 3351 τίνι
331 3300 468 3371 λόγῳ
517 3302 853 3373 Πυθαγόραν
891 3303 1228 3374 σεμνολογῶν
1290 3304 1596 3376 Θαυμαστὸν
1637 3309 1757 3358 ἐπι-

1797 752 1847 810 Α

2429 725 2657 786 CAPUT
2714 724 2875 783 XLV.

1944 841 2050 896 Sed
2105 841 2304 896 limites
2359 838 2624 894 orationis
2673 837 3069 893 constituentes
3124 835 3298 904 istos,
3342 850 3441 906 age

1868 935 2057 1005 paucis
2118 933 2295 987 adhuc
2346 932 2415 985 de
2479 931 2619 994 fato,
2652 937 2814 999 atque
2871 928 3059 983 Parcis
3090 936 3434 984 tractemus:

1870 1026 1997 1098 quid
2023 1025 2149 1081 velit
2172 1020 2470 1096 [scriptori]
2491 1037 2587 1092 per
2619 1030 2787 1076 totum
2822 1034 2960 1090 opus
2986 1017 3130 1073 istud
3164 1019 3437 1085 doctrina,

1870 1116 2078 1170 arbitrii
2103 1115 2299 1171 tollens
2328 1114 2656 1177 libertatem,
2676 1121 2730 1166 et
2762 1112 3141 1167 necessitatem
3174 1111 3438 1167 inducens

1869 1208 2123 1277 legesque
2165 1204 2378 1269 fatales,
2414 1215 2468 1258 et
2519 1203 2711 1265 fatum,
2750 1203 3048 1273 dispecturi
3087 1222 3099 1257 :
3145 1203 3243 1255 hac
3290 1202 3437 1257 enim

1868 1298 2080 1352 ratione
2104 1303 2358 1350 accurate
2410 1309 2440 1348 a
2486 1295 2645 1349 nobis
2677 1293 2949 1363 Apollonii
2982 1294 3035 1348 in
3066 1293 3316 1348 doctrina
3348 1308 3439 1349 er-

1868 1405 2022 1445 rores
2076 1389 2238 1442 etiam
2270 1388 2684 1457 redarguentur.
2738 1385 2796 1440 Si
2848 1394 2930 1440 est
2972 1386 3132 1457 igitur
3179 1386 3259 1455 (ut
3295 1401 3439 1442 verae

1868 1480 2223 1550 philosophia:
2241 1478 2490 1532 doctrina
2509 1476 2719 1548 tradit.)
2748 1477 2928 1530 anima
2948 1478 3272 1533 immortalis
3338 1478 3440 1547 (si-

1868 1571 2087 1651 quidem
2121 1572 2265 1640 quod
2289 1586 2502 1639 semper
2522 1577 2791 1633 movetur,
2821 1578 2904 1624 est
2934 1569 3257 1632 immortale,
3290 1569 3438 1639 quod

1869 1670 2050 1718 autem
2103 1669 2350 1716 movetur
2403 1659 2641 1723 aliunde,
2699 1660 2791 1714 ubi
2853 1667 3032 1714 motus
3073 1660 3438 1715 cessationem

1868 1753 2169 1816 admiserit,
2189 1752 2369 1806 vivere
2386 1747 2630 1817 desinit);
2649 1751 2695 1805 si
2708 1750 2833 1804 item
2856 1757 2939 1805 est
2955 1764 3118 1805 causa
3134 1749 3435 1815 electionis,

1866 1856 1920 1902 et
1943 1847 2084 1901 Deus
2108 1845 2292 1919 culpae
2311 1853 2395 1901 est
2424 1843 2712 1910 immunis;
2762 1857 2884 1913 qua:
2912 1850 3051 1897 ratio
3078 1842 3180 1897 sibi
3212 1858 3440 1911 persua-

1868 1937 1999 1993 serit
2050 1937 2305 2003 invitam,
2335 1951 2443 1992 non
2479 1943 2671 2004 sponte
2728 1949 2862 1997 sua,
2915 1933 3083 1989 veluti
3134 1932 3438 1989 inanimum

1867 2042 2086 2098 corpus,
2105 2028 2172 2080 ab
2200 2035 2426 2081 externo
2458 2024 2638 2093 aliquo
2666 2023 2941 2093 agitatam,
2974 2032 3027 2076 et
3057 2022 3221 2076 veluti
3244 2021 3436 2075 alienis

1865 2120 2047 2174 nervis
2073 2119 2346 2182 mobilem,
2367 2118 2472 2171 huc
2488 2124 2541 2170 et
2559 2115 2685 2169 illuc
2711 2123 2968 2185 perpetuo
2988 2124 3138 2172 motu
3166 2114 3435 2183 vigentem

1865 2220 2115 2269 naturam
2170 2210 2319 2274 duci,
2366 2208 2503 2263 nihil
2536 2223 2772 2284 unquam
2802 2208 2852 2262 vi
2900 2207 3120 2276 propria
3177 2213 3437 2275 motuque

1866 2311 2133 2373 agentem,
2160 2316 2339 2370 neque
2391 2298 2459 2353 ad
2510 2300 2746 2369 seipsam
2786 2296 3053 2351 factorum
3085 2311 3113 2349 a
3145 2311 3204 2350 se
3237 2309 3435 2351 causas

1863 2394 2183 2449 referentem
2220 2411 2233 2447 ε
2266 2401 2429 2462 atque
2457 2392 2526 2446 ob
2559 2391 2610 2444 id
2638 2391 2813 2461 ipsum
2848 2406 3023 2459 neque
3050 2389 3435 2458 philosOphan-

1862 2492 1971 2538 tem
2003 2483 2215 2537 laudem
2243 2482 2460 2545 mereri,
2494 2497 2668 2550 neque
2698 2480 3170 2549 reprehensionem
3201 2480 3247 2534 si
3279 2480 3435 2534 mali-

1862 2578 1951 2630 tia:
1991 2591 2052 2628 ac
2075 2575 2398 2637 delictorum
2437 2573 2593 2642 plena
2625 2572 2821 2626 fuerit?
2841 2571 2979 2637 Quid
3022 2571 3207 2642 igitur,
3237 2571 3431 2637 amice,

1862 2666 2187 2739 Euphratem
2215 2649 2477 2720 conviciis
2513 2674 2674 2734 atque
2707 2663 3270 2717 animadversionibus
3310 2676 3440 2731 pro-

1863 2760 2109 2829 sequeris
2137 2760 2202 2827 ’⁷,
2230 2760 2275 2814 si
2309 2775 2415 2823 non
2446 2773 2544 2812 suo
2596 2756 2844 2820 arbitrio,
2871 2755 2965 2809 sed
2997 2754 3142 2807 fatali
3195 2753 3433 2808 necessi-

1864 2862 1974 2908 tate
2004 2855 2155 2907 lucro
2177 2853 2414 2914 deditus,
2440 2851 2757 2921 ignominia,
2794 2833 2957 2921 prout
2991 2857 3046 2900 tu
3072 2862 3284 2910 censes,
3312 2845 3436 2916 phi-

1863 2946 2165 3016 losophiam
2198 2945 2393 2999 allicit?
2419 2943 2558 3010 Quid
2583 2958 2769 3013 magos
2797 2941 2922 2995 item
2948 2939 3165 3007 probris
3200 2939 3436 2993 insecta-

1861 3039 1939 3093 ris
1971 3039 2036 3102 ³⁸,
2066 3038 2264 3108 spuria:
2294 3035 2572 3105 sapientize
2603 3034 2841 3087 cultores
2873 3030 3171 3099 appellans,
3203 3030 3294 3097 qui
3323 3028 3433 3079 fato

1861 3138 2061 3190 tamen,
2092 3131 2247 3199 juxta
2280 3138 2425 3181 tuam
2457 3127 2792 3196 Opinionem,
2835 3123 2903 3177 ad
2952 3121 3142 3175 infelix
3174 3117 3319 3174 istud
3356 3118 3435 3172 vi-

1859 3223 2016 3279 vendi
2069 3238 2239 3291 genus
2302 3218 2633 3273 trahuntur?
2688 3215 2800 3271 lmo
2830 3214 2957 3285 quid
2989 3215 3179 3269 vitium
3211 3210 3434 3267 omnino

1860 3314 2036 3367 adhuc
2069 3312 2361 3366 nominas?
2397 3310 2581 3379 Neque
2632 3310 2810 3363 malus
2844 3306 3134 3375 quisquam
3163 3304 3289 3373 jure
3318 3317 3348 3355 a
3379 3310 3435 3356 te

198 3391 365 3466 γρᾶφη
422 3393 774 3459 διδάσκαλον,
831 3396 923 3447 καὶ
972 3395 1171 3466 μοιρῶν
1218 3398 1485 3464 παίγνιον,
1519 3397 1632 3449 ἀλλ’
1660 3399 1760 3451 οὐκ

1870 3406 2171 3470 damnatur,
2203 3404 2574 3472 praescriptam
2624 3400 2727 3454 sibi
2759 3414 2789 3452 a
2818 3397 2928 3452 l‘ato
2960 3396 3324 3452 necessariam
3357 3394 3435 3449 le-

200 3483 412 3555 ἐραστὴν
444 3486 573 3539 ὄντα
612 3484 952 3555 φιλοσοφίας,
990 3486 1090 3537 οὐκ
1127 3485 1444 3549 ἀπολείπεις
1487 3487 1757 3552 ἐπαινῶν;

198 3573 436 3647 Φραώτης
473 3578 530 3631 δὲ
562 3579 664 3631 κοιὶ
699 3577 931 3647 Ἰἀρχας,
1001 3576 1174 3631 Ἰνδῶν
1214 3577 1508 3646 φιλόσοφοι,
1543 3579 1596 3631 τί
1629 3579 1762 3648 μᾶλ-

202 3664 278 3717 λον
303 3669 446 3740 παρά
482 3673 565 3724 σοὶ
586 3670 731 3723 θεῶν
764 3670 1147 3740 ἀπηνέγκαντο
1176 3668 1285 3739 (lli)
1315 3669 1491 3733 δόξαν,
1524 3669 1688 3739 μηδέν
1707 3686 1760 3721 τι

205 3760 428 3825 παιδείας
448 3761 578 3815 ἴδιον
597 3762 738 3831 (17),
766 3762 886 3833 μηδ’
911 3761 1109 3831 ἀρετῆς
1129 3760 1561 3829 ἀπενεγκάμενοι
1585 3760 1757 3824 κλέος

206 3849 431 3920 Νέρωνος
456 3854 500 3906 δ’
538 3853 805 3916 ὡσαύτως
833 3854 925 3906 καὶ
955 3851 1279 3923 Δομετιανοῦ
1311 3852 1363 3904 τί
1393 3852 1512 3920 οὐχὶ
1546 3853 1760 3923 μοίραις

206 3942 286 3993 καὶ
332 3945 543 4019 ἀνάγκη
596 3946 701 4017 τὴν
730 3945 1026 3998 ἀκόλαστον
1059 3944 1381 4015 περιάπτεις
1412 3943 1721 4013 ἀγερωχίαν
1747 3983 1761 4003 ,

211 4033 368 4105 πάσης
400 4039 577 4101 αἱτίας
602 4038 698 4091 καὶ
722 4036 921 4099 παντὸς
944 4035 1282 4106 ἐγκλήματος
1311 4036 1608 4107 ἐλευθερῶν
1638 4035 1763 4099 τοὺς

207 4123 411 4195 ἄνδρας
454 4129 620 4182 Ἀλλά
662 4130 755 4181 καὶ
788 4130 839 4181 εἴ
860 4146 937 4198 τῳ
971 4128 1277 4199 πέπρωται,
1309 4128 1384 4190 ὡς
1413 4129 1537 4198 φῂς,
1574 4128 1761 4197 δρομι-

208 4214 296 4285 κῷ,
318 4222 404 4272 καὶ
430 4221 652 4293 τοξικῷ,
677 4224 770 4273 καὶ
788 4220 1081 4291 τεκτονικῷ
1104 4219 1352 4288 γενέσθαι
1373 4219 1507 4289 (18)*
1524 4218 1664 4272 οὕτω
1696 4219 1761 4289 δὴ

209 4308 303 4381 γὰρ
322 4312 469 4384 γόητι
494 4316 586 4369 τὸν
618 4314 815 4384 τρόπον
842 4314 974 4375 ὄντι,
1007 4314 1176 4384 μάγον
1208 4312 1544 4382 ἀναφανῆναι
1569 4328 1581 4343 ’
1613 4328 1759 4382 μιαι-

214 4399 337 4472 φόνῳ
356 4421 412 4455 τε
450 4406 544 4458 καὶ
596 4404 835 4477 πονηρῷ,
870 4407 963 4458 καὶ
1000 4405 1281 4474 ἀκολάστῳ
1316 4403 1535 4465 πάντως
1565 4420 1665 4455 που
1699 4402 1757 4469 ἐξ

208 4487 430 4565 ἀνάγκης
451 4496 660 4549 τοιόσδε
700 4512 782 4558 τις
823 4495 1173 4566 ἀποϐήσεται.
1208 4494 1273 4546 Τί
1308 4494 1443 4565 δῆτα
1486 4487 1578 4546 οὖν
1605 4510 1759 4564 περι-

1867 3512 1983 3565 gem
2032 3494 2158 3547 dum
2194 3494 2398 3563 implet.
2461 3490 2552 3545 Sic
2580 3505 2736 3544 versa
2798 3489 2913 3541 vice
2935 3526 2949 3551 ,
2999 3502 3103 3556 qua
3135 3496 3191 3540 tu
3225 3485 3437 3540 ratione

1864 3585 2222 3656 Pythagoram
2266 3591 2555 3638 veneratus
2609 3580 2981 3635 admirabilem
3017 3594 3184 3633 vocas
3222 3566 3431 3648 praece~

1865 3686 2069 3746 plorem
2102 3677 2166 3741 ",
2198 3676 2613 3744 Parcarumque
2660 3674 2950 3729 ludibrium
3005 3671 3096 3741 qui
3157 3670 3271 3733 sit,
3324 3683 3435 3722 non

1863 3766 2143 3834 sapientia:
2199 3774 2428 3829 amator,
2485 3764 2708 3819 laudare
2748 3780 2860 3818 non
2916 3762 3140 3817 cessas?
3169 3759 3436 3813 Phraotes

1862 3875 2024 3929 porro
2056 3866 2109 3913 et
2138 3858 2359 3913 larchas
2392 3873 2493 3911 cur
2527 3857 2707 3926 potius
2733 3871 2894 3925 quam
2918 3854 3008 3907 alii
3042 3853 3292 3907 homines
3317 3864 3347 3902 a
3381 3860 3436 3904 te

1862 3964 1960 4018 pro
1989 3948 2095 4004 diis
2116 3948 2603 4014 habentur‘°,cum
2630 3948 2902 4017 propriam
2931 3961 3039 3999 non
3068 3944 3244 3999 ferant
3277 3941 3439 3997 insti-

1863 4041 2091 4095 tutionis
2122 4048 2286 4107 atque
2338 4039 2558 4095 virtutis
2601 4038 2857 4094 laudem?
2906 4036 3191 4107 Similique
3225 4035 3436 4090 ratione

1862 4130 2092 4185 Neronis
2122 4126 2280 4200 543
2312 4137 2365 4185 et
2402 4129 2690 4183 Domitiani
2740 4144 2840 4182 cur
2886 4127 2998 4182 fato
3033 4135 3086 4180 et
3120 4124 3435 4181 necessitati

1863 4222 2179 4276 infrunitam
2211 4222 2352 4275 haud
2371 4222 2567 4276 tribuis
2592 4221 2923 4290 superbiam,
2945 4219 3011 4272 ab
3027 4218 3175 4274 omni
3205 4216 3435 4270 crimine

1864 4320 1917 4367 et
1939 4314 2097 4383 culpa
2129 4329 2225 4367 eos
2256 4312 2584 4368 absolvens?
2604 4312 2802 4366 Verum
2834 4311 2879 4366 si
2904 4310 2991 4363 cui
3024 4308 3135 4363 fato
3168 4307 3432 4361 tributum

1865 4412 1968 4467 est,
1994 4413 2071 4467 ut,
2104 4402 2560 4473 quemadmodum
2587 4404 2748 4465 ais”,
2779 4416 2972 4456 cursor
3000 4401 3091 4464 sit,
3122 4406 3178 4451 ut
3210 4394 3435 4465 sagitta-

1863 4494 2002 4559 rius,
2034 4502 2092 4548 ut
2118 4494 2482 4561 architectus;
2516 4494 2736 4565 perinde
2764 4495 2926 4548 etiam
2958 4493 3029 4557 ei,
3061 4491 3153 4554 qui
3186 4490 3434 4544 incanta-

273 4650 433 4724 ‘jAlib.
473 4671 562 4718 vt,
600 4670 650 4709 c.
681 4653 790 4719 29;
834 4652 929 4705 lib.
968 4668 1090 4719 Vlll,
1127 4667 1174 4707 c.
1217 4652 1266 4705 7.
1343 4652 1388 4683 ³⁸
1428 4652 1524 4711 lib.
1560 4667 1690 4716 vnt,
1726 4665 1775 4705 c.
1819 4650 1870 4706 7.
1945 4653 1991 4684 "
2032 4652 2125 4708 lib.
2180 4668 2313 4717 vnt,
2346 4666 2397 4705 c.
2437 4651 2468 4704 7
2499 4666 2613 4724 seq.
2651 4659 2705 4709 et
2770 4649 2997 4720 passim.
3075 4646 3120 4679 ⁹⁰
3162 4645 3255 4702 lib.
3322 4659 3429 4709 vn,

211 4728 258 4773 c.
284 4720 364 4776 52.
437 4725 481 4757 ³⁸
520 4728 618 4781 lib.
651 4741 781 4789 vm,
824 4738 873 4778 c.
905 4724 959 4783 7.

274 4881 375 4955 (12)
405 4887 480 4939 Δι’
509 4889 657 4956 ὅλης
684 4887 842 4952 αὐτῷ
870 4885 971 4952 τῆς
992 4888 1165 4940 ὺποθ.
1198 4888 1231 4939 ό
1271 4886 1470 4954 λόγος,
1493 4894 1597 4956 etc.
1630 4883 1753 4939 llazc
1787 4889 1831 4945 Ι)

216 4959 263 5030 ρῐ
285 4959 554 5030 sequentia
585 4955 643 5013 si
662 4961 799 5014 lecta
815 4957 1054 5030 fuissent
1090 4956 1206 5030 viro
1226 4956 1404 5022 docto,
1426 4956 1509 5009 ιιι).
1541 4955 1750 5030 Jonsio.

218 5024 264 5101 in
292 5024 418 5081 libro
451 5028 524 5083 De
558 5028 900 5097 scriptoribus
940 5027 1066 5079 hist.
1092 5027 1308 5101 philos"
1342 5042 1450 5081 non
1470 5026 1756 5101 potuisset

218 5096 271 5171 {tt
290 5096 949 5171 eutn_prolabilerrorem,
982 5113 1092 5171 quo
1115 5096 1371 5171 abreptus
1399 5097 1754 5171 existimavit,

222 5156 456 5238 llierocli'
480 5170 546 5225 de
601 5168 711 5224 fato
758 5156 1032 5238 disputata
1078 5166 1165 5221 hic
1200 5156 1491 5238 confutari.
1522 5156 1756 5238 quorum

223 5228 494 5303 fragmenta
549 5240 800 5294 Stobaeus
848 5228 1008 5292 nobis
1068 5238 1320 5292 servavit.
1362 5236 1515 5291 Unde
1540 5228 1759 5290 'deinde

220 5314 568 5380 argumentum
601 5311 705 5365 sibi
733 5308 884 5380 nasci
918 5306 1760 5380 putavit,_Caesariensem‘Euse-

225 5368 351 5453 bium
381 5394 513 5453 _non_
545 5396 679 5453 esse
709 5379 799 5448 qui
830 5368 943 5432 haec
978 5378 1220 5453 scripsit,
1252 5393 1375 5453 cum
1413 5378 1517 5453 qui
1543 5376 1609 5453 d_e
1643 5377 1754 5453 fato

223 5447 417 5511 scripsit
474 5447 767 5513 Hierocles,
800 5455 958 5503 aetate
1004 5462 1070 5501 eo
1119 5449 1190 5503 sit
1233 5448 1461 5500 multum
1505 5447 1750 5501 inferior.

225 5514 469 5632 milia“?
488 5520 593 5591 γὰρ
618 5521 829 5576 ἀεικίν.
856 5518 1144 5589 Desumpta
1169 5527 1296 5573 sunt
1318 5519 1422 5572 ista
1445 5534 1511 5573 ex
1532 5516 1760 5571 Phwdro

282 5589 461 5644 atouis.

286 5652 913 5731 (ί4)Νεη)ροσπαστουμ.
948 5656 1102 5731 Hunc
1119 5658 1313 5731 locum
1348 5658 1614 5731 interpres
1660 5658 1763 5712 mi-

228 5733 330 5777 sere
356 5729 648 5802 exceperat.
678 5730 1047 5802 quem__paulo
1082 5729 1298 5802 planius
1328 5730 1640 5799 rectiusque
1674 5744 1760 5786 me

228 5797 535 5866 9Xpressisse
554 5797 811 5859 arbitror.
834 5797 1104 5855 HoLS'IEN.
1142 5797 1755 5856 Holstemanam‘autem

229 5871 697 5932 interpretationem
726 5873 813 5928 hic
848 5886 948 5928 nos
973 5886 1188 5942 quoque
1212 5870 1579 5947 servavimus.

1656 5968 1741 5976 -~.,

1929 4880 2038 4953 (15)
2056 4878 2346 4948 Ὠλιγὼρει
2368 4874 2753 4953 ξριᾷοσοςοίας.
2774 4870 2932 4953 ῌαρά
2960 4869 3022 4922 τὸ
3054 4869 3262 4953 πρέπον
3283 4863 3433 4935 φιλο-

1860 4940 2033 5025 σοφία
2054 4940 2311 5025 πράττεὶν
2348 4940 2480 5002 dicit
2504 4940 2829 5025 PhilostrLl.
2865 4940 2943 5004 'VI,
2974 4956 3024 4994 c.
3059 4940 3149 4994 59.

1968 4972 2021 5025 ιᾳ
2054 4972 2311 5020 πραττειν
2348 4972 2480 5002 υΙυΙι
2504 4972 2763 5001 ιἰιιιυδιϊ.
2795 4972 2829 4997 ι.
2875 4972 2943 5004 Vl,
2974 4972 3024 4994 ιι.
3059 4972 3149 4994 uo.

1925 4972 2040 5093 (16)
2072 5021 2324 5075 Μᾶλλον
2351 5034 2425 5093 _:_z_.
2452 5018 2572 5093 σοί,
2608 5013 2947 5093 etc.__Nempe
2970 5025 3078 5093 .eos
3114 5006 3428 5093 μόνουςάῶη

1858 5079 2090 5175 θρῶπῶν
2123 5107 2181 5146 se
2203 5106 2301 5160 pro
2335 5089 2441 5143 diis
2471 5088 2671 5142 habere
2699 5079 2901 5141 diserte
2933 5082 3008 5135 ait
3031 5081 3151 5133 loco
3174 5079 3229 5132 in
3254 5091 3426 5145 marg.

1858 5172 2047 5219 citato.

1932 5234 2042 5304 (17)
2072 5230 2286 5304 Μηδέν.
2314 5228 2669 5304 τι-πιιιδείας
2698 5224 2888 5304 τᾷιογτ.
2933 5220 3185 5304 Ipsorum
3197 5288 3208 5299 .
3235 5231 3431 5304 nempe

1859 5288 1970 5359 non
2025 5288 2111 5358 est
2152 5288 2423 5371 quidquid
2473 5300 2531 5371 in
2579 5288 2659 5371 eis
2704 5288 3077 5371 virtut_is.'sed
3116 5288 3235 5371 fati,
3271 5288 3431 5353 cujus

1858 5363 2200 5429 necessitans
2231 5363 2435 5425 vis—eos
2468 5368 2535 5422 ad
2569 5369 2825 5423 virtutem
2851 5363 3199 5417 determinat.

1932 5444 2041 5515 (18)
2077 5442 2387 5496 Γενέσθαι.
2423 5438 2575 5515 Hanc
2604 5451 2792 5515 vocem
2832 5432 3033 5515 addere
3074 5442 3241 5515 ausus
3287 5441 3430 5515 sum,

1864 5496 2138 5585 sine’qua
2189 5526 2417 5585 mancus
2474 5508 2561 5563 hic
2616 5507 2769 5561 locus
2826 5501 3129 5585 videbatur:
3176 5496 3252 5579 Ea
3302 5510 3434 5585 vero

1862 5570 2065 5640 addita.
2106 5584 2288 5637 omnia
2339 5581 2500 5645 plana
2559 5586 2709 5639 sunt,
2753 5573 2915 5629 modo
2962 5570 3276 5645 memineris
3309 5574 3434 5645 post

1862 5638 2196 5727 ἀναφανῆναι
2248 5638 2475 5727 verbum
2532 5638 2817 5719 πέπρωται
2869 5651 3117 5727 repetere
3161 5638 3276 5727 duo
3336 5638 3433 5721 cog

1861 5712 2064 5787 κοινοῦ,
2096 5712 2171 5779 ὀι
2220 5721 2469 5778 similiter
2514 5712 2659 5790 post"
2696 5712 3057 5790 utatcpdvtpﬁs
3091 5712 3185 5765 καὶ
3215 5712 3438 5790 πονηρῷ

1861 5782 2299 5921 ζὲιξλὲιόιὲλάστῳ,
2337 5782 2857 5861 ευδίηῑόΙΙίεεὶιόυῐὴ
2918 5782 3206 5857 πέπρωται
3263 5782 3438 5848 ταῦτα

1861 5884 2136 5938 γενεσναι.
2363 5894 2369 5899 ~
