3938 6518
521 393 626 454 863

1151 392 1428 450 EUSEBII
1464 389 1946 448 CESABIENSIS
1986 389 2081 448 0P1

2184 389 2352 446 PARS
2388 391 2454 448 11.
2497 423 2564 432 -
2598 389 3074 446 APOLOGETICA
3645 395 3736 452 864

520 513 720 570 mentis
749 513 966 570 deditus
991 521 1099 579 est,
1133 521 1194 570 ut
1225 529 1416 585 magus
1457 513 1654 569 evadat
1687 511 1740 585 [a
1773 514 1900 570 fatis
1928 515 2081 570 obve-

2193 513 2394 568 νοστῶν
2435 515 2548 576 τοῖς
2593 512 2666 584 μὴ
2703 513 2832 576 οἵοις
2889 529 2949 566 τε
3000 515 3180 583 τυχεῖν
3197 511 3542 582 διορθώσεως
3563 514 3734 583 ἀρετὴν

520 607 688 680 niet];
717 608 1076 679 similiterque
1109 609 1310 665 sicario
1343 609 1495 676 item,
1525 608 1802 672 nebuloni,
1828 610 2090 678 superbo;

519 711 632 756 tum
661 699 886 756 omnino
920 716 988 756 ex
1040 703 1370 758 necessitate
1419 703 1544 758 talis
1599 701 1723 755 erit.
1757 700 1897 766 Quid
1929 702 2093 770 igitur

516 794 779 848 oberrans
809 793 1205 850 emendationis
1235 809 1342 850 non
1365 794 1658 864 capacibus
1690 796 1939 850 virtutem
1965 811 2090 864 pro-

517 883 710 953 ponis?
731 881 839 937 Aut
860 883 991 954 quid
1027 883 1083 940 in
1127 900 1223 940 eos
1253 885 1660 949 animadvertis,
1691 901 1923 956 quorum
1960 885 2088 952 fata,

517 987 626 1026 non
657 988 786 1028 vero
822 975 1076 1030 voluntas
1111 983 1416 1030 monstrum
1451 976 1644 1031 alunt?
1685 977 1798 1031 lmo
1858 977 2010 1046 quid,
2044 979 2088 1032 si

515 1063 622 1136 ipsi
646 1065 742 1120 tibi
775 1065 901 1121 fatis
924 1075 1008 1122 est
1034 1067 1390 1132 destinatum,
1425 1075 1482 1122 ut
1510 1067 1693 1124 divina
1727 1069 1988 1140 prceditus
2009 1072 2092 1125 in-

513 1149 638 1207 dole
667 1153 1050 1222 imperatorem
1083 1165 1265 1211 mente
1299 1157 1517 1212 sublimi
1572 1158 1879 1228 despicias;
1916 1161 2087 1230 magi—

515 1253 756 1298 strorum
780 1247 996 1302 scholas
1021 1245 1416 1316 frequentasti?
1441 1249 1578 1316 Quid
1597 1249 1828 1312 Arabas.
1863 1249 2093 1322 Babylo-

515 1335 839 1406 niorumque
885 1353 1098 1408 magos,
1154 1347 1206 1392 et
1263 1338 1515 1392 Indorum
1569 1340 1842 1410 sapientes
1873 1343 2091 1398 curiose

511 1427 736 1484 obiisti?
763 1427 956 1482 Omnia
980 1429 1124 1483 enim
1151 1429 1232 1483 vel
1253 1429 1390 1483 citra
1421 1431 1565 1484 illam
1591 1433 2086 1499 conversationem,

511 1533 633 1588 quae
683 1517 806 1575 fatis
859 1527 1044 1574 essent
1072 1519 1310 1583 decreta,
1365 1523 1458 1576 tibi
1519 1539 1777 1595 peragere
1819 1525 2084 1582 licuisset.

513 1607 651 1676 Quid
675 1609 742 1664 iis
781 1611 907 1664 item
946 1627 1085 1680 quos
1119 1611 1298 1666 credis
1329 1612 1434 1667 diis
1467 1615 1697 1670 mellitas
1721 1617 2085 1688 nequidquam

511 1701 789 1768 placentas
829 1699 1094 1772 tburaque
1144 1701 1430 1771 profundis
1489 1706 1553 1773 εί,
1599 1715 1652 1762 et
1715 1709 1930 1778 pietatis
2001 1709 2085 1764 in-

511 1789 686 1845 duens
713 1791 914 1846 larvam
933 1793 1233 1864 discipulos
1263 1796 1328 1848 ad
1353 1811 1544 1866 preces
1583 1807 1897 1854 convertere
1935 1799 2087 1855 labo-

2194 605 2590 678 προκηρύττοις
2609 607 2764 674 (18‘);
2784 606 2853 657 Ἤ
2867 605 2920 657 τί
2949 605 3286 678 καταμέμφῃ
3307 608 3422 669 τοῖς
3435 605 3534 675 τὴν
3551 609 3734 678 μοῖραν,

2193 696 2305 750 ἀλλ’
2331 697 2392 749 οὺ
2445 697 2543 766 τὴν
2606 699 2944 766 προαίρεσιν,
2981 695 3388 760 ἀτοπωτάτοις;
3429 695 3478 748 τί
3509 696 3732 762 δὲκα1,εί

2192 787 2340 858 αὐτῷ
2387 805 2466 840 σοι
2501 788 2777 858 πέπρωτο,
2812 785 2940 856 θείῳ
2982 787 3092 840 δντι
3123 786 3218 856 τὴν
3250 786 3438 856 φύσιν,
3497 788 3734 858 ὑπερᾶραι

2194 879 2456 950 βασιλέως
2485 879 2642 948 δόξης
2693 877 2823 946 (19),
2857 881 2913 942 ἐς
2946 877 3282 931 διδασκάλων
3318 877 3536 948 ἐφοίτας
3557 881 3641 932 καὶ
3666 898 3736 950 φι-

2191 971 2430 1040 λοσίφων
2454 989 2469 1036 ;
2518 972 2574 1023 Ἀ
2585 971 2802 1042 ραόίους
2827 970 2938 1041 (‘20)
2969 987 3028 1023 τε
3051 971 3143 1024 καὶ
3159 969 3517 1024 Βαϐυλωνίων
3541 973 3734 1042 μάγους,

2191 1066 2286 1117 καὶ
2321 1065 2516 1132 σοφοὺς
2548 1063 2722 1116 Ἰνδῶν
2743 1063 3282 1134 ἐπολυπραγμόνεις;
3319 1063 3504 1116 Πάντα
3529 1063 3627 1134 (21)
3648 1065 3734 1137 γάρ

2191 1175 2292 1210 που
2345 1158 2439 1209 καὶ
2503 1159 2600 1228 τῆς
2645 1157 2848 1210 τούτων
2887 1157 3008 1228 δίχα
3037 1156 3322 1218 κοινωνίας
3355 1155 3426 1208 τά
3467 1159 3530 1210 ἐκ
3565 1159 3736 1228 μοιρῶν

2189 1246 2424 1300 ὲτελεῖτό
2465 1263 2565 1300 σοι.
2622 1246 2685 1298 Τί
2719 1245 2773 1298 δὲ
2801 1249 2894 1299 καὶ
2922 1241 3002 1308 οἷς
3039 1245 3280 1317 νομίζεις
3312 1246 3458 1309 θεοῖς
3489 1246 3554 1299 τά
3585 1247 3736 1319 μελιτ-

2189 1339 2404 1400 τοῦντα,
2445 1339 2537 1391 καὶ
2573 1337 2662 1392 τὸν
2719 1337 3008 1391 λιϐανωτὸν
3045 1341 3103 1401 ἐς
3137 1339 3316 1410 μάτην
3353 1339 3578 1409 ῥίπτεις,
3606 1340 3734 1392 εὐσέ-

2189 1429 2340 1485 ϐειάν
2372 1448 2430 1484 τε
2463 1428 2988 1502 ὲπιμορφαζόμενος,
3019 1430 3104 1484 ἐπ’
3133 1431 3299 1500 εὐχὰς
3331 1431 3618 1502 τρέπεσθαι
3635 1433 3734 1496 τοὺς

2193 1523 2440 1594 ἑταίρους
2502 1524 2821 1594 παρορμᾷςς
2875 1523 3036 1586 αὑτός
3085 1539 3144 1574 τε
3184 1521 3508 1593 εὐχόμενος,
3541 1523 3590 1574 τί
3613 1523 3734 1592 παρὰ

2190 1615 2326 1668 θεῶν
2353 1617 2521 1680 αἰτεῖς
2543 1661 2558 1682 ,
2592 1616 2754 1670 ὁπότε
2781 1615 2874 1668 ita).
2901 1615 3104 1668 τούτων
3137 1616 3233 1686 τὴν
3273 1615 3612 1686 εἱμαρμένην
3632 1617 3734 1685 ὁμο-
3829 1613 3832 1622 ’

2188 1707 2362 1776 λογεῖς
2415 1709 2672 1778 κρατεῖν;
2730 1707 2838 1760 Καὶ
2893 1708 2998 1778 μὴν
3051 1706 3177 1770 ἔδει,
3224 1708 3356 1770 τοὺς
3391 1705 3576 1769 ἄλλους
3607 1706 3732 1770 θεοὺς

2190 1799 2696 1870 παραμειψάμενον,
2748 1795 2957 1874 ἀνάγκῃ
3003 1797 3164 1869 μόνον
3197 1799 3294 1851 καὶ
3348 1799 3564 1870 μοίραις
3593 1797 3730 1862 θύειν,

511 1898 602 1937 ras
637 1884 720 1936 “‘i
760 1883 871 1939 [mo
909 1893 962 1940 et
1001 1885 1118 1957 ipse
1157 1895 1409 1957 precatus
1457 1890 1587 1960 quid
1623 1889 1755 1945 deos
1792 1893 2045 1962 exposcis
2069 1934 2081 1956 ,

2191 1890 2402 1944 καὶτοῦ
2443 1891 2564 1954 Διὸς
2617 1891 2780 1944 αὑτοῦ
2835 1891 3031 1962 μᾶλλον
3081 1890 3180 1961 τὴν
3209 1890 3550 1962 εἱμαρμένην
3585 1907 3731 1960 προτι-

510 1973 951 2044 quandoquidem
979 1975 1064 2031 his
1103 1991 1320 2046 quoque
1349 1977 1455 2032 fata
1479 1979 1748 2048 imperare
1770 1981 2089 2035 existimas?

509 2063 674 2133 Atqui
715 2065 1036 2134 oportebat,
1067 2067 1281 2121 caeteris
1310 2067 1415 2121 diis
1469 2068 1710 2130 omissis,
1745 2068 1837 2121 uni
1876 2075 2084 2122 tantum

508 2153 836 2210 Necessitati
865 2156 1168 2228 Parcisque
1198 2177 1312 2216 rem
1347 2160 1587 2213 divinam
1650 2169 1701 2214 te
1758 2160 1955 2224 facere,
1990 2177 2084 2216 su-

509 2260 713 2316 praque
751 2245 938 2304 Jovem
969 2251 1150 2320 ipsum
1193 2252 1441 2308 venerari
1477 2251 1670 2308 fatum.
1733 2250 1808 2305 Ita
1848 2267 1975 2307 vero
2005 2252 2080 2307 dii

508 2337 642 2390 nulli
674 2337 768 2392 tibi
794 2339 1030 2409 amplius
1061 2341 1280 2407 fuerint,
1316 2351 1369 2398 et
1397 2341 1592 2397 merito
1618 2343 1858 2412 quidem,
1893 2349 1952 2397 ut
1989 2343 2081 2412 qui

505 2428 769 2498 prodesse
793 2430 1110 2488 hominibus
1127 2434 1344 2488 valeant
1361 2433 1515 2488 nihil.
1541 2432 1810 2489 Praeterea
1830 2433 1876 2488 si
1905 2433 2084 2490 decre-

505 2531 620 2578 tum
657 2524 779 2589 fuit,
815 2534 872 2581 ut
931 2527 1078 2585 cives
1135 2528 1354 2599 Ephesii
1399 2539 1552 2600 peste
1609 2529 1978 2599 corripiantur
2016 2528 2080 2594 ³⁵,

503 2620 634 2690 quid
669 2621 942 2678 contraria
972 2624 1225 2680 sanciens
1271 2623 1382 2679 fato
1419 2633 1470 2680 te
1502 2624 1712 2694 praebes
1753 2623 2081 2679 adversum?

502 2716 614 2774 ltno
646 2720 918 2788 quomodo
947 2721 1126 2777 vicisti
1161 2721 1352 2787 fatum,
1391 2731 1650 2790 tropzeum
1693 2718 1852 2790 quasi
1890 2718 1956 2772 de
1988 2717 2082 2771 illo

501 2810 788 2866 statuens?
819 2809 875 2864 Si
905 2827 1068 2881 porro
1091 2813 1144 2866 in
1174 2813 1354 2882 puclla
1383 2811 1613 2866 Clotbus
1643 2810 1755 2880 jam
1785 2810 2020 2864 stamina
2039 2809 2082 2838 ³⁵

2194 1985 2319 2054 μᾷν.
2357 1983 2510 2036 Οὕτω
2555 1982 2598 2034 δ’
2653 1983 2715 2036 ἄν
2751 1999 2831 2035 σοι
2875 1981 2985 2034 θεοὶ
3031 1983 3129 2052 μὲν
3161 1981 3345 2034 οὐκέτ’
3379 1981 3445 2034 ἂν
3489 1975 3635 2051 ἦσαν,
3659 1981 3731 2032 καὶ

2189 2075 2430 2136 εἰκότως,
2458 2074 2550 2126 άτε
2591 2075 2723 2144 μηδὲ
2751 2073 3068 2145 ἀνθρώπους
3095 2067 3274 2126 οἷοίτε
3311 2072 3557 2142 ὠφελεῖν.
3601 2071 3728 2124 Ἀλλά

2186 2167 2280 2219 καὶ
2305 2167 2354 2218 εἰ
2386 2165 2672 2235 ἐπέπρωτο
2703 2165 2827 2229 τοὺς
2871 2164 3146 2234 Ἐφεσίους
3177 2163 3389 2218 ἁλῶναι
3422 2163 3588 2234 λοιμῷ
3609 2163 3729 2216 πολί-

2185 2276 2301 2322 τας,
2325 2258 2396 2320 τί,
2417 2257 2672 2310 τάναντία
2701 2255 3026 2327 νομοθετῶν,
3050 2255 3426 2327 παρακρούεις
3455 2255 3546 2325 τὴν
3573 2255 3730 2324 εἱμαρ-

2191 2350 2390 2420 μένην;
2421 2348 2632 2402 Μᾶλλον
2665 2349 2723 2402 δὲ
2759 2349 2874 2412 πῶς
2923 2349 3200 2419 ὑπερῆρας
3241 2346 3346 2417 τὴν
3383 2349 3589 2418 μοῖραν,
3630 2343 3728 2416 ηρό-

2188 2458 2345 2493 ιταιον
2389 2440 2577 2510 ὥσπερ
2631 2443 2746 2495 κατ’
2787 2440 2956 2510 αὐτῆς
3013 2439 3322 2510 άράμενος;
3368 2441 3430 2492 Εἰ
3467 2439 3518 2492 δὲ
3543 2437 3728 2508 καὶτῆς

2189 2531 2444 2596 Κλωθοῦς
2493 2534 2586 2584 ἐπὶ
2621 2536 2686 2604 τῇ
2721 2533 2858 2606 κόρῃ
2881 2534 2938 2585 τὸ
2965 2533 3110 2604 νῆμα
3140 2532 3319 2602 πέρας
3343 2531 3562 2602 εἰλήχει,
3595 2529 3726 2584 πόθεν

2187 2624 2246 2689 ἐξ
2274 2625 2522 2696 ὑπαρχῆς
2547 2625 2686 2694 μετά
2715 2625 2940 2678 θάνατον
2975 2625 3387 2696 ἀναδησάμενος
3414 2629 3490 2696 τῷ
3517 2625 3638 2696 μίτῳ
3657 2624 3725 2676 τὸν

2189 2717 2476 2786 ἄτρακτον,
2523 2718 2783 2782 ζωοποιὸς
2823 2718 2957 2790 αὐτῇ
2992 2719 3431 2789 παραπέφηναςς
3475 2718 3724 2778 Ἀλλ’ίσως

2195 2812 2373 2878 μοῖραι
2401 2811 2494 2862 καὶ
2535 2811 2757 2862 σεαυτὸν
2791 2811 2882 2864 ἐπὶ
2919 2810 3068 2863 ταῦτ’
3096 2807 3249 2882 ἦγον.

501 2905 659 2953 erant
699 2900 1008 2970 absumpta,
1041 2919 1147 2972 quo
1195 2911 1254 2956 tu
1287 2910 1444 2972 pacto
1472 2901 1652 2956 denuo
1695 2907 1816 2970 post
1881 2908 2110 2953 mortem
2149 2900 2268 2968 ejus
2299 2916 2438 2954 novo
2469 2901 2650 2954 colum
2687 2900 2911 2956 induere
2943 2901 3028 2956 filo
3051 2942 3064 2966 ,
3101 2903 3284 2971 illique
3323 2916 3448 2956 esse
3483 2901 3596 2954 vita:
3651 2909 3719 2949 re-

504 2989 728 3046 deuntis
758 2999 952 3046 auctor
975 2994 1240 3062 potuisti?
1263 2991 1368 3046 Sed
1393 3002 1444 3047 te
1474 2991 1729 3046 fortassis
1749 2991 1952 3046 eaedem
1985 2989 2170 3044 Parca:
2201 2989 2268 3042 ad
2299 2991 2412 3044 haec
2437 2992 2642 3060 agenda
2677 2992 2968 3047 ducebant.

1066 3107 1294 3162 CAPUT
1334 3107 1518 3163 XLVI.

574 3195 722 3252 Nihil
765 3199 978 3268 profers
1029 3199 1174 3269 quod
1209 3199 1277 3253 ad
1331 3209 1477 3255 tuam
1526 3199 1692 3256 faciat
1738 3201 2078 3272 dignitatem,

507 3287 778 3358 (nultum
843 3290 1071 3359 abest.)
1130 3293 1222 3362 qui
1277 3301 1567 3362 antequam
1622 3293 1676 3346 in
1724 3309 1925 3363 corpus
1983 3293 2085 3348 hoc

503 3394 656 3435 esses
683 3381 894 3436 delatus
919 3381 984 3445 ³⁸,
1017 3381 1074 3436 in
1106 3397 1317 3446 eorum,
1373 3386 1465 3452 qui
1501 3385 1556 3438 in
1601 3386 1760 3450 mari,
1797 3393 1850 3440 et
1887 3385 2084 3440 ﬂuctus

505 3470 648 3526 inter
699 3479 914 3528 aetatem
975 3482 1350 3537 consumunt,
1419 3467 1470 3530 te
1525 3475 1696 3532 fuisse
1749 3491 1916 3533 censu
1977 3478 2078 3532 ais.

503 3561 708 3634 Nempe
733 3565 1102 3626 necessitatis.
1132 3575 1189 3622 ut
1223 3567 1551 3632 verosimile,
1581 3575 1635 3624 et
1675 3569 1778 3624 hoc
1805 3577 1910 3626 est.
1937 3569 2082 3624 Nihil

503 3671 636 3725 ergo
691 3671 802 3726 quo
853 3657 1272 3714 admirationem
1305 3673 1571 3722 mereare,
1603 3673 1780 3728 neque
1811 3661 2020 3714 natales
2037 3659 2079 3690 ³⁷

499 3749 661 3823 5M
687 3747 762 3800 tui
789 3753 844 3802 et
871 3747 1146 3811 educatio,
1189 3762 1364 3816 neque
1396 3746 1672 3818 encyclios
1703 3746 1991 3816 disciplina
2013 3747 2077 3814 ³³,

503 3849 686 3902 neque
723 3837 847 3892 vitae
880 3852 1051 3906 genus
1071 3838 1629 3906 temperantissimum
1652 3838 1719 3902 ³⁵,
1763 3853 1937 3907 neque
1966 3839 2082 3908 phi-

503 3923 785 3993 losophica
825 3928 1145 3982 exercitatio
1169 3929 1236 3979 "°.
1269 3925 1472 3997 Nempe
1508 3927 1690 3984 fatalis
1727 3929 1892 3983 etiam
1931 3945 2078 3998 quae-

505 4015 636 4076 dam
680 4027 798 4072 erat
821 4021 1149 4084 necessitas,
1181 4035 1324 4090 qua,
1365 4021 1432 4074 ad
1459 4019 1784 4092 Babylonios
1825 4029 1882 4074 nt
1911 4021 2076 4090 profi-

505 4107 796 4172 ciscerere,
831 4120 882 4164 te
904 4111 1166 4179 compulit
1195 4111 1259 4166 δι.
1287 4110 1352 4164 Vi
1389 4111 1518 4166 item
1549 4121 1706 4168 actus
1731 4113 1890 4183 quasi
1919 4111 2078 4167 Indo-

505 4213 628 4252 rum
670 4214 887 4270 quoque
937 4199 1113 4261 factus
1160 4201 1465 4274 discipulus
1493 4217 1554 4258 es
1574 4204 1620 4234 ³³
1652 4213 1744 4258 :et
1793 4203 1861 4258 ad
1908 4202 2077 4274 Egy-

507 4289 743 4362 ptiorum
761 4288 946 4346 Nudos
969 4306 1077 4348 non
1099 4291 1294 4347 electio
1321 4301 1409 4346 tua
1437 4301 1490 4348 et
1508 4293 1790 4363 sapientiae
1809 4283 2072 4360 studium,

2678 3108 3072 3162 ΚΕΦΑΛΑΙΟΝ
3115 3111 3261 3174 Μαι.

2251 3199 2379 3252 Οῠτι
2400 3217 2486 3252 πω
2510 3201 2699 3270 φήσεις
2713 3200 2829 3252 κατ’
2855 3199 3030 3266 ἀξίαν,
3051 3199 3244 3253 πολλοῦ
3265 3217 3334 3268 γε
3351 3199 3447 3264 δεῖ,
3465 3198 3520 3261 ὃς
3535 3195 3626 3264 πρὸ
3643 3195 3718 3262 τῆς

2182 3292 2238 3354 ὲς
2267 3291 2424 3344 τοῦτο
2459 3291 2518 3342 τὸ
2557 3291 2714 3362 σῶμα
2751 3291 2980 3362 παρόδου
3011 3291 3116 3344 τῶν
3147 3294 3202 3344 ἐν
3239 3291 3479 3364 θαλάττῃ
3519 3289 3602 3342 καὶ
3639 3285 3716 3340 κὺ-

2185 3399 2314 3452 μασι
2344 3382 2726 3454 διατριϐόντων
2742 3384 3018 3450 γεγονέναι
3042 3383 3262 3437 σεαυτὸν
3287 3384 3491 3454 λέγεις.
3535 3382 3654 3435 Ἀλλ’
3671 3379 3716 3446 ἐξ

2183 3475 2446 3544 ἀνάγκης,
2500 3474 2576 3536 ὡς
2633 3474 2796 3538 εἰκὸς,
2851 3474 3150 3528 καὶτοῦτο.
3181 3475 3394 3529 Οὔκουν
3439 3473 3713 3543 θαυμάσιος,

2179 3565 2299 3618 οὔτε
2351 3567 2448 3636 τῆς
2499 3564 2718 3638 πρώτης
2763 3567 3028 3634 γενέσεως
3087 3569 3178 3620 καὶ
3219 3567 3451 3638 τροφῆς,
3498 3564 3608 3617 οὒτε
3641 3561 3716 3629 τῆς

2180 3657 2469 3724 ἐγκυκλίου
2498 3657 2763 3720 παιδείας,
2785 3655 2906 3710 οὔτε
2931 3658 3030 3728 τῆς
3055 3658 3113 3710 ὲν
3141 3658 3292 3729 ἀκμῇ
3317 3657 3580 3728 σώφρονος
3599 3655 3714 3720 ἀγω-

2179 3750 2302 3820 γῆς,
2357 3750 2456 3803 ῦὺκ
2507 3752 2786 3821 ἀσκήσεως
2830 3751 2928 3821 τῆς
2975 3753 3032 3802 ἐν
3078 3751 3367 3823 φιλοσοφίᾳ
3408 3751 3534 3823 (22).
3565 3745 3656 3800 Ἦν
3680 3744 3712 3795 δ’

2179 3842 2286 3914 ἄρα
2324 3859 2404 3903 τις
2456 3842 2658 3912 μοιρῶν
2693 3841 2906 3912 ἀνάγκη
2949 3842 3044 3896 καὶ
3083 3844 3139 3905 ἐς
3178 3843 3546 3903 Βαϐυλωνίους
3581 3835 3712 3891 ἐλαύο

2179 3949 2366 3985 νουσα·
2409 3932 2714 4002 ὠθούμενος
2740 3933 2784 3986 δ’
2817 3933 3006 4004 ὥσπερ
3044 3934 3136 3987 καὶ
3181 3933 3288 3987 τῶν
3333 3935 3506 3988 Ἰνδῶν
3528 3929 3712 4000 ὠμίλεις

2182 4026 2382 4091 σοφοῖς,
2419 4024 2512 4076 καὶ
2557 4024 2650 4076 ἐπὶ
2695 4025 2822 4086 τοὺς
2867 4025 3178 4093 Αἰγυπτίων
3209 4027 3264 4079 δὲ
3313 4025 3549 4098 Γυμνοὺς
3575 4019 3706 4089 οὑχή

2179 4115 2512 4186 προαίρεσις,
2551 4115 2656 4168 οὐδ’
2689 4116 2718 4167 ὁ
2743 4115 3060 4185 φιλοσοφίας
3093 4117 3276 4180 πόθος,
3311 4121 3472 4189 μοῖρα
3505 4115 3555 4167 δὲ
3584 4108 3708 4182 ἦγεν.

2178 4205 2415 4274 ἄγχουσα
2463 4207 2556 4258 καὶ
2587 4207 2678 4262 ἐπὶ
2717 4207 2785 4260 τὰ
2831 4208 3080 4279 Γάδειρα,
3127 4209 3220 4262 καὶ
3257 4209 3359 4272 τὰς
3400 4201 3708 4278 Ἡρακλείους

2181 4297 2396 4368 στήλας,
2427 4298 2560 4369 ἑῷόν
2581 4317 2640 4352 τε
2680 4301 2772 4354 καὶ
2802 4302 3052 4372 ἑσπέριον
3091 4302 3338 4355 Ὠκεανὸν
3365 4299 3604 4354 ἀλᾶσθαι·
3635 4291 3708 4346 καὶ

506 4381 602 4436 sed
640 4379 810 4434 fatum
845 4391 896 4436 te
925 4385 1053 4454 egit,
1088 4383 1230 4438 collo
1263 4393 1314 4440 te
1337 4385 1562 4456 adigens
1589 4385 1803 4441 obtorto
1833 4385 2076 4444 Gadibus

2184 4392 2366 4454 αὐταῖς
2405 4393 2694 4462 ἀτράκτοις
2731 4393 2788 4455 ἐς
2826 4393 3000 4463 μάτην
3039 4391 3346 4456 ἐξεϐιάζετο
3389 4385 3706 4461 περιστρέφε-

507 4471 664 4530 etiam
698 4471 1057 4544 Herculisque
1089 4477 1360 4534 columnis
1383 4475 1448 4543 “,
1491 4477 1762 4547 eooque“
1789 4487 1952 4547 atque
1981 4493 2074 4533 oc-

2184 4482 2320 4535 σθαι.
2349 4483 2409 4536 Ei.
2443 4483 2499 4538 δὲ
2525 4483 2588 4554 δὴ
2621 4483 2996 4554 μετειληφέναι
3029 4501 3079 4538 τι
3127 4485 3316 4552 σοφίας
3345 4483 3503 4538 αὑτὸν
3529 4484 3588 4534 ἐκ
3609 4474 3706 4530 τοὺ-

507 4562 670 4618 ciduo
699 4563 915 4620 Oceano
935 4566 979 4598 “
1001 4575 1058 4620 ut
1093 4569 1380 4624 oberrares
1406 4589 1420 4624 :
1451 4571 1678 4640 ipsoque
1713 4569 1839 4624 fuso
1867 4585 1988 4634 suo,
2015 4582 2075 4626 ut

507 4653 656 4708 nullo
685 4656 1052 4712 emolumento
1086 4668 1182 4713 tuo
1210 4660 1338 4714 hinc
1361 4661 1488 4716 inde
1513 4677 1682 4732 vagus
1703 4662 2068 4732 discurreres,

505 4749 560 4800 te
596 4745 796 4815 coegit.
842 4747 1000 4814 Quod
1053 4751 1096 4804 si
1147 4753 1270 4821 quis
1305 4755 1586 4822 sapientiae
1625 4756 1948 4828 participem
1987 4757 2072 4810 fa-

505 4841 654 4888 ctum
681 4835 912 4892 istorum
937 4853 1041 4910 ope
1065 4839 1212 4894 dicat
1239 4856 1361 4895 esse
1381 4859 1396 4908 ;
1419 4843 1538 4911 ejus
1562 4857 1778 4914 quoque
1797 4845 1874 4900 rei
1899 4861 2068 4902 causa

504 4925 673 4980 fatum
714 4927 839 4994 erit,
883 4944 1060 4999 neque
1105 4932 1339 5000 amplius
1373 4932 1455 4985 vir
1499 4934 1588 4988 ille
1638 4936 1690 4988 in
1721 4935 1808 4998 iis,
1849 4937 1942 5006 qui
1990 4939 2069 4992 di-

503 5017 690 5072 scendi
739 5019 922 5074 studio
981 5019 1210 5085 fervent,
1273 5023 1610 5092 censebitur,
1645 5039 1822 5096 neque
1871 5029 2066 5084 merito

572 5195 627 5266 ’ξ
655 5196 752 5252 lib.
785 5213 830 5260 1,
863 5212 917 5254 c.
951 5197 1040 5255 5L
1069 5201 1198 5255 coll.
1233 5201 1330 5256 lib.
1365 5219 1418 5266 I,
1455 5219 1504 5256 c.
1543 5204 1590 5258 1.

502 5278 553 5318 c.
583 5264 674 5323 25.

483 5335 548 5388 .“
587 5334 683 5390 lib.
719 5353 818 5404 ut,
869 5355 920 5396 c.
955 5334 1043 5396 16.
1155 5341 1200 5374 ⁸³
1241 5343 1333 5397 lib.
1371 5361 1432 5408 ν,
1470 5361 1520 5400 c.
1559 5346 1584 5400 1

733 5521 1194 5600 Εροκτφύττομ.
1223 5523 1830 5600 Γοτῑζελπροκηρύττεις.
1865 5530 2017 5587 Enn.

507 5585 703 5670 μιιογ
731 5585 1045 5670 ςῨπερᾶριιι
1085 5585 1296 5670 βασιλ.
1335 5585 1762 5670 δᾴξξηηὲὲρὶρίι
1789 5585 1876 5654 ἰιι]
1923 5585 2073 5670 gesta

507 5661 578 5708 im
601 5661 776 5710 irimis
803 5674 926 5712 cum
953 5661 1276 5729 Domitiano,
1303 5665 1422 5720 vide
1453 5669 1573 5722 libri
1599 5661 1713 5734 vin,
1745 5685 1866 5740 cap.
1900 5661 2069 5726 l'et‘2.

579 5671 688 5794 (20)
735 5727 1048 5794 Ἀραϐίους.
1137 5733 1342 5790 Morcll.
1410 5737 1465 5791 in
1519 5739 1764 5794 margine
1824 5743 2069 5794 aserinsit

521 5723 1048 5864 Ἆξὲιὲῖἐῇραϐίους.
1137 5723 1342 5790 Morcll.
1410 5737 1465 5791 in
1519 5723 1764 5810 margine
1811 5723 2074 5811 ‘aseripsit

785 5213 830 5260 ι,
863 5212 917 5254 c.
951 5205 1040 5255 51.
1069 5205 1198 5255 coll.
1233 5205 1330 5256 lib.
1365 5219 1418 5266 ι,
1455 5219 1504 5256 c.
1543 5205 1590 5258 Ι.
1669 5205 1714 5236 ³³
1753 5205 1846 5260 lib.
1879 5224 1954 5270 IV,
1989 5223 2039 5262 c.

770 5267 814 5299 ³⁷
861 5269 933 5304 lih
991 5287 1004 5304 ι
1077 5286 1106 5304 η
1168 5271 1254 5304 LK
1355 5273 1396 5304 88
1441 5276 1512 5304 In.
1570 5291 1582 5304 Ι
1649 5289 1676 5304 η
1733 5275 1762 5304 ’τ
1861 5278 1902 5304 ι
1945 5280 2016 5304 ιιι.

2263 5209 2307 5242 ³⁵
2349 5211 2442 5264 lib.
2481 5228 2563 5275 IV,
2593 5228 2643 5266 c.
2686 5214 2768 5267 I0.
2847 5215 2892 5246 ³⁵
2933 5215 3024 5270 lib.
3061 5231 3149 5276 tv,
3183 5232 3234 5271 c.
3271 5217 3358 5274 45.

2204 5295 2229 5304 ι.
2307 5281 2370 5304 la
2405 5283 2465 5304 ιη
2563 5283 2608 5304 ut
2677 5283 2745 5304 ιεμ
2808 5300 2820 5304 -
2898 5301 2915 5304 -
2973 5285 3002 5304 n
3044 5299 3079 5304 ,-
3124 5287 3177 5304 ιι
3282 5289 3320 5304 ,ι
3365 5289 3396 5304 ι-

857 5269 952 5324 lib.
991 5287 1042 5337 ι,
1077 5286 1128 5326 c.
1163 5271 1272 5326 4—5.
1355 5273 1396 5304 ιε
1439 5276 1532 5328 ιω.
1570 5289 1696 5340 ι,‹;.
1733 5275 1784 5330 7.
1861 5278 1902 5310 ³ο
1944 5269 2038 5334 ιιι).
2090 5295 2141 5344 ι,
2201 5295 2251 5336 c.
2304 5281 2486 5336 ιε-ιδ.
2551 5269 2608 5314 ἰο
2674 5283 2770 5338 ιιι).
2807 5300 2856 5348 ι,
2889 5269 3004 5340 οζε
3031 5299 3086 5341 ει
3119 5269 3207 5342 ιιζ
3281 5269 3456 5343 ἱίίιικ
3487 5303 3520 5349 ι,
3552 5297 3594 5336 c.
3627 5277 3694 5330 ιδ.

869 5355 920 5396 c.
955 5339 1043 5396 16.
1155 5341 1200 5374 ⁸³
1241 5343 1333 5397 lib.
1371 5361 1432 5408 ν,
1470 5361 1520 5400 c.
1559 5346 1584 5400 1
1691 5345 1735 5376 *⁸⁵
1773 5347 1868 5402 lib.
1901 5365 1996 5414 tu,
2031 5367 2080 5406 c.
2115 5350 2202 5409 66.
2279 5351 2324 5384 ⁸⁸
2365 5352 2460 5406 lib.
2493 5369 2554 5422 ν,
2589 5368 2636 5407 c.
2676 5353 2765 5407 47.
3285 5385 3288 5388 ι

2179 4591 2285 4626 των
2324 4575 2464 4626 εῖποι
2510 4591 2614 4638 τις,
2661 4579 2822 4646 μοῖρα
2865 4577 2960 4628 καὶ
3001 4575 3203 4628 τούτων
3243 4576 3410 4638 αἰτία,
3445 4575 3531 4627 καὶ
3560 4566 3704 4623 οὐκέτ’

2176 4665 2240 4718 ἂν
2273 4667 2328 4718 ὲν
2357 4665 2704 4737 φιλομαθέσιν
2731 4670 2759 4720 ό
2791 4667 2924 4738 ἀνὴρ
2969 4667 3337 4738 καταλεχθείη,
3363 4667 3470 4720 οὐδ’
3507 4663 3566 4717 ἂν
3585 4655 3704 4713 εὐλό-

2175 4777 2286 4828 γως
2329 4760 2688 4831 θαυμασθείη,
2729 4761 2827 4830 τῆς
2875 4763 2934 4814 οὐ
2969 4760 3111 4814 κατά
3151 4761 3397 4832 γνώμην,
3433 4757 3557 4813 ἀλλὰ
3591 4749 3702 4806 κατὰ

2173 4851 2415 4920 ἀνάγκην
2463 4850 2611 4920 αὐτῷ
2657 4850 3009 4922 πορισθείσης
3061 4851 3396 4920 φιλοσοφίας.
3434 4853 3514 4904 Ἐν
3559 4847 3642 4913 ἴσῳ
3666 4839 3700 4892 δ’

2176 4939 2240 4992 ἂν
2289 4941 2704 5011 συγκρινόμενος
2749 4942 2833 5010 εἴη
2883 4943 3002 4994 κατ’
3031 4943 3191 4995 αὑτὸν
3235 4944 3544 5015 Πυθαγόρας
3571 4933 3702 4996 αὐτὸς

2175 5030 2266 5084 καί
2319 5047 2370 5082 τι
2421 5030 2720 5102 τερατῶδες
2781 5034 2874 5086 καὶ
2925 5033 3330 5104 ἀπερριμμένον
3387 5027 3697 5104 ἀνδράποδον

3435 5217 3475 5248 ³⁸
3509 5213 3590 5267 lib.
3620 5222 3694 5262 In.

2249 5537 2360 5611 (‘2!)
2393 5537 2610 5611 Πάντα.
2645 5538 2853 5611 Morell.
2889 5541 2943 5594 in
2979 5541 3222 5611 margine
3247 5541 3408 5598 habet
3431 5540 3634 5595 πάντως·

2254 5607 2361 5684 (τὶξέδ.)
2410 5609 2749 5684 Ἀσκῄσεως
2773 5609 2882 5684 τῆς
2911 5612 2980 5664 ἐν
3005 5607 3352 5682 φίλὀσορίςι.
3387 5611 3589 5684 Maxime

2180 5671 2317 5752 spici
2345 5671 2484 5752 'puto
2510 5671 2588 5752 ad
2614 5671 2930 5752 exercitium
2997 5671 3266 5752 perpetuae
3304 5671 3627 5752 abstinentia,
3645 5671 3683 5752 fl

2181 5747 2921 5828 Wall-991%“Pythagorica,
2971 5747 3036 5807 de
3083 5747 3282 5824 quibus
3335 5755 3450 5808 vide
3497 5751 3594 5802 locn
3643 5749 3686 5789 III

2183 5825 2420 5888 margine
2449 5825 2630 5872 citata.
