3938 6512
1353 412 1551 467 LIBER
1589 406 1866 467 CONTRA
1904 394 2323 470 ntEROCLEM.

3377 422 3482 480 866

243 534 527 606 Σωκράτης
570 532 615 585 δ’
649 532 809 598 αὐτὸς
842 533 1157 604 φιλοσοφίας
1189 531 1689 606 ὑπεραποθνήσκων
1720 549 1789 586 κα

1912 533 2369 595 existimationem
2418 543 2789 607 consequetur
2824 538 2896 593 ob
2930 539 3276 610 sapientiam,
3313 552 3479 615 quant

239 629 292 681 οἱ
319 624 495 678 τοῦτον
524 622 753 678 Θανάτου
774 624 922 689 ἀξιον
945 622 1284 696 γραψάμενοι
1302 640 1316 654 ο
1340 624 1596 693 Διογένης
1622 639 1681 675 τε
1715 623 1806 676 καὶ

235 718 308 771 τὰ
352 716 647 786 Ἀθηναίων
696 717 972 788 μειράκια.
1008 717 1118 770 Καὶ
1152 716 1336 779 ἁπλῶς
1364 717 1538 769 εἰπεῖν
1564 716 1593 768 ό
1633 714 1808 786 σοφώ⁴

233 825 394 871 τατος
421 807 520 860 οὐκ
541 806 610 860 ἂν
642 806 882 880 διαφέροι
912 808 1006 862 τοῦ
1048 809 1469 882 ἀφρονεστάτου,
1509 811 1604 864 καὶ
1629 813 1657 864 ὁ
1689 811 1805 864 ἀδι-

233 899 471 960 κώτατος
497 896 591 952 τοῦ
623 897 984 964 δικαιοτάτου,
1020 901 1048 953 ὃ
1071 917 1130 953 τε
1158 900 1448 964 ἀκόλαστος
1474 900 1567 954 τοῦ
1594 917 1803 972 σωφροο

232 989 506 1053 νεστάτου,
536 988 630 1042 καὶ
655 990 683 1041 ὁ
712 989 1014 1054 δειλότατος
1045 990 1138 1045 τοῦ
1180 992 1575 1063 ἀνδρειοτάτου,
1610 994 1803 1063 εἱμαρ-

234 1077 404 1150 μένης
431 1077 524 1131 καὶ
558 1080 763 1150 μοιρῶν
808 1081 1075 1150 παιγνίων
1107 1080 1310 1149 τούτων
1338 1082 1593 1136 ἁπάντων
1616 1082 1804 1137 ἀναδε-

229 1168 546 1240 δειγμένων.

1915 640 2022 678 non
2052 624 2319 679 electione
2346 639 2467 689 sua,
2497 627 2590 682 sed
2622 627 2952 684 necessitate
2969 627 3169 686 ductus
3202 631 3307 687 sibi
3338 648 3484 688 com-

1913 717 2144 787 paravit.
2173 715 2505 787 Eademque,
2524 717 2680 787 juxta
2713 734 2838 773 eum
2868 719 2916 777 si
2945 723 3284 791 comparatio
3315 723 3478 780 insti-

1909 814 2115 873 tuatur,
2156 808 2294 862 ratio
2335 809 2443 863 erit
2481 809 2654 878 ipsius
2697 809 3059 882 Pythagorae,
3107 821 3162 868 et
3214 814 3479 886 mancipii

1909 899 2141 969 alicujus
2165 900 2457 971 praestigiis
2486 901 2678 965 dediti,
2718 909 2771 956 et
2799 903 3005 958 nullius
3037 903 3197 973 pretii
3231 920 3245 957 :
3276 904 3481 973 ipsius-

1907 1006 2015 1062 que
2050 990 2295 1047 Socratis
2321 1000 2549 1047 mortem
2586 1007 2684 1061 pro
2711 993 3053 1064 philosophia
3082 995 3393 1066 oppetentis
3423 1004 3480 1050 et

1906 1098 2095 1138 eorum
2123 1083 2215 1152 qui
2243 1098 2366 1137 eum
2389 1084 2607 1153 capitali
2633 1086 2900 1155 supplicio
2922 1086 3263 1141 adiciendum
3287 1087 3480 1143 decre-

1905 1181 2101 1228 verunt
2127 1191 2141 1227 :
2170 1170 2423 1244 Diogenis
2447 1174 2577 1228 item
2609 1181 2663 1228 et
2693 1175 2996 1230 Atticorum
3038 1176 3481 1233 adolescentulo-

228 1276 377 1317 rum.
420 1259 596 1333 thue
651 1267 843 1336 paucis
884 1267 1160 1322 absolvam
1191 1308 1208 1334 ,
1266 1268 1702 1338 sapientissimus
1748 1276 1803 1323 et
1859 1265 2252 1322 stolidissimus
2311 1266 2621 1322 mortalium
2688 1267 2827 1322 nihil
2900 1268 3170 1333 different,
3206 1270 3342 1325 nihil
3391 1272 3478 1325 in.

221 1356 566 1426 iustissimus
633 1362 973 1430 maximeque
1008 1363 1216 1433 justus,
1250 1365 1490 1420 lascivus
1554 1364 1788 1419 maxime
1818 1370 1872 1419 et
1909 1361 2438 1426 continentissimus,
2500 1362 2881 1420 timidissimus
2929 1371 2985 1421 et
3014 1365 3347 1424 fortissimus
3390 1369 3477 1424 di-

227 1451 472 1517 stabunt,
502 1454 548 1508 si
598 1470 695 1511 eos
735 1471 927 1512 omnes
974 1457 1320 1513 necessitatis
1370 1466 1420 1514 et
1454 1457 1549 1511 fati
1586 1471 1794 1511 merum
1835 1462 2201 1533 constetesse
2233 1455 2551 1511 ludibrium.

738 1568 1133 1624 ΚΕΦΑΛΑΙΟΝ
1166 1568 1300 1627 ΜΖ’.

311 1654 469 1708 Ἀλλά
498 1655 608 1730 γὰρ
636 1659 770 1731 πρὸς
803 1660 976 1714 ταῦτα
1002 1664 1031 1715 ὁ
1061 1662 1236 1733 κήρυξ
1259 1661 1358 1732 τῆς
1390 1660 1643 1732 ἀληθείας
1672 1658 1796 1732 βοή-

225 1762 399 1814 σεται,
451 1747 655 1817 λέγων·
692 1747 761 1805 Ὦ
806 1753 1100 1824 ἄνθρωποι,
1139 1754 1329 1825 θνητὸν
1374 1756 1467 1807 καὶ
1512 1753 1797 1824 ἐπίκαιρον

2432 1564 2658 1621 CAPUT
2697 1565 2905 1622 XLVII.

1974 1655 2078 1713 Sed
2108 1657 2251 1713 enim
2293 1666 2484 1712 contra
2526 1658 2641 1713 haec
2664 1674 2843 1729 praeco
2875 1658 3123 1715 veritatis
3161 1657 3474 1717 inclamabit

1894 1747 2123 1804 dicens:
2159 1745 2305 1802 Heus
2332 1747 2601 1812 homines,
2639 1750 2869 1804 mortale
2912 1759 2965 1804 et
2999 1751 3179 1821 exigui
3215 1753 3472 1819 temporis

220 1838 401 1906 γένος,
442 1843 534 1893 ποῖ
562 1840 627 1912 δὴ
680 1843 929 1916 φέρεσθε,
977 1846 1069 1899 τὸν
1114 1846 1215 1916 τῆς
1262 1848 1528 1919 ἀκρασίας
1566 1848 1789 1919 ἄκρατοι

1902 1853 2093 1905 genus,
2128 1851 2238 1906 quo
2272 1835 2510 1890 l'erimini
2544 1837 2959 1894 incontinentiae
3000 1855 3149 1895 mero
3175 1841 3347 1895 ebrii?
3377 1842 3473 1898 de-

220 1928 541 1999 ὲμπιόντεςς
580 1931 775 2004 λήξατέ
824 1953 975 2000 ποτε,
1007 1938 1099 1991 καὶ
1143 1938 1435 2011 διανήψατε
1469 1940 1565 2012 τῆς
1611 1940 1798 2011 μέθης.

219 2021 319 2073 καὶ
345 2020 583 2085 διανοίας
627 2024 806 2096 ὀρθοῖς
836 2025 1044 2096 ὄμμασι
1082 2027 1144 2082 τὸ
1184 2031 1377 2101 σεμνὸν
1409 2032 1507 2102 τῆς
1549 2031 1802 2104 ἀληθείας

219 2111 613 2182 ἑνοπτρίσασθε
638 2115 946 2187 πρόσωπον.
975 2119 1049 2171 Οὐ
1074 2119 1229 2190 θέμις
1256 2120 1511 2191 ἀλήθειαν
1548 2121 1801 2192 πολεμεῖν

215 2204 391 2276 ἑαυτῇ
427 2206 519 2259 καὶ
554 2206 858 2277 μάχεσθαι·
896 2209 1015 2262 οὐδὲ
1062 2210 1207 2265 δυοῖν
1237 2214 1641 2267 ὲναντιωτάτοιν
1673 2215 1800 2284 μίαν

217 2294 519 2362 ὑφεστάναι
556 2298 650 2350 καὶ
688 2299 785 2369 τὴν
819 2300 986 2371 αὐτὴν
1016 2302 1212 2356 αἰτίαν.
1240 2304 1349 2374 Τῆς
1377 2303 1469 2357 τοῦ
1501 2302 1636 2358 Θεοῦ
1670 2323 1802 2377 προ-

214 2385 369 2447 νοίας
399 2386 470 2440 τὰ
504 2387 679 2442 πάντα
713 2391 1037 2463 κρατούσης,
1063 2392 1223 2457 θείοις
1257 2394 1369 2464 (25)
1400 2394 1585 2465 νόμοις
1623 2395 1800 2449 διατέ-

215 2492 418 2530 τακται
452 2477 513 2531 τὸ
545 2481 673 2535 πᾶν.
719 2480 1047 2553 Ἀνθρώπων
1077 2500 1135 2535 τε
1168 2482 1344 2555 ψυχῆς
1375 2486 1500 2556 ὅρος
1545 2486 1803 2557 αὐτοκρά-

213 2568 353 2637 τορά
383 2584 446 2621 τε
497 2571 591 2623 καὶ
635 2574 851 2643 κριτὴν,
894 2574 1132 2644 ἡγεμόνα
1180 2591 1238 2627 τε
1275 2575 1368 2628 καὶ
1411 2575 1595 2647 κύριον
1640 2575 1800 2630 αὑτὸν

214 2660 417 2713 ἑαυτοῦ
469 2663 783 2735 καθίστησι·
819 2669 1067 2735 φυσικοῖς
1115 2667 1298 2738 νόμοις
1357 2669 1452 2721 καὶ
1501 2668 1799 2737 φιλοσόφων

210 2747 485 2821 δόγμασιν
505 2753 853 2817 ἐκδιδάσκων,
881 2757 955 2821 ὡς
974 2756 1080 2829 ἄρα
1100 2758 1207 2812 τῶν
1235 2759 1401 2813 ὄντων
1425 2758 1492 2812 τὰ
1519 2760 1619 2830 μὲν
1652 2759 1797 2813 ἔστιν

212 2843 300 2912 ἐφ’
326 2847 479 2916 ἡμῖν,
514 2846 582 2900 τὰ
619 2847 674 2901 δὲ
717 2848 815 2901 οὐκ
849 2850 933 2918 ἐφ’
966 2850 1113 2921 ἡμῖν.
1151 2850 1260 2903 Καὶ
1300 2849 1380 2919 ἐφ’
1413 2852 1544 2922 ἡμῖν
1578 2851 1673 2921 μὲν
1700 2851 1798 2903 ὅσα

211 2935 415 3002 γένοιτ’
444 2935 509 2990 ἂν
534 2938 675 2991 κατά
702 2940 1017 3011 προαίρεσίν
1039 2958 1097 2993 τε
1132 2940 1224 2993 καὶ
1257 2939 1454 3012 πρᾶξιν
1482 2940 1614 3011 (24),
1648 2938 1681 2993 ἃ
1705 2940 1798 2992 καὶ

210 3024 377 3095 φύσει
408 3027 668 3101 ἐλεύθερα
698 3029 830 3099 (25),
866 3030 1136 3095 ἀκώλυτα,
1176 3030 1626 3101 ἀπαρεμπόδιστα
1666 3045 1796 3097 τυγ-

211 3116 391 3185 χάνει’
413 3117 483 3171 τά
499 3119 555 3172 δὲ
574 3120 675 3173 οὐκ
696 3121 778 3190 ἐφ’
795 3124 926 3191 ἡμῖν
946 3121 1165 3192 ἀσθενῆ,
1182 3120 1362 3184 δοῦλα,
1386 3119 1620 3184 κωλυτά,
1645 3119 1798 3173 ἀλλό-

1902 1931 2066 1991 εἱηὶιο
2103 1929 2343 1993 demum,
2372 1944 2403 1984 e
2430 1931 2654 2001 crapula
2688 1932 3150 2003 expergiscimini,
3195 1936 3472 2005 rectisque

1902 2021 2099 2077 mentis
2131 2020 2307 2075 oculis
2332 2028 2621 2091 augustam
2654 2023 2903 2077 veritatis
2932 2023 3219 2079 intuemini
3252 2027 3468 2081 faciem.

1900 2108 2006 2167 Fas
2037 2112 2179 2166 enim
2208 2127 2318 2168 non
2346 2122 2425 2169 est
2466 2113 2567 2167 sibi
2595 2113 2695 2183 ipsi
2730 2126 3033 2184 repugnare
3059 2116 3368 2183 veritatem,
3404 2131 3469 2172 ac

1901 2218 1930 2256 a
1957 2217 2015 2259 se
2037 2203 2351 2260 dissentire.
2377 2202 2562 2275 Neque
2586 2204 2798 2259 duobus
2821 2206 2963 2259 inter
2992 2220 3051 2261 se
3079 2207 3314 2263 maxime
3333 2223 3468 2262 con-

1900 2294 2087 2349 trariis
2118 2310 2281 2349 unam
2315 2293 2670 2366 eamdemque
2719 2310 2941 2350 causam
2986 2297 3232 2353 subesse.
3266 2298 3470 2353 Divinze

1909 2384 2269 2442 Providentiae
2296 2389 2477 2442 omnia
2507 2387 3085 2459 continentislegibus
3124 2389 3323 2446 divinis
3356 2393 3471 2447 uni.

1900 2495 2120 2535 versum
2154 2480 2257 2535 hoc
2297 2479 2524 2551 regitur.
2559 2478 2787 2535 Deﬁnita
2818 2488 2997 2536 autem
3042 2482 3237 2537 animae
3276 2483 3471 2538 huma-

1900 2585 1985 2624 ηαξ
2035 2573 2312 2640 potentia,
2358 2569 2659 2640 principem
2702 2585 2826 2625 eum
2868 2585 2932 2624 ac
2965 2570 3245 2640 judicent,
3298 2584 3472 2629 recto-

1899 2678 2013 2716 rem
2071 2671 2125 2717 et
2174 2661 2453 2716 dominum
2486 2662 2571 2716 sui
2602 2661 2775 2732 ipsius
2821 2664 3105 2719 constituit
3135 2664 3328 2733 :juxta
3368 2681 3468 2719 na-

1899 2760 2036 2807 tura:
2065 2753 2210 2824 leges
2239 2760 2292 2807 et
2340 2752 2787 2824 philosophorum
2840 2755 3038 2826 placita
3085 2771 3207 2811 eum
3238 2758 3465 2821 docens,

1898 2860 2080 2899 rerum
2130 2844 2266 2898 alias
2313 2859 2437 2899 esse
2470 2844 2527 2899 in
2576 2850 2845 2916 potestate
2886 2855 3098 2912 nostra,
3162 2849 3299 2904 alias
3336 2866 3467 2905 vero

1900 2946 2006 2987 non
2040 2948 2182 2987 esse.
2215 2928 2374 3004 545
2391 2930 2455 2986 Et
2477 2932 2533 2986 in
2556 2942 2742 2988 nostra
2786 2934 3004 3004 quidem
3037 2943 3306 3007 potestate
3336 2954 3461 2995 esse

1899 3026 2075 3094 posita
2109 3025 2289 3078 omnia
2318 3039 2442 3095 qua:
2471 3025 2539 3078 ab
2570 3026 2834 3081 electione
2862 3034 3051 3081 nostra
3073 3038 3125 3082 et
3152 3031 3467 3098 operatione

1899 3115 2159 3185 pendent,
2190 3131 2313 3170 cum
2352 3118 2552 3185 quibus
2579 3125 2630 3171 ct
2666 3118 2738 3170 ita
2773 3133 2802 3171 a
2843 3126 3041 3172 natura
3085 3126 3464 3189 comparatum

209 3222 361 3278 τρια,
381 3206 420 3261 ἃ
449 3209 545 3261 καὶ
567 3209 694 3281 περὶ
721 3209 782 3262 τὸ
807 3198 1093 3281 σι“ῖ›μα,’>ιαλ¹
1114 3210 1181 3264 τά
1201 3210 1373 3277 ἐκτὸς,
1396 3211 1578 3282 ἄψυχά
1592 3227 1649 3262 τε
1670 3210 1789 3264 ὄντα

1899 3216 2003 3275 est,
2057 3217 2116 3262 ut
2156 3210 2325 3264 libera
2380 3211 2511 3278 sint,
2562 3225 2662 3265 nec
2698 3210 2973 3281 prohiberi
3006 3226 3037 3265 a
3088 3212 3343 3282 quapiam
3380 3213 3464 3268 vel

208 3301 302 3352 καὶ
323 3299 518 3369 ἄλογα,
537 3301 632 3354 καὶ
645 3301 817 3372 πάντη
834 3301 931 3373 τῆς
953 3301 1087 3365 ἰδίας
1098 3300 1191 3354 τοῦ
1203 3301 1419 3369 λογικοῦ
1436 3302 1573 3367 ζώου
1588 3302 1799 3371 φύσεως

206 3391 503 3465 ἀλλοτρίαν
533 3392 632 3463 τὴν
652 3392 945 3446 ὑπόστασιν
972 3392 1105 3463 ἔχει.
1127 3392 1246 3446 Τῶν
1272 3394 1315 3447 δ’
1339 3393 1569 3464 ἐφ’ἡμῖν
1585 3395 1683 3465 τὴν
1707 3395 1799 3447 ἐπὶ

210 3486 417 3560 θάτερα
443 3486 619 3560 ὁρμὴν
645 3488 845 3561 ἀρετῆς
877 3506 936 3540 τε
965 3489 1058 3541 καὶ
1088 3489 1288 3552 κακίας
1311 3489 1543 3552 ἕκαστος
1566 3491 1624 3541 ἐν
1656 3490 1795 3562 αὐτῇ

207 3579 475 3651 κέκτηται
503 3581 835 3652 προαιρέσει.
867 3582 977 3634 Καὶ
1008 3580 1068 3634 τὸ
1101 3581 1199 3652 μὲν
1234 3581 1343 3635 τῶν
1368 3582 1504 3635 ὅλων
1534 3581 1794 3646 δεσπόζον

206 3685 263 3725 τε
298 3673 402 3727 καὶ
427 3671 730 3743 ἡγεμονοῦν
769 3671 970 3730 εὐθέως
1009 3673 1254 3742 περαίνει
1283 3672 1418 3743 (26),
1454 3672 1596 3726 κατά
1630 3673 1790 3742 φύσιν

208 3761 737 3834 περιπορευόμενον·
769 3760 890 3831 τῷδ’
910 3760 1018 3814 αἰεὶ
1046 3762 1333 3815 συνέπεται
1357 3762 1501 3833 δίκη,
1531 3762 1639 3815 τῶν
1664 3764 1792 3819 ἀπο-

204 3848 553 3923 λειπομένων
580 3851 673 3905 τοῦ
704 3849 846 3904 θείου
870 3852 1033 3923 νόμου
1068 3851 1306 3923 τιμωρός
1325 3867 1339 3882 ο
1375 3850 1484 3904 τῶν
1510 3851 1555 3905 δ’
1580 3852 1671 3905 ἐπὶ
1691 3854 1789 3918 τάς

206 3945 440 4015 πράξεις
490 3943 675 4015 ὁρμῶν
724 3943 785 3996 οὐ
834 3944 1054 4015 μοίρας,
1103 3942 1225 3996 οὐδὲ
1267 3943 1627 4015 εἱμαρμένης,
1679 3943 1786 3997 οὐδ’

205 4034 455 4106 ἀνάγκης
501 4034 648 4088 αἰτία
684 4034 814 4105 (27ν
850 4034 1000 4087 αίτία
1038 4032 1292 4104 ἑλομένου
1315 4050 1330 4063 ·
1365 4032 1497 4097 Θεὸς
1524 4033 1783 4098 ἀναίτιος.

1898 3297 2145 3367 ἱιιιρριίίτὶ
2177 3306 2401 3369 queant.
2441 3299 2572 3366 Quae
2599 3315 2726 3356 vero
2756 3300 2811 3355 in
2843 3307 3113 3371 potestate
3142 3310 3328 3358 nostra
3354 3318 3467 3359 non

1894 3398 2045 3454 sunt,
2077 3407 2141 3445 ea
2181 3392 2395 3446 intlrma
2440 3400 2591 3457 sunt,
2636 3393 2873 3448 obnoxia
2917 3392 3188 3456 servituti,
3220 3395 3465 3465 nihilque

1894 3480 1962 3534 ad
1987 3495 2088 3535 nos
2113 3483 2366 3547 attinent,
2393 3482 2461 3537 ad
2492 3498 2691 3554 corpus
2721 3484 3050 3554 pertinentia
3077 3491 3132 3539 et
3162 3499 3252 3541 res
3280 3493 3463 3539 exter-

1890 3587 2012 3634 nas,
2050 3574 2232 3629 animo
2262 3580 2317 3629 et
2363 3577 2575 3630 ratione
2606 3575 2887 3641 destituta,
2922 3586 3084 3646 atque
3132 3577 3354 3633 omnino
3377 3577 3462 3632 di-

1891 3680 2105 3723 versam
2144 3682 2175 3721 a
2205 3674 2403 3722 natura
2431 3667 2684 3724 animalis
2723 3669 2932 3724 ratione
2963 3669 3177 3738 praediti
3207 3654 3489 3724 naturam'

1896 3756 2168 3817 habentia.
2206 3758 2267 3814 In
2298 3760 2379 3816 eis
2405 3775 2538 3816 vero
2561 3775 2684 3832 qua:
2709 3768 2838 3817 sunt
2874 3761 2926 3815 in
2955 3768 3220 3831 potestate
3247 3768 3459 3827 nostra,

1890 3848 1957 3903 ad
2000 3851 2317 3906 alterutram
2349 3859 2557 3922 partem
2590 3850 3030 3922 propensionem,
3059 3850 3147 3906 vel
3189 3866 3312 3906 cum
3341 3852 3458 3905 vir-

1889 3949 2023 4008 tute,
2074 3943 2157 3997 vel
2195 3958 2319 3999 cum
2350 3943 2483 3999 vitio
2533 3943 2903 4013 conjunctam,
2944 3942 3001 3998 in
3046 3942 3311 3999 electione
3357 3956 3459 3998 sua

1889 4035 2269 4103 unusquisque
2288 4036 2521 4106 positam
2553 4034 2734 4089 habet.
2767 4031 2941 4090 Porro
2984 4042 3162 4089 autem
3195 4033 3458 4089 Dominus

205 4136 258 4182 et
286 4134 481 4184 rector
531 4127 775 4181 omnium
818 4138 965 4184 recta
994 4130 1210 4184 ratione
1257 4127 1471 4198 singula
1536 4126 1810 4197 transigit,
1852 4143 1948 4197 per
2014 4129 2329 4184 universam
2375 4144 2692 4185 commeans
2732 4134 3006 4183 naturam.
3037 4125 3196 4183 Hunc
3237 4127 3457 4185 assidue

204 4220 459 4289 sequitur
494 4216 765 4283 Nemesis,
798 4234 986 4273 eorum
1053 4220 1145 4290 qui
1189 4233 1217 4273 a
1260 4218 1445 4273 divina
1506 4217 1624 4288 lege
1675 4216 2034 4273 discesserint
2072 4218 2290 4273 vindex.
2324 4218 2407 4272 Ad
2443 4218 2712 4289 agendum
2762 4226 2939 4271 autem
2981 4215 3126 4286 quod
3191 4214 3453 4283 feramur,

206 4324 312 4365 non
351 4310 410 4364 in
442 4307 632 4365 Parcis
666 4307 842 4365 fatove
885 4318 940 4365 et
982 4311 1313 4366 necessitate
1343 4316 1427 4365 est
1455 4309 1638 4379 culpa,
1681 4308 1777 4364 sed
1815 4308 1975 4380 culpa
1999 4317 2084 4367 est
2112 4310 2168 4365 in
2199 4310 2468 4381 eligente;
2502 4309 2645 4366 Deus
2672 4309 2823 4365 omni
2857 4309 3017 4377 culpa
3049 4315 3228 4364 vacat.

714 4421 1107 4475 ΚΕΦΑΛΑΙΟΝ
1135 4422 1276 4475 ΜΗ’.

2403 4420 2634 4477 CAPUT
2672 4419 2904 4477 XLVIII.

271 4533 336 4587 El
371 4532 441 4604 δὴ
475 4532 788 4605 θρασύνοιτό
816 4553 920 4599 τις,
951 4533 1058 4587 τῶν
1085 4535 1170 4603 ἐφ’
1203 4536 1331 4604 ἡμῖν
1352 4533 1474 4605 ἄρτι
1504 4530 1778 4604 πολεμῶν,

1955 4532 2109 4601 Quod
2140 4534 2184 4589 si
2221 4532 2387 4604 igitur
2416 4533 2615 4604 aliquis
2642 4532 2868 4587 nimium
2900 4532 3157 4588 audacter
3185 4547 3245 4587 se
3272 4540 3449 4603 gerat,

209 4624 279 4697 μὴ
333 4625 867 4696 παρακαλυπτέσθω.
927 4619 1095 4688 Οὗτος
1159 4625 1424 4695 ἀθεότητα
1480 4623 1782 4693 ἀναφανδὸν

205 4716 600 4789 ἰξαγορευέτω,
651 4716 724 4789 μὴ
773 4716 1045 4789 πρόνοιαν,
1076 4716 1150 4788 μὴ
1186 4715 1340 4781 Θεὸν,
1375 4714 1508 4787 μηδέ
1545 4733 1599 4769 τι
1631 4714 1778 4782 ἄλλο,

273 4872 395 4942 (25)
418 4871 641 4942 Διί-ίαν.
664 4872 779 4940 Τῆς
806 4888 857 4925 τ.
894 4872 1038 4926 Θεοῦ
1062 4886 1235 4940 προν.
1260 4888 1312 4925 τ.
1336 4884 1399 4925 π.
1419 4872 1774 4939 κρατούσης,

208 4940 388 5008 θείοις
434 4950 540 4996 etc.
573 4940 656 5012 Ita?
686 4942 1124 5012 distinguendum
1175 4944 1504 5011 putavimus.
1557 4942 1689 5012 Nam
1722 4944 1776 4996 in

206 5013 371 5134 gdiftis
398 5019 517 5133 ezat
548 5010 941 5082 atriavnﬁdr.
976 5011 1038 5065 Θ.
1079 5010 1236 5083 προν.
1272 5029 1322 5067 τ.
1358 5029 1420 5065 π.
1448 5010 1772 5084 κρατούσης.

248 5099 273 5134 ε
297 5098 386 5134 οις
410 5099 441 5134 e
471 5096 521 5134 c.

248 5090 386 5145 είοις
410 5090 521 5135 etc.

274 5152 390 5222 (24)
426 5150 586 5205 Κατὰ
612 5151 962 5222 προαίρεσίν
987 5148 1445 5222 τελκαὶᾲπρᾶξιν.
1478 5148 1636 5222 Prig‘
1658 5150 1776 5222 edi-

210 5219 291 5292 tio
311 5219 381 5277 ut»
408 5229 465 5277 et
493 5236 595 5292 ms.
632 5219 765 5291 Reg.
811 5221 903 5292 καὶ
935 5220 1133 5292 πρᾶξιν
1184 5220 1273 5275 hic
1320 5222 1538 5275 habent.
1587 5219 1652 5273 Et
1700 5221 1774 5275 ita

212 5289 480 5362 interpres
515 5291 571 5345 in
605 5289 939 5345 suo'codice
983 5289 1531 5362 repererat,_vertens
1556 5306 1672 5362 qum
1707 5304 1774 5345 ex

209 5359 477 5417 electione
511 5368 745 5430 actuque
793 5359 1137 5430 proveniunt.
1168 5360 1251 5430 At
1275 5359 1343 5415 de
1392 5359 1773 5416 emendatione

211 5440 395 5486 nostra
410 5430 556 5510 _(qua
587 5429 873 5510 ppsmn.
908 5432 1091 5510 locum
1122 5429 1369 5510 πράξεως
1398 5430 1770 5510 substituitur)

212 5513 368 5556 nemo
393 5500 684 5570 dubitabit,
703 5501 793 5570 qui
825 5500 1125 5570 Epictetum
1158 5500 1386 5570 ejusque
1424 5500 1760 5570 commenta;

211 5576 382 5625 torem
411 5568 750 5639 Simplicium
788 5568 887 5626 vel‘
914 5586 942 5623 a
988 5568 1461 5639 limine‘inspexit.
1494 5568 1766 5624 llocsren.

279 5641 386 5696 Sed
428 5656 528 5707 ego
565 5642 657 5709 qui
687 5649 979 5709 utrumque
1011 5641 1245 5709 inspexi,
1280 5640 1347 5695 de
1388 5640 1769 5694 emendatione

213 5714 389 5766 tamen
437 5710 787 5765 Holsteniana
815 5710 1025 5766 dubito.
1056 5709 1418 5779 Praeterquam
1447 5711 1591 5763 enim
1622 5709 1768 5779 quod

215 5783 526 5852 προαίρεσις
563 5790 617 5852 et
654 5779 853 5852 πρᾶξις
898 5781 1053 5848 longe
1094 5782 1274 5850 aptius
1308 5781 1412 5834 sibi
1449 5790 1638 5852 nuitno
1670 5795 1766 5852 Are-

215 5850 533 5914 attondeant,
559 5851 674 5910 inse
696 5850 975 5915 Epictetus
1001 5852 1083 5916 ἐφ’
1113 5853 1239 5916 ἡμῖν
1263 5866 1386 5907 esse
1416 5850 1489 5905 ait
1515 5851 1595 5904 ἑνὶ
1622 5850 1764 5920 λόγῳ

1886 4626 1942 4682 in
1972 4632 2244 4696 potestate
2276 4635 2464 4680 nostra
2501 4641 2622 4696 quae
2655 4633 2785 4680 sunt
2822 4626 3171 4695 impugnans,
3201 4640 3328 4680 eum
3372 4625 3452 4679 la-

1879 4723 1996 4772 tere
2026 4732 2138 4771 non
2180 4715 2454 4787 patiamur
2484 4717 2737 4771 ulterius.
2788 4714 2900 4770 Iino
2944 4715 3277 4786 impietatem
3325 4716 3450 4772 talis

1876 4865 1977 4920 δσα
2003 4866 2244 4937 ἡμέτερα
2277 4865 2498 4919 ἘΡΓΑ.
2528 4864 2699 4934 igitur
2729 4864 2925 4937 πρᾶξιν
2953 4863 3058 4920 ﬁde
3087 4864 3330 4921 omnium
3353 4881 3449 4921 co—

1877 4936 2059 4991 dicum
2092 4937 2178 4989 hic
2215 4937 2447 4991 retinere
2477 4952 2585 4989 non
2621 4936 2828 4990 dubito.

2239 5006 2337 5058 καὶ
2388 5006 2568 5088 φύσει
2612 5006 2918 5088 ρτὶειλθερα.
2944 5003 3094 5088 ‘Hmc
3143 5006 3328 5088 itidem
3382 5019 3446 5088 ex

1829 5080 1834 5084 ’
1876 5073 2456 5147 Epictetildeprompta
2490 5075 2795 5147 Enchiridio
2824 5073 2981 5140 sunt,
3016 5075 3157 5147 quod
3185 5075 3304 5147 vide
3325 5073 3444 5129 (3.2.

1946 5147 2060 5216 (26)
2088 5146 2377 5213 Περαίνει.
2404 5145 2568 5216 Itaex
2599 5146 3305 5216 conjecturahrestituebam
3348 5159 3447 5213 pro

1875 5213 2132 5288 παραινεῖ
2155 5216 2299 5285 quod
2349 5216 2403 5288 in
2435 5214 2596 5269 editis
2621 5213 3049 5288 eratomnibus.
3081 5214 3145 5288 Et
3167 5225 3447 5288 _cer_te_ve‘

1876 5283 1991 5339 ram
2041 5283 2328 5340 lectionem
2386 5286 2667 5338 invenerat
2696 5287 2857 5338 etiam
2904 5283 2959 5335 in
3010 5285 3126 5339 suis
3152 5284 3444 5350 Acciolus;

1875 5354 1950 5408 ita
1967 5356 2109 5410 enim
2125 5354 2364 5410 vertebat
2384 5372 2398 5407 :
2425 5354 2559 5407 Deus
2576 5369 2732 5421 porro
2753 5353 3007 5405 Dominus
3022 5353 3444 5407 rerumomnium

1871 5426 2228 5495 princepsque,
2262 5432 2404 5476 recta
2428 5425 2631 5495 ratione
2663 5423 2871 5492 singula
2902 5424 3166 5495 transigit.
3198 5421 3353 5495 Quod
3380 5429 3443 5495 et

1874 5492 1975 5550 nos
2019 5492 2362 5550 retinuimus.
2394 5493 2466 5545 Τὸ
2494 5492 2691 5556 evecta;
2737 5492 3029 5562 opponitur
3059 5492 3226 5549 caecis
3262 5492 3444 5549 fatalis

1872 5566 2218 5620 necessitatis
2248 5564 2506 5617 motibus.

1943 5635 2053 5706 (27)
2084 5635 2273 5689 Αὶτία.
2302 5632 2500 5706 Vocem
2542 5646 2661 5706 qua:
2709 5632 3061 5706 librariorum
3111 5633 3245 5688 vitio
3294 5632 3441 5688 exci-

1870 5703 2046 5770 derat,
2077 5706 2378 5759 oscitanter
2426 5703 2540 5757 baac
2596 5703 3046 5767 describentium,
3092 5712 3280 5774 atque;
3310 5716 3441 5759 voce

1870 5779 1954 5832 bis
1981 5778 2203 5847 repetita
2256 5774 2619 5840 turbatorum,
2657 5773 2892 5841 restitui,
2924 5789 3033 5830 non
3059 5774 3116 5830 iu
3144 5771 3359 5847 gratiis,
3380 5777 3438 5830 ut

1870 5844 2109 5914 conﬁdo,
2147 5844 2447 5903 Musarum.
