3938 6514
497 389 600 445 867

1127 381 1398 440 EUSEBII
1436 373 1921 436 CASSARIENSIS
1958 373 2110 433 OPP.
2145 372 2330 430 PARS
2368 372 2432 428 II.
2476 401 2546 414 —-
2580 357 3082 425 APOLOGETICA.

3635 361 3736 417 868

497 513 686 581 aperte
725 502 1065 576 proﬁteatur,
1116 515 1226 556 non
1259 496 1682 570 providentiam,
1729 509 1840 550 non
1871 491 2066 558 Deum,

2169 491 2308 562 πλὴν
2331 488 2532 562 μοιρῶν
2555 487 2650 542 καὶ
2679 484 2924 555 ἀνάγκης
2941 480 3215 554 ὁμολογῶν
3232 495 3248 511 °
3283 479 3378 535 ml.
3396 479 3467 533 τά
3489 479 3736 534 ἀκόλουθα

497 616 607 657 non
645 597 791 654 aliud
829 595 1106 668 quidpiam
1151 601 1347 664 praeter
1376 591 1547 647 fatum
1591 598 1646 646 et
1682 587 2065 644 necessitatem

497 707 820 762 agnoscens.
855 688 967 742 lmo
991 694 1044 742 et
1069 702 1190 757 quae
1219 686 1358 740 hanc
1381 683 1684 740 doctrinam
1716 695 2069 750 consequun-

495 789 589 837 tur
627 782 747 837 sine
787 779 1072 834 involucro
1111 777 1336 847 insuper
1369 775 1728 847 proloquatur
1757 792 1770 826 :
1800 787 1912 826 non
1945 767 2066 825 dari

496 873 820 944 sapientem,
859 886 964 926 non
993 869 1245 933 stultum,
1267 883 1377 924 non
1398 882 1635 938 aequum,
1663 879 1772 919 non
1795 862 2064 931 iniquum,

495 980 604 1020 non
627 961 815 1018 virtuti
844 961 1112 1024 deditum,
1140 976 1249 1014 non
1275 974 1526 1030 pravum,
1555 972 1664 1012 non
1687 969 1925 1025 magum,
1959 967 2066 1006 non

494 1050 734 1105 divinam
763 1047 998 1102 indolem
1024 1046 1078 1099 in
1106 1044 1364 1099 humanis
1384 1043 1504 1097 dari
1538 1061 1550 1095 :
1578 1055 1756 1110 neque
1784 1051 1914 1092 vero
1946 1034 2069 1106 phi-

492 1139 794 1210 losophiam
849 1153 993 1200 esse.
1036 1152 1214 1207 neque
1260 1134 1629 1204 disciplinam,
1681 1145 1856 1201 neque
1893 1139 2064 1183 artem

494 1233 720 1288 omnino
739 1231 904 1286 ullam
919 1231 1004 1285 vel
1025 1229 1309 1284 scientiam
1322 1271 1334 1283 .
1352 1226 1524 1282 Nemo
1538 1227 1767 1280 alterum
1791 1219 2064 1296 [proinde]

492 1325 712 1397 ingenio
743 1325 860 1380 sive
886 1323 1087 1378 bonum
1122 1329 1278 1377 vocet
1309 1319 1425 1376 sive
1452 1318 1677 1378 malum,
1715 1315 1811 1372 sed
1840 1314 2068 1370 confuse

493 1417 699 1480 omnia,
726 1415 884 1486 quasi
911 1415 1198 1484 vertigine,
1223 1413 1306 1483 agi
1333 1411 1662 1466 necessitate
1691 1420 1745 1463 et
1767 1407 2066 1462 Parcarum

490 1506 650 1565 fusis.
687 1508 912 1579 lmpium
945 1509 1111 1578 igitur
1138 1514 1300 1575 atque
1345 1502 1633 1575 profanum
1674 1502 1837 1556 istum
1870 1500 1923 1554 in
1951 1497 2069 1569 pio-

490 1617 687 1660 rumne
707 1611 761 1656 et
796 1601 1102 1670 sapientum
1131 1612 1356 1653 censum
1388 1593 1734 1651 referamus?
1769 1591 1825 1647 Si
1858 1600 2064 1653 tamen,

489 1698 688 1748 cetera
712 1691 1088 1749 dissimulans.
1113 1685 1516 1742 Providentiam
1563 1691 1802 1740 statuere
1827 1690 1880 1738 et
1911 1682 2062 1744 deus,

489 1783 573 1840 eis
617 1797 748 1837 vero
791 1783 1049 1850 superius
1099 1778 1385 1834 admittere
1428 1791 1540 1848 pm
1589 1792 1648 1832 se
1678 1775 1816 1830 ferat
1852 1773 2061 1836 fatum,

2168 581 2378 645 τούτοις
2423 579 2603 650 γυμνῇ
2640 572 3127 648 προπαταλεγέτω
3171 570 3403 641 κεφαλῇ,
3443 570 3518 640 μὴ
3567 569 3733 638 σοφὸν,

2173 675 2248 747 μὴ
2278 673 2508 745 ἄφρονα,
2543 671 2618 743 μὴ
2657 668 2886 730 δίκαιον,
2921 666 2994 737 μὴ
3018 666 3220 747 άδικον,
3257 664 3332 734 μὴ
3364 662 3630 734 ἐνάρετον,
3665 663 3734 734 μὴ

2169 743 2393 836 φαῦλον,
2429 764 2502 835 μὴ
2532 762 2719 834 γόητα,
2771 759 2847 830 μὴ
2879 743 3110 810 θεῖονὲν
3165 753 3468 827 ἀνθρώπων
3509 749 3735 821 γὶνετθαι

2170 854 2558 928 φύσει(“28),μὴ
2578 851 2892 922 φιλοσοφίαν
2904 845 3062 911 εἶναι,
3088 847 3162 919 μὴ
3186 846 3454 906 παιδείαν,
3477 836 3594 914 μηδ’
3611 844 3732 908 ὅλως

2167 951 2362 1020 τέχνην
2383 945 2525 1010 τινὰ,
2551 945 2670 1016 μηδ’
2695 943 2886 1013 ἑπιστὴ
2896 955 3020 1012 μην⁶
3043 940 3114 1012 μή
3144 956 3227 1001 τις
3244 937 3401 992 ἄλλον
3419 934 3632 1004 ((29)τὴν
3650 932 3734 1003 φύ-

2171 1061 2254 1097 σιν
2267 1038 2535 1111 ἀγαθὸν,ἢ
2561 1035 2791 1108 πονηρὸν
2818 1031 3159 1093 ἀποκαλοῖτο,
3189 1029 3368 1082 πάντα
3383 1025 3439 1080 δὲ
3455 1025 3732 1096 συλλήϐδην

2169 1133 2384 1205 ἀνάγκῃ
2415 1131 2509 1185 καὶ
2547 1128 2748 1200 μοιρῶν
2792 1124 3081 1196 ἀτράκτοις
3111 1119 3521 1193 περιδινεῖσθαι.
3559 1117 3733 1182 Ἀθεος

2167 1225 2305 1295 δῆτα
2331 1224 2424 1276 καὶ
2466 1219 2731 1290 δυσσεῆὴς
2760 1212 2913 1281 οὗτος
2958 1217 3015 1268 ἐν
3045 1212 3283 1268 εὐσεϐῶν
3313 1212 3407 1266 καὶ
3446 1209 3731 1280 φιλοσόφων

2167 1315 2568 1388 ἀπογεγράφθαι)
2583 1311 2848 1384 κριτηρίῳ
2865 1327 2878 1374 ;
2894 1310 2956 1363 Εἰ
2973 1309 3038 1372 δ’,
3053 1305 3551 1376 ἐπικαλυπτόμενος
3561 1304 3728 1374 ἔτερα,

2167 1405 2408 1474 δοξάζειν
2436 1406 2707 1478 ἐπεχείρει
2753 1405 3008 1476 πρόνοιαν
3041 1404 3136 1458 καὶ
3164 1402 3338 1470 θεοὺς,
3368 1403 3561 1473 μοῖραν
3583 1401 3623 1454 δ’
3649 1400 3731 1456 ἐπὶ

2166 1500 2393 1563 τούτοις,
2424 1498 2518 1552 καὶ
2554 1497 2910 1569 εἱμαρμένην,
2943 1495 3027 1558 τίς
3059 1494 3419 1565 ἀνακηρύττοι
3443 1510 3457 1522 ο
3493 1482 3730 1562 Maxpr

2167 1609 2278 1655 νοις
2306 1590 2398 1644 καὶ
2429 1589 2690 1653 ἐναντίοις
2741 1587 3143 1660 παριστάμενος
3178 1585 3466 1656 δόγμασιν,
3512 1583 3727 1654 ἐναγέα-ι,

2165 1677 2319 1750 δίκην
2351 1676 2534 1739 ἀνοίας
2571 1675 2888 1748 παρασχὼν,
2938 1673 3399 1746 καταγεγράφθω.
3437 1674 3604 1727 Ταυτὶ
3646 1673 3728 1743 μὲν

2165 1767 2256 1824 οὖν
2290 1770 2480 1840 ταύτῃ.
2514 1769 2574 1821 Et
2600 1767 2644 1820 δ’
2675 1769 2766 1822 ἐπὶ
2789 1767 3000 1831 τούτοις
3027 1769 3084 1821 ὲν
3115 1767 3416 1836 φιλοσόφων
3446 1765 3729 1836 διατριεαῖς

490 1873 687 1930 merito
706 1873 831 1942 quis
862 1871 1008 1926 velut
1036 1869 1305 1940 praeconis
1328 1883 1461 1923 voce
1485 1868 1784 1923 exclamet:
1813 1865 2067 1936 Pugnan-

2169 1862 2363 1927 ἀξιοῖεν
2397 1860 2477 1913 ἔτι
2525 1860 2847 1928 καταλέγειν
2880 1856 3023 1923 τινὲς
3062 1856 3152 1912 τὸν
3183 1859 3370 1931 ἄνδρα,
3402 1857 3629 1923 λέξεται,
3664 1857 3729 1920 ὡς

490 1967 566 2020 tia
609 1974 663 2020 et
701 1963 978 2019 contraria
1012 1963 1271 2028 maxime,
1316 1975 1489 2030 eaque
1539 1958 1728 2028 impia,
1771 1957 2060 2012 admittere

490 2055 864 2125 deprehensus
918 2054 1045 2115 iste,
1090 2051 1157 2106 ad
1218 2049 1448 2105 insaniae
1497 2063 1692 2119 pcenas
1749 2047 2063 2102 subeundas

491 2147 902 2203 condemnetur.
944 2144 1122 2214 Atque
1166 2142 1267 2196 ista
1320 2142 1427 2196 huc
1477 2154 1650 2209 usque
1699 2137 1939 2207 quidem.
1997 2133 2056 2189 Si

494 2250 672 2293 autem
704 2248 826 2305 post
858 2237 969 2290 haec
991 2236 1154 2289 etiam
1189 2233 1242 2287 in
1272 2230 1724 2301 philosophorum
1759 2226 1963 2282 scholis
1985 2224 2063 2277 lo-

489 2339 613 2379 cum
645 2323 824 2377 l'acere
851 2323 968 2375 viro
996 2321 1199 2392 dignati
1223 2321 1464 2391 quipiam
1506 2318 1731 2381 fuerint,
1767 2317 1847 2373 eis
1875 2316 2066 2371 dicen-

487 2413 642 2477 dum,
694 2411 808 2466 fore
857 2420 936 2474 ut,
979 2410 1071 2464 ubi
1121 2425 1246 2464 eum
1304 2425 1333 2463 a
1375 2408 1500 2464 labe
1566 2406 1789 2462 aliunde
1840 2421 2062 2476 aspersa

487 2503 867 2574 purgaverint,
899 2503 1137 2572 itemque
1168 2516 1197 2556 a
1229 2500 1503 2563 machina,
1539 2515 1660 2570 quae
1687 2515 1753 2554 ex
1785 2499 1891 2553 ista
1925 2499 2064 2553 scri-

490 2595 680 2666 ptione
712 2594 765 2648 in
803 2609 928 2649 cum
972 2593 1292 2664 impellitur,
1339 2592 1637 2646 immunem
1669 2591 2058 2662 praestiterint;

487 2686 690 2754 omnis,
735 2702 856 2756 qua:
901 2701 968 2741 ex
1014 2687 1114 2740 hac
1159 2685 1457 2754 scriptione
1494 2684 1597 2754 ipsi
1633 2684 1858 2738 conﬂari
1890 2684 2062 2754 possit

2167 1952 2252 2017 ἂν,
2283 1955 2328 2006 εἰ
2348 1951 2697 2023 ἀποκαθήραι
2723 1951 2912 2004 ἑαυτὸν
2945 1952 3042 2021 τῆς
3071 1950 3264 2015 ἔξωθεν
3292 1945 3470 2022 λύμης
3497 1949 3624 2020 (50).
3649 1949 3729 2004 καὶ

2166 2041 2267 2112 τῆς
2322 2040 2431 2095 ἀπὸ
2467 2041 2627 2110 τῆσδε
2663 2041 2760 2111 τῆς
2804 2040 3020 2112 γραφῆς
3068 2040 3597 2111 ὲπεισκυκλουμένης
3632 2040 3725 2109 (3i)

2169 2130 2318 2202 αὐτῷ
2366 2131 2584 2200 σκευῆς,
2630 2131 2820 2200 φθόνος
2860 2133 2967 2194 πᾶς
3015 2131 3185 2200 αὐτῆς
3231 2129 3475 2184 ἐκποδὼν
3526 2130 3589 2185 ἀν
3633 2132 3722 2201 εἴη.

2172 2222 2369 2296 Ὄρους
2383 2222 2426 2275 δ’
2444 2225 2491 2276 εί
2509 2222 2763 2293 ἀληθείας
2781 2222 2984 2294 προϊών
3008 2241 3092 2286 τις
3109 2221 3242 2292 (52),
3261 2223 3401 2293 ὑπὲρ
3429 2222 3728 2292 φιλοσόφους

2173 2315 2474 2380 ἐκθειάζειν
2530 2315 2691 2369 αὐτὸν
2741 2315 2998 2387 πειρῷτο,
3050 2315 3199 2370 λάθοι
3244 2315 3308 2369 ἂν
3349 2315 3502 2386 αὑτῷ
3557 2316 3726 2386 γόητος

2165 2407 2405 2478 ἀτεχνῶς
2425 2407 2679 2480 διαϐολὴν
2707 2408 3058 2479 ὲπεντρίὗων.
3090 2409 3176 2473 Ὠς
3201 2410 3358 2463 ταυτὶ
3376 2409 3448 2461 τὰ
3474 2408 3725 2479 συγγράμ-

2171 2516 2332 2570 ματα,
2381 2499 2706 2569 σοφιστικῶς
2737 2500 2846 2572 (3'5)
2889 2499 3365 2571 ἀναπεπλασμένα,
3411 2499 3568 2553 πλέον
3596 2498 3726 2566 ἐλέγ-

2167 2608 2260 2661 χου
2293 2592 2402 2661 (54)
2438 2591 2532 2645 καὶ
2564 2592 2743 2663 δεινῆς
2771 2592 2996 2664 τάνδρὸς
3031 2591 3281 2665 διαϐολῆς
3304 2591 3454 2665 παρά
3485 2593 3592 2655 τοῖς
3618 2588 3723 2644 νοῦν

2165 2683 2378 2754 ἔχουσιν
2405 2683 2592 2754 ἔμοιγε
2620 2685 2770 2738 δοκεῖ
2799 2685 3095 2758 περιέχειν.

487 2780 717 2844 invidia,
743 2795 774 2835 e
810 2776 991 2835 medio
1021 2780 1266 2835 tollatur.
1307 2779 1364 2833 Si
1396 2779 1646 2835 veritatis
1678 2788 1859 2834 autem
1889 2787 2062 2834 metas
2100 2793 2375 2849 egressus,
2407 2779 2647 2834 divinam
2677 2782 2873 2852 magis,
2929 2796 3092 2852 quam
3132 2781 3444 2853 pbiIoSOphi
3475 2796 3589 2853 quae
3640 2778 3717 2840 sit,

488 2872 869 2928 excellentiam
911 2873 963 2928 ei
1025 2872 1270 2928 tribuere
1307 2874 1428 2943 quis
1487 2874 1640 2939 velit,
1675 2874 1767 2929 ille
1821 2874 2138 2945 imprudens
2176 2875 2320 2945 magi
2364 2875 2587 2930 omnino
2637 2877 2686 2931 ei
2735 2877 3175 2934 criminationem
3226 2879 3509 2950 impinget.
3558 2875 3716 2944 Itaque

488 2965 611 3035 ejus
641 2968 858 3038 generis
915 2967 1063 3032 libri,
1128 2968 1428 3038 s0phistica
1467 2976 1585 3024 arte
1629 2970 1965 3033 concinnati,
1999 2968 2144 3040 apud
2180 2969 2564 3042 prudentiores
2599 2973 2895 3044 opprobrio
2924 2979 2979 3030 et
3012 2975 3348 3046 gravissima:
3387 2968 3715 3045 inculpationi

489 3061 613 3132 ejus
640 3062 956 3117 inservituri
983 3063 1166 3134 potius
1201 3063 1334 3117 mihi
1365 3064 1646 3121 videntur.

525 3243 536 3260 ί
564 3241 679 3322 (28ξ
722 3243 820 3322 Μὴ
871 3241 1032 3299 θεῖον
1177 3244 1346 3322 drop.
1373 3243 1642 3313 τίνεσθαι
1669 3243 1875 3322 φύσει.
1905 3241 2074 3322 Miror

2174 3259 2322 3299 mum
2357 3259 2578 3322 δεηευιη
2612 3257 2734 3322 θεξε

489 3311 635 3384 hanc
661 3311 974 3372 lectiOnem.
999 3311 1339 3370 verissimam
1371 3311 1533 3384 Sane,
1551 3322 1609 3384 et
1638 3311 1758 3369 sine
1783 3329 1888 3384 qua
1922 3315 2068 3368 nulla

490 3381 661 3454 hujus
717 3384 820 3454 loci
876 3384 1180 3454 integritas.
1209 3399 1386 3452 neque
1443 3398 1472 3438 a
1516 3383 1745 3454 Morello
1779 3381 1958 3454 neque
2002 3385 2070 3439 ab

490 3452 780 3523 Holstenio
832 3452 1107 3523 receptam
1169 3455 1226 3509 in
1275 3461 1425 3510 textu
1488 3454 1680 3511 fuisse.
1725 3452 1894 3510 Plane
1923 3455 2068 3510 enim

490 3521 674 3599 inepta
713 3534 859 3599 sunt
916 3521 1037 3599 quae
1066 3525 1144 3599 illi
1179 3526 1233 3580 in
1269 3533 1418 3599 textu
1443 3536 1752 3594 servarunt,
1772 3526 1847 3599 μὴ
1875 3526 2071 3598 γόητα,

491 3592 1205 3678 Θείιῄρῳπονάίνεσθοιι
1229 3596 1410 3678 spueret:

565 3657 677 3735 (99)
702 3657 798 3734 Μή
823 3684 912 3732 τις
936 3657 1306 3720 ἄλλον.ΕιΙῖιί
1339 3667 1412 3736 μή
1437 3666 1535 3719 τιν’
1553 3666 1729 3730 ἄλλον,
1747 3665 1892 3736 quod
1921 3680 2074 3722 men-

491 3732 687 3790 dosum
715 3732 838 3790 esse
873 3746 985 3790 tota
1029 3738 1206 3790 oratio
1243 3732 1527 3791 suadebat.

567 3805 834 3878 (50)-1ξῆς
855 3807 1076 3870 ἔξωθεν
1097 3809 1314 3876 λύμης.
1339 3804 1479 3878 Puto
1519 3806 1744 3878 intelligi
1774 3807 1978 3878 labem,
2003 3807 2073 3862 ab

491 3874 614 3946 ipso
644 3873 999 3946 Philostrato,
1036 3873 1228 3946 parum
1262 3877 1528 3946 prudente
1572 3873 2073 3940 enco'miasta,-ine—

2802 3243 2966 3300 atebit
2999 3241 3298 3299 conferenti
3329 3258 3453 3300 cum
3485 3242 3601 3299 istis
3620 3254 3718 3312 qua:

2175 3259 2322 3299 mum
2357 3259 2578 3300 sensum
2612 3257 2734 3300 esse
2802 3255 2966 3300 atebit
2999 3255 3298 3299 cont‘erenu
3329 3258 3414 3300 CIII

2175 3325 2340 3386 supra
2383 3313 2648 3370 Eusebius
2690 3255 2942 3378 haliebat,
2990 3315 3169 3385 capite
3207 3313 3240 3368 5
3278 3323 3414 3368 toto.

2247 3386 2360 3446 (51)
2431 3384 3075 3446 Ἐπεισκυκλουμένης.
3138 3383 3272 3440 Vide
3331 3383 3399 3439 de

2245 3383 2360 3458 (5i)
2431 3383 3075 3454 Ἐπεισκυκλουμένηςζ
3138 3383 3272 3440 Vide
3331 3383 3399 3439 de
3462 3383 3563 3438 hac
3607 3393 3719 3437 voce

2177 3464 2362 3512 notata
2386 3456 2452 3510 ad
2487 3454 2662 3509 Vitam
2688 3454 2976 3523 Apollonii,
3008 3455 3101 3509 lib.
3134 3471 3212 3519 ιι,
3237 3470 3289 3508 c.
3315 3455 3402 3509 10.
3646 3522 3651 3523 γ

2251 3526 2609 3597 (δὴ-Ὄρους
2637 3524 2688 3597 δ’
2718 3522 2769 3597 et
2807 3526 2906 3597 ἀλ.
2934 3525 3175 3597 προϊών.
3205 3533 3311 3581 etc.
3341 3523 3509 3580 Plane
3531 3522 3717 3597 gemina

2176 3595 2349 3666 supra
2371 3595 2599 3665 legimus
2640 3595 2827 3666 in_hoc
2855 3595 3015 3660 libro,
3047 3611 3096 3651 c.
3129 3596 3182 3651 5.

2247 3659 2358 3737 (55)
2407 3659 2794 3737 Σοφιστικῷς.
2841 3666 2916 3719 lta
2954 3659 3053 3735 pro
3087 3663 3456 3737 σοφιστικούς,
3489 3661 3628 3734 quod
3671 3659 3717 3715 in

2176 3735 2508 3811 edi’tislerat,
2542 3735 2829 3811 legendlim
2852 3751 2982 3811 esse
3009 3738 3091 3811 vel
3127 3750 3314 3811 aecus
3344 3735 3571 3811 judicet.
3663 3798 3690 3811 Α

2249 3808 2360 3878 (54)
2386 3805 2691 3878 Πλέον-ἐςλ.
2726 3805 2866 3858 Editi
2891 3808 2950 3860 οὺ
2973 3808 3134 3860 πλέον
3165 3807 3243 3859 ὲλ.
3274 3805 3544 3878 Νείςαιίιζῳ
3572 3805 3715 3878 parti-

2177 3875 2314 3934 cula:
2343 3875 2550 3946 aperte
2589 3875 2679 3947 hic
2724 3890 2921 3931 sensus
2952 3878 3234 3942 reclamat,
3265 3875 3429 3947 quam
3459 3875 3716 3930 eliminan-

493 3944 604 4015 ptis
652 3944 906 4000 laudibus
953 3944 1591 4017 Apollonio’aspersam.
1625 3946 1799 4014 Quem
1839 3947 2071 4003 verissi-
2174 3950 2298 4006 dam
2322 3944 2608 4018 propterea
2631 3945 2912 4002 duximus.

515 4133 3698 4172 mm

1353 4336 2036 4454 ORIGENIS
2129 4335 2885 4454 APOLOGIE

1723 4577 2087 4666 LIBER
2161 4577 2507 4670 UNUS.

1018 4773 1149 4832 Vide
1179 4775 1316 4829 inter
1347 4773 1589 4844 Origem's
1620 4773 1818 4843 Opera,
1852 4772 2070 4842 hujusce
2101 4769 2424 4843 Patrologt'w
2451 4770 2864 4829 Graec-Latina:
2889 4781 3014 4827 tom.
3043 4768 3248 4828 XVII.
