3938 6520
162 418 273 477 869
1262 425 1351 481 DE
1389 424 1600 484 CURIS
1635 427 1919 483 BIBIJCIS
1958 428 2244 486 EUSEBll.
3314 435 3419 492 870

171 626 1693 659 Μ
1341 649 1693 659 ._—_._

1341 649 1593 663 -———.

1602 640 3407 669 ΞΜ*

2208 656 2384 666 ——-—.

510 884 1566 1106 EUSEBII
1724 897 3037 1114 PAMPHILI

1063 1343 1865 1440 CESABIENSIS
1940 1348 2489 1446 EPISCOPI

246 1649 1044 1812 OPERUM
1144 1653 1903 1814 OMNIUM
1998 1658 2481 1816 PARS
2593 1658 3301 1817 TERTIA

1380 2150 2187 2268 EXEGETICA

1138 2508 1255 2568 DE
1298 2508 1539 2577 CURIS
1578 2507 1952 2570 BIBLICIS
1992 2506 2355 2569 EUSEBII.

791 2720 1012 2786 (Angelo
1034 2719 1149 2782 Mn,
1177 2717 1469 2770 Bibliotheca
1494 2731 1615 2768 noua
1643 2720 1865 2780 Patrum,
1889 2723 1923 2767 t.
1947 2716 2030 2779 Ν,
2055 2731 2104 2780 p.
2129 2716 2205 2766 66.
2251 2717 2346 2768 Ro:

1197 2717 1469 2769 Bibliotheca
1494 2731 1615 2768 noua
1643 2720 1865 2780 Patrum,
1889 2723 1923 2767 t.
1947 2716 2030 2779 Ν,
2055 2731 2104 2780 p.
2129 2716 2205 2766 66.
2251 2717 2419 2768 Roma
2444 2718 2582 2781 1847,
2608 2716 2752 2783 ἰιιοι.)

212 3074 353 3135 Dum
409 3072 632 3132 Eusebii
662 3072 887 3145 reliquis
912 3070 1100 3129 sedulo
1125 3072 1444 3152 colligendis
1476 3088 1663 3128 curam
1696 3074 2089 3146 impenderam,
2118 3073 2233 3129 ﬁeri
2261 3087 2370 3127 non
2401 3079 2615 3143 poterat
2653 3075 2785 3144 quin
2816 3074 2882 3131 ad
2911 3074 3154 3132 codicem
3179 3091 3400 3149 quoque

142 3174 285 3229 illum
316 3172 591 3243 insignem
627 3170 954 3240 respicerem
981 3168 1108 3222 olim
1139 3168 1195 3223 in
1227 3165 1400 3222 Gallia
1431 3168 1944 3234 Claromontanum,
1979 3186 2126 3224 nunc
2149 3167 2494 3233 Vaticanum,
2522 3170 2817 3240 prophetas
2845 3186 3055 3237 omnes,
3081 3188 3203 3227 cum
3233 3171 3398 3229 Pam-

142 3270 264 3339 phlli
299 3266 634 3337 Eusebiique
662 3265 1000 3328 recensione,
1038 3266 1438 3331 continentem;
1463 3264 1531 3319 de
1562 3282 1672 3336 quo
1700 3266 1829 3320 olim
1863 3265 2147 3321 Curterius
2177 3264 2231 3318 in
2265 3263 2586 3335 praefatione
2616 3264 2682 3319 ad
2711 3263 3034 3335 Proc0pium
3065 3266 3121 3321 in
3156 3266 3396 3332 Esaiam,

141 3371 189 3416 et
208 3362 408 3418 deinde
435 3360 667 3432 peritius
706 3356 1147 3412 Montfauconius
1176 3356 1230 3411 in
1266 3354 1451 3410 Graeca
1481 3356 1897 3427 palwographia,
1928 3373 1983 3428 p.
2023 3355 2129 3410 224
2160 3370 2337 3425 seqq.,
2368 3356 2582 3410 locutus
2610 3362 2715 3410 est.
2751 3356 2801 3411 ls
2840 3357 3033 3421 codex,
3070 3359 3259 3414 nescio
3288 3375 3400 3430 quo
3456 3408 3459 3419 λ

140 3469 313 3511 rerum
340 3464 565 3517 eventu,
595 3469 739 3509 anno
782 3452 921 3507 1785
959 3449 1187 3506 Romam
1231 3450 1465 3515 delatus,
1502 3453 1688 3523 palatii
1723 3452 2006 3522 apostolici
2038 3452 2305 3521 impensa,
2339 3452 2569 3507 scutatis
2613 3452 2851 3507 nummis
2880 3454 3138 3509 trecentis
3181 3463 3400 3525 emptus

141 3547 255 3613 luit,
300 3557 359 3605 et
400 3545 745 3603 bibliotheca:
768 3543 1045 3599 Vaticana:
1091 3543 1361 3607 addictus,
1412 3542 1826 3598 bibliothecario
1873 3542 2025 3597 card.
2062 3541 2281 3606 Zelada,
2309 3540 2569 3612 praafecto
2600 3534 2836 3612 Josepbo
2874 3543 3064 3614 Regio,
3099 3553 3158 3599 ut
3199 3546 3253 3600 in
3298 3563 3399 3601 au-

140 3643 376 3698 thentica
403 3638 735 3696 venditionis
785 3635 1094 3709 syngrapha
1126 3635 1344 3705 legitur.
1383 3632 1597 3699 Quanta
1643 3635 1715 3689 sit
1752 3634 1962 3689 codicis
1999 3633 2353 3703 calligraphia
2392 3642 2449 3689 et
2481 3635 2801 3705 antiquitas,
2825 3634 3154 3705 judicabant
3195 3637 3395 3695 eruditi

140 3749 197 3787 ex
223 3733 529 3805 specimine
587 3729 928 3794 ﬁdelissimo,
976 3727 1124 3799 quod
1154 3726 1304 3798 ligno
1322 3741 1588 3781 excusum
1643 3726 1732 3781 hic
1767 3726 2111 3797 apponimus.
2142 3724 2278 3779 Nam
2329 3724 2425 3782 fol.
2470 3726 2540 3781 84
2580 3732 2705 3781 ante
2752 3726 2965 3783 Esaiam
3004 3729 3210 3796 Graace,
3245 3741 3304 3787 ut
3338 3732 3394 3788 in

140 3835 323 3881 nostro
350 3841 495 3893 cuso,
516 3824 815 3895 specimine
849 3823 1169 3879 scribuntur
1194 3836 1279 3884 ea,
1318 3835 1439 3889 qua:
1476 3818 1669 3875 Latine
1698 3819 1779 3876 sic
1808 3820 2044 3874 habent:
2082 3819 2398 3889 Desumptus
2422 3820 2525 3890 fuit
2555 3819 2751 3876 Esaias
2788 3822 2851 3875 ab
2885 3824 3175 3891 exemplari
3208 3824 3395 3880 Patris

138 3922 451 3992 Apollinarii
485 3919 881 3984 caenobiarchae,
918 3919 1005 3971 cui
1035 3917 1145 3972 hazc
1172 3926 1323 3971 erant
1351 3916 1633 3985 subjuncta
1655 3932 1673 3969 :
1703 3915 2007 3983 desumptus
2038 3915 2139 3985 fuit
2172 3914 2364 3969 Esaias
2406 3932 2472 3970 ea:
2500 3916 2813 3972 editionibus
2852 3917 3243 3993 hexaplaribus.
3268 3901 3397 3976 Gol—

141 4018 271 4073 latus
292 4028 372 4073 est
407 4027 581 4071 autem
610 4017 770 4071 etiam
794 4031 914 4070 cum
947 4014 1114 4067 altera
1140 4012 1420 4083 hexaplari
1453 4012 1628 4066 codice
1656 4012 1793 4065 hanc
1820 4010 2215 4066 adnotationem
2248 4011 2470 4066 habente
2500 4029 2518 4066 :
2557 4012 2847 4066 emendata:
2873 4012 3087 4082 fuerunt
3114 4014 3396 4085 diligenter

139 4126 330 4170 cunctre
363 4114 650 4177 editiones;
688 4112 877 4167 etenim
926 4109 1137 4164 collata:
1177 4109 1321 4179 [uere
1350 4125 1469 4162 cum
1500 4108 1666 4163 Esaia
1698 4107 1995 4175 tetraplari,
2027 4124 2119 4162 nec
2147 4124 2250 4162 non
2285 4124 2403 4161 cum
2447 4107 2741 4175 hexaplari.
2777 4107 2909 4161 Tum
2954 4108 3115 4161 etiam
3144 4107 3209 4161 ab
3239 4108 3395 4162 initio

138 4223 286 4279 usque
324 4209 401 4263 ad
432 4209 683 4262 visionem
708 4206 858 4277 Tyri,
895 4206 1198 4260 accuratius
1232 4204 1403 4258 adhuc
1434 4204 1741 4260 emendatus
1776 4204 1899 4273 fuit.
1936 4204 2154 4273 Copiam
2191 4205 2331 4258 enim
2360 4202 2661 4271 habuimus,
2697 4220 2861 4274 usque
2895 4201 2964 4255 ad
2994 4204 3150 4273 ﬁnem
3174 4204 3393 4258 uisionis

142 4301 276 4375 Tyri,
310 4315 571 4358 tomorum
600 4305 655 4357 in
682 4302 901 4357 Esaiam
931 4302 1309 4371 exegeticorum
1345 4300 1585 4371 Origenis
1616 4315 1634 4352 :
1664 4300 1947 4371 seduloque
1983 4301 2475 4363 animaduertentes,
2509 4318 2611 4371 quo
2635 4317 2791 4354 sensu
2824 4301 2914 4354 ille
2941 4300 3179 4368 singulas
3202 4299 3397 4354 dictio-

139 4414 216 4453 aes
239 4416 337 4469 pro
377 4398 574 4453 viribus
596 4397 980 4465 explicavisset,
1026 4412 1229 4449 omnem
1274 4394 1670 4464 ambiguitatem
1711 4394 1997 4449 secundum
2044 4394 2191 4448 illius
2228 4405 2452 4448 mentem
2483 4396 2829 4451 correximus.
2865 4393 3133 4448 Prwterea
3176 4382 3392 4461 compa-

141 4498 331 4551 ratione
361 4496 605 4549 instituta
629 4511 747 4549 cum
778 4492 1123 4563 Septuaginta
1157 4492 1389 4545 virorum
1430 4490 1678 4554 editione,
1707 4500 1757 4545 et
1798 4507 1915 4544 cum
1945 4491 2216 4544 adnotatis
2247 4490 2312 4543 ab
2354 4490 2579 4544 Eusebio
2604 4488 2673 4542 ad
2704 4482 2946 4549 Esaiam,
2978 4490 3031 4542 in
3068 4487 3395 4543 dissonanti-

142 4590 219 4644 bus
250 4592 380 4646 locis
414 4606 625 4644 sensum
674 4589 858 4642 rimati
897 4604 1100 4650 sumus,
1141 4596 1294 4657 atque
1323 4587 1392 4640 ad
1423 4587 1567 4640 illius
1616 4603 1857 4641 normam
1908 4586 2327 4641 emendationem
2358 4588 2675 4640 curavimus.
2735 4584 2874 4640 Tum
2921 4585 3017 4639 fol.
3065 4585 3172 4640 280
3203 4586 3236 4639 b
3266 4592 3393 4640 ante

141 4682 464 4743 Ezechielem
494 4686 692 4756 legitur
715 4682 920 4747 Graece,
950 4691 1009 4737 ut
1043 4682 1246 4752 pariter
1280 4683 1334 4735 in
1364 4690 1552 4736 nostro
1574 4683 1891 4752 specimine,
1937 4681 2081 4753 quod
2114 4681 2307 4736 Latine
2333 4682 2411 4736 sic
2446 4681 2889 4751 interpretamur.
2926 4680 3247 4750 Desumptus
3290 4680 3394 4749 fuit

139 4779 422 4847 (Ezechiel)
456 4782 519 4833 ab
564 4779 854 4847 exemplari
899 4777 1079 4831 Patris
1107 4777 1427 4845 Apollinarii
1467 4778 1876 4844 cwnobiarclue,
1928 4779 1984 4832 in
2013 4794 2113 4849 quo
2142 4777 2255 4831 haec
2300 4786 2452 4832 erant
2487 4778 2809 4847 subjuncta:
2852 4778 3155 4846 desumptus
3187 4777 3394 4846 fuit'ea:

135 4874 442 4927 editionibus
466 4871 861 4941 hexaplaribus,
909 4870 1316 4940 emendatusque
1350 4868 1419 4922 ad
1472 4869 1705 4939 ejusdem
1743 4870 1983 4941 Origeuis
2012 4871 2259 4940 tetrapla,
2291 4886 2407 4942 qua:
2459 4887 2619 4924 manu
2656 4870 2820 4939 ipsius
2862 4870 3138 4924 emendata
3180 4870 3391 4939 fuerant

136 4977 175 5018 et
201 4968 415 5023 scholiis
446 4969 691 5037 praedita.
735 4965 882 5021 Unde
913 4982 1004 5037 ego
1036 4964 1294 5019 Eusebius
1328 4964 1531 5019 scholia
1555 4965 1757 5021 addidi.
1793 4966 2100 5035 Pamphilus
2132 4976 2182 5020 et
2217 4964 2475 5020 Eusebius
2507 4967 2929 5021 emendaverunt.

194 5105 356 5164 Vides
387 5082 634 5162 codicem
681 5106 885 5177 aedepol
918 5107 1453 5178 praestantissimum.
1486 5106 1651 5161 Vides
1675 5106 1897 5162 Eusebii
1925 5122 2052 5178 erga
2086 5107 2302 5162 divinos
2327 5108 2495 5164 libros
2525 5107 2741 5170 merita,
2777 5115 2830 5162 et
2856 5121 3018 5177 quam
3050 5114 3198 5162 recte
3226 5105 3295 5160 de
3324 5034 3404 5161 eo‘

136 5194 484 5274 Hieronymus
514 5202 592 5256 De
624 5205 719 5256 vir.
756 5203 839 5258 ill.
869 5218 988 5273 cap.
1018 5202 1082 5258 81
1122 5203 1321 5259 dixerit
1349 5223 1361 5257 :
1391 5203 1647 5257 Eusebius
1678 5202 1939 5257 Caesarea:
1966 5201 2276 5257 Pala'stinaz
2314 5204 2586 5273 episcopus
2618 5204 2674 5255 in
2708 5203 3000 5270 Scripturis
3046 5201 3236 5254 divinis
3276 5210 3407 5273 δια-ν

135 5298 477 5364 diosissimus,
510 5309 559 5353 et
594 5298 914 5354 bibliotheca:
939 5299 1150 5365 divinat,
1196 5316 1312 5353 cum
1347 5299 1628 5368 Pamphilo
1669 5308 1927 5368 martyre,
1961 5298 2397 5368 diligentissimus
2433 5299 2831 5368 pervestigator.
2876 5296 3082 5351 Revera
3116 5275 3410 5351 Constant:

134 5394 266 5451 tinus
291 5397 408 5467 ipse
450 5396 746 5465 imperator
786 5384 925 5464 (Vit.
955 5395 1051 5450 lib.
1092 5412 1165 5459 Iv,
1197 5396 1288 5459 '56,
1322 5395 1411 5466 57)
1444 5393 1683 5449 Eusebio
1723 5408 1924 5447 munus
1954 5391 2215 5460 imposuit
2247 5391 2702 5461 praastantissima
2734 5387 2834 5443 SS.
2869 5388 3171 5442 Bibliorum
3205 5402 3389 5442 exem-

137 5490 290 5555 plaria
313 5491 712 5561 quinquaginta
762 5490 1110 5555 conficiendi,
1148 5506 1271 5561 qua:
1300 5490 1535 5545 diversis
1576 5488 1837 5543 Ecclesiis
1866 5488 2159 5542 distributa
2192 5486 2435 5541 fuerunt.
2470 5484 2590 5540 lam
2634 5486 2680 5539 si
2710 5485 2918 5540 codicis
2956 5483 3256 5554 pleniorem
3288 5468 3419 5538 no-h

137 5584 291 5641 titiam
325 5597 503 5657 optas,
531 5603 650 5643 eam
685 5588 926 5643 breviter
971 5588 1050 5643 sic
1079 5588 1385 5643 trademus.
1415 5586 1536 5641 Fol.
1586 5586 1695 5647 1-5,
1728 5584 1866 5640 Vita:
1906 5585 2098 5639 breves
2126 5584 2513 5654 prophetarum
2538 5589 2762 5636 auctore
2789 5580 3108 5635 nominatim
3127 5577 3385 5641 Eusebio,

138 5688 253 5743 quas
282 5680 571 5735 Curterius
608 5680 798 5735 edidit.
843 5680 962 5737 Fol.
989 5680 1144 5743 5-H,
1176 5679 1372 5736 Obitus
1402 5688 1455 5736 et
1477 5680 1772 5749 sepulturae
1803 5676 2215 5748 prophetarum,
2244 5677 2363 5731 sine
2405 5676 2648 5731 auctoris
2676 5676 2918 5740 nomine,
2955 5674 3023 5728 de
3055 5673 3253 5744 quibus
3282 5685 3387 5741 po-

139 5776 235 5825 stea
267 5773 537 5830 dicemus.
567 5772 685 5828 F01.
712 5772 904 5840 12—83,
933 5772 1214 5843 Prophetas
1236 5775 1478 5830 minores
1504 5773 1816 5828 duodecim.
1849 5769 1965 5825 Fol.
1999 5770 2087 5826 84.
2120 5770 2214 5825 llla
2249 5770 2535 5840 inscriptio
2569 5776 2693 5823 ante
2715 5766 2929 5821 Esaiam
2962 5781 3082 5837 quae
3112 5766 3167 5820 in
3198 5771 3388 5819 nostro

137 5865 417 5924 soecimine
468 5867 642 5928 prima
671 5874 774 5922 est.
818 5865 1079 5922 Praecedit
1126 5866 1236 5921 illic
1264 5866 1455 5922 notitia
1495 5866 1559 5922 de
1592 5863 1773 5932 Esaia,
1812 5865 2042 5937 ejusque
2075 5863 2317 5936 parentis
2367 5862 2554 5919 Amosi
2594 5862 2835 5930 nomine,
2872 5867 2927 5916 et
2969 5868 3211 5929 tempore
3250 5854 3389 5912 vati-
