3938 6534
547 424 640 489 ενι
1233 415 1497 478 EUSEBII
1531 405 2000 472 CESARIENSIS
2035 409 2184 466 OPP.
2222 403 2403 463 PARS
2436 405 2610 462 lll.-—
2646 396 3048 460 EXEGETICA.
3671 399 3768 456 87!

547 541 696 598 clnil.
723 534 839 595 Fol.
890 536 1102 604 85466,
1129 535 1336 593 Esaias.
1365 535 1482 592 Fol.
1513 533 1770 600 168—280,
1795 531 2113 592 Hieremias,
2162 526 2396 594 Barucb,
2427 524 2649 580 Threni.
2677 523 2792 578 Fol.
2842 521 2949 576 280
2985 521 3023 577 b
3071 525 3154 576 est
3204 517 3488 588 inscriptio
3535 529 3767 571 secunda

547 633 720 688 nostri
749 633 1081 702 speciminis,
1113 631 1389 701 pertinens
1421 630 1488 684 ad
1511 627 1866 683 Ezechielem.
1909 622 2026 677 Fol.
2059 619 2320 677 281-376.
2357 618 2622 673 Ezechiel.
2653 615 2770 670 Fol.
2799 613 3058 679 577-412,
3101 612 3154 666 id
3185 619 3268 666 est
3308 625 3484 679 usque
3511 607 3580 661 ad
3613 608 3762 660 linem

547 727 772 791 codicis,
800 725 1042 790 Danihel,
1071 727 1125 780 in
1148 741 1258 795 quo
1285 725 1514 797 hymnus
1548 739 1762 794 quoque
1786 721 1950 775 trium
1977 733 2265 790 puerorum
2304 716 2560 770 scribitur
2589 713 2626 768 f.
2654 711 2794 778 590;
2826 719 2878 766 et
2913 709 3088 773 initio,
3124 709 3176 763 id
3207 716 3290 764 est
3319 707 3414 761 fol.
3445 705 3578 768 381,
3613 707 3770 760 histo-

547 817 630 871 ria
662 816 943 873 Susannaa.
979 816 1182 874 Textus
1227 817 1467 872 omnium
1507 815 1889 887 prophetarum
1919 810 2302 883 integerrimus
2329 815 2431 862 est.
2456 805 2615 860 Juxta
2649 813 2757 858 tam
2793 803 3150 858 venerabilem
3189 802 3515 872 antiquitate
3543 799 3772 855 criticis.

547 925 654 980 que
699 911 899 980 regulis
939 917 1169 974 textum,
1209 916 1423 965 exstant
1455 909 1508 962 in
1553 905 1796 975 margine
1826 904 2064 974 antiquis
2095 916 2246 972 teque
2281 899 2532 954 litterulis
2565 898 2778 966 scriptae
2809 895 3072 951 lectiones
3101 895 3264 950 varia:
3289 894 3613 964 hexaplares
3643 889 3768 945 LXX

545 999 824 1068 Virorum,
858 1005 1083 1074 Aquila),
1123 1003 1454 1076 Symmachi,
1485 1001 1892 1065 Theodotionis,
1925 1009 1978 1056 et
2005 1000 2233 1053 aliorum
2267 995 2490 1064 aliquot,
2523 999 2650 1063 puta
2691 989 2962 1061 Origenis.
2993 989 3120 1043 Hmc
3167 989 3394 1050 scholia,
3445 985 3610 1040 modo
3637 999 3766 1038 rare-

549 1108 730 1164 scunt,
762 1101 921 1154 modo
959 1101 1105 1154 nulla
1129 1110 1278 1164 sunt,
1313 1099 1472 1154 modo
1499 1099 1630 1152 adeo
1661 1095 1962 1166 frequentia
1987 1102 2040 1149 et
2063 1093 2305 1163 cepiosa,
2338 1097 2397 1143 ut
2425 1087 2656 1156 alicujus
2686 1086 3012 1155 quandoque
3041 1083 3358 1153 interpretis
3389 1082 3556 1135 latam
3589 1079 3770 1134 sectio-

547 1209 670 1248 nem
704 1195 1014 1250 habeamus.
1043 1194 1246 1250 Horum
1271 1210 1371 1250 nos
1403 1193 1732 1249 scholiorum
1760 1192 1866 1244 alio
1891 1199 2129 1258 tempore
2157 1187 2427 1257 specimen
2459 1198 2650 1237 cusum
2684 1180 3086 1235 exhibebimus.
3125 1177 3328 1231 Praeter
3353 1190 3483 1231 vero
3513 1176 3632 1229 hazc
3655 1181 3770 1226 Sane

547 1287 805 1359 pretiosa,
833 1288 938 1341 alia
969 1288 1170 1358 passim
1207 1287 1478 1356 margines
1507 1287 1744 1340 obruunt
1769 1283 1972 1338 scholia
2007 1281 2334 1340 recentiora,
2369 1291 2597 1346 quorum
2640 1289 2784 1327 nunc
2820 1272 3046 1334 nullam,
3079 1275 3240 1340 atque
3278 1268 3422 1322 haud
3457 1268 3576 1322 scio
3611 1281 3678 1318 an
3713 1279 3770 1318 ne

549 1357 732 1452 postea
772 1357 1008 1449 quidem,
1039 1379 1301 1434 rationem
1339 1379 1692 1433 habebimus:
1723 1375 1886 1431 sicuti
1915 1389 1982 1428 ne
2025 1371 2268 1428 brevium
2309 1369 2528 1440 quidem
2561 1366 2927 1420 recentiorum
2963 1362 3091 1415 vitis
3141 1360 3474 1415 additionem
3507 1359 3564 1412 in
3597 1357 3768 1426 spatiis

545 1475 738 1532 vacuis
765 1474 885 1528 rudi
911 1489 1074 1528 manu
1097 1475 1466 1528 obtrusarum.

617 1635 758 1706 Ergo
793 1635 860 1690 ad
890 1633 1178 1690 Eusebium
1213 1649 1332 1704 qua:
1357 1633 1648 1702 pertinent,
1684 1631 1751 1686 de
1791 1645 1898 1700 quo
1929 1645 2075 1684 nunc
2099 1628 2329 1700 agimus,
2365 1625 2468 1682 tria
2495 1627 2548 1680 in
2571 1625 2758 1680 codice
2783 1631 2910 1680 sunt
2935 1643 2948 1679 :
2979 1624 3029 1676 ll.
3061 1621 3218 1677 Sacri
3247 1629 3428 1677 textus
3457 1621 3600 1675 facta
3623 1621 3686 1674 ab
3711 1635 3767 1674 eo

536 1725 671 1782 'cum
701 1727 979 1797 Pamphilo
1017 1727 1344 1792 emendatio,
1375 1727 1432 1782 ‘2.
1483 1725 1826 1780 Scholiorum
1873 1723 2125 1794 adjectio,
2152 1725 2206 1780 5.
2252 1721 2645 1791 Prophetarum
2679 1721 2820 1775 vitae.
2851 1718 2915 1772 Et
2973 1717 3189 1772 tertium
3226 1717 3443 1786 quidem
3496 1714 3768 1769 Curterius

550 1822 704 1886 satis,
735 1827 792 1873 ιιι
815 1833 976 1887 supra
999 1819 1255 1883 diximus,
1309 1819 1540 1884 curavit,
1573 1818 1700 1873 vitis
1731 1818 1840 1872 illis
1879 1817 2264 1886 prophetarum
2314 1815 2566 1868 brevibus
2596 1813 2777 1866 editis.
2815 1811 3055 1864 Primum
3084 1825 3148 1863 ac
3195 1809 3494 1864 secundum
3526 1823 3554 1860 τι
3583 1822 3685 1872 me,
3718 1815 3766 1860 ut

548 1923 729 1980 spero,
757 1919 1018 1980 quantum
1049 1925 1184 1979 Opus
1228 1910 1352 1974 erit,
1385 1911 1752 1979 praestabitur,
1777 1924 1898 1964 cum
1955 1910 2098 1962 hunc
2123 1915 2326 1961 textum
2371 1907 2423 1959 in
2457 1907 2589 1960 meis
2621 1905 2832 1958 biblieis
2875 1903 3362 1964 lueubrationilms,
3399 1900 3480 1954 vel
3515 1899 3762 1969 integrum

546 2003 632 2058 vel
666 2012 918 2057 accurate
945 2004 1223 2068 collatum,
1265 2005 1601 2068 exscribam;
1639 2003 1846 2058 scholia
1901 2009 2102 2066 autem,
2131 2000 2216 2054 vel
2258 1999 2442 2068 potius
2473 1997 2791 2066 bexaplares
2841 1996 3121 2057 lectiones,
3150 2001 3422 2062 quatenus
3467 1991 3656 2046 saltem
3695 1991 3766 2042 in-

549 2096 778 2164 cognitae
812 2095 988 2149 adhuc
1041 2095 1260 2164 fuerint,
1289 2111 1396 2152 non
1431 2097 1868 2167 praetermittam.
1920 2095 2054 2148 Nam
2099 2091 2536 2154 Montfauconius
2570 2089 2822 2161 (Hexapl.
2861 2097 2902 2145 t.
2933 2087 2995 2152 Il,
3025 2105 3078 2158 p.
3111 2087 3201 2158 87)
3255 2084 3532 2158 quatridui
3575 2093 3762 2140 tantum

547 2187 723 2257 spatio
749 2201 1068 2244 concessum
1103 2190 1205 2245 sibi
1250 2191 1454 2246 codicis
1487 2206 1647 2246 usum
1683 2189 1855 2248 fuisse
1899 2191 2091 2245 dolens
2119 2188 2214 2242 ait.
2245 2185 2375 2259 (Sed
2401 2193 2582 2242 tamen
2627 2185 2838 2240 Esaiam
2883 2183 3168 2238 Curterius
3211 2189 3369 2236 antea
3425 2181 3760 2244 contulerat}

547 2275 730 2350 Itaque
757 2279 1078 2334 festinanter
1117 2281 1434 2352 trepideque
1470 2283 1540 2336 ob
1596 2283 1876 2353 angustias
1925 2281 2185 2350 temporis
2213 2279 2434 2332 nonnisi
2460 2295 2525 2332 ex
2563 2278 2736 2331 tribus
2773 2277 3072 2346 majoribus
3099 2273 3399 2344 prepbetis,
3435 2273 3642 2328 omisso
3671 2271 3760 2324 Da-

545 2370 688 2424 niele
711 2377 764 2425 et
791 2371 1038 2442 reliquis,
1066 2373 1349 2428 lectionem
1379 2373 1751 2444 hexaplarium
1777 2374 2095 2429 varietatem
2121 2372 2412 2440 excerpsit.
2441 2369 2658 2425 Interim
2683 2385 2784 2426 nos
2811 2385 2921 2423 uno
2959 2369 3141 2422 oblato
3169 2367 3319 2432 folio,
3345 2381 3462 2421 rem
3499 2363 3762 2442 philologis

544 2461 941 2532 philocalisque
973 2473 1280 2534 pergratam
1309 2464 1486 2520 facere
1515 2465 1741 2520 scimus.

611 2630 732 2686 Iam
767 2647 892 2687 vero
921 2633 1045 2704 quia
1077 2634 1208 2702 dixi,
1239 2643 1363 2691 ante
1410 2635 1626 2692 Esaiam
1675 2639 1728 2692 in
1761 2639 1948 2695 codice
1993 2640 2277 2710 prologum
2307 2638 2591 2708 quemdam
2643 2652 2782 2696 esse.
2817 2636 2862 2690 is
2895 2635 2968 2688 ita
3003 2649 3062 2688 se
3081 2633 3276 2687 habet:
3315 2633 3540 2703 Ὀρασις
3583 2629 3644 2699 ἣν
3671 2627 3760 2680 ἴδεν

555 2721 782 2788 Ἡσαΐας
813 2727 924 2788 υἱὸς
968 2726 1162 2796 Ἀμώς.
1193 2729 1412 2800 Οίηοείη
1448 2731 1544 2800 μὲν
1577 2732 1640 2785 ἄν
1665 2749 1746 2795 τις
1775 2733 1864 2785 τὸν
1910 2733 2088 2804 ’Λμὼς
2107 2732 2316 2796 τοῦτον,
2351 2735 2467 2803 ἤτοι
2501 2729 2786 2802 ὁμώνυμον
2817 2726 2952 2782 εἶναι
2987 2727 3079 2780 τοῦ
3127 2727 3182 2780 ὲν
3229 2729 3338 2789 τοῖς
3365 2723 3590 2788 δόῶεκα,
3628 2722 3658 2792 ἢ
3685 2721 3760 2774 τῦν

541 2814 704 2869 αὐτὸν
737 2819 968 2870 ἐκεῖνον·
996 2821 1100 2890 χρὴ
1128 2821 1184 2873 δὲ
1205 2822 1419 2888 εἰδέναι,
1454 2824 1533 2877 ὅτι
1563 2827 1590 2878 ὁ
1627 2827 1723 2895 μὲν
1759 2827 1937 2898 πατὴρ
1977 2829 2217 2892 Ἡσαΐου,
2251 2830 2378 2898 παρ’
2411 2831 2538 2898 ἡμῖν
2567 2826 2869 2879 τελευταῖον
2902 2827 3068 2893 σῖγμα
3091 2823 3220 2892 ἔχει,
3254 2821 3316 2872 τὸ
3345 2821 3472 2890 παρ’
3519 2817 3759 2888 Ἑϐραίοις

541 2906 869 2977 καλούμενον
893 2909 1004 2974 σὲν,
1029 2912 1162 2983 ὅπερ
1185 2915 1346 2966 οἱονεὶ
1362 2914 1492 2967 δασύ
1521 2918 1634 2969 ἐστι
1663 2921 1855 2988 σῖγμα·
1883 2923 1909 2973 ὁ
1935 2921 1989 2973 δὲ
2029 2924 2086 2974 ἐν
2124 2925 2234 2986 τοῖς
2261 2922 2484 2986 δώδεκα,
2514 2921 2667 2991 λήγει
2697 2922 2776 2984 είς
2799 2917 3104 2970 τελευταῖον
3141 2917 3398 2986 στοιχεῖον
3425 2913 3488 2966 τὸ
3523 2911 3758 2981 καλούμε-

541 3012 630 3049 νον
670 2999 822 3069 nam
844 3001 978 3072 ὅπερ
1015 3003 1172 3055 οἱονεὶ
1206 3005 1522 3076 φιλούμενόν
1558 3010 1672 3061 ἐστι
1719 3014 1886 3082 σῖγμα
1923 3012 2019 3082 (η)·
2058 3013 2236 3084 ἔχουσι
2273 3014 2328 3066 δὲ
2367 3015 2603 3084 Ἑϐραῖοι
2637 3013 2731 3066 καὶ
2763 3011 2964 3083 τρίτον,
2997 3009 3149 3080 παρὰ
3171 3007 3240 3062 τὰ
3274 3007 3365 3060 δύο
3391 3005 3582 3069 ταῦτα,
3619 3007 3760 3072 sinu

538 3087 600 3141 τὺ
625 3089 954 3162 καλούμενον
980 3095 1215 3164 σαμχὰο,
1244 3098 1378 3168 ὅπερ
1414 3099 1526 3152 ἴσον
1556 3099 1774 3154 δύναται
1804 3103 1879 3173 τῷ
1913 3107 2086 3157 εἰπεῖν
2122 3107 2308 3176 σῖγμα.
2341 3136 2409 3146 --
2440 3105 2679 3176 ’Ἠρξατο
2707 3105 2803 3174 μὲν
2838 3106 2894 3156 ὲν
2941 3101 3186 3173 βασιλείᾳ
3218 3099 3392 3164 Ὀξίου
3429 3095 3758 3170 προφητεύειν

539 3179 568 3231 ὁ
607 3180 849 3246 Ἡσαΐας,
873 3185 966 3237 καὶ
989 3189 1302 3257 παρατείνει
1334 3191 1494 3262 μέχρι
1541 3191 1798 3258 Ἐζεκίου·
1829 3197 1897 3250 τὰ
1923 3197 1978 3250 δὲ
2010 3198 2212 3251 τούτων
2238 3198 2330 3270 ἔτη
2376 3199 2482 3252 ἀπὸ
2508 3199 2606 3268 τῆς
2644 3197 2907 3269 τετάρτης
2937 3195 3043 3248 τῶν
3072 3193 3364 3247 Βασιλειῶν
3392 3193 3408 3223 ¹
3439 3194 3552 3245 ἐστι
3575 3189 3724 3243 ταῦτα
3743 3202 3756 3214 ·

551 3272 730 3338 Ὀζίας
761 3277 790 3328 ὁ
823 3280 914 3331 καὶ
946 3279 1194 3352 Ἀζαρίας
1223 3283 1294 3355 (b)
1333 3284 1425 3356 ἔτη
1473 3289 1808 3360 πεντήκοντα
1852 3291 1961 3345 δύο⁸
2000 3292 2136 3362 μετὰ
2186 3293 2374 3346 τοῦτον
2430 3291 2664 3363 Ἰωάθαμ
2707 3291 2799 3362 ἐτη
2843 3289 3066 3354 δεκαέξο
3113 3291 3228 3360 μετ’
3273 3289 3434 3342 αὐτὸν
3476 3285 3642 3356 ’Ἄχας
3681 3282 3758 3350 ἔτη

537 3363 759 3460 δεκαέξ·
805 3370 920 3439 μετ’
960 3373 1117 3426 αὑτὸν
1159 3375 1400 3440 Ἐζεκίας
1427 3379 1454 3430 ὁ
1505 3379 1617 3444 υίὸς
1664 3381 1826 3435 αὑτοῦ
1866 3383 1956 3456 ἔτη
1990 3385 2348 3438 εἰκοσιεννέα·
2384 3383 2572 3453 ἐπειδὴ
2616 3383 2837 3454 φέρεται
2891 3383 3194 3456 προφητεία
3239 3382 3460 3436 Ἡσαΐου
3504 3383 3559 3433 ὲν
3595 3393 3760 3430 τεσσα-

541 3459 939 3533 Ρεσκαιδεκάτῳ
967 3463 1072 3518 ἔτει
1117 3466 1354 3531 Ἐζεκίου
1398 3471 1682 3544 εἰρημένη,
1718 3476 1885 3547 χωρὶς
1923 3476 2029 3531 τῶν
2054 3495 2117 3546 γε
2158 3477 2330 3542 Ὀζίου
2363 3479 2566 3549 χρόνων
2599 3477 2807 3549 ἀδήλων
2842 3476 3030 3541 ὄντων,
3064 3476 3158 3529 καὶ
3185 3473 3291 3528 τῶν
3329 3473 3470 3546 μετὰ
3501 3471 3557 3525 τὸ
3583 3485 3755 3522 τεσσα-

541 3551 952 3652 ξεσκαιξεκατον
996 3555 1255 3625 Ἐζεκίου,
1290 3559 1357 3613 τὰ
1404 3563 1604 3632 μεταξὺ
1646 3566 1846 3621 τούτων
1878 3570 1974 3642 τῆς
2004 3571 2338 3642 προφητείας
2357 3571 2452 3642 ἔτη
2491 3571 2699 3642 γίνεται
2737 3569 3238 3643 τεσσαρακονταέξ·
3273 3571 3330 3622 ἐν
3363 3567 3570 3630 τούτοις
3599 3565 3650 3618 δὲ
3681 3559 3756 3614 καὶ

607 3643 702 3695 τοῦ
741 3645 895 3718 Ὠσηὲ
923 3649 1210 3720 γεγένηται
1248 3655 1573 3725 προφητεία.

620 3807 773 3904 Visio
793 3827 950 3880 quam
975 3813 1104 3866 vidit
1135 3813 1324 3869 Esaias
1353 3818 1500 3886 [ilius
1525 3819 1706 3877 Amos.
1737 3821 2072 3879 Existimabit
2099 3826 2325 3896 fortasse
2346 3827 2554 3898 aliquis,
2591 3829 2726 3883 hunc
2751 3829 2912 3885 Amos
2941 3831 3020 3885 vel
3047 3832 3414 3904 homonymum
3445 3850 3556 3888 esse
3579 3835 3655 3888 illi
3681 3833 3756 3903 qui

540 3909 618 4004 est
645 3917 711 4004 ea:
739 3903 1012 4004 duodecim
1047 3925 1283 4004 numero,
1355 3915 1433 3966 vel
1467 3916 1572 3968 imo
1619 3917 1856 3972 eumdem
1905 3921 2186 3976 hominem.
2225 3922 2508 3977 Sciendum
2537 3941 2652 3978 vero
2680 3935 2778 3991 est,
2814 3924 2992 3980 Esaiw
3031 3931 3198 3996 patris
3243 3903 3430 3982 nomen
3462 3930 3754 3984 desinerent

542 3992 678 4091 illud
703 3996 890 4091 sigma,
921 3998 1058 4068 quod
1089 4000 1299 4056 Hebraei
1339 4008 1608 4075 appellant
1643 4011 1746 4072 sin,
1779 4011 2013 4082 quodque
2050 4023 2126 4067 est
2163 4015 2318 4068 veluti
2348 4032 2586 4085 asperum
2611 4018 2800 4088 sigma.
2835 4017 2998 4072 Illum
3029 3992 3202 4074 hutem
3229 4023 3318 4091 qui
3348 4031 3424 4076 est
3469 4039 3534 4076 ea:
3568 4037 3753 4075 numero

538 4089 833 4192 duodecim,
863 4093 1050 4192 hahere
1089 4107 1416 4192 postremum
1443 4101 1753 4156 elementum
1799 4105 1936 4175 quod
1965 4108 2090 4161 sade
2137 4107 2354 4172 dicitur,
2391 4110 2631 4180 quodque
2669 4113 2842 4166 instar
2873 4111 3001 4166 lenis
3027 4089 3266 4184 sigmatis
3305 4123 3402 4170 est.
3447 4115 3644 4168 Habent
3669 4111 3754 4166 He-

543 4178 691 4278 lirmi,
718 4193 907 4252 prwter
934 4185 1044 4240 haec
1065 4187 1188 4252 duo,
1216 4191 1424 4244 tertium
1444 4209 1644 4264 quoque
1670 4197 1860 4266 sigma,
1892 4198 2092 4251 dictum
2123 4178 2420 4264 samchath,
2453 4203 2592 4272 quod
2619 4203 2756 4258 idem
2783 4213 2860 4258 est
2881 4221 2944 4258 ac
2973 4207 3020 4260 si
3041 4178 3190 4260 dicas
3214 4208 3402 4278 sigma.
3423 4237 3498 4248 —
3521 4206 3752 4276 Regnante

541 4271 679 4378 .O'sia
713 4279 860 4378 capit
887 4280 1194 4378 prophetare
1223 4283 1436 4378 Esaias,
1468 4290 1794 4360 pervenitque
1843 4307 2004 4362 usque
2035 4293 2104 4346 ad
2137 4293 2438 4352 Ezechiam.
2465 4271 2604 4351 71am
2633 4298 2818 4352 horum
2845 4293 2972 4352 ἁηηί
3009 4299 3064 4354 in
3097 4271 3286 4369 quarto
3319 4271 3610 4370 Regnorum
3640 4299 3750 4351 libro

537 4365 594 4474 hi
619 4379 760 4474 sunt.
815 4369 996 4474 O'zias,
1023 4375 1111 4444 qui
1163 4385 1214 4474 et
1247 4377 1495 4474 daarjas,
1529 4383 1684 4474 annis
1717 4385 2098 4456 quinquaginta
2149 4387 2376 4445 duobus.
2431 4389 2560 4446 Post
2601 4392 2739 4446 hunc
2770 4392 3021 4448 Joatham
3075 4365 3228 4450 annis
3263 4365 3546 4448 sexdecim.
3585 4392 3750 4446 Deinde

535 4457 716 4564 deliga
739 4463 1340 4564 annisitemsexdecim.
1371 4469 1567 4527 Postea
1601 4473 1855 4530 Ezechias
1888 4478 2032 4547 ﬁlius
2065 4481 2178 4550 ejus
2211 4485 2366 4537 anatis
2405 4485 2587 4554 viginti
2627 4503 2827 4540 nouem.
2867 4487 3128 4553 Quoniam
3163 4489 3324 4560 igitur
3357 4487 3538 4544 Esaiae
3563 4489 3750 4558 prophe-

535 4551 931 4656 ti‘afi‘eriudhuc
947 4555 1298 4656 dicitur-anno
1329 4565 1716 4633 quartodecimo
1747 4567 2006 4638 Ezechiae,
2037 4576 2236 4630 omissa
2263 4579 2423 4631 etiam
2451 4551 2598 4634 θείω
2625 4589 2775 4648 parte
2805 4551 2902 4634 illa
2941 4551 3204 4636 annorum
3229 4599 3346 4654 quae
3383 4551 3744 4654 incognita-est,

531 4652 582 4696 et
615 4645 724 4752 iiiis
745 4664 949 4752 quoque
967 4649 1204 4706 Ezechiae
1233 4658 1383 4752 annis
1411 4661 1501 4752 qui
1528 4671 1646 4729 post
1668 4673 1912 4732 quartum
1950 4666 2210 4722 decimum
2243 4670 2408 4740 fuere,
2429 4645 2712 4742 prophetia:
2735 4675 2832 4728 hoc
2867 4675 3175 4730 intermedio
3201 4645 3430 4746 tempore
3461 4645 3614 4747 {dcta
3631 4675 3746 4745 ﬁll!!!

533 4741 662 4792 anni
691 4741 1044 4816 quadraginta
1083 4763 1192 4800 sex.
1232 4747 1384 4804 Intra
1409 4751 1506 4806 hoc
1539 4765 1712 4809 autem
1746 4761 1976 4827 spatium
2013 4759 2162 4818 Osee:
2199 4781 2400 4834 quoque
2417 4741 2622 4820 exstitit
2661 4768 2957 4838 prophetia.

603 4893 793 4950 Adhuc
813 4913 992 5002 unum
1017 4901 1084 4955 de
1113 4901 1217 4956 hoc
1267 4903 1453 5002 codice
1501 4907 1868 4968 adnotandum
1914 4927 2181 4988 superest.
2233 4920 2364 4978 Post
2405 4923 2742 4982 Eusebianas
2795 4927 3177 4998 prophetarum
3209 4927 3386 4996 Vitas,
3423 4947 3561 5002 quas
3606 4943 3740 5000 supra

529 4999 976 5060 memoravimus,
1006 5004 1308 5065 sequuntur
1356 4999 1475 5054 aliae
1503 5003 1816 5060 eorumdem
1865 5011 2176 5080 ampliores,
2221 5023 2281 5068 ut
2313 5017 2442 5071 item
2491 5017 2750 5087 diximus,
2791 5021 2978 5076 eadem
3029 5036 3190 5075 manu
3225 4999 3742 5091 vetera—iisdemque

601 5163 620 5195 ⁸
647 5162 693 5220 ll
721 5163 904 5223 Paral.
939 5184 1067 5226 xxvi
1101 5187 1216 5244 seq.

531 5342 684 5445 Μςίξλ
701 5343 2070 5445 Yﬁllenqlljjggcmqt‘gcum“testu'm.Hieronymus,
2093 5365 2174 5419 vel
2205 5376 2352 5445 certe
2377 5383 2508 5445 cum
2540 5387 2605 5445 eo
2638 5376 2930 5438 consentit,
2963 5375 3256 5434 Comment.
3291 5381 3346 5434 in
3399 5382 3612 5438 Esaiam
3651 5381 3736 5438 sub

529 5417 1089 5518 :q'tttqtrgfkpa‘t‘er
1542 5427 1776 5518 plerique
1795 5417 2092 5516 autumant,
2127 5439 2310 5518 tertius
2352 5439 2626 5518 duodecim
2649 5417 3274 5513 proLizklaiuanéKET's'éa

526 5487 794 5610 ἓὶιξειὲἕιά
827 5487 1076 5544 Hebraeos
1108 5493 1406 5548 scribuntur
1445 5487 1652 5556 litteris.
1692 5487 1806 5555 'lste
1829 5504 2054 5571 primunt
2081 5487 3160 5574 'ez'eiii-inii;'tiii'ériz'éﬁh‘ééii£6};
3183 5487 3435 5591 275:5;

531 5693 1732 5850 ἕρδὲὁὶὲοᾶξὶρέειιὲῗαῐὲἓῗιιᾉὲἅξὲρὲῗὲἰξὲοι
1774 5719 1848 5776 ibi
1875 5720 2218 5779 emendatum
2262 5725 2533 5798 Ἀζαρίας.
2571 5724 2784 5798 Rcapse
2824 5727 2882 5788 S.
2921 5728 3282 5806 Hieronymus
3311 5734 3415 5792 loc.
3452 5737 3578 5794 cit.:
3609 5733 3730 5794 Osis
