3938 6510
83 504 185 562 373
1209 485 1298 543 DE
1338 485 1548 545 CUBIS
1590 485 1878 542 BlBLlClS
1911 486 2199 544 EUSEBH.
3218 487 3324 544 επ

85 627 388 680 litterarum
443 609 808 674 formis.'tium
855 601 1012 666 titulo
1048 628 1060 663 :
1103 608 1369 680 Ὀνόματα
1401 607 1640 680 προφητι]

1768 608 1835 660 εα¹ι
1869 604 2030 660 πόθεν
2057 605 2184 670 εἰσὶ,
2211 605 2304 657 καὶ
2357 604 2458 657 ποῦ
2487 603 2774 671 ἀπέθανον,
2817 606 2910 659 καὶ
2948 605 3062 669 πῶς
3097 607 3190 660 καὶ
3217 605 3323 660 ποῦ

84 720 288 772 κεῖνται
307 731 322 746 ·
361 710 598 765 Nomina
625 709 1018 778 prophetarum,
1049 713 1096 757 et
1119 703 1348 771 ipsorum
1380 702 1590 771 patriae,
1618 709 1666 754 et
1694 700 1910 752 ubinam
1940 699 2155 761 mortui,
2183 707 2231 751 et
2267 696 2524 766 quomodo
2549 706 2598 751 et
2625 713 2724 767 quo
2764 698 2876 752 loco
2897 697 3086 766 sepulti
3106 698 3326 763 fuerint.

86 811 279 866 Mirum
319 820 489 877 porro
516 811 602 858 est
631 798 776 870 quod
804 812 980 867 neque
1028 793 1312 850 Curterius
1341 808 1527 877 neque
1569 789 2003 847 Montfauconius
2052 791 2218 845 ullam
2269 791 2433 861 hujus
2483 792 2672 862 scripti
2720 791 3049 847 mentionem
3099 792 3330 849 fecerint

87 871 338 972 (diversa
356 897 503 952 enim
553 899 680 948 sunt
705 892 959 946 lemmata
999 887 1088 942 illa
1126 901 1247 957 quae
1280 871 1444 939 manu
1469 887 1770 941 recentiore
1810 885 2015 957 scripta
2044 885 2482 942 Montlauconius
2526 889 2767 958 neglecta
2805 901 2836 940 a
2870 886 3122 942 Curterio
3149 888 3327 961 dicit).

85 989 391 1060 Ceteroqui
434 987 631 1058 legenti
667 983 799 1038 mihi
834 980 977 1036 haud
1005 995 1146 1050 azgre
1202 979 1459 1044 innotuit,
1501 979 1600 1035 has
1627 995 1750 1035 esse
1787 980 1909 1036 illas
1949 980 2337 1051 prophetarum
2387 979 2561 1042 Vitas,
2601 995 2830 1051 quarum
2880 980 3077 1035 cinnus
3111 981 3328 1051 quidam

86 1091 338 1156 peractus
367 1081 470 1134 fuit
505 1079 562 1132 in
600 1077 756 1132 libris
784 1074 980 1138 editis;
1011 1081 1126 1125 tum
1148 1071 1398 1126 videlicet
1421 1069 1707 1142 Epiphanii
1736 1072 1788 1126 in
1820 1073 2055 1127 editione
2092 1071 2386 1126 Petaviana
2415 1070 2508 1125 Gr.
2537 1071 2656 1127 Lat.
2683 1080 2724 1126 t.
2751 1070 2814 1137 ll,
2847 1081 2960 1127 tum
2989 1073 3045 1127 in
3073 1073 3332 1129 Chronico

86 1175 321 1245 paschali
368 1171 458 1227 ed.
505 1169 708 1234 Paris.,
743 1183 798 1237 p.
837 1167 939 1220 146
993 1181 1182 1234 seqq.:
1214 1179 1524 1234 quanquam
1568 1163 1790 1219 Graecus
1832 1172 2014 1219 textus
2044 1174 2098 1219 et
2130 1164 2186 1218 in
2233 1164 2488 1219 Chronico
2521 1164 2675 1220 valde
2709 1175 2790 1220 est
2845 1166 3158 1230 mendosus,
3191 1175 3245 1220 et
3279 1168 3336 1220 in

88 1266 391 1339 Epiphanio
425 1279 534 1318 non
563 1277 750 1332 parum
780 1259 973 1314 variat.
1014 1257 1255 1326 Denique
1274 1257 1357 1312 ha:
1385 1256 1521 1311 Vitae
1553 1257 1657 1312 sub
1689 1257 1944 1313 Dorothei
1971 1255 2118 1329 Tyrii
2153 1258 2373 1312 nomine
2394 1265 2607 1312 exstant
2645 1258 2698 1312 in
2723 1257 3074 1328 Lugdunensi
3107 1259 3336 1314 Patrum

90 1358 433 1422 Bibliotheca,
475 1363 517 1410 t.
543 1353 627 1418 ΙΙΙ,
663 1369 716 1424 p.
753 1351 878 1415 ηε,
907 1351 1097 1406 Latine
1145 1349 1543 1405 tantuinmodo.
1568 1348 1870 1420 Caeteroqui
1915 1350 2120 1405 frustra
2150 1350 2550 1420 lprdpemodum
2583 1349 2658 1404 ait
2685 1350 2909 1406 Canus
2939 1351 3186 1407 Graecum
3227 1351 3340 1406 Do.-

92 1453 257 1507 r0thei
283 1457 496 1506 textum
537 1462 659 1502 esse
682 1446 966 1507 ineditum,
995 1443 1434 1514 quandoquidem
1465 1444 1521 1497 in
1548 1445 1789 1513 paschali
1818 1444 2078 1499 Chronico
2115 1460 2251 1514 pene
2273 1453 2416 1499 totus
2447 1445 2666 1514 legitur.
2696 1443 2852 1498 Nunc
2879 1452 3101 1516 propter
3129 1445 3340 1502 codicis

93 1542 334 1598 Vaticani
392 1541 772 1610 antiquitatem
823 1553 886 1592 ac
913 1537 1234 1602 bonitatem,
1262 1537 1408 1592 haud
1435 1538 1552 1594 scio
1581 1554 1648 1592 an
1691 1539 1877 1610 scripti
1932 1538 2096 1608 hujus
2137 1553 2276 1592 nova
2305 1538 2473 1594 editio
2521 1538 2820 1608 meliorque
2877 1537 3168 1609 aliquando
3221 1556 3343 1595 mo-

92 1636 262 1692 lienda
301 1636 396 1692 sit.
433 1633 693 1702 Exemplo
720 1631 1010 1702 gustuique
1036 1630 1106 1686 sit
1147 1630 1386 1684 narratio
1415 1631 1803 1685 miraculorum
1839 1629 2039 1695 Elisaei,
2069 1646 2190 1701 quae
2215 1631 2367 1686 deest
2407 1630 2461 1684 in
2496 1629 2754 1684 Chronico
2782 1645 2834 1701 p.
2868 1630 2994 1694 161,
3032 1631 3122 1684 ubi
3160 1631 3341 1687 brevis

95 1731 326 1801 ejusdem
360 1729 486 1784 Vita
521 1730 734 1798 legitur,
767 1736 927 1797 prout
956 1728 1010 1780 in
1035 1727 1224 1782 codice
1258 1734 1449 1782 nostro
1473 1735 1579 1792 est,
1612 1728 1709 1782 sed
1737 1728 1945 1797 reliqua
1976 1743 2085 1782 non
2109 1729 2257 1790 item,
2283 1742 2403 1797 qua:
2425 1734 2552 1780 sunt
2581 1727 2632 1780 in
2659 1727 2848 1781 codice
2870 1725 2965 1780 fol.
2996 1725 3084 1789 10,
3112 1726 3197 1788 Η,
3224 1728 3338 1783 sic:

96 1825 167 1877 Τά
194 1824 249 1877 δὲ
278 1825 482 1893 σημεῖα
508 1821 544 1874 ἃ
575 1819 847 1889 ἐποίησεν,
876 1810 982 1871 εἰσὶ
1000 1817 1191 1870 ταῦτα.
1235 1817 1502 1882 Ἐπάταξε
1523 1819 1617 1872 καὶ
1645 1818 1806 1882 αὐτὸς
1845 1819 1936 1871 τὸν
1986 1818 2255 1890 Ἰορδάνην
2285 1821 2351 1888 τῇ
2394 1816 2611 1888 μηλωτῇ
2644 1819 2709 1887 τῇ
2753 1815 2953 1879 Ἠλιοῦ,
2986 1816 3081 1870 καὶ
3119 1817 3342 1890 διῃρέθη

97 1915 149 1969 τὺ
181 1913 343 1987 "natura,
387 1914 482 1966 καὶ
501 1911 650 1983 διέϐη
679 1913 772 1965 καὶ
798 1910 959 1974 αὐτὸς
989 1908 1137 1982 ξηρῷ
1167 1909 1244 1980 τῷ
1273 1911 1413 1964 ποδί.
1446 1911 1526 1964 Τά
1552 1909 1722 1965 ὕδατα
1762 1913 1820 1964 ὲν
1872 1911 2080 1982 Ἱεριχὼ
2110 1911 2320 1983 πονηρά
2348 1906 2414 1982 ἦν
2454 1911 2545 1963 καὶ
2585 1910 2754 1978 ἀγονα
2772 1925 2784 1940 ⁸
2816 1909 2908 1964 καὶ
2931 1910 3168 1973 ἀκούσας
3193 1915 3344 1984 παρὰ

97 2007 193 2059 τῶν
217 2007 316 2077 τῆς
336 2005 565 2068 πόλεως,
583 2003 950 2057 ἐπεκαλέσατο
976 2003 1068 2055 τὸν
1090 2003 1243 2066 Θεὸν,
1266 2005 1360 2057 καὶ
1388 1999 1558 2058 εἶπενο
1586 2024 1606 2057 ι
1632 2007 1820 2078 Ἴαμαι
1851 2007 1919 2060 τὰ
1947 2006 2112 2061 ὕδατα
2139 2005 2330 2069 ταῦτα,
2360 2005 2452 2058 καὶ
2467 1991 2566 2058 οὒκ
2599 2005 2748 2058 ἔσται
2775 2005 2852 2058 ἔτι
2880 2005 3088 2058 ἐκεῖθεν
3118 2005 3342 2071 θάνατος

101 2100 182 2152 καὶ
199 2096 587 2167 ἀτεκνουμένηο
615 2114 633 2147 ι
658 2095 751 2148 καὶ
769 2095 996 2165 ίάθησαν
1023 2094 1092 2148 τὰ
1119 2093 1286 2148 ὕδατα
1299 2095 1402 2159 ἕως
1426 2096 1528 2166 τῆς
1552 2092 1770 2169 ἡμέρας
1793 2097 2011 2170 ταύτης.
2032 2098 2241 2152 Παίδων
2257 2096 2632 2151 ἀτακτούντων
2660 2097 2778 2150 κατ’
2803 2096 2968 2150 αὐτοῦ
2999 2097 3342 2168 κατηράσατο

102 2193 150 2244 ἐν
176 2193 374 2255 αὐτοῖς,
393 2193 486 2244 καὶ
512 2189 823 2255 ἐξελθοῦσαι
847 2189 940 2242 δύο
967 2190 1158 2261 ἀρκτοι
1185 2189 1483 2262 ὲνὲρρηξαν
1501 2190 1559 2256 ἐξ
1583 2191 1760 2244 αὐτῶν
1794 2192 1901 2264 μϐ’.
1934 2192 2076 2262 Γυνὴ
2112 2192 2391 2264 προφήτου
2419 2191 2836 2263 τελευτήσαντος
2866 2189 3164 2261 ὀχλουμένη
3198 2191 3345 2261 παρὰ

102 2285 398 2349 δανειστῶν,
415 2280 596 2356 καὶμὴ
626 2283 822 2354 ἔχουσα
849 2283 1158 2348 ἀποδοῦναι,
1189 2283 1462 2356 προσῆλθε
1484 2284 1562 2355 τῷ
1609 2282 1876 2355 Έλισαίῳ,
1911 2284 2005 2337 καὶ
2037 2283 2337 2337 ἐνετείλατο
2363 2284 2498 2355 αὐτῇ
2534 2286 2850 2353 συναγαγεῖν
2877 2282 3044 2352 ἀγγία
3065 2281 3226 2335 καινά
3246 2284 3346 2336 ὅσα

105 2377 327 2443 δύναται,
367 2376 461 2429 καὶ
492 2377 554 2429 τὸ
576 2376 698 2446 ἔχον
719 2376 992 2442 ὀλιγοστὸν
1015 2375 1190 2429 ἔλαιον
1219 2374 1473 2429 ἐκκενοῦν
1495 2378 1573 2452 είς
1603 2375 1742 2429 αὐτὰ
1765 2376 1869 2439 ἕως
1897 2377 2107 2446 ἀποσχῇ
2137 2375 2206 2429 τὰ
2235 2375 2422 2443 ἁγγία,
2457 2368 2549 2427 καὶ
2575 2374 2732 2427 τοῦτο
2767 2377 3037 2445 ποιήσασα
3061 2372 3195 2443 ὲπλή
3207 2391 3344 2444 ρωσε

105 2470 164 2521 τὰ
196 2469 383 2538 ἀγγία,
411 2469 505 2522 καὶ
544 2468 848 2522 ἀποδέδωκε
889 2470 1001 2532 τοῖς
1029 2465 1350 2530 δανεισταῖς,
1377 2468 1472 2522 καὶ
1502 2467 1562 2523 τὸ
1601 2469 1923 2542 περισσεῦον
1965 2469 2120 2541 ἔσχεν
2166 2470 2245 2533 είς
2285 2467 2577 2540 διατροφὴν
2609 2468 2717 2522 τῶν
2758 2469 2981 2522 παίδων.
3019 2467 3112 2532 Εἰς
3134 2467 3347 2538 Σουμᾶν

110 2560 338 2615 ἀπελθὼν
369 2561 548 2632 ἔμεινε
588 2561 738 2632 παρά
763 2576 869 2613 τινι
901 2561 1140 2629 γυναικὶ,
1172 2560 1268 2613 καὶ
1311 2560 1386 2633 μὴ
1429 2560 1689 2615 ποιοῦσαν
1742 2561 1912 2633 αὐτὴν
1945 2560 2178 2625 παιδίον,
2209 2559 2577 2632 ἐπιθυμοῦσαν
2622 2559 2678 2613 δὲ
2722 2544 2889 2630 σχεῖν,
2927 2559 3218 2629 εὐξάμενος
3249 2573 3345 2612 πε-

109 2652 284 2727 ποίηκε
310 2652 596 2706 συλλαϐεῖν
625 2652 718 2706 καὶ
747 2651 926 2706 τεκεῖν
947 2669 960 2682 ·
992 2647 1111 2705 εἶτα
1138 2649 1476 2706 ἀποθανόντα
1515 2652 1606 2706 τὸν
1646 2653 1832 2725 παῖδα,
1873 2651 2164 2723 εὐξάμενος
2201 2651 2360 2706 πάλιν
2383 2651 2600 2724 ἤγειρεν
2634 2652 2697 2704 ὲκ
2724 2651 2953 2723 νεκρῶν.
2982 2650 3076 2713 Εἰς
3101 2650 3350 2720 Γάλγαλα

111 2746 259 2799 ἐλθὼν
287 2745 536 2817 κατήχθη
563 2761 637 2798 πα
647 2743 714 2814 ρὰ
735 2747 844 2808 τοῖς
866 2743 1003 2808 υἱοῖς
1016 2741 1122 2796 τῶν
1141 2743 1452 2816 προφητῶν,
1475 2747 1569 2799 καὶ
1584 2742 1867 2815 ἐψεθέντος
1891 2741 2254 2820 προσφαγίου,
2281 2746 2375 2798 καὶ
2398 2743 2689 2814 θανατικῆς
2718 2743 2945 2814 βοτάνης
2968 2742 3345 2812 συνεψεθείσης

112 2834 175 2906 τῷ
201 2837 540 2909 προσφαγίῳ,
571 2837 664 2890 καὶ
687 2839 819 2909 παρ’
845 2835 1023 2905 ὀλίγον
1058 2837 1472 2891 κινδυνευόντων
1497 2837 1732 2904 πάντων,
1757 2839 2053 2909 πεποίηκεν
2082 2838 2312 2903 ἀϐλαϐὲς
2353 2838 2447 2892 καὶ
2472 2838 2567 2908 ἡδὺ
2601 2833 2661 2890 τδ
2688 2837 2901 2910 βρῶμα.
2935 2837 3054 2890 Τῶν
3088 2837 3216 2890 υἱῶν
3239 2838 3346 2891 τῶν

115 2929 388 3001 προφητῶν
414 2929 718 2982 κοπτόντων
743 2928 873 2996 ξύλα
904 2929 1054 3004 παρά
1073 2928 1163 2982 τὸν
1204 2929 1490 3002 Ἰορδάνην,
1526 2929 1748 2995 ἐξέπεσε
1781 2929 1840 2984 τὸ
1875 2931 2136 3004 δρέπανον
2155 2932 2250 2986 καὶ
2279 2930 2670 3001 κατεποντίσθη
2690 2929 2760 3018 ’.ὁ
2799 2930 2855 2983 δὲ
2897 2929 3160 2993 Ἐλισαῖος
3196 2923 3348 3000 εὐχό-

116 3035 252 3086 μενος
291 3021 591 3090 πεποίηκεν
613 3021 937 3076 ὲπιπολᾶσαι
965 3022 1027 3076 τὸ
1057 3022 1341 3094 δρέπανον.
1371 3023 1568 3094 Ναμᾶν
1595 3025 1624 3076 6
1656 3022 1827 3096 Σύρος
1851 3021 1918 3076 δι’
1942 3023 2108 3077 αὑτοῦ
2139 3023 2472 3096 ἐκαθαρίσθη
2498 3027 2517 3056 ’
2545 3023 2652 3077 ἀπὺ
2680 3024 2776 3094 τῆς
2797 3021 3000 3094 λέπρας
3053 3021 3156 3074 Τὸν
3186 3022 3348 3076 παῖδα

117 3113 257 3166 αὐτοῦ
295 3113 558 3178 Ἐλισαῖος
579 3114 865 3186 λεγόμενον
891 3115 1088 3182 Γιεζεὶ,
1116 3115 1411 3169 ἀπελθόντα
1435 3116 1619 3187 κρυφᾶ
1648 3115 1798 3188 παρὰ
1819 3115 2042 3188 γνώμην
2070 3107 2389 3188 αῦτοῦςπρὸς
2415 3116 2612 3194 Ναμᾷν
2631 3115 2722 3168 καὶ
2745 3117 3042 3186 αἰτήσαντα
3069 3116 3349 3186 ἀργύριον,

118 3199 320 3277 ὕστερον
347 3206 569 3260 ἐλθόντα
609 3208 702 3261 καὶ
733 3207 1063 3280 ἀρνούμενον
1099 3209 1289 3280 ἤλεγξε
1316 3211 1408 3264 καὶ
1443 3209 1791 3282 κατηράσατο
1825 3211 2005 3276 αὑτὸν,
2033 3211 2126 3264 καὶ
2175 3209 2364 3280 γέγονε
2393 3210 2592 3282 λεπρός
2614 3226 2628 3239 ο
2661 3209 2918 3279 βασιλέως
2951 3209 3148 3281 Συρίας
3193 3207 3348 3261 πολε-

123 3295 322 3365 μοῦντος
342 3298 432 3351 τὸν
476 3298 710 3370 Ἰσραὴλ,
743 3300 1072 3370 ἡσφαλίζετο
1105 3300 1195 3354 τὸν
1229 3301 1451 3372 βασιλέα
1490 3301 1706 3374 Ἰσραὴλ
1733 3302 2088 3372 ἀπαγγέλλων
2131 3302 2278 3372 αὐτῷ
2307 3301 2404 3366 τὰς
2433 3301 2650 3371 σκέψεις
2674 3301 2767 3354 τοῦ
2807 3300 3001 3372 ἐχθροῦ
3021 3317 3034 3329 °
3063 3299 3218 3353 τοῦτο
3250 3317 3351 3369 μα-

121 3387 210 3441 θὼν
231 3393 259 3444 6
287 3390 537 3461 βασιλεὺς
568 3391 764 3462 Συρίας
793 3392 1000 3464 πέμπει
1028 3392 1255 3464 δύναμιν
1279 3395 1504 3463 ἀγαγεῖν
1531 3393 1622 3447 τὸν
1646 3395 1960 3466 προφήτηνο
1989 3395 2017 3447 6
2044 3393 2100 3447 δὲ
2119 3393 2414 3464 εὐξάμενος
2458 3389 2752 3462 πεποίηκεν
2792 3391 2987 3453 αὐτοὺς
3011 3388 3351 3458 παταχθῆναι

123 3479 349 3553 ἀορασίᾳ,
375 3483 470 3536 καὶ
493 3485 779 3554 ἀπήγαγεν
801 3485 879 3548 είς
905 3485 1216 3558 Σαμάρειαν
1247 3486 1397 3557 παρά
1415 3487 1541 3550 τοὺς
1564 3487 1810 3560 ἐχθροὺς,
1852 3487 2106 3552 ἀϐλαϐεῖς
2131 3504 2188 3541 τε
2222 3487 2418 3549 αὐτοὺς
2477 3484 2715 3555 φυλάξας
2743 3483 2964 3538 διέσωσε
2999 3483 3092 3536 καλ⁵
3125 3481 3315 3552 ἔθρεψε
3333 3498 3347 3512 ⁸

121 3574 257 3629 τοῦτο
278 3577 462 3644 μαθὼν
497 3579 525 3629 6
547 3577 799 3648 βασιλεὺς
822 3579 1020 3651 Συρίας
1049 3580 1325 3634 ἐπαύσατο
1345 3578 1440 3634 τοῦ
1478 3581 1748 3652 πολεμεῖν.
1769 3579 1926 3634 Μετά
1955 3581 2182 3635 θάνατον
2225 3579 2490 3634 Ἐλισαίου
2523 3575 2806 3634 ἀποθανών
2834 3594 2918 3639 τις
2959 3577 3052 3629 καὶ
3084 3575 3352 3645 θαπτόμε·

123 3679 197 3726 νος
215 3667 406 3740 ἐρρίφη
438 3668 532 3722 ἐπὶ
555 3670 622 3724 τὰ
641 3672 772 3725 ὀστᾶ
797 3669 982 3738 αὐτοῦ,
1007 3673 1100 3725 καὶ
1128 3672 1285 3742 μόνον
1309 3671 1384 3736 ὡς
1409 3670 1584 3742 ἥψατο
1609 3673 1716 3727 τῶν
1737 3674 1909 3728 ὀστῶν
1934 3672 2028 3727 τοῦ
2071 3671 2358 3738 Ἐλισαίου,
2391 3673 2418 3725 6
2440 3671 2630 3742 νεκρὸς
2661 3668 2819 3732 εὐθὺς
2847 3666 3124 3739 ἀνέζησεν.

184 3850 203 3883 ²
227 3848 383 3920 Cod.,
412 3853 765 3926 ἐκαθερίσθη.

387 5983 660 6046 Parnm.
698 5983 814 6043 Gn.
852 5979 1049 6045 XX".
1545 6064 1556 6077 _
2918 5955 2998 6046 ξε
