3938 6518
208 417 326 471 877
822 419 985 488 ρυλε
994 419 1196 475 STION
1202 419 1284 475 ES
1324 414 1763 473 EVANGELICA

1910 427 1916 461 υ
1956 416 2397 477 STEPIIANUM.
2441 451 2507 460 —
2546 416 2886 479 ΠΟΝΙΤΠΜ.
3360 424 3465 479 878

206 595 3461 628 mm

883 772 1060 882 DE
1138 769 1958 885 NOMINIBUS.
2015 772 2820 917 HEBRAICIS.

620 986 751 1044 Vide
773 988 1095 1059 Patrologia:
1118 988 1325 1044 Latina:
1352 998 1477 1045 tom.
1507 988 1703 1055 XXIII,
1728 989 1953 1058 Operam
1986 988 2045 1045 S.
2082 989 2390 1062 Hieronymi
2420 1001 2547 1046 tom.
2574 990 2660 1057 ΙΙΙ,
2688 993 2789 1045 col.
2822 992 3076 1048 121-190.

548 1278 1565 1457 QUZESTION
1572 1277 1800 1433 ES
1889 1283 3152 1444 EVANGELlC/E

1173 1545 1388 1609 (Angelo
1411 1544 1526 1606 Mn,
1563 1543 1786 1596 Biblioth.
1812 1559 1932 1596 nova
1956 1548 2181 1608 Patrum,
2210 1546 2294 1608 IV,
2319 1562 2367 1611 p.
2393 1549 2526 1613 217.)

223 1136 3460 1185 m

1205 1758 1783 1874 EDITORIS
1856 1780 2481 1873 MONI’I‘UM.

1826 1966 1899 1979 _

283 2052 403 2107 Cur
440 2053 722 2117 Eusebius,
751 2052 826 2107 rei
866 2050 1185 2108 Christiana:
1213 2052 1459 2122 defensor
1514 2055 1802 2108 acerrimus
1832 2095 1845 2118 ,
1898 2068 2024 2120 opus
2074 2051 2170 2105 hoc
2210 2049 2540 2105 scribendum
2567 2056 2893 2122 susceperit,
2932 2066 3149 2107 causam
3208 2054 3362 2124 facile
3393 2064 3473 2109 est

209 2146 461 2201 divinare
481 2186 496 2209 ,
526 2147 651 2213 quia
684 2145 864 2199 multa:
897 2146 1189 2199 occurrunt
1222 2162 1403 2215 reapse
1434 2146 1573 2216 apud
1623 2146 1971 2215 evangelistas
2006 2146 2285 2199 varietates
2305 2184 2320 2209 ,
2359 2144 2547 2215 quibus
2578 2147 2774 2200 ethnici
2803 2148 2880 2201 vel
2920 2147 3151 2201 ha:retici
3178 2148 3471 2202 abuteban-

213 2254 319 2307 tur,
359 2253 424 2295 ut
455 2242 753 2295 divinorum
801 2241 1055 2294 librorum
1086 2244 1355 2295 veritatem
1388 2253 1655 2312 negarent.
1700 2241 1834 2296 Hinc
1897 2250 1971 2295 tot
2030 2241 2320 2294 harmonia:
2349 2241 2659 2311 evangelij
2703 2243 2820 2311 jam
2883 2243 3002 2297 inde
3030 2262 3062 2297 a
3094 2241 3312 2297 Tatiani
3347 2244 3474 2315 Syri

212 2337 543 2405 temporibus
568 2354 731 2406 usque
760 2337 828 2390 ad
852 2346 1033 2390 nostra
1050 2346 1384 2391 constructa'.
1422 2336 1540 2405 Ipse
1571 2338 1822 2391 Eusebius
1840 2337 1934 2390 sub
1955 2338 2119 2390 initiis
2143 2354 2343 2407 quoque
2366 2336 2622 2392 Historiae
2651 2356 2761 2392 sua:
2791 2338 3191 2396 Ecclesiastica:
3221 2342 3313 2395 lib.
3340 2357 3382 2404 ι.
3418 2346 3473 2407 7,

218 2432 527 2483 necessario
572 2430 1039 2485 demonstrandam
1079 2431 1276 2499 putavit
1336 2428 1736 2500 Evangeliorum
1785 2431 1921 2484 inter
1977 2448 2030 2485 se
2090 2431 2472 2485 consensionem
2496 2470 2510 2494 ,
2550 2430 2687 2501 quod
2707 2440 2755 2484 et
2786 2431 2925 2500 fecit,
2954 2434 3113 2488 citato
3142 2436 3300 2491 etiam
3325 2439 3476 2509 Afri-

212 2524 333 2574 cani
364 2523 606 2590 exemplo
631 2525 685 2577 in
719 2523 907 2576 litteris
931 2521 999 2575 ad
1026 2522 1314 2577 Aristidem
1337 2523 1400 2577 de
1432 2525 1873 2595 evangelistarum
1905 2526 1960 2578 in
1999 2524 2274 2578 narranda
2312 2524 2511 2579 Christi
2539 2524 2843 2595 genealogia
2873 2543 3146 2582 consensu.
3174 2526 3297 2583 Iam
3322 2530 3479 2601 quale

212 2614 375 2682 fuerit
402 2617 508 2677 hoc
556 2615 765 2670 Eusebii
795 2616 858 2669 de
896 2616 1303 2687 Evangeliorum
1351 2616 1639 2686 diaphonia
1690 2634 1780 2671 seu
1814 2617 2169 2685 discrepantia
2198 2615 2575 2687 (concilianda)
2608 2632 2757 2683 opus,
2790 2615 2936 2670 docet
2967 2620 3265 2674 authentico
3319 2624 3469 2676 testi-

213 2709 399 2759 monio
426 2717 614 2760 auctor
639 2708 691 2760 in
722 2708 1132 2777 prcefatiuncula
1162 2706 1229 2761 ad
1252 2702 1544 2761 Marinum.
1582 2726 1600 2756 ι
1622 2704 2003 2776 Ambiguorum
2028 2708 2375 2777 qua'stionum
2410 2722 2471 2758 ac
2494 2706 2841 2767 solutionum,
2867 2724 2983 2775 qum
3013 2709 3153 2762 circa
3176 2709 3475 2764 divinorum

214 2795 801 2868 Erangelioruminiiia
830 2807 1133 2860 occurrunt,
1158 2814 1275 2850 cum
1290 2798 1408 2867 jam
1432 2796 1565 2851 duos
1599 2798 1901 2865 seripserim
1930 2797 2115 2858 libros,
2150 2798 2292 2850 venio
2315 2814 2471 2854 nunc.
2507 2798 2691 2850 mediis
2726 2800 3095 2864 pra'tcrmissis
3132 2800 3203 2853 ad
3242 2811 3477 2856 extrema

213 2903 328 2953 qua:
362 2905 569 2956 semper
602 2887 739 2956 apud
787 2905 964 2941 omnes
1014 2897 1347 2940 controversa
1401 2888 1634 2955 fuerunt.
1681 2906 1700 2937 ι
1743 2885 1955 2941 Priores
1991 2892 2165 2941 autem
2211 2886 2315 2939 duo
2345 2887 2464 2940 libri
2506 2888 2689 2956 scripti
2721 2900 2871 2941 erant
2907 2890 2976 2942 ad
3029 2892 3381 2962 Stephanum;
3417 2911 3476 2948 ut

214 2981 385 3035 codex
421 2982 709 3037 Vaticanus
739 2983 1086 3043 demonstrat,
1123 2984 1306 3035 tertius
1338 2984 1408 3036 ad
1437 2981 1728 3036 Marinum.
1784 2982 1924 3054 Ergo
1957 2982 2213 3037 Eusebius
2245 2984 2558 3053 quwstiones
2589 2986 2956 3039 tantummodo
2997 2988 3139 3041 circa
3169 2990 3377 3043 initium
3427 3000 3480 3045 et

218 3076 378 3143 ﬁnem
415 3076 819 3147 Evangeliorum
854 3078 1063 3130 obortas
1116 3087 1456 3137 tractaverat,
1488 3078 1674 3131 mediis
1705 3080 1908 3133 cunctis
1942 3080 2194 3140 omissis;
2230 3096 2360 3149 quas
2384 3078 2567 3133 deinde
2617 3098 2794 3134 omnes
2829 3084 3197 3149 operosissima
3223 3085 3477 3139 lucubravo

218 3171 358 3224 tione
405 3170 470 3223 de
519 3188 771 3224 consensu
801 3171 1238 3241 evangelistaram
1262 3170 1560 3236 complexus
1590 3180 1667 3223 est
1705 3178 1920 3223 sanctus
1952 3169 2312 3240 Augustinus,
2368 3170 2459 3239 qui
2513 3170 2642 3224 dicti
2682 3173 2851 3240 operis
2898 3172 3047 3227 libris
3106 3190 3169 3237 It,
3206 3184 3345 3229 met
3400 3192 3476 3240 Iv,

216 3261 570 3329 difﬁcultates
598 3260 858 3328 plurimas
888 3278 977 3329 per
1015 3270 1179 3313 totum
1211 3260 1654 3328 evangelistarum
1684 3271 1986 3314 contextum
2015 3276 2109 3328 pro
2142 3278 2237 3314 suo
2270 3262 2466 3330 ingenii
2499 3264 2741 3315 acumine
2775 3264 3087 3317 enucleavit.
3120 3263 3189 3318 Et
3218 3268 3427 3336 quidem
3455 3308 3471 3330 ,

218 3353 358 3421 quod
392 3353 519 3422 jure
545 3355 709 3407 miror
741 3352 1012 3424 (quodque
1041 3370 1182 3420 spent
1209 3352 1595 3421 quodammodo
1636 3352 1753 3417 alit,
1782 3368 2050 3419 superesse
2080 3354 2277 3405 alicubi
2320 3368 2446 3418 opus
2476 3352 2690 3407 Eusebii
2721 3355 2949 3421 fortasse
2978 3357 3234 3427 integrum
3263 3400 3277 3422 ,
3322 3359 3481 3421 cuius

220 3449 438 3503 nonnisi
469 3448 833 3516 compendium
866 3448 950 3499 hic
971 3446 1269 3499 exhibemus
1294 3460 1325 3503 ι,
1350 3444 1572 3497 Latinus
1602 3444 1845 3497 Latinius
1875 3443 2007 3512 Opp.
2027 3455 2064 3497 t.
2090 3443 2172 3505 II,
2201 3461 2254 3511 p.
2287 3442 2410 3505 H6,
2429 3446 2503 3496 sic
2533 3445 2602 3496 ad
2622 3447 2887 3498 Andream
2922 3446 3152 3501 Masium
3180 3453 3483 3507 scribebat:

226 3563 243 3594 ι
288 3543 525 3597 Sirletus
559 3541 916 3611 (cardinalis)
950 3542 1083 3593 scire
1140 3550 1186 3591 te
1238 3540 1377 3595 vult.
1432 3540 1483 3590 in
1541 3538 1729 3593 Sicilia
1773 3540 2006 3591 inventos
2036 3554 2147 3591 esse
2180 3537 2342 3589 libros
2389 3548 2490 3590 tres
2524 3537 2741 3591 Eusebii
2768 3540 3112 3594 Ca’sariensis
3145 3541 3209 3595 de
3245 3542 3484 3614 Evange-

223 3640 419 3689 liorum
460 3636 766 3704 diaphonia,
792 3634 880 3703 qui
913 3644 966 3684 ut
991 3634 1095 3701 ipse
1126 3644 1297 3698 sperat
1335 3632 1471 3683 brevi
1512 3632 1561 3682 in
1583 3632 1747 3683 lucem
1779 3629 2017 3683 edantur.
2054 3648 2071 3679 ι
2109 3629 2235 3683 Tres
2261 3646 2383 3699 ergo
2402 3630 2520 3697 jam
2547 3640 2655 3682 tant
2687 3631 2998 3684 dicebantur
3019 3632 3073 3685 hi
3098 3633 3312 3689 Eusebii
3338 3637 3482 3708 libri,

221 3743 275 3785 ut
306 3732 456 3801 apud
486 3748 580 3784 nos
604 3740 781 3798 postea
806 3731 859 3781 in
888 3728 1103 3796 prologo
1133 3726 1201 3779 ad
1234 3725 1504 3778 Marinum
1530 3726 1794 3791 apparuit.
1843 3724 1953 3778 Nec
1989 3741 2104 3778 vero
2130 3725 2406 3795 quisquam
2435 3725 2665 3779 codicem
2696 3736 2935 3780 nostrum
2962 3744 3026 3781 ea:
3046 3728 3234 3784 Sicilia
3259 3732 3484 3789 allatum

226 3825 451 3880 Romam
476 3832 647 3891 putet;
679 3831 755 3873 est
793 3821 927 3872 enim
961 3819 1004 3871 is
1036 3834 1170 3870 unus
1191 3821 1255 3870 de
1297 3816 1559 3869 Palatinis
1595 3814 2145 3887 Heidelbergensibus,
2200 3825 2255 3867 ut
2287 3815 2400 3885 ejus
2434 3816 2710 3887 inscriptio
2755 3817 3103 3887 demonstrat,
3142 3840 3341 3878 necnon
3373 3826 3485 3880 Sil-

225 3918 401 3987 burgii
430 3918 714 3983 impressus
745 3912 942 3966 (ἔναντα)
969 3913 1111 3964 illius
1159 3909 1482 3962 bibliothecas
1510 3908 1807 3977 catalogus,
1836 3908 1926 3977 qui
1966 3917 2085 3960 ante
2114 3917 2323 3975 captam
2362 3906 2760 3980 Heidelbergam
2804 3918 2851 3965 tr
2865 3910 3195 3981 auslatosque
3226 3914 3347 3969 illos
3385 3915 3487 3970 Ro-

226 4025 369 4061 mam
400 4007 603 4061 codices
630 4008 891 4075 confectus
923 4006 1042 4059 luit.
1076 4004 1228 4069 Quod
1261 4005 1307 4055 si
1329 4002 1625 4072 Silburgius
1651 4018 1752 4054 non
1784 4011 1886 4053 tres
1919 3998 2048 4053 dicit
2075 4000 2259 4065 libros,
2289 4001 2378 4055 sed
2409 4002 2561 4067 duos,
2586 4003 2642 4056 id
2670 4004 2809 4059 brevi
2833 4005 3243 4064 hallucinatione
3266 4010 3483 4072 accidit,

224 4104 351 4165 quia
385 4118 565 4169 nempe
596 4101 731 4154 duas
772 4110 973 4153 tantum
1004 4100 1173 4167 operis
1205 4100 1458 4153 sectiones
1500 4097 1705 4151 videbat
1744 4098 1799 4150 in
1829 4095 2027 4161 codice,
2061 4096 2129 4149 ad
2164 4098 2484 4166 Stephanum
2515 4108 2566 4153 et
2594 4100 2663 4153 ad
2703 4099 2995 4168 Marinum,
3026 4105 3177 4174 cujus
3205 4118 3485 4177 postrema:

223 4200 536 4266 procemium
569 4214 672 4250 non
701 4198 842 4265 legit.

297 4291 440 4345 Mihi
470 4292 521 4344 in
555 4292 730 4344 codice
776 4291 891 4344 Vat.
943 4289 1119 4344 Palat.
1172 4288 1323 4344 CXX
1371 4289 1745 4358 pulcherrimo.
1787 4289 1970 4342 saeculi
2025 4288 2185 4359 ferme
2219 4305 2284 4354 κ,
2344 4289 2508 4341 trium
2545 4290 2921 4358 prtvdictorum
2973 4292 3229 4347 librorum
3258 4295 3486 4363 epitome

226 4391 497 4449 cmnperta
532 4390 639 4446 est,
683 4391 737 4432 ut
787 4382 976 4434 diserte
1026 4382 1333 4435 inscribitur
1386 4382 1614 4450 Ἐκλογὴ
1655 4380 1714 4432 ὲν
1746 4380 1998 4451 συντόμῳ
2030 4421 2043 4442 ,
2078 4392 2181 4435 etc.
2204 4420 2218 4441 ,
2273 4394 2430 4449 prout
2460 4397 2526 4435 ex
2571 4383 2748 4437 codice
2785 4384 2841 4435 in
2881 4384 3094 4436 titulum
3137 4384 3259 4437 libri
3287 4386 3387 4438 ntei
3415 4386 3485 4438 ad

228 4474 442 4524 verbum
472 4474 759 4526 transtuli:
788 4475 837 4525 in
867 4475 988 4527 aliis
1025 4491 1141 4528 vero
1188 4473 1457 4528 Vaticanis
1493 4486 1797 4528 catenarum
1831 4475 2098 4527 codicibus
2138 4484 2315 4542 partes
2369 4476 2530 4529 etiam
2566 4476 2755 4546 integri
2779 4478 2949 4545 operis
2981 4487 3165 4530 nactus
3190 4494 3328 4541 sum,
3352 4494 3484 4546 quas

228 4575 345 4632 post
399 4566 654 4634 epitomen
690 4566 937 4618 recitabo.
1000 4566 1155 4619 Nune
1198 4568 1368 4635 operis
1413 4583 1502 4634 per
1543 4567 1929 4619 se-certissimi
1985 4577 2137 4618 testes
2188 4566 2529 4620 nihilominus
2561 4577 2755 4622 veteres
2806 4566 3091 4637 producere
3134 4587 3340 4639 (equum
3383 4580 3483 4625 est.

230 4659 279 4711 1.
324 4657 572 4728 Namque
607 4657 863 4711 Eusebius
895 4658 1199 4711 Demnnstr.
1235 4660 1436 4729 Evang.
1482 4658 1572 4711 lib.
1616 4674 1723 4719 vn,
1765 4658 1785 4711 ἓ

1933 4668 1989 4709 t:
2018 4658 2134 4709 Τίνι
2161 4658 2218 4710 δὲ
2244 4657 2383 4727 λόγῳ
2431 4660 2524 4713 τὸν
2567 4658 2760 4730 Ἰωσὴφ
2804 4660 3216 4730 γενεαλογοῦσιν
3256 4663 3303 4714 οἱ
3349 4662 3486 4733 ἱεροὶ

230 4751 640 4819 εὖαγγελισταὶ,
704 4752 903 4822 καίπερ
951 4752 1022 4822 μὴ
1057 4752 1207 4815 ὄντος
1240 4752 1333 4804 τοῦ
1388 4752 1640 4822 Σωτῆρος
1682 4750 1836 4822 ἡμῶν
1871 4751 1929 4817 ἐξ
1959 4750 2145 4815 αὑτοῦ,
2182 4750 2295 4804 ἀλλ’
2349 4751 2408 4815 ἐξ
2463 4751 2619 4819 ἁγίου
2653 4751 2969 4821 Πνεῦματος
3028 4753 3121 4805 καὶ
3176 4752 3275 4821 τῆς
3323 4753 3484 4819 ἁγίας

230 4846 531 4916 Παρθένου,
561 4848 706 4909 ὅπως
732 4864 789 4898 τε
812 4847 904 4898 καὶ
942 4845 1075 4914 αὕτη
1119 4850 1150 4917 ἡ
1191 4846 1283 4899 τοῦ
1324 4847 1526 4917 Κυρίου
1567 4846 1761 4916 Μήτηρ
1795 4844 1902 4897 ἀπὸ
1940 4846 2128 4913 γένους
2161 4845 2253 4898 καί
2285 4844 2597 4916 σπέρματος
2630 4845 3004 4898 ἀποδείκνυται
3039 4840 3175 4899 εἶναι
3209 4845 3391 4908 Δαϐὶδ,
3426 4846 3486 4897 ὲν

230 4938 303 5009 τῷ
333 4937 537 5008 πρώτῳ
564 4939 669 4990 τῶν
699 4942 776 4999 εἰς
812 4942 908 5011 τὴν
943 4940 1288 5007 γενεαλογίαν
1310 4938 1404 4991 τοῦ
1431 4939 1679 5009 Σωτῆρος
1706 4937 1862 5007 ἡμῶν
1891 4937 2233 5006 ζητημάτων
2264 4938 2361 4990 καὶ
2386 4940 2627 4992 λύσεων
2653 4937 3007 5009 διειληφότες,
3040 4938 3125 4989 ἐπ’
3153 4939 3330 4990 ἐκεῖνα
3359 4937 3485 4997 τοὺς

234 5028 550 5098 φιλομαθεῖς
570 5030 989 5100 ἀποπέμπομεν.
1029 5049 1045 5078 ι
1090 5029 1199 5085 Cur
1231 5030 1448 5097 Josephi
1477 5047 1636 5099 genus
1676 5046 1789 5081 sacr

1926 5030 2181 5099 mgelistre
2210 5028 2512 5083 describant
2538 5069 2554 5094 ,
2574 5031 2811 5099 quamvis
2845 5028 3094 5083 Servator
3124 5039 3298 5082 noster
3324 5043 3389 5081 ex
3419 5045 3481 5081 ea

232 5132 389 5173 natus
420 5137 522 5172 non
550 5122 640 5184 sit,
672 5124 758 5174 sed
783 5122 847 5175 de
886 5123 1087 5189 Spiritu
1128 5133 1311 5176 sancto
1341 5132 1390 5175 et
1429 5133 1615 5175 sancta
1650 5121 1896 5191 Virgine;
1927 5138 2087 5190 quove
2117 5120 2272 5173 modo
2305 5122 2423 5190 ipsa
2462 5120 2679 5175 Domini
2704 5122 2876 5176 Mater
2902 5122 2965 5175 de
2988 5138 3173 5191 genere
3204 5120 3486 5175 ac'semine

232 5214 453 5270 Davidis
478 5216 642 5285 fuisse
663 5217 1010 5282 ostendatur;
1044 5220 1095 5272 in
1124 5220 1295 5287 primo
1323 5220 1671 5287 qua'stionum
1705 5228 1754 5270 et
1799 5217 2126 5270 solutionum
2160 5216 2223 5268 de
2261 5216 2558 5270 Servatoris
2589 5218 2759 5270 nostri
2801 5218 3050 5286 prosapia
3081 5216 3484 5283 explicavimus.

238 5308 378 5367 Illuc
416 5313 579 5381 igitur
607 5314 682 5365 rei
713 5313 977 5367 studiosos
1002 5314 1379 5367 amandamus.
1424 5334 1442 5363 ι
1478 5312 1646 5366 Parro
1674 5313 1793 5365 titul

1936 5312 2070 5364 hunc
2105 5312 2435 5381 ζητημάτων
2467 5313 2559 5364 καὶ
2609 5311 2835 5373 λύσεων,
2871 5311 3221 5381 qua'stionum
3248 5320 3297 5362 et
3331 5309 3484 5362 solu-

236 5405 454 5464 tionum,
486 5406 769 5473 genuinum
800 5421 912 5458 esse
944 5404 1324 5466 Eusebianum,
1355 5405 1503 5457 docet
1536 5405 1617 5455 hic
1643 5413 1831 5455 auctor
1856 5443 1870 5463 ,
1918 5412 1967 5455 et
1999 5402 2194 5455 codicis
2243 5403 2411 5454 nostri
2444 5401 2681 5455 Palatini
2714 5402 2983 5468 inscriptio
3032 5401 3331 5469 conﬁrmat.
3375 5398 3485 5452 Alii

234 5495 407 5565 itaque
440 5508 701 5559 auctores,
728 5514 775 5551 υ.
810 5514 888 5566 gr.
911 5508 1123 5549 sanctus
1154 5496 1525 5565 Hieronymus,
1563 5506 1618 5547 ut
1651 5512 1773 5547 mox
1797 5495 2051 5553 dicemus,
2079 5493 2296 5547 liberius
2326 5494 2489 5547 locuti
2521 5504 2664 5559 sunt,
2696 5510 2813 5547 cum
2864 5495 3022 5561 paulo
3054 5494 3240 5561 aliter,
3288 5503 3347 5546 ut
3380 5494 3443 5563 fit
3464 5532 3482 5558 .

237 5605 415 5644 sensus
449 5591 811 5643 tantummodo
836 5592 1038 5643 ratione
1066 5590 1269 5654 habita,
1301 5588 1675 5656 inscripserunt
1705 5602 1725 5641 :
1753 5603 1869 5655 qua:
1914 5587 2141 5639 varietas
2172 5586 2225 5637 in
2260 5584 2413 5637 titulo
2441 5599 2642 5654 quoque
2664 5584 3060 5639 Chronicorum
3102 5583 3317 5638 Eusebii
3362 5586 3482 5655 jam

238 5684 323 5739 diu
355 5685 631 5739 observata
668 5686 790 5755 fuit.
830 5685 885 5739 2,
921 5683 1147 5739 Sanctus
1181 5700 1302 5753 ergo
1330 5683 1683 5751 Hieronymus
1716 5680 1789 5735 De
1811 5680 2001 5751 script.
2028 5681 2226 5734 illustr.
2264 5695 2386 5747 cap.
2432 5679 2492 5733 8Ι
2518 5718 2531 5742 ,
2575 5679 2650 5731 ait
2703 5694 2721 5731 :
2785 5696 2803 5727 ε
2840 5678 3096 5734 Eusebius
3136 5677 3484 5734 Cmsariensis

237 5777 395 5830 edidit
420 5780 485 5831 de
505 5776 911 5846 Evangeliorum
935 5775 1239 5843 diapltonia.
1275 5795 1293 5826 ι
1338 5776 1390 5829 5.
1423 5772 1624 5827 Rursus
1653 5774 1791 5827 idem
1822 5773 2175 5843 Hieronymus
2205 5773 2260 5824 in
2288 5772 2497 5825 Comm.
2530 5769 2596 5822 ad
2621 5768 2809 5823 Matth.
2833 5786 2871 5834 ι,
2918 5770 2982 5824 16
3010 5789 3021 5824 :
3071 5790 3088 5823 ι
3130 5769 3298 5841 Super
3320 5771 3414 5824 hoc
3431 5782 3485 5825 et

240 5872 521 5935 Africanus
548 5884 835 5941 temporum
868 5871 1111 5938 scriptor,
1138 5882 1186 5923 et
1216 5867 1474 5922 Eusebius
1514 5866 1795 5922 Ca'sarien:

1944 5864 2431 5934 :librisAta-gmvla;
2462 5862 2811 5932 Εὐαγγελίων
2832 5864 3034 5933 plenius
3058 5864 3420 5933 disputarunt.
3456 5881 3499 5939 ιι
