3938 6540
172 422 292 477 881

721 415 1180 484 ΟῸᾹΞΞΤΙΟΝΕΞ
1216 414 1672 469 EVANGELICIE
1711 412 1771 465 Al

1876 410 2278 475 TEPHANUM.
2318 441 2386 450 —
2424 407 2749 481 QU.£ST|O
2785 407 2827 462 l.

3302 404 3406 461 882

165 538 285 606 ’τὴν
316 534 526 605 Μαρίαν
548 534 721 597 οὐδεὶς
749 535 901 602 λόγος
927 534 1301 588 ἀποδείκνυσιν
1334 534 1439 586 ἀπὸ
1468 532 1630 586 Δασιδ
1658 549 1748 600 γε·

1876 531 2252 594 antummodo,
2285 531 2331 584 is
2356 543 2422 584 ne
2448 544 2476 581 a
2503 527 2705 584 Davide
2734 526 2954 597 quidem
2993 533 3077 580 est
3116 543 3128 578 :
3163 523 3412 594 qnardo-

167 624 436 695 νομένην·
471 625 647 694 μάτην
669 624 776 695 ἄρα
797 625 885 677 τὸν
911 625 1140 695 Χριστὸν
1170 626 1232 676 ὲκ
1265 624 1571 694 σπέρματος
1589 621 1749 675 Δα6“ιδ

167 713 490 785 θρυλλοῦσι,
533 715 669 785 μήτε
695 713 786 766 τοῦ
817 715 1014 786 Ἰωσὴφ
1043 714 1170 768 ὄντα
1200 715 1333 776 υἱον,
1359 715 1490 786 μήτε
1517 713 1614 782 τῆς
1632 714 1749 766 Μα-

168 807 311 878 ρίας
341 805 447 860 ἀπὸ
479 806 640 858 Δασιδ
677 806 1204 877 γενεαλογουμένης·
1236 806 1453 859 τοιαῦτα
1501 805 1598 876 μέν
1630 823 1771 884 τινα,

163 899 234 951 τὸ
270 897 489 970 πρῶτον
515 897 620 951 τῶν
651 899 1008 970 ἠπορημένων
1039 900 1276 970 περιεῖχε
1298 915 1309 927 ·
1338 898 1487 962 λύσις
1510 899 1554 951 δ’
1585 897 1647 952 ἂν
1665 898 1750 969 εἴη

165 991 336 1062 αὐτῷ
366 990 480 1062 ἥδε.

246 1171 326 1219 α’.
376 1164 497 1216 Τῶν
523 1165 615 1217 τοῦ
661 1166 908 1237 Σωτῆρος
952 1167 1107 1238 ἡμῶν
1149 1170 1319 1239 Ἰησοῦ
1349 1170 1582 1241 Χριστοῦ
1618 1172 1755 1241 πρά-

169 1255 343 1321 ξεων,
374 1257 443 1309 τὰ
475 1257 572 1326 μὲν
601 1257 902 1310 σιωπᾶσθαι
941 1259 1231 1326 ἀναγκαῖον
1258 1255 1322 1330 ἦν
1351 1264 1460 1324 τοῖς
1490 1262 1610 1314 τότε
1631 1301 1644 1324 ,
1689 1263 1755 1315 τὰ

168 1349 230 1400 δὲ
266 1349 352 1411 είς
395 1347 604 1400 πολλῶν
652 1349 819 1413 ἀκοὰς
859 1348 1140 1412 διεδέδοτο,
1174 1351 1271 1402 ὅσα
1317 1352 1450 1423 πρὸς
1494 1353 1756 1422 ὠφέλειαν

168 1441 390 1511 ἤμελλε
433 1438 833 1510 συμϐάλλεσθαι
868 1443 977 1502 τοῖς
1008 1441 1392 1512 ἀκροωμένοις
1423 1437 1530 1496 οἷον
1565 1443 1638 1502 ὡς
1667 1445 1758 1496 ἐπὶ

171 1532 632 1604 παραδείγματος
652 1532 966 1603 τριακοστὸν
990 1533 1136 1600 ἄγων
1151 1534 1249 1604 τῆς
1263 1534 1354 1586 τοῦ
1378 1528 1622 1606 σώματος
1642 1536 1754 1607 ἠλι-

169 1624 311 1686 κίας
343 1623 486 1688 ἔτος,
517 1624 765 1693 πάρεισιν
801 1624 892 1676 ἐπὶ
921 1623 980 1676 τὸ
1018 1624 1167 1696 παρὰ
1203 1625 1278 1696 τῷ
1319 1626 1534 1698 Ἰωάννῃ
1563 1628 1757 1697 βάπτι-

174 1733 332 1785 σμα·
387 1716 482 1769 καὶ
514 1714 760 1769 ἐντεῦθεν
800 1715 1103 1787 ἁπάρχεται
1140 1717 1240 1787 τῆς
1284 1717 1628 1782 διδασκαλίας
1666 1720 1759 1772 καὶ

172 1807 293 1859 τῶν
324 1823 384 1858 τε
392 1806 624 1877 ραστίων
649 1806 822 1875 ἔργων
841 1824 852 1836 ·
884 1807 1000 1859 τίνα
1036 1807 1092 1860 δὲ
1117 1808 1184 1860 τά
1212 1809 1318 1880 πρὸ
1341 1808 1430 1862 τοῦ
1460 1809 1761 1880 βαπτίσμα-

1851 624 2066 694 quidem
2121 623 2344 676 Mariam
2389 622 2538 676 nulla
2584 620 2815 674 historia
2865 616 3068 673 Davide
3121 616 3408 670 oriundam

1851 717 2211 772 demonstrat.
2253 713 2482 770 Temere
2531 713 2698 783 igitur
2727 708 3078 780 evangelistae
3128 707 3408 762 Christum

1853 805 2075 862 Davidis
2108 821 2306 876 genere
2337 811 2517 858 ortum
2556 803 2857 864 celebrant,
2883 815 3006 854 cum
3038 815 3215 869 neque
3247 800 3296 854 is
3319 796 3412 852 Jo-

1853 896 2004 966 sephi
2047 897 2117 950 sit
2166 896 2332 962 ﬁlius,
2381 909 2558 964 neque
2590 893 2817 947 Mariam
2865 891 2919 945 in
2955 889 3156 944 familia
3192 888 3412 945 Davidis

1855 987 2025 1044 fuisse
2045 987 2353 1042 docuerint.
2383 984 2774 1056 llujuscemodi
2805 990 2926 1038 erat
2953 981 3186 1052 quaestio
3210 981 3409 1053 prima,

1855 1093 1974 1148 qua:
1997 1077 2077 1133 sic
2109 1077 2448 1132 dissolvitur.

1927 1169 1979 1223 Ι.
2024 1169 2132 1223 Res
2179 1167 2308 1223 Jesu
2351 1167 2556 1222 Christi
2617 1165 2922 1222 Servatoris
2981 1163 3156 1220 nostri
3212 1161 3416 1231 partim

1854 1263 1991 1315 clam
2028 1261 2226 1315 habere
2266 1260 2553 1328 oportebat
2581 1260 2796 1313 illorum
2825 1269 3126 1326 temporum
3178 1254 3415 1308 homini-

1857 1355 1997 1410 bus:
2028 1351 2226 1421 partim
2266 1366 2396 1406 vero
2441 1351 2509 1404 ad
2553 1365 2898 1406 communem
2947 1348 3195 1402 notitiam
3227 1344 3419 1400 eﬂ'ere-

1858 1443 2079 1507 bantur,
2126 1456 2464 1511 qnaacunque
2515 1440 2866 1494 audientibus
2918 1439 3206 1492 utilitatem
3263 1442 3420 1491 erant

1858 1535 2123 1590 allatura}.
2163 1533 2339 1589 Veluti
2371 1532 2559 1595 Iesus.
2614 1540 2672 1585 ut
2706 1531 2909 1600 aliquid
2958 1530 3190 1599 exempli
3251 1543 3421 1582 causa

1857 1626 2059 1690 dicam,
2118 1625 2365 1680 mortalis
2399 1625 2572 1678 attatis
2616 1624 2951 1680 tricesimum
3003 1636 3206 1674 annum
3252 1634 3420 1688 agens

1859 1719 2000 1774 stitit
2023 1734 2080 1773 se
2113 1719 2328 1787 publice
2360 1717 2426 1770 ad
2468 1715 2698 1770 Joannis
2728 1715 3022 1784 baptisma,
3080 1722 3244 1782 atque
3294 1713 3422 1766 hinc

1865 1810 1992 1866 fecit
2024 1811 2240 1866 initium
2270 1808 2573 1880 magisterii
2629 1808 2712 1862 sui
2748 1822 2812 1860 ac
2844 1805 3214 1876 prodigiorum
3241 1825 3253 1859 :
3292 1805 3424 1874 quid

174 1917 276 1964 τος
316 1899 470 1962 ἐντὸς
499 1900 634 1952 ὅλων
659 1899 794 1952 ἐτῶν
819 1901 1107 1971 τριάκοντα
1143 1901 1454 1972 πραχθέντα
1475 1902 1646 1974 αὐτῷ,
1678 1903 1763 1956 οὐ·

1876 1911 2046 1957 Lamen
2077 1902 2214 1956 citra
2244 1901 2588 1956 tricesimum
2631 1914 2833 1952 annum
2864 1897 3115 1967 gesserit,
3147 1897 3294 1949 nulla
3341 1897 3424 1947 bi-

177 1989 350 2058 δεμῑα
384 1988 592 2058 ἱστορία
624 1988 806 2058 δηλοῖ,
834 1990 938 2042 οὐδ’
974 1991 1116 2042 ἐστιν
1149 1991 1254 2043 ἀπό
1285 2009 1426 2052 τινος
1451 1991 1597 2055 Θείας
1628 1993 1764 2063 Γρα-

179 2080 295 2149 φῆς
323 2079 421 2132 τὸν
441 2079 545 2152 πρὸ
564 2081 752 2133 τούτου
784 2082 1116 2152 καταμαθεῖν
1145 2083 1306 2136 αὑτοῦ
1335 2083 1465 2154 βίον.
1492 2082 1650 2136 Ἀλλὰ
1672 2084 1766 2136 κα)⁸

180 2172 242 2237 ἐξ
263 2166 444 2243 οὗπερ
478 2175 558 2236 εἰς
587 2174 794 2238 πάντας
825 2174 1086 2245 ἐγνώσθη,
1106 2176 1171 2229 τά
1203 2176 1300 2245 μὲν
1328 2178 1407 2239 εἰς
1437 2177 1603 2239 ἀκοὰς
1633 2177 1767 2230 πάν-

181 2278 297 2315 των
331 2264 704 2334 ἐκήρυττε,τά
723 2265 778 2317 δὲ
801 2266 992 2335 μόνους
1021 2267 1143 2330 τοὺς
1169 2266 1334 2320 αὑτοῦ
1364 2267 1605 2337 μαθητάς
1633 2267 1766 2337 ἐμυ-

187 2353 473 2422 σταγὼγει
493 2372 507 2386 ·
543 2357 637 2408 καὶ
665 2356 791 2408 ποτὲ
822 2357 920 2426 μὲν
951 2357 1386 2428 παραδοξοποιῶν
1413 2358 1639 2432 παρῄνει
1669 2375 1770 2428 μη-

184 2442 300 2496 δενὶ
327 2443 534 2510 λέγειν,
573 2445 700 2498 ποτὲ
730 2445 784 2498 δὲ
804 2445 930 2499 ἄνευ
949 2446 1047 2516 τῆς
1071 2446 1280 2499 τοιάσδε
1309 2448 1678 2517 παραινέσεως
1701 2447 1768 2500 τὰ

96 2615 101 2619 ι
189 2535 480 2607 θαυμάσια
513 2538 918 2608 κατειργάζετο.
955 2540 1049 2590 Ἓν
1079 2538 1141 2609 δὴ
1163 2535 1254 2592 οὖν
1291 2539 1522 2608 μάλιστα
1547 2538 1652 2590 τῶν
1686 2556 1770 2590 σε-

190 2625 461 2694 σιγῆσθαι
508 2625 876 2697 δεδογμένων,
911 2627 972 2680 τὸ
1025 2629 1161 2699 κατὰ
1207 2629 1304 2700 τὴν
1351 2629 1559 2697 γένεσιν
1607 2629 1769 2682 αὐτοῦ

191 2717 387 2788 θαῦμα
419 2715 508 2789 ἦν’
539 2719 749 2783 οὐδενὸς
779 2720 886 2774 τῶν
914 2720 1033 2773 καθ’
1067 2721 1125 2774 ὃν
1163 2719 1540 2792 ὲνηνθρώπησε
1563 2723 1769 2792 χρόνον,

189 2808 398 2876 ὀλίγων
427 2810 584 2873 ἐκτὸς
614 2809 802 2864 τούτου
836 2811 1036 2880 γνῶσιν
1065 2811 1420 2882 κεκτημένου.

264 2985 330 3055 β’.
373 2987 516 3056 Φησὶ
526 2987 582 3039 δέ
605 3003 703 3040 που
721 2990 748 3040 6
765 2987 916 3054 ἆγιος
935 2987 1034 3058 άνὴ
1043 3006 1072 3059 ρ
1090 2989 1107 3058 (
1123 2988 1375 3056 Ἰγνάτιος
1395 2987 1564 3059 ὄνομα
1583 2987 1770 3057 αὐτῷ),

191 3077 290 3148 τῆς
352 3078 674 3147 Ἀντιοχέων
703 3078 1021 3149 Ἐκκλησίας
1069 3079 1315 3150 δεύτερος
1355 3077 1590 3148 γεγονὼς
1637 3077 1774 3149 μετὰ

193 3171 318 3232 τοὺς
357 3170 690 3232 ἀποστόλους
718 3171 1028 3233 ἐπίσκοπος,
1062 3171 1136 3233 ὡς
1157 3171 1261 3242 ἄρα
1299 3173 1508 3225 καὶτὸν
1542 3174 1772 3242 ἄρχοντα

196 3261 285 3314 τοῦ
311 3260 518 3324 αἰῶνος
550 3261 738 3314 τούτου
770 3262 952 3316 ἔλαθεν
987 3265 1019 3334 ἡ
1050 3265 1313 3338 παρθενία
1346 3267 1583 3336 Μαρίας,
1615 3265 1709 3318 καὶ
1736 3267 1768 3337 ἡ

195 3353 286 3405 τοῦ
305 3353 569 3423 Σωτῆρος
600 3353 657 3418 ἐξ
684 3354 850 3424 αὐτῆς
866 3355 1101 3423 γένεσις·
1143 3357 1288 3424 λέγει
1326 3357 1369 3409 δ’
1401 3357 1590 3420 οὕτως·
1617 3376 1634 3406 ι
1665 3357 1772 3409 Καὶ

198 3445 356 3498 ἔλαθε
386 3445 479 3498 τὸν
505 3445 736 3516 ἄρχοντα
757 3445 848 3498 τοῦ
882 3447 1072 3511 αἰῶνος
1096 3447 1281 3501 τούτου
1314 3451 1346 3519 ἡ
1384 3447 1642 3521 παρθενία
1658 3449 1773 3500 Μα-

202 3538 341 3608 ρίας,
382 3537 481 3590 καὶ
504 3539 532 3590 6
563 3537 778 3602 τοκετὸς
806 3539 995 3610 αὐτῆς,
1025 3539 1223 3608 ὁμοίως
1254 3541 1348 3612 καί
1373 3542 1400 3593 ὁ
1429 3540 1654 3604 θάνατος
1681 3539 1772 3592 τοῦ

197 3627 473 3699 Χριστοῦ’
519 3629 648 3698 τρία
685 3630 954 3699 μυστήρια
996 3630 1236 3700 κραυγῆς
1263 3670 1277 3693 ,
1313 3631 1467 3684 ἅτινα
1495 3631 1552 3682 ἐν
1580 3630 1776 3702 ἠσυχίᾳ

199 3721 328 3774 θεοῦ
367 3720 640 3792 ἐπράχθη.
671 3741 689 3772 ι
723 3722 876 3774 Ἐστι
906 3722 961 3774 δὲ
984 3723 1078 3775 καὶ
1100 3722 1340 3792 λογισμῷ
1361 3722 1561 3785 λαϐεῖν,
1589 3723 1669 3775 ὄτι
1703 3723 1774 3793 μὴ

202 3813 424 3865 πάντων
457 3807 524 3882 ἦν
545 3812 652 3864 τῶν
680 3814 737 3864 ἐν
776 3814 938 3884 σαρκὶ
971 3812 1224 3883 βιούντων
1256 3813 1346 3867 τὸν
1370 3815 1601 3885 Χριστὸν
1643 3813 1775 3866 Θεοῦ

201 3903 288 3956 καὶ
319 3904 424 3956 σὺν
453 3903 551 3956 άνθ
561 3903 756 3974 ρώποις
772 3905 1176 3976 ἀναστραφέντα
1189 3900 1276 3959 οἷα
1297 3906 1470 3959 κοινὸν
1499 3907 1777 3978 ἄνθρωπον

202 3997 480 4068 ὁρώντων,
508 3997 568 4048 τὸ
595 3997 849 4051 δύνασθαι
880 3997 1150 4051 πιστεύειν
1194 3999 1252 4063 ἐξ
1280 3999 1652 4070 ἀπειρογάμου
1686 3999 1777 4052 κόι-

209 4106 304 4158 ρης
330 4087 504 4141 αὐτὸν
529 4087 648 4158 δίχα
679 4089 881 4161 πατρὸς
907 4089 1186 4158 γεγονέναι
1213 4091 1318 4143 οὐδ’
1347 4093 1424 4154 εἰς
1443 4091 1664 4154 πολλοὺς

206 4182 415 4251 φέρειν,
459 4181 540 4231 ὅτι
577 4180 650 4251 μὴ
692 4184 754 4234 ἐκ
785 4179 878 4233 τοῦ
920 4183 1114 4253 Ἰωσὴφ
1155 4185 1185 4253 ἡ
1230 4185 1413 4255 Μαρία
1448 4184 1779 4237 συλλαϐοῦσα

208 4272 291 4325 τὸν
338 4271 558 4342 Ἰησοῦν
593 4275 803 4341 ἐγέννα,
831 4274 1096 4338 λυσιτιλές
1118 4271 1203 4346 ἦν·
1234 4272 1268 4346 ἦ
1293 4277 1400 4348 γὰρ
1429 4277 1491 4331 ἂν
1515 4280 1605 4330 καὶ
1627 4278 1779 4346 δίκην

207 4365 343 4417 κατὰ
385 4363 478 4416 τὸν
511 4363 785 4427 Μωῦσέως
815 4365 978 4434 νόμον
1015 4365 1046 4435 ἡ
1087 4365 1348 4436 παρθένος
1392 4368 1658 4436 ὑπέσχεν,
1707 4368 1782 4430 ὡς

209 4455 308 4524 πρὸ
338 4453 500 4525 ὧρας
527 4455 701 4525 γάμου
727 4454 1076 4526 διαφθαρεῖσα
1113 4457 1210 4527 τὴν
1242 4457 1533 4527 παρθενίαν
1555 4475 1567 4487 ο
1598 4458 1782 4528 διόπερ

1863 1996 2034 2051 storia
2079 1994 2274 2056 docet;
2332 2008 2508 2061 neque
2556 2007 2630 2056 ex,
2675 1991 2784 2044 ulla
2836 1989 3035 2043 divinae
3081 1987 3426 2040 auctoritatis

1867 2084 2147 2156 Scriptura
2177 2087 2514 2155 superiorem
2549 2084 2713 2138 vitam
2744 2081 2863 2148 ejus
2902 2080 3116 2133 discere
3145 2077 3288 2129 licet.
3320 2073 3426 2128 Sed

1866 2180 2010 2234 enim
2062 2188 2351 2248 postquam
2402 2176 2566 2234 etiam
2611 2173 2812 2228 nemini
2864 2173 3082 2240 ignotus
3133 2175 3270 2228 erat,
3321 2167 3438 2220 alia

1867 2270 2086 2340 quidem
2119 2269 2470 2325 audientibus
2504 2265 2759 2322 omnibus
2790 2261 3144 2333 praedicabat;
3177 2259 3300 2312 aliis
3325 2271 3428 2310 au-

1868 2369 2000 2423 tem,
2048 2369 2303 2430 tanquam
2349 2357 2646 2428 mysteriis,
2695 2351 2996 2422 discipulos
3051 2344 3430 2403 tantummodo

1870 2468 2000 2509 suos
2051 2453 2340 2516 initiahat:
2382 2465 2446 2507 ac
2475 2447 2636 2502 modo
2669 2445 2914 2516 prodigia
2947 2444 3013 2497 ab
3047 2456 3106 2496 se
3156 2441 3300 2494 edita
3347 2437 3432 2503 di_-

1871 2543 2079 2613 vulgari
2133 2542 2370 2605 nolebat,
2407 2541 2567 2594 modo
2617 2540 2735 2594 sine
2784 2537 2895 2590 ullo
2946 2533 3217 2605 ejusmodi
3265 2531 3432 2586 vetito

1872 2636 2134 2690 miracula
2171 2634 2425 2690 faciebat.
2480 2631 2598 2687 Jam
2650 2632 2704 2685 in
2755 2630 2846 2693 iis,
2895 2642 3016 2699 quae
3057 2625 3274 2681 silentio
3310 2639 3433 2693 pre—

1873 2744 2019 2783 mere
2049 2729 2270 2798 placuit,
2305 2727 2630 2782 miraculum
2662 2724 2782 2791 ejus
2818 2716 3120 2775 nativitatis
3172 2723 3312 2778 erat,
3357 2715 3433 2766 ita

1873 2828 1931 2872 nt
1957 2819 2196 2880 illoer,
2223 2819 2314 2886 qui
2344 2817 2561 2870 mortali
2599 2816 2720 2884 ejus
2769 2814 2894 2867 vita:
2924 2811 3310 2872 interfuerunt,
3339 2820 3435 2861 ne-

1871 2924 1982 2975 mo,
2019 2909 2208 2978 paucis
2242 2909 2508 2977 exceptis,
2541 2911 2616 2960 rei
2651 2907 2906 2960 conscius
2938 2903 3122 2958 fuerit.

1944 2998 2000 3054 2.
2043 2999 2181 3053 Dicit
2213 3007 2390 3053 autem
2417 2998 2500 3050 vir
2531 3006 2777 3060 sanctus,
2807 2995 3026 3050 nomine
3056 2991 3318 3062 lgnatins.
3342 2990 3437 3059 qui

1873 3090 2224 3146 Antiochena:
2257 3091 2514 3146 Ecclesia:
2550 3089 2827 3144 secundus
2858 3087 2960 3142 fuit
3002 3095 3125 3156 post
3155 3084 3437 3153 apostolos

1875 3185 2186 3256 cpisc0pus,
2221 3185 2396 3254 ipsum
2424 3185 2609 3238 sazeuli
2650 3183 2951 3252 principem
2992 3180 3219 3233 latuisse
3252 3176 3440 3230 Mariae

1874 3278 2264 3348 virginitatem,
2295 3292 2358 3331 ac
2387 3277 2696 3332 Servatoris
2737 3291 2802 3328 ex
2850 3289 2912 3328 ea
2944 3271 3307 3325 nativitatem.
3344 3265 3437 3321 Sic

1874 3370 2018 3424 enim
2080 3369 2154 3422 ait
2206 3369 2332 3437 (l):
2387 3387 2404 3419 ι
2444 3367 2628 3421 Latuit
2683 3365 2983 3436 principem
3036 3363 3200 3426 hujus
3254 3359 3438 3414 smculi

1877 3461 2160 3530 virginitas
2191 3460 2391 3524 Mariae,
2425 3461 2653 3529 ejusque
2684 3467 2892 3528 partus,
2943 3457 3182 3523 itemque
3230 3451 3437 3506 Christi

1875 3569 2024 3608 mors
2057 3571 2070 3605 :
2104 3553 2361 3624 mysteria
2407 3552 2510 3604 tria
2546 3551 2810 3615 clamosa,
2849 3565 2971 3618 quae
3008 3556 3188 3601 tamen
3223 3545 3326 3600 sub
3355 3543 3437 3596 di-

1874 3647 2001 3701 vino
2052 3644 2270 3700 silentio
2319 3652 2538 3713 peracta
2583 3643 2824 3696 fuerunt.
2871 3658 2889 3690 ›
2923 3638 3042 3693 Jam
3088 3639 3206 3707 ipso
3238 3635 3456 3694 mentis.

1876 3737 2166 3791 ratiocinio
2215 3735 2514 3804 intelligere
2543 3735 2690 3798 licet,
2729 3731 2870 3786 haud
2908 3730 3023 3786 ﬁeri
3077 3715 3346 3799 potuisse,
3381 3733 3442 3779 ut

1877 3828 2134 3883 mortales
2181 3843 2392 3891 omnes,
2441 3827 2532 3896 qui
2581 3826 2673 3880 Dei
2727 3832 2952 3880 unctum
3003 3824 3144 3877 inter
3191 3820 3442 3876 homines

1876 3920 2150 3975 communi
2177 3921 2412 3976 hominis
2446 3919 2620 3974 forma
2652 3925 2964 3973 versantem
3000 3915 3322 3977 cernebant,
3344 3928 3442 3966 na-

1876 4018 1992 4063 tum
2042 4010 2330 4065 crederent
2363 4025 2393 4064 e
2441 4009 2619 4080 puella
2672 4007 2986 4077 nuptiarum
3028 4007 3242 4076 ignara,
3291 4011 3446 4073 patre

1877 4103 2049 4158 nullo.
2084 4101 2270 4172 Neque
2322 4117 2486 4172 porro
2536 4101 2881 4172 expediebat,
2923 4107 2981 4152 ut
3013 4099 3168 4152 multi
3201 4111 3448 4166 comper-

1878 4203 1991 4247 tum
2027 4193 2309 4258 haberent,
2341 4193 2564 4247 Mariam
2596 4191 2738 4246 haud
2770 4208 2837 4246 ex
2863 4191 3098 4260 Josepho
3122 4199 3446 4258 conceptum

1879 4285 2157 4354 peperisse
2188 4281 2374 4338 Jesum
2407 4302 2420 4337 :
2465 4296 2692 4351 prorsus
2730 4282 2874 4334 enim
2908 4294 3080 4349 paena:
3111 4277 3305 4330 fuisset
3342 4275 3447 4328 ob-

1883 4375 2044 4429 noxia
2073 4375 2140 4429 de
2170 4374 2421 4428 Mosaica:
2454 4373 2589 4441 legis
2615 4369 2876 4423 mandato
2904 4369 3079 4438 virgo,
3117 4381 3213 4420 ceu
3249 4363 3295 4418 si
3319 4370 3448 4416 ante

1882 4469 2193 4537 nuptiarum
2226 4480 2438 4535 tempus
2473 4462 2838 4534 virginitatem
2877 4459 3207 4513 violavisset.
3246 4455 3449 4520 Quam-

211 4548 439 4608 εἰκότως
494 4547 908 4616 ἐπισημαίνεται
936 4549 1176 4620 ἀκριϐῶς
1210 4551 1426 4620 φήσασα
1469 4553 1500 4620 ὴ
1549 4550 1771 4620 Γραφὴ,

1884 4562 2069 4615 nbrem
2105 4561 2300 4614 merito
2334 4557 2774 4612 animadversum
2810 4561 2916 4616 est,
2946 4551 3235 4621 vigilanter
3259 4547 3449 4603 admo-

216 4657 232 4687 ι
256 4639 398 4713 Πρὶν
424 4638 454 4707 ἢ
489 4639 755 4691 συνελθεῖν
772 4640 985 4702 αὐτοὺς,
1009 4640 1200 4711 εὑρέθη
1220 4643 1276 4694 ἐν
1292 4643 1485 4712 γαστρὶ
1517 4643 1709 4712 ἔχουσα
1729 4659 1739 4670 ’
1757 4661 1774 4693 ι

215 4729 500 4799 μονονουχὶ
525 4730 845 4785 διδάσκουσα
889 4734 970 4785 ὅτι
1015 4733 1088 4804 μὴ
1127 4733 1232 4804 πρὸ
1263 4735 1438 4804 γάμου
1472 4736 1778 4807 συνείληφε,

217 4823 344 4892 μηδὲ
381 4821 492 4895 πρὸ
508 4821 600 4875 τοῦ
654 4823 801 4895 παρὰ
825 4824 915 4876 τὸν
943 4823 1110 4894 ἄνδρα
1135 4825 1324 4878 ἐλθεῖν·
1350 4828 1482 4896 μετὰ
1511 4827 1645 4881 δὲτὸ
1662 4845 1784 4880 συν-

215 4916 451 4986 αςςθῆναι
493 4915 581 4967 τὸν
613 4916 808 4986 Ἰωσὴφ
845 4917 938 4970 καὶ
967 4917 1096 4988 παρ’
1124 4918 1268 4987 αὐτῷ
1324 4918 1594 4986 γενέσθαι,
1633 4919 1781 4990 παρᾶ

216 5009 343 5061 πᾶσί
365 5026 428 5062 τε
455 5011 688 5075 γυναῖκα
720 5007 883 5061 αὑτοῦ
926 5010 1281 5080 χρηματίσαι,
1320 5010 1583 5063 συνόντων
1618 5011 1780 5081 ἀλλή-

216 5099 341 5164 λοις,
373 5103 474 5154 καὶ
506 5101 604 5171 τῆς
659 5103 900 5170 γαμικῆς
947 5102 1159 5172 ὁμιλίας
1199 5102 1458 5156 ἅπτεσθαι
1509 5104 1608 5174 ἤδη
1654 5103 1782 5172 γοῦν

223 5191 550 5259 μελλόντων,
601 5191 772 5260 αὐτῆς
807 5191 881 5254 ὡς
915 5193 1086 5246 εἰπεῖν
1113 5191 1260 5264 ὥρας
1295 5193 1478 5264 πρὶνῆ
1514 5193 1783 5248 συνελθεῖν

223 5282 431 5350 αὐτοὺς,
461 5282 657 5354 εὑρέθη
681 5281 737 5335 ἐν
755 5284 950 5354 γαστρὶ
973 5284 1168 5355 ἔχουσα
1196 5287 1257 5345 ἐκ
1280 5284 1590 5354 Πνεῦματος
1606 5285 1780 5353 ἁγίου.

222 5371 323 5426 Καὶ
342 5372 504 5426 τοῦτὸ
535 5389 597 5440 γε
626 5375 1020 5446 παγχρησίμως
1046 5377 1125 5438 είς
1151 5374 1210 5428 τὸ
1229 5375 1407 5428 λαθεῖν
1424 5377 1544 5439 τοὺς
1560 5376 1784 5439 πολλοὺς

254 5575 362 5654 ¹(1)
406 5575 577 5654 Epist.
610 5575 1329 5654 [gnatii_ad_l§phesios_crp.
1365 5593 1478 5641 nx,
1515 5579 1604 5654 ubi
1635 5578 1784 5632 vide-

227 5646 297 5717 sis
328 5645 637 5701 doctissimi
671 5645 1392 5717 Coteleriiadnotationem.
1443 5650 1582 5716 apud
1621 5665 1781 5717 quem

231 5711 478 5770 Usserius
509 5717 670 5771 verba
703 5716 816 5769 luce
849 5714 1036 5768 eadem
1070 5718 1264 5769 reeitat
1305 5734 1370 5772 ex
1406 5711 1782 5772 ΑιίιΙιῸιιἹΙιυ-

228 5789 384 5860 rosol.
431 5788 678 5860 Cretensi
728 5785 1009 5860 episeopo,
1059 5787 1161 5860 nisi
1211 5790 1353 5855 quod
1407 5804 1503 5857 pro
1542 5790 1783 5860 κραυγῆς

233 5857 483 5911 διιιίιιὶῑιιι·
518 5859 590 5911 ibi
626 5857 848 5925 φρικτὰ,
899 5871 1018 5925 quae
1052 5857 1289 5911 deterior
1337 5860 1495 5913 lectio
1521 5857 1623 5921 est,
1657 5876 1781 5929 quia

1885 4656 2010 4708 dum
2049 4650 2389 4720 Scripturam
2427 4648 2609 4703 dicere
2650 4665 2662 4700 :
2703 4663 2722 4696 ‹
2775 4645 3078 4713 Antequam
3115 4640 3216 4710 ipsi
3251 4651 3450 4694 conveo

1884 4747 2085 4805 nircnt,
2123 4743 2340 4796 inventa
2373 4751 2458 4796 est
2491 4740 2545 4794 in
2573 4748 2729 4794 utero
2757 4738 2998 4801 habens;
3055 4752 3072 4784 ›
3109 4740 3368 4800 tanquam
3397 4727 3450 4783 si

1885 4847 2068 4909 aperte
2099 4837 2327 4900 diceret,
2383 4850 2503 4889 eam
2545 4841 2668 4887 ante
2706 4831 2924 4900 nuptias
2955 4843 3064 4884 non
3108 4825 3460 4894 concepisse,

1877 4936 2060 4994 “neque
2103 4926 2254 4995 prius
2288 4939 2448 4993 quam
2485 4923 2552 4977 ad
2581 4923 2760 4977 virum
2795 4917 3081 4975 accederet
3126 4936 3139 4971 ι
3173 4915 3270 4971 sed
3305 4921 3453 4983 post-

1883 5028 2046 5081 quam
2078 5029 2198 5068 cum
2233 5010 2468 5082 Josepho
2498 5011 2787 5080 coniugata
2810 5010 2930 5074 fuit,
2966 5017 3127 5077 atque
3158 5003 3299 5075 apud
3324 5016 3450 5056 eum

1884 5106 2150 5161 diversari
2186 5107 2350 5176 cmpit
2387 5107 2485 5176 (ἓ),
2519 5117 2572 5159 et
2599 5106 2668 5159 ab
2693 5105 2949 5159 omnibus
2979 5103 3181 5169 conjux
3209 5099 3328 5168 ejus
3353 5111 3452 5166 ap-

1886 5199 2075 5268 pellari
2113 5220 2126 5250 -.
2158 5214 2281 5252 cum
2332 5215 2438 5254 una
2489 5199 2822 5261 habitarent,
2859 5212 2921 5250 ac
2953 5193 3183 5263 nuptiali
3217 5204 3454 5244 consue-

1887 5291 2076 5344 tudine
2126 5290 2238 5358 jam
2291 5290 2442 5344 usuri
2496 5289 2835 5354 viderentur,
2881 5288 3000 5356 ipsa
3059 5281 3450 5353 propemodum

1888 5385 2024 5438 hora
2081 5390 2376 5452 antequam
2442 5381 2825 5446 convenirent,
2887 5379 3158 5431 inventam
3214 5385 3339 5428 esse
3397 5371 3452 5424 in

1887 5582 1993 5632 non
2025 5574 2317 5644 opponitur
2349 5568 2911 5644 vocabulogxpauﬁg.

1959 5647 2033 5716 ('2)
2064 5630 2160 5716 ’ῧρί
2181 5646 2279 5716 hac
2315 5642 2588 5716 communi
2629 5630 2982 5716 SS.Al_"at'rum
3008 5630 3455 5716 op’ittioneOComf

1891 5703 2114 5772 liciisius
2139 5714 2279 5768 Bibl.
2313 5730 2463 5766 conc.
2494 5721 2534 5765 t.
2571 5711 2610 5772 Ι,
2646 5727 2698 5782 p.
2726 5710 2818 5774 22,
2844 5703 3378 5782 contrafSuaresjum
3401 5711 3455 5782 et

1889 5787 2248 5858 Raynaldntn.
2288 5771 2892 5858 Necplmrnsanoque
2925 5779 3184 5833 Callistus
3229 5772 3373 5830 Hist.
3412 5771 3453 5838 I,

1889 5862 1944 5921 8,
1976 5854 2100 5911 cum
2145 5855 2380 5910 Eusebio
2411 5854 2704 5908 consentit.
