3938 6524
233 349 389 410 885

827 355 1282 422 ρυχεδτιοΝΕε
1319 361 1774 418 ΕνΑΝοειιοιε

1887 365 1902 412 ι
1942 361 2378 419 STEPHANUM.
2419 391 2487 404 —
2523 361 2849 429 QUAESTIO
2886 362 2926 418 Ι.

3382 361 3485 419 886

336 464 409 516 δ’.
453 463 666 533 Ἐπειδὴ
686 463 743 516 δὲ
776 466 963 520 τούτου
995 471 1304 541 γενομένου,
1340 475 1387 525 εί
1408 473 1504 540 καὶ.
1535 473 1706 543 λάθρα
1736 491 1781 526 αι

1887 492 1906 535 ι
2002 475 2056 528 ι.
2102 473 2207 528 Sed
2241 474 2368 543 quia
2399 481 2576 531 tamen
2627 474 2742 528 tieri
2791 490 2900 528 non
2941 481 3154 544 poterat
3181 481 3240 529 ut
3280 477 3484 537 mni-tos

228 555 375 624 τὴν
394 554 727 619 άπολελύκει,
761 559 939 628 μεῖζον
970 556 1036 631 ἦν
1061 561 1121 614 τὸ
1151 564 1398 632 πρᾶγμα,
1427 565 1460 634 ἦ
1484 567 1620 618 κατὰ
1645 565 1706 618 τὸ
1731 564 1828 618 λα-

225 646 386 696 ῡετν
408 647 528 708 τοὺς
560 645 806 713 πολλοὺς,
837 650 1060 713 εἰκότως
1097 652 1322 715 ἐπιστὰς
1361 653 1490 725 ὄναρ
1534 657 1566 708 δ
1597 655 1825 725 ἄγγελος

226 735 371 807 ἔφη
392 737 465 807 τῷ
496 739 712 808 Ἰωσήφ·
745 759 762 790 ι
807 742 998 813 Ἰωσὴφ
1045 745 1240 815 Ἰωσὴφ
1268 746 1381 809 υίὸς
1406 747 1587 811 Δαϐὶδ,
1627 748 1700 820 μὴ
1733 767 1781 819 cpt

1929 753 2019 802 tus
2045 748 2120 800 ait
2155 765 2169 802 :
2223 765 2242 797 ι
2282 746 2482 816 Ioseph
2520 746 2720 816 Ioseph
2770 745 2842 799 ﬁli
2893 745 3132 810 Davidis,

223 824 437 896 ϐηθῇς
463 828 794 896 παραλαϐεῖν
822 832 1052 902 Μαριάμ
1085 834 1180 904 τὴν
1212 835 1450 901 γυναῖκά·
1469 854 1560 889 σου
1585 854 1598 867 ·
1622 838 1684 890 τὸ
1716 838 1823 910 γὰρ

223 915 307 965 ἐν
346 917 482 986 αὐτῇ
521 917 776 987 γεννηθὲν
803 921 870 971 ὲκ
898 921 1208 991 Πνεύματός
1253 925 1398 976 ἐστιν
1437 925 1610 994 ἁγίου.
1651 947 1668 978 ι
1712 929 1822 982 Καὶ

221 1000 361 1053 Θὲα.
397 1021 456 1070 γε
485 1005 560 1068 ὡς
595 1007 808 1077 πρῶτον
833 1008 946 1062 υἱὸν
987 1011 1149 1064 Δαϐὶδ
1178 1013 1454 1077 ἀνακαλεῖ,
1483 1017 1820 1086 ἀναπέμπων

221 1093 351 1144 ἐπὶ
374 1094 462 1147 τὸν
493 1099 833 1170 προπάτορα,
858 1100 944 1153 διὰ
975 1101 1064 1154 τὸν
1094 1103 1158 1155 ὲκ
1179 1104 1489 1175 σπέρματος
1521 1107 1684 1161 Δαϐὶδ
1709 1111 1818 1172 τοῖς

219 1188 390 1238 πᾶσι
419 1187 880 1259 προσδοκώμενον·
906 1192 1027 1244 ἐπεὶ
1043 1192 1130 1246 διά
1163 1193 1213 1246 τί
1250 1196 1323 1266 μὴ
1355 1195 1467 1249 υἱὸν
1498 1197 1656 1250 αὑτὸν
1683 1198 1816 1270 έφη-

220 1290 346 1326 σεν
384 1274 600 1341 Ίακώϐ;
631 1274 784 1342 οὗτος
809 1279 916 1351 γὰρ
937 1277 1004 1352 ἦν
1027 1282 1188 1335 αὐτοῦ
1229 1283 1370 1338 κατὰ
1406 1285 1579 1357 σάρκα
1611 1289 1814 1360 πατὴρ,

215 1365 320 1427 ὡς
361 1370 628 1439 μαρτυρεῖ
657 1370 687 1420 6
717 1371 1125 1443 εὐαγγελιστής·
1165 1393 1184 1425 ι
1213 1374 1438 1429 Ματθὰν
1462 1377 1520 1429 δὲ
1563 1379 1812 1451 ἐγέννησε

210 1455 338 1507 τὸν
386 1457 578 1510 Ἰακώϐ
601 1476 625 1530 χ
661 1460 852 1512 Ἰακὼϐ
871 1462 926 1514 δὲ
949 1464 1201 1535 ἐγέννησε
1230 1465 1318 1518 τὸν
1357 1467 1571 1538 Ἰωσήφ·
1599 1488 1626 1520 ›-
1644 1469 1739 1522 νῦν
1755 1471 1813 1524 δὲ

212 1547 442 1618 παρεὶς
474 1549 569 1602 τοῦ
606 1552 810 1622 πατρὸς
857 1553 954 1624 τὴν
1009 1557 1227 1626 μνήμην
1259 1598 1273 1622 ,
1323 1556 1417 1610 τοῦ
1473 1561 1812 1633 προπάτορος

1930 578 1993 618 ea
2022 579 2110 618 res
2133 565 2346 630 lateret,
2378 564 2592 620 etiamsi
2621 564 2846 618 Mariam
2868 561 3138 634 Iosephus
3167 564 3307 620 clam
3334 565 3484 624 dese-

1927 657 2148 722 ruisset,
2181 657 2464 712 commode
2492 658 2717 726 angelus
2743 671 2840 727 per
2881 656 3154 712 somnium
3183 656 3310 714 huic
3332 660 3482 715 obla-

3288 747 3482 806 timeas

1925 840 2175 908 accipere
2207 837 2429 892 Mariam
2450 839 2730 908 conjugem
2763 846 2908 891 tuam
2938 857 2950 893 :
2977 840 3119 908 quod
3147 839 3288 894 enim
3327 839 3384 894 in
3415 855 3478 896 ea

1920 939 2108 984 natum
2133 919 2237 993 est,
2266 931 2334 987 de
2357 931 2563 1001 Spiritu
2587 941 2776 986 sancto
2805 939 2889 986 est
2913 933 2956 984 ⁸.
2990 950 3009 982 ›
3037 930 3101 984 Ει
3127 931 3326 986 videsis
3362 919 3418 986 ut
3446 947 3477 986 a

1924 1023 2201 1092 principio
2215 1023 2382 1077 lilium
2416 1023 2635 1078 Davidis
2658 1023 2806 1077 hunc
2830 1023 3084 1092 appellat,
3109 1023 3318 1078 scilicet
3331 1038 3478 1078 eum-

1919 1112 2041 1165 dem
2073 1127 2344 1166 revocans
2377 1111 2442 1166 ad
2484 1111 2883 1182 progenitorem
2917 1127 3018 1180 ope
3067 1111 3213 1165 illius
3255 1126 3412 1181 quem
3444 1127 3474 1164 a

1919 1201 2141 1257 Davidis
2195 1219 2392 1273 genere
2439 1218 2630 1258 omnes
2676 1202 3086 1272 exspectabant.
3123 1203 3336 1272 Alioqui
3374 1219 3474 1257 cur

1917 1309 2024 1348 non
2067 1310 2192 1350 eum
2221 1293 2410 1349 Iacobi
2443 1295 2610 1348 ﬁlium
2643 1295 2908 1349 dixisset?
2956 1294 3055 1349 Hic
3092 1295 3236 1348 enim
3265 1303 3382 1348 erat
3407 1294 3474 1348 il-

1914 1387 2025 1442 lius
2070 1393 2267 1440 natura
2320 1386 2608 1455 proximus
2650 1394 2823 1455 pater,
2879 1395 3016 1440 teste
3069 1387 3399 1457 evangelista
3452 1407 3465 1441 :

1920 1495 1940 1529 ι
1981 1477 2294 1532 Matthanus
2326 1485 2506 1530 autem
2557 1477 2743 1546 genuit
2773 1476 3076 1545 Iacobum;
3103 1478 3340 1534 Iacobus
3371 1495 3470 1537 au-

1912 1575 2018 1622 tem
2067 1567 2251 1636 genuit
2294 1565 2608 1636 Iosephum.
2650 1587 2669 1618 ›
2722 1565 2877 1620 Nunc
2919 1583 3070 1633 vero,
3101 1571 3468 1639 pratermissa

211 1638 668 1711 ὑπομιμνήσκει·
705 1644 982 1713 μονονουχὶ
1023 1647 1297 1716 σημαίνων
1329 1649 1404 1712 ὼς
1441 1648 1548 1721 ἄρα
1577 1653 1606 1703 6
1636 1652 1780 1721 ὲπηγ

1911 1659 2086 1730 patris
2115 1660 2410 1725 mentione,
2441 1660 2838 1730 progenitorem
2878 1669 3294 1728 commemorat;
3337 1678 3466 1732 pro-

208 1729 502 1800 γελμένος
527 1730 602 1802 τῷ
631 1733 812 1797 Δαϐὶδ,
835 1729 986 1797 οὗτος
998 1731 1066 1804 ἦν
1097 1739 1125 1790 6
1151 1738 1464 1809 παραδόξως
1485 1742 1512 1793 ὁ
1537 1741 1610 1813 μὴ
1628 1741 1687 1806 ἐξ
1712 1743 1777 1796 αὐ

1907 1729 2199 1822 pemodum
2228 1729 2560 1824 signiﬁcans,
2592 1751 2686 1820 qui
2711 1751 2898 1806 Davidi
2933 1753 3236 1821 promissus
3263 1729 3463 1818 fuerat,

205 1822 352 1886 τοῦ,
387 1822 452 1874 ὲκ
477 1823 791 1892 Πνεύματος
817 1825 871 1878 δὲ
892 1827 1047 1894 ἁγίου
1082 1829 1186 1882 ὑπὸ
1205 1830 1304 1900 τῆς
1331 1831 1549 1900 Μαρίας
1578 1832 1781 1905 κυούμε

1911 1847 2058 1900 hunc
2098 1861 2219 1902 esse
2265 1822 2426 1916 quem
2474 1845 2784 1916 prodigiose
2830 1855 2884 1899 et
2933 1845 3054 1900 sine
3087 1846 3198 1900 ullo
3243 1847 3466 1917 Iosephi

206 1929 344 1976 νος·
380 1914 572 1968 ἔπειτα
599 1916 655 1969 δὲ
672 1917 817 1987 αὐτῷ
844 1917 1062 1989 θαρσεῖν
1094 1921 1525 1993 παρακελεύεται
1554 1925 1621 1979 δι’
1649 1926 1706 1980 ὃν
1732 1924 1781 1981 et

1907 1937 2104 2003 oliicio,
2154 1939 2249 1994 sed
2281 1914 2348 1992 de
2395 1936 2600 2006 Spiritu
2643 1914 2844 1993 sancto
2899 1937 3068 1992 Maria
3119 1914 3464 2009 conceperat.

208 2021 329 2100 χεν
345 2006 529 2074 φόϐον·
565 2009 664 2077 οὐχ
691 2010 719 2060 6
750 2008 928 2080 τυχὼν
958 2010 1066 2082 γὰρ
1089 2011 1249 2080 φόϐος
1270 2009 1336 2084 ἦν
1359 2013 1506 2087 αὐτῷ
1525 2017 1781 2073 συναισθο

1905 2028 2113 2085 Deinde
2154 2045 2276 2085 eum
2309 2028 2465 2099 jubet
2515 2029 2788 2092 timorem,
2841 2044 2954 2099 quo
2994 2036 3279 2100 correptus
3318 2037 3458 2093 erat,

210 2095 382 2198 μένιρ
522 2098 580 2164 ἐξ
609 2099 799 2170 ἀνδρὸς
827 2102 1148 2172 κεκυηκέναι
1179 2102 1276 2174 τὴν
1302 2106 1538 2178 Μαρίαν·
1570 2109 1781 2163 κᾶπειτι

1903 2119 2197 2176 dimittere.
2229 2118 2349 2174 Non
2377 2119 2521 2174 enim
2552 2119 2609 2174 in
2639 2119 2902 2174 mediocri
2933 2118 3252 2174 versabatur
3273 2118 3460 2173 formi-

203 2187 393 2239 αὑτδν
423 2187 663 2242 διδάσκει
706 2191 802 2260 οὐχ
833 2191 862 2244 ὃ
891 2192 965 2264 μὴ
1006 2194 1208 2263 ἠγνόει,
1252 2197 1386 2250 ἀλλὰ
1421 2197 1513 2250 τοῦ
1543 2200 1636 2253 καὶ
1670 2202 1781 2272 πρό-

1901 2211 2050 2274 dine,
2105 2211 2235 2266 dum
2284 2220 2564 2280 reputaret
2591 2209 2735 2264 haud
2765 2226 2831 2263 ex
2860 2209 2980 2264 viro
3018 2207 3295 2279 gravidam
3336 2223 3458 2265 esse

201 2293 382 2347 τερον
415 2282 855 2352 γιγνωσκομένου
891 2283 989 2354 τὴν
1021 2286 1219 2340 αἰτίαν·
1255 2287 1402 2357 λέγει
1443 2289 1488 2342 δ’
1518 2287 1632 2344 οὖν·
1672 2310 1690 2343 ι
1729 2292 1802 2345 Τὸ

200 2369 332 2439 γὰρ
365 2373 424 2424 ὲν
454 2375 588 2445 αὐτῇ
621 2377 894 2448 γεννηθὲν,
926 2379 989 2432 ἐκ
1023 2381 1335 2453 Πνεύματός
1355 2386 1699 2466 ἐστινὰγίου.
1739 2406 1760 2436 ι

280 2592 353 2644 ε’.
401 2592 634 2669 Τοιαύτη
682 2615 765 2660 τις
806 2599 900 2653 καὶ
940 2601 1174 2673 τοσαύτη
1214 2605 1463 2672 γενέσθαι
1517 2608 1792 2678 οἰκονομία

201 2684 358 2756 ὑπὲρ
387 2685 483 2737 τοῦ
521 2686 701 2740 λαθεῖν
728 2691 825 2761 τὴν
851 2695 951 2763 τῆς
985 2693 1251 2764 παρθένου
1284 2696 1475 2767 κύησιν
1506 2700 1631 2761 τοὺς
1662 2699 1789 2752 ἀπί-

1901 2299 2149 2356 Mariam.
2173 2299 2311 2355 Exiu‘
2332 2299 2580 2356 eumdem
2603 2299 2763 2355 docet
2785 2315 2895 2353 non
2925 2298 3066 2369 quod
3101 2313 3209 2352 non
3241 2299 3460 2368 ignora-

1899 2390 2013 2456 bat,
2037 2390 2132 2446 sed
2161 2391 2473 2460 prmcogniti
2507 2406 2750 2446 causam.
2783 2389 2872 2443 Ait
2916 2391 3081 2462 igitur
3109 2408 3122 2444 :
3163 2408 3182 2442 ι
3217 2389 3374 2457 Quod
3399 2392 3463 2447 in.

1896 2497 1958 2537 ea
1980 2489 2166 2536 natum
2197 2492 2298 2548 est,
2327 2483 2394 2536 de
2419 2481 2624 2552 Spiritu
2649 2490 2836 2536 sancto
2857 2489 2961 2537 est.
2993 2501 3014 2533 ι

1967 2594 2018 2648 5.
2061 2592 2191 2648 Tale
2229 2565 2362 2649 milii
2411 2601 2732 2664 tantumque
2759 2593 3018 2663 agitatum
3061 2591 3354 2647 consilium
3383 2608 3460 2646 ex

1893 2685 2093 2741 divinis
2116 2685 2311 2740 litteris
2337 2693 2578 2754 apparet,
2600 2695 2822 2755 propter
2867 2685 3252 2741 eccultandum
3279 2685 3465 2740 inore--

200 2791 398 2840 στους,
427 2778 491 2832 ἐκ
515 2779 613 2850 τῆς
629 2779 776 2844 θείας
793 2783 1149 2853 ὑποφαίνεταί
1183 2805 1270 2858 μοι
1299 2789 1534 2860 Γραφῆς·
1566 2791 1660 2843 καὶ
1683 2791 1781 2863 γὰρ

1891 2777 2035 2834 dulis
2065 2785 2388 2847 conceptum
2412 2777 2658 2848 virginis.
2695 2776 2884 2848 Neque
2913 2779 3058 2832 enim
3083 2778 3242 2834 facile
3271 2778 3452 2834 credi-

197 2864 311 2916 οὖχ
357 2864 424 2917 ἂν
474 2866 762 2940 ἐπιστεύθη
797 2873 994 2943 ῥᾳδίως
1021 2878 1048 2928 6
1075 2875 1230 2944 λόγος
1278 2879 1428 2949 παρὰ
1472 2882 1584 2943 τοῖς
1631 2880 1781 2933 τοῦτο

1890 2869 2000 2923 turi
2043 2877 2222 2932 erant,
2277 2869 2371 2938 qui
2424 2883 2728 2924 sermonem
2773 2868 3044 2938 ejusmodi
3101 2869 3352 2925 audirent
3381 2869 3450 2924 de

196 2955 529 3023 ἀκούουσιν,
561 2959 728 3033 ἄνδρα
765 2981 825 3016 τε
853 2966 1012 3019 αὑτὸν
1036 2968 1164 3038 ἡμῖν
1182 2969 1573 3040 όμοιοπαθῆτδ
1605 2970 1781 3040 σῶμα,

1887 2959 2108 3016 homine
2129 2961 2267 3015 mira
2290 2969 2623 3025 narrantem,
2654 2975 2813 3030 quem
2843 2975 2995 3031 aeque
3023 2976 3088 3015 ac
3111 2976 3213 3017 nos
3235 2962 3465 3016 inlirmo—

195 3050 299 3101 καὶ
327 3050 450 3104 κατ’
478 3051 629 3105 οὐδὲν
662 3055 760 3126 τὴν
794 3054 990 3127 θνητὴν
1009 3058 1166 3127 φύσιν
1187 3060 1628 3132 παραλλάττοντα
1649 3061 1781 3114 θεω-

1887 3067 2116 3123 corpore
2155 3059 2458 3121 naturaque
2484 3051 2629 3106 haud
2660 3050 2914 3107 dissimili
2955 3052 3244 3123 praeditum
3295 3052 3449 3108 vide-

199 3139 429 3207 μένοις·
466 3142 520 3194 τί
556 3142 663 3215 γάρ
712 3147 761 3197 εί
795 3147 910 3224 ’καὶ
945 3147 1083 3218 μετὰ
1125 3149 1295 3203 ταῦτα
1345 3150 1781 3221 παραδοξοποιῶν

1887 3155 2026 3200 rent.
2057 3144 2240 3210 Quid?
2263 3145 2474 3200 etiamsi
2497 3143 2754 3216 deinceps
2778 3141 2938 3200 Iesus
2965 3145 3231 3200 miracula
3253 3145 3443 3208 edens.

195 3233 297 3285 καὶ
332 3233 439 3298 τάς
461 3235 677 3291 ἐνθέους
705 3239 1023 3310 εὐεργεσίας
1042 3243 1122 3305 είς
1150 3243 1375 3308 πολλοὺς
1400 3246 1653 3300 ἐκτείνων
1695 3245 1781 3312 ἑξ·-

1887 3235 2235 3308 divinamque
2262 3237 2372 3292 vim
2402 3236 2701 3292 beneﬁcam
2730 3251 2858 3308 erga
2889 3236 3090 3292 multos
3119 3251 3457 3307 expromens.

193 3325 440 3398 ἐπληττε
474 3329 601 3391 τοὺς
640 3330 909 3401 ὁρῶντας;
957 3333 1076 3405 οὐχ).
1115 3333 1171 3386 δὲ
1204 3336 1296 3389 καὶ
1328 3338 1567 3408 Μωῦσῆς
1611 3341 1780 3399 πολλὰ

192 3417 719 3492 θαυματουργήσας,
739 3422 838 3492 τῆς
860 3424 1043 3495 κοινῆς
1066 3426 1214 3496 ὅμως
1229 3428 1492 3494 γενέσεως
1513 3432 1613 3485 οὐκ
1627 3433 1783 3504 ὴμοί-

197 3525 314 3579 ρει;
353 3510 542 3574 Ἠλίας
574 3530 654 3579 τε,
677 3515 768 3567 καὶ
797 3515 1116 3580 Ἐλισσαῖος,
1134 3520 1226 3571 καὶ
1256 3521 1284 3572 6
1315 3520 1500 3584 καθεῖς
1525 3523 1630 3576 τῶν
1649 3543 1780 3596 προ-

192 3600 421 3671 φητῶν;
455 3603 606 3656 οὐδὲν
639 3601 732 3658 οὗν
765 3606 900 3677 πρὸς
929 3607 990 3660 τὸ
1026 3608 1099 3679 μὴ
1134 3609 1200 3676 ἐξ
1250 3611 1440 3682 ἀνδρὸς
1467 3615 1779 3684 νομίζεσθαι

192 3693 284 3745 τὸν
331 3694 542 3763 Ἰησοῦν
582 3699 614 3768 ἡ
648 3697 754 3750 τῶν
793 3700 1091 3770 τεραστίων
1126 3700 1305 3772 ἔργων
1340 3705 1592 3770 ἐπίδειξις
1629 3708 1776 3780 αὐτῷ

193 3786 573 3840 συνεϐάλλετο·
610 3789 805 3844 αὐτίκα
841 3793 890 3844 oi
925 3794 1043 3848 κατ’
1076 3793 1234 3846 αὐτὸν
1267 3794 1374 3846 οὐδ’
1411 3795 1537 3850 ἄλλο
1566 3815 1618 3850 τι
1648 3801 1777 3870 περὶ

192 3876 294 3946 τῆς
341 3879 612 3946 γενέσεως
645 3881 805 3934 αὑτοῦ
857 3881 1266 3954 φανταζόμενοι,
1301 3887 1500 3958 καίπερ
1531 3887 1600 3942 τά
1637 3889 1775 3960 δρώ-

197 3983 335 4035 μενα
359 3968 454 4020 ὑπ’
472 3969 634 4022 αὑτοῦ
660 3972 912 4042 ὁρῶντες,
946 3973 1129 4043 ἔλεγον
1156 3975 1291 4045 πρὸς
1315 3975 1592 4044 ἀλλήλους·
1632 3997 1648 4027 ι
1669 3979 1773 4032 Πό-

193 4056 283 4109 θεν
314 4058 494 4129 τούτῳ
527 4063 675 4112 πᾶσα
704 4063 746 4132 ἡ.
773 4062 931 4130 σοφία
959 4061 1096 4134 αὕτη
1128 4065 1220 4117 καὶ
1267 4067 1320 4118 αἱ
1346 4065 1633 4136 δυνάμεις;
1671 4067 1770 4138 οὐχ

188 4141 345 4213 οὗτός
367 4151 514 4204 ἐστιν
537 4152 564 4203 6
585 4151 688 4208 τοῦ,
720 4153 966 4216 τέκτονος
992 4155 1133 4221 υίός;
1172 4156 1292 4227 οὐχὶ
1324 4157 1357 4227 ἡ
1394 4157 1576 4228 μήτηρ
1607 4158 1769 4211 αὐτοῦ

188 4238 409 4308 λέγεται
454 4243 674 4311 Μαρία;
703 4245 793 4297 καὶ
825 4245 872 4296 οἱ
911 4244 1127 4314 ἀδελφοὶ
1158 4245 1345 4310 αὑτοῦ,
1381 4247 1636 4312 Ἰάκωϐος
1673 4250 1768 4302 καὶ

198 4331 396 4404 Ἰωσὴφ
416 4336 510 4387 καὶ
535 4335 718 4407 Σίμων
743 4337 835 4390 καὶ
867 4337 1098 4403 ’1ούδας;
1133 4340 1226 4391 καὶ
1255 4339 1311 4390 αί
1345 4332 1568 4408 ἀδελφαὶ
1601 4341 1766 4394 αὐτοῦ

185 4427 305 4494 οὐχὶ
335 4426 510 4482 πᾶσαι
538 4426 673 4497 πρὸς
702 4429 848 4498 ἡμᾶς
883 4431 986 4481 εἱσι
1013 4446 1027 4495 ;
1066 4449 1084 4480 ι
1124 4430 1233 4482 Καὶ
1264 4429 1449 4482 ἄλλοτε
1476 4431 1637 4485 πάλιν
1664 4431 1765 4503 τῆς

189 4518 398 4594 μητρὸς
414 4517 510 4573 καὶ
533 4517 640 4570 τῶν
664 4519 905 4588 ἀδελφῶν
935 4519 1182 4575 ἑστώτων
1217 4520 1320 4586 ἔξω
1351 4521 1442 4574 καὶ⁴
1459 4523 1764 4596 ζητούντων

183 4607 416 4681 λαλῆσαι
436 4610 604 4681 αὐτῷ,
640 4608 759 4664 εἶπέ
794 4631 877 4676 τις
902 4612 1051 4683 αὐτῷ
1093 4630 1106 4642 ·
1158 4632 1177 4665 ι
1221 4615 1350 4670 Ἰδοὺ
1385 4619 1415 4688 ἡ
1449 4619 1632 4690 μήτηρ
1670 4635 1765 4672 σου

185 4701 278 4755 καὶ
302 4703 355 4754 ot
386 4701 606 4771 ἀδελφοί
639 4721 731 4756 σου
758 4705 1051 4777 ἑστήκασιν
1083 4706 1207 4772 ἔξω,
1231 4709 1355 4763 ἰδεῖν
1381 4727 1438 4762 σε
1460 4710 1757 4775 θέλοντες.)

187 4792 295 4847 Καὶ
314 4794 371 4846 τί
407 4793 716 4864 θαυμαστὸν
743 4797 832 4850 ὅτε
865 4799 959 4852 καὶ
983 4800 1028 4850 οἱ
1051 4799 1215 4852 αὐτοῦ
1251 4801 1488 4872 μαθηταὶ
1504 4804 1596 4856 καὶ
1627 4803 1762 4856 ἀπό-

187 4888 368 4943 στολοι,
396 4889 781 4959 ἐρωτηθέντες,
811 4911 828 4942 ι
858 4892 988 4945 Τίνα
1034 4910 1098 4963 με
1119 4933 1133 4956 ,
1171 4895 1362 4966 φησιν,
1395 4897 1442 4948 οἱ
1487 4896 1761 4969 ἂνθρωποι

183 4976 430 5048 λέγουσιν
452 4996 471 5043 ;
493 5000 510 5030 ι
533 4981 914 5053 ἀπεκρίναντο,
933 4985 1008 5048 ὡς
1024 4983 1130 5056 ἄρα
1146 4988 1193 5039 οἱ
1217 4987 1313 5056 μὲν
1331 4988 1580 5059 Ἰωάννην
1598 4989 1758 5042 αὑτὸν

186 5066 319 5124 εἶναι
351 5070 635 5140 ἡγοῦνται,
666 5075 713 5126 oi
744 5073 800 5126 δὲ
845 5075 1052 5140 Ἠλίαν,
1085 5077 1134 5129 οἱ
1167 5078 1264 5147 μὲν
1301 5079 1590 5150 Ἱερεμίαν,
1624 5083 1673 5133 ot
1701 5083 1759 5135 δὲ

187 5162 370 5235 ἕτερόν
418 5181 542 5218 τινα
587 5165 696 5217 τῶν
762 5169 1072 5239 προφητῶν·
1145 5171 1486 5242 ἐρωτώμενοι
1532 5173 1588 5226 δὲ
1637 5173 1759 5228 τίνα

191 5255 310 5306 ποτὲ
337 5256 436 5308 καὶ
473 5257 626 5310 αὐτοὶ
665 5257 821 5323 δόξαν
857 5259 1035 5330 έχουσι
1075 5262 1201 5332 περὶ
1235 5263 1423 5327 αὐτοῦ,
1464 5266 1513 5316 οἱ
1558 5264 1758 5329 πάντες

185 5344 598 5416 ἁπεσιὼπησαν,
621 5346 696 5410 ὡς
721 5349 818 5400 οὐκ
844 5348 1260 5419 ἕχοντεςεξπεῖν·
1283 5351 1442 5421 μόνου
1466 5352 1522 5404 δὲ
1547 5352 1754 5424 Πέτρου

187 5437 248 5505 ζὴ
258 5431 468 5500 σαντος,
500 5437 574 5500 ὡς
596 5437 704 5509 ἆρα
725 5439 885 5503 αὐτὸς
901 5440 985 5510 εἴη
1005 5443 1032 5494 ὁ
1048 5442 1279 5513 Χριστὸς
1304 5443 1332 5495 ὀ
1362 5443 1488 5506 Υίδς
1505 5441 1598 5496 τοῦ
1615 5441 1750 5495 Θεοῦ

181 5525 269 5578 τοῦ
302 5525 524 5590 ζῶντος,
561 5529 656 5580 {ira
688 5530 832 5600 μόνῳ
875 5531 1020 5602 αὐτῷ
1049 5531 1206 5585 τοῦτο
1236 5532 1530 5601 γνωσθέντι
1562 5531 1754 5600 ἐπιφέ-

187 5634 258 5686 ρει
281 5618 454 5686 λέγων
474 5637 487 5648 ·
523 5639 540 5670 ι
563 5621 848 5691 Μακάριος
871 5618 947 5676 ετ.
979 5623 1160 5677 Σίμων
1189 5623 1480 5696 βὰρΊωνᾶ,
1499 5625 1578 5677 ὅτι
1616 5621 1752 5694 σὰρξ

249 5778 267 5806 ²
309 5774 495 5833 Matth.
537 5794 569 5847 I,
600 5781 690 5836 ‘20.
856 5777 875 5809 ³
915 5775 1099 5831 Matth.
1139 5793 1250 5844 xu,
1293 5777 1374 5835 Π.

1796 4571 1840 4626 D

1795 4712 1800 4717 ’
1866 4715 2018 4775 sunt,
2046 4715 2208 4777 teque
2241 4707 2420 4762 visere
2475 4704 2704 4775 cupiunt
2722 4703 2764 4757 ³.
2798 4722 2818 4754 ι
2851 4701 2962 4756 Nec
2992 4701 3231 4766 mirum;
3268 4699 3440 4772 siqui.

1454 5781 1471 5810 ’⁸
1514 5777 1704 5833 Matth.
1744 5795 1864 5844 3m,
1912 5779 1994 5832 l3.

1883 3331 2114 3401 perculit
2141 3329 2482 3386 cernentium
2534 3329 2776 3395 animos;
2827 3344 3008 3384 nonne
3055 3327 3291 3400 Moyses,
3345 3329 3442 3399 qui

1882 3425 2052 3478 multa
2085 3424 2221 3477 mira
2254 3421 2403 3486 fecit,
2436 3428 2616 3476 tamen
2650 3420 2955 3475 communis
2988 3420 3287 3475 nativitatis
3319 3435 3452 3489 par-

1885 3516 2062 3585 ticeps
2103 3513 2251 3583 fuit?
2305 3514 2545 3582 itemque
2589 3509 2738 3564 Elias
2777 3519 2940 3581 atque
2982 3510 3230 3576 Elisaaus,
3283 3519 3458 3580 atque-

1881 3587 2160 3678 prophetaa"
2177 3604 2414 3676 singuli?
2435 3603 2577 3658 Nihil
2602 3603 2770 3673 igitur
2793 3603 3046 3672 proderat
3071 3601 3443 3674 prodigiorum

1877 3697 2069 3763 editio,
2118 3695 2414 3767 quominus
2457 3692 2618 3749 Iesus
2669 3693 2983 3749 crederetur
3035 3695 3154 3748 viro
3204 3693 3442 3765 genitus.

1880 3790 2091 3860 Reapse
2136 3788 2387 3844 homines
2439 3787 2584 3842 illius
2617 3787 2818 3850 aetatis,
2869 3786 3003 3840 nihil
3039 3785 3320 3840 insolitum
3375 3787 3447 3843 de

1876 3881 2160 3938 nativitate
2207 3879 2329 3949 ejus
2387 3879 2778 3948 suspicantes,
2827 3891 3136 3948 quanquam
3191 3875 3439 3946 ejusdem

1875 3974 2019 4029 facta
2042 3972 2401 4043 aspiciebant,
2430 3971 2505 4024 ita
2529 3970 2983 4040 colloquebantur
3020 3987 3034 4024 :
3071 3988 3090 4021 ι
3125 3967 3278 4024 Unde
3312 3969 3443 4025 huic

1873 4068 2052 4123 onmis
2082 4064 2350 4136 sapientia
2378 4064 2494 4118 haec
2523 4070 2579 4116 et
2607 4061 2877 4117 virtutes?
2914 4077 3094 4116 nonne
3126 4061 3214 4115 hic
3244 4068 3329 4116 est
3359 4060 3442 4115 fa.-

1871 4159 1956 4215 bri
1987 4158 2169 4214 ﬁlius?
2193 4171 2376 4210 nonne
2402 4163 2578 4208 mater
2618 4155 2740 4225 ejus
2772 4153 2976 4208 dicitur
3013 4151 3216 4219 Maria;
3248 4159 3302 4207 et
3327 4151 3438 4206 fra-

1870 4257 1982 4303 tres
2014 4247 2134 4317 ejus
2159 4245 2398 4300 Iacobus
2442 4253 2496 4300 et
2528 4244 2800 4315 Iosephus
2826 4249 2880 4297 et
2912 4239 3100 4296 Simon
3128 4247 3183 4295 et
3223 4237 3440 4294 Iudas?

1836 4342 1841 4346 ’
1870 4340 2107 4410 itemque
2137 4353 2356 4394 sorores
2380 4338 2500 4407 ejus
2529 4353 2708 4392 nonne
2723 4349 2914 4391 omnes
2937 4332 3081 4403 apud
3103 4347 3204 4388 nos
3223 4334 3386 4387 sunt?
3412 4351 3444 4384 »-

1870 4432 2085 4487 itursus
2114 4431 2250 4485 alias
2276 4438 2451 4484 matre
2479 4430 2601 4500 ejus
2633 4427 3004 4496 fratribusque
3027 4433 3185 4480 extra
3215 4424 3438 4479 concio-

1867 4539 1989 4578 nem
2022 4522 2316 4586 stantibus,
2369 4536 2494 4574 cum
2547 4535 2722 4590 eoque
2763 4517 2913 4588 loqui
2965 4515 3298 4581 volentibus,
3359 4515 3440 4572 ait

1868 4613 2138 4686 quidam:
2185 4629 2204 4664 ι
2244 4612 2324 4666 En
2352 4626 2552 4683 parens
2593 4618 2686 4665 tua
2716 4608 3024 4679 fratresque
3053 4608 3130 4662 tui
3171 4605 3306 4662 foris
3339 4607 3436 4662 ad-

1865 4800 1990 4856 dem
2037 4801 2200 4855 etiam
2255 4795 2512 4869 discipuli
2567 4805 2731 4866 atque
2781 4795 3014 4865 apostoli
3067 4793 3242 4865 rogati
3271 4793 3341 4848 ab
3368 4808 3438 4849 eo

1864 4909 2026 4965 quem
2069 4908 2128 4948 se
2174 4907 2296 4948 esse
2340 4891 2592 4946 homines
2643 4889 2912 4954 dicerent,
2960 4887 3369 4958 responderunt
3415 4903 3442 4942 ιη

1869 5008 1888 5041 ι
1929 4988 2066 5043 Aliis
2091 4999 2214 5041 eum
2241 4985 2414 5040 videri
2437 4982 2724 5046 Joannem,
2750 4981 2872 5036 aliis
2893 4980 3087 5044 Etiam,
3121 4978 3244 5033 aliis
3280 4975 3435 5032 Iere-

1865 5075 2053 5139 miam,
2084 5075 2206 5130 aliis
2241 5075 2407 5128 alium
2441 5075 2509 5130 de
2535 5071 2820 5144 prophetis
2843 5072 2889 5123 δ.
2932 5089 2950 5122 ι
2984 5067 3310 5136 Rursusque
3340 5081 3435 5121 ro-

1863 5161 1972 5231 gati
2004 5176 2166 5231 quem
2200 5170 2256 5215 et
2275 5161 2380 5232 ipsi
2410 5177 2471 5216 se
2499 5176 2622 5216 esse
2651 5165 2939 5230 putarent,
2955 5158 3190 5212 silebant
3218 5155 3438 5224 cuncti,

1861 5253 1998 5308 nihil
2031 5252 2215 5307 dicere
2271 5253 2537 5307 habentes
2584 5270 2599 5306 :
2651 5266 2903 5321 unusque
2948 5247 3144 5302 Petrus
3175 5247 3272 5310 ait,
3303 5262 3440 5300 eum

1859 5362 1983 5402 esse
2005 5345 2287 5401 Christum
2316 5343 2414 5400 Dei
2453 5345 2687 5399 viventis
2718 5342 2941 5397 Filium.
2967 5341 3179 5409 Quippe
3211 5347 3267 5394 et
3298 5338 3434 5392 huic-

1859 5439 1978 5501 uni,
2018 5445 2276 5505 tanquam
2306 5436 2383 5489 rei
2405 5435 2654 5499 conscio,
2684 5431 2970 5504 respondit
3001 5430 3162 5486 Iesus
3197 5449 3209 5484 :
3241 5448 3262 5480 ι
3295 5429 3430 5486 Βεεξ

1857 5537 1949 5584 tus
1982 5545 2062 5593 es,
2094 5526 2281 5581 Simon
2310 5526 2598 5591 bar-Iona,
2629 5527 2759 5596 quia
2792 5540 2925 5581 caro
2966 5531 3020 5580 et
3051 5522 3292 5594 sanguis.
3315 5538 3431 5576 rion

1861 5620 2123 5676 revelavit
2149 5619 2268 5683 tibi,
2303 5617 2398 5674 sed
2419 5617 2774 5674 Paterrmcus
2788 5617 2883 5688 qui
2911 5617 2966 5671 in
2997 5615 3170 5672 ctelis.
3191 5621 3274 5671 est
3308 5614 3350 5670 ⁸.
3396 5633 3417 5668 ο

2071 5781 2090 5807 ⁸
2137 5777 2322 5831 Matth.
2366 5790 2450 5830 ιγ]
2480 5816 2493 5841 ,
2534 5776 2622 5832 Π.
