3938 6514
577 306 686 363 88⁸7

1231 307 1502 366 IZUSEBII
1539 307 2024 365 CAESABIENSIS
2059 306 2210 374 OPP.
2253 305 2430 363 PARS
2470 305 2558 362 ΙΙΙ.
2585 338 2651 348 —-
2690 304 3100 362 EXEGE'I‘ICA.

574 423 755 484 Testis
789 427 917 483 item
953 426 1144 494 Maria,
1176 442 1236 483 se
1263 429 1502 498 cogitatu
1523 436 1738 485 secreto
1769 429 1915 498 apud
1942 444 2001 484 se
2022 443 2123 498 qua

2247 427 2340 481 καὶ
2370 423 2511 498 αἷμα
2540 426 2640 480 οὐκ
2664 425 2975 494 ἀπεκάλυψέ
3005 442 3107 488 σοι,
3144 424 3252 478 ἀλλ’
3284 427 3312 479 6
3351 425 3539 496 Πατήρ
3570 442 3666 495 μου
3696 424 3722 474 6
3745 427 3792 476 ἐν

572 529 724 589 gesta
763 517 982 576 fuerant
1011 521 1371 578 continuisse.
1425 521 1518 576 Ait
1563 523 1748 590 itaque
1784 521 2068 591 Scriptura
2119 539 2135 578 :

579 630 602 662 ι
641 610 810 668 Maria
841 622 1024 670 autem
1055 615 1423 670 conservabat
1453 617 1636 672 omnia
1663 615 1826 674 verba
1857 615 1973 674 haec
2005 629 2138 671 con-

572 707 752 763 ferens
779 707 834 760 in
856 705 1019 762 corde
1047 721 1148 760 suo
1172 708 1212 761 ⁶.
1255 727 1272 758 ι

639 882 695 937 6.
741 880 913 952 Igitur
941 881 1376 940 demonstratum
1405 894 1512 951 est,
1545 885 1752 941 utiliter
1783 903 1879 956 per
1908 887 1963 942 id
1994 894 2133 942 tem-

570 989 673 1045 pus
694 975 1112 1044 conceptionem
1134 974 1265 1042 Iesu
1293 975 1361 1031 de
1384 984 1576 1034 sancto
1609 976 1818 1048 Spiritu
1855 977 1997 1048 apud
2016 978 2134 1032 vul-

565 1081 668 1136 gus
695 1064 862 1134 fuisse
889 1066 1142 1121 celatam.
1178 1065 1447 1137 Iosephus
1477 1076 1655 1123 autem
1689 1069 1744 1123 in
1785 1070 2025 1139 parentis
2048 1069 2133 1123 lo-

567 1171 693 1212 cum
722 1167 1044 1228 assumptus
1078 1167 1183 1222 est,
1221 1159 1295 1213 ita
1344 1167 1405 1215 ut
1457 1162 1654 1217 merito
1685 1171 1946 1233 tanquam
1979 1166 2133 1234 pueri

566 1250 781 1322 genitor
817 1250 872 1305 in
907 1251 1225 1322 genealogia
1283 1260 1602 1322 poneretur.
1669 1254 1729 1309 ld
1780 1256 1882 1311 nisi
1947 1255 2130 1319 ﬁebat,

565 1341 722 1396 nullo
778 1349 1004 1418 parente
1034 1351 1351 1397 censeretur
1385 1359 1540 1414 puer,
1581 1344 1742 1414 cujus
1785 1354 2016 1401 stemma
2065 1346 2132 1401 ab

565 1433 662 1489 illo
701 1450 809 1490 non
838 1435 1235 1494 deduceretur:
1281 1452 1402 1506 quae
1433 1453 1520 1492 res
1552 1437 1607 1491 in
1633 1437 1966 1507 impietatem
1999 1439 2132 1492 mul-

563 1534 652 1600 tos
691 1528 1070 1602 pertraxisset,
1107 1529 1153 1582 si
1205 1528 1276 1582 ob
1325 1529 1402 1584 rei
1455 1545 1597 1585 vera:
1638 1531 2028 1601 ignorantiam,
2064 1531 2132 1586 de

513 1687 518 1692 ν
563 1618 842 1690 natalibus
889 1619 1010 1688 ejus
1048 1620 1192 1680 haud
1253 1619 1484 1676 honeste
1553 1624 1842 1681 sentirent.
1910 1623 2132 1679 Utiliter

562 1710 747 1779 itaque
775 1720 828 1765 ct
861 1710 998 1766 fabri
1030 1711 1676 1783 ﬁlius,etappellatorum
1701 1717 1936 1773 liliorum
1959 1718 2130 1774 frater

562 1793 778 1873 habitus
807 1810 910 1856 est.
966 1800 1031 1856 Et
1059 1804 1278 1873 quidem
1334 1805 1450 1876 ipse
1491 1807 1634 1862 Deus
1693 1806 1931 1864 Verbum
1981 1809 2126 1866 haud

561 1907 621 1945 se
652 1892 922 1950 hominem
965 1909 1087 1951 esse
1138 1897 1400 1966 negabat:
1458 1898 1566 1953 imo
1608 1898 1895 1971 discipulis
1932 1902 2126 1972 praeci-

561 1982 762 2054 piebat,
799 2000 869 2040 ne
918 1988 1007 2040 cui
1060 1987 1308 2043 dicerent
1335 2003 1460 2044 eum
1518 2006 1577 2046 se
1621 2007 1766 2055 esse,
1801 2009 1961 2064 quem
1999 2010 2127 2065 pro-

559 2074 734 2142 pheta:
771 2087 1066 2134 venturum
1110 2081 1450 2146 cecinerant,
1489 2092 1713 2138 unctum
1748 2084 1919 2142 Dei":
1951 2104 2127 2159 neque

559 2165 705 2218 enim
738 2165 897 2222 [idem
929 2169 1174 2240 plerique
1209 2182 1366 2226 erant
1395 2177 1722 2248 arrogaturi,
1751 2177 1843 2247 qui
1875 2193 1998 2232 eum
2025 2180 2128 2234 hu-

559 2256 673 2312 mili
708 2258 959 2331 indutum
1019 2263 1202 2332 specie
1257 2263 1534 2319 videbant.
1605 2264 1696 2320 Sic
1739 2267 1792 2320 iu
1834 2269 1924 2324 illa
1958 2270 2126 2326 etiam

559 2359 822 2426 montana
854 2353 1339 2425 transﬁguratione
1367 2371 1586 2412 rursum
1635 2360 1914 2429 mandavit
1959 2362 2127 2416 disci-

558 2441 704 2512 pulis
754 2449 812 2496 ut
838 2444 1016 2498 visum
1047 2445 1252 2499 nemini
1293 2446 1560 2512 dicerent,
1610 2449 1784 2505 donec
1818 2451 1991 2507 Filius
2023 2453 2126 2519 hoe

559 2532 724 2601 minis
773 2547 805 2586 a
864 2533 1102 2589 mortuis
1175 2547 1489 2608 resurgeret
1513 2539 1557 2592 ⁸.
1627 2538 1865 2596 Pronum
1925 2545 2126 2614 quippe

553 2631 674 2700 erat
709 2634 767 2678 ut
805 2625 960 2680 multi
986 2625 1054 2679 de
1083 2629 1374 2683 comtaneis
1403 2645 1469 2684 ne
1499 2629 1553 2684 id
1601 2631 1818 2700 quidem
1859 2633 1961 2688 sibi
2004 2650 2126 2704 per-

556 2717 775 2771 suaderi
811 2726 1146 2788 paterentur.
1207 2719 1365 2786 Quod
1398 2722 1445 2776 si
1483 2722 1596 2776 haec
1625 2739 1734 2779 non
1765 2726 1976 2794 putavit
2007 2728 2126 2781 vul-

561 2809 765 2879 ganda,
824 2813 998 2866 multo
1055 2815 1231 2884 magis
1265 2816 1508 2884 oportuit
1559 2817 1762 2872 natalia
1806 2820 1874 2873 de
1916 2819 2128 2891 virgine

556 2911 690 2958 tunc
721 2904 776 2958 in
805 2907 1007 2974 populo
1040 2907 1258 2961 reticeri
1277 2925 1290 2962 :
1310 2924 1431 2978 qua:
1456 2911 1746 2964 commodo
1766 2910 1962 2967 deinde
1985 2920 2125 2968 tem-

555 3012 688 3067 pure
745 3014 961 3056 omnem
1013 2998 1078 3055 de
1140 3015 1205 3056 eo
1251 3003 1537 3056 veritatem
1599 3011 1758 3058 erant
1809 3012 2123 3062 ostensura.

563 3087 808 3160 Tempus
847 3100 1029 3146 autem
1083 3095 1432 3150 commodum
1494 3095 1736 3152 futurum
1792 3105 1930 3161 erat,
1999 3115 2191 3177 cumc

553 3181 672 3250 ipse
705 3197 733 3235 a
767 3185 1000 3240 mortuis
1048 3197 1380 3257 resurgeret,
1420 3197 1473 3243 et
1521 3203 1648 3243 cum
1679 3190 1735 3244 in
1778 3191 1977 3246 ccelum
2029 3207 2122 3248 as-

557 3285 884 3342 sumeretur,
913 3285 966 3332 et
1002 3293 1126 3332 cum
1159 3281 1348 3335 orbem
1383 3289 1654 3337 terrarum
1689 3282 1832 3355 fatua
1861 3285 1981 3354 ejus
2003 3294 2123 3340 tan-

553 3385 718 3440 quam
752 3369 843 3425 Dei
883 3369 1047 3451 γει·ὺί
1083 3373 1446 3441 pervaderet;
1496 3391 1620 3430 cum
1665 3375 1901 3447 denique
1932 3385 2120 3448 gentes

547 3472 901 3528 vocarentur,
949 3481 1013 3519 ac
1057 3465 1241 3520 divina
1278 3467 1427 3524 illius
1477 3469 1703 3524 oracula
1735 3471 1940 3526 exitum
1981 3485 2120 3526 nau-

546 3554 910 3621 ciscerentur;
941 3572 1126 3612 rerum
1177 3558 1390 3614 scilicet
1421 3570 1618 3618 eventu
1665 3562 1946 3631 praesagiis
1971 3564 2122 3634 ejus-

547 3644 670 3699 dem
734 3661 798 3702 ac
850 3647 1298 3717 prmdictionibus
1359 3648 1519 3704 tidem
1569 3651 1912 3720 perspicuam
1982 3651 2121 3722 adji-

544 3737 746 3800 ciente.
1581 3724 1585 3728 ’

620 3825 670 3878 7.
711 3826 891 3896 Atque
930 3828 1072 3896 apud
1117 3838 1318 3884 nostrae
1355 3831 1574 3899 quidem
1619 3833 1798 3889 aetatis
1845 3834 2115 3912 homines,

545 3917 640 3986 qui
677 3933 858 3972 rerum
900 3919 1058 3972 ﬁdem
1101 3935 1130 3974 a
1181 3920 1481 3988 majoribus
1523 3932 1873 3992 acceperunt,
1917 3927 2120 3996 quique

545 4008 752 4072 Christi
800 4011 1174 4066 conditionem
1225 4014 1349 4082 plus
1395 4028 1557 4082 quam
1613 4015 1901 4070 mortalem
1948 4017 2119 4074 fuisse

547 4101 756 4164 sciunt,
809 4101 1020 4171 reliqua
1053 4119 1272 4173 quoque
1312 4105 1508 4159 merito
1558 4107 1613 4160 in
1661 4105 1918 4163 confesso
1965 4118 2114 4172 sunt,

547 4191 746 4262 nedum
791 4192 1094 4248 nativitatis
1131 4195 1476 4267 mysterium:
1503 4203 1870 4250 verumtamen
1929 4200 2117 4269 inclyti

545 4283 896 4354 evangelista:
932 4273 1248 4343 necessario
1285 4295 1417 4357 tunc
1453 4284 1750 4358 Josephum
1811 4290 1867 4344 in
1914 4307 2114 4361 genea-

544 4375 687 4442 logia
740 4385 1066 4447 posuerunt,
1116 4383 1208 4448 qui
1258 4379 1515 4434 videlicet
1559 4381 1627 4434 ab
1673 4381 1930 4437 erunibus
1983 4382 2114 4438 Jesu

2242 520 2355 582 τοῖς
2381 519 2644 590 οὐρανοῖς.
2680 537 2699 571 ι
2733 518 3017 590 Μαρτυρεῖ
3043 517 3102 570 δὲ
3135 518 3228 570 καὶ
3257 518 3290 587 ἡ
3323 517 3511 588 Μαρία
3542 515 3690 586 βαθεί
3717 516 3792 569 λο-

2240 608 2424 680 γισμῷ
2480 611 2612 680 παρ’
2655 611 2821 681 ἑαυτῇ
2865 608 3112 678 κατέχειν
3154 608 3223 662 τὰ
3276 608 3634 679 γεγενημένα·
3677 611 3791 678 φησὶ

2238 701 2368 768 γοῦν
2402 701 2434 772 ὴ
2469 701 2719 772 Γραφήθ·
2751 720 2770 754 ι
2812 702 2876 754 Ἠ
2907 701 2966 755 δὲ
2997 701 3185 773 Μαρία
3218 701 3396 755 πάντα
3434 702 3707 770 συνετήρει
3734 701 3792 754 τὰ

2240 791 2458 862 ῥήματα
2493 790 2666 844 ταῦτα
2697 790 3078 862 συμϐάλλουσα
3099 793 3156 844 ὲν
3184 793 3250 862 τῇ
3277 790 3474 863 καρδία
3500 791 3682 860 αὐτῆς.
3710 809 3728 843 ι

2309 889 2381 948 ς’.
2417 882 2624 936 Οὐκοῦν
2651 883 3025 936 ἀποδέδεικται
3061 884 3142 937 ὅτι
3183 884 3467 954 χρησίμως
3493 885 3608 936 κατ’
3637 885 3790 938 ἐκεῖνο

2236 973 2450 1045 καιροῦ,
2480 977 2513 1046 ή
2541 975 2636 1046 μὲν
2663 973 2723 1039 ἐξ
2749 975 2904 1046 άγίου
2928 976 3240 1046 Πνεύματος
3265 975 3359 1028 τοῦ
3394 975 3565 1046 Ἰησοῦ
3595 975 3789 1043 γένεσις

2235 1065 2388 1136 παρὰ
2419 1068 2530 1130 τοῖς
2560 1065 2771 1130 πολλοῖς
2804 1067 3175 1132 ἀπεσιωπᾶτο,
3198 1070 3226 1122 6
3250 1068 3306 1120 δὲ
3349 1068 3543 1139 Ἰωσὴφ
3573 1070 3628 1119 εν
3656 1067 3789 1140 χώρᾳ

2236 1159 2442 1229 πατρὸς
2481 1158 2956 1230 παρελαμϐάνετο·
2993 1161 3213 1224 εἰκότως
3269 1155 3362 1213 οὖν
3414 1162 3443 1214 6
3489 1161 3668 1231 πατὴρ
3706 1158 3785 1213 τοῦ

2235 1250 2424 1314 παιδὸς
2453 1251 2885 1319 ὲγενεαλογεῖτο·
2929 1254 2975 1305 εί
3021 1252 3077 1307 δὲ
3110 1249 3202 1306 οὗν
3242 1253 3317 1324 μή
3347 1253 3506 1306 τοῦτο
3545 1253 3785 1320 ἐγεγόνει,

2233 1342 2462 1415 ἀπάτωρ
2496 1343 2562 1396 ἂν
2586 1343 2843 1416 ἐνομίσθη
2875 1345 2903 1397 6
2937 1347 3063 1409 παῖς
3096 1346 3168 1416 μὴ
3214 1347 3279 1399 ὲκ
3321 1346 3528 1417 πατρὸς
3561 1346 3787 1413 γενεαλο-

2233 1435 2529 1506 γούμενος·
2577 1436 2734 1489 τοῦτο
2780 1435 2836 1493 δὲ
2885 1437 2966 1499 είς
3013 1437 3264 1491 ἀσέσειαν
3316 1438 3523 1507 ἤγαγεν
3569 1438 3633 1491 ἂν
3675 1437 3786 1498 τοὺς

2233 1528 2478 1593 πολλοὺς,
2503 1529 2553 1582 οἳ
2581 1528 2648 1582 δι’
2677 1528 2896 1596 ἄγνοιαν
2920 1528 3018 1598 τῆς
3049 1530 3177 1600 περὶ
3202 1529 3262 1581 τὸ
3288 1531 3521 1599 πρᾶγμα
3551 1529 3785 1600 ἀληθείας

2230 1617 2570 1689 ὲδυσφήμουν
2596 1617 2695 1688 τὴν
2726 1617 2937 1685 γένεσιν
2957 1634 2969 1650 ·
3009 1617 3290 1689 χρησίμως
3317 1614 3409 1671 οὖν
3456 1618 3552 1670 καὶ
3589 1617 3676 1671 τοῦ
3705 1617 3782 1672 τέρ

2231 1725 2418 1772 κτονος
2452 1709 2608 1779 (υἱὸς)
2641 1708 2734 1762 καὶ
2768 1708 2874 1761 τῶν
2905 1707 3308 1778 ὠνομασμένων
3340 1708 3545 1761 τέκνων
3578 1708 3781 1777 ἀδελφὸς

2161 1777 2202 1832 Β
2230 1777 2623 1869 ἐχρημάτιζεν·
2677 1797 2798 1850 ἐπεὶ
2853 1799 2948 1851 καὶ
2995 1777 3330 1866 ΘεὸςΛόγος
3361 1797 3456 1864 ὢν,
3490 1799 3588 1852 οὐκ
3623 1802 3782 1870 ἀπηρ-

2229 1893 2370 1943 νεῖτο
2403 1888 2590 1942 ἑαυτὸν
2627 1885 2765 1943 εἶναι
2806 1888 3107 1960 ἄνθρωπον,
3142 1889 3274 1964 ἀλλὰ
3319 1891 3414 1944 καὶ
3461 1889 3777 1961 παρήγγελλε

2225 1985 2337 2046 τοῖς
2392 1981 2580 2036 ἑαυτοῦ
2619 1981 2886 2053 μαθηταῖς
2926 1983 3010 2036 ἵνα
3045 1983 3231 2055 μηδενὶ
3257 1983 3501 2046 εἴπωσιν,
3529 1984 3606 2036 ὅτι
3635 1983 3778 2044 αὐτὸς

2227 2073 2313 2143 εἴη
2356 2075 2384 2127 6
2432 2072 2596 2127 πάλαι
2639 2072 2773 2145 πρὸς
2805 2075 2914 2127 τῶν
2959 2073 3250 2146 προφητῶν
3288 2074 3441 2145 ἥξειν
3477 2073 3776 2144 βοώμενοςό

2227 2165 2458 2236 Χριστὸς
2474 2165 2565 2219 τοῦ
2594 2165 2750 2219 Θεοῦ·
2779 2167 2839 2219 οὐ
2871 2165 2978 2238 γὰρ
3023 2166 3088 2220 ἂν
3116 2167 3234 2220 οὐδὲ
3263 2167 3584 2232 ἐπίστευσαν
3600 2168 3643 2220 οί
3663 2168 3774 2220 πολ-

2226 2258 2308 2312 λοὶ
2337 2259 2444 2312 τῶν
2490 2259 2611 2313 τότε
2660 2258 2944 2330 θεωμένων
2991 2260 3151 2314 αὑτὸν
3179 2259 3392 2330 εὐτελὲς
3423 2261 3605 2331 σχῆμα
3642 2278 3777 2331 περιο

2227 2351 2588 2422 ϐεϐλημένον·
2618 2351 2760 2406 οὕτω
2792 2352 2848 2405 δὲ
2877 2353 2970 2406 καὶ
3012 2353 3104 2406 ἐπὶ
3147 2352 3244 2423 τῆς
3278 2354 3336 2405 ὲν
3381 2351 3457 2421 τῷ
3496 2352 3605 2422 ὄρει
3632 2368 3772 2422 μετα-

2231 2445 2562 2515 μορφώσεως
2589 2445 2889 2500 ἐνετείλατο
2941 2444 3100 2498 πάλιν
3146 2447 3257 2507 τοῖς
3298 2444 3489 2497 ἑαυτοῦ
3535 2445 3771 2515 μαθηταῖς

2227 2535 2429 2606 λέγων·
2461 2553 2479 2587 ι
2516 2536 2719 2606 Μηδενὶ
2765 2538 2956 2607 εἴπητε
2973 2535 3032 2588 τὸ
3057 2535 3235 2606 ὅραμα
3267 2535 3370 2598 ἓως
3399 2527 3459 2586 οὗ
3491 2537 3519 2588 6
3553 2535 3668 2598 re;
3689 2532 3768 2585 τοῦ

2227 2625 2511 2698 ἀνθρώπου
2529 2629 2592 2681 ὲκ
2608 2629 2815 2699 νεκρῶν
2841 2629 3078 2698 ἀναστῇ·
3121 2647 3137 2678 ι
3173 2627 3318 2690 είκὸς
3343 2627 3453 2698 γὰρ
3483 2625 3612 2696 μηδὲ
3638 2625 3769 2678 τοῦτο

2228 2719 2509 2772 πιστεῦσαι
2537 2718 2645 2772 τῶν
2675 2719 2793 2772 τότε
2821 2721 2946 2782 τοὺς
2979 2718 3232 2782 πολλούς·
3263 2720 3310 2770 εἰ
3340 2719 3396 2770 δὲ
3421 2717 3587 2771 ταῦτα
3613 2717 3676 2786 μὴ
3702 2715 3768 2778 είς

2228 2809 2458 2882 φανερὸν
2483 2810 2636 2880 ήκειν
2667 2810 2898 2881 ἔκρινεν,
2929 2806 2962 2881 ἦ
2991 2809 3091 2863 πού
3127 2827 3188 2878 γε
3211 2809 3280 2863 τὰ
3312 2810 3412 2880 τῆς
3441 2811 3502 2862 ὲκ
3529 2807 3768 2880 παρθένου

2226 2903 2491 2970 γενέσεως
2551 2902 2967 2957 ἀποσιωπᾶσθαι
3011 2903 3071 2955 τὸ
3119 2902 3416 2974 τηνικαῦτα
3480 2901 3624 2974 παρὰ
3670 2903 3767 2961 τοῖς

2228 2991 2440 3056 πολλοῖς
2471 2993 2654 3063 ἐχρῆν,
2689 2993 2768 3056 εἰς
2799 2991 3094 3062 ἐπιτήδειον
3126 2991 3311 3060 καιρὸν
3341 2991 3438 3062 τῆς
3472 2991 3592 3060 περὶ
3624 2985 3765 3042 αὑτοῦ

2227 3083 2482 3154 ἀληθείας
2511 3084 2986 3154 ἀναφανησόμενα·
3033 3078 3184 3146 οὗτος
3229 3083 3284 3136 δὲ
3333 3077 3400 3154 ἦν
3431 3083 3458 3134 ό
3486 3083 3579 3153 τῆς
3606 3084 3660 3134 ἐκ
3688 3096 3769 3132 νε-

2227 3175 2372 3246 κρῶν
2412 3174 2756 3237 ἀναστάσεως
2793 3173 2978 3236 αὑτοῦ,
3008 3175 3101 3248 καὶ
3136 3173 3233 3242 τῆς
3261 3174 3337 3236 είς
3377 3173 3625 3234 οὒίιανςὲις
3649 3172 3764 3224 ἀνσο

2224 3267 2458 3337 λήψεωςν
2489 3266 2589 3336 τῆς
2633 3285 2690 3320 τε
2724 3269 2803 3328 εἰς
2847 3267 3021 3323 πάντα
3058 3265 3146 3318 τὸν
3190 3265 3390 3335 κόσμον
3441 3264 3517 3328 ὡς
3556 3263 3614 3316 ἂν
3650 3261 3764 3330 περὶ

2223 3359 2392 3426 Λόγου
2426 3357 2557 3412 Θεοῦ
2589 3357 2984 3429 διαδραμούσης
3031 3357 3158 3428 περὶ
3205 3357 3368 3410 αὑτοῦ
3419 3359 3621 3427 φήμης·
3651 3357 3674 3407 ὃ
3711 3371 3765 3407 τε

2223 3449 2320 3519 τῆς
2343 3448 2452 3501 τῶν
2484 3447 2649 3503 ἐθνῶν
2679 3449 2941 3519 κλήσεως,
2973 3447 3090 3500 καθ’
3138 3448 3194 3499 ὃν
3233 3448 3325 3499 καὶ
3356 3449 3407 3499 αξ
3447 3447 3581 3499 θεῖαι
3621 3443 3762 3498 αὐτοῦ

2223 3542 2396 3610 φωναὶ
2427 3541 2579 3603 τέλος
2613 3540 2932 3611 ἐλάμϐανον,
2964 3538 3030 3596 τὶ
3081 3538 3186 3592 τῶν
3237 3537 3589 3609 προγνώσεων
3623 3533 3762 3588 αὐτοῦ

2221 3633 2316 3688 καὶ
2347 3634 2703 3705 προρρήσεων
2747 3630 2834 3684 διὰ
2870 3630 2968 3700 τῆς
3007 3629 3113 3685 τῶν
3154 3629 3491 3701 πραγμάτων
3521 3626 3762 3686 ἐκϐάσεως

2221 3733 2465 3804 ἐναργῶς
2496 3733 2684 3786 πιστού
2694 3749 2869 3793 μεναι.

2219 3843 2237 3878 1
2292 3825 2356 3888 ζ’.
2406 3826 2531 3888 Τοῖς
2580 3827 2709 3894 γοῦν
2756 3824 2876 3879 καθ’
2927 3826 3071 3896 ἡμᾶς
3112 3827 3281 3894 ταῦτα
3336 3821 3762 3895 παραδεξαμένοις

2221 3917 2314 3969 καὶ
2344 3917 2442 3987 τὴν
2485 3918 2623 3986 ὑπὲρ
2666 3916 2950 3987 ἄνθρωπον
2999 3916 3162 3969 αὑτοῦ
3208 3917 3366 3983 φύσιν
3408 3914 3760 3982 ὲττεγνωκόσιν,

2221 4009 2443 4073 εἰκότως
2472 4011 2540 4063 τά
2570 4027 2626 4062 τε
2651 4010 2812 4064 λοιπὰ
2835 4011 2928 4063 καὶ
2952 4009 3021 4064 τὰ
3043 4010 3142 4080 τῆς
3167 4010 3429 4079 γενέσεως
3464 4007 3621 4062 πιστὰ
3647 4000 3760 4057 εἶναι

2218 4104 2586 4173 ὁμολογεῖται·
2623 4103 2759 4173 πλὴν
2810 4103 2923 4156 ἀλλ’
2974 4105 3023 4156 οί
3075 4101 3364 4172 θαυμάσιοι
3417 4094 3761 4167 εὖαγγελισταὶ

2219 4194 2528 4262 ἀναγκαίως
2557 4194 2679 4247 τότε
2711 4195 2858 4265 παρὰ
2873 4193 3144 4256 Ἰουδαίοις
3173 4194 3263 4246 τὸν
3300 4191 3494 4261 Ἰωσὴφ
3523 4186 3763 4257 ἐγενεαλό-

2220 4303 2348 4353 γουν
2379 4286 2540 4338 αὐτὸν
2567 4288 2768 4354 ἐκεῖνον
2797 4287 2888 4340 τὸν
2915 4286 3062 4358 παρὰ
3097 4285 3227 4337 πᾶσι
3261 4283 3530 4354 βοώμενον
3563 4279 3647 4335 τοῦ
3676 4279 3763 4347 ’1η-

2221 4374 2314 4427 σοῦ
2352 4376 2594 4446 πατέρα·
2643 4377 2692 4429 εί
2737 4377 2846 4447 γὰρ
2886 4375 3041 4428 τοῦτο
3085 4373 3475 4446 παρελθόντες,
3532 4368 3764 4442 μητρόθεν

542 4482 742 4535 parens
773 4468 1171 4538 appellabatur.
1207 4467 1362 4540 Quod
1397 4470 1442 4525 si
1475 4471 1578 4540 hac
1612 4473 1826 4528 ratione
1846 4475 2113 4550 neglecta,

2226 4466 2382 4518 αὑτὸν
2403 4466 2803 4536 ἐγενεαλόγουν,
2823 4467 2957 4538 πρὸς
2976 4466 3052 4537 τῷ
3076 4466 3169 4520 καὶ
3192 4467 3440 4538 ἀπρεπὲς
3455 4461 3591 4518 εἶναι
3613 4461 3763 4520 τοῦτο,

545 4573 576 4611 a
610 4567 784 4614 matre
833 4577 1006 4631 genus
1059 4565 1180 4631 ejus
1228 4566 1670 4632 ordinavissent;
1716 4574 1913 4643 praeter
1949 4581 2114 4636 quam

541 4651 690 4721 quod
725 4653 777 4706 id
835 4653 1150 4708 indecorum
1196 4664 1335 4719 erat,
1391 4665 1445 4714 et
1491 4658 1801 4713 divinarum
1869 4657 2116 4728 Scriptue

542 4755 730 4794 rarum
775 4741 1126 4811 simplicitate
1164 4745 1427 4808 alienum.
1484 4748 1614 4816 quia
1663 4747 1900 4802 neminis
1955 4759 2115 4802 antea

538 4846 636 4901 per
663 4841 888 4886 matrem
940 4850 1114 4907 genus
1141 4834 1477 4906 descriptum
1508 4838 1679 4910 fertur
1705 4856 1719 4903 ;
1755 4839 1801 4892 is
1833 4839 1992 4907 cujus
2024 4856 2115 4909 ge-

537 4924 788 4994 nealogia
821 4926 1129 5002 texebatur,
1159 4931 1368 4982 incerto
1412 4940 1568 4998 patre
1607 4929 1796 4985 nescio
1825 4932 1950 5000 quis
2001 4940 2115 4986 ter-

536 5030 720 5086 raque
750 5015 896 5082 ﬁlius
937 5019 1085 5074 visus
1116 5030 1284 5075 esset.
1361 5021 1417 5074 Id
1452 5029 1655 5084 autem,
1695 5030 1754 5084 ut
1797 5023 1933 5091 dixi,
1967 5023 2110 5079 haud

535 5108 800 5163 mediocri
825 5109 1138 5180 ignominia:
1177 5121 1231 5166 et
1252 5113 1622 5169 criminationi
1652 5116 1948 5172 obnoxium
1971 5126 2108 5172 erat.

533 5199 830 5257 Commode
856 5203 1020 5274 igitur
1053 5205 1180 5258 dum
1207 5204 1507 5276 Josephum
1536 5208 1853 5277 praedictam
1884 5209 1955 5263 ob
1979 5203 2112 5276 caui

531 5304 648 5345 sam
683 5308 713 5346 a
751 5291 971 5350 Davndis
1009 5296 1178 5366 stirpe
1211 5297 1481 5364 derivaut,
1516 5298 1742 5354 Mariam
1790 5301 1955 5362 simul
2004 5299 2109 5354 Da-

535 5381 658 5435 vide
691 5386 981 5440 oriundam
1032 5389 1411 5458 comprobant,
1461 5406 1660 5461 genere
1712 5392 1966 5466 conjugis
2005 5408 2102 5462 per

534 5489 797 5542 sponsum
843 5479 1239 5536 demonstrato.
1300 5480 1501 5553 Moysis
1581 5483 1781 5553 quippe
1831 5485 1946 5554 lege
1991 5483 2108 5537 edi-

533 5571 716 5629 ceute,
753 5576 810 5619 ut
843 5585 909 5623 ue
939 5571 1159 5626 aliunde
1188 5572 1375 5628 liceret
1402 5573 1621 5644 nuptias
1666 5576 1768 5629 sibi
1797 5574 2099 5630 conciliare

605 5753 622 5778 ⁸
662 5747 792 5805 Luc.
840 5769 913 5817 ll,
950 5753 1036 5808 21.

2223 4561 2314 4615 καὶ
2342 4561 2439 4632 τῆς
2475 4562 2583 4614 τῶν
2626 4561 2784 4616 θείων
2831 4559 3061 4631 Γραφῶν
3093 4557 3345 4705 ῒῦηθείας
3382 4558 3671 4628 ἀλλότριον,
3699 4555 3766 4606 δτι
3788 4543 3836 4601 ς·

2226 4651 2411 4705 μηδεὶς
2442 4653 2501 4705 τὸ
2532 4652 2790 4705 πρότερον
2821 4653 2885 4705 ὲκ
2916 4668 3104 4705 γυναικ
3137 4670 3164 4705 ς
3203 4651 3614 4705 γενεαλογτθεὶς
3645 4649 3769 4701 ίστοῖ

2225 4651 2411 4721 μηδεὶς
2442 4653 2501 4705 τὸ
2532 4652 2790 4728 πρότερον
2821 4653 2885 4705 ὲκ
2916 4649 3164 4719 γυναικός
3203 4651 3614 4722 γενεαλογηθεὶς
3645 4649 3769 4701 icto’

2225 4746 2416 4813 ρεῖται,
2460 4744 2635 4809 ἔδοξεν
2683 4745 2748 4799 ἂν
2789 4745 3016 4817 ἀπάτωρ
3059 4762 3142 4807 τις
3173 4741 3310 4797 εἶναι
3346 4743 3439 4796 καὶ
3480 4739 3720 4809 δυσγενὴς
3743 4737 3766 4789 δ

2223 4835 2725 4906 γενεαλογούμενος·
2743 4836 2899 4889 τοῦτο
2913 4836 2988 4900 δὲ,
3015 4837 3089 4900 ὡς
3105 4835 3259 4906 ἔφην,
3281 4835 3340 4886 οὐ
3369 4836 3569 4905 μικρᾶς
3584 4829 3645 4903 ἦν
3664 4832 3744 4884 δυσ

2221 4927 2427 4996 φημίας
2472 4927 2606 4997 ὁμοῦ
2660 4928 2754 4980 καὶ
2810 4927 3172 5000 κατηγορίας·
3226 4926 3305 4979 διὸ
3351 4925 3631 4997 χρησίμως
3692 4921 3764 4972 τὸν

2233 5018 2428 5090 Ἰωσὴφ
2459 5019 2566 5072 ἀπὸ
2593 5020 2756 5078 Δαϐὶδ
2786 5019 2874 5073 διὰ
2901 5021 2997 5093 τὴν
3031 5019 3378 5076 ἀποδοθεῖσαν
3407 5019 3582 5071 αἰτίαν
3610 5031 3764 5084 γενεαρ

2211 5111 2512 5181 λογοῦντες,
2548 5115 2605 5166 ὲν
2637 5111 2820 5182 ταυτῷ
2850 5112 2944 5165 καὶ
2975 5111 3072 5185 τὴν
3104 5111 3334 5182 Μαριὰμ
3354 5110 3418 5162 ἐκ
3447 5109 3609 5162 Δαϐὶδ
3630 5123 3761 5177 γεγο-

2211 5206 2359 5258 νέναι
2414 5205 2692 5269 συνίστων,
2723 5205 2808 5260 διὰ
2837 5204 2932 5258 τοῦ
2965 5207 3271 5276 μνηστῆρος
3304 5202 3362 5255 τὸ
3403 5203 3504 5269 τῆς
3547 5199 3761 5271 γαμετῆς

2210 5299 2602 5368 ὑποφαίνοντες
2651 5299 2842 5366 γένος·
2903 5296 3068 5366 νόμου
3103 5294 3211 5366 γὰρ
3273 5293 3551 5356 Μωῡσέως
3605 5293 3759 5359 διαγο-

2216 5388 2461 5460 ρεύοντος
2495 5389 2568 5461 μὴ
2589 5387 2806 5442 ἄλλοθεν
2830 5386 3024 5451 ἐξεῖναι
3041 5386 3174 5460 πρὸς
3206 5387 3379 5455 γάμον
3404 5384 3701 5454 λαμϐάνειν,
3729 5377 3753 5446 ἦ

2212 5483 2277 5535 ἐκ
2307 5479 2402 5534 τοῦ
2433 5479 2620 5547 γένους
2657 5478 2750 5532 τοῦ
2787 5477 2987 5531 οἰκείου
3037 5476 3128 5528 καὶ
3164 5475 3261 5546 τῆς
3309 5474 3443 5538 ίδίας
3482 5473 3665 5544 φυλῆς.
3695 5469 3755 5528 ὡς

2212 5574 2276 5627 ἂν
2307 5575 2378 5646 μὴ
2415 5570 2821 5643 περιστρέφοιτο
2843 5570 2934 5624 τοῦ
2966 5571 3152 5639 γένους
3183 5571 3208 5621 ό
3241 5567 3437 5639 κλῆρος
3480 5564 3580 5619 ἀπὸ
3613 5559 3751 5633 φυλῆς

1117 5758 1135 5790 ⁷
1177 5757 1362 5814 Matth.
1404 5775 1523 5826 τινι,
1561 5759 1648 5814 ‘20.
1726 5761 1744 5793 ⁸
1787 5758 1976 5813 Matth.
2014 5773 2160 5826 xm,
2196 5759 2246 5812 9.
