3938 6506
752 337 1218 406 ΟΠᾸΞΞΤΙΟΝΕΞ
1259 337 1725 394 EVANGELICE
1765 384 1769 392 .

1897 336 2338 395 STEPIIANUM.
2377 371 2447 380 -—
2483 338 2810 406 QUIESTIO
2851 342 2888 394 l.

3337 341 3441 400 898

202 453 275 515 εις
299 449 488 520 φυλὴν,
519 448 798 521 αὐτάρκης
825 445 893 521 ῆν
917 451 951 521 ἡ
978 450 1107 520 περὶ
1137 448 1230 502 τοῦ
1262 450 1456 522 ἀνδρὸς
1485 450 1769 522 ἀναγραφὴ

1874 464 2033 519 quam
2067 464 2134 504 ex
2165 465 2362 519 genere
2396 450 2618 519 proprio
2656 465 2865 519 suaque
2897 450 3062 520 tribu,
3095 465 3163 521 ne
3194 450 3442 508 videlicet

202 543 288 596 καὶ
335 540 434 612 τὴν
475 544 710 609 γυναῖκα
749 541 1020 612 δηλῶσαι-
1059 541 1296 613 νομικῶς
1328 541 1436 612 γὰρ
1485 541 1631 612 βιοὺς
1669 540 1773 594 οὐδ’

199 633 416 687 ἄλλοθεν
467 634 670 703 ἐμνᾶτο
713 633 808 705 τὴν
846 638 1098 702 γυναῖκα,
1139 636 1172 706 ἢ
1217 633 1538 705 πρῶτα-μὲν
1573 635 1637 686 ὲκ
1676 634 1773 704 τῆς

199 725 367 794 φυλῆς
397 725 496 795 τῆς
525 726 794 796 πατρικῆς
826 726 1012 790 αὐτοῦ,
1045 726 1182 798 αὕτη
1215 727 1271 778 δὲ
1299 722 1366 797 ῆν
1396 728 1429 796 ἡ
1459 725 1551 778 τοῦ
1579 724 1770 777 Ἰούδαο

196 816 385 869 ἔπειτα
433 818 498 869 ἐκ
531 815 624 870 τοῦ
663 818 834 886 δήμου
878 819 971 872 καὶ
1004 820 1102 889 τῆς
1140 818 1308 888 αὐτῆς
1347 820 1598 888 πατριᾶς,
1635 816 1772 886 αὕτη

195 908 249 961 δὲ
291 904 358 980 ῆν
402 911 435 979 ἡ
497 909 590 962 τοῦ
638 911 832 964 Δαϐίδο
879 912 1105 965 τοιαῦτα
1137 912 1242 982 γὰρ
1273 906 1341 981 ἦν
1384 912 1452 965 τὰ
1482 911 1575 964 τοῦ
1609 911 1770 980 νόμου

197 1000 663 1072 παραγγέλματα⁹
699 1005 786 1056 ὅτε
827 1005 1004 1057 τοίνυν
1043 1007 1072 1056 ὁ
1119 1006 1312 1074 Ἰωσὴφ
1344 1004 1514 1074 φυλῆς
1536 1002 1771 1072 γεγονὼς

194 1092 574 1146 ἀποδείκνυται
618 1093 803 1157 Ἰούδα,
837 1095 1038 1166 κλήρου
1070 1112 1129 1146 τε
1173 1095 1266 1147 καὶ
1312 1095 1542 1164 πατριᾶς
1588 1092 1768 1155 Δαϐὶδ,

195 1181 312 1245 πῶς
351 1184 450 1252 οὑχ
495 1184 684 1237 ἕπεται
724 1184 818 1236 καὶ
859 1187 926 1256 τῇ
966 1185 1153 1256 Μαρίᾳ
1190 1187 1254 1238 ἐκ
1285 1184 1392 1240 τῶν
1431 1184 1607 1237 αὐτῶν
1645 1185 1772 1255 ὁρᾶ-

196 1277 320 1331 σθαι
341 1295 356 1346 ;

261 1479 333 1544 η’.
357 1473 424 1527 Εἰ
445 1477 503 1526 δὲ
522 1473 732 1542 λέγοιτο
759 1472 1021 1544 ὑπάρχειν
1050 1472 1316 1544 συγγενὴς
1339 1472 1438 1542 τῆς
1471 1470 1768 1536 Ἐλισάδετ,

193 1565 364 1635 αὐτῆς
398 1567 494 1638 μὲν
514 1565 679 1636 οὔσης
707 1567 771 1618 ὲκ
788 1564 960 1635 φυλῆς
977 1565 1163 1627 Ἰούδα.
1181 1564 1279 1634 τῆς
1299 1583 1358 1618 τε
1377 1565 1474 1635 (5‘)
1493 1563 1768 1616 Ἑλισάὸετ

194 1659 257 1711 ὲκ
298 1659 402 1729 τῆς
442 1659 535 1712 τοῦ
585 1657 735 1722 Λευῒ,
774 1658 847 1730 μὴ
887 1658 1202 1731 θαυμάσῃςο
1251 1659 1356 1711 πᾶν
1389 1657 1495 1730 γὰρ
1537 1657 1598 1710 τὸ
1641 1658 1770 1709 Ἰου-

191 1750 355 1803 δαίων
396 1750 547 1814 ἔθνος
571 1749 689 1814 ἐνὸς
718 1746 784 1821 ἦν
814 1750 1022 1818 γένους,
1065 1750 1123 1802 αἴ
1161 1766 1220 1802 τε
1270 1749 1432 1818 φυλαὶ
1467 1751 1635 1803 πᾶσαι
1672 1749 1768 1803 ἀλ-

192 1839 370 1909 λήλων
404 1844 712 1909 συγγενεῖςο
750 1839 902 1894 ἔνθεν
936 1840 1028 1893 καὶ
1060 1842 1087 1893 ὁ
1114 1839 1256 1903 θεῖος
1272 1840 1596 1904 Ἀπόστολος
1637 1857 1769 1909 συγ-

191 1934 368 2000 γενεῖς
425 1931 590 1985 αὐτοῦ
635 1932 839 1994 πάντας
893 1929 1146 2001 ὀνομάζει
1185 1931 1466 1995 Ἰουδαίους
1491 1971 1506 1998 ,
1565 1931 1767 2001 λέγων·

198 2040 216 2072 ι
263 2022 525 2094 Ηὺχόμην
577 2021 686 2094 γὰρ
728 2021 982 2092 ἀνάθημα
1022 2017 1160 2074 εἶναι
1203 2021 1340 2094 ὑπὲρ
1382 2021 1488 2075 τῶν
1528 2021 1771 2090 ἀδελφῶν

196 2128 317 2180 μου,
345 2111 455 2164 τῶν
492 2111 769 2182 συγγενῶν
799 2129 900 2182 μου
950 2110 1092 2165 κατὰ
1141 2111 1339 2183 σάρκα,
1395 2112 1590 2175 οἵτινές
1636 2114 1771 2166 εἰσιν

204 2202 564 2272 Ἰσραηλῖταιο
628 2223 647 2254 ι
697 2202 874 2256 καίτοι
937 2204 1214 2271 συγγενεῖς
1271 2202 1430 2256 αὐτοῦ
1479 2203 1771 2273 ἐτύγχανον

196 2295 344 2364 μόνοι
368 2296 435 2346 ἐκ
467 2294 639 2364 φυλῆς
663 2294 918 2365 Βενιαμίν
937 2312 950 2325 ·
979 2278 1172 2348 οὐκοῦν
1199 2295 1404 2357 πάντας
1431 2294 1618 2358 ἁπλῶς
1646 2296 1772 2359 τοὺς

193 2385 251 2451 ἐξ
288 2384 508 2456 Ἰσραὴλ
562 2385 822 2454 ἀδελφοὺς
866 2385 959 2438 καὶ
999 2388 1277 2455 συγγενεῖς
1325 2384 1517 2438 ἑαυτοῦ
1557 2390 1773 2458 προσεῖι-

192 2492 292 2528 πεν
316 2476 346 2527 ὁ
381 2474 622 2538 Παῦλοςο
655 2475 796 2528 οὕτω
838 2476 884 2528 δ’
917 2470 1008 2528 οὖν
1048 2475 1143 2529 καὶ
1183 2475 1280 2547 τὴν
1328 2475 1600 2530 Ἐλισάϐετ
1645 2493 1775 2546 συγ-

192 2565 381 2633 γενίδα
403 2569 696 2637 προσεῖπεν
728 2569 756 2619 ὁ
784 2568 1010 2635 ἄγγελος
1028 2571 1091 2640 τῇ
1121 2567 1372 2640 Μαριὰμ,
1401 2568 1488 2622 διὰ
1520 2569 1580 2622 τὸ
1607 2569 1773 2639 ἄμφω

206 2655 595 2726 Ἰσραηλίτιδας
629 2651 790 2708 εἶναι⁸
829 2657 922 2709 καὶ
956 2655 1126 2718 ἄλλως
1169 2655 1236 2708 δὲ·
1273 2655 1417 2717 εἰκὸς
1464 2655 1572 2708 άπὸ
1605 2654 1770 2707 τόπου

195 2747 487 2816 συγγενίδα
516 2747 614 2816 τῆς
640 2747 859 2818 Μαρίας
893 2747 1187 2817 κεκλῆσθαι
1219 2748 1317 2819 τὴν
1356 2747 1654 2810 Ἐλισάὸετ,
1684 2746 1773 2801 διὰ

191 2839 252 2892 τὸ
285 2843 456 2893 οἰκεῖν
480 2841 573 2894 ἐπὶ
602 2842 700 2913 τῆς
733 2841 900 2895 Ἰούδα
925 2841 1096 2912 φυλῆς
1128 2841 1219 2910 ἀφ’
1251 2837 1318 2913 ἦς
1345 2840 1567 2911 ὡρμᾶτο
1596 2842 1627 2910 ἡ
1661 2841 1776 2894 Ma-

197 2932 318 3003 ρία’
363 2935 630 3003 μαρτυρεῖ
671 2930 800 3000 γοῦν
845 2934 872 2985 ὁ
913 2933 1125 2995 Λουκᾶς
1157 2931 1362 2999 λέγων·
1403 2949 1422 2983 ι
1472 2931 1773 2986 Ἀναστᾶσα

1876 531 2094 610 generis
2125 540 2422 596 baereditas
2448 557 2512 596 ex
2542 557 2650 595 una
2680 543 2735 596 in
2777 543 2937 595 aliam
2971 542 3170 596 tribum
3198 558 3443 598 commo-

1875 640 2131 701 veretur;
2166 637 2304 690 satis
2327 642 2450 689 erat
2472 635 2574 690 viri
2601 635 2896 704 descriptio
2936 635 3312 705 ad'conjugem
3341 636 3440 692 de-

1882 724 2292 778 monstrandam
2320 747 2331 778 :
2366 741 2492 778 nam
2530 725 2623 794 qui
2669 725 2735 779 ad
2769 727 2900 796 legis
2933 741 3182 780 normam
3211 728 3439 792 viveret,

1873 811 2020 867 baud
2076 814 2241 869 aliam
2294 815 2399 870 sibi
2455 831 2686 869 uxorem
2736 816 3122 884 copulavisset,
3169 817 3277 870 nisi
3324 832 3443 886 quae

1873 906 2112 975 primum
2137 915 2284 962 esset
2309 922 2375 961 ex
2402 907 2526 977 ejus
2552 907 2734 977 patria
2767 905 3128 974 tribuJJudae
3159 908 3442 976 videlicet;

1874 995 2068 1050 deinde
2094 1011 2162 1050 ex
2187 996 2376 1052 eadem
2410 1003 2570 1067 gente
2601 996 2937 1065 familiaque,
2973 1013 3167 1069 nempe
3198 997 3440 1053 Davidis.

1872 1085 2130 1140 lllatenus
2159 1088 2305 1140 enim
2343 1087 2425 1140 lex
2464 1085 2714 1154 jubebat.
2773 1084 2827 1139 Si
2865 1086 3137 1158 Joscphus
3182 1087 3346 1157 igitur
3377 1088 3445 1143 de

1871 1175 2023 1243 Iuda:
2066 1179 2214 1232 tribu
2269 1178 2442 1248 deque
2486 1178 2706 1234 Davidis
2759 1186 2918 1249 gente
2950 1190 3003 1234 et
3040 1181 3242 1234 familia
3274 1181 3446 1237 fuisse

1872 1267 2303 1333 demonstratur,
2350 1283 2450 1322 cur
2495 1283 2605 1322 non
2646 1269 2899 1338 sequitur
2943 1277 3001 1324 ut
3031 1269 3200 1324 Maria
3237 1287 3303 1325 ex
3343 1272 3442 1328 iis—

1873 1359 1992 1414 dem
2024 1360 2330 1431 originibus
2363 1359 2582 1430 prodire
2620 1359 2912 1414 videatur?

1942 1473 1995 1528 8.
2046 1473 2202 1538 Quod
2239 1473 2287 1528 si
2326 1474 2517 1529 eadem
2564 1474 2768 1529 dicitur
2800 1473 3131 1529 Elisabethae
3176 1484 3440 1544 cognata;

1872 1580 1994 1619 cum
2022 1573 2204 1620 tamen
2237 1564 2329 1619 illa
2368 1566 2435 1622 de
2471 1567 2616 1621 tribu
2641 1565 2814 1631 Judae,
2847 1565 3161 1622 Elisabetlia
3187 1568 3252 1622 de
3281 1567 3442 1623 Levi-

1873 1658 1981 1711 tica
2022 1655 2217 1725 fuerit;
2260 1673 2330 1714 ne
2379 1658 2643 1714 mireris:
2683 1659 2937 1714 universa
2985 1661 3185 1730 quippe
3229 1658 3445 1714 JUtIiBO-

1871 1764 1993 1803 rum
2025 1764 2158 1819 gens
2211 1765 2321 1805 uno
2367 1765 2567 1820 genere
2613 1751 2964 1816 censebatur,
3000 1759 3316 1821 cunctaeque
3347 1754 3446 1806 tri-

1870 1841 1972 1896 bus
2004 1841 2236 1897 invicem
2264 1853 2510 1914 cognata:
2529 1854 2704 1898 erant.
2751 1844 2890 1900 lliuc
2913 1846 3075 1900 etiam
3111 1846 3270 1901 divus
3299 1846 3447 1917 Apo-

1871 1933 2044 1988 stolus
2070 1931 2288 1990 Iudaeos
2329 1951 2522 1990 omnes
2555 1936 2792 2006 appellat
2825 1945 3088 2006 cognatos
3123 1952 3276 2003 suos,
3313 1935 3446 1991 dum

1870 2023 1973 2076 ait:
2039 2022 2342 2092 «Optabam
2394 2040 2495 2094 ego
2543 2026 2837 2086 anathema
2882 2042 3006 2081 esse
3039 2041 3138 2097 pro
3183 2026 3446 2083 fratribus

1870 2114 2030 2178 meis,
2062 2114 2155 2184 qui
2207 2115 2343 2168 mihi
2387 2117 2691 2172 secundum
2744 2133 3001 2170 carneam
3045 2127 3297 2171 naturam
3350 2132 3446 2172 co-

1871 2204 2019 2274 gnati
2079 2210 2229 2268 sunt,
2286 2204 2640 2260 lsraelitis’.»
2692 2206 2858 2278 Atqui
2903 2207 3118 2276 cognati
3158 2207 3293 2276 .ejus
3341 2206 3443 2263 soli

1871 2309 2059 2349 revera
2093 2302 2249 2349 erant
2288 2295 2638 2363 Beujamitaaz
2681 2305 2736 2351 et
2786 2306 2966 2352 tamen
3000 2313 3193 2353 omnes
3226 2297 3446 2354 Israeli-

1871 2390 1957 2437 tas
1991 2381 2224 2437 fratrum
2260 2385 2575 2440 nominibus
2620 2392 2675 2440 et
2719 2394 3077 2454 cognatorum
3105 2385 3310 2440 Paulus
3360 2387 3443 2441 in-

1872 2475 2083 2546 digitat.
2132 2475 2222 2530 Sic
2253 2491 2384 2546 ergo
2423 2477 2648 2546 angelus
2672 2477 3041 2532 Elisabetbam
3080 2479 3217 2532 dixit
3254 2477 3439 2534 Maria:

1872 2575 2177 2638 cognatam,
2229 2575 2518 2638 propterea
2569 2569 2713 2638 quod
2763 2569 2937 2632 amba:
2989 2569 3322 2628 lsraelitides
3355 2585 3446 2627 es-

1873 2666 2012 2713 sent.
2057 2659 2284 2728 Insuper
2304 2674 2372 2714 ex
2399 2660 2518 2728 ipso
2549 2659 2670 2712 loco
2697 2660 2832 2714 satis
2857 2659 3040 2714 decuit
3067 2658 3444 2714 Elisabetham

1873 2748 2136 2817 appellari
2171 2748 2356 2802 Mariae
2383 2759 2691 2819 cognatam,
2740 2750 2867 2818 quia
2920 2751 3179 2804 nimirum
3231 2750 3448 2804 habita-

1871 2839 1964 2892 bat
2009 2839 2066 2892 in
2089 2837 2244 2894 Iuda:
2273 2840 2444 2905 tribu,
2485 2840 2630 2894 unde
2676 2855 2848 2910 genus
2878 2841 3046 2894 traxit
3091 2839 3281 2894 Maria.
3344 2838 3446 2894 Rei

1873 2929 2026 2983 testis
2052 2929 2248 2995 Lucas,
2287 2931 2380 3000 qui
2405 2930 2509 2984 ait:
2543 2947 2562 2981 ε
2590 2929 2898 3001 Exsurgens
2932 2938 3111 2987 autem
3137 2932 3221 2986 liis
3251 2931 3446 2988 diebus

190 3023 248 3079 δὲ
291 3023 528 3096 Μαριάμ.
578 3026 634 3077 ὲν
679 3028 798 3088 ταῖς
836 3026 1066 3097 ἡμέραις
1103 3023 1347 3087 ταύταις,
1382 3022 1650 3095 ἐπορεύθη
1693 3023 1769 3086 είς

1874 3017 2042 3074 Maria
2075 3023 2210 3077 abiit
2239 3023 2294 3078 in
2327 3032 2581 3077 montana
2611 3037 2736 3077 cum
2771 3023 3142 3089 festinatione,
3175 3026 3228 3080 in
3254 3027 3444 3080 urbem

188 3129 288 3187 της
310 3114 529 3186 ὀρεινὴν
566 3115 704 3185 μετὰ
741 3115 973 3186 σπουδῆς
998 3117 1077 3178 εἰς
1117 3115 1267 3168 πόλιν
1311 3114 1496 3177 Ἰούδα,
1523 3114 1617 3168 καὶ
1663 3116 1769 3166 είσ-

1874 3111 2043 3176 Judae,
2079 3122 2132 3169 et
2163 3115 2409 3185 ingressa
2441 3123 2526 3170 est
2573 3116 2795 3170 domum
2845 3117 3147 3180 Zachariae,
3198 3132 3262 3172 ac
3290 3118 3444 3172 salu-

191 3206 350 3276 ῆλθεν
383 3208 460 3269 εἰς
487 3207 575 3258 τὸν
601 3202 746 3274 οἷκον
778 3206 1042 3278 Ζαχαρίου
1073 3206 1164 3259 καὶ
1188 3206 1468 3275 ἠσπάσατο
1496 3205 1592 3276 τὴν
1632 3204 1768 3257 Ἐλι-

1874 3203 2001 3257 tavit
2023 3203 2408 3260 Elisabetham.
2437 3226 2454 3258 ι
2499 3206 2708 3262 Etenim
2735 3225 2857 3263 cum
2884 3210 2966 3262 lex
2997 3209 3228 3263 Mosaica
3260 3223 3446 3262 sacer-

193 3299 393 3352 σάεετ·
433 3318 451 3350 ι
485 3297 578 3351 τοῦ
625 3299 732 3370 γὰρ
782 3300 1058 3363 Μωῦσέως
1105 3300 1269 3370 νόμου
1306 3299 1378 3371 μὴ
1414 3299 1768 3371 ἀφορίσαντος

189 3394 254 3462 τῇ
288 3390 400 3442 τῶν
432 3391 620 3462 ἱερέων
648 3391 784 3462 φυλῇ
817 3391 1034 3463 κλῆρον,
1059 3393 1138 3445 ὅτι
1163 3392 1364 3463 Κύριος
1391 3395 1418 3446 ὀ
1443 3393 1572 3454 Θεὸς
1615 3391 1769 3462 μερὶς

191 3479 391 3543 αὐτῶν,
424 3480 814 3551 διαταξαμένου
857 3480 911 3533 δὲ
952 3480 1154 3551 μεταξὺ
1198 3481 1307 3534 τῶν
1345 3480 1546 3534 λοιπῶν
1590 3481 1769 3549 φυλῶν

189 3572 357 3622 οἰκεῖν
402 3571 619 3634 αὐτοὺς,
667 3571 757 3624 τοῦ
807 3589 864 3624 τε
904 3573 1170 3643 Ζαχαρίου
1219 3573 1313 3627 καὶ
1350 3575 1448 3644 τῆς
1493 3571 1771 3624 Ἐλισάϐετ

191 3660 342 3713 πόλιν
393 3661 566 3730 φυλῆς
613 3660 782 3715 Ἰούδα
808 3663 1269 3733 κατοικησάντων,
1313 3665 1407 3732 ἀφ’
1451 3657 1518 3735 ἦς
1549 3662 1772 3734 ὡρμᾶτο

188 3750 397 3821 Μαρία,
426 3750 572 3814 εἰκὸς
590 3752 686 3806 καί
719 3750 920 3822 ταύτης
947 3752 1133 3805 ἕνεκεν
1154 3753 1253 3823 τῆς
1278 3751 1456 3814 αἰτίας
1494 3752 1772 3818 συγγενεῖς

188 3841 358 3906 αὑτὰς
388 3841 706 3914 ἀνειρῆσθαι
725 3858 740 3874 ο
767 3844 866 3895 οὐκ
896 3844 1119 3908 ἀπεικὸς
1151 3843 1207 3896 δὲ
1241 3844 1333 3896 καὶ⁸
1369 3843 1466 3914 τῆς
1494 3845 1769 3912 ὁμοιοτρο-

189 3932 317 3996 πίας
363 3934 547 4005 χάριν,
585 3933 652 3986 δι’
693 3927 759 4005 ἦς
807 3935 973 4004 ἄμφω
1018 3937 1117 4005 τῆς
1153 3933 1419 4004 σωτηρίου
1463 3931 1772 4003 οίκονομίας

187 4023 525 4094 ⁴ιχξιὼθηςςαν,
569 4027 602 4096 ἡ
641 4026 738 4096 μὲν
781 4026 872 4078 τὸν
909 4027 1158 4097 Σωτῆρα,
1193 4028 1225 4096 ἡ
1259 4026 1315 4079 δὲ
1347 4026 1436 4079 τὸν
1468 4025 1771 4097 πρόδρομον

187 4115 278 4167 τοῦ
310 4115 566 4186 Σωτῆρος
609 4115 1024 4188 ὑποδεξάμεναι,
1062 4117 1180 4180 evo;
1224 4133 1282 4170 τε
1331 4119 1425 4170 καὶ
1468 4115 1561 4168 τοῦ
1605 4115 1769 4169 αὑτοῦ

187 4206 347 4274 ἁγίου
379 4206 697 4276 Πνεύματος
731 4208 1124 4278 μετασχοῦσαι·
1156 4207 1234 4261 διὸ
1263 4209 1355 4274 καὶ
1383 4207 1613 4279 μάλιστα
1645 4210 1772 4278 μιᾶς

186 4300 282 4370 τῆς
308 4297 458 4352 κατὰ
485 4298 618 4352 Θεὸν
644 4301 956 4368 συγγενείας
1005 4304 1269 4372 μετεῖχον.
1303 4300 1463 4354 Ἀλλὰ
1487 4300 1644 4355 τοῦτο
1674 4301 1771 4370 μὲν

187 4389 364 4455 οὕτως
388 4390 709 4446 ἁπολυτέον.

254 4597 320 4650 θ’.
345 4597 412 4650 Et
450 4597 506 4650 δὲ
542 4596 747 4669 κεφαλὴ
777 4599 874 4668 τῆς
903 4599 1155 4668 γυναικδς
1175 4601 1427 4670 τυγχάνει
1450 4598 1478 4651 ὁ
1502 4596 1576 4650 ὢν
1604 4597 1765 4669 ἀνὴρ,

188 4689 328 4743 κατὰ
350 4689 444 4742 τὸν
461 4689 602 4742 θεῖον
619 4690 956 4754 Ἀπόστολον,
974 4692 1066 4744 καὶ⁸
1088 4691 1296 4746 ἔσονται
1315 4692 1364 4744 οἱ
1384 4689 1477 4743 δύο
1491 4691 1571 4753 εἰς
1591 4689 1768 4760 σάρκα

191 4782 343 4851 μίαν,
374 4782 521 4835 κατὰ
543 4781 636 4834 τὸν
655 4783 930 4847 Μωῦσέως
956 4771 1134 4854 νόμον,
1167 4785 1201 4855 ἦ
1231 4801 1288 4836 τε
1318 4783 1767 4854 μεμνηστευμένη

186 4871 339 4942 ἀνδρὶ
366 4872 742 4943 διαμαρτοῦσα
776 4875 1016 4944 μοιχείας
1055 4874 1193 4928 κατὰ
1230 4874 1290 4927 τὸ
1328 4873 1456 4939 αὐτὸ
1509 4872 1765 4944 τιμωρίαν

186 4961 470 5033 ὑπομένει,
504 4963 580 5026 ὡς
605 4963 704 5034 ἤδη
728 4963 821 5017 τοῦ
855 4964 1159 5035 μνηστῆρος
1196 4963 1354 5034 σῶμα
1381 4962 1643 5034 γενομένη
1673 4963 1767 5015 καὶ

184 5055 431 5128 κεφαλὴν
457 5055 874 5128 ὲπιγραψαμένη
909 5057 998 5110 τὸν
1028 5057 1214 5124 ἄνδρα,
1247 5056 1362 5120 πῶς
1407 5057 1525 5126 οὐχὶ
1547 5056 1644 5126 τῆς
1675 5074 1766 5108 κε-

187 5149 361 5218 φαλῆς
387 5148 904 5219 γενεαλογουμένης,
935 5149 1124 5203 ἕπεται
1167 5149 1256 5203 καὶ
1292 5148 1352 5202 τὸ
1383 5148 1542 5219 σῶμα
1565 5151 1630 5218 τῇ
1675 5165 1766 5200 κε-

186 5241 324 5318 φαλῇ
381 5239 862 5312 συναριθμεῖσθαι;
917 5239 1056 5294 ὥστε
1111 5241 1204 5295 καὶ
1254 5239 1350 5312 τὴν
1397 5239 1612 5311 Μαρίαν
1665 5238 1764 5310 ἤδη

253 5399 273 5428 ⁸
312 5395 474 5453 Rom.
511 5411 596 5459 Ix,
633 5397 686 5451 ’5.
765 5397 808 5428 ¹⁰
847 5395 1044 5468 Ephes.
1084 5414 1133 5464 ν,
1167 5397 1258 5452 25.

256 5554 358 5622 (3‘)
407 5555 495 5607 Ta.
530 5552 672 5623 Lege
693 5552 769 5606 δέ.
803 5553 960 5607 Enn.

259 5619 348 5692 (θ’
380 5619 631 5689 Οιιαδδιίό
653 5624 763 5677 bzec
786 5623 853 5678 de
878 5624 1203 5692 cognatione
1228 5622 1408 5676 Maria:
1436 5621 1628 5692 matris
1651 5619 1757 5692 Dee

190 5691 324 5748 minii
348 5710 475 5748 cum
514 5693 849 5758 Elisabetha,
904 5691 1080 5747 eistat
1123 5694 1225 5746 sub
1259 5692 1498 5760 ejusdem
1537 5691 1757 5744 Eusebii

1337 5398 1378 5428 ¹¹
1419 5395 1551 5452 Gen.
1590 5411 1666 5459 ιι,
1695 5395 1790 5450 24.

1871 3294 2039 3350 dotali
2084 3297 2248 3351 tribui
2301 3299 2683 3367 possessiones
2713 3317 2823 3355 non
2862 3302 3273 3371 assignavisset,
3311 3301 3441 3371 quia

1871 3386 2135 3442 Dominus
2181 3388 2325 3444 Deus
2369 3405 2496 3458 pars
2542 3391 2663 3459 ejus
2696 3400 2800 3456 est,
2856 3392 3226 3447 mandavisset
3260 3402 3441 3447 autem

1877 3489 1936 3534 ut
1965 3481 2108 3535 inter
2140 3483 2563 3536 caaterastribus
2610 3481 2899 3549 incoleret;
2950 3499 3186 3552 cumque
3229 3481 3442 3537 Zacha-

1869 3573 1985 3627 rias
2019 3579 2073 3627 et
2099 3569 2408 3626 Elisahetba
2440 3573 2672 3642 quadam
2700 3573 2754 3627 in
2789 3574 2922 3628 urbe
2963 3576 3138 3629 tribus
3167 3573 3318 3628 Judte
3348 3577 3446 3629 ha-

1871 3662 2127 3726 bitarent,
2182 3663 2326 3717 unde
2369 3663 2594 3719 oriunda
2651 3671 2769 3718 erat
2815 3663 3023 3732 Maria;
3067 3680 3166 3734 par
3212 3665 3314 3734 fuit
3349 3682 3443 3722 eas

1872 3683 2127 3726 Dual'elll,
2182 3683 2326 3717 unue
2369 3683 2594 3719 ortunua
2651 3683 2769 3718 erat
2815 3683 3023 3732 Μαι-ως
3067 3683 3166 3734 par
3212 3683 3225 3718 Ι
3273 3683 3314 3718 ιι
3349 3683 3443 3722 eas

1871 3755 1942 3810 ob
1969 3754 2111 3808 hanc
2139 3769 2362 3810 causam
2397 3765 2664 3825 cognatas
2692 3756 2989 3825 appellari:
3021 3773 3195 3826 neque
3232 3683 3286 3812 ιι
3319 3773 3444 3810 rur-

1873 3862 1967 3902 sus
2011 3848 2283 3901 immerito
2314 3857 2535 3916 propter
2565 3861 2777 3901 morum
2830 3848 3266 3912 similitudinem,
3306 3864 3443 3916 quo-

1872 3952 1995 3992 rum
2032 3938 2206 4010 gratia
2241 3949 2472 4010 utraque
2502 3939 2700 3992 mulier
2742 3936 3005 4009 mysterio
3038 3939 3232 3994 salutis
3279 3939 3445 4008 digna

1873 4029 2010 4086 fuit:
2056 4038 2109 4084 et
2137 4033 2306 4086 altera
2334 4031 2556 4101 quidem
2603 4029 2978 4093 Servatorem,
3022 4031 3190 4084 altera
3239 4028 3438 4084 Serva-

1873 4117 2010 4172 toris
2047 4134 2436 4188 praecursorem
2470 4120 2679 4175 sinibus
2721 4119 2837 4174 suis
2886 4127 3227 4188 receperunt,
3273 4117 3438 4172 unius

1875 4207 2123 4262 videlicet
2150 4209 2502 4277 eiusdemque
2551 4209 2994 4280 sanctLSpiritus
3029 4209 3197 4276 gratia
3237 4209 3437 4277 potitzn.

1877 4295 2055 4366 Atque
2099 4297 2201 4351 hoc
2251 4298 2333 4352 vel
2365 4299 2598 4354 maxime
2647 4301 2865 4355 nomine
2922 4298 3221 4352 secundum
3272 4297 3440 4350 Deum

1873 4395 2118 4456 cognatae
2166 4386 2383 4442 fuerunt
2417 4387 2515 4459 (4).
2577 4389 2701 4444 Haac
2748 4387 3032 4460 praesentis
3075 4386 3436 4440 dubitationis

1791 4489 1836 4562 υ
1865 4481 2066 4537 scintio
2095 4487 2200 4536 est.

1942 4595 1996 4652 9.
2031 4595 2185 4662 Quod
2214 4595 2260 4651 si
2289 4602 2471 4650 autem
2496 4602 2658 4667 caput
2682 4595 2927 4650 mulieris
2958 4595 3037 4648 vir
3082 4601 3185 4655 est,
3208 4592 3274 4648 de
3297 4592 3440 4662 Apo-

1871 4688 1999 4743 stoli
2047 4687 2159 4742 divi
2195 4689 2551 4753 sententia”,
2583 4687 2806 4758 duoque
2853 4696 2984 4744 sunt
3018 4687 3071 4740 in
3117 4700 3283 4740 carne
3329 4700 3437 4738 una

1873 4796 1938 4836 ex
1979 4779 2229 4836 Mosaicae
2263 4781 2400 4852 legis
2446 4781 2728 4852 regula“;
2765 4789 2818 4836 et
2848 4781 2894 4836 si
2936 4791 3098 4848 nupta
3133 4779 3271 4840 viro,
3315 4794 3435 4847 quae

1871 4871 2135 4943 ﬂagitium
2169 4873 2477 4937 admiserit,
2523 4873 2774 4928 adulterii
2822 4887 3037 4943 pinnam
3067 4872 3136 4924 ob
3169 4872 3219 4925 id
3261 4871 3439 4939 ipsum

1873 4965 2018 5022 subit
2037 4983 2051 5031 ;
2069 4980 2169 5018 ceu
2188 4980 2308 5035 qua:
2325 4965 2436 5034 jam
2462 4966 2647 5034 sponsi
2672 4981 2876 5036 corpus
2898 4964 3038 5018 facta
3072 4971 3208 5025 erat,
3226 4963 3440 5030 sibique

1873 5064 2034 5125 caput
2061 5056 2396 5126 imposuerat
2430 5058 2648 5124 virum;
2684 5073 2783 5111 cur
2812 5056 2858 5111 si
2893 5055 3092 5125 capitis
3124 5053 3440 5122 genealogia

1873 5150 2167 5212 scribatur,
2224 5164 2426 5218 corpus
2483 5166 2607 5203 cum
2647 5149 2824 5220 capite
2884 5144 3270 5201 connumerari
3329 5158 3440 5198 non

1875 5238 1946 5293 sit
1973 5238 2435 5296 consectaneum?
2466 5236 2831 5304 Quamobrem
2868 5234 3036 5288 Maria
3068 5232 3439 5304 Josepbojam

1870 5550 1986 5602 Vat.
2019 5547 2316 5618 palatinum
2350 5542 2617 5618 epitnmze,
2638 5543 2799 5618 etiam
2919 5540 3129 5618 catenis
3150 5537 3434 5618 ‘Va_ti_ca't_iis

1862 5607 2062 5673 Niceta:
2093 5618 2216 5671 cod.
2253 5617 2315 5668 Α.
2354 5607 2397 5668 [ξ
2424 5613 2516 5676 ‘22,
2553 5625 2606 5668 et
2641 5613 2870 5667 .‘lacarii'
2897 5611 3020 5665 cod.
3057 5608 3120 5665 E.
3148 5609 3185 5663 l'.
3223 5609 3310 5666 50.
3339 5607 3436 5664 Se-

1861 5687 2538 5776 quensltampn'quinque
2583 5685 2870 5776 verborum
2914 5682 3162 5738 clausula
3213 5679 3432 5736 nonnisi

193 5766 432 5833 nomine,
473 5766 560 5818 vix
600 5766 788 5837 paucis
824 5756 1003 5820 verbis
1037 5756 1496 5834 variatisfprzeter
1519 5762 1761 5818 codicem
1859 5756 1916 5815 in
1951 5760 2139 5816 codice
2165 5759 2228 5811 A.
2263 5756 2479 5827 legitur.
