3938 6534
147 391 269 449 893

705 389 1171 458 QUESTIONES
1209 391 1664 450 ΕνΑΝςΕιιοΑε
1702 399 1717 448 l

1834 391 2273 449 STEPHANUM.
2313 424 2382 434 —
2419 388 2741 458 ΩΙΙᾹΞδἸΊΟ
2780 387 2864 443 111.

3293 391 3396 446 894

144 505 330 576 Φαρὲς
369 503 418 574 (6
441 503 496 557 δὲ
643 503 812 558 Ἰούδα
855 504 948 558 τοῦ
987 505 1284 578 ἀρχιφύλου
1329 509 1522 578 παῖς)·
1563 511 1717 580 Φαρὲς

1837 523 1866 561 a
1887 506 2027 561 Juda
2053 507 2324 561 evolvitur
2354 503 2436 559 sic
2463 523 2477 558 :
2517 523 2533 554 ι
2565 502 2657 558 Hae
2693 511 2822 559 sunt
2847 502 3228 573 generationes
3252 501 3398 557 Pha-

144 598 409 666 ἐγέννησε
462 596 554 648 τὸν
609 596 855 669 Ἑσρώμ·
917 598 1010 650 καὶ
1066 597 1281 669 Ἐσρὼμ
1330 600 1582 671 ἐγέννησε
1639 601 1729 654 τὸν

156 685 371 756 Ἀράμ·
431 686 521 740 καὶ
579 685 757 758 Ἀρὰμ
807 687 1067 757 ἐγέννησε
1108 687 1200 739 τὸν
1253 689 1577 760 Ἀμιναδάὸο
1635 691 1729 744 καὶ

156 777 458 849 Ἀμιναδάϐ
509 779 766 848 ἐγέννησε
825 779 916 832 τὸν
967 781 1232 836 Ναασσών
1253 800 1266 810 ·
1317 783 1411 836 καὶ
1461 781 1729 836 Ναασσὼν

144 873 408 943 ἐγέννησε
450 872 541 924 τὸν
587 871 844 942 Σαλμών·
896 876 990 926 καὶ
1050 874 1278 946 Σαλμὼν
1335 877 1589 946 ἐγέννησε
1638 875 1728 928 τὸν

141 962 280 1026 806:
303 979 316 991 ·
343 962 439 1015 καὶ
469 961 604 1026 Βοὺζ
635 963 890 1034 ἐγέννησε
925 964 1016 1017 τὸν
1046 966 1231 1036 Ὠὅήδο
1258 967 1352 1020 καὶ
1383 967 1539 1038 Ὠὁὴδ
1579 967 1730 1035 ἐγέν-

141 1071 276 1123 νησε
308 1055 398 1106 τὸν
433 1054 667 1107 Ἰεσσαί·
699 1056 792 1108 καὶ
833 1057 1026 1108 Ἰεσσαὶ
1066 1057 1320 1128 ἐγέννησε
1359 1058 1451 1111 τὸν
1486 1058 1667 1112 Δαϐίδ.
1703 1077 1720 1108 ι

144 1143 350 1196 Τοῦτον
371 1143 420 1195 δ⁴
441 1139 533 1196 οῦν
559 1144 719 1198 αὐτὸν
743 1145 976 1200 τέθειται
1002 1148 1094 1200 καὶ
1113 1151 1141 1201 6
1164 1149 1438 1214 Ματθαῖος
1468 1152 1558 1203 τὸν
1600 1151 1725 1222 τρό-

145 1249 248 1284 πον
283 1231 382 1302 (6).

217 1325 287 1394 β’.
326 1325 394 1377 Ἣ
416 1325 472 1378 δέ
495 1343 559 1394 γε
575 1327 766 1398 πρώτη
782 1328 889 1382 τῶν
910 1329 1204 1384 Βασιλειῶν
1225 1331 1348 1401 ἑξῆς
1371 1331 1722 1402 διαδεξαμένη

141 1417 239 1486 τῆς
279 1417 441 1469 Ῥοῦθ
486 1417 584 1489 τὴν
632 1420 871 1490 γραφὴν,
902 1419 1010 1473 ἀπὸ
1055 1421 1162 1474 τῶν
1208 1422 1448 1474 κάτωθεν
1498 1424 1720 1486 ἄνεισιν,

141 1509 333 1580 ῶσπερ
357 1506 451 1563 οὖν
484 1511 785 1582 πεποίηκεν
818 1515 846 1566 6
867 1515 1107 1578 Λουκᾶςο
1133 1515 1222 1567 τὸν
1248 1514 1378 1583 γοῦν
1397 1513 1605 1586 πατέρα
1629 1513 1723 1566 τοῦ

142 1601 395 1672 Σαμουὴλ
427 1602 519 1654 τὸν
557 1601 788 1656 Ἐλκανᾶ
817 1605 1216 1673 γενεαλογοῦσα
1245 1598 1348 1657 ὧδέ
1384 1622 1536 1675 φησι·
1570 1622 1588 1652 ι
1615 1605 1725 1657 Καὶ

143 1691 356 1760 ἐγένετο
404 1692 686 1763 ἄνθρωπος
733 1694 792 1759 ἐξ
830 1695 1143 1766 Ἀρμαθαὶμ
1193 1695 1424 1766 Σουφεὶρ
1469 1695 1527 1762 ἐξ
1567 1695 1724 1763 ὅρους

155 1782 398 1854 Ἐφραῖμ
421 1801 434 1814 ο
472 1783 566 1836 καὶ
603 1785 772 1855 ὄνομα
813 1786 962 1856 αὑτῷ
1007 1786 1255 1849 Ἐλκανᾶ,
1285 1787 1399 1850 υίὸς
1435 1785 1720 1857 Ἱερεμιὴλ,

1832 614 1922 654 res
1981 598 2093 668 (hic
2125 605 2240 651 erat
2281 595 2434 650 Judze
2459 595 2784 664 patriarchae
2818 594 3016 664 ﬁlius).
3055 593 3260 648 Phares
3302 611 3398 664 ge-

1829 691 1949 743 nuit
2010 687 2333 753 Esronem;,
2363 687 2538 742 Esron
2579 688 2768 758 genuit
2818 686 3118 752 Aramum;
3161 686 3396 742 Aramus

1829 781 2017 852 genuit
2051 779 2489 845 Aminadabum;
2547 777 2921 832 Aminadabus
2954 778 3141 848 genuit
3194 777 3397 834 Nasso-

1829 889 1988 940 nem;
2046 872 2263 927 Nasson
2311 874 2498 942 genuit
2550 869 2896 931 Salmonem;
2943 869 3166 923 Salmon
3211 870 3399 939 genuit

1828 963 2105 1023 Boozum;
2170 960 2382 1016 Boozus
2448 960 2637 1030 genuit
2705 959 2984 1025 Ohedum;
3047 957 3264 1014 Obedus
3305 974 3398 1028 ge-

1830 1055 1946 1107 nuit
1975 1052 2271 1118 Jessaaum;
2301 1050 2536 1105 Jesszeus
2579 1051 2766 1120 genuit
2813 1048 3070 1103 Davidem
3097 1050 3194 1101 η.»
3245 1046 3396 1102 Hanc

1827 1147 1994 1214 igitur
2024 1145 2315 1200 Matthzeus
2350 1159 2567 1214 quoque
2613 1143 2940 1213 genealogize
2977 1141 3280 1196 scribendae
3312 1156 3397 1196 ra-

1799 1275 1804 1280 -
1827 1239 2032 1291 tionem
2071 1243 2311 1292 sectatus
2343 1243 2448 1289 est.

1894 1328 1949 1382 2.
1987 1327 2055 1381 At
2088 1329 2297 1398 primus
2335 1325 2543 1398 Regum
2576 1326 2733 1389 liber,
2763 1327 2856 1398 qui
2890 1325 3084 1380 Rutilae
3112 1324 3396 1383 historiam

1827 1421 2202 1490 subsequitur,
2240 1419 2454 1474 inferne
2485 1419 2750 1482 ascendit,
2783 1426 2842 1470 ut
2885 1418 2941 1472 ﬁt
2987 1417 3127 1488 apud
3169 1416 3393 1470 Lucam.

1827 1513 2036 1582 Quippe
2091 1511 2362 1574 llelcanae,
2409 1509 2501 1579 qui
2537 1517 2690 1579 pater
2740 1508 2844 1562 fuit
2887 1507 3176 1570 Samuelis,
3225 1522 3398 1577 genus

1823 1621 2139 1668 recensens,
2177 1605 2252 1658 ait
2283 1623 2295 1658 :
2327 1622 2345 1654 ‹
2380 1604 2481 1657 fuit
2512 1604 2597 1656 vir
2625 1617 2692 1657 ex
2738 1601 3053 1655 Armathem
3099 1599 3302 1669 Suphir
3330 1599 3399 1654 de

1825 1704 2008 1750 monte
2041 1694 2348 1764 Ephraimi;
2383 1709 2581 1748 nomen
2623 1693 2744 1760 ejus
2792 1692 3052 1753 Helcana,
3103 1691 3242 1744 ﬁlius
3281 1689 3403 1745 Hie-

1826 1787 2082 1850 remielis,
2133 1786 2224 1839 ﬁlii
2280 1785 2430 1850 Elite,
2490 1785 2582 1839 ﬁlii
2635 1784 2792 1850 Thoi,
2849 1784 2943 1838 ﬁlii
2992 1782 3138 1846 Suri,
3187 1782 3397 1852 Ephra-

145 1875 257 1926 υἱοῦ
277 1875 477 1938 Ἠλίου,
507 1876 621 1928 υἱοῦ
649 1876 804 1941 Θοοῦ,
835 1877 950 1930 υἱοῦ
982 1877 1139 1948 Σοῦρ,
1173 1879 1510 1949 Ἐφραταῖος.
1528 1897 1545 1928 ι
1567 1877 1717 1931 Ἀλλὰ

1829 1886 1964 1932 taeus
1986 1879 2052 1931 ⁸³.
2078 1897 2096 1929 ι
2136 1877 2242 1932 Sed
2271 1886 2323 1931 et
2355 1879 2410 1930 in
2444 1876 2874 1948 Paralipomenis
2904 1875 3066 1930 modo
3095 1891 3124 1928 a
3153 1874 3401 1944 superio-

143 1967 233 2019 καὶ
284 1969 343 2019 ἐν
386 1970 499 2031 τοῖς
532 1969 1032 2040 Παραλειπομένοις
1061 1972 1137 2042 (7)
1183 1972 1315 2024 ποτὲ
1351 1973 1449 2042 μὲν
1477 1971 1585 2025 άπὸ
1616 1971 1724 2025 τῶν

145 2058 380 2129 πρώτων
423 2059 517 2119 ἐπὶ
556 2061 683 2124 τοὺς
709 2061 990 2133 δευτέρους
1037 2062 1270 2133 καθεξῆς
1311 2061 1554 2134 πρόεισιν
1579 2065 1608 2115 6
1639 2062 1726 2115 λό-

144 2167 256 2217 γος,
284 2153 351 2220 τῇ
381 2149 477 2203 τοῦ
515 2150 794 2204 Ματθαίου
833 2155 1016 2224 γραφῇ
1058 2152 1471 2225 παραπλησίως,
1507 2153 1634 2206 ποτὲ
1666 2154 1724 2207 δὲ

145 2242 405 2312 ἐμφερῶς
451 2241 529 2312 τῷ
577 2243 760 2314 Λουκᾷ
802 2245 1142 2312 γενεαλογεί-
1177 2245 1404 2298 ἄκουσον
1453 2245 1582 2314 γοῦν
1630 2246 1723 2298 καὶ

143 2335 327 2386 τῶνδε·
367 2352 386 2384 ‹
417 2333 598 2397 Δαὸἱδ,
633 2335 818 2405 φησὶν,
852 2332 919 2405 ἦν
968 2336 1080 2400 υἱὸς
1129 2335 1396 2405 Σολομῶν,
1426 2337 1537 2400 υίὸς
1569 2338 1722 2390 Σολο-

150 2426 265 2495 μῶν
308 2425 563 2495 Ῥοϐοάμ,
583 2426 737 2479 Ἀϐιά
765 2426 877 2490 υἱὸς
907 2427 1092 2490 αὑτοῦ,
1112 2427 1243 2480 ’Λσά
1264 2428 1376 2490 υἱὸς
1408 2428 1594 2492 αὐτοῦ,
1611 2430 1722 2482 Ἰω-

149 2516 322 2584 uagi:
370 2517 483 2580 υἱὸς
530 2517 937 2590 αὐτοῦ,’1ωρὰμ
983 2519 1096 2581 υἱὸς
1130 2518 1578 2588 αὑτοῦ,’οχοζὶας
1609 2521 1722 2583 υἱὸς

144 2608 330 2672 αὐτοῦ,
351 2609 502 2672 ’1ωάς
550 2609 663 2672 υἱὸς
697 2609 882 2673 αὐτοῦ,
902 2610 1165 2680 Ἀμασίας
1197 2611 1308 2674 υἱὸς
1339 2610 1502 2664 αὑτοῦ
1523 2629 1535 2640 ⁸
1569 2630 1590 2665 ι
1627 2613 1720 2666 καὶ

143 2700 283 2752 οὕτω
333 2700 566 2771 καθεξῆς
611 2701 820 2754 κάτεισι
890 2702 1050 2773 μέχρι
1083 2701 1178 2755 τοῦ
1219 2703 1466 2774 Ἰεχονίου
1494 2704 1586 2757 καὶ
1623 2705 1719 2775 τῆς

141 2794 217 2854 εἱς
259 2792 554 2845 Βαϐυλῶνα
583 2793 978 2864 αἰχμαλωσίας,
1008 2794 1082 2858 ὡς
1117 2795 1146 2847 6
1179 2795 1580 2860 Ματθαῖος.⁹Ως
1609 2796 1663 2849 δὲ
1691 2799 1719 2850 6

141 2885 374 2946 Λουκᾶς,
404 2886 436 2954 ἡ
462 2883 600 2954 αὑτὴ
627 2884 784 2936 πάλιν
815 2885 985 2937 ἄνεισι
1014 2885 1204 2957 Γραφὴ
1237 2886 1327 2938 τὸν
1361 2886 1610 2957 Σαμουὴλ
1634 2903 1718 2954 γε·

142 2974 504 3043 νεαλογοῦσα·
554 2977 686 3046 φησὶ
738 2976 902 3044 γοῦν’
954 2996 971 3026 ι
1001 2976 1253 3048 Σαμουὴλ
1308 2978 1424 3031 υἱοῦ
1465 2978 1714 3041 Ἐλκανᾶ,

140 3067 257 3120 υἱοῦ
300 3067 582 3139 Ἱεροϐοάμ
634 3067 751 3138 (8),
797 3066 911 3120 υἱοῦ
957 3069 1163 3140 Ἥλιὴλ,
1217 3069 1329 3123 υἱοῦ
1392 3070 1545 3137 Θοοῦ,
1598 3070 1716 3124 υἱοῦ

1826 1969 1980 2022 ribus
2031 1969 2098 2021 ad
2150 1975 2400 2038 posteros
2444 1967 2564 2020 ﬂuit
2615 1981 2834 2030 sermo,
2881 1973 2940 2018 ιιι
2993 1965 3050 2018 ﬁt
3080 1963 3219 2034 apud
3266 1962 3398 2016 Mat-

1827 2061 2046 2125 tlneum,
2080 2060 2242 2114 modo
2274 2075 2428 2128 teque
2464 2074 2527 2112 ac
2559 2059 2702 2128 apud
2732 2057 2934 2112 Lucam
2968 2057 3237 2127 prosapia:
3262 2057 3400 2110 scri-

1830 2149 2059 2205 buntur.
2098 2149 2240 2202 Audi
2274 2165 2403 2220 ergo
2437 2157 2490 2204 et
2525 2149 2640 2203 haec
2672 2167 2686 2204 :
2721 2167 2739 2198 ι
2777 2147 3018 2214 Davidis,
3057 2141 3232 2216 inquit
3262 2161 3400 2216 prae-

1824 2241 2006 2297 dictus
2030 2243 2186 2306 liber,
2220 2243 2364 2298 ﬁlius
2422 2251 2540 2297 erat
2593 2241 2886 2305 Salomon;
2921 2241 3084 2310 hujus
3112 2241 3254 2294 lilius
3286 2238 3398 2296 Ro-

1823 2335 2082 2402 boamus;
2109 2337 2271 2404 hujus
2297 2337 2440 2391 ﬁlius
2463 2335 2635 2399 Abia;
2671 2336 2832 2406 hujus
2866 2335 3026 2404 ﬁlius;
3055 2333 3193 2401 Osa;
3231 2334 3396 2403 hujus

1822 2429 1966 2485 ﬁlius
1992 2429 2352 2500 Josaphatus;
2379 2429 2541 2497 hujus
2567 2429 2710 2482 ﬁlius
2732 2428 3020 2492 Joramus;
3059 2428 3222 2496 hujus
3247 2428 3392 2482 ﬁlius

1823 2517 2122 2587 Ochozias;
2175 2521 2338 2590 hujus
2389 2519 2533 2575 ﬁlius
2565 2519 2798 2586 Joasus;
2829 2519 2994 2588 hujus
3035 2517 3177 2573 ﬁlius
3224 2519 3393 2572 Ama-

1822 2613 1933 2666 sias
1962 2613 2024 2644 ιδ’
2061 2632 2079 2664 ι
2106 2613 2283 2683 Atque
2323 2614 2398 2666 ita
2437 2628 2504 2667 ex
2540 2613 2731 2668 ordine
2780 2611 3062 2666 descendit
3109 2627 3284 2682 usque
3324 2611 3392 2664 ad

1819 2703 2132 2759 Jechoniam
2164 2713 2326 2774 atque
2351 2703 2419 2758 ad
2450 2703 2834 2774 Babylonicam
2858 2703 3248 2772 captivitatem,
3280 2718 3387 2756 non

1820 2811 1980 2851 secus
2025 2804 2187 2866 atque
2219 2796 2520 2851 Mattheus.
2568 2794 2790 2859 Contra,
2827 2795 2904 2850 uti
2951 2793 3148 2858 Lucas,
3195 2792 3388 2848 eadem

1819 2903 2013 2944 rursus
2063 2889 2311 2944 ascendit
2368 2888 2651 2959 Scriptura
2703 2888 2831 2942 dum
2893 2885 3163 2941 Samuelis
3217 2901 3391 2957 genus

1817 2991 2058 3035 enarrat.
2101 2981 2189 3036 Ait
2237 2981 2382 3035 enim
2412 3000 2424 3034 :
2455 2999 2472 3030 ‹
2509 2978 2782 3035 Samuelis
2830 2979 2922 3033 ﬁlii
2976 2979 3258 3040 Helcanae,
3296 2977 3390 3031 ﬁlii

1817 3070 2183 3134 Hieroboami,
2217 3071 2310 3125 ﬁlii
2353 3069 2593 3136 Helielis,
2632 3070 2724 3124 ﬁlii
2770 3069 2928 3134 Thoi,
2967 3069 3060 3123 ﬁlii
3099 3068 3247 3132 Suri,
3294 3067 3391 3123 ﬁlii

141 3163 278 3235 Σοῦρ
306 3165 405 3231 (9).
450 3163 566 3215 υἱοῦ
607 3163 858 3225 Ἐλκανᾶ,
902 3163 1017 3216 υἱοῦ
1059 3164 1230 3236 Ἰωὴλ,
1282 3163 1399 3216 υἱοῦ
1444 3163 1712 3234 Ἀζαρίου,

1829 3163 2086 3228 Ηειοθηιε,
2113 3165 2205 3218 ﬁlii
2227 3163 2452 3227 Johelis,
2480 3163 2571 3216 ﬁlii
2592 3163 2819 3228 Azariae,
2853 3162 2945 3216 ﬁlii
2970 3160 3276 3232 Sophonize,
3297 3160 3392 3215 ﬁlii

142 3253 255 3306 υἱοῦ
311 3254 586 3323 Σοφονὶου,
637 3253 753 3307 υἱοῦ
806 3254 978 3325 Θαάρ,
1014 3255 1130 3308 υἱοῦ
1178 3255 1358 3328 Ἀσεὶρ
1410 3254 1540 3325 (10),
1598 3253 1714 3307 υἱοῦ

151 3347 432 3419 Ἀδιάσαρ,
473 3346 588 3400 υἱοῦ
620 3348 784 3421 Κορὲ,
821 3347 936 3401 υἱοῦ
973 3348 1212 3419 Ἰσσαάρ,
1247 3347 1363 3400 υἱοῦ
1395 3346 1572 3412 Καὰθ,
1597 3346 1715 3400 υίοῦ

139 3439 286 3504 Λευῖ,
331 3439 449 3492 υἱοῦ
489 3439 734 3511 Ἰσραήλ·
775 3461 793 3492 ι
831 3441 923 3494 καὶ
968 3441 1068 3512 δρα
1115 3443 1162 3494 εί
1205 3439 1276 3512 μὴ
1330 3441 1583 3512 ἄντικρυς
1624 3443 1716 3494 τὸν

141 3531 318 3601 ὅμοιον
345 3531 556 3595 τούτοις
585 3532 890 3603 μεμίμηται
926 3533 1123 3604 τρόπον
1155 3535 1183 3585 6
1206 3535 1417 3594 Λουκᾶς
1438 3550 1450 3563 ’
1481 3533 1648 3602 μυρία
1671 3532 1715 3584 δ’

140 3617 204 3671 ἂν
247 3618 343 3672 κα)⁸
391 3619 554 3683 αὐτὸς
587 3619 766 3691 εῦροις
797 3621 1020 3674 τοιαῦτα
1041 3637 1054 3648 ·
1087 3621 1181 3690 ἀφ’
1213 3615 1286 3674 ὧν
1318 3622 1558 3674 λείπεται
1590 3625 1717 3691 ὁμο·

141 3713 336 3780 λογεῖν,
371 3713 533 3783 μηδὲν
563 3711 764 3777 ξενίζον
798 3716 1150 3785 πεποιηκέναι
1184 3717 1307 3778 τοὺς
1343 3715 1432 3768 τοῦ
1467 3716 1716 3786 Σωτῆρος

143 3805 294 3875 ἡμῶν
318 3805 733 3874 εὐαγγελιστάς·
760 3808 858 3859 οὐκ
884 3807 1058 3876 ὀρθῶς
1083 3807 1187 3877 γάρ
1216 3808 1385 3860 οἴεταὶ
1413 3825 1495 3870 τις
1521 3807 1715 3869 αὐτοὺς

141 3897 422 3965 διαφωνεῖν
442 3913 455 3925 ·
485 3896 742 3968 ἑκάτερος
767 3897 874 3967 γάρ
898 3897 1082 3967 οἰκείῳ
1110 3897 1352 3968 λογισμῷ
1379 3899 1474 3969 τὴν
1501 3898 1713 3950 ἔνθεσιν

142 3991 430 4062 πεποίηται
475 3992 574 4062 τῆς
613 3994 851 4062 γραφῆς,
885 3992 913 4043 6
951 3993 1046 4061 μὲν
1076 3993 1182 4046 άπὸ
1210 3986 1302 4046 τοῦ
1348 3993 1594 4064 Ἀϐραὰμ
1619 3996 1715 4063 ἁρ-

142 4081 366 4153 ξάμενος
397 4085 484 4138 διά
513 4084 608 4154 τὴν
640 4083 950 4153 οἰκονομίαν
991 4084 1083 4136 τοῦ
1115 4088 1242 4156 παρ’
1267 4085 1413 4156 αὑτῷ
1446 4086 1623 4154 λόγου,
1655 4087 1713 4138 ὃν

139 4174 193 4226 οῦ
219 4175 409 4244 καιρός
429 4176 524 4229 νῦν
548 4174 870 4245 ἑρμηνεύειν
886 4190 900 4204 '
923 4175 949 4226 6
969 4174 1023 4227 δέ
1045 4175 1138 4228 καὶ
1162 4177 1250 4229 τὸν
1282 4177 1527 4248 Ἀϐραάμ
1548 4179 1713 4248 ὑπερ-

141 4265 234 4329 ϐάς
270 4268 364 4319 ἐπί
391 4284 450 4319 τε
483 4266 572 4318 τὸν
599 4267 813 4338 πρῶτον
843 4267 1127 4338 ἄνθρωπον
1161 4268 1423 4321 άνελθὼνο
1452 4271 1546 4323 καὶ
1580 4270 1712 4340 μηδέ

143 4359 295 4430 μέχρι
331 4358 522 4411 τούτου
560 4360 709 4424 στάς,
740 4360 831 4411 τὸν
861 4360 1036 4414 πάντα
1075 4360 1129 4412 δὲ
1164 4359 1317 4429 λόγον
1345 4362 1437 4413 ἐπὶ
1469 4361 1558 4414 τὸν
1583 4361 1712 4414 Θεὸν

140 4453 467 4524 ἀναρτήσας,
496 4452 582 4506 διὰ
608 4456 703 4524 τῆς
738 4455 793 4505 ἐν
824 4455 1042 4526 Χριστῷ
1069 4455 1483 4525 παλιγγενεσίας
1513 4457 1712 4528 μυστὴσ

141 4563 246 4618 ριον
271 4545 614 4610 άναϐιῦάζει.

892 4661 968 4713 Γ’.

137 4766 261 4833 Πῶς
290 4771 324 4822 ὁ
346 4767 465 4839 μὲν
489 4768 785 4834 Ματθαῖος
811 4767 929 4822 ἀπὸ
948 4769 1063 4839 ,τοῦ
1087 4769 1263 4836 Δαϐἱὸ
1305 4769 1400 4822 καὶ
1439 4770 1711 4839 Σολομῶ-

199 4856 306 4904 νος
339 4838 636 4906 διαδόχων
677 4839 776 4890 ἐπὶ
820 4838 1018 4892 Ἰακὼὸ
1061 4840 1159 4892 καὶ
1201 4840 1410 4908 Ἰωσὴφ
1451 4842 1521 4892 τὰ
1562 4838 1706 4908 γένη

200 4908 439 4978 κατάγει
464 4924 477 4936 °
535 4912 566 4961 ό
597 4908 678 4960 ’δὲ
713 4908 951 4974 Λουκᾶς
991 4911 1106 4962 ἀπὸ
1155 4909 1334 4962 Δαϐἱδ
1373 4911 1469 4962 καὶ
1508 4909 1710 4963 Νάθαν

200 4978 432 5032 παίδων
467 4978 577 5046 τέ.τὶ
620 4979 741 5032 Ἠλὶ
779 4980 876 5032 καὶ
907 4979 1140 5048 Ἰωσὴφ,
1182 4981 1465 5046 ἐναντίως
1509 4998 1710 5049 γενεα-

199 5049 399 5118 λογιῖιν
431 5050 510 5114 τῷ
539 5051 830 5116 Ματθαίῳ.

199 5149 266 5196 α’.
313 5141 388 5195 Τὸ
419 5136 600 5213 τρίτον
638 5141 744 5193 τῶν
771 5142 1147 5213 προταθέντων
1191 5142 1380 5211 καιρὸς
1410 5145 1697 5214 ἐπισκέψα-

138 5235 251 5290 σθαι
269 5252 283 5264 ⁸
313 5234 502 5297 ἀτενὲς
523 5231 616 5287 οὖν
641 5236 758 5297 ταῖς
776 5234 984 5300 λέξεσιν
1012 5237 1202 5299 αὐταῖς
1223 5237 1590 5307 ἐπερείσωμεν
1611 5239 1708 5307 τὴν

1821 3255 2041 3320 Thaari,
2084 3256 2175 3310 ﬁlii
2220 3254 2386 3318 Asiri,
2442 3255 2534 3308 lilii
2580 3254 2880 3318 Ahiasaris,
2927 3253 3019 3307 ﬁlii
3064 3252 3238 3315 Cone,
3296 3253 3390 3308 ﬁlii

1819 3348 2039 3412 Issaari,
2094 3347 2183 3401 lilii
2225 3346 2436 3406 Caathi.
2490 3344 2582 3398 ﬁlii
2618 3343 2836 3408 'Levini,
2891 3344 2981 3397 ﬁlii
3025 3343 3240 3398 lsraelis
3269 3344 3334 3396 ³⁵.
3364 3361 3385 3394 ο

1818 3439 1988 3493 Porro
2017 3441 2166 3493 vides
2197 3453 2254 3493 ut
2285 3441 2441 3508 plane
2471 3438 2616 3491 hunc
2660 3453 2862 3490 morem
2908 3435 3084 3490 Lucas
3126 3435 3388 3489 imitetur.

1821 3529 2088 3584 Sexcenta
2115 3531 2380 3599 ejusmodi
2408 3531 2651 3600 exempla
2680 3531 2905 3599 ipsemet
2931 3528 3176 3582 invenies
3204 3545 3216 3580 :
3242 3526 3387 3580 unde

1818 3626 2062 3690 sequitur
2089 3629 2146 3674 ut
2196 3621 2482 3685 fateamur,
2523 3623 2660 3676 nihil
2703 3621 2983 3675 insolitum
3016 3619 3211 3674 iecisse
3255 3617 3384 3674 Ser-

1816 3715 2021 3768 vatoris
2045 3715 2216 3768 nostri
2245 3717 2644 3786 evangelistas:
2673 3731 2851 3786 neque
2870 3715 3066 3768 merito
3096 3713 3386 3782 quisquam

1815 3806 2028 3876 putabit
2056 3822 2149 3860 eos
2183 3807 2432 3861 invicem.
2463 3807 2752 3862 dissidere.
2788 3806 3028 3876 Uterque
3075 3805 3220 3858 enim
3259 3817 3388 3873 pro-

1815 3899 1934 3967 prio
1965 3899 2174 3952 calculo
2199 3898 2620 3966 descriptionem
2644 3898 2883 3953 instituit
2911 3917 2923 3952 :
2957 3898 3093 3951 alter
3114 3896 3181 3949 ah
3209 3895 3390 3949 Abra-

1817 3989 1978 4043 hamo
2008 3990 2221 4043 initium
2257 3991 2503 4060 capiens,
2529 3991 2599 4044 oh
2627 3992 2711 4045 sui
2757 3990 3027 4046 sermonis
3055 3988 3388 4059 peculiare

1814 4082 2101 4144 rationem,
2135 4098 2298 4152 quam
2332 4083 2386 4136 in
2435 4083 2690 4152 praesenti
2723 4099 2831 4137 non
2866 4090 3021 4137 vacat
3070 4094 3383 4150 exponere:

1815 4175 1950 4226 alter
1975 4175 2149 4243 ipsum
2177 4175 2544 4227 Ahrahamum
2579 4183 3020 4245 prmtcrgressus,
3054 4172 3119 4226 ad
3151 4171 3385 4240 primum

1815 4283 1986 4336 usque
2039 4268 2310 4321 hominem
2362 4267 2508 4320 venit
2543 4283 2757 4338 :neque
2796 4267 2849 4320 in
2901 4267 3003 4318 hoc
3059 4264 3233 4326 sistit,
3291 4263 3386 4318 sed

1818 4374 1972 4412 suam
2007 4374 2222 4412 omnem
2251 4359 2536 4413 historiam
2567 4374 2690 4413 cum
2737 4358 2847 4413 Deo
2890 4359 3081 4420 nectit,
3106 4356 3234 4409 dum
3265 4369 3385 4407 eam

1813 4448 2066 4502 videlicet
2108 4464 2204 4518 per
2237 4449 2670 4518 regenerationis
2704 4449 2758 4502 in
2798 4449 3018 4502 Christo
3066 4443 3384 4517 mysterium

1739 4542 1782 4596 D
1813 4541 1868 4596 in
1904 4541 2136 4596 sublime
2166 4541 2364 4597 evehit.

2552 4653 2641 4710 111.

1814 4771 2087 4839 Quomodo
2128 4769 2412 4826 Mattiacas
2445 4771 2656 4840 quidem
2695 4787 2728 4824 α
2772 4768 2976 4840 Davide
3018 4767 3234 4838 ejusque
3263 4785 3384 4822 suc-

1881 4859 2086 4896 cessare
2117 4840 2398 4896 Salomone
2430 4839 2497 4893 ad
2526 4841 2558 4893 .1
2567 4841 2784 4895 acobum
2806 4850 2854 4893 et
2882 4839 3168 4907 Josep/tum
3196 4857 3384 4907 prosa-

1879 4914 1996 4982 pias
2041 4913 2264 4966 deducat
2293 4928 2310 4964 :
2342 4912 2513 4965 Lucas
2547 4922 2720 4966 autem
2764 4910 3028 4982 afﬂavide
3065 4920 3220 4982 atque
3246 4908 3382 4982 ΔΝαιτ

1885 4979 2038 5037 thane
2067 4993 2221 5053 atque
2245 5000 2276 5035 a
2301 4983 2479 5037 liberis
2501 4983 2656 5051 hujus
2691 4982 2760 5035 ad
2797 4981 2968 5034 Ilelim
2997 4990 3044 5034 et
3075 4979 3381 5053 Josepﬁum,

1880 5049 2147 5107 contraria
2195 5053 2449 5108 Matt/two
2485 5049 2692 5106 ratione
2738 5053 3094 5121 genealogiam
3125 5049 3380 5103 scribens.

1884 5147 1934 5199 1.
1981 5147 2163 5201 Tertia
2199 5147 2310 5216 jam
2351 5148 2581 5216 quaestio
2633 5144 3032 5200 consideranda
3080 5149 3182 5197 est.
3213 5139 3384 5194 Porro

1811 5239 1948 5307 ipsis
1993 5238 2176 5292 verbis
2223 5236 2382 5294 acute
2429 5246 2667 5292 mentem
2719 5247 2962 5291 nostram
3011 5232 3380 5287 intendamus.

137 5325 334 5381 ἑαυτῶν
355 5324 622 5378 διάνοιαν·
658 5323 854 5394 ἴδωμεν
881 5324 938 5378 δέ
965 5326 1016 5378 τί
1045 5343 1210 5396 φησιν
1231 5329 1260 5379 6
1280 5329 1490 5392 Λουκᾶς
1510 5345 1523 5357 ·
1559 5348 1578 5379 ι
1602 5330 1712 5382 Καὶ

1829 5329 2005 5400 \gesis
2037 5329 2322 5385 videamus
2351 5330 2481 5400 quid
2515 5328 2691 5385 Lucas
2715 5327 2884 5382 dicat.
2927 5346 2945 5377 ι
2979 5325 3046 5378 Et
3079 5326 3194 5394 ipsc
3221 5319 3384 5380 Jesus

142 5480 177 5511 "
215 5481 380 5537 Ruth.
415 5497 489 5544 tv,
524 5479 712 5536 18-22.
791 5481 834 5512 ⁸³
874 5480 891 5534 1
924 5479 1057 5552 Reg.
1094 5497 1146 5545 ι,
1183 5483 1236 5536 1.
1314 5483 1356 5514 ⁸⁵
1394 5481 1414 5536 1
1446 5482 1572 5540 Par.
1605 5501 1700 5549 Ill,

1904 5486 1946 5518 ⁸⁵
1984 5485 2003 5539 l
2034 5485 2160 5542 Par.
2193 5502 2285 5553 γι,
2321 5486 2414 5544 54.

201 5638 276 5701 (6)
311 5636 454 5711 Cod.
489 5635 554 5698 Α,
586 5636 773 5693 τοῦτον
802 5638 864 5710 δὴ
899 5633 992 5693 οῦν
1025 5639 1116 5692 τὸν
1137 5639 1338 5711 τρόπον
1373 5639 1466 5693 καὶ
1492 5640 1517 5692 ό
1549 5640 1704 5694 Ματ-

140 5708 279 5773 θιῖος
306 5709 579 5778 ἐποίησεν.

203 5781 278 5861 {7)
319 5777 459 5858 Tum
490 5779 542 5832 in
575 5779 810 5852 epitome
831 5795 992 5851 quam
1019 5780 1073 5835 in
1104 5780 1224 5836 cod.
1261 5780 1325 5848 Α,
1357 5782 1412 5835 ἐν
1441 5783 1557 5845 ταῖς
1592 5781 1701 5834 Πα-

144 5868 223 5922 {tu
234 5863 566 5919 ειπομεναις.

1885 5641 1960 5708 (8)
2001 5642 2135 5697 Cod.
2170 5642 2236 5704 A,
2281 5639 2577 5713 Ὶερρμιήλ,
2614 5649 2667 5697 et
2698 5657 2824 5698 mox
2869 5637 3066 5698 Ἐλίου.

1910 5713 1962 5778 9)
2007 5713 2147 5781 Epit.
2174 5713 2366 5782 Σουφέ.

1912 5785 1993 5855 l0)
2033 5785 2167 5840 eod.
2203 5785 2269 5848 A,
2323 5784 2508 5855 Ἀσήρ.
