3938 6510
3836 72 3837 121 l

3836 132 3839 195 ι

572 357 680 417 895
1320 362 1589 418 EUSEBII
1625 363 2102 420 CAESARlENSlS
2139 366 2152 417 ι

2252 365 2288 421 ι.
2325 363 2504 419 rans
2538 363 2626 420 ιιι.
2662 394 2731 404 -
2770 360 3175 417 EXEGETICA.
3692 360 3777 416 39‘
3840 354 3845 451 ἶ

568 482 687 532 erat
718 474 985 548 incipiens
1031 478 1190 549 quasi
1218 493 1488 534 annorum
1539 481 1785 551 triginta,
1817 494 1876 537 ut
1907 483 2136 554 putaba-

2252 482 2398 546 ιὺτὸς
2444 483 2472 535 6
2512 481 2715 553 Ἰησοῦς
2742 475 2810 552 ἦν
2833 479 3132 552 ἀρχόμενος
3161 477 3293 529 ὡσεὶ
3333 474 3472 528 ἐτῶν
3497 474 3773 545 τριάκοντι,

570 575 680 632 tur,
713 568 856 624 illius
882 566 1124 639 Iosephi,
1158 570 1251 625 lilii
1282 570 1425 636 Heli,
1450 572 1546 627 lilii
1575 573 1789 630 Melchi.
1821 594 1839 627 ι
1871 574 2022 630 llaud
2055 585 2135 630 ta-

2252 571 2316 626 ἲυν
2339 572 2470 636 υίὸς,
2502 572 2576 635 ὡς
2591 571 2891 642 ἐνομίζετο,
2923 569 3015 623 τοῦ
3034 568 3250 638 Ἰωσὴφ,
3273 564 3368 619 τοῦ
3385 564 3524 627 Ἠλὶ,
3550 564 3637 627 τοῦ
3659 566 3778 617 Male.

570 674 693 714 men
724 659 1008 717 Mattbaaus
1032 677 1167 718 usus
1193 673 1277 719 est
1296 679 1428 719 voce
1465 682 1483 716 ι
1508 673 1571 728 ut
1593 667 1906 735 putabatur.
1944 688 1961 720 ι
1993 667 2134 735 Quid

2252 664 2308 735 [ί.
2327 686 2343 716 ι
2365 664 2610 734 Ἀλλόῦχ
2652 664 2679 717 ὅ
2706 679 2769 732 γε
2794 662 3069 724 Ματθαῖος
3093 662 3363 731 ἐχρήσατο
3389 659 3477 727 τῇ,
3494 674 3512 706 t
3536 657 3607 720 ὡς
3630 660 3776 727 ἐνομί-

571 766 734 822 porro
778 753 894 809 ait?
940 772 958 805 ι
985 753 1295 811 Matthanus
1342 744 1540 827 genuit.
1570 756 1869 828 Iacobum;
1900 759 2136 818 Iacobus

2252 761 2356 823 ζετο
2384 775 2401 809 ι
2429 759 2607 827 φωνῇ·
2637 755 2771 810 ἀλλά
2789 754 2838 807 τί
2869 771 3032 824 (mat;
3064 771 3084 805 ι
3111 749 3335 806 Ματθάν
3364 748 3420 803 δὲ
3448 748 3777 819 ἐγέννησετέν
3852 738 3853 755 “

569 849 751 899 autem
785 846 975 916 genuit
1002 844 1325 918 Iosepbum.
1358 868 1377 901 ι
1426 849 1589 904 Aliud
1635 866 1763 906 vero
1808 860 1891 907 est
1920 860 2131 921 putare,

568 932 715 988 aliud
749 948 851 989 ceu
881 949 971 991 res
998 934 1074 995 ita
1104 951 1164 991 se
1190 936 1388 991 habeat
1415 935 1701 992 allirmare.
1737 936 1793 991 Si
1816 937 1981 1008 igitur
2003 937 2138 992 Mat-

569 1022 711 1080 theo
763 1022 1063 1082 afﬁrmante
1102 1024 1399 1096 Iosephum
1451 1026 1623 1081 ﬁlium
1667 1043 1790 1083 esse
1840 1027 2031 1083 Jacobi
2084 1036 2139 1084 et

569 1114 862 1181 Matthani,
896 1116 1072 1175 Lucas
1115 1119 1369 1175 similiter
1412 1119 1766 1176 contenderet
1795 1120 1965 1175 tilium
2016 1136 2139 1177 esse

569 1203 687 1260 Beli
740 1222 803 1261 ac
842 1205 1061 1273 Melchi,
1106 1224 1233 1265 vere
1278 1225 1456 1281 pugna
1494 1210 1741 1281 quaedam
1791 1219 1936 1267 esset
1979 1222 2141 1282 atque

568 1294 879 1361 conﬂictus,
904 1307 1068 1369 atque
1110 1314 1250 1369 opus
1285 1312 1432 1357 esset
1471 1304 1700 1359 arbitrio
1730 1306 1829 1374 qui
1862 1304 2139 1373 evangeli-

571 1396 687 1445 stas
727 1398 1104 1460 componeret.
1143 1390 1300 1447 Nunc
1346 1402 1527 1450 autem
1561 1411 1683 1451 cum
1724 1396 2010 1452 Matthwus
2053 1396 2142 1451 tir—

569 1481 731 1536 miter
786 1489 1085 1548 assereret,
1127 1481 1307 1540 Lucas
1352 1500 1481 1540 vero
1528 1486 1671 1540 haud
1722 1488 1775 1542 id
1823 1488 2140 1557 contendat,

569 1572 667 1629 sed
706 1573 1021 1645 opinionem
1063 1578 1444 1633 tantummodo
1484 1580 1722 1649 proferat
1757 1580 1900 1651 apud
1945 1581 2145 1636 multos

570 1672 941 1736 pervagatam,
992 1680 1103 1720 non
1152 1682 1272 1737 quae
1304 1668 1449 1738 apud
1500 1686 1560 1726 se
1593 1671 1821 1741 vigeret,
1858 1671 2031 1736 nulla,
2087 1678 2146 1724 ut

569 1755 787 1827 opinor,
819 1758 1050 1827 questio
1082 1766 1354 1828 superest.

2249 846 2464 910 Ἰακὼϐ,
2483 844 2677 899 Ἰακὼό
2707 844 2764 899 δὲ
2789 844 3045 915 ἐγέννησε
3076 842 3444 912 τὺνἹωσήφῚ
3476 839 3602 893 ἄλλο
3630 839 3680 893 δὲ
3704 839 3777 911 δή·
3856 904 3857 917 γ

2239 956 2341 991 που
2371 939 2487 991 ἐστὶ
2512 938 2571 991 τὸ
2601 938 2862 1008 νομίζειν,
2896 936 2989 989 καὶ
3021 934 3147 989 ἄλλο
3173 934 3234 987 τὸ
3264 932 3440 995 οὕτως
3467 930 3610 1002 ἔχειν
3629 930 3777 984 διαεεο

2241 1030 2523 1086 σαιοῦσθαι
2541 1048 2553 1060 ·
2580 1032 2627 1083 εί
2657 1026 2842 1101 μὲν’δὴ
2869 1026 2958 1081 τοῦ
2984 1026 3261 1081 Ματθαίου
3284 1022 3778 1093 διαῦεόασ-ωσαμὲνιυ

2239 1123 2330 1177 τὸν
2364 1123 2562 1194 Ἰωσὴφ
2592 1122 2705 1175 υἱὸν
2730 1116 2868 1174 εἶναι
2890 1117 3083 1173 Ἰακὼὸ
3110 1119 3204 1171 καὶ
3230 1116 3325 1169 τοῦ
3355 1115 3605 1176 Ματθάν,
3631 1117 3657 1167 6
3676 1118 3781 1168 Aca-

2240 1217 2342 1278 κᾶς
2389 1217 2589 1286 ὁμοίως
2634 1212 3005 1285 διισχυρίσατο
3046 1212 3137 1265 τὸν
3172 1210 3369 1281 Ἰωσὴφ
3398 1207 3672 1277 γεγονέναι
3696 1208 3782 1259 tif.)

2240 1305 2333 1360 τοῦ
2372 1305 2492 1359 Ἠλὶ
2529 1306 2622 1359 καὶ
2646 1303 2738 1358 τοῦ
2770 1304 2963 1375 Μελχὶ,
2992 1301 3204 1374 άληθῶς
3238 1300 3386 1371 μάχη
3413 1316 3495 1362 τις
3516 1294 3584 1369 ἦν
3612 1298 3696 1352 καὶ
3712 1302 3785 1353 πό-

2241 1399 2430 1470 λεμος,
2466 1398 2559 1452 καὶ
2607 1393 2676 1470 ἦν
2720 1396 2827 1450 τῶν
2876 1396 3259 1467 διαιτησόντων
3292 1395 3478 1456 αὐτοῖς
3511 1393 3687 1464 χρεία·
3712 1393 3786 1446 νῦν

2242 1492 2298 1559 δὲ
2320 1493 2429 1555 ὅτε,
2458 1491 2551 1544 τοῦ
2583 1488 2865 1545 Ματθαίου
2887 1486 3445 1557 διαῦεϐαιῳσαμένοολ,
3471 1487 3500 1538 6
3532 1486 3785 1547 Λουκᾶςώ

2244 1584 2584 1651 διατείνεται,
2609 1583 2766 1650 δόξαν
2788 1583 2844 1637 δὲ
2872 1582 3020 1653 παρὰ
3049 1584 3160 1644 τοῖς
3188 1579 3401 1643 πολλοῖς
3430 1577 3786 1649 νενομισμένην
3872 1577 3873 1643 ξ

2244 1677 2476 1748 τίθησιν,
2506 1677 2566 1729 οὐ
2608 1676 2705 1747 τὴν
2755 1675 2885 1746 παρ’
2916 1672 3064 1744 αὐτῷ
3097 1671 3423 1743 κρατοῦσαν,
3457 1665 3606 1740 οἶμαι
3656 1667 3787 1740 μηῶ

2251 1768 2379 1840 μίαν
2409 1766 2795 1821 ὑπολείπεσθαι
2823 1765 3069 1838 ζήτησιν.

641 1848 696 1902 2.
737 1848 873 1904 Nam
926 1864 1054 1905 cum
1095 1850 1259 1906 varia:
1304 1851 1373 1907 de
1413 1851 1639 1908 Christo
1680 1851 1837 1908 famae
1878 1854 2019 1908 inter
2050 1851 2147 1908 Iu-

2322 1861 2386 1933 β’.
2427 1860 2710 1931 Διαφόρων
2736 1859 2845 1931 γάρ
2872 1858 3022 1930 παρὰ
3049 1856 3319 1920 Ἰουδαίοις
3348 1854 3663 1925 ὑπολήψεων
3686 1853 3788 1926 περὶ

572 1939 723 1995 dzeos
751 1952 1110 1999 versarentur
1131 1983 1147 2009 ,
1174 1951 1230 1998 et
1267 1944 1454 1999 cuncti
1489 1945 1709 2015 quidem
1741 1944 2089 2000 concorditer
2116 1962 2147 1999 a

574 2030 778 2088 llavide
817 2049 942 2089 eum
989 2043 1316 2105 repeterent,
1349 2046 1575 2107 propter
1624 2034 1717 2091 Dei
1750 2036 2147 2106 promissiones

573 2123 764 2180 Davidi
793 2125 1170 2198 signiﬁcatas;
1206 2128 1423 2183 interim
1456 2138 1637 2183 tamen
1667 2128 1761 2182 alii
1799 2142 1831 2182 a
1860 2128 2063 2183 Davide
2094 2136 2149 2183 et

582 2215 874 2275 Salomone
924 2219 1186 2290 regioque
1224 2225 1512 2275 stemmate
1569 2228 1822 2291 putarent
1870 2220 2148 2276 Christum

581 2308 809 2377 adfore;
853 2310 946 2364 alii
985 2311 1054 2366 ah
1108 2311 1211 2366 hac
1248 2313 1519 2367 sententia
1547 2311 1883 2378 recederent,
1930 2321 2150 2382 propter

578 2405 779 2461 multas
825 2405 1045 2476 regibus
1098 2406 1310 2461 inustas
1361 2404 1798 2469 criminationes,
1845 2414 1900 2459 ct
1932 2414 2151 2474 propter

580 2498 946 2568 proscriptum
1029 2498 1099 2553 ab
1179 2498 1420 2553 Ieremia
1470 2498 1735 2569 propheta
1794 2495 2146 2559 Iecboniam,

573 2602 700 2653 cum
745 2587 824 2643 ait
871 2603 981 2644 non
1028 2595 1410 2644 surrecturum
1460 2603 1527 2645 ex
1576 2585 1699 2656 ejus
1747 2586 1920 2656 stirpe
1952 2584 2045 2655 qui
2094 2585 2151 2639 in

575 2678 800 2736 Davidis
830 2680 1029 2735 throno
1063 2679 1300 2746 sederet,
1331 2694 1566 2750 cumque
1586 2679 1656 2735 ob
1686 2678 1739 2733 id
1778 2679 1883 2732 alia
1916 2679 2001 2733 via
2027 2695 2151 2748 per-

576 2780 769 2844 gerent
798 2792 812 2828 :
840 2781 893 2828 et
920 2788 1046 2827 cum
1081 2772 1135 2827 in
1174 2772 1394 2827 Davidis
1444 2771 1763 2825 allirmando
1793 2787 1990 2841 genere
2019 2787 2152 2824 eon-

579 2864 880 2935 spirarent,
909 2880 1020 2919 non
1055 2872 1238 2919 tamen
1281 2878 1377 2933 per
1402 2860 1771 2925 Salomonem,
1798 2862 1893 2917 sed
1926 2876 2020 2932 per
2045 2861 2152 2916 Na—

577 2955 808 3011 thanurn
835 2954 1056 3011 Davidis
1091 2955 1221 3010 item
1249 2956 1440 3019 lilium,
1471 2954 1801 3011 deducerent
1840 2955 1954 3025 (qui
2011 2956 2150 3010 idem

577 3045 868 3103 Nathanus
922 3047 1187 3117 propheta
1239 3046 1411 3101 fuisse
1465 3046 1689 3110 dicitur,
1745 3046 2047 3101 secundum
2087 3060 2151 3099 ea

579 3154 704 3210 qua:
731 3138 982 3194 feruntur
1008 3139 1064 3193 in
1093 3138 1299 3199 Regum
1337 3136 1545 3205 libris);
1579 3145 1740 3207 atque
1757 3137 1825 3192 ab
1854 3138 2018 3207 hujus
2055 3152 2151 3206 po-

581 3233 751 3289 steris
796 3240 1091 3288 venturum
1143 3231 1423 3287 Christum
1472 3239 1807 3298 assererem;
1865 3231 2152 3302 ipsumque

579 3323 806 3397 Iosephi
850 3330 1023 3398 genus
1058 3325 1186 3380 inde
1224 3340 1401 3397 usque
1449 3331 1785 3394 repeterent;
1838 3324 2153 3380 necessario

583 3416 764 3473 Lucas
795 3418 890 3488 qui
919 3417 1135 3471 illorum
1167 3418 1478 3488 opinionem
1508 3415 1696 3479 refert.
1724 3432 1830 3470 non
1853 3430 2031 3479 suam,
2058 3414 2155 3468 ad-

577 3508 714 3579 jecit
738 3508 1041 3575 narrationi
1084 3526 1103 3560 ι
1133 3516 1190 3564 ιιι
1222 3509 1551 3578 putabatur;
1588 3526 1606 3559 ι
1639 3506 1891 3562 Matthan
1932 3508 2156 3577 permit-

582 3606 708 3658 tens
745 3615 974 3657 narrare
1022 3616 1131 3656 non
1180 3608 1239 3655 ut
1269 3600 1580 3670 putabatur,
1614 3600 1710 3655 sed
1739 3600 1818 3654 uti
1851 3615 2041 3655 revera
2095 3613 2156 3655 se

585 3691 821 3749 habebat
864 3693 1019 3765 origo
1060 3691 1297 3765 generis.
1328 3691 1506 3762 Atque
1548 3692 1665 3746 haec
1700 3692 1877 3761 prima
1916 3700 2038 3747 esto
2070 3705 2156 3746 re-

586 3786 829 3856 sponsio.

653 3878 709 3934 3.
750 3880 871 3934 Alia
900 3896 1119 3951 quoque
1167 3882 1438 3953 profunda
1485 3890 1541 3938 et
1585 3896 1786 3936 arcana
1832 3894 1956 3935 esse
1980 3883 2158 3949 potest

589 3968 713 4037 ejus
737 3971 1073 4027 narrationis
1103 3974 1264 4027 ratio.
1295 3973 1505 4029 Etenim
1545 3972 1832 4027 Matthteus
1862 3971 2156 4023 humanam

586 4060 796 4116 Christi
819 4063 1159 4119 nativitatem
1191 4065 1394 4120 diserte
1418 4064 1759 4127 describens,
1793 4076 2027 4132 vereque
2061 4074 2157 4113 vo-

589 4150 711 4208 lens
746 4150 1040 4225 Iosephum
1079 4153 1283 4212 Davide
1313 4156 1609 4211 oriundum
1654 4160 2057 4219 demonstrare,
2091 4170 2157 4210 eo

596 4257 709 4314 quo
737 4259 837 4314 par
869 4255 988 4300 erat
1025 4249 1296 4303 sermonis
1329 4250 1580 4319 ingressu
1610 4249 1814 4315 utitur;
1857 4248 2034 4303 Lucas
2062 4262 2160 4301 au-

587 4341 720 4401 tem,
754 4342 815 4390 ut
859 4336 1078 4406 opinor,
1109 4338 1238 4408 quia
1268 4340 1435 4396 nollet
1468 4354 1728 4395 carneam
1773 4338 1981 4393 Christi
2018 4338 2161 4397 nati-

587 4427 811 4487 vitatem
843 4426 1180 4495 describere,
1210 4431 1285 4485 ita
1314 4447 1462 4486 nunc
1486 4448 1545 4487 se
1572 4431 1765 4502 gessit.
1799 4429 1933 4484 Nam
1967 4429 2015 4484 si
2058 4429 2159 4483 hoc

2250 1954 2341 2008 τοῦ
2364 1951 2600 2025 Χριστοῦ
2628 1951 3069 2021 κεκρατημένων,
3094 1949 3185 2003 καὶ
3218 1949 3438 2003 πάντων
3475 1949 3573 2018 μὲν
3601 1946 3791 2016 συμφώ-
3878 1946 3883 1997 ὲ

2249 2064 2354 2109 νως
2384 2045 2476 2098 ἐπὶ
2505 2044 2595 2098 τὸν
2617 2043 2779 2096 Δαὸὶδ
2807 2043 3136 2111 ἀναγόντων,
3157 2041 3247 2095 διὰ
3268 2040 3368 2105 τὰς
3389 2039 3526 2109 πρὸς
3550 2040 3637 2092 τὸν
3659 2038 3792 2092 Δσὸὶδ
3884 2070 3885 2077 η

2248 2137 2342 2190 τοῦ
2366 2135 2500 2190 Θεοῦ
2531 2134 2879 2203 ἐπαγγελίας,
2917 2133 3016 2206 ήδη
3044 2134 3101 2187 δὲ
3128 2132 3238 2186 τῶν
3275 2133 3370 2204 μὲν
3404 2132 3513 2185 ἀπὸ
3542 2130 3694 2190 Δαδὶδ
3717 2130 3791 2183 καὶ

2250 2228 2561 2300 Σολομῶνος
2590 2227 2680 2281 καὶ
2709 2225 2802 2279 τοῦ
2831 2223 3109 2296 βασιλικοῦ
3138 2224 3327 2293 γένους
3359 2222 3683 2293 πειθομένων
3700 2222 3792 2275 ἐσε-

2251 2323 2373 2375 σθαι
2404 2321 2495 2373 τὸν
2527 2318 2783 2390 Χριστὸν,
2813 2318 2920 2371 τῶν
2943 2316 2998 2370 δὲ
3033 2315 3238 2386 ταύτην
3269 2316 3364 2388 μὲν
3391 2315 3689 2384 φευγόντων
3711 2313 3790 2383 τὴν

2249 2414 2425 2480 δόξαν,
2447 2410 2536 2467 διὰ
2567 2412 2627 2465 τὸ
2659 2411 2913 2481 πλείστην
2949 2390 3285 2481 ἐμφέρεσθαι
3310 2408 3419 2462 τῶν
3451 2406 3793 2477 βεδασιλευηόξ

2249 2525 2355 2561 των
2381 2488 2736 2578 κατηγορίαν,
2765 2504 2855 2560 διά
2892 2521 2952 2556 τε
2981 2502 3043 2557 τὸ
3076 2504 3413 2573 ἐκκήρυκτον
3443 2500 3550 2553 ὑπὸ
3574 2500 3662 2552 τοῦ
3685 2516 3793 2569 προο

2252 2600 2422 2670 φήτου
2460 2597 2726 2669 Ἰερεμίου
2764 2595 3041 2664 γεγονέναι
3079 2595 3170 2648 τὸν
3214 2594 3491 2665 Ἰεχονίαν,
3520 2591 3613 2644 καὶ
3648 2591 3724 2643 διὰ
3746 2590 3794 2641 τὸ

2252 2689 2499 2760 εἰρῆσθαι
2524 2689 2596 2760 μὴ
2613 2686 3009 2758 ἀναστήσεσθαι
3028 2685 3087 2752 ἐξ
3103 2686 3266 2740 αὑτοῦ
3285 2686 3506 2756 σπέρμα
3527 2682 3793 2752 καθήμενον

2252 2782 2344 2835 ἐπὶ
2390 2781 2580 2853 θρόνου
2604 2780 2788 2840 Δαὸὶδ,
2823 2779 2911 2833 διὰ
2946 2779 3002 2833 δέ
3027 2774 3120 2831 οῦν
3161 2776 3353 2839 ταῦτα,
3383 2775 3576 2846 ἑτέραν
3616 2771 3793 2825 ὁδευόν-

2251 2892 2377 2938 των,
2406 2873 2499 2927 καὶ
2523 2874 2630 2927 ἀπὸ
2659 2874 2757 2944 μὲν
2786 2871 2947 2925 Δαόὶδ
2971 2869 3390 2942 ὁμολογούντων,
3418 2867 3480 2919 οῦ
3505 2865 3607 2936 μὴν
3628 2865 3704 2917 διὰ
3725 2864 3795 2915 2".-

2251 2966 2513 3036 λομῶνος,
2533 2964 2667 3019 ἀλλὰ
2690 2963 2776 3017 διὰ
2801 2962 3007 3026 Νάθαν,
3024 2962 3082 3026 ὃς
3105 2957 3172 3032 ἦν
3195 2959 3288 3013 τοῦ
3320 2958 3487 3011 Δαὸὶδ
3539 2959 3660 3018 παῖς
3694 2956 3797 3023 (τσο

2257 3060 2310 3112 σὶ
2341 3059 2397 3113 δὲ
2428 3060 2518 3112 τὸν
2550 3057 2736 3113 Νάθαν
2770 3058 2863 3111 καὶ
2907 3053 3277 3126 προφητεῦσαι
3322 3052 3464 3105 κατὰ
3508 3051 3575 3102 τὰ
3614 3052 3665 3102 ὲν
3698 3049 3796 3103 τὰ

2180 3188 2221 3244 C
2253 3151 2561 3216 Βασιλείαις
2594 3151 2867 3221 φερόμενα
2895 3146 3054 3222 [11]),
3090 3147 3197 3200 ἀπό
3228 3162 3288 3197 τε
3315 3144 3409 3197 τοῦ
3438 3143 3623 3197 Νάθαν
3649 3140 3797 3244 6m“.-

2255 3262 2364 3316 χων
2392 3235 2813 3316 προελεύσεσθαι
2842 3240 2932 3294 τὸν
2958 3237 3189 3312 Χριστὸν
3212 3230 3797 3305 διαϐεϐαιουμένων,κιὶ

2253 3336 2343 3390 τόν
2372 3353 2432 3405 γε
2461 3335 2657 3406 Ἰωσὴφ
2692 3332 2899 3387 ἐκεῖθέν
2928 3331 3095 3384 ποθεν
3124 3326 3606 3398 γενεαλόγούντων,
3624 3324 3799 3396 σφόδρα

2255 3427 2567 3495 ἀναγκαίως
2611 3427 2640 3479 6
2682 3425 2894 3487 Λουκᾶς
2944 3421 3042 3495 τὴν
3090 3420 3293 3474 τούτων
3326 3417 3621 3489 ἀνιστορῶν
3648 3416 3796 3482 δόξαν,

2254 3509 2367 3575 ἄλλ’
2392 3521 2452 3573 οὐ
2490 3520 2587 3591 τὴν
2614 3517 2801 3583 αὐτοῦ,
2836 3514 3142 3585 προσέθηκε
3177 3516 3241 3584 τῇ
3276 3513 3396 3566 κατ’
3428 3512 3588 3566 αὐτὸν
3621 3508 3800 3580 ἱστορίᾳ.

2253 3610 2315 3664 τὸ
2339 3629 2358 3663 ι
2380 3610 2453 3674 ὡς
2473 3608 2751 3681 ἐνομίζετο
2769 3625 2782 3638 ⁸
2798 3626 2817 3659 ι
2838 3605 2916 3677 τῷ
2940 3603 3203 3675 Ματθαίῳ
3218 3603 3623 3675 παραχωρήσας
3645 3601 3709 3672 μὴ
3732 3599 3799 3661 τὺ,

2255 3702 2331 3766 ὡς
2359 3698 2658 3771 ἐνομίζετο,
2690 3700 2944 3770 ἱστορεῖν,
2963 3696 3076 3750 ἀλλ’
3094 3696 3169 3759 ὡς
3196 3692 3338 3765 εἶχεν
3363 3693 3617 3764 ἀληθείας
3639 3693 3699 3752 τά
3721 3691 3799 3760 τῆς

2256 3793 2550 3861 γενέσεως·
2579 3789 2716 3861 αῦτη
2754 3789 2851 3861 μὲν
2880 3784 2971 3841 οῦν
2995 3789 3029 3858 ἡ
3062 3785 3248 3860 πρώτη
3289 3784 3564 3845 ἀπόδοσις.

2327 3890 2395 3952 γ’.
2440 3882 2537 3953 Είη
2576 3881 2619 3934 δ’
2643 3882 2713 3939 ἄν,
2736 3898 2821 3945 τις
2854 3880 2946 3933 καὶ
2980 3877 3137 3941 ἄλλος
3185 3876 3351 3947 βαθὺς
3390 3876 3485 3928 καὶ
3526 3874 3799 3945 ἀπόρρητος

2257 3974 2315 4026 ἐν
2338 3975 2450 4035 τοῖς
2483 3971 2867 4041 προκειμένοις
2895 3969 3085 4038 λόγος·
3128 3965 3404 4030 Ματθαῖος
3438 3967 3537 4037 μὲν
3569 3965 3673 4036 γὰρ
3695 3967 3799 4034 ὁμο-

2257 4066 2597 4136 λογουμένως
2626 4063 2725 4135 τὴν
2757 4064 3021 4134 ἔνσαρκον
3053 4061 3265 4131 γένεσιν
3315 4059 3542 4129 ἱστορῶν
3566 4058 3658 4113 τοῦ
3693 4058 3800 4127 Χρι-

2259 4156 2406 4221 στοῦ,
2440 4157 2533 4210 καὶ
2581 4155 2673 4207 τὸν
2716 4152 2912 4224 Ἰωσὴφ
2962 4150 3236 4215 ἀποδεῖξαι
3270 4149 3587 4220 βουλόμενος
3620 4147 3801 4217 ἀληθῶς

2258 4252 2322 4303 ἐκ
2349 4247 2531 4311 Δαδὶδ,
2558 4245 2679 4300 ὅθεν
2704 4248 2869 4316 ἐχρῆν
2896 4246 2961 4315 τῇ
2990 4242 3203 4312 εἰσϐολῇ
3234 4242 3499 4313 κέχρηται
3525 4240 3621 4294 τοῦ
3649 4240 3799 4308 λόγου·

2259 4340 2348 4393 τὸν
2398 4339 2454 4392 δὲ
2492 4338 2707 4392 Λουκᾶν
2740 4334 2979 4407 ἡγοῦμαι
3008 4333 3083 4406 μὴ
3113 4334 3210 4405 τὴν
3243 4334 3382 4387 κατα
3414 4332 3592 4403 σάρκα
3624 4331 3806 4400 γένεσιν

2260 4433 2352 4487 τοῦ
2388 4431 2562 4503 Ἰησοῦ
2590 4430 2929 4500 γενεαλογεῖν
2944 4428 3215 4490 ἐθέλοντα,
3235 4427 3336 4481 νῦν
3361 4426 3520 4480 τοῦτο
3541 4423 3806 4494 πεποιηκέ-

585 4517 638 4575 ei
678 4518 1024 4591 propositum
1076 4521 1291 4587 fuisset,
1340 4539 1452 4578 non
1485 4524 1795 4595 ignorabat,
1848 4538 1987 4593 opus
2037 4536 2152 4576 esse

2263 4540 2390 4579 ναι·
2421 4523 2580 4577 τοῦτο
2626 4522 2723 4593 μὲν
2762 4520 2871 4590 γὰρ
2918 4521 2967 4573 εί
2999 4520 3140 4572 κατὰ
3171 4517 3395 4589 γνώμην
3422 4517 3703 4588 ἔπραττεν,
3727 4514 3807 4567 οὒκ

586 4612 857 4682 originem
921 4613 1195 4685 ejusmodi
1249 4632 1543 4687 exponere.
1612 4614 1718 4670 Sed
1780 4614 2038 4685 quoniam
2092 4629 2159 4667 eo

586 4698 867 4771 Evangelii
894 4703 1015 4758 loco
1046 4708 1476 4777 regenerationis
1500 4722 1595 4776 per
1619 4707 1893 4760 lavacrum
1927 4708 2161 4758 tuentio-

586 4805 717 4853 nem
757 4792 909 4861 facit,
944 4794 1243 4867 Iesumque
1293 4805 1353 4852 ut
1396 4796 1490 4851 Dei
1528 4795 1724 4850 Filium
1772 4795 2029 4859 exhibet;
2077 4794 2160 4849 id‘

589 4882 743 4940 circo
774 4884 877 4941 hoc
898 4886 1065 4941 veluti
1088 4887 1336 4955 exemplo
1357 4887 1738 4942 demonstrare
1759 4884 1954 4939 nititur
1976 4899 2163 4953 quem-

589 4972 722 5029 libet
751 4974 1028 5032 hominem
1048 4977 1102 5031 in
1136 4976 1247 5033 Deo
1262 4984 1665 5048 regeneratum,
1694 4976 1908 5032 etiamsi
1949 4991 2074 5030 vere
2098 4974 2163 5029 li-

589 5066 698 5124 lius
749 5068 1032 5126 hominum
1082 5071 1347 5127 habeatur
1391 5072 1464 5126 ob
1512 5086 1733 5126 carnem
1777 5085 1885 5140 qua
1937 5069 2163 5124 indutus

591 5168 698 5226 est,
733 5175 845 5216 non
874 5171 1054 5219 tamen
1085 5178 1210 5218 cum
1249 5179 1349 5220 sua
1385 5171 1581 5221 natura
1610 5164 1665 5217 in
1704 5164 1922 5219 carneis
1951 5163 2164 5233 genito-

591 5251 748 5315 ribus
780 5253 999 5319 sistere,
1029 5271 1207 5327 neque
1242 5273 1349 5311 non
1382 5258 1523 5311 ultra
1570 5256 1819 5326 corporis
1848 5263 2165 5326 procreato-

592 5359 686 5413 rcs
719 5361 1014 5404 excurrere
1040 5366 1052 5402 :
1076 5364 1269 5405 verum
1316 5349 1531 5405 etiamsi
1580 5348 1726 5405 ﬁlius
1766 5349 2049 5404 hominum
2082 5348 2165 5403 vi-

593 5438 789 5501 deatur
811 5442 882 5496 ob
906 5441 1156 5511 corporis
1179 5442 1605 5512 generationem,
1636 5442 1997 5501 nihilominus
2019 5440 2166 5494 haud

596 5530 835 5591 alienum
883 5549 913 5588 a
945 5532 1040 5589 Dei
1084 5533 1375 5605 adoptione
1425 5535 1658 5591 censeri.
1712 5533 2164 5604 Quandoquidem

595 5636 730 5696 ergo
758 5624 935 5682 Lucas
963 5627 1105 5684 haud
1136 5629 1436 5685 secundum
1466 5627 1705 5684 Matthxi
1729 5636 1964 5687 mentem
1987 5627 2163 5681 histo-

2261 4615 2443 4685 ἠγνόει
2486 4614 2568 4666 ὅτι
2618 4612 2787 4682 ἐχρῆν
2814 4610 3014 4680 ταύτην
3052 4608 3366 4662 ἐκθέσεσθαι
3386 4625 3400 4640 ⁸
3436 4608 3622 4679 ἐπειδὴ
3651 4608 3704 4661 δὲ
3731 4605 3808 4660 νῦν

2258 4707 2359 4777 τῆς
2399 4705 2487 4760 διὰ
2523 4703 2749 4775 λουτροῦ
2777 4704 3182 4775 ἁναγεννήσεως
3215 4702 3507 4772 μέμνηται,
3535 4701 3647 4754 υἱὸν
3673 4697 3810 4753 αὑτὸν

2260 4800 2495 4867 εἰσάγων
2520 4796 2678 4861 Θεοῦ,
2715 4795 2961 4866 βούλεται
2985 4796 3062 4859 ὼς
3084 4797 3141 4848 ἐν
3169 4793 3529 4863 ὑποδείγματι
3555 4788 3808 4863 παραστῆ-

2264 4906 2352 4942 σαι⁸
2385 4889 2465 4941 ὅτι
2494 4886 2558 4957 δὴ
2590 4887 2697 4950 πᾶς
2723 4888 2752 4938 6
2786 4888 2843 4938 ἐν
2864 4884 2982 4955 θεῷ
3003 4880 3466 4953 ἀναγεννὼμενος,
3496 4879 3601 4934 κᾶν
3623 4876 3808 4950 άληθῶς

2264 4984 2375 5047 υίὸς
2404 4978 2542 5036 εἶναι
2564 4980 2865 5052 ἀνθρώπων
2893 4978 3165 5049 νομίζοιτο
3194 4978 3261 5031 δι’
3287 4976 3355 5047 ἠν
3379 4975 3678 5047 περίκειται
3703 4972 3812 5041 σάρ-

2264 5091 2355 5135 κα,
2383 5074 2496 5128 ἀλλ’
2521 5072 2621 5143 οὐχ
2667 5070 2881 5125 ἵσταταί
2928 5085 2991 5137 γε
3042 5069 3180 5139 αὐτῇ
3229 5067 3298 5120 τὰ
3345 5064 3445 5135 τῆς
3467 5062 3808 5134 γενέσεωςεὶς

2263 5171 2388 5233 τοὺς
2420 5166 2561 5222 κατὰ
2598 5167 2776 5236 σάρκα
2801 5168 2998 5233 γονεῖς,
3032 5162 3153 5216 οὐδὲ
3201 5161 3361 5233 μέχρι
3391 5158 3498 5213 τῶν
3527 5157 3619 5211 τοῦ
3646 5155 3807 5224 σώμα-

2262 5280 2355 5327 τος
2398 5260 2760 5335 προπατόρων
2803 5257 3025 5328 φθάνει·
3061 5255 3174 5309 ἀλλ’
3201 5256 3249 5309 εἱ
3297 5254 3391 5308 καὶ
3430 5252 3696 5324 νομίζοιτο
3731 5247 3811 5300 ἁν-

2265 5351 2496 5425 θρὼπων
2528 5350 2665 5405 εἶναι
2698 5350 2811 5413 υίὸς
2847 5347 2936 5401 διά
2979 5345 3076 5418 τὴν
3118 5344 3213 5399 τοῦ
3268 5345 3520 5414 σώματος
3565 5340 3807 5409 γέννησιν,

2267 5448 2417 5517 ὅμως
2464 5445 2508 5498 δ’
2540 5441 2633 5499 οῦν
2677 5444 2776 5496 οὐκ
2826 5440 3102 5512 ἀλλότριος
3137 5438 3233 5509 τῆς
3280 5436 3372 5490 τοῦ
3400 5433 3535 5488 Θεοῦ
3569 5427 3811 5489 υἱοθεσίας

2270 5538 2572 5607 ὑφέστηκεν
2592 5552 2604 5564 ·
2631 5533 2815 5606 ἐπειδὴ
2838 5533 2894 5586 δὲ
2915 5528 3009 5586 οῦν
3033 5531 3093 5585 οὐ
3112 5530 3252 5582 κατὰ
3275 5528 3373 5599 τὴν
3402 5525 3569 5598 αὐτὴν
3588 5522 3663 5593 τῷ
3680 5520 3811 5577 Maro

2270 5626 2406 5698 θαίῳ
2442 5626 2679 5679 διάνοιαν
2729 5622 2997 5691 ἐξετίθετο
3043 5621 3141 5691 τὴν
3191 5619 3462 5689 διήγησιν,
3492 5613 3705 5675 εἰκότως
3734 5606 3812 5663 ὢν

672 5802 786 5875 (Η)
828 5805 1033 5863 Desunt
1067 5809 1182 5865 lucc
1217 5812 1398 5867 incol
1447 5810 1512 5879 Λ,
1546 5810 1633 5879 Gl,
1668 5827 1698 5866 a
1726 5827 1833 5883 quo
1865 5810 2155 5883 cmtcroqui
2195 5812 2448 5868 meliores
2485 5805 2758 5865 interdum
2796 5805 3057 5863 lectiones
3093 5800 3448 5872 sumpsimus.

3860 1218 3869 1437 ἲ
