3938 6506
110 448 212 503 897

679 449 1141 517 QUASSTIONES
1179 441 1637 512 EVANGELlC/E
1677 435 1768 509 An
1811 423 2340 517 s’TEpnA'NUM.—.
2378 464 2708 532 QUzESTlO
2746 469 2836 524 ιιι.

3263 477 3367 532 898

109 565 276 618 αὐτὸν
310 565 504 636 ἐκείνῳ
546 566 732 638 καιρὸν
777 569 1035 640 ὑπερϐὰς,
1073 573 1165 625 ἐπὶ
1205 573 1304 644 τὴν
1347 575 1688 646 ἀναγέννησιν

1799 577 1932 631 riam
1968 594 2124 634 suam
2165 581 2378 646 scribit,
2409 591 2838 640 consentaneum
2873 595 2984 642 erat
3023 597 3083 643 ut
3125 589 3365 646 Matthaei

107 658 206 726 τὴν
229 656 321 710 διὰ
353 657 582 729 λουτροῦ
610 661 1002 731 παραγίνεται·
1033 664 1125 716 καὶ
1157 665 1388 720 ἐνταῦθα
1419 666 1515 738 τὴν
1544 671 1696 722 ἐναν-

108 752 228 803 τίαν
252 751 532 804 ἐκτίθεται
559 752 666 806 τῶν
691 753 864 821 γενῶν
891 755 1140 828 διαδοχήν
1160 775 1173 788 ·
1206 757 1343 828 ὁμοῦ
1367 761 1459 812 καὶ
1479 760 1694 829 ἀνάγων

108 843 216 895 ἀπὸ
245 843 360 896 τῶν
401 845 645 898 ὑστάτων
679 847 770 899 ἐπὶ
799 846 868 900 τά
898 848 1110 920 πρῶτα,
1139 849 1273 920 ὁμοῦ
1301 851 1394 904 καὶ
1425 850 1522 922 τὴν
1558 854 1693 924 μνή-

111 953 216 1005 μην
239 936 354 988 τῶν
382 937 530 1007 παρά
555 937 631 1009 τῷ
651 938 916 1011 Ματθαίῳ
946 941 1210 996 ὑπαιτίων
1239 943 1330 997 καὶ
1359 945 1694 1015 ἁμαρτωλῶν

106 1025 324 1097 ἀνδρῶν
371 1027 793 1101 ἀποσειόμενος·
847 1034 1146 1106 ἐπειδήπερ
1195 1038 1224 1106 ῥ
1268 1036 1418 1108 παρὰ
1456 1038 1532 1108 τῷ
1576 1037 1694 1110 Θεῷ

107 1119 634 1192 ἀναγεγεννημένος,
665 1122 944 1196 ἀλλότριος
990 1126 1308 1182 καθίσταται
1360 1132 1460 1202 τῆς
1503 1131 1695 1204 ὲνσάρ-

113 1227 205 1263 κου
233 1212 510 1278 γενέσεως
536 1214 628 1268 καὶ
656 1216 764 1269 τῶν
796 1218 934 1270 κατὰ
967 1218 1144 1290 σάρκα
1166 1222 1500 1292 ἁμαρτωλῶν
1530 1219 1694 1304 πατ-

114 1321 238 1373 ρων,
271 1307 391 1369 υἱὸς
421 1308 858 1380 ἀποφαινόμενος
883 1311 1038 1376 Θεοῦ,
1071 1314 1166 1368 καὶ
1187 1315 1404 1369 πάντων
1426 1317 1532 1370 τῶν
1553 1319 1693 1372 κατά

107 1397 235 1449 Θεὸν
269 1376 662 1470 ἀνεπιλήπξως
695 1401 1054 1472 βεϐιωκότων.

171 1509 234 1564 δ’.
280 1507 432 1572 Οἷον,
452 1513 527 1576 ὡς
555 1515 647 1568 ἐπὶ
674 1518 1133 1589 παραδείγματος,
1159 1521 1367 1587 Παῦλος
1403 1528 1432 1578 ὁ
1463 1525 1694 1581 ἀπόστο-

107 1603 190 1666 lo;
220 1605 400 1673 ἐχέτω
442 1607 541 1676 μὲν
583 1607 723 1662 κατά
760 1610 941 1681 σάρκα
974 1613 1188 1685 πατέρα
1235 1615 1479 1671 Ἰουδαῖον
1513 1621 1693 1674 ὅντινα

108 1694 176 1757 ὡς
209 1696 364 1760 εἰκὸς
413 1699 639 1752 ἄπιστον
660 1718 671 1729 ·
701 1701 872 1769 ἐχέτω
903 1702 956 1754 δὲ
985 1704 1079 1755 καὶ
1108 1706 1246 1759 κατὰ
1279 1709 1428 1772 Θεὸν,
1464 1704 1522 1764 οὗ
1553 1713 1693 1766 κατὰ

106 1788 226 1850 τοῦς
257 1789 504 1861 τρόπους
525 1791 669 1843 ὲϐίου
691 1808 704 1821 ⁸
733 1795 779 1845 εί
807 1794 869 1846 δὲ
898 1791 990 1848 οὖν
1032 1797 1214 1867 μέλλει
1241 1817 1325 1863 τις
1354 1802 1515 1855 αὐτὸν
1551 1804 1691 1858 κατά

1799 672 2043 735 tempora
2077 677 2521 742 praetergressus,
2563 674 2630 729 ad
2666 678 3128 746 regenerationem
3159 696 3258 751 per
3283 681 3360 736 la-

1796 773 2018 812 vacrum
2046 761 2277 828 veniret,
2313 764 2496 835 ibique
2527 769 2857 821 contrariam
2899 781 3126 840 poneret
3164 787 3359 841 prosa-

1796 847 2006 915 piarum
2049 853 2453 907 suc‘ceSsionem
2486 873 2499 908 :
2527 855 2689 909 simul
2738 871 2970 928 pergens
3014 874 3043 912 ει
3074 861 3368 930 postremis

1797 939 1861 992 ad
1889 939 2060 1004 initia,
2088 943 2360 1013 simulque
2387 948 2704 999 memoriam
2737 949 2976 1002 sontium
3008 965 3071 1004 ac
3102 951 3366 1006 scelesto-

1795 1047 1937 1097 rum,
1978 1034 2071 1102 qui
2122 1046 2251 1089 sunt
2292 1037 2432 1106 apud
2484 1037 2794 1093 Matthaeum
2827 1041 3107 1096 hominum
3149 1044 3364 1099 vitans:

1795 1128 1918 1193 quia
1967 1138 2324 1196 regeneratus
2355 1130 2499 1199 apud
2530 1131 2696 1186 Deum
2740 1133 2952 1190 alienus
3004 1135 3062 1188 ﬁt
3097 1150 3126 1189 a
3166 1151 3368 1192 carnea

1794 1225 2012 1280 natura,
2051 1228 2103 1273 et
2132 1235 2160 1272 a
2191 1223 2570 1290 peccatoribus
2604 1223 2905 1280 secundum
2937 1243 3155 1281 carnem
3194 1229 3367 1298 patri-—

1796 1308 1919 1370 bus,
1953 1308 2062 1364 Dei
2088 1312 2347 1365 nimirum
2381 1313 2696 1370 declaratus
2725 1317 2892 1385 ﬁlius,
2919 1328 2973 1374 et
3002 1321 3246 1374 omnium
3272 1320 3366 1391 qui

1795 1401 2094 1455 secundum
2130 1403 2299 1458 Deum
2332 1407 2450 1460 sine
2481 1409 2640 1478 culpa
2670 1409 2940 1465 vixerunt.

1867 1515 1916 1568 4.
1955 1513 2200 1588 Exempli
2240 1520 2415 1589 gratia
2458 1519 2664 1576 Paulus
2711 1523 2994 1591 apostolus
3029 1532 3235 1595 patrem
3282 1541 3368 1581 se-

1801 1606 2042 1660 cundum
2078 1624 2299 1663 carnem
2353 1611 2543 1664 habuit
2572 1609 2841 1678 Judaeum,
2874 1621 2932 1666 ut
2962 1615 3221 1669 credibile
3260 1622 3365 1678 est,

1794 1711 1822 1748 a
1857 1696 1959 1752 ﬁde
1995 1700 2234 1755 alienum
2269 1719 2282 1755 :
2319 1701 2507 1755 habuit
2543 1719 2761 1773 quoque
2807 1712 3017 1774 patrem
3060 1707 3366 1760 secundum

1795 1788 1986 1854 Deum,
2046 1793 2205 1862 cujus
2259 1793 2513 1848 videlicet
2561 1796 2686 1850 vita:
2727 1797 3036 1851 institutum
3085 1798 3368 1867 amplexus

110 1883 288 1952 σάρκα
339 1884 706 1952 γενεαλογεῖν,
751 1886 895 1949 τίνος
943 1891 1170 1955 εἰκότως
1227 1892 1293 1946 ἂν
1347 1896 1613 1968 ἐμνήσθη,
1656 1898 1688 1970 ἢ

1795 1882 1917 1938 fuit.
1970 1883 2026 1938 Si
2057 1886 2182 1954 quis
2227 1899 2362 1964 ergo.
2385 1873 2544 1940 Pauli
2583 1887 2885 1943 secundum
2929 1903 3148 1943 carnem
3195 1905 3368 1959 genus

111 1975 328 2038 πάντως
358 1993 464 2030 που
498 1977 589 2030 τοῦ
618 1979 760 2032 κατά
795 1981 973 2051 σάρκα
1006 1983 1244 2054 πατρός;
1282 1982 1344 2038 Et
1372 1985 1414 2038 δ’
1437 1983 1502 2040 αὖ
1533 1987 1692 2042 πάλιν

107 2064 293 2136 ἕτερος
323 2067 424 2137 τὴν
457 2069 516 2119 ἐν
559 2070 777 2142 Χριστῷ
809 2073 1022 2140 γένεσιν
1055 2072 1219 2128 αὐτοῦ
1261 2077 1453 2147 δηλοῦν
1498 2079 1689 2144 ἐθέλοι,

107 2159 246 2221 τίνος
277 2159 348 2212 ἂν
377 2160 477 2232 τήν
502 2163 722 2233 μνήμην
757 2163 873 2236 θείη
910 2165 977 2218 ἂν
1012 2167 1256 2233 εἰκότως,
1290 2170 1322 2240 ἣ
1355 2171 1570 2236 πάντως
1597 2173 1691 2226 τοῦ

108 2250 242 2302 κατά
310 2250 446 2304 Θεὸν
493 2253 655 2307 αὐτὸν
704 2256 1198 2328 ἀναγεννήσαντος;
1254 2259 1410 2314 Οὐτω
1465 2264 1560 2316 καὶ
1617 2264 1693 2336 τῷ

118 2339 375 2411 Ἁϐραάμ
404 2340 651 2412 εἴρηται·
691 2363 709 2394 ι
741 2346 814 2399 Σύ
847 2346 904 2399 δὲ
937 2348 1212 2423 ἀπελεύσῃ
1257 2351 1394 2423 πρὸς
1425 2354 1550 2418 τοὺς
1589 2369 1692 2409 πα-

108 2430 270 2502 τέρας
299 2450 392 2486 σου
412 2435 639 2506 τραφεὶς
659 2439 715 2492 ἐν
739 2439 884 2510 γήρᾳ
913 2439 1077 2510 καλῷ·
1093 2443 1184 2496 »οὐ
1205 2443 1374 2516 δήπου
1399 2447 1523 2510 τοὺς
1553 2449 1693 2502 κατά

112 2525 290 2595 σάρκα
322 2526 567 2598 πατέρας
593 2529 876 2599 δηλοῦντος
910 2533 1002 2586 τοῦ
1040 2533 1220 2604 λόγου,
1253 2539 1300 2590 εἰ
1331 2538 1404 2608 μὴ
1439 2539 1532 2592 καὶ
1566 2540 1688 2594 θεο-

111 2616 286 2679 σεϐεῖς
331 2617 575 2685 λέγοιντο
619 2622 918 2689 γεγονέναι,
954 2626 1079 2689 τοὺς
1121 2627 1178 2680 δὲ
1224 2630 1281 2682 ἐν
1307 2629 1424 2702 Θεῷ
1451 2633 1691 2705 πατέρας

107 2705 186 2760 διὰ
223 2709 330 2779 τὴν
374 2710 475 2780 τῆς
519 2711 803 2776 εὐσεϐείας
849 2715 1232 2788 ὁμοιοτροπίαν
1276 2722 1646 2794 αίνιτβομένου
1674 2741 1686 2754 '

107 2799 242 2852 οῦτω
267 2801 364 2854 καὶ
384 2802 433 2854 οἱ
455 2800 514 2866 ἐξ
538 2803 808 2878 Ἀϐραάμ,
825 2809 1039 2874 ἀσεϐεῖς
1062 2807 1202 2882 ἦσαν
1229 2813 1328 2884 μὲν
1349 2815 1489 2868 κατά
1515 2817 1691 2888 σάιρκα

108 2894 151 2944 οἱ
200 2893 312 2946 υἱοὶ
349 2894 619 2967 Ἀϐραὰμ,
655 2899 798 2952 κατὰ
836 2900 892 2953 δὲ
937 2902 1031 2955 τὸν
1060 2904 1280 2975 τρόπον,
1309 2907 1415 2960 υίοὶ
1445 2908 1690 2980 Σοδόμων

109 2987 194 3038 καὶ
216 2987 510 3059 Γομόρρας
527 3005 539 3018 ’
572 2990 652 3042 διὸ
678 2991 894 3061 λέγεται
931 2993 1068 3066 πρὸς
1100 2997 1294 3061 αὐτούς
1312 3015 1325 3029 ·
1356 3019 1374 3050 ι
1400 3001 1689 3056 Ἀκούσατε

107 3077 258 3146 λόγον
292 3079 519 3151 Κυρίου,
565 3081 823 3154 ἄρχοντες
877 3086 1143 3157 Σοδόμων,
1194 3091 1484 3161 προσέχετε
1530 3095 1689 3164 νόμον

109 3170 262 3236 Θεοῦ,
295 3171 425 3234 λαὸς
462 3174 774 3245 Γομόρρας·
814 3195 833 3228 ι
871 3177 944 3241 ὡς
977 3175 1042 3232 αὖ
1079 3181 1238 3234 πάλιν
1267 3183 1325 3250 ἐξ
1355 3177 1429 3237 ὧν
1460 3185 1689 3256 ήμελλεν

1794 1990 2022 2030 narrare
2061 1977 2213 2040 velit,
2251 1993 2540 2047 quemnam
2575 1979 2770 2034 merito
2798 1991 3007 2049 patrem
3043 1981 3368 2035 me‘mOrabit

1792 2068 1898 2122 nisi
1924 2069 2235 2122 carnalem?
2270 2067 2367 2122 Sin
2396 2085 2617 2124 rursum
2650 2071 2849 2141 aliquis
2877 2070 3030 2126 Pauli
3063 2073 3117 2124 in
3143 2072 3366 2127 Clu-isto

1793 2159 2132 2215 nativitatem
2161 2163 2447 2218 ostendere
2485 2163 2635 2232 velit,
2672 2164 2961 2231 cuiusnam
2995 2163 3179 2233 potius
3213 2179 3366 2218 men-

1793 2249 1994 2305 tionem
2027 2253 2270 2321 parentis
2303 2251 2485 2315 faciet,
2521 2267 2684 2322 quam
2713 2254 2832 2323 ejus
2859 2269 2889 2307 a
2920 2269 3030 2324 quo
3061 2253 3365 2309 secundum

1793 2340 1963 2398 Deum
2007 2352 2360 2414 regeneratus
2409 2346 2525 2401 est?
2554 2345 2647 2400 Sic
2677 2346 2990 2401 Abrahamo
3019 2361 3238 2417 quoque
3281 2347 3366 2401 di-

1793 2443 1940 2490 ctum
1959 2437 2115 2492 'l'uit:
2151 2458 2167 2488 ι
2198 2437 2279 2492 Tu
2327 2455 2455 2494 vero
2497 2439 2674 2494 abibis
2718 2440 2784 2493 ad
2833 2447 3016 2508 patres
3049 2448 3172 2495 tuos
3220 2439 3365 2494 bona

1793 2536 2075 2584 saturatus
2123 2539 2403 2585 senectute
2427 2531 2490 2582 ιθ.
2525 2550 2543 2582 ι
2575 2530 2680 2597 Qui
2714 2531 2961 2602 profecto
2995 2546 3176 2587 sermo
3217 2531 3365 2586 haud

1793 2636 2020 2676 carneos
2069 2629 2253 2692 patres
2287 2622 2650 2686 demonstrat,
2685 2624 2787 2680 nisi
2841 2624 2896 2678 bi
2937 2623 3080 2679 forte
3115 2623 3192 2694 pii
3227 2637 3366 2694 quo-

1793 2729 1898 2782 que
1931 2714 2465 2783 fuisse'credantur;
2521 2717 2616 2772 sed
2655 2717 2722 2772 de
2767 2718 3015 2786 patribus
3061 2717 3366 2772 secundum

1799 2805 1967 2860 Deum
2003 2807 2265 2876 loquitur,
2301 2818 2524 2880 propter
2550 2809 2768 2880 pietatis
2798 2808 3238 2863 similitudinem.
3271 2804 3365 2862 Sic

1791 2897 2086 2952 Abrahami
2109 2907 2296 2954 sontes
2321 2899 2437 2965 ﬁlii,
2469 2900 2634 2968 hujus
2657 2899 2874 2968 quidem
2899 2897 3203 2952 secundum
3238 2911 3364 2950 car-

1792 3003 1914 3042 nem
1971 2989 2065 3042 lilii
2111 2997 2298 3054 erant,
2353 2991 2599 3044 moribus
2622 2998 2802 3044 autem
2852 2987 3215 3042 Sodomorum
3264 2987 3366 3041 ﬁlii

1792 3088 1956 3150 atque
2007 3079 2342 3137 Gomorrhae.
2400 3081 2608 3136 Idcirco
2655 3081 2858 3136 dicitur
2911 3082 3067 3136 illis:
3115 3099 3133 3131 ι
3164 3080 3366 3135 Audite

1793 3187 2101 3227 sermonem
2125 3171 2337 3227 Domini
2371 3174 2646 3242 principes
2675 3170 3036 3228 Sodomorum
3058 3205 3075 3238 ,ι
3101 3171 3366 3228 attendite

109 3263 208 3314 υἱοὶ
260 3263 516 3334 Ἀδραάμ
567 3265 880 3333 γίγνεσθαιο
931 3270 982 3321 οἱ
1034 3270 1164 3338 γοῦν
1192 3271 1266 3336 ἐξ
1298 3273 1464 3327 ἐθνῶν
1497 3276 1575 3339 εἰς
1597 3277 1687 3330 τὸν

1794 3265 1894 3336 legi
1923 3264 2039 3329 Dei,
2075 3281 2109 3319 o
2131 3266 2328 3335 popule
2357 3264 2674 3320 Gomorrha:
2700 3266 2739 3296 ³⁷
2775 3284 2786 3318 z
2819 3284 2836 3316 ι
2877 3271 3136 3334 tanquam
3169 3265 3212 3319 si
3238 3279 3365 3317 rur-

107 3354 341 3423 Χριστὸν
379 3355 474 3409 τοῦ
509 3356 644 3409 Θεοῦ
675 3361 1113 3425 πεπιστευκότες,
1142 3363 1283 3416 κατά
1311 3366 1488 3431 σάρκα
1517 3368 1684 3420 πατέ-

109 3465 212 3516 ρων
264 3448 582 3519 ἀλλοφύλων
639 3449 853 3520 φύντες,
910 3454 1014 3506 υἱοὶ
1064 3456 1369 3528 γεγόναμεν
1414 3457 1683 3530 Ἀϐραὰμ,

108 3540 344 3610 Χριστοῦ
374 3542 657 3612 γενόμενοι
691 3544 879 3608 παῖδες
921 3547 1017 3599 καὶ
1063 3546 1173 3600 τῶν
1219 3549 1456 3618 Χριστοῦ
1510 3551 1685 3622 μαθη-

106 3633 211 3684 τῶν
232 3652 245 3664 ·
280 3633 424 3687 ὥστε
468 3635 563 3688 καὶ
601 3635 858 3707 δευτέραν
895 3639 1040 3708 ήμᾶς
1067 3640 1464 3710 ἐπιγράφεσθαι
1497 3641 1686 3708 γένους

108 3724 354 3795 διαδοχὴν
388 3725 523 3780 πολὺ
553 3726 837 3798 κρείττονα
862 3728 958 3799 τῆς
989 3729 1127 3783 κατά
1155 3731 1332 3800 σάρκα
1360 3731 1446 3785 διὰ
1467 3731 1572 3803 τὴν
1595 3751 1686 3787 κα.

108 3817 171 3869 τὰ
190 3817 429 3888 Χριστὸν
457 3819 832 3891 ἀναγέννησιν.

175 4103 235 4159 ε’.
279 4106 522 4170 Εἰκότως
544 4109 835 4180 τοιγαροῦν
867 4112 960 4166 καὶ
979 4112 1008 4165 ὁ
1038 4115 1271 4180 Λουκᾶς,
1308 4117 1403 4170 ἆτε
1434 4117 1530 4189 τὴν
1555 4119 1686 4182 ἀνα-

111 4196 361 4266 γέννησιν
387 4199 636 4268 ἱστορῶν,
675 4202 736 4254 οὐ
763 4202 858 4274 τὴν
891 4205 1057 4276 αὐτὴν
1088 4207 1258 4260 ὁδεύει
1291 4209 1369 4279 τῷ
1401 4210 1680 4279 Ματθαίῳ,

109 4288 165 4339 οὐ
193 4290 286 4342 τοῦ
321 4290 637 4363 Σολομῶνος
676 4294 770 4348 καὶ
815 4296 912 4366 τῆς
957 4297 1052 4350 τοῦ
1104 4300 1321 4371 Οὐρίου,
1355 4303 1416 4354 οὐ
1446 4302 1544 4373 τῆς
1573 4302 1682 4356 Θά-

112 4399 242 4453 μαρ,
279 4384 341 4435 ού
369 4384 468 4454 τῆς
506 4385 686 4449 Ῥούθ,
713 4388 774 4440 οὐ
799 4387 894 4442 τοῦ
946 4391 1189 4462 Ἰεχονίου
1218 4393 1313 4446 καὶ
1344 4395 1450 4448 τῶν
1482 4395 1685 4465 μεταξὺ

108 4476 548 4548 διαϐεϐλημένων
601 4480 811 4553 ἀνδρῶν
863 4482 963 4554 τὴν
1013 4485 1315 4557 παράθεσιν
1370 4490 1682 4560 πεποίηται,

1789 3373 1884 3411 sus
1925 3373 1992 3411 ex
2044 3357 2132 3412 bis
2173 3366 2358 3412 essent
2403 3357 2698 3410 Abrahami
2743 3355 2839 3409 lilii
2882 3356 3220 3425 proventuri.
3257 3355 3366 3422 Qui

1786 3447 1953 3518 igitur
1983 3463 2048 3500 ex
2087 3448 2340 3517 gentibus
2390 3447 2610 3502 Christo
2659 3445 2753 3499 Dei
2789 3445 3142 3508 credidimus,
3185 3459 3364 3514 quan-

1785 3555 1948 3610 quam
1978 3540 2289 3595 inﬁdclibus
2313 3539 2613 3595 secundum
2638 3554 2858 3593 carnem
2889 3537 3054 3608 geniti
3086 3538 3362 3608 patribus,

1787 3631 1843 3683 in
1871 3632 2166 3685 Abrahami
2214 3632 2433 3685 domum
2471 3631 2847 3700 migraviinus,
2895 3628 3103 3683 Christi
3134 3630 3366 3698 ejusque

1785 3723 2182 3792 discipulorum
2226 3725 2371 3776 nacti
2395 3723 2741 3792 adoptionem
2771 3741 2783 3776 :
2819 3729 2983 3790 atque
3012 3720 3085 3774 ita
3118 3721 3171 3774 in
3197 3721 3362 3774 aliam

1787 3823 2000 3869 nosmet
2043 3814 2428 3894 inscripsimus
2463 3814 2678 3886 generis
2725 3813 3160 3875 successionem,
3190 3813 3364 3867 multo

1785 3923 1986 3962 carnea
2050 3910 2347 3966 meliorem
2391 3915 2612 3978 propter
2669 3908 2725 3962 in
2794 3904 3018 3961 Christo
3074 3918 3363 3977 regenera-

1787 4001 2008 4056 tionem.

1857 4116 1909 4170 5.
1949 4116 2140 4170 Merito
2190 4115 2356 4185 igitur
2401 4113 2613 4177 Lucas,
2661 4129 2786 4169 cum
2831 4114 2900 4170 de
2947 4110 3363 4184 regenerationd

1788 4208 2049 4278 loquitur,
2102 4208 2246 4262 baud
2287 4208 2478 4262 eadem
2519 4222 2626 4276 qua
2671 4206 2956 4260 Mattbaeus
3005 4205 3202 4260 semita
3233 4217 3362 4272 per-

1789 4304 1866 4370 git
1897 4319 1908 4352 :
1945 4314 2138 4367 nempe
2163 4315 2270 4353 non
2303 4300 2634 4363 Salomonis,
2664 4315 2771 4353 non
2815 4297 3006 4351 uxoris
3053 4295 3215 4360 Uriae,
3249 4305 3361 4351 non

1789 4393 2092 4456 Tbamaraa,
2147 4409 2252 4446 non
2310 4392 2524 4452 Rutbae,
2580 4407 2685 4446 non
2738 4388 3034 4454 Jechoniaa,
3079 4400 3182 4442 nec
3225 4403 3362 4457 quo-

1788 4485 2227 4556 rumvislpraeter
2259 4485 2359 4537 bos
2411 4498 2627 4536 reorum
2674 4481 3005 4535 mentionem
3051 4481 3216 4548 facit;
3264 4480 3362 4536 sed

110 4568 241 4639 ἀλλά
271 4569 338 4622 δι’
381 4571 587 4642 ἐτέρων
616 4573 996 4645 ἀνεπιλήπτων
1031 4576 1225 4640 ἄνεισι,
1255 4581 1349 4632 καὶ
1388 4580 1451 4653 δὴ
1486 4582 1580 4634 καὶ
1621 4585 1684 4635 ὲκ

1794 4592 1886 4645 per
1925 4577 2064 4632 alios
2111 4575 2537 4645 reprehensione
2587 4582 2838 4628 carentes
2887 4570 3157 4642 graditur;
3203 4570 3364 4626 Chri-

109 4657 199 4711 τοῦ
237 4664 520 4733 προφήτου
567 4663 753 4716 Νάθαν
793 4666 1294 4738 ἀναγεγεννημένον
1324 4673 1559 4739 εἰσάγει·
1592 4673 1685 4726 καὶ

108 4753 134 4803 ὁ
167 4752 263 4823 μὲν
295 4754 450 4826 παρά
474 4754 551 4826 τῷ
573 4757 837 4829 Ματθαίῳ
871 4760 1012 4813 κατά
1047 4761 1227 4832 σάρκα
1267 4765 1683 4834 γεγεννημένος,

110 4845 218 4908 υἱὸς
259 4841 328 4918 ἦν
373 4847 620 4920 Ἀϐραάμ
653 4849 900 4904 ἐντεῦθεν
933 4852 1438 4921 γενεαλογούμενος,
1471 4855 1687 4924 ἐπειδή-

111 4955 212 5010 περ
239 4939 315 5010 τῷ
358 4940 610 5013 Ἀϐραάμ
639 4941 838 5014 πρώτῳ
871 4945 904 5014 ἡ
936 4944 1235 5013 ἐπαγγελία
1256 4946 1434 4999 δέδοτο
1458 4946 1558 5016 τῆς
1577 4947 1689 5000 τῶν

111 5030 273 5085 ἐθνῶν
305 5033 575 5102 εὐλογίας,
601 5034 701 5087 οὐκ
733 5035 908 5099 ἄλλως
953 5036 985 5107 ἤ
1032 5036 1121 5090 διὰ
1151 5037 1244 5090 τοῦ
1276 5041 1338 5090 ἐκ
1372 5039 1686 5109 σπέρματος

111 5123 270 5178 αὐτοῦ
302 5125 767 5196 προελευσομένου
794 5127 1162 5200 γενησομένης
1178 5147 1190 5158 ·
1210 5131 1237 5182 ὀ
1261 5129 1316 5182 δὲ
1337 5130 1394 5182 ἐν
1414 5128 1531 5200 Θεῴ
1551 5129 1685 5181 ἀνα-

111 5219 521 5289 γεγεννημένος,
553 5217 771 5290 ἐτέρους
805 5221 1041 5293 πατέρας
1082 5223 1206 5286 τοὺς
1240 5221 1376 5275 κατά
1405 5221 1536 5275 Θεὸν
1568 5223 1686 5275 ἐπι-

112 5311 479 5382 γραψάμενος,
515 5312 624 5364 οὐδ’
658 5314 854 5376 αὐτοὺς
901 5314 1117 5386 ἀληθῶς
1166 5314 1432 5386 ἐσχηκὼς,
1464 5315 1577 5368 ἀλλ’
1612 5315 1687 5380 ὡς

115 5403 386 5474 ἐνομίζετο
428 5403 518 5457 διά
567 5405 666 5474 τὴν
712 5405 820 5458 τῶν
862 5405 1010 5476 ἠθῶν
1041 5407 1445 5480 ὁμοιοτροπίαν,
1481 5408 1690 5462 ἄνεισιν

117 5495 206 5548 ἐπὶ
245 5495 335 5550 τὸν
380 5496 554 5568 ἀληθῆ
599 5497 848 5569 πατέρα,
899 5498 1036 5568 μετά
1082 5500 1291 5565 πάντας
1342 5501 1686 5574 χρηματίσας

120 5594 239 5660 Υἱὸς
267 5596 363 5651 τοῦ
393 5597 552 5651 Θεοῦ.

186 5751 230 5784 ¹⁶
267 5749 404 5809 Gen.
441 5770 534 5817 xv,
570 5753 658 5811 17.
739 5755 779 5785 ίτ
823 5753 925 5809 lsa.
964 5769 1014 5821 ι,
1052 5755 1140 5810 10.

1791 4679 2045 4739 stumque
2079 4684 2107 4721 a
2140 4669 2401 4738 propheta
2433 4665 2683 4722 Natbano
2713 4665 3060 4736 progenitum
3099 4663 3318 4717 exhibet
3344 4704 3358 4718 .

1792 4766 1865 4818 ita
1899 4772 1957 4816 ut
1988 4764 2079 4834 qui
2106 4763 2248 4833 apud
2273 4760 2584 4814 Mattlueum
2613 4759 2912 4814 carnaliter
2931 4757 3194 4828 gignitur,
3218 4755 3361 4810 idem

1790 4855 1934 4926 apud
1959 4855 2163 4909 Lucam
2208 4855 2375 4911 veluti
2409 4851 2702 4906 Abrabami
2734 4851 2878 4906 ﬁlius
2912 4857 3168 4919 ponatur.
3201 4848 3363 4903 Certe
3410 4900 3416 4920 ι.

1791 4950 2102 5004 Abrahamo
2135 4947 2280 5002 baud
2315 4948 2472 5000 aliter
2491 4945 2800 5002 benedictio
2821 4943 3060 5015 gentium
3089 4942 3362 5012 promissa

1793 5040 1916 5103 fuit,
1960 5057 2122 5111 quam
2158 5039 2303 5107 quod
2337 5055 2399 5093 ea
2431 5039 2613 5092 futura
2655 5044 2774 5091 erat
2815 5037 2886 5090 ob
2927 5032 3254 5105 gignendum
3294 5030 3365 5087 de

1791 5147 1989 5202 genere
2020 5133 2158 5200 ejus.
2194 5135 2370 5202 Atque
2405 5131 2493 5184 hic
2519 5138 2623 5194 est,
2646 5129 2736 5197 qui
2773 5128 2826 5181 in
2855 5125 2963 5180 Dco
2984 5131 3358 5195 regeneratus,

1792 5233 1955 5294 atque
1986 5224 2124 5279 alios
2165 5232 2345 5293 patres
2382 5222 2683 5278 secundum
2722 5218 2888 5274 Deum
2930 5225 3148 5278 nactus,
3181 5231 3240 5271 re
3281 5225 3365 5269 ta-

1791 5334 1914 5373 men
1951 5333 2078 5372 vera
2117 5317 2264 5371 haud
2309 5317 2458 5385 ipsos
2495 5314 2657 5368 habet
2685 5321 2892 5382 patres,
2942 5310 3037 5366 sed
3068 5308 3142 5362 ita
3174 5306 3365 5364 crede-

1790 5411 1952 5465 batur
1983 5417 2205 5480 propter
2240 5423 2452 5462 morum
2483 5404 2900 5461 similitudinem
2940 5420 2953 5455 :
2982 5417 3089 5470 qua
3113 5400 3366 5454 videlicet

1790 5503 1856 5556 ad
1905 5509 2184 5572 parentem
2239 5514 2427 5554 verum
2452 5495 2776 5554 conscendit
2821 5500 2946 5568 post
2984 5505 3176 5548 omnes
3216 5491 3366 5548 exsi-

1792 5605 1943 5653 steus
1973 5593 2146 5650 Filius
2174 5592 2289 5650 Dei.
