3938 6536
215 450 313 505 901

780 448 944 516 ρυλε
953 448 1242 507 STIONES
1278 451 1735 510 EVANGELICIE

1907 453 2347 513 STEPHANUM.
2388 487 2459 498 -—
2496 455 2825 523 QUAZSTIO

3375 459 3480 515 902

213 568 340 631 θαν,
384 567 750 622 ἀναστάσεσιν
792 568 1035 624 ἀτέκνων
1077 572 1173 625 καὶ
1216 572 1665 646 δευτερογαμίαις
1702 592 1770 629 κα

1899 575 2092 645 legem.
2118 574 2546 645 Implicahantur
2572 578 2718 632 enim
2750 578 2891 632 inter
2915 591 2974 633 se
3006 590 3205 649 genera
3239 575 3481 631 Salomo-

210 659 504 715 ἀναστάσει
525 660 857 731 σπερμάτων
879 678 894 691 ·
923 662 1000 725 ὡς
1014 662 1235 727 δικαίως
1259 665 1385 728 τοὺς
1400 665 1597 730 αὐτοὺς
1611 666 1800 720 ἄλλοτε

208 751 381 806 ἄλλων
408 750 726 821 νομίζεσθαι
750 768 764 781 ο
792 751 902 805 τῶν
939 754 1037 823 μὲν
1060 754 1359 809 δοκούντων
1389 757 1668 827 πατέρων,
1689 757 1800 812 τῶν

206 842 261 895 δὲ
283 842 647 912 ὑπαρχόντων
666 859 680 872 ’
707 843 802 895 καὶ
822 844 1136 916 ἀμφοτέρας
1151 843 1250 909 τὰς
1286 846 1561 918 διηγήσεις
1595 850 1799 920 κυρίως

206 932 430 1002 ἀληθεῖς
462 930 626 996 οὔσας
652 934 746 987 ἐπὶ
778 934 869 988 τὸν
906 936 1104 1007 Ἰωσὴφ
1131 937 1486 1002 πολυπλόκως
1518 940 1636 1010 μὲν,
1683 941 1798 995 ἀλλ’

202 1023 452 1095 ἀκριϐῶς
485 1024 785 1079 κατελθεῖν.
812 1026 929 1081 Ἷνα
951 1026 1007 1079 δὲ
1036 1029 1204 1097 σαφὲς
1294 1029 1353 1082 τὸ
1371 1030 1679 1101 λεγόμενον,
1698 1032 1798 1104 τὴν

203 1116 521 1191 ἐπαλλαγὴν
551 1117 660 1170 τῶν
691 1117 866 1188 γενῶν
893 1118 1227 1191 διηγήσομαι
1254 1121 1391 1192 (15).
1426 1123 1492 1174 Ἣ
1526 1123 1668 1176 κατὰ
1696 1124 1797 1193 φύ-

202 1224 288 1261 σιν
309 1208 527 1276 γένεσις
552 1208 672 1263 ἐστι
720 1210 998 1265 Ματθαίου
1024 1228 1038 1241 ο
1069 1214 1102 1280 ἡ
1135 1212 1277 1265 κατά
1308 1213 1471 1284 νόμον
1494 1215 1797 1281 ’ἀνάστασις

200 1300 415 1368 γένους.
446 1300 593 1355 ἔστιν
624 1305 657 1374 ἡ
691 1302 785 1356 τοῦ
829 1305 1039 1357 Λουκᾶ’
1072 1304 1300 1359 Ματθάν
1338 1308 1367 1360 6
1399 1306 1511 1359 ἀπὸ
1543 1307 1795 1377 Σολομῶ-

197 1410 310 1456 νος,
327 1393 587 1465 ἐγέννησε
606 1395 698 1448 τὸν
713 1394 907 1449 Ἰακώϐ
922 1414 935 1427 ·
960 1395 1187 1450 Ματθάν
1207 1397 1592 1464 ἀποθανόντος,
1616 1400 1795 1472 Μελχὶ

195 1487 226 1537 6
274 1486 388 1539 ἀπὸ
429 1487 616 1541 Νάθαν
658 1489 722 1541 ὲκ
751 1489 851 1560 τῆς
889 1489 1059 1560 αὐτῆς
1108 1490 1367 1558 γυναικὸς
1416 1491 1671 1563 ἐγέννησε
1702 1492 1794 1548 τὸν

207 1577 329 1631 Ἥλί
349 1594 364 1606 ·
415 1579 743 1651 ὁμομήτριοι
798 1582 908 1652 ἄρα
953 1580 1197 1650 ἀδελφοὶ,
1241 1582 1362 1637 Ἠλὶ
1413 1583 1508 1638 καὶ
1564 1584 1755 1638 Ἰακώϐ
1774 1602 1789 1616 ο

207 1671 329 1724 Ἠλὶ
350 1671 582 1726 ἀτέκνου
611 1672 996 1738 ἀποθανόντος,
1024 1676 1053 1728 6
1090 1672 1282 1728 Ἰακὼϐ
1317 1675 1612 1748 ἀνέστησεν
1644 1675 1791 1748 αὑτῷ

196 1760 426 1832 σπέρμα
450 1802 466 1825 ,
524 1762 795 1834 γεννήσας
842 1762 933 1816 τὸν
1003 1763 1226 1834 Ἰωσὴφ,
1289 1764 1431 1819 κατὰ
1479 1766 1638 1835 φύσιν
1693 1769 1790 1839 μὲν

196 1851 402 1923 ἑαυτῷ,
451 1853 597 1906 κατά
625 1853 790 1924 νόμον
839 1854 897 1908 δὲ
945 1854 1025 1926 τῷ
1067 1856 1215 1909 Ἥλί·
1246 1856 1420 1921 οὓτως
1464 1859 1788 1933 ἀμφοτέρων

192 1941 311 2006 νεὸς
348 1943 550 2015 Ἰωσήφ
584 1942 716 2015 (i4)-

875 2156 881 2161 '
950 2140 1024 2196 E'.

192 2254 299 2308 Διὰ
344 2254 407 2307 τί
430 2255 484 2323 νδ
529 2252 829 2323 Ματθαῖος
873 2252 980 2305 τοῦ
1041 2252 1287 2323 Ἀϐραὰμ
1317 2253 1628 2322 προτάττει
1657 2252 1780 2306 ’τὸν

265 2322 448 2377 Δαϐὶδ
467 2323 540 2377 ἐν
580 2322 659 2395 τῇ
684 2322 791 2377 τοῦ
842 2323 1103 2395 Χριστοῦ
1145 2322 1773 2395 mgagoyzgpﬁwq.

260 2396 481 2459 Βίϐλος
527 2393 817 2463 γενέσεως
862 2393 1057 2461 Ἰησοῦ
1100 2393 1378 2463 Χριστοῦ,
1404 2393 1540 2449 ὺίοῦ
1578 2394 1774 2458 Δαϐὶδ,

264 2464 406 2519 υἱοῦ
462 2462 728 2531 Ἀϐραάμ.

261 2576 333 2629 α’.
368 2575 588 2647 Ἐπειδὴ
619 2573 820 2646 πρώτῳ
850 2575 944 2629 καὶ
971 2576 1118 2647 μόνῳ
1146 2575 1224 2648 τῷ
1260 2576 1425 2631 Δαϐιδ
1458 2576 1576 2648 μεθ’
1614 2578 1776 2648 ὅρκου

189 2667 649 2733 διαϐεϐαιώσεως,
691 2668 750 2736 ἐξ
803 2669 971 2723 αὑτοῦ
1010 2670 1152 2725 κατά
1190 2670 1370 2743 σάρκα
1401 2670 1563 2741 φῦναι
1589 2673 1618 2724 6
1646 2672 1779 2743 Χρι-

190 2760 319 2824 στὸς
342 2758 665 2823 ὲθεσπίζετο
689 2776 703 2789 ο
740 2759 1052 2831 γέγραπται
1085 2758 1207 2816 οὖν’
1247 2781 1264 2813 ι
1316 2763 1409 2815 Ἐκ
1445 2761 1658 2834 καρποῦ
1680 2765 1777 2834 τῆς

183 2852 401 2915 κοιλίας
460 2867 555 2904 σου
620 2850 854 2922 θήσομαι
916 2852 1008 2905 ἐπὶ
1056 2853 1150 2907 τὸν
1211 2853 1399 2926 θρόνον
1438 2871 1552 2907 σου.
1605 2872 1624 2906 ι
1665 2853 1777 2906 Καὶ

184 2944 395 2998 πάλιν·
449 2960 468 2992 ι
509 2940 775 3012 Διεθέμην
832 2943 1096 3015 διαθήκην
1147 2946 1261 3009 τοῖς
1310 2944 1583 3007 ἐκλεκτοῖς
1638 2961 1773 3016 μου⁶

184 3035 384 3106 ὤμοσα
435 3038 600 3092 Δαϐὶδ
648 3039 726 3110 τῷ
762 3037 933 3108 δούλῳ
990 3053 1124 3108 μου·
1156 3036 1262 3101 ἓως
1292 3036 1386 3090 τοῦ
1426 3037 1618 3099 αἰῶνες
1641 3038 1777 3090 ἐτοι-

188 3126 352 3196 μᾶσω
378 3126 440 3180 τὸ
480 3129 701 3200 σπέρμα
735 3146 852 3193 σου,
879 3128 969 3182 καὶ
1001 3128 1342 3199 οἰκοδομήσω
1362 3128 1443 3191 είς
1470 3128 1663 3197 γενεὰν
1684 3128 1775 3181 καὶ

181 3220 383 3288 γενεὰν
419 3220 512 3273 τὸν
539 3219 730 3292 θρόνον
777 3237 894 3274 σου.
929 3239 947 3271 ι
971 3219 1081 3273 Καὶ
1104 3218 1173 3273 τὰ
1202 3219 1302 3290 μὲν
1328 3220 1425 3290 τῆς
1446 3220 1774 3288 ἐπαγγελίας

1902 665 2085 720 nicum
2121 676 2175 721 et
2208 665 2571 723 Nathanicum
2625 667 3066 739 reparationibus
3113 668 3379 725 sterilium
3423 674 3481 724 et

1901 757 2158 813 secundis
2196 758 2405 829 nuptiis
2436 768 2490 815 et
2523 760 2792 816 seminum
2831 760 3191 815 suscitatione
3243 774 3259 811 :
3307 758 3381 814 ita
3415 766 3475 814 ut

1901 847 2098 903 merito
2125 848 2288 905 iidem
2321 849 2571 906 homines
2599 852 2737 907 alias
2766 851 2888 907 aliis
2910 853 3158 922 patrihus
3187 853 3472 909 ascriban-

1903 946 2012 1002 tur,
2048 954 2244 1008 nempe
2271 945 2325 995 et
2347 940 2415 996 iis
2447 942 2538 1012 qui
2568 943 2772 1012 specie,
2800 950 2854 997 et
2884 958 3078 1000 rursus
3114 942 3183 999 iis
3217 945 3312 1014 qui
3343 958 3469 1000 rea-

1910 1045 2010 1099 pse
2030 1033 2304 1101 genitores
2328 1041 2457 1087 sunt
2487 1052 2500 1087 :
2538 1042 2700 1104 atque
2725 1035 2898 1089 ambae
2923 1035 3268 1091 narrationes
3290 1035 3473 1106 appri-

1897 1134 1985 1174 me
2014 1134 2160 1175 vera:
2204 1120 2272 1174 ad
2332 1119 2629 1191 Josephum
2666 1124 2816 1178 varie
2866 1124 3083 1194 quidem
3143 1125 3239 1180 sed
3295 1140 3475 1183 tamen

1897 1210 1963 1261 ad
2005 1210 2266 1265 amussim
2299 1212 2610 1267 deveniant.
2638 1212 2709 1267 Ut
2742 1222 2920 1269 autem
2944 1214 3089 1285 quod
3131 1216 3221 1270 aio
3265 1222 3473 1287 perspi-

1900 1313 2065 1355 cuum
2096 1301 2209 1367 ﬁat,
2235 1305 2688 1372 permutationem
2713 1321 2977 1375 generum
3000 1306 3341 1376 patefaciam.
3367 1306 3474 1363 Ge-

1894 1393 2110 1447 neratio
2138 1394 2406 1448 naturalis
2435 1403 2520 1449 est
2544 1395 2637 1448 illa
2673 1395 2910 1450 Matthxi
2946 1414 2960 1453 :
2990 1398 3207 1466 generis
3236 1400 3473 1454 suscita-

1893 1483 1971 1537 tio
2002 1484 2193 1555 legalis
2213 1492 2296 1540 est
2322 1486 2413 1540 illa
2435 1485 2613 1541 Lucae.
2640 1486 2951 1543 Matthanus
2971 1487 3259 1543 Salomone
3282 1491 3470 1544 oriun-

1892 1574 1995 1631 dus
2054 1581 2242 1647 genuit
2300 1576 2586 1633 Iacobum.
2631 1578 2910 1634 Matthano
2950 1579 3228 1645 defuncto,
3273 1581 3467 1638 Melehi

1890 1666 2141 1721 Nathano
2173 1668 2462 1733 oriundus,
2491 1683 2522 1723 e
2554 1668 2815 1724 Matthani
2856 1686 3026 1726 uxore
3069 1669 3242 1725 Helim
3277 1688 3467 1729 susce-

1890 1759 1989 1829 pit.
2032 1757 2201 1829 lgitur
2239 1760 2441 1813 uterini
2498 1759 2694 1817 fratres
2753 1760 2873 1817 Heli
2934 1770 2989 1818 et
3033 1761 3294 1818 Iacobus.
3343 1763 3465 1821 Ηριξ

1888 1848 2106 1895 mortuo
2139 1842 2259 1896 sine
2303 1843 2511 1907 liberis,
2542 1841 2782 1900 Jacobus
2830 1847 3091 1901 excitavit
3122 1846 3173 1900 ei
3221 1849 3464 1906 sobolem

1798 1937 1847 1996 Β
1874 1934 2057 2004 genito
2079 1933 2338 2005 Josepho,
2361 1952 2463 1991 suo
2491 1937 2820 1993 naturaliter
2847 1937 2978 2005 ﬁlio,
3010 1955 3077 1994 ex
3103 1940 3241 2010 legis
3274 1950 3465 1998 autem

1881 2023 2057 2080 forma
2084 2025 2204 2082 Heli
2240 2028 2368 2083 lilio.
2404 2027 2496 2083 Sic
2524 2028 2812 2100 utriusque
2841 2029 2984 2089 ﬁlihs
3012 2029 3311 2102 Iosephus.

2635 2140 2701 2197 ν.

1880 2253 2319 2329 Curjlattlurus
2371 2266 2494 2312 ante
2531 2258 2898 2329 Abrahamum
2927 2270 3087 2329 ponat
3118 2260 3368 2316 Davidem
3405 2263 3461 2317 in

1949 2324 2147 2400 Qﬁristi
2176 2329 2477 2400 genealogia
2504 2328 2680 2383 dicens
2711 2345 2729 2382 :
2756 2324 2937 2383 Liber'
2955 2333 3305 2400 generationis
3331 2331 3461 2387 Iesu

1950 2394 2298 2467 Christi,vﬁlii
2323 2394 2566 2464 deidis,
2598 2400 2700 2469 ﬁlii
2723 2394 3037 2455 Abrahami.

1951 2572 2002 2627 1.
2035 2571 2133 2629 Rei
2169 2587 2337 2630 causa
2360 2581 2443 2630 est
2470 2574 2598 2644 quia
2635 2574 2813 2645 primo
2842 2573 3054 2645 solique
3084 2573 3276 2630 Davidi
3316 2575 3461 2630 vati-

1878 2664 2082 2719 cinium
2131 2664 2491 2735 jurejurando
2532 2666 2914 2720 conﬁrmatum
2954 2667 3077 2730 fuit,
3127 2666 3241 2722 fore
3282 2676 3340 2722 ut
3389 2682 3458 2722 ex

1878 2770 1944 2811 eo
1983 2754 2237 2812 Christus
2287 2758 2606 2813 humanitus
2660 2765 3001 2814 nasceretur.
3049 2756 3325 2829 Scriptum
3370 2768 3457 2814 est

1877 2848 2022 2901 enim
2063 2864 2078 2901 :
2112 2866 2132 2899 ι
2166 2847 2242 2903 De
2279 2848 2457 2903 fructu
2488 2849 2696 2905 ventris
2727 2850 2805 2903 tui
2848 2865 3046 2919 ponam
3079 2866 3245 2920 super
3273 2850 3456 2906 sedem

1877 2947 2028 2992 tuam
2072 2940 2137 2996 ³⁸.
2179 2959 2198 2991 ι
2237 2938 2601 3012 Rursusque:
2636 2959 2656 2993 ι
2705 2939 2877 2995 Posui
2918 2949 3299 2997 testamentum
3346 2941 3458 2996 ele—

1877 3031 1981 3085 ctis
2021 3032 2189 3099 meis;
2211 3033 2392 3101 juravi
2417 3031 2605 3086 Davidi
2634 3047 2793 3087 servo
2824 3047 2966 3097 meo,
3007 3048 3183 3103 usque
3208 3038 3266 3088 in
3296 3039 3458 3089 aeter-

1875 3138 2004 3178 num
2042 3126 2358 3196 praeparaho
2385 3140 2570 3180 semen
2605 3131 2789 3192 tuum;
2819 3133 2873 3179 et
2901 3119 3181 3181 aediﬁcabo
3204 3126 3260 3180 in
3288 3141 3453 3195 gene-

1875 3213 2143 3269 rationem
2171 3222 2225 3269 et
2255 3215 2664 3285 generationem
2708 3215 2894 3269 sedem
2930 3224 3080 3270 tuam
3116 3216 3178 3270 ".
3230 3235 3249 3269 ι
3276 3216 3453 3288 Atque

178 3308 277 3362 τοῦ
313 3289 815 3380 προφητεύομένου,
866 3307 1090 3362 τοιαῦτα
1118 3303 1219 3380 ἦν’
1255 3308 1348 3362 τοῦ
1382 3289 1439 3361 δὲ
1466 3309 1770 3380 Σολομῶνος

1877 3303 1960 3358 ha:
1981 3312 2108 3358 sunt
2130 3303 2198 3359 de
2225 3305 2483 3375 praedicto
2513 3306 2925 3375 promissiones.
2954 3305 3125 3377 Regni
3151 3316 3330 3365 autem
3358 3309 3454 3366 Sa-

180 3400 283 3469 τῆς
326 3399 606 3469 βασιλείας
643 3401 744 3455 οὐκ
785 3399 978 3470 ἄδηλος
1009 3400 1038 3452 6
1069 3400 1294 3471 χρόνος·
1335 3399 1552 3469 λέγεται
1594 3401 1651 3454 δὲ
1682 3397 1775 3455 οὗν

179 3491 277 3542 ἐπὶ
300 3491 488 3559 μόνοις
539 3491 685 3545 ἔτεσι
737 3492 1146 3563 τεσσαράκοντα
1190 3490 1506 3562 βασιλεῦσαι
1552 3492 1643 3544 ἐπὶ
1685 3492 1775 3546 τὸν

193 3579 447 3650 Ἰσραήλο
503 3580 620 3644 πῶς
662 3577 756 3634 οὖν
780 3582 976 3650 γένοιτ’
1008 3581 1075 3635 ἂν
1102 3580 1303 3653 ἀληθὲς
1328 3583 1408 3646 είς
1441 3581 1603 3635 αὑτὸν
1640 3583 1773 3636 ἀνα-

179 3672 515 3744 φερόμενον·
582 3692 601 3724 ι
656 3674 973 3746 Ἀνορθώσω
1035 3674 1128 3727 τὸν
1202 3674 1390 3744 θρόνον
1465 3672 1629 3728 αὐτοῦ
1694 3677 1773 3739 είς

176 3765 271 3817 τὸν
302 3762 513 3829 αἰῶνα;
554 3782 574 3816 ›
621 3764 761 3817 Ἀλλ’
794 3765 844 3817 εἰ
877 3764 1022 3833 λέγοι
1059 3782 1144 3829 τις
1171 3765 1298 3837 περὶ
1351 3764 1449 3836 τῆς
1496 3764 1556 3831 ἐξ
1604 3764 1767 3818 αὑτοῦ

179 3856 437 3927 διαδοχῆς
491 3857 743 3929 εἰρῆσθαι
804 3858 1011 3923 ταῦτα,
1051 3859 1152 3913 οὐκ
1199 3857 1487 3929 ἀγνοητέον
1546 3858 1627 3912 ὅτι
1671 3857 1766 3929 μέ·-

174 3965 299 4019 χρις
360 3947 610 4018 Ἰεχονίου
672 3948 766 4001 καὶ
822 3948 920 4019 τῆς
973 3949 1054 4011 είς
1121 3947 1418 4002 Βαϐυλῶνα
1480 3947 1761 4019 αἰχμαλω-

177 4039 322 4103 σίας,
361 4040 457 4093 καὶ
502 4041 536 4110 ἡ
570 4039 679 4093 ἀπὸ
727 4039 892 4093 Δαϐὶδ
934 4042 1028 4093 καὶ
1071 4039 1385 4110 Σολομῶνος
1419 4039 1633 4111 διαδοχὴ
1667 4040 1765 4112 τῆς

176 4131 459 4200 βασιλείας
487 4129 771 4202 διήρκησε,
807 4130 1034 4201 μηδενὸς
1067 4132 1205 4202 μετὰ
1239 4132 1330 4185 τὸν
1374 4133 1632 4203 Ἰεχονίαν
1670 4135 1763 4188 ἐπὶ

172 4220 264 4272 τὸν
291 4220 484 4291 θρόνον
526 4219 621 4273 τοῦ
672 4219 836 4272 Δαϐὶδ
890 4222 1277 4287 καταστάντος.
1311 4222 1421 4277 Θέα
1458 4223 1517 4277 δὲ
1563 4224 1640 4286 ὼς
1671 4226 1763 4277 καὶ

171 4312 331 4366 τοῦτο
349 4312 740 4384 προσέθηκενή
770 4314 1073 4385 προφητεία
1096 4314 1227 4386 περὶ
1251 4315 1343 4369 τοῦ
1367 4314 1758 4388 θεσπιξομένου

172 4407 401 4476 φήσασα
421 4421 435 4435 ’
477 4423 496 4456 ι
539 4404 681 4474 Ἐγὼ
706 4404 899 4476 ἔσομαι
927 4404 1076 4476 αὐτῷ
1102 4407 1186 4469 εἰς
1208 4406 1418 4480 πατέρα
1440 4423 1456 4438 ·
1490 4408 1581 4463 καὶ⁹
1600 4408 1760 4472 αὐτὸς

171 4499 325 4552 ἔσται
378 4514 470 4569 μοι
512 4499 591 4561 είς
631 4497 765 4551 υἱόν.
805 4516 824 4548 ι
856 4497 966 4563 Καὶ
992 4498 1051 4550 ὲν
1088 4499 1258 4570 ἑτέρῳ
1291 4500 1453 4553 πάλιν
1475 4517 1488 4530 ’
1531 4519 1550 4551 ι
1586 4500 1757 4566 Αὐτὸς

168 4589 553 4644 ὲπικαλέσεταί
595 4605 683 4660 με·
726 4588 916 4661 Πατήρ
953 4605 1054 4661 μου
1079 4585 1131 4642 εἴ
1161 4589 1224 4642 σύ
1247 4606 1262 4621 ·
1295 4590 1450 4659 κάγὼ
1482 4592 1753 4663 πρωτότο-
1784 4636 1829 4690 D

167 4698 262 4735 κον
314 4681 550 4753 θήσομαι
581 4680 773 4733 αὐτόν’
814 4699 833 4731 ι
862 4680 1000 4751 ὅπερ
1033 4679 1298 4733 ἀνοίκειον
1339 4679 1534 4749 γένοιτ’
1560 4679 1627 4735 ἂν
1658 4681 1755 4733 Σο-

166 4773 396 4845 λομῶνι.

237 4864 304 4935 β’.
338 4863 680 4938 Παραθετέον
699 4864 757 4918 δὲ
782 4865 851 4919 τὰ
871 4865 996 4938 περὶ
1011 4865 1174 4920 αὐτοῦ
1195 4867 1252 4921 ὲν
1268 4867 1575 4932 Βασιλείαις
1605 4868 1749 4923 ἕστο-

165 4958 409 5030 ρούμενα
437 4959 496 5012 ὲν
528 4956 769 5021 τούτοις
816 4977 835 5009 ι
878 4959 989 5013 Καὶ
1033 4961 1062 5012 6
1098 4959 1349 5030 βασιλεὺς
1396 4960 1646 5031 Σολομῶν
1679 4958 1747 5033 ἦν

162 5051 462 5122 φιλογύνης
487 5068 500 5082 ·
542 5051 636 5105 καλ⁹
670 5050 829 5104 ἔλαϐε
868 5054 1132 5120 γυναῖκας
1177 5051 1465 5123 ἀλλοτρίας
1509 5051 1707 5117 πολλάς
1731 5067 1746 5081 ⁶

159 5144 253 5198 καὶ
284 5143 385 5215 τήν
419 5142 693 5215 θυγατέρα
730 5142 948 5215 Φαραὼ,
981 5144 1351 5207 Μωαϐίτιδας,
1391 5145 1486 5197 καὶ
1525 5145 1740 5214 Ἀμμα-

159 5235 382 5303 νίτιδας,
412 5236 508 5290 καὶ
549 5236 871 5308 Ἰδουμαίας,
892 5236 1395 5309 Σύρας,Χε⁸τταία;,
1427 5238 1520 5290 καὶ
1548 5237 1744 5308 Ἀμορ-

1879 3393 2133 3447 lomonici
2169 3394 2403 3463 spatium
2430 3409 2540 3448 non
2573 3402 2658 3449 est
2694 3396 2990 3451 obscurum
3024 3397 3262 3452 :dicitur
3300 3400 3449 3453 enim

1876 3484 2237 3556 quadraginta
2276 3487 2656 3540 tantummodo
2687 3487 2847 3542 annis
2905 3488 3123 3543 lsraelis
3166 3499 3479 3560 sceptrum-

1876 3576 2137 3631 tenuisse.
2167 3576 2269 3643 Qui
2292 3590 2422 3648 ergo
2447 3577 2561 3633 ﬁeri
2591 3586 2770 3649 potest
2802 3588 3007 3635 utvere
3036 3580 3104 3635 ad
3124 3582 3267 3636 hunc
3305 3582 3450 3640 refe-

1872 3675 2067 3722 rantur
2111 3668 2321 3723 verba:
2361 3690 2377 3720 ι
2435 3668 2655 3739 Erigam
2703 3670 2961 3726 thronum
3009 3671 3131 3742 ejus
3188 3673 3243 3727 in
3286 3682 3447 3730 aeter-

1870 3775 2002 3814 num
2029 3759 2116 3813 '°?
2152 3780 2171 3812 ι
2201 3759 2354 3826 Quod
2388 3761 2432 3816 si
2465 3760 2591 3831 quis
2635 3761 2801 3825 dica't,
2840 3763 2955 3818 haec
3013 3763 3081 3819 de
3115 3765 3261 3837 regia
3296 3766 3444 3823 illius

1871 3851 2221 3908 successione
2246 3851 2417 3907 Deum
2461 3869 2585 3909 esse
2613 3854 2885 3921 locutum;
2921 3871 3032 3911 non
3068 3864 3153 3912 est
3185 3858 3442 3929 ignoran-

1867 3943 2019 4007 dum,
2053 3959 2227 4013 usque
2258 3945 2635 4000 tantummodo
2662 3944 2730 3999 ad
2769 3944 3085 4001 Jechoniam
3110 3955 3165 4003 et
3205 3946 3440 4020 Babylo-

1865 4034 2046 4089 nicam
2076 4034 2466 4106 captivitatem,
2515 4035 2756 4091 Davidici
2804 4050 2868 4092 ac
2917 4036 3249 4093 Salomonici
3281 4039 3436 4111 regni

1865 4128 2271 4183 successionem
2318 4129 2777 4199 perseveravisse,
2812 4128 3029 4185 nemine
3074 4138 3197 4200 post
3237 4128 3433 4186 Jechoc

1863 4221 2007 4275 niam
2048 4220 2103 4275 in
2143 4212 2291 4289 regia
2324 4220 2541 4277 Davidis
2585 4222 2714 4278 sede
2744 4223 3067 4277 constituto.
3091 4222 3156 4277 Et
3186 4225 3434 4279 animad-

1860 4323 2009 4368 verte
2029 4314 2106 4368 uti
2132 4314 2234 4369 hoc
2256 4315 2418 4369 etiam
2443 4313 2711 4369 addiderit
2737 4314 3023 4384 pr0phetia
3057 4313 3123 4371 de
3159 4316 3432 4385 promisso

1861 4402 2102 4472 germine
2137 4402 2325 4456 dicens
2355 4421 2368 4457 :
2404 4422 2422 4454 ι
2461 4401 2574 4473 Ego
2599 4418 2694 4458 ero
2725 4403 2800 4458 illi
2841 4404 2897 4458 in
2937 4410 3181 4473 patrem;
3227 4413 3281 4460 et
3315 4405 3431 4476 ipse

1857 4492 1963 4547 erit
1987 4493 2118 4547 mihi
2154 4493 2210 4547 in
2243 4493 2412 4547 ﬁlium
2442 4494 2507 4550 “.
2544 4513 2563 4545 ι
2597 4492 2919 4564 Rursusque
2944 4494 3072 4549 alibi
3101 4512 3117 4550 :
3156 4512 3174 4546 ι
3202 4495 3323 4566 Ipse
3347 4497 3429 4551 in—

1857 4583 2073 4637 vocabit
2102 4598 2208 4647 me,
2231 4582 2393 4636 Pater
2413 4597 2566 4638 meus
2589 4598 2649 4639 es
2681 4591 2772 4650 tu;
2795 4589 2851 4636 et
2877 4598 2977 4654 ego
3006 4583 3426 4655 primogenitum

1857 4688 2055 4747 ponam
2082 4676 2245 4731 illum
2277 4677 2324 4708 "
2359 4695 2372 4731 :
2426 4694 2446 4728 ι
2483 4690 2606 4746 qua!
2643 4675 3058 4747 incongruentia
3101 4683 3230 4733 sunt
3273 4674 3427 4732 Salo-

1755 4790 1759 4794 ·
1853 4769 2025 4825 moni.

1921 4860 1978 4915 2.
2009 4859 2365 4932 Adjungenda
2397 4864 2527 4916 sunt
2556 4856 2721 4913 etiam
2752 4872 2874 4928 qua:
2900 4858 2968 4914 de
2998 4858 3186 4914 eodem
3232 4858 3285 4915 in
3316 4858 3421 4915 Re-

1850 4971 1977 5026 gum
2018 4955 2174 5010 libris
2199 4961 2491 5010 narrantur
2530 4950 2611 5007 sic
2657 4968 2673 5007 :
2720 4969 2739 5002 ι
2799 4950 2972 5008 Porro
3025 4966 3118 5006 rex
3165 4950 3419 5005 Salomon

1852 5050 2181 5106 mulierosus
2222 5055 2378 5114 erat;
2411 5047 2677 5117 duxitque
2707 5062 2908 5101 uxores
2930 5045 3260 5114 alienigenas
3280 5044 3418 5097 mul-

1846 5151 1966 5207 tas;
1995 5140 2159 5194 ﬁliam
2192 5139 2513 5203 Pharaonis,
2536 5147 2590 5193 et
2617 5137 2965 5200 Moabitidas,
2998 5135 3418 5203 Ammouitidas,

1848 5233 2133 5296 Idumaeas,
2173 5230 2358 5301 Syras,
2397 5229 2688 5294 Cbettseas,
2719 5228 3060 5283 Amorrhaeas
3092 5246 3105 5281 :
3137 5225 3204 5281 de
3237 5225 3416 5298 genti-

226 5441 275 5478 ¹⁶
312 5439 458 5497 Psal.
493 5456 690 5506 cum,
724 5441 776 5495 ‘2.
856 5441 898 5472 "
935 5438 1081 5496 Psal.
1112 5454 1385 5503 Lxxxvm,
1422 5438 1477 5493 4.
1555 5437 1600 5469 ’⁸
1638 5434 1684 5491 ll
1712 5432 1848 5505 Reg.
1868 5432 2075 5497 vn,l3.
2151 5431 2193 5461 "
2218 5429 2259 5483 ll
2299 5429 2432 5499 Reg.
2466 5445 2563 5493 vn,
2607 5427 2694 5483 14.
2770 5427 2814 5459 ¹¹
2855 5426 2996 5482 Psal.
3020 5441 3288 5493 tum",
3321 5427 3411 5487 27.

225 5620 339 5688 (l5l
378 5619 590 5675 Abhinc
627 5627 835 5690 partem
869 5634 977 5675 non
1009 5620 1277 5674 modicam
1311 5617 1553 5689 epistola:
1587 5631 1725 5687 prae-

163 5691 390 5746 termisit
414 5689 663 5759 epitoma:
700 5689 1017 5744 Eusebiaua:
1040 5701 1254 5744 auctor.

228 5762 340 5829 (H)
382 5757 540 5815 Hunc
575 5762 745 5816 fuisse
775 5761 1016 5829 epistola:
1056 5760 1297 5814 Africani
1347 5758 1530 5820 ﬁnem,
1568 5757 1724 5829 testis

160 5826 426 5885 EuSebius
454 5831 559 5884 loc.
579 5831 672 5885 cit.
697 5826 887 5885 dicens
913 5849 925 5884 :
951 5832 1058 5884 Kal.
1081 5832 1174 5883 ἐπὶ
1196 5831 1339 5884 τέλει
1363 5829 1420 5881 δὲ
1437 5829 1536 5897 τῆς
1557 5828 1726 5897 αὐτῆς

154 5899 462 5972 ἐπιπολῆς,
512 5901 833 5972 προστίθησι
877 5898 1079 5959 ταύτα·
1125 5900 1351 5956 Ματθὰν
1379 5903 1406 5952 6
1438 5898 1547 5952 ἀπὸ
1573 5898 1728 5951 Σολο-

1834 5614 2032 5686 μῶνος,
2062 5623 2197 5689 etc.1
2241 5626 2416 5689 usque
2457 5609 2522 5689 ad
2565 5606 3093 5689 οὖτωίάμξροτέρων
3126 5605 3240 5689 υἱὸς
3277 5600 3346 5689 ἦν
3382 5607 3410 5662 έ

1844 5677 2054 5755 Ἰωσήφ.
2090 5684 2272 5736 Ταῦτα
2386 5684 2414 5734 ὁ
2457 5678 2823 5755 Ἀφρικανός-
2842 5677 2905 5731 1η
2934 5679 3038 5755 [ine
3065 5688 3237 5755 {mum
3265 5677 3409 5755 ejus-

1832 5756 1951 5809 dem
1976 5744 2216 5821 epistola?
2240 5744 2543 5822 Africanus
2561 5744 2671 5801 ham
2696 5749 2844 5822 addit
2873 5765 2891 5801 :
2921 5744 3231 5822 Hattjmnus
3256 5744 3298 5800 α’
3317 5744 3410 5822 $0-

1836 5815 2059 5887 Ιοηιογίρ,
2081 5837 2207 5889 etc.,
2238 5815 2410 5895 usque
2447 5819 2536 5884 ad,
2577 5825 2653 5873 sic
2693 5820 2966 5889 utriusque
2997 5817 3143 5887 ﬁlius
3169 5833 3283 5872 erat
3310 5815 3409 5873 Jo-

1835 5897 2045 5964 sep/ms.
