3938 6520
521 437 628 496 903

1227 435 1492 492 ausas"
1530 435 2010 494 cmsanrmsrs
2047 437 2191 498 ore.
2239 439 2417 495 rans
2449 437 2540 495 m.
2569 471 2636 481 —
2657 437 3070 496 EX‘EGETICA.
3657 429 3754 504 ιοι

519 555 628 612 bus
657 555 884 623 scilicet,
917 555 1115 627 quibus
1145 555 1426 610 interdixit
1457 555 1719 612 Dominus
1753 557 1878 612 filiis
1907 555 2082 612 Israe-

2191 555 2368 628 ραίας,
2403 556 2468 608 ἐκ
2497 555 2603 609 τῶν
2629 553 2796 608 ἐθνῶν
2827 548 2902 610 ὧν
2936 557 3165 609 ἀπεῖπεν
3191 555 3396 624 Κύριος
3429 557 3458 608 ό
3495 555 3624 621 Θεὸς
3650 565 3746 624 τοῖς

519 649 590 704 lis
619 663 688 705 ne
714 650 1058 704 sociarentur
1093 647 1174 702 eis
1199 649 1267 703 ”.
1305 667 1322 700 ι
1359 648 1588 718 Insuper
1635 649 1853 704 additur
1898 669 1910 703 :
1965 669 1982 700 ι
2027 648 2092 702 Et

519 755 628 795 non
654 749 770 796 erat
792 755 887 794 eor
917 739 1036 810 ejus
1065 739 1366 810 perfectum
1395 754 1521 794 eum
1557 740 1788 794 Domino
1819 739 1930 795 Deo
1969 755 2088 806 suo,

523 834 684 888 sicuti
712 839 809 886 ‘eor
833 831 1050 887 Davidis
1081 832 1253 902 patris
1298 831 1417 902 ejus
1448 832 1512 886 ’δι
1546 851 1564 884 ι
1615 831 1892 903 Pauloque
1921 841 2040 902 post
2074 851 2087 887 :

527 939 548 973 ι
585 921 736 976 Tunc
757 920 1043 976 aedificavit
1061 921 1316 976 Salomon
1345 921 1621 976 excelsum
1645 921 1917 976 Chamoso
1947 921 2091 976 idolo

519 1011 880 1068 Moabitarum
913 1013 967 1068 in
1009 1021 1195 1068 monte
1223 1013 1314 1082 qui
1343 1021 1427 1068 est
1463 1029 1493 1067 e
1523 1013 1744 1083 regione
1777 1011 2090 1084 Hierosoly-

521 1120 732 1159 morum
766 1123 780 1156 :
813 1105 1052 1174 itemque
1085 1103 1338 1158 Molocho
1375 1103 1522 1158 idolo
1549 1104 2005 1170 Ammonitarum,
2037 1109 2092 1157 ct

517 1197 750 1250 Astartae
793 1195 1096 1264 impuritati
1146 1193 1516 1248 Sidoniorum.
1550 1194 1728 1263 Atque
1779 1195 1854 1248 ita
1885 1209 2090 1249 morem

518 1286 687 1356 gessit
719 1287 932 1341 cunctis
989 1284 1204 1340 feminis
1243 1287 1359 1340 suis
1407 1285 1749 1356 alienigenis,
1781 1301 1902 1355 qua:
1929 1285 2092 1341 thura

517 1379 806 1434 adolebant
839 1378 945 1432 diis
975 1377 1168 1448 patriis
1203 1385 1256 1432 et
1280 1376 1682 1432 sacrificabant.
1715 1375 1887 1430 Porro
1917 1375 2091 1432 iratus

515 1477 600 1526 est
631 1469 895 1526 Dominus
945 1469 1226 1523 Salomoni
1281 1469 1428 1539 quod
1491 1479 1742 1521 aversum
1813 1473 1959 1522 esset
1993 1483 2092 1522 cor

516 1563 634 1632 ejus
673 1575 704 1616 a
737 1560 968 1614 Domino
1003 1559 1110 1614 Deo
1143 1559 1362 1614 lsraelis
1395 1559 1463 1613 ".
1507 1577 1526 1608 ι
1559 1555 1638 1608 En
1673 1557 1786 1612 haec
1817 1558 2000 1612 omnia
2033 1559 2091 1614 in

517 1651 826 1706 Salomonis
865 1651 1304 1705 criminationem
1349 1649 1625 1705 dicuntur.
1659 1647 2090 1720 Quomodoergo

519 1741 959 1798 aecommodabis
984 1741 1033 1798 ei
1061 1741 1472 1811 jusjurandum,
1514 1741 1569 1795 in
1605 1757 1714 1812 quo
1758 1749 1954 1812 praeter
1983 1755 2088 1797 ca:-

517 1841 632 1890 tera
663 1835 868 1890 dictum
898 1845 981 1890 est
1031 1853 1043 1888 :
1094 1853 1112 1885 ι
1153 1833 1218 1886 Et
1245 1847 1344 1904 ego
1374 1849 1469 1888 ero
1496 1833 1574 1887 illi
1605 1833 1659 1886 in
1688 1831 1928 1896 Patrem,
1973 1833 2090 1903 ipse

2192 649 2326 712 υἱοῖς
2343 647 2580 720 Ἰσραήλ·
2609 648 2721 700 Οὐκ
2743 647 3112 701 εἰσελεύσεσθε
3140 649 3218 712 εἶς
3243 648 3458 712 αὐτούς.
3495 665 3514 699 ι
3537 643 3626 714 Οἷς
3647 652 3740 706 ἐπι-

2193 739 2378 810 φέρει·
2417 757 2434 790 ι
2472 740 2583 792 Καὶ
2646 740 2746 792 οὐκ
2785 735 2852 812 ἦν
2889 743 2921 812 ἡ
2980 740 3176 812 καρδία
3222 741 3386 793 αὐτοῦ
3413 739 3592 795 τελεία
3629 745 3748 814 μετᾶ

2191 831 2397 903 Κυρίου
2437 829 2570 885 Θεοῦ
2618 832 2806 898 αὐτοῦ,
2837 832 3018 897 καθὼς
3049 836 3082 904 ἡ
3124 833 3319 906 καρδία
3348 833 3514 887 Δαϐὶδ
3537 835 3628 887 τοῦ
3657 837 3751 889 Πα-

2192 921 2316 993 τρδς
2341 921 2526 975 αὑτοῦ.
2563 939 2580 974 ι
2615 923 2725 976 Καὶ
2750 923 2883 993 μετὰ
2915 922 3084 995 βραχύ
3106 941 3118 954 ·
3140 941 3158 975 ι
3183 923 3316 977 Τότε
3333 924 3748 995 ᾡκοδόμησεΣο-

2191 1012 2370 1084 λομῶν
2402 1013 2602 1084 ὑψηλὸν
2655 1013 2734 1085 τῷ
2767 1014 2972 1086 Χαμὼς
3018 1015 3220 1086 είδὼλῳ
3246 1015 3422 1069 Μωὰϐ
3451 1017 3512 1070 ἐν
3648 1018 3748 1089 δρει

2190 1105 2283 1158 ἐπὶ
2311 1105 2596 1176 πρόσωπον
2647 1105 3030 1178 Ἰερουσαλήμ·
3067 1108 3162 1160 καὶ
3187 1105 3263 1178 τῷ
3300 1106 3532 1176 Μολχῶν
3565 1107 3748 1180 εἰδώλῳ

2191 1194 2322 1248 υἱῶν
2377 1195 2622 1267 ’Δμμὼν,
2661 1198 2752 1250 καὶ
2795 1200 2861 1268 τῇ
2921 1198 3187 1270 Ἀστάρτῃ
3231 1197 3561 1270 βδελύγματι
3597 1199 3746 1253 Σιδω-

2189 1287 2318 1342 νίων
2335 1305 2348 1318 ο
2375 1289 2469 1342 καὶ
2497 1286 2669 1353 οὕτως
2701 1291 2923 1361 ἐποίησε
2949 1291 3150 1353 πάσαις
3177 1293 3294 1354 ταῖς
3322 1293 3570 1360 γυναιξὶν
3598 1292 3744 1347 αὑτοῦ

2187 1381 2309 1444 ταῖς
2339 1379 2665 1452 ἀλλοτρίαις,
2703 1381 2756 1434 αἳ
2790 1380 3028 1451 ἐθυμίων
3071 1380 3166 1434 καὶ
3197 1379 3352 1434 ἔθυον
3383 1383 3498 1445 τοῖς
3527 1381 3746 1446 εἰδώλοις

2191 1467 2402 1526 αὐτῶνθ
2429 1473 2522 1526 καὶ
2567 1473 2810 1544 ὠργίσθη
2858 1473 3062 1546 Κύριος
3101 1473 3194 1524 ἐπὶ
3233 1473 3504 1543 Σολομῶν,
3541 1473 3618 1526 ὅτι
3669 1475 3744 1539 ἐξ·

2189 1561 2362 1616 ἐκλινε
2385 1563 2606 1634 καρδίαν
2631 1563 2796 1616 αὐτοῦ
2827 1563 2934 1616 ἀπὸ
2963 1563 3168 1634 Κυρίου
3201 1563 3334 1616 Θεοῦ
3373 1563 3610 1635 Ἰσραήλ.
3645 1583 3662 1616 ι
3689 1563 3741 1615 Ei.

2189 1652 2246 1706 δὲ
2273 1653 2342 1707 τὰ
2361 1653 2582 1708 τοιαῦτα
2609 1653 2704 1708 τοῦ
2743 1653 3050 1726 Σολομῶνος
3082 1657 3488 1728 κατηγορεῖται,
3529 1655 3640 1719 πῶς
3661 1650 3738 1708 οὖν

2189 1743 2518 1816 ἐφαρμόσεις
2557 1743 2706 1814 αὑτῷ
2741 1744 2808 1798 τὰ
2831 1742 2924 1797 τοῦ
2957 1743 3141 1816 ὅρκου,
3173 1745 3256 1814 ἐφ’
3283 1738 3327 1812 ᾧ
3359 1743 3572 1816 εἴρηται
3623 1743 3738 1816 πρὸς

2189 1835 2299 1896 τοῖς
2329 1833 2509 1896 ἄλλοις
2531 1833 2626 1886 καὶ
2671 1833 2751 1885 τό·
2783 1849 2802 1883 ι
2837 1833 2980 1902 Ἐγὼ
3009 1833 3202 1906 ἔσομαι
3241 1835 3391 1906 αὑτῷ
3419 1839 3500 1899 εἰς
3529 1837 3732 1906 πατέρα,

515 1927 620 1982 erit
668 1928 800 1982 mihi
858 1927 913 1980 in
965 1923 1184 1979 filium?
1247 1943 1264 1976 ι
1335 1924 1448 1978 lmo
1481 1939 1610 1978 vero
1651 1923 1940 1978 manifeste
1973 1922 2082 1978 hzec

2189 1923 2282 1976 καὶ
2301 1923 2460 1986 αὐτὸς
2479 1923 2628 1976 ἔσται
2657 1941 2745 1994 μοι
2771 1925 2852 1986 εἰς
2873 1923 2986 1978 υἱόν
3007 1941 3022 1988 ;
3049 1943 3066 1975 ι
3091 1923 3224 1978 ἀλλὰ
3245 1925 3354 1997 γὰρ
3381 1927 3631 1998 ἄντικρυς
3657 1928 3736 1979 Σο-

517 2019 692 2074 aliena
721 2033 750 2071 a
791 2015 1081 2070 Salomone
1111 2021 1240 2070 sunt
1275 2033 1288 2069 :
1323 2017 1580 2084 prmelare
1624 2021 1804 2068 autem
1837 2013 2085 2069 referun-

517 2117 608 2166 tur
640 2111 704 2166 ad
745 2126 890 2176 eum,
946 2109 1106 2178 cujus
1161 2107 1228 2162 de
1277 2122 1475 2178 genere
1528 2106 1750 2162 Davidis
1797 2107 2089 2178 praedictus

519 2200 698 2256 fuerat
737 2199 1028 2264 adventus,
1078 2199 1281 2268 quique
1324 2210 1514 2266 reapse
1550 2211 1580 2250 e
1621 2194 1880 2251 Davidieo
1922 2206 2090 2252 stem-

515 2297 662 2345 mate
691 2289 936 2345 emersit.

1263 2399 1352 2454 Vl.

514 2513 624 2570 Cur
657 2512 946 2568 Matthmus
975 2522 1092 2584 post
1125 2512 1379 2568 Davidem
1424 2513 1492 2567 ad
1537 2521 1906 2585 consectaneos
1936 2515 2090 2585 gene-

581 2586 657 2640 ris
707 2583 1030 2638 successores
1098 2601 1202 2638 non
1265 2585 1478 2647 veniat,
1534 2583 1623 2637 sed
1683 2583 1951 2638 transiliat
2017 2585 2087 2638 ad

580 2655 963 2718 Abrahamum,
1001 2671 1102 2708 non
1140 2665 1312 2707 tamen
1357 2651 1760 2724 adrAdamum,
1807 2671 1966 2724 neque
2015 2655 2086 2708 ad

581 2727 746 2780 alium
797 2725 1078 2794 quemlibet
1131 2735 1196 2778 ex
1251 2723 1485 2794 antiquis
1557 2723 1666 2778 Deo
1723 2723 1928 2779 dilectis
1993 2725 2086 2779 ho-

583 2796 834 2848 minibus.

582 2883 720 2952 Quia
749 2884 928 2954 primo
957 2884 1210 2939 similiter
1251 2882 1564 2938 Abrahamo
1595 2883 1746 2938 varia
1784 2884 1930 2940 edita
1967 2883 2086 2940 fue-

512 2985 636 3032 rant
676 2975 744 3032 de
775 2975 1058 3031 vocatione
1095 2974 1340 3045 gentium
1383 2977 1626 3032 oracula.
1673 2975 1918 3046 Namque
1960 2983 2087 3032 ante

514 3063 806 3119 Mosaicam
870 3063 1268 3134 legislationem
1299 3101 1316 3128 ,
1373 3073 1539 3134 atque
1597 3075 1722 3120 ante
1771 3063 2084 3120 Iudaeorum

515 3155 694 3228 ipsum
731 3169 922 3226 genus,
964 3157 1076 3208 imo
1106 3161 1160 3209 et
1191 3163 1318 3210 ante
1344 3155 1846 3222 circumcisionem,
1889 3157 2082 3213 alieni-

513 3261 650 3318 gena
697 3245 799 3302 fuit
831 3247 1176 3304 Abrahamus
1206 3263 1218 3300 :
1251 3249 1344 3319 qui
1387 3250 1610 3320 regione
1657 3249 1952 3305 Chaldaica
1982 3251 2084 3304 mi-

509 3311 699 3412 grans,
735 3340 914 3410 patria
953 3339 1202 3394 instituta
1243 3311 1508 3402 deseruit.
1560 3355 1924 3411 supremoque
1972 3339 2082 3395 Deo
2110 3311 2155 3372 θ

511 3433 716 3504 agnito,
763 3432 1136 3488 testimonium
1177 3433 1360 3488 retulit
1393 3429 1539 3502 quod
1587 3430 1698 3488 Deo
1743 3430 2080 3498 crediderit;

511 3523 674 3593 idque
705 3523 784 3576 illi
813 3530 1124 3594 reputatum
1155 3529 1241 3577 est
1272 3523 1340 3577 ad
1367 3522 1640 3592 justitiam
1669 3522 1738 3582 ".
1768 3521 1960 3579 Justus
1993 3537 2087 3577 au-

510 3623 620 3671 tem
652 3617 883 3686 piusque
905 3615 1058 3670 visus
1085 3623 1170 3670 est
1193 3631 1304 3669 non
1333 3615 1402 3670 ob
1433 3615 1678 3686 corporis
1701 3615 2084 3670 circumcisio.

509 3721 658 3770 nem,
687 3722 866 3776 neque
904 3707 974 3760 ob
1014 3703 1240 3762 Sabbati
1271 3707 1674 3761 observantiam
1700 3712 1794 3760 aut
1819 3704 2084 3760 festorum

511 3806 606 3854 aut
635 3797 1012 3860 kalendarum,
1055 3813 1232 3868 neque
1284 3797 1356 3852 ob
1387 3797 1732 3868 quaslibet‘a
1771 3796 1956 3868 Moyse
1999 3797 2083 3851 in-

509 3897 694 3946 vectas
734 3889 1024 3958 religiones
1055 3906 1070 3956 ;
1111 3888 1208 3944 sed
1239 3889 1310 3944 ob
1343 3889 1540 3944 summi
1569 3889 1662 3944 Dei
1689 3890 2078 3960 cognitionem,

509 3987 673 4050 atque
704 3979 775 4034 ob
816 3977 1055 4045 Domini,
1097 3979 1192 4052 qui
1232 3979 1312 4034 illi
1359 3979 1576 4034 oblatus
1615 3988 1720 4044 est,
1749 3978 2084 4035 manifesta-

507 4071 712 4124 tioncm
751 4069 888 4142 (qui
928 4069 1146 4140 quidem
1175 4079 1294 4128 erat
1326 4069 1584 4126 Servator
1611 4079 1818 4136 noster,
1852 4071 1948 4128 Dei
1973 4071 2082 4128 sci-

508 4163 636 4216 licet
665 4157 943 4228 Verbum)
971 4169 1026 4216 et
1048 4161 1118 4216 ob
1149 4177 1304 4217 suam
1342 4163 1580 4232 denique
1608 4169 1854 4218 sanctam
1881 4174 1946 4216 ac
1971 4162 2081 4215 vir-

505 4253 714 4310 tutibus
745 4253 1029 4324 pricditam
1059 4255 1248 4310 vitam.
1279 4253 1416 4312 Huic
1463 4255 1631 4326 igitur
1669 4254 1764 4326 qui
1810 4253 2081 4325 ejusmodi

505 4348 724 4416 pietatis
761 4363 933 4418 genus
983 4355 1224 4404 sectatus
1254 4347 1452 4412 fuerat,
1488 4347 1630 4402 facta
1679 4347 1970 4418 promissio
1996 4353 2084 4402 est

505 4439 572 4494 de
599 4440 872 4510 gentibus,
895 4439 1064 4495 veluti
1101 4455 1222 4510 quae
1249 4439 1542 4510 aliquando
1575 4439 1874 4496 secundum
1905 4439 2080 4494 Abra-

505 4532 650 4586 hami
681 4534 856 4588 zelum
891 4533 992 4603 pia;
1023 4530 1220 4586 futurae
1257 4543 1436 4597 erant,
1486 4547 1780 4604 paremque
1821 4532 2078 4602 religioso

2189 2011 2430 2083 λομῶνος
2483 2013 2582 2084 μὲν
2629 2013 2885 2086 ἀλλότρια
2929 2014 3134 2068 ταῦτα·
3173 2017 3426 2084 ἀνάγοιτο
3485 2017 3528 2070 δ’
3573 2019 3632 2072 ἂν
3661 2021 3732 2070 ἐπὶ

2189 2104 2278 2157 τὸν
2311 2106 2373 2157 ἐκ
2403 2103 2712 2176 σπέρματος
2744 2103 2908 2158 Δασὶδ
2935 2105 3084 2176 ἥξειν
3117 2105 3506 2178 θεσπιζέμενον
3531 2105 3726 2178 Χριστὸτ

2189 2193 2282 2246 τοῦ
2305 2193 2461 2259 Θεοῦ,
2492 2193 2550 2259 ὃς
2577 2196 2641 2247 ἐκ
2665 2193 2977 2266 σπέρματος
3005 2194 3168 2248 Δαΰὶδ
3187 2195 3408 2267 ἀνέστη.

2189 2506 2292 2560 Διὰ
2319 2507 2378 2560 τί
2424 2508 2577 2580 μετὰ
2605 2510 2710 2580 τὸν
2751 2509 2928 2564 Δαὸὶὸ
2959 2511 3070 2564 οὐκ
3101 2509 3200 2564 ἐπὶ
3225 2511 3368 2578 τοὺς
3392 2509 3539 2580 ἑξῆς
3567 2511 3732 2565 διαδιῶ

2258 2595 2405 2650 κους
2428 2577 2543 2650 τοῦ
2565 2578 2776 2649 γένους
2809 2579 3067 2650 κατάγει,
3100 2577 3411 2650 ἀνατρέχει
3441 2577 3626 2637 Gaia-tl
3647 2583 3734 2635 τὸν

2275 2649 2536 2721 Ἀϐραὰμ,
2595 2651 2731 2721 ἀλλ’
2787 2653 2898 2721 οὐκ
2945 2649 3042 2704 ἐπὶ
3093 2651 3202 2705 τὸν
3265 2649 3458 2721 Ἀδὰμ,
3509 2651 3630 2706 οὐδ’
3657 2653 3734 2718 ἐφ’

2258 2719 2464 2786 ἕτερόν
2489 2737 2626 2774 τινα
2651 2719 2772 2774 τῶν
2809 2720 2994 2776 πάλαι
3019 2721 3312 2790 θεοφιλῶν
3339 2719 3599 2792 (ὲὺ-δρῶν.

2270 2875 2485 2948 Ἐπειδὴ
2513 2875 2712 2948 πρώτῳ
2751 2877 2910 2931 πάλιν
2950 2877 3026 2950 τῷ
3069 2876 3318 2950 Ἀϐρααμ
3346 2880 3476 2952 περὶ
3507 2881 3600 2952 ἧς
3629 2881 3738 2952 κλή-

2187 2985 2324 3032 σεως
2354 2969 2460 3020 τῶν
2489 2967 2660 3022 ἐθνῶν
2693 2969 2940 3041 διάφοροι
2957 2971 3192 3025 ἐδέδοντο
3213 2974 3454 3043 χρησμοί
3473 2989 3490 3006 ο
3520 2973 3622 3046 πρὸ
3645 2973 3736 3046 γὰρ

2185 3059 2283 3129 τῆς
2331 3057 2610 3123 Μωῦσέως
2638 3059 2993 3132 νομοθεσίας,
3058 3061 3152 3114 καὶ
3203 3062 3308 3135 πρὸ
3347 3063 3442 3118 τοῦ
3491 3065 3738 3119 ’1ουᾰιίων

2185 3149 2388 3214 ἔθνους,
2412 3151 2470 3204 οὐ
2499 3150 2602 3222 μὴν
2631 3151 2766 3205 ἀλλὰ
2805 3153 2898 3206 καὶ
2931 3153 3036 3224 πρὸ
3088 3153 3188 3224 τῆς
3227 3158 3550 3228 περιτομῆς,
3600 3158 3734 3211 ἁλλο-

2185 3241 2342 3314 εθνὴς
2370 3241 2500 3314 ὢνό
2527 3243 2794 3317 Ἀϐραὰμ,
2828 3247 2922 3299 καλ¹
2943 3246 3041 3316 τῆς
3066 3247 3343 3302 Χαλδαίων
3372 3250 3475 3319 γῆς
3501 3251 3734 3322 ὁρμώμε-

2185 3347 2292 3398 νος,
2350 3333 2634 3388 ἀπολείπει
2670 3335 2766 3406 μὲν
2807 3335 2876 3388 τὰ
2923 3336 3173 3410 πατρῷα,
3205 3338 3339 3391 Θεὸν
3379 3337 3436 3391 δέ
3473 3341 3628 3408 γνοὺς
3658 3339 3736 3392 τὸν

2185 3427 2277 3480 ἐπὶ
2327 3427 2563 3491 πάντων,
2621 3429 3038 3502 μεμαρτύρηται
3078 3430 3154 3494 ὡς
3203 3431 3309 3504 ἄρα
3355 3432 3636 3486 ἐπίστευσε
3671 3431 3735 3502 τῷ

2185 3513 2323 3586 Θεῷ,
2355 3517 2450 3569 καὶ
2487 3517 2735 3590 ἐλογίσθη
2779 3519 2928 3592 αὐτῷ
2953 3523 3032 3585 εἰς
3061 3522 3407 3597 δικαιοσύνην
3429 3544 3444 3557 ο
3467 3525 3663 3592 δίκαιός
3685 3543 3734 3580 τε

2183 3607 2280 3661 καὶ
2311 3606 2564 3679 θεοφιλὴς
2607 3610 3009 3680 ἀποπέφανται,
3033 3613 3095 3666 οὐ
3127 3613 3216 3668 διὰ
3241 3617 3544 3690 περιτομὴν
3571 3619 3734 3690 σῶμα·

2184 3713 2294 3760 τος,
2327 3697 2448 3750 οὐδὲ
2491 3697 2578 3751 διὰ
2625 3699 2871 3772 φυλακὴν
2909 3701 3123 3774 ἡμέρας
3157 3705 3506 3780 σαϐϐάτου,ῆ
3537 3711 3732 3780 ἑορτῶν,

2183 3789 2510 3861 νουμηνιῶν,
2550 3791 2670 3845 οὐδὲ
2721 3810 2784 3862 γε
2832 3793 2896 3847 δι’
2942 3795 3106 3867 ἄλλης
3151 3799 3294 3862 τινὸς
3341 3801 3496 3872 παρὰ
3537 3805 3734 3858 Μωῦσεί

2184 3881 2490 3952 φερομένης
2520 3881 2990 3956 ἐθελοθρησκείας,
3026 3887 3159 3941 ἀλλὰ
3192 3889 3618 3961 δι’ὲπιγνώσεως
3655 3893 3732 3948 τοῦ

2185 3971 2277 4024 ἐπὶ
2303 3971 2520 4028 πάντων
2565 3973 2721 4040 Θεοῦ,
2762 3975 3085 4046 ἐπιφανείας
3111 3980 3169 4033 δέ
3205 3980 3301 4034 τοῦ
3331 3982 3585 4052 ὀφθέντος
3604 3985 3734 4056 αὑτῷ

2184 4065 2388 4136 Κυρίου
2436 4059 2610 4135 (οὗτος
2640 4065 2696 4119 δὲ
2723 4061 2791 4138 ἦν
2815 4069 2843 4120 ό
2867 4069 3134 4142 ἡμέτερος
3190 4073 3400 4146 Σωτὴρ,
3434 4076 3464 4128 ό
3489 4077 3583 4131 τοῦ
3617 4077 3734 4132 Θεοῦ

2185 4157 2411 4228 Λόγος),
2450 4157 2539 4210 διά
2595 4175 2654 4211 τε
2703 4159 2902 4230 σεμνοῦ
2945 4163 3039 4216 καὶ
3095 4165 3354 4236 ἐναρέτου
3387 4165 3504 4236 βίου
3528 4185 3543 4197 ·
3569 4169 3734 4224 τοῦτον

2181 4247 2224 4300 δ’
2254 4243 2344 4301 οὖν
2367 4247 2516 4319 αὑτῷ
2545 4251 2895 4322 κατορθοῦντι
2929 4254 3026 4326 τῆς
3068 4255 3376 4322 θεοσεϐείας
3405 4260 3498 4314 τὸν
3535 4263 3732 4332 τρόπον,

2182 4341 2214 4410 ἡ
2243 4341 2369 4412 περὶ
2397 4341 2504 4394 τῶν
2555 4341 2722 4396 ἐθνῶν
2771 4343 2949 4398 δέδοτο
2983 4349 3299 4416 ἐπαγγελία,
3339 4350 3414 4414 ὡς
3446 4354 3542 4406 καὶ
3579 4355 3734 4408 αὐτῶν

2181 4451 2312 4487 ποτε
2359 4434 2502 4488 κατὰ
2541 4436 2630 4489 τὸν
2661 4437 2754 4490 τοῦ
2796 4437 3046 4510 Ἀϐραὰμ
3075 4439 3234 4512 ζῆλον
3275 4442 3542 4500 θεοσεεῶν
3585 4449 3736 4502 ὄντων

2181 4529 2274 4580 καὶ
2291 4528 2388 4598 τῆς
2415 4527 2536 4599 ῐσης
2551 4529 2629 4600 τῷ
2646 4528 2882 4599 θεοφιλεῖ
2896 4531 3452 4606 καταξιωθησομένων
3479 4539 3732 4608 εὐλογίας·

505 4623 829 4693 patriarchae
869 4623 1304 4680 benedictionem
1337 4634 1736 4681 consecutum.
1767 4623 1900 4690 Quae
1950 4639 2074 4678 eum

2184 4611 2250 4672 ὧν
2277 4618 2448 4682 οὕτως
2480 4621 2731 4690 ἐχόντων,
2760 4621 3050 4677 ἀκόλουθον
3079 4619 3147 4696 ἦν
3175 4625 3274 4696 τῆς
3299 4625 3406 4680 τῶν
3427 4629 3596 4685 ἐθνῶν
3621 4633 3736 4703 κλή-

505 4715 580 4768 ita
613 4729 671 4768 se
705 4714 960 4780 habeant,
997 4727 1424 4772 consentaneum
1453 4727 1590 4783 erat,
1627 4726 1686 4770 ut
1727 4715 2074 4772 Abrahamus

2184 4726 2316 4772 σεως
2338 4709 2658 4782 προπάτορα
2679 4712 2807 4765 ὄντα
2837 4713 2926 4766 τὸν
2969 4714 3240 4788 Ἀϐραὰμ,
3272 4719 3375 4772 ὑπὸ
3407 4719 3500 4774 τοῦ
3527 4723 3735 4792 εὐαγγε-

503 4813 818 4862 vocatarum
861 4806 1103 4877 gentium
1133 4809 1410 4880 princeps,
1441 4810 1510 4864 ab
1541 4809 1876 4880 evangelista
1911 4823 2071 4864 assu-

501 4907 743 4952 meretur
777 4897 1050 4952 seeundus
1091 4905 1214 4966 post
1251 4897 1532 4956 Davidem.
1567 4899 1812 4971 Namque
1856 4898 1913 4952 hi
1962 4898 2072 4954 duo

500 4983 724 5042 fuerunt
747 4985 990 5040 illustres
1020 4985 1144 5048 viri,
1174 4989 1331 5056 queis
1357 4987 1550 5060 primis
1579 4988 1723 5044 Deus
1749 4988 1952 5044 Christi
1983 4987 2072 5041 ad-

499 5089 722 5134 ventum
783 5079 1136 5152 gentiumque
1191 5081 1534 5138 vocationem
1593 5083 1880 5152 dignanter
1945 5091 2070 5139 ante

501 5171 846 5243 signiﬁcavit.
881 5170 987 5228 Par
1008 5181 1186 5230 autem
1217 5173 1338 5238 fuit,
1379 5183 1438 5228 ut
1463 5175 1510 5230 is
1531 5176 1618 5230 cui
1653 5175 1910 5230 nativitas
1939 5173 2068 5230 Ser-

501 5265 707 5319 vatoris
760 5265 1004 5318 omnium
1057 5265 1344 5320 hominum
1389 5266 1660 5338 promissa
1702 5265 1826 5334 fuit,
1867 5281 2073 5336 pra'po-

501 5361 721 5408 neretur
761 5354 838 5408 illi
865 5355 956 5424 qui
1003 5355 1070 5411 de
1100 5355 1360 5412 vocandis
1395 5357 1648 5427 gentibus
1677 5358 2070 5428 promissiones

501 5445 712 5513 accepit
747 5445 1064 5501 :secundus
1089 5457 1270 5503 tamen
1305 5448 1360 5501 in
1389 5449 1704 5520 genealogia
1739 5449 2070 5506 scriberetur

499 5535 738 5600 gentium
811 5537 1052 5606 ipsarum
1110 5539 1442 5608 patriarcha.
1511 5539 1691 5606 Quare
1747 5542 1883 5597 liber
1934 5539 2064 5596 Jcsu

498 5625 700 5680 Christi
752 5627 898 5696 capit
933 5629 1176 5700 auspicia
1219 5631 1454 5700 primum
1502 5633 1720 5702 quidem
1757 5633 1824 5688 ab
1875 5649 1940 5686 co
1971 5635 2064 5703 qui

499 5715 601 5770 fuit
649 5719 886 5774 carnalis
929 5719 1056 5776 Iesu
1111 5719 1312 5778 Christi
1356 5725 1708 5794 progenitor;
1755 5724 1952 5778 deinde
1997 5725 2066 5779 ab

2177 4800 2358 4854 λιστοῦ
2425 4801 2674 4876 δεύτερον
2728 4803 3148 4878 παραληφθῆναι
3198 4809 3338 4880 μετὰ
3397 4810 3492 4864 τὸν
3550 4813 3732 4866 Δαείδο

2175 4889 2318 4944 δυοῖν
2343 4893 2451 4965 γὰρ
2472 4895 2676 4948 τούτων
2703 4896 2982 4966 ἐπιφανῶν
3009 4899 3216 4971 ἀνδρῶν
3245 4901 3480 4974 πρώτων
3513 4905 3732 4978 ἠξιωμέ-

2177 5001 2282 5038 νων
2307 4985 2406 5056 τῆς
2447 4985 2541 5038 τοῦ
2569 4985 2704 5040 Θεοῦ
2756 4989 3090 5058 ἐπαγγελίας
3125 4992 3250 5064 περί
3283 5009 3344 5046 τε
3371 4993 3470 5064 τῆς
3493 4995 3588 5048 τοῦ
3617 4998 3733 5068 Χρι-

2179 5076 2304 5130 στοῦ
2361 5077 2624 5146 γενέσεως
2674 5081 2771 5132 καὶ
2824 5081 3080 5152 περὶτῆς
3121 5083 3365 5154 κλήσεως
3409 5087 3520 5140 τῶν
3561 5087 3728 5148 ἐθνῶν,

2177 5167 2370 5238 χρῆναι
2393 5167 2562 5240 δήπου
2604 5167 2665 5222 τὸ
2699 5168 2798 5240 μὲν
2823 5187 2889 5222 πε
2899 5171 2950 5241 pl.
2995 5171 3096 5240 τῆς
3125 5172 3390 5240 γενέσεως
3417 5175 3506 5230 τοῦ
3533 5177 3728 5229 πάντων

2175 5259 2475 5330 ἀνθρώπων
2522 5261 2774 5333 Σωτῆρος
2815 5261 2912 5326 τὰς
2947 5263 3268 5335 ὑποσχέσεις
3311 5269 3582 5338 εἰληφότα,
3615 5287 3726 5342 προ-

2173 5351 2464 5424 τιμηθῆναι
2494 5356 2559 5425 τῇ
2587 5354 2736 5418 τάξει
2757 5355 2850 5408 τοῦ
2875 5357 2974 5420 τὰς
3011 5359 3137 5430 περὶ
3172 5359 3283 5412 τῶν
3319 5360 3490 5416 ἐθνῶν
3511 5366 3720 5432 ἐπαγγε-

2173 5444 2292 5509 λίας
2341 5445 2780 5518 καταδεξαμένου
2803 5464 2818 5478 ο
2847 5449 3100 5522 δεύτερον
3157 5452 3214 5506 δέ
3246 5453 3304 5506 ἐν
3327 5456 3390 5524 τῇ
3427 5455 3719 5524 γενεαλογέςι

2174 5539 2594 5610 παραληφθῆναι
2625 5541 2715 5594 τὸν
2757 5543 2867 5596 τῶν
2895 5543 3064 5597 ἐθνῶν
3101 5545 3371 5618 ἀρχηγόν·
3403 5547 3632 5620 διόπερή
3652 5546 3717 5616 βί-

2171 5631 2296 5694 ϐλος
2337 5631 2509 5704 Ἰησοῦ
2555 5633 2790 5706 Χριστοῦ
2827 5635 3028 5708 πρώτῳ
3077 5637 3175 5708 μὲν
3203 5639 3484 5694 ἀνάκειται
3505 5641 3578 5710 τῷ
3599 5637 3718 5694 κατὰ

2173 5726 2350 5796 σάρκα
2407 5727 2579 5798 Ἰησοῦ
2633 5730 2870 5799 Χριστοῦ
2917 5732 3242 5804 προπάτορι,
3287 5733 3538 5804 δεύτερον
3569 5731 3622 5786 δὲ
3651 5727 3716 5798 ΐῷ

569 5873 614 5904 ³³
651 5871 716 5928 Ill
749 5873 881 5948 Reg.
919 5893 1004 5944 ιι,
1045 5877 1158 5944 Ι,9.
1235 5879 1280 5910 ’⁸
1319 5877 1448 5932 ibid.
1485 5879 1536 5932 4.
1617 5881 1660 5912 ’⁸
1703 5878 1832 5934 ibid.
1874 5879 1990 5936 5-9.
2071 5881 2114 5914 "
2151 5881 2310 5936 Rom.
2347 5898 2420 5952 tv,
2458 5883 2508 5938 5.
