3938 6528
218 398 316 465 905
739 408 1193 476 ρυειΕΞΤΙΟΝΕΞ
1225 409 1451 466 EVANG
1462 407 1678 464 [ξιιοΕ
1717 407 1797 461 Αἰ]

1899 404 2284 460 I‘EPHANUM.
2325 435 2393 444 —
2429 402 2757 471 QUESTIO
2799 402 2925 458 Vll.‘
3330 408 3434 464 906

217 533 354 586 ma
383 528 599 599 πνεῦμα
631 530 803 599 Πατρὶ
829 530 936 583 τῶν
963 531 1049 584 διὰ
1082 530 1316 598 Χριστοῦ
1355 529 1776 599 σωθησομένων·

1906 527 1975 578 llo
2009 527 2099 594 qni
2133 525 2328 594 spiritu
2383 522 2540 576 Pater
2573 530 2690 576 erat
2732 521 3122 576 servandorum
3156 538 3253 593 per
3277 524 3440 582 Chri.

213 625 398 694 ἠγεῖτο
420 625 529 692 γάρ
550 623 578 673 ὁ
607 621 789 686 σώζων
816 622 921 673 τῶν
958 623 1274 693 σωζομένων
1305 621 1490 676 ἐθνῶν.

1899 623 2040 669 .tum.
2069 612 2322 668 Servator
2369 613 2510 668 enim
2559 614 2788 667 servatis
2823 613 3074 682 gentibus
3112 626 3440 684 praeverten-

1877 707 1980 761 dus
2020 712 2155 761 erat.

965 777 1035 830 Z'.
2601 774 2713 829 VII.

215 869 318 924 Διὰ
356 870 412 922 τί
437 868 544 956 τῇς
575 867 793 937 Θάμαρ,
824 869 957 937 οὐχὶ
981 869 1046 921 δὲ
1072 870 1166 956 καί
1193 869 1388 937 ἐτέρας
1420 871 1510 956 ex:
1538 870 1778 956 ἀγαθοῖς

1899 864 1988 956 Zu'r
2018 867 2294 920 Thamara:
2326 868 2470 935 facta
2505 870 2780 956 mentione.
2814 869 3016 956 nullam
3045 879 3303 956 praeterea.
3323 887 3438 956 mtt-

283 937 692 1008 κατορθῶμίισι
735 941 1224 1008 μαρτυρουμένης
1274 942 1553 1009 γυναικὸς
1586 937 1780 1007 simne

1949 938 2125 1009 fierem
2163 939 2641 991 commemorauerit
2673 937 2956 994 Matthwus
2988 940 3251 1008 [actorum
3285 942 3440 996 laude

277 1012 429 1079 μένε
438 1026 584 1063 υσεν
611 1014 642 1063 ό
677 1010 905 1064 Ματθαῖ
903 1028 987 1076 ος.
1283 1008 1287 1009 ⁷

1950 1008 2231 1061 illustrem.

285 1107 358 1154 α’.
403 1101 510 1172 Τὴν
543 1102 737 1173 Θάμαρ
772 1103 937 1165 εἴτις
976 1103 1050 1165 ὡς
1098 1103 1298 1174 πόρνην
1324 1101 1624 1156 διαϐάλλειν
1664 1087 1781 1155 πει·-

1951 1099 2002 1152 1.
2032 1098 2353 1154 'l‘liamaram
2404 1101 2448 1156 si
2491 1099 2615 1170 quis
2651 1115 2748 1155 ceu
2781 1101 3120 1155 meretricem
3157 1102 3443 1159 traducere

218 1194 390 1265 ρῷτο,
433 1193 595 1247 αὑτοῦ
640 1194 702 1264 δὴ
759 1192 849 1246 τοῦ
889 1193 1056 1248 Ἰούδα
1099 1195 1455 1249 ἐπακουσάτω
1501 1197 1779 1264 λέγοντος⁹

1899 1188 2082 1251 studet,
2141 1190 2189 1244 is
2239 1191 2421 1244 audiat
2476 1188 2670 1244 Judam
2725 1191 2991 1273 dicentem
3036 1211 3048 1245 :
3097 1209 3116 1242 ι
3167 1189 3442 1248 Ἰὶιειηεω

223 1305 242 1337 ι
273 1287 622 1339 Δεδικαίωται
668 1287 864 1357 Θάμαρ
895 1289 926 1358 ἣ
967 1285 1106 1354 ἐγὼ,
1158 1278 1216 1338 οὑ
1263 1287 1446 1340 ἕνεκεν
1483 1289 1581 1341 οὑκ
1613 1289 1784 1342 ἔδωκα

1908 1279 2078 1332 ustior
2106 1294 2192 1333 me
2228 1286 2332 1345 est,
2369 1281 2462 1347 qui
2515 1297 2623 1334 non
2667 1297 2782 1336 eam
2837 1284 3032 1338 tradidi
3084 1285 3288 1339 Silomo
3333 1285 3444 1340 lilio

218 1380 389 1450 αὐτὴν
415 1377 596 1448 Σιλὼμ
644 1377 720 1448 τῷ
761 1378 859 1447 υἱῷ
905 1395 1035 1447 μου·
1076 1399 1093 1430 ι
1143 1380 1203 1430 οὑ
1250 1380 1358 1450 γάρ
1401 1380 1462 1450 δὴ
1507 1381 1784 1451 πορνεὺειν

217 1468 528 1540 προθεμένη
559 1467 650 1520 ἐπὶ
681 1466 772 1519 τοῦ
807 1467 997 1535 τέγους
1033 1466 1182 1538 ἔστη.
1212 1466 1452 1540 λογισμῷ
1501 1470 1557 1521 δὲ
1606 1470 1786 1540 σεμνῷ

216 1557 564 1619 παιδοποιΐας
590 1556 747 1628 χάριν
793 1556 882 1610 τὸν
922 1555 1118 1609 Ἰούδαν
1151 1558 1413 1628 θηρᾶταγ
1454 1557 1552 1609 οὑκ
1595 1557 1785 1627 ἄδηλος

217 1647 276 1702 δὲ
304 1649 399 1700 κα)⁸
423 1650 456 1718 ἡ
492 1648 639 1700 αἰτία
663 1663 677 1677 ο
708 1650 736 1700 ὁ
771 1649 866 1716 μὲν
893 1647 1000 1718 γὰρ
1043 1648 1180 1716 αὑτῇ
1220 1646 1648 1716 παρακελεύεται
1686 1646 1782 1717 μέ-

220 1756 332 1792 νειν
377 1739 462 1791 ἐπ’
507 1738 686 1802 οἴκου,
733 1739 836 1800 ἓως
887 1739 1057 1808 μέγας
1105 1739 1329 1808 γένηται
1376 1736 1556 1808 Σιλὼμ
1600 1740 1627 1789 ὁ
1675 1737 1787 1800 υἱὸς

219 1829 410 1893 αὑτοῦ,
442 1829 516 1892 ὡς
561 1829 722 1892 αὑτὸς
773 1828 1071 1899 ληψόμενος
1124 1830 1322 1898 αὑτήνο
1359 1829 1391 1896 ἡ
1445 1827 1500 1880 δὲ
1545 1827 1788 1879 ἐπείθετο

219 1917 539 1990 προθύμως,
574 1918 738 1981 ἄπαις
775 1919 1008 1988 μένουσα
1037 1917 1130 1969 καὶ
1159 1918 1322 1988 χήρα,
1355 1917 1451 1980 τὰς
1492 1916 1585 1970 τοῦ
1622 1915 1789 1968 Ἰούδα

221 2009 542 2080 παρεγγυὰς
570 2009 898 2078 ἐκδεχομένη
918 2025 930 2036 ·
964 2008 1039 2070 ὡς
1070 2008 1124 2060 δὲ
1148 2009 1245 2060 οὑκ
1274 2008 1443 2077 ὲπῆγε
1476 2009 1594 2069 ταῖς
1619 2009 1789 2074 ἐπαγ-

221 2101 436 2168 γελίαις
461 2100 635 2162 τέλος,
671 2099 761 2152 τοῦ
798 2101 922 2172 περὶ
956 2099 1148 2162 παῖδας
1191 2099 1356 2152 πόθου
1395 2101 1504 2162 τοῖς
1538 2098 1656 2150 τότε
1697 2099 1790 2150 ἀν-

220 2193 466 2265 θρώποις
495 2193 582 2247 διὰ
617 2193 849 2262 σπουδῆς
878 2192 1166 2262 ἀγομένου,
1196 2191 1289 2244 καὶ
1329 2192 1425 2262 τῆς
1452 2191 1702 2254 ἀτεκνίας
1735 2193 1791 2243 ὲν

218 2287 475 2363 ἐσχάτοις
504 2290 690 2349 κακοῖς
741 2285 890 2357 παρὰ
921 2288 1050 2338 πᾶσι
1082 2286 1198 2338 τότε
1226 2284 1609 2355 λελογισμένης
1628 2325 1641 2345 ,
1676 2286 1791 2338 δια-

217 2377 564 2446 ψευσάμενον
592 2375 724 2445 αὑτῇ
761 2374 1041 2427 συνιδοῦσα
1065 2375 1155 2427 τὸν
1200 2374 1416 2434 Ἰούδαν.
1443 2375 1535 2427 καὶ
1559 2374 1657 2435 τὰς
1687 2375 1792 2426 ἀπὸ

216 2468 315 2521 τοῦ
350 2467 541 2529 παιδὸς
571 2466 788 2529 ἐλπίδας
826 2468 906 2530 είς
946 2467 1118 2537 μάτην
1156 2466 1620 2537 παραληφθείσας,
1655 2466 1790 2536 αὕτη

220 2561 529 2614 ἐπιτίθεται
573 2559 651 2629 τῷ
683 2559 861 2632 ἀνδρίσ
908 2560 967 2611 οὑ
1022 2558 1239 2611 πώποτε
1286 2559 1448 2629 νόμου
1496 2559 1790 2619 Μωὺσέως,

218 2653 344 2704 οὑδέ
376 2669 442 2719 γε
479 2652 790 2722 προφητῶν,
824 2651 942 2704 οὑδὲ
971 2651 1156 2721 ἐτέρου
1187 2650 1331 2713 τινος
1361 2649 1794 2720 ἀπαγορεύοντος

218 2743 291 2797 τὰ
313 2744 542 2797 τοιαῦτα
563 2761 576 2773 ⁸
617 2744 846 2796 κᾶπειτα
878 2744 1153 2812 σοφίζεται
1188 2743 1286 2812 τὴν
1320 2742 1379 2806 ἐξ
1416 2740 1579 2796 αὑτοῦ
1615 2741 1795 2794 παιδο-

222 2835 438 2888 ποιῒαν·
479 2833 551 2904 μὴ
593 2833 809 2899 δείξασα
853 2833 982 2902 γοῦν
1014 2832 1210 2902 ἑαυτὴν
1241 2832 1322 2894 τίς
1359 2848 1488 2883 ποτε
1532 2827 1619 2901 ἦν,
1671 2847 1794 2882 συν-

220 2927 400 2980 ελθεῖν
435 2926 584 2996 αὐτῷ
614 2928 945 2997 μηχανᾶται·
983 2925 1115 2991 ὁμοῦ
1149 2925 1209 2977 τὸ
1244 2924 1454 2994 σῶφρον
1484 2923 1542 2977 τὸ
1577 2923 1791 2995 ἑαυτῆς,

219 3020 480 3074 κάκείνου
523 3018 584 3070 τὸ
625 3018 859 3089 ἀκρατὲς
900 3018 1303 3087 ἀπελέγχουσασ
1338 3019 1371 3087 ἡ
1422 3015 1518 3086 μὲν
1552 3015 1658 3086 γὰρ
1690 3034 1794 3086 μα-

219 3114 378 3183 κροῖς
458 3109 631 3163 ἐτεσιν
677 3108 822 3179 αὑτῷ
884 3109 1214 3180 πειθομένη,
1282 3111 1424 3179 χήρα
1494 3108 1585 3160 καὶ
1632 3107 1795 3170 ἅπαις

1886 1383 2006 1422 meo
2045 1370 2110 1420 ³⁷.
2150 1388 2167 1420 ι
2200 1367 2352 1423 Haud
2387 1372 2529 1424 enim
2579 1370 2878 1426 fornicandi
2912 1388 3074 1429 causa
3123 1377 3362 1446 prostitit
3388 1379 3445 1432 in

1885 1458 2042 1520 eella,
2079 1459 2173 1513 sed
2208 1460 2405 1528 pudico
2435 1462 2667 1516 consilio
2712 1472 2765 1517 et.
2813 1464 3106 1519 liberorum
3145 1469 3316 1536 gratia
3348 1466 3446 1522 Ju—

1885 1548 2009 1602 dam
2040 1561 2232 1604 venata
2258 1559 2362 1605 est.
2399 1553 2585 1622 Neque
2608 1554 2681 1606 rei
2702 1568 2867 1609 causa
2907 1555 3055 1609 latet.
3081 1556 3217 1612 HUIC
3245 1559 3446 1629 quippe

1885 1637 2055 1696 Judas
2077 1641 2430 1696 mandaverat
2456 1642 2602 1696 domi
2635 1651 2692 1697 ut
2711 1652 2978 1707 maneret,
2999 1645 3174 1701 donec
3209 1647 3446 1703 Silomus

1887 1729 2222 1785 adolesceret
2250 1729 2394 1786 filius
2426 1747 2599 1792 suus,.
2613 1733 2703 1802 qui
2729 1749 2848 1787 eam
2879 1734 3080 1789 deinde
3104 1751 3326 1791 uxorem
3348 1736 3449 1790 du-

1889 1830 2052 1875 ceret.
2087 1824 2207 1890 lpsa
2231 1837 2359 1877 vero
2385 1825 2640 1878 alacriter
2669 1825 3154 1895 ohtemperaverat,
3191 1829 3451 1882 sterilita-

1894 1911 1962 1965 tis
1982 1913 2194 1981 patiens
2216 1920 2378 1982 atque
2405 1913 2710 1975 viduitatis.
2736 1913 2889 1968 Iudae
2923 1919 3312 1984 sponsionibus
3339 1920 3449 1974 fre-

1893 2012 1966 2056 ta.
1995 2002 2100 2058 Sed
2131 2006 2275 2058 enim
2304 2021 2428 2059 cum
2455 2005 2544 2060 hic
2575 2007 2843 2074 promissa
2869 2022 2976 2061 non
3012 2009 3236 2072 faceret,
3271 2010 3363 2064 illa
3387 2010 3453 2064 Ii-

1892 2096 2143 2150 berorum
2185 2096 2455 2151 desiderio
2487 2099 2712 2166 percita,
2743 2101 2885 2169 quod
2912 2115 3099 2155 eorum
3147 2109 3452 2171 temporum

1893 2187 2139 2242 homines
2175 2192 2406 2244 maxime
2439 2191 2685 2260 urgebat,
2728 2194 3066 2248 sterilitatem
3125 2194 3178 2247 in
3225 2198 3455 2252 summis

1894 2280 2053 2333 malis
2089 2282 2247 2349 vulgo
2291 2297 2491 2351 ponere
2520 2284 2746 2347 solitos;
2776 2300 2944 2354 seque
2978 2301 3008 2339 a
3046 2285 3185 2340 Juda
3207 2287 3452 2342 delusam

1895 2371 2157 2435 sentiens,
2190 2372 2502 2443 frustraque
2540 2372 2688 2443 spem
2718 2376 2769 2429 in
2801 2377 2918 2445 ejus
2951 2378 3061 2432 tilio
3096 2380 3451 2446 collocatam;

1893 2463 2010 2531 ipsa
2041 2463 2142 2516 sibi
2181 2463 2356 2518 virum
2389 2466 2667 2528 conciliat,
2701 2468 2849 2520 nulla
2893 2470 3069 2522 adhuc
3101 2470 3215 2540 lege
3255 2470 3455 2542 Moysis

1895 2564 1984 2607 aut
2012 2556 2398 2625 prophetarum
2437 2565 2529 2611 aut
2549 2559 2841 2628 cujuslibet
2870 2561 3105 2615 hominis
3134 2562 3187 2616 id
3217 2569 3453 2617 vetante.
3485 2578 3491 2587 '

1895 2646 2030 2701 Tum
2067 2650 2298 2704 solerter
2325 2651 2598 2720 excogitat
2628 2668 2865 2721 quanam
2906 2654 3117 2708 ratione
3141 2669 3208 2709 ex
3243 2654 3362 2723 ipso
3392 2657 3460 2709 li~

1897 2740 2056 2795 beros
2092 2743 2375 2812 suscipiat.
2413 2742 2553 2813 Ergo
2579 2745 2753 2798 celata
2814 2745 3124 2800 conditione
3157 2761 3254 2801 sua
3293 2748 3458 2801 struit

1896 2831 2123 2887 insidias
2147 2839 2204 2886 ut
2227 2848 2349 2887 cum
2374 2849 2437 2888 eo
2468 2850 2578 2888 rem
2608 2835 2834 2900 habeat,
2859 2837 3018 2890 simul
3046 2839 3457 2908 temperantiam

1896 2938 2047 2977 suam
2078 2931 2240 2994 atque
2265 2926 2412 2982 illius
2437 2928 2886 2982 incontinentiam
2922 2938 3267 3000 coargutura.
3294 2929 3458 2982 Nam.

1897 3030 2000 3083 que
2029 3017 2146 3085 ipsa
2177 3015 2305 3069 dum
2341 3017 2528 3071 multis
2573 3019 2730 3072 annis
2776 3019 2851 3072 illi
2903 3020 3261 3089 obtemperat,
3281 3019 3460 3088 .vidua

1898 3107 2207 3178 sterilisque
2259 3118 2634 3178 permanserat
2669 3129 2681 3163 :
2719 3126 2951 3180 cumque
2978 3111 3028 3165 ei
3059 3110 3289 3168 facultas
3315 3124 3462 3168 esset

219 3202 507 3272 διέμενεν·
565 3200 697 3254 ἀλλά
741 3202 834 3253 καὶ
888 3202 1059 3270 παρὸν
1110 3198 1386 3269 γήμασθαι
1434 3199 1638 3270 ἑτέρῳ,
1700 3199 1793 3252 καὶ

1899 3200 2134 3256 nubendi
2170 3202 2348 3265 alteri,
2376 3203 2644 3272 matrique
2691 3203 2804 3257 ﬁeri
2846 3204 3141 3258 liberorum
3178 3221 3243 3258 ex
3266 3205 3462 3274 quovis

219 3295 433 3347 τέκνων
489 3292 698 3363 μητέρα
750 3291 813 3345 ἐκ
867 3308 1010 3354 τινος
1083 3288 1398 3358 ἁλλογενοῦς
1465 3288 1796 3358 καταστῆναι

219 3383 440 3455 ἀνδρὸς,
463 3385 523 3435 ού
548 3385 687 3435 ποιεῖ
712 3381 868 3433 τοῦτο
889 3397 900 3409 °
937 3381 1036 3449 τῆς
1059 3379 1163 3433 τῶν
1190 3379 1464 3450 προγόνων
1489 3378 1580 3431 τοῦ
1612 3377 1796 3440 Ἰούδα,

233 3474 496 3547 Ἀϐραὰμ
549 3475 641 3528 κοιλ⁵
681 3473 882 3537 Ἰσαὰκ,
932 3474 1024 3526 καὶ
1049 3472 1113 3542 δὴ
1163 3473 1254 3525 καὶ⁸
1295 3471 1394 3541 τῆς
1453 3469 1547 3523 τοῦ
1588 3469 1801 3541 Ἰσραὴλ

223 3566 552 3634 συγγενείας
585 3564 861 3635 ἐφιεμένη·
898 3567 925 3616 ὁ
953 3563 1008 3615 δὲ
1037 3562 1285 3633 χηρεύειν
1313 3563 1410 3632 τὴν
1435 3560 1598 3613 παῖδα
1631 3576 1800 3612 κατα-

222 3657 401 3712 λιπὼν
427 3698 442 3719 ,
481 3657 574 3710 καὶ
620 3657 784 3727 κόρην
836 3655 1039 3710 ἄπαιδα
1079 3655 1173 3707 ἐπὶ
1209 3653 1450 3723 μακροὺς
1494 3651 1800 3721 ἀναρτήσας

223 3753 480 3823 χρόνους,
511 3751 607 3820 οὑχ
640 3743 748 3814 οἷός
781 3767 838 3802 τε
869 3744 935 3820 ἧν
962 3749 1177 3819 κρατεῖν
1203 3745 1392 3799 ἑαυτοῦ
1419 3744 1554 3815 μετὰ
1577 3743 1674 3814 τὴν
1701 3743 1800 3811 τῆς

223 3844 492 3913 γυναικὸς
525 3844 805 3913 τελευτήνο
850 3841 964 3893 ἀλλ’
999 3841 1112 3910 ἅμα
1155 3839 1380 3909 τελευτᾷ
1418 3840 1450 3908 ἠ
1498 3837 1592 3890 τοῦ
1637 3835 1801 3889 Ἰούδα

225 3936 393 4008 γυνὴ,
436 3937 465 3988 ὁ
495 3936 571 3997 δὲ,
609 3933 830 4006 μηδενός
867 3949 980 3996 πως
1014 3931 1177 4003 νόμου
1209 3929 1317 3983 τῶν
1358 3929 1574 3983 τοιῶνδε
1615 3926 1804 3998 ἀπείρ-

223 4043 452 4096 γοντος,
488 4025 688 4096 πόρνην
737 4021 1019 4076 ὑπολαϐὼν
1051 4023 1146 4092 τὴν
1194 4019 1508 4092 εἰρημένην,
1552 4017 1803 4090 ἡλίσκετο

228 4120 373 4190 πρὸς
406 4117 576 4185 αὐτῆς
603 4117 662 4168 ού
700 4115 878 4168 δίκαια
923 4114 1174 4184 πράττων
1195 4134 1206 4144 ο
1241 4113 1324 4166 ὅτι
1354 4112 1417 4180 δὴ
1447 4110 1683 4175 τοιοῦτος
1729 4109 1803 4162 ὢν

231 4209 402 4272 αὑτὸς
454 4208 550 4278 τήν
601 4207 690 4260 ἐπὶ
727 4209 951 4278 μακροῖς
993 4205 1134 4258 ἔτεσι
1163 4204 1261 4268 τὰς
1300 4203 1618 4273 ὑποσχέσεις
1651 4202 1802 4256 ἐκδε-

233 4301 482 4371 ξαμένην
511 4298 605 4362 τὰς
640 4298 822 4363 αὑτοῦ,
859 4297 1140 4366 φιλόσοφόν
1178 4313 1237 4348 τε
1269 4296 1362 4349 καὶ
1415 4294 1662 4366 σώφρονα
1696 4293 1805 4363 βίον

233 4390 700 4460 ὲπιδεδειγμένην,
741 4389 1027 4460 ἀπεστέρει
1059 4387 1149 4442 τοῦ
1184 4387 1312 4458 περὶ
1349 4386 1443 4456 τὴν
1469 4384 1808 4438 παιδοποιῖαν

235 4480 480 4557 καρποῦ.

1899 3292 2219 3362 alienigena,
2255 3307 2363 3346 non
2396 3295 2628 3360 tulerat;
2661 3295 2755 3349 sed
2782 3294 2937 3350 Iuda:
2961 3295 3250 3365 majorum,
3283 3297 3462 3352 Abra-

1899 3383 2042 3438 hami
2057 3399 2270 3453 nempe,
2285 3384 2451 3438 lsaaci
2469 3392 2627 3454 atque
2646 3384 3236 3460 lsraelis,cognationes
3252 3391 3430 3444 malue
3443 3418 3462 3431 -

1899 3482 2003 3526 rat.
2050 3473 2253 3528 Contra
2298 3475 2344 3529 is
2378 3474 2470 3543 qui
2527 3475 2688 3528 tiliam
2742 3476 2797 3529 in
2830 3477 3091 3532 viduitate
3143 3478 3461 3547 reliquerat,

1899 3561 2249 3633 slerilemque
2302 3564 2534 3633 puellam
2567 3564 2621 3618 in
2653 3566 2869 3636 longum
2906 3576 3120 3636 tempus
3150 3567 3460 3631 distulerat,

1899 3665 2202 3725 temperare
2229 3657 2333 3711 sibi
2371 3672 2477 3711 non
2501 3659 2676 3726 potuit
2702 3667 2822 3728 post
2855 3661 3042 3716 uxoris
3073 3661 3304 3716 obitum.
3327 3660 3462 3715 Nam

1901 3750 2084 3803 statim
2121 3765 2185 3804 ac
2211 3748 2365 3804 ludas
2388 3765 2524 3804 uxor
2544 3748 2798 3805 defuncta
2835 3760 2940 3817 est,
2959 3752 3007 3808 is
3036 3753 3182 3808 nulla
3234 3753 3464 3808 fortasse

1901 3839 2018 3910 lege
2045 3854 2160 3893 rem
2195 3839 2464 3909 ejusmodi
2515 3841 2833 3910 prohibente
2871 3841 3004 3914 (15),
3033 3844 3160 3897 dum
3205 3842 3464 3898 feminam

1903 3932 2245 3986 meretricem
2280 3947 2402 3988 esse
2433 3933 2733 3995 existimat,
2767 3935 2835 3987 ab
2863 3948 2948 3996 ea,
2991 3935 3079 3988 cui
3111 3933 3291 3988 fuerat
3315 3933 3464 4004 inju-

1903 4027 2036 4088 rius,
2061 4026 2320 4097 deceptus
2343 4035 2428 4082 est
2457 4047 2468 4082 :
2511 4029 2600 4098 qui
2628 4039 2734 4083 tam
2768 4030 2977 4084 lubrico
3008 4033 3222 4101 ingenio
3269 4028 3466 4100 praedi-

1903 4125 2016 4182 tus,
2048 4121 2280 4188 puellam
2308 4129 2387 4174 tot
2428 4120 2540 4190 jam
2587 4122 2745 4175 annis
2775 4122 3231 4191 promissionibus
3254 4121 3375 4191 eius
3400 4119 3464 4173 li-

1905 4206 2142 4270 dentem,
2173 4217 2226 4263 et
2255 4210 2512 4264 solitaria;
2561 4211 2987 4280 temperantique
3026 4212 3148 4265 vitae
3199 4210 3464 4272 deditam,

1906 4299 2201 4353 liberorum
2230 4298 2409 4353 fructu
2438 4300 2703 4370 privabat.

310 4577 376 4646 β’.
411 4573 593 4647 Ταύτῃ
616 4569 708 4626 οὖν
735 4573 824 4626 τὸν
861 4572 1030 4643 ἄνδρα
1059 4571 1315 4634 ὑποδῦσα,
1345 4572 1407 4623 ὲκ
1436 4568 1654 4642 πρώτης
1680 4570 1797 4638 ὀμι-

1975 4570 2029 4623 2.
2057 4568 2150 4624 Sic
2201 4586 2330 4640 ergo
2380 4568 2672 4632 Thamara.
2705 4571 2940 4640 peractis
2988 4569 3214 4640 nuptiis,
3241 4568 3467 4640 gemina:

232 4669 356 4731 λίας
388 4665 609 4736 διδύμου
641 4664 800 4735 γονῆς
845 4662 904 4729 ἐξ
945 4663 1116 4718 αὑτοῦ·
1135 4663 1340 4732 γίνεται
1390 4663 1590 4733 μήτηρ,
1618 4659 1806 4713 τοῦτον

238 4762 381 4830 αὐτῇ
415 4756 510 4812 τοῦ
536 4755 669 4810 Θεοῦ
699 4755 905 4828 καρπὸν
935 4755 1032 4826 τῆς
1059 4753 1268 4825 ἀγαθῆς
1297 4753 1602 4824 προθέσεως
1647 4752 1805 4807 ἕνεκα

236 4849 650 4922 δεδωρημὲνουο
702 4845 876 4920 παρὸν
925 4845 1033 4916 γάρ
1083 4843 1259 4907 ἄλλοις
1305 4845 1502 4916 ἑαυτὴν
1543 4845 1803 4913 ἀγαγεῖν,

237 4943 335 4996 καὶ
356 4941 561 5012 ἑτέροις
587 4935 898 5007 ἀλλοφύλοις
920 4936 1013 4990 κοιλ⁸
1040 4933 1259 4988 ἀσεϐέσι
1283 4934 1632 5006 συναφθῆναι,
1651 4934 1807 4988 τοῦτο

243 5037 346 5106 μὲν
382 5035 447 5089 οὑ
480 5031 726 5102 διενοήθη
746 5047 760 5060 ο
794 5029 886 5083 τοῦ
915 5027 971 5082 δὲ
996 5027 1103 5080 τῶν
1141 5025 1398 5095 θεοφιλῶν
1430 5027 1616 5096 γένους
1643 5027 1807 5098 εὑχὴν

241 5127 448 5199 θεμένη
481 5123 900 5193 καταξιωθῆναι,
951 5122 1152 5193 καίπερ
1194 5117 1326 5175 οὖσα
1368 5120 1680 5189 ἀλλόφυλος,
1709 5119 1807 5192 τὴν

238 5218 511 5288 τοσαύτην
546 5214 975 5270 συνεσκευάσατο
1022 5213 1490 5286 δραματουργίαν·
1546 5214 1608 5266 οὑ
1671 5211 1807 5286 πρό-

240 5328 402 5382 τερον
444 5310 500 5363 δὲ
547 5311 580 5380 ἡ
630 5308 827 5378 Θάμαρ
858 5305 1055 5376 ἐτόλμα
1111 5308 1364 5376 παρεῖναι
1417 5304 1509 5357 ἐπὶ
1553 5303 1649 5375 τὴν
1711 5303 1806 5356 τοῦ

315 5449 361 5480 ³⁷
401 5445 539 5501 Gen.
573 5460 780 5499 xxxviii
803 5483 817 5506 ,
847 5442 937 5498 26.

319 5555 460 5682 (152,.
474 5553 629 5621 Quod
656 5553 732 5636 ait
759 5544 1025 5609 Eusebius
1054 5552 1201 5607 nulla
1234 5551 1465 5634 fortasse
1492 5549 1671 5633 adhuc
1694 5549 1807 5623 lege

319 5629 404 5682 oln
449 5636 582 5681 itum
617 5623 786 5680 fuisse
809 5639 837 5678 a
865 5622 1157 5678 scortando
1185 5620 1401 5682 Jndam,
1426 5623 1478 5676 id
1505 5623 1807 5682 intelligen-

245 5620 582 5698 prohibitum
603 5623 786 5698 fuisse
809 5639 837 5678 a
865 5622 1157 5698 scortando
1185 5620 1404 5698 ludam,
1426 5623 1478 5676 id
1505 5620 1807 5691 intelligen-

247 5693 379 5751 dum
402 5707 485 5752 est
507 5695 575 5750 de
603 5695 718 5764 lege
743 5694 885 5763 apud
905 5693 1226 5750 Palaestinos
1258 5693 1497 5764 publica,
1527 5708 1648 5762 qua:
1670 5708 1807 5764 nong

248 5767 380 5821 dum
436 5763 675 5821 fortasse
722 5766 1002 5835 proposita
1060 5763 1634 5835 fuerat.’Caeteroquin
1662 5763 1804 5835 apud

251 5839 546 5908 plerasque
595 5833 784 5906 gentes
837 5843 1000 5904 atque
1053 5833 1202 5887 omni
1252 5833 1492 5904 tempore
1543 5833 1803 5889 scortatio

564 5928 836 5990 ΡΑτιιοι..
868 5928 985 5990 Gn.
1025 5925 1226 5988 XXII.

1909 4661 2090 4716 statim
2121 4662 2290 4731 prolis
2338 4669 2510 4716 mater
2534 4662 2740 4730 evasit;
2775 4662 2878 4716 hoc
2919 4661 2992 4716 illi
3017 4661 3296 4732 praemium
3337 4662 3466 4717 boni

1908 4755 2171 4824 propositi
2209 4754 2473 4824 largiente
2505 4753 2634 4808 Deo.
2669 4753 2798 4821 Quae
2837 4754 2980 4808 enim
3012 4753 3134 4808 aliis
3153 4767 3214 4808 se
3253 4751 3466 4808 tradere

1908 4852 2189 4914 potuerat,
2241 4853 2406 4915 atque
2470 4844 2694 4901 amasiis
2760 4844 3080 4916 alienigenis
3125 4844 3468 4914 ethnicisque

1909 4935 2012 4991 frui
2039 4976 2054 5000 ,
2079 4937 2212 4992 nihil
2231 4937 2504 5007 ejusmodi
2545 4938 2732 4993 molita
2760 4944 2883 4995 est:
2918 4937 3012 4993 sed
3040 4937 3223 5007 potius
3258 4937 3470 5007 rogavit

1907 5035 1968 5082 ut
1993 5027 2208 5099 piorum
2241 5029 2522 5084 hominum
2549 5045 2744 5100 genere
2773 5031 2933 5100 digna
2963 5029 3130 5083 ﬁeret.
3153 5027 3220 5082 Et
3249 5027 3468 5098 quidem

1908 5132 2032 5172 cum
2053 5118 2169 5187 ipsa
2207 5127 2351 5174 esset
2372 5119 2543 5189 stirpe
2572 5119 2894 5190 alienigena,
2923 5118 3083 5188 talem
3107 5125 3327 5187 tamque
3351 5116 3472 5170 lau-

1891 5209 2142 5265 dabilem
2198 5223 2483 5279 personam
2563 5211 2843 5267 sustinuit.
2903 5207 3267 5278 Praeterquam
3325 5207 3468 5278 quod

1909 5303 2177 5359 Thamara
2205 5302 2351 5358 haud
2377 5303 2530 5373 prius
2564 5317 2698 5359 ausa
2719 5310 2804 5358 est
2839 5317 2952 5357 rem
2984 5300 3184 5357 habere
3210 5313 3335 5354 cum
3370 5296 3470 5354 Ju-

1947 5547 2236 5619 ropudiosa
2271 5540 2372 5602 fuit
2404 5554 2458 5602 et
2474 5545 2701 5619 _illicit_a._
2731 5543 2918 5619 Neque
2942 5543 2993 5598 id
3016 5556 3236 5619 mirum,
3259 5539 3476 5597 dicente

1933 5614 2076 5674 ’aulo
2102 5617 2121 5670 l
2157 5617 2284 5674 Cor.
2336 5632 2410 5680 vr,
2433 5616 2520 5682 18,
2558 5617 2644 5689 qui
2675 5614 2989 5689 fornicatur,
3018 5614 3071 5667 in
3103 5625 3292 5689 corst
3319 5623 3473 5689 sum}!

1905 5698 2117 5758 peccat,
2167 5704 2276 5758 quo
2327 5678 2515 5757 super
2548 5678 2700 5743 dicto
2744 5685 2942 5758 legesis
2975 5678 3474 5753 'sancti'Gregorii

1907 5759 2136 5816 stseni
2173 5759 2495 5815 orationem.

3081 5914 3158 5975 29
