3938 6530
500 425 601 505 90'!

1215 413 1486 475 EUSEBII
1523 412 2002 471 CAESARIENSIS
2039 410 2190 467 OPP.
2231 407 2411 463 PARS
2443 404 2535 462 111.
2569 437 2641 449 -ο
2678 402 3086 463 EXEGETICA.
3622 410 3709 468 903

499 545 591 608 da,
624 556 787 613 quam
829 539 993 611 hujus
1018 554 1155 593 uxor
1189 537 1326 593 obiit
1359 557 1371 592 :
1416 552 1523 609 qua
1568 535 1810 592 nondum
1868 534 2066 589 exstin«

2188 530 2353 584 Ἰούδα
2372 528 2689 591 κοινωνίαν,
2718 527 2753 597 ἢ
2792 525 3034 579 ἐκποδὼν
3065 524 3319 594 γενέσθαι
3354 524 3451 597 τὴν
3480 526 3709 599 προτέρω

499 643 608 696 cta,
636 632 742 688 tale
780 630 910 700 quid
935 627 1152 701 aggredi
1186 626 1340 683 nefas
1358 642 1480 683 esse
1505 633 1809 698 putaverat.
1846 623 2077 678 Mansis-

500 729 582 776 set
614 720 798 790 itaque
847 718 1023 789 patria
1074 717 1126 771 in
1161 717 1324 771 domo
1351 716 1437 771 vel
1469 723 1734 787 perpetuo
1781 715 2074 769 liberorum

498 828 717 882 expers,
768 811 874 864 nisi
915 810 1265 864 occasionem
1317 808 1423 865 sibi
1470 807 1652 863 favere
1699 806 2071 879 cognovisset;

500 905 751 974 ideoque,
783 911 841 957 ut
864 902 998 968 dixi,
1041 901 1150 957 Deo
1181 917 1281 957 usa
1319 910 1404 958 est
1433 901 1703 972 adjutore,
1735 905 1825 973 qui
1859 916 1923 956 ex
1964 917 2075 955 uno

498 1011 621 1048 cum
654 994 792 1047 Juda
824 1009 1122 1065 congressu
1157 993 1397 1064 gemellae
1441 992 1607 1063 prolis
1662 992 1996 1047 cumulatum
2024 992 2073 1046 ei

499 1088 728 1159 largitus
749 1096 831 1142 est
861 1086 1133 1141 fructum:
1165 1086 1328 1141 simul
1360 1085 1414 1140 in
1436 1085 1734 1141 liberorum
1771 1084 2076 1156 generatio-

498 1198 567 1236 ne
622 1197 878 1235 arcanam
935 1180 1259 1234 machinans
1310 1178 1710 1249 providentiam
1754 1197 1766 1231 :
1804 1177 1874 1232 ob
1910 1192 2071 1247 quam

496 1273 844 1344 potissimum
879 1272 1132 1328 existimo
1160 1272 1229 1325 ah
1263 1270 1468 1342 inclyto
1490 1269 1821 1340 evangelista
1855 1282 2072 1324 omnem

496 1366 662 1435 hujus
694 1366 772 1421 rei
802 1365 1135 1421 mentionem
1167 1363 1221 1416 in
1269 1361 1581 1418 Servatoris
1616 1361 1791 1416 nostri
1817 1360 2075 1431 genealo-

495 1455 583 1527 gia
608 1456 778 1511 fuisse
807 1454 1281 1524 comprehensam.
1310 1451 1569 1509 Gemellis
1600 1452 1747 1507 enim
1774 1468 1805 1507 e
1837 1451 2073 1506 Thama-

495 1566 556 1605 ra
588 1550 731 1604 natis
763 1548 952 1603 liberis
984 1546 1119 1601 Zara
1144 1554 1199 1601 et
1227 1545 1452 1609 Phares,
1478 1560 1587 1599 non
1627 1545 1880 1615 vulgares
1909 1559 2072 1599 even-

494 1650 588 1697 tus
628 1640 844 1696 videtur
876 1639 1009 1693 mihi
1043 1654 1106 1692 ex
1148 1638 1342 1693 horum
1376 1637 1732 1707 generatione
1788 1636 2069 1708 Scriptura

494 1732 843 1802 portendere.
875 1733 1051 1800 Atque
1082 1730 1287 1784 idcirco
1320 1728 1605 1785 Matthaaus
1635 1730 1920 1786 amborum
1944 1744 2067 1784 cum

494 1831 670 1877 matre
713 1821 958 1876 meminit
990 1820 1075 1874 his
1100 1818 1281 1874 verbis
1308 1838 1319 1873 :
1348 1838 1366 1870 ι
1384 1818 1557 1874 Judas
1578 1820 1763 1891 genuit
1781 1818 1989 1875 Phares
2014 1828 2068 1876 et

2178 621 2342 676 αὑτοῦ
2380 620 2658 691 γαμετήν·
2697 617 2803 690 πρὸ
2835 618 2929 671 τοῦ
2968 618 3172 689 ταύτης
3213 616 3443 671 θανάτου
3480 618 3570 688 οὐχ
3592 620 3711 675 ὅσιον

2176 714 2453 785 ἡγουμένη
2486 712 2546 765 τὸ
2574 710 2911 782 ἐπιχείρημα
2935 727 2946 738 ·
2984 708 3144 780 ἔμενε
3174 710 3304 778 γοῦν
3344 711 3472 782 παρ’
3497 711 3641 784 ἑαυτῇ
3664 713 3709 767 έν

2174 806 2253 877 τῷ
2284 806 2416 875 οίκῳ
2446 802 2540 857 τοῦ
2564 802 2771 875 πατρὸς
2797 803 2985 873 αὐτῆς,
3014 802 3213 873 καίπερ
3238 798 3377 857 οὖσα
3404 802 3610 867 ἄτεκνος
3628 804 3708 858 κᾶν

2178 897 2338 968 μέχρι
2371 896 2554 959 τέλους
2579 894 2746 959 ἅπαις
2773 894 3037 966 διέμενεν,
3078 896 3127 948 εί
3162 896 3237 968 μὴ
3268 895 3363 949 τὸν
3395 894 3573 966 καιρὸν
3598 897 3706 968 αύτῇ

2177 987 2533 1042 ωλλαὸέσθαι
2582 988 2856 1058 ἡγήσατο·
2896 987 2975 1041 διὸ
3020 986 3106 1057 δὴ,
3154 987 3229 1050 ὡς
3258 986 3416 1056 ἔφην,
3450 986 3573 1040 Θεοῦ
3607 1005 3707 1041 κατ·

2175 1079 2417 1146 αξιοῦται
2456 1079 2739 1152 συνεργοῦ,
2770 1080 2827 1144 ὃς
2858 1082 2922 1133 ἐκ
2960 1081 3087 1151 μιᾶς
3119 1078 3214 1132 τοῦ
3249 1078 3421 1132 Ἰούδα
3448 1078 3706 1144 κοινωνίας,

2174 1172 2381 1227 παίδων
2431 1173 2569 1244 αὐτῇ
2623 1170 2816 1225 διττῶν
2865 1171 3076 1244 ἀθρόως
3126 1172 3441 1243 ἐδωρήσατο
3495 1173 3704 1246 καρπόνο

2173 1265 2308 1336 ὁμοῦ
2358 1264 2487 1336 περὶ¹
2533 1263 2629 1335 τὴν
2666 1261 2775 1317 τῶν
2822 1263 3027 1317 παίδων
3078 1262 3291 1331 γένεσιν
3355 1261 3707 1335 μυστηριώδεις

2172 1356 2431 1411 ἐπιτελῶν
2464 1356 2803 1427 οίκονομίας·
2846 1356 2912 1409 δι’
2946 1355 3013 1421 ἃς
3056 1356 3149 1409 καὶ
3182 1352 3339 1427 οἶμαι
3382 1354 3598 1425 μάλιστα
3635 1356 3706 1409 τὸν

2174 1448 2472 1519 Θαυμάσιον
2518 1447 2905 1519 εύαγγελιστὴν
2938 1448 3036 1519 τὴν
3084 1449 3264 1501 πᾶσαν
3320 1448 3532 1519 μνήμην
3560 1446 3705 1500 αὐτῶν

2172 1544 2237 1612 τῇ
2280 1540 2373 1594 τοῦ
2422 1541 2671 1612 Σωτῆρος
2716 1539 2874 1610 ήμῶν
2925 1539 3354 1612 συμπεριλαϐεῖν
3394 1539 3701 1611 γενεαλογίᾳ·

2171 1632 2407 1705 διδύμων
2437 1632 2545 1703 γὰρ
2594 1632 2799 1687 παίδων
2856 1631 2913 1699 ἐξ
2967 1632 3136 1704 αὐτῆς
3190 1633 3513 1703 γενομένων,
3534 1632 3617 1687 τοῦ
3656 1649 3704 1687 τι

2172 1728 2321 1799 Ζαρᾶ
2350 1728 2444 1781 καὶ
2473 1725 2568 1779 τοῦ
2596 1726 2789 1798 Φαρὲς,
2822 1724 2881 1778 ού
2903 1723 2970 1777 τὰ
2994 1726 3223 1795 τυχόντα
3252 1742 3345 1797 μοι
3374 1725 3517 1779 δοκεῖ
3538 1727 3595 1779 ἐκ
3624 1725 3700 1797 τῆς

2170 1816 2374 1870 τούτων
2413 1816 2680 1885 γενέσεως
2717 1818 2746 1869 6
2777 1814 2877 1886 τῆς
2920 1815 3143 1888 Γραφῆς
3174 1817 3505 1871 αἰνίττεσθαι
3549 1816 3698 1884 λόγος’

497 1910 690 1965 Zaram
712 1911 779 1965 de
794 1909 1051 1963 Thamar.
1078 1929 1096 1961 ι
1118 1908 1228 1964 Cur
1249 1909 1398 1963 enim
1412 1909 1464 1963 ei
1484 1924 1591 1964 non
1623 1907 1834 1964 suffecit
1861 1908 2065 1973 dicere,

2169 1908 2249 1961 διὸ
2286 1907 2379 1961 καὶ
2425 1908 2623 1979 ἀμφοῖν
2676 1887 3044 1979 μνημονεῦσαι
3088 1908 3178 1962 τὸν
3220 1908 3494 1963 Ματθαῖον
3537 1910 3621 1980 τῆς
3655 1927 3700 1963 τι

494 2004 665 2059 Judas
697 2003 883 2073 genuit
923 2001 1168 2057 Phares?
1194 2002 1562 2071 prater-misso
1592 2000 1730 2054 Zara
1758 2042 1773 2066 ,
1799 2001 1945 2072 quod
1989 2000 2061 2055 fe-

496 2100 572 2152 cit
605 2099 658 2152 in
707 2095 933 2161 Jacobo,
965 2110 1075 2167 quo
1128 2110 1239 2151 uno
1288 2102 1611 2159 memorato,
1670 2090 1906 2149 Esavum
1947 2092 2069 2147 reti-

497 2191 629 2246 cuit.

565 2463 618 2515 3.
652 2460 815 2516 Addit
839 2460 1003 2517 etiam
1034 2476 1100 2515 ex
1134 2472 1241 2531 qua
1276 2464 1452 2513 matre
1484 2453 1595 2510 sint
1623 2453 1759 2517 nati,
1792 2466 1985 2522 nempe
2003 2466 2067 2505 ex

496 2554 765 2609 Thamara
810 2574 822 2608 :
880 2553 1079 2624 quibus
1134 2550 1313 2607 verbis
1366 2549 1616 2603 hortatur
1672 2542 2071 2615 quodammodo

496 2661 595 2702 nos
634 2646 697 2701 ad
724 2645 1180 2701 considerandam
1228 2642 1423 2697 horum
1476 2638 1786 2694 historiam.
1826 2637 1938 2706 Age
1987 2650 2072 2689 ve-

494 2754 559 2791 ro
620 2738 674 2793 in
734 2737 933 2793 Genesi
986 2734 1199 2806 Moyses
1246 2734 1361 2789 hac
1407 2733 1526 2786 ait:
1560 2747 1577 2781 ι
1612 2728 1748 2784 Cum
1783 2728 1897 2797 jam
1926 2733 2072 2782 esset

497 2832 741 2901 paritura
789 2829 1083 2891 Thamara,
1137 2826 1351 2897 gemelli
1395 2829 1553 2880 erant
1594 2822 1651 2876 in
1701 2829 1857 2874 utero
1903 2817 2067 2888 ejus:

494 2925 735 2993 dumque
757 2928 993 2990 pareret,
1011 2934 1153 2974 unus
1178 2917 1406 2988 protulit
1432 2928 1678 2977 manum,
1710 2926 1819 2983 qua
1852 2917 2071 2981 arrepta

495 3014 764 3070 obstetrix
813 3009 1057 3082 alligavit
1090 3012 1139 3065 ei
1193 3008 1482 3065 coccinum
1516 3008 1707 3062 dicens
1740 3026 1752 3061 :
1792 3004 1892 3060 Hic
1922 3004 2073 3075 prior

494 3106 684 3162 exiluit.
721 3103 826 3160 Sed
856 3104 1003 3160 enim
1033 3118 1098 3157 eo
1117 3101 1430 3157 retrahente
1452 3115 1697 3164 manum,
1732 3099 1916 3154 statim
1939 3095 2073 3153 exiit

496 3200 664 3252 f‘ratcr
685 3196 825 3267 ejus.
856 3195 1054 3266 Aitque
1103 3194 1337 3249 mulier:
1370 3192 1480 3248 Cur
1513 3190 1689 3246 divisa
1725 3196 1811 3247 est
1848 3196 2070 3260 propter

495 3301 551 3349 te
583 3291 855 3346 maceria?
900 3288 1147 3359 dixitque
1183 3302 1379 3342 nomen
1418 3285 1540 3355 ejus
1592 3282 1819 3339 Phares.
1861 3281 2065 3337 Deinde

493 3400 749 3455 egressus
798 3392 879 3438 est
910 3383 1077 3437 frater
1104 3380 1247 3451 ejus,
1281 3382 1335 3434 in
1357 3379 1515 3449 cujus
1544 3391 1708 3431 manu
1741 3382 1858 3430 erat
1880 3372 2065 3429 cocci-

492 3492 625 3533 num
659 3495 673 3531 :
715 3475 1041 3545 vocavitque
1088 3488 1287 3530 nomen
1319 3471 1445 3541 ejus
1501 3469 1697 3524 Zaram
1727 3468 1793 3522 ³⁸.
1824 3485 1845 3519 ι
1900 3464 2065 3521 Vides

492 3569 772 3643 generatio
802 3568 1189 3639 praedictorum
1242 3572 1443 3636 quanta
1501 3561 1799 3626 contineat,
1832 3573 2063 3631 quorum

494 3677 659 3719 causa
683 3660 876 3733 opinor
906 3676 1013 3715 non
1046 3675 1168 3715 esse
1200 3657 1420 3714 silentio
1452 3669 1640 3727 pressa
1668 3670 1787 3725 quae
1818 3653 1955 3724 apud
1982 3652 2067 3706 in-

494 3757 698 3828 clytum
733 3752 1123 3824 evangelistam
1154 3749 1539 3819 significantur
1567 3746 1637 3802 ab
1670 3746 1757 3801 his
1781 3743 2061 3815 mysteria.

494 3846 680 3915 Itaque
706 3860 865 3901 sacer
892 3842 1190 3912 Apostolus
1219 3840 1547 3895 vocabulum
1592 3836 1846 3893 maceria:
1895 3836 2064 3890 inter-

490 3949 715 4010 pretans
762 3938 837 4007 (et
881 3935 1101 4006 quidem
1142 3933 1375 3988 fortasse
1412 3946 1522 4002 quo
1570 3930 1692 3986 loco
1719 3930 1924 3985 dictum
1957 3935 2062 3991 est,

492 4045 593 4085 cur
624 4028 799 4083 divisa
825 4033 908 4082 est
942 4033 1164 4096 propter
1198 4032 1249 4079 te
1302 4021 1598 4092 maceria)?
1632 4021 1712 4075 sic
1742 4021 1818 4075 ait
1846 4021 1902 4073 in
1940 4016 2064 4087 Epi-

493 4121 637 4175 stola
665 4120 732 4173 ad
766 4117 1030 4189 Ephesios
1064 4135 1079 4171 :
1123 4133 1141 4165 ι
1172 4115 1291 4184 Ipse
1315 4114 1460 4169 enim
1487 4120 1571 4167 est
1601 4126 1705 4182 pax
1725 4120 1925 4174 vestra,
1969 4107 2060 4179 qui

494 4133 637 4175 stota
665 4133 732 4173 an
769 4133 961 4189 prCSI
1005 4133 1030 4173 S
1064 4135 1079 4171 :
1123 4133 1141 4165 ι
1174 4133 1291 4184 Ipse
1315 4133 1460 4169 eutm
1487 4133 1571 4167 BSt
1601 4133 1705 4182 pax
1725 4133 1925 4174 vesua,
1969 4133 2060 4179 qui

494 4214 623 4268 fecit
670 4220 900 4280 utraque
928 4133 1117 4272 uﬁum,
1148 4214 1203 4263 et
1230 4206 1468 4262 medium
1505 4203 1768 4275 parietem
1815 4200 2064 4256 maceriae

495 4305 732 4367 solvens,
762 4300 1079 4357 inimicitias
1111 4300 1165 4353 in
1211 4312 1375 4353 carne
1416 4312 1537 4362 sua,
1569 4295 1742 4365 legem
1776 4292 2062 4347 mandato-

493 4413 614 4453 rum
650 4395 886 4451 decretis
919 4408 1216 4459 evacuans,
1253 4399 1312 4445 ut
1345 4390 1484 4445 duos
1512 4388 1712 4443 condat
1760 4387 1815 4442 in
1862 4395 2054 4442 semet-

491 4492 611 4560 ipso
642 4489 696 4542 in
727 4503 894 4542 unum
933 4500 1131 4541 novum
1169 4484 1477 4544 hominem:
1506 4490 1559 4537 et
1590 4480 1906 4537 reconciliet
1946 4493 2060 4533 am-

491 4583 591 4641 bos
619 4584 673 4638 in
705 4597 813 4638 uno
836 4594 1064 4649 corpore
1097 4577 1207 4632 Deo
1223 4579 1290 4630 υ.
1331 4595 1349 4628 ι

560 4763 616 4817 4.
652 4760 769 4815 Jam
796 4774 925 4814 vero
948 4757 1033 4812 his
1077 4764 1311 4810 mentem
1356 4753 1663 4818 intendens,
1698 4753 1902 4811 videsis
1931 4768 2058 4815 num

492 4852 633 4907 forte
701 4850 935 4905 duorum
995 4846 1378 4917 praedictorum
1432 4845 1724 4915 c0njuncta
1784 4844 2058 4909 nativitas,

492 4962 688 5016 nempe
720 4953 773 4999 et
803 4942 1008 4996 Phares
1040 4948 1261 5011 propter
1309 4954 1469 5007 quem
1526 4937 1669 4991 facta
1727 4946 1810 4993 est
1841 4938 2057 5003 divisio,

491 5050 546 5095 et
597 5037 798 5109 prioris
846 5036 935 5105 qui
978 5048 1197 5088 manum
1235 5031 1530 5101 protendit;
1583 5030 1854 5099 posterior
1880 5040 2059 5085 autem

491 5132 646 5194 exiit,
676 5128 945 5201 significet
977 5126 1208 5180 duarum
1240 5126 1475 5179 vitarum
1498 5139 1719 5195 genera,
1745 5125 1947 5195 quibus
1972 5125 2057 5179 usi

491 5231 618 5279 sunt
652 5224 729 5276 illi
760 5221 1008 5275 homines
1036 5218 1129 5287 qui
1155 5216 1320 5272 Deum
1344 5213 1559 5269 Patrem
1605 5216 1804 5271 habere
1849 5232 2062 5272 merue-

492 5323 649 5380 runt;
674 5314 870 5383 partim
904 5312 960 5364 in
1005 5308 1316 5380 Evangelio,
1351 5308 1549 5377 partim
1591 5308 1645 5362 in
1674 5309 1789 5380 lege
1824 5308 2060 5365 Mosaica

493 5410 824 5463 victitantes.
856 5408 915 5460 ln
949 5406 1033 5459 his
1068 5403 1218 5473 prior
1249 5416 1468 5457 manum
1504 5401 1732 5471 protulit
1757 5403 1862 5457 vita
1895 5417 2063 5457 evan-

490 5502 695 5571 gelica;
722 5515 898 5569 neque
934 5505 1113 5552 tamen
1160 5494 1347 5550 eadem
1398 5494 1454 5548 in
1500 5494 1674 5549 lucem
1719 5496 1869 5566 prior
1896 5497 2061 5564 exiit;

492 5592 587 5647 sed
617 5606 778 5645 manu
817 5597 1072 5651 retracta,
1119 5586 1242 5641 vita:
1297 5583 1569 5650 Mosaicae,
1625 5600 1747 5655 qua:
1794 5588 2065 5655 posterior

490 5688 629 5745 erat,
662 5678 901 5749 permisit
941 5677 1128 5748 prima:
1165 5675 1333 5731 exire.
1373 5672 1463 5729 Sic
1496 5674 1584 5729 illa
1611 5690 1730 5745 qua:
1759 5677 1908 5745 prior
1923 5686 2058 5743 erat,

561 5856 604 5887 "
679 5855 813 5911 Gen.
852 5868 1088 5915 xxxvm,
1127 5850 1313 5906 27-30.
1391 5853 1433 5883 ²⁹
1476 5850 1672 5921 Ephcs.
1716 5866 1787 5917 ιι,
1831 5852 2017 5910 Η-Ιϐ.

2170 1999 2375 2054 τούτων
2432 2000 2634 2072 μητρὸς
2680 2000 2899 2054 είπόντα
2940 2019 2959 2052 ι
3005 2002 3203 2064 Ἰούδας
3253 2001 3312 2055 δὲ
3350 2002 3589 2073 ἐγέννησε
3630 2002 3700 2053 τὴν

2170 2094 2319 2163 Ζαρᾶ
2349 2093 2413 2145 ἐκ
2434 2092 2531 2162 τῆς
2557 2091 2773 2165 Θάμαρ·
2801 2112 2818 2143 ι
2851 2092 2937 2147 διὰ
2959 2093 3011 2146 τί
3044 2093 3153 2164 γὰρ
3182 2094 3283 2147 ούκ
3299 2093 3532 2168 ἠρκέσθη
3549 2094 3696 2165 φάναι,

2184 2184 2381 2248 Ἰούδας
2425 2184 2681 2256 ἐγέννησε
2714 2185 2806 2239 τὸν
2834 2186 3038 2258 Φαρὲς,
3084 2186 3410 2257 παραλιπὼν
3438 2189 3523 2244 τὸν
3562 2192 3696 2262 Ζαρᾶ.

2170 2279 2307 2349 ὅπερ
2362 2278 2657 2348 πεποίηκεν
2706 2279 2799 2332 ἐπὶ
2839 2279 2934 2332 τοῦ
2993 2280 3220 2345 ἰακώός
3277 2282 3440 2354 μόνου
3489 2282 3584 2355 γὰρ
3625 2284 3697 2336 τοῦ

2183 2368 2373 2423 Ἰακὼϐ
2400 2368 2677 2441 μνησθεὶς,
2712 2371 3005 2443 ἀποσιωπᾷ
3023 2372 3114 2427 τὸν
3154 2373 3345 2427 Ἡσαῦ.

2239 2460 2305 2530 γ’.
2347 2462 2677 2533 Προστίθησι
2708 2462 2763 2516 δὲ
2785 2464 2879 2516 καὶ
2901 2462 3009 2517 ἀπὸ
3040 2465 3185 2529 τίνος
3225 2465 3451 2538 μητρὸς,
3482 2464 3629 2533 λέγων
3648 2466 3696 2517 ἐκ

2169 2554 2268 2624 τῆς
2294 2554 2507 2627 Θάμαρ,
2542 2555 2872 2626 παρακαλῶν
2906 2557 3304 2627 ἐπισκέψασθαι
3336 2559 3434 2631 τὴν
3463 2560 3577 2629 περὶ
3601 2558 3695 2609 τοῦ·

2170 2664 2277 2699 των
2310 2648 2550 2719 ἱστορίαν
2569 2665 2583 2679 ·
2624 2648 2822 2720 γράφει
2843 2648 2975 2717 γοῦν
3002 2652 3030 2703 6
3055 2650 3300 2721 Μωῦσῆς
3328 2652 3389 2703 ἐν
3425 2652 3487 2721 τῇ
3521 2649 3695 2702 Γινέσει

2170 2738 2370 2807 λέγων’
2408 2757 2425 2790 ι
2464 2739 2711 2807 Ἐγένετο
2746 2738 2802 2793 δὲ
2836 2740 2999 2810 ήνίκα
3026 2728 3204 2794 ἔτικτε
3233 2740 3450 2812 Θάμαρ,
3479 2740 3565 2794 καὶ
3596 2737 3695 2810 τῇδε

2169 2826 2236 2903 ἦν
2265 2830 2462 2902 δίδυμα
2518 2832 2576 2884 ἐν
2607 2834 2673 2902 τῇ
2718 2833 2917 2903 γαστρί⁵
2962 2832 3166 2901 αὐτῆς·
3214 2833 3434 2901 ἐγένετο
3468 2831 3521 2886 δὲ
3568 2829 3696 2901 ἐντῷ

2170 2924 2375 2976 τίκτειν
2402 2923 2588 2994 αὐτὴν,
2615 2926 2643 2977 6
2667 2917 2745 2987 εἷς
2771 2924 3137 2996 προεξήνεγκε
3158 2924 3261 2996 τὴν
3294 2929 3450 2998 χεῖρα
3467 2942 3479 2955 ·
3501 2922 3694 2977 λαϐοῦσα

2168 3009 2225 3063 δὲ
2259 3011 2290 3081 ἠ
2328 3012 2483 3081 μαῖα,
2520 3010 2709 3081 ἔδησεν
2758 3013 2849 3065 ἐπὶ
2898 3012 2995 3085 τὴν
3048 3018 3204 3085 χεῖρα
3258 3014 3423 3069 αὐτοῦ
3468 3014 3693 3074 κόκκινον,

2170 3101 2420 3171 λέγουσα,
2455 3098 2607 3167 οὗτος
2638 3104 3084 3176 προεξελεύσεται
3107 3107 3373 3180 πρότερος
3392 3126 3404 3139 υ
3430 3108 3500 3172 ὡς
3528 3107 3577 3160 δὲ
3600 3107 3691 3158 ἐπι-

2173 3196 2447 3265 συνήγαγε
2471 3194 2569 3267 τὴν
2598 3197 2773 3266 χεῖρα,
2805 3195 2965 3261 εὐθὺς
2988 3196 3207 3268 ἐξῆλθεν
3225 3200 3254 3251 6
3280 3198 3499 3268 ἀδελφὸς
3528 3194 3689 3252 αὐτοῦ’

2168 3287 2200 3356 ἡ
2233 3286 2288 3339 δὲ
2321 3282 2473 3339 εἶπεν
2496 3302 2508 3315 θ
2541 3287 2592 3340 τί
2623 3286 2846 3359 διεκόπη
2878 3287 2966 3341 διὰ
2994 3289 3052 3343 σέ
3087 3290 3375 3363 φραγμόςς
3399 3292 3487 3343 καὶ
3509 3287 3692 3342 ἐκάλεσε

2165 3378 2226 3430 τὸ
2271 3378 2438 3449 ὄνομα
2470 3377 2635 3431 αὐτοῦ
2667 3379 2872 3450 Φαρές·
2905 3379 3003 3433 και
3048 3382 3185 3452 μετὰ
3230 3382 3390 3435 τοῦτο
3438 3380 3634 3449 ἐξῆλθεν
3671 3378 3696 3431 6

2166 3469 2393 3538 ἀδελφὸς
2423 3469 2609 3534 αὑτοῦ,
2642 3471 2726 3540 ἐφ’
2760 3463 2805 3539 ᾧ
2827 3472 2919 3524 ἐπὶ
2956 3475 3020 3544 τῇ
3055 3474 3198 3544 χειρὶ
3243 3472 3410 3527 αὑτοῦ
3454 3473 3691 3527 κόκκινονο

2167 3564 2259 3616 καὶ
2292 3562 2517 3617 ἐκάλεσε
2535 3563 2597 3616 τὸ
2621 3563 2790 3635 δνομα
2822 3564 2985 3619 αὑτοῦ
3010 3567 3210 3637 Ζαρᾶ.»
3249 3566 3411 3638 Ὁρᾷς
3436 3565 3589 3620 ὁπόσα
3610 3560 3694 3616 τῶν

2166 3656 2468 3726 εἰρημένων
2500 3658 2533 3727 ὴ
2564 3655 2776 3724 γένεσις
2801 3657 3076 3729 περιέχει;
3105 3652 3179 3713 ὧν
3208 3657 3371 3713 ἕνεκα
3396 3657 3609 3730 ἡγοῦμαι
3634 3653 3691 3725 μὴ

2166 3748 2691 3820 παρασεσιωπῆσθαι
2744 3749 2810 3803 τὰ
2843 3751 2993 3822 παρὰ
3045 3750 3124 3823 τῷ
3179 3751 3465 3824 θαυμασίῳ
3506 3751 3690 3817 εὐαγγε-

2164 3840 2316 3912 λιστῇ
2348 3842 2416 3895 τὰ
2457 3844 2514 3905 ἐν
2548 3842 2757 3909 τούτοις
2808 3844 3132 3916 αἰνίγματα’
3178 3846 3346 3916 φησὶν
3388 3841 3474 3898 οὖν
3505 3846 3530 3897 6
3577 3838 3689 3913 ίερδς

2178 3934 2486 3999 Ἀπόστολος
2512 3936 2878 4007 διερμηνεύων
2911 3937 2981 3989 τὰ
3011 3939 3139 4009 περὶ
3170 3938 3264 3991 τοῦ
3296 3936 3536 4010 φραγμοῦ
3561 3933 3689 4005 (τάχα

2165 4042 2267 4077 που
2300 4028 2426 4098 περὶ
2458 4020 2519 4079 οὗ
2565 4027 2812 4099 εἴρηται,
2847 4030 2900 4082 τί
2941 4029 3165 4099 διεκόπη
3212 4029 3303 4083 διὰ
3360 4031 3418 4083 σέ
3448 4024 3685 4100 φραγμδς)

2162 4110 2265 4171 ὧδέ
2300 4134 2415 4181 πως
2446 4120 2504 4171 ἐν
2536 4121 2601 4189 τῇ
2649 4118 2783 4190 πρὸς
2841 4120 3121 4188 Ἐφεσίους
3161 4119 3475 4190 Ἐπιστολῇ·
3512 4113 3687 4174 «Δύτδς

2162 4208 2271 4280 γάρ
2293 4210 2439 4262 ἐστιν
2465 4210 2497 4279 ἡ
2531 4209 2721 4280 είρήνη
2755 4209 2928 4279 ὑμῶν,
2958 4211 3187 4282 ποιήσας
3219 4210 3288 4263 τὰ
3332 4210 3590 4281 ἀμφότερα
3615 4203 3683 4255 ἐν’

2164 4302 2255 4354 καὶ
2275 4300 2336 4353 τὸ
2363 4300 2675 4371 μεσότοιχον
2698 4299 2791 4353 τοῦ
2825 4301 3081 4372 φραγμοῦ
3108 4300 3293 4365 λύσας,
3322 4302 3419 4373 τὴν
3446 4298 3617 4368 ἔχθραν
3641 4294 3685 4345 ἐν

2162 4395 2226 4463 τῇ
2261 4393 2425 4464 σαρκὶ
2458 4391 2620 4445 αὑτοῦ
2643 4431 2656 4454 ,
2689 4392 2778 4444 τὸν
2818 4393 2979 4463 νόμον
3011 4392 3117 4445 τῶν
3156 4391 3381 4445 ἐντολῶν
3406 4393 3459 4443 ἐν
3497 4389 3683 4456 δόγμασι

2162 4485 2536 4555 καταργήσας,
2572 4484 2657 4537 ἵνα
2701 4484 2826 4546 τοὺς
2871 4483 2964 4536 δύο
3002 4483 3162 4555 κτίσῃ
3208 4485 3266 4536 ἐν
3296 4480 3467 4551 ἐαυτῷ
3508 4480 3577 4539 εἰς
3612 4474 3683 4526 ἕνα

2092 4580 2135 4635 D
2166 4576 2348 4630 καινὸν
2381 4577 2684 4648 ἄνθρωπον,
2712 4578 2806 4629 καὶ
2838 4575 3118 4647 ἀπαλλάξῃ
3152 4578 3276 4640 τοὺς
3304 4572 3614 4646 ἀμφοτέρους
3641 4566 3685 4617 έν

2170 4669 2250 4721 ἐνὶ
2278 4668 2485 4739 σώματι
2509 4668 2585 4741 τῷ
2614 4668 2750 4740 Θεῷ.
2785 4688 2802 4719 ι

2237 4761 2298 4816 δ’,
2343 4761 2564 4827 Τούτοις
2616 4758 2709 4817 οὖν
2747 4762 2844 4834 τὴν
2887 4762 3123 4816 διάνοιαν
3154 4763 3465 4833 ἐπιστήσας,
3495 4757 3575 4810 θέα
3606 4752 3685 4823 μή·

2170 4874 2296 4910 ποτε
2320 4859 2354 4927 ἡ
2382 4856 2489 4908 τῶν
2522 4856 2665 4908 δυοῖν
2714 4856 2823 4908 τῶν
2865 4855 3166 4927 εἰρημένων
3220 4856 3317 4925 μία
3358 4854 3566 4923 γένεσις.
3591 4847 3681 4916 ἦτε

2168 4949 2260 5001 τοῦ
2287 4950 2461 5019 Φαρὲς
2479 4949 2546 5001 δι’
2579 4948 2635 5001 ὂν
2666 4948 2889 5020 διεκόπη
2918 4949 3188 5021 φραγμὺς,
3219 4949 3312 5001 καὶ
3339 4950 3370 5019 ὴ
3393 4944 3477 4999 τοῦ
3507 4939 3682 5011 πρώτου

2174 5042 2269 5112 μὲν
2302 5041 2400 5112 τὴν
2434 5044 2591 5113 χεῖρα
2630 5042 3041 5113 προϐάλλοντος,
3071 5042 3321 5113 δευτέρου
3348 5041 3400 5093 δὲ
3445 5030 3681 5107 προελθόν-

2168 5150 2278 5196 τος,
2303 5133 2593 5187 αἰνίττεται
2623 5134 2716 5187 δύο
2754 5133 2883 5204 βίων
2911 5134 3143 5205 τρόπους
3165 5133 3271 5186 τῶν
3291 5129 3582 5202 ἠξιωμένων
3604 5118 3679 5185 τῆς

2169 5224 2318 5295 παρὰ
2350 5224 2426 5295 τῷ
2459 5225 2578 5295 Θεῷ
2598 5229 2902 5298 γεννήσεως
2921 5245 2933 5256 ’
2960 5222 3034 5280 ὦν
3062 5230 3089 5281 6
3124 5227 3221 5297 μὲν
3251 5224 3386 5278 κατὰ
3414 5223 3468 5275 τὺ
3486 5210 3677 5281 Εὐαγτὲ

2166 5315 2299 5377 λιον,
2324 5317 2352 5368 6
2372 5315 2428 5368 δὲ
2451 5316 2592 5369 κατὰ
2620 5318 2710 5369 τὸν
2727 5319 3002 5381 Μωῦσέως
3025 5318 3231 5386 ὑπέστη
3265 5317 3420 5393 νρμον
3438 5329 3448 5341 ³
3469 5306 3583 5362 ἀλλὰ
3598 5300 3678 5393 τάξ

2166 5405 2366 5459 τούτων
2400 5407 2609 5478 πρῶτος
2640 5409 2738 5479 μὲν
2765 5410 2862 5480 τὴν
2884 5411 3041 5481 χεῖρα
3087 5389 3414 5479 προϐέόλητο
3436 5405 3463 5455 6
3494 5394 3614 5451 κατὰ
3632 5389 3677 5440 τὸ

2167 5499 2527 5567 Εὐαγγέλιον’
2577 5502 2636 5553 ού
2673 5501 2777 5573 μὴν
2811 5502 2903 5555 καὶ
2948 5501 3160 5573 πρῶτος
3185 5500 3421 5571 πρόεισιν
3458 5494 3527 5553 εἰς
3557 5483 3674 5555 φῶς·

2167 5592 2485 5657 ὑποστείλας
2510 5594 2565 5647 δὲ
2610 5596 2707 5665 τὴν
2745 5599 2923 5667 χεῖρα,
2950 5595 3027 5667 τῷ
3070 5594 3208 5649 κατὰ
3256 5590 3449 5659 Μωῦσῆ
3487 5577 3678 5667 δευτέῌΡ

2172 5684 2300 5737 ίόντι
2334 5684 2613 5755 προελθεῖν
2648 5664 2933 5757 ἐπιτρέπει
2976 5664 3201 5760 πρώτῳο
3243 5679 3339 5738 εἷθ’
3377 5679 3530 5739 οὕτως
3551 5664 3677 5726 mm;
