3938 6520
263 413 361 470 909

783 411 1242 480 ρυιιεδτιοΝεε
1280 412 1736 469 EVANGELICA'S
1775 414 1817 467 Α

1927 410 2421 469 STEPIIANUM.—
2458 410 2786 483 ΩυίΕΞΤΙΟ
2826 411 2941 467 VII.

3402 413 3507 469 910

3474 497 3493 517 ι.

261 530 476 601 πρῶτος
501 528 596 594 ὢν,
632 530 859 595 ὕστατος
879 532 1066 599 ἔξεισι,
1100 537 1238 604 μετὰ
1267 535 1359 589 τοῦ
1385 536 1511 606 περὶ
1542 537 1639 608 τὴν
1680 539 1820 607 χεῖρε

1942 535 2129 588 ultima
2156 534 2308 598 exiit,
2344 533 2500 603 signo
2524 532 2708 588 manui
2734 534 2975 604 alligato,
3007 547 3037 586 a
3068 547 3177 604 quo
3210 533 3361 604 prior
3388 549 3512 590 esse

257 621 532 693 συμϐόλου
564 623 658 677 τοῦ
693 625 904 695 πρῶτον
924 626 1085 679 αὐτὸν
1118 626 1484 690 συνιστῶντος·
1510 623 1577 698 ἦν
1607 626 1650 679 δ’
1683 629 1710 681 6
1732 628 1820 680 τῶι

1940 624 2348 695 comprobatur.
2388 618 2515 678 Erat
2538 634 2720 679 autem
2751 634 2879 679 ante
2909 622 3147 697 Moysem
3176 626 3389 696 piorum
3413 625 3513 680 ho-

258 714 362 787 πρὸ
385 716 664 780 Μωῦσέως
679 717 937 787 θεοφιλῶν
956 718 1162 792 ἀνδρῶν
1183 718 1295 789 βίος
1314 720 1342 771 6
1359 720 1500 779 κατὰ
1522 720 1581 772 τὸ
1595 719 1688 773 τοῦ
1707 722 1837 790 Χρι-

256 807 387 861 στοῦ
401 809 751 878 Εὑαγγέλιον,
777 810 897 864 καθ’
927 810 985 864 6v
1009 811 1301 883 διαπρέψαι
1335 814 1760 883 μνημονεύονται
1788 815 1835 865 οἱ

254 899 402 970 ἀμφὶ
427 898 801 971 τὸνἌϐραὰμ,
832 901 926 955 καὶ
942 902 1144 967 Ἰσαὰκ,
1169 903 1261 959 καὶ
1278 902 1489 967 Ἰακὼϐ,
1506 903 1836 973 Μελχισεδέκ

254 1007 313 1044 τε
361 992 459 1045 καὶ¹
499 991 640 1057 Ἰὼϐ,
663 993 754 1046 καὶ
782 992 913 1047 πολὺ
941 993 1144 1046 τούτων
1190 994 1441 1066 πρότεροι
1461 996 1510 1047 οἱ
1540 995 1681 1067 ἀμφὶ
1710 994 1833 1048 Νῶε

254 1084 347 1136 καὶ
376 1084 520 1155 Σὴμ,
544 1084 634 1138 καὶ
664 1084 862 1154 Ἶάφεθ,
895 1084 1061 1155 Ἑνώχ
1088 1103 1146 1139 τε
1192 1088 1285 1141 καὶ
1310 1088 1422 1139 ὅσοι
1446 1087 1592 1140 ἄλλοι
1625 1087 1833 1151 τούτοις

253 1174 510 1242 γεγόνασι
540 1174 935 1246 παραπλήσιοι·
970 1175 1167 1229 δίκαιοι
1194 1176 1325 1244 γοῦν
1348 1176 1454 1229 οἵδε
1486 1177 1705 1241 πάντες,
1740 1179 1834 1233 καὶ

251 1266 501 1332 εὐσεϐεῖς
540 1267 633 1321 καὶ
667 1267 965 1336 θεοφιλεῖς·
999 1269 1049 1320 εἰ
1095 1267 1186 1321 καί
1218 1284 1360 1341 τινες
1403 1268 1579 1341 έτεροι
1627 1288 1834 1343 μαρτυ-

250 1357 535 1428 ρηθέντες,
568 1356 667 1427 τῆς
704 1357 802 1428 μὲν
826 1356 965 1411 κατὰ
990 1357 1229 1411 Μωῦσέα
1260 1358 1577 1429 νομοθεσίας
1600 1360 1832 1431 πάμπαν

252 1450 502 1521 ὑπῆρχον
527 1448 791 1521 ἀλλότριοι
814 1465 829 1479 ·
860 1447 1219 1519 προλαϐόντες
1245 1450 1301 1503 δὲ
1320 1451 1409 1505 τὸν
1436 1451 1579 1505 κατὰ
1593 1452 1832 1507 Μωῦσέα

250 1542 477 1613 τρόπον,
527 1544 657 1613 ἡμῖν
701 1541 901 1612 ὁμοίως
933 1543 997 1611 τῇ
1050 1541 1190 1595 κατὰ
1225 1542 1283 1598 τὸ
1327 1542 1658 1612 Εὑαγγέλιον
1684 1545 1831 1613 φιλο-

250 1634 421 1706 σοφίᾳ
449 1633 773 1704 διέλαμψαν.

317 1747 384 1803 ε’.
433 1749 492 1803 Ὀ
528 1750 627 1821 μὲν
657 1747 752 1804 οὖν
776 1751 1007 1824 πρῶτος,
1042 1752 1129 1807 διὰ
1160 1751 1252 1806 τοῦ
1280 1754 1429 1824 Ζαρᾶ
1463 1754 1737 1827 ἐδηλοῦτο,
1770 1755 1829 1821 ὃς

246 1843 612 1918 ἑρμηνεύεται
685 1847 997 1913 Ἀνατολή·
1049 1846 1225 1915 φωτὸς
1274 1846 1382 1918 γάρ
1448 1845 1725 1909 εὐσεϐείας
1771 1846 1828 1899 αἱ

246 1935 470 2007 πρῶται
521 1936 618 2007 τῆς
665 1936 931 2007 ἀνατολῆς
976 1938 1143 2007 αύγαὶ
1166 1979 1180 2003 ,
1210 1938 1297 1992 διὰ
1340 1938 1448 1992 τῶν
1496 1937 1725 2010 πρώτων
1771 1940 1829 1989 ἐν

246 2027 563 2100 ἀνθρώποις
598 2029 1010 2103 εύσεϐησάντων
1034 2031 1373 2102 ἐξέλαμψαν·
1403 2026 1505 2085 οἷοί
1544 2049 1649 2103 περ
1689 2026 1830 2103 ἦσαν

244 2121 297 2174 οἱ
346 2120 456 2192 πρὸ
483 2120 759 2186 Μωῦσέως
802 2123 867 2175 ὲκ
898 2121 1122 2194 πρώτης
1163 2121 1466 2194 ἀνθρώπων
1520 2122 1829 2185 συστάσεως

245 2210 521 2281 θεοφιλεῖς
568 2212 968 2282 ἀποφανθέντες
990 2231 1005 2244 ·
1033 2216 1083 2267 οἱ
1112 2213 1175 2285 δὴ
1221 2214 1316 2267 καὶ
1344 2213 1422 2284 τῷ
1470 2214 1619 2283 Ζαρᾷ
1651 2230 1829 2285 παρα-

246 2301 517 2373 πλησίως,
551 2303 757 2373 πρῶτοι
812 2304 917 2376 μὴν
962 2304 1060 2376 τὴν
1115 2307 1272 2378 χεῖρα
1320 2305 1683 2378 προεϐάλοντο
1738 2307 1828 2359 τὸν

243 2392 555 2463 πρακτικὸν
591 2392 701 2463 βίον
741 2393 1136 2464 ὲνδειξάμενοι·
1190 2394 1250 2447 ού
1290 2394 1396 2465 μὴν
1428 2394 1523 2448 καὶ
1564 2394 1828 2466 ὲκράτυνέ

243 2500 310 2553 γε
334 2483 526 2539 τοῦτον
547 2503 558 2515 ·
592 2484 686 2538 τοῦ
720 2486 778 2539 δὲ
824 2486 944 2540 κατ’
972 2488 1168 2551 αὐτοὺς
1213 2487 1415 2559 τρόπου
1464 2488 1523 2540 ὲν
1557 2487 1824 2559 ύποστολῇ

243 2577 541 2649 γενομένου
566 2593 580 2608 ·
612 2577 705 2632 καὶ
744 2578 932 2651 ὥσπερ
974 2579 1116 2643 τινὸς
1156 2578 1412 2651 φραγμοῦ
1455 2578 1824 2644 διακοπέντος,

242 2666 472 2738 δξῆλθεν
496 2668 526 2719 6
556 2660 782 2736 ἀδελφὸς
814 2667 977 2721 αὐτοῦ
1009 2669 1038 2721 6
1063 2666 1205 2721 κατὰ
1235 2668 1473 2722 Μωῦσέα
1502 2666 1643 2738 βίος·
1673 2667 1732 2721 δν
1760 2669 1824 2741 δὴ

246 2758 564 2829 μεσότοιχον
591 2758 843 2831 φραγμὸν
870 2758 1135 2830 κέκληκεν
1175 2760 1203 2812 6
1238 2758 1538 2830 θαυμάσιος
1572 2757 1827 2813 Ἀπόστο-

240 2851 365 2915 λος·
400 2850 482 2904 διὸ
514 2851 608 2905 καὶ
638 2850 929 2924 ὠνομάσθη
958 2851 1153 2924 Φαρὲς,
1183 2851 1283 2922 τῆς
1312 2852 1407 2905 τοῦ
1434 2852 1690 2925 φραγμοῦ
1713 2854 1827 2908 δια-

242 2944 424 3015 κοπῆς
454 2942 739 3015 ἐπώνυμος
760 2960 771 2974 ·
797 2943 1159 3017 ἑρμηνεύεται
1180 2944 1309 3014 γοῦν
1327 2946 1500 3017 Φαρὲς
1513 2948 1820 3017 μερισμός·

243 3035 398 3090 ἔνθεν
425 3036 520 3090 καὶ
560 3038 840 3108 Φαρισαῖοι
872 3038 1000 3109 παρ’
1035 3038 1215 3102 αὐτοῖς
1244 3038 1556 3111 διέπρεπον,
1586 3039 1736 3113 παρὰ
1766 3039 1827 3094 τὸ

242 3127 493 3199 μερίζειν
519 3129 613 3182 καὶ
638 3129 917 3200 ἀφορίζειν
942 3129 1168 3193 ἑαυτοὺς
1198 3129 1299 3201 τῆς
1329 3130 1438 3185 τῶν
1466 3131 1679 3186 πολλῶν
1706 3133 1825 3186 tm-

1938 718 2144 771 tuiuum
2169 717 2279 770 vita
2313 718 2612 773 secundum
2657 717 2861 773 Christi
2900 716 3284 787 Evangelium;
3314 717 3369 771 in
3402 734 3510 789 qua

1937 809 2260 865 excelluisse
2288 809 2578 868 traduntur
2602 810 2970 874 Ahrahamus,
2997 808 3509 874 lsaacus,Jacobus.

1938 901 2364 958 Melchisedecus
2403 912 2565 973 atque
2592 901 2762 959 Jobus
2793 924 2805 958 :
2840 912 2893 959 et
2940 905 3112 959 multo
3162 904 3250 959 his
3298 904 3511 974 priores

1937 992 2212 1054 Noachus.
2262 993 2480 1060 Semus,
2514 1006 2679 1065 atque
2732 994 3019 1067 Japhetus.
3050 1003 3105 1051 et
3143 995 3423 1062 Euochus,
3455 1006 3510 1055 et

1936 1095 2201 1157 quotquot
2225 1086 2311 1143 his
2341 1088 2549 1143 similes
2588 1086 2827 1142 fuerunt.
2864 1086 3005 1142 Justi
3038 1089 3206 1160 igitur
3227 1090 3282 1144 hi
3315 1106 3508 1146 omnes

1934 1186 1989 1234 et
2020 1178 2094 1249 pii
2129 1194 2193 1235 ac
2214 1177 2325 1235 Deo
2354 1180 2578 1236 dilecti:
2620 1188 2674 1235 et
2714 1181 2932 1251 quidem
2963 1181 3170 1251 aliquot
3201 1182 3291 1237 alii
3320 1183 3509 1239 ferun-

1935 1278 2045 1333 tur,
2074 1284 2213 1339 quos
2253 1284 2285 1324 a
2319 1268 2557 1325 Mosaica
2588 1271 2705 1342 lege
2736 1271 2905 1327 fuisse
2936 1272 3143 1328 alienos
3174 1273 3228 1327 in
3252 1274 3508 1333 confesso

1933 1366 2034 1413 est.
2064 1356 2331 1413 Nimirum
2384 1358 2439 1413 hi
2485 1367 2872 1429 praevertentes
2927 1359 3223 1415 Mosaicum
3275 1376 3503 1423 morem,

1933 1450 2051 1521 pari
2106 1451 2395 1507 nobiscum
2458 1451 2800 1525 philosophia
2841 1452 3153 1525 evangelica
3213 1454 3505 1525 splendue-

1933 1551 2079 1598 runt.

2002 1753 2055 1808 5.
2082 1752 2144 1807 Et
2176 1752 2265 1807 illa
2292 1751 2511 1823 quidem
2542 1753 2692 1823 prior
2727 1752 2835 1808 vita
2868 1766 2898 1805 a
2950 1750 3086 1807 Zara
3139 1752 3504 1822 portendeba-

1933 1850 2044 1907 tur,
2080 1859 2241 1914 quem
2298 1842 2571 1899 Orientem
2600 1843 3049 1913 interpretamur.
3101 1841 3309 1898 Pietate
3357 1843 3501 1898 enim

1932 1938 2174 1993 lucentes
2206 1936 2366 2007 primi
2404 1936 2636 1993 orientis
2666 1936 2803 1990 radii
2846 1952 2941 2008 per
2965 1951 3083 2001 eos,
3108 1936 3200 2007 qui
3221 1936 3379 2006 primi
3418 1936 3504 1991 in-

1932 2042 2015 2086 ter
2043 2031 2294 2086 homines
2323 2029 2563 2101 religiosi
2589 2028 2761 2089 fuere.
2786 2030 3127 2085 emicuerunt
3150 2046 3165 2084 :
3192 2028 3501 2098 cujusmodi

1930 2132 2088 2178 erant
2136 2122 2171 2175 ii
2196 2122 2289 2191 qui
2320 2130 2446 2178 ante
2475 2121 2713 2194 Moysem
2744 2122 2856 2193 jam
2888 2121 3077 2179 iudea
3105 2121 3281 2192 prima
3321 2120 3500 2175 homi—

1930 2231 2059 2270 num
2096 2214 2371 2270 creatione
2399 2224 2650 2271 sanctum
2671 2212 2761 2269 Dei
2788 2214 2996 2269 cultum
3026 2229 3138 2285 pra;
3152 2228 3211 2270 se
3236 2214 3497 2271 tulerunt.

1929 2308 2106 2380 Atque
2138 2307 2193 2360 hi
2226 2321 2335 2361 non
2367 2321 2526 2363 secus
2559 2315 2724 2378 atque
2757 2306 2893 2362 Zara
2926 2306 3088 2377 primi
3124 2322 3346 2362 manum
3376 2322 3500 2379 pro.

1929 2398 2244 2463 tenderunt,
2283 2399 2500 2455 solertis
2545 2398 2672 2453 vitae
2718 2398 2924 2453 indicio
2966 2397 3128 2465 facto,
3159 2414 3265 2469 qua
3318 2410 3498 2455 tamen
3562 2422 3567 2425 ι

1930 2503 2037 2542 non
2067 2496 2197 2543 sunt
2241 2489 2420 2560 potiti,
2454 2489 2699 2543 moribus
2742 2503 2930 2543 eorum
2982 2504 3040 2545 se
3071 2490 3497 2547 retrahentibus.

1929 2580 2105 2651 Atque
2147 2581 2365 2637 interim
2421 2582 2658 2643 maceria
2714 2582 2880 2637 veluti
2926 2581 3124 2645 divisa,
3153 2584 3284 2638 exiit
3330 2583 3501 2639 frater

1928 2672 2069 2742 ejus,
2094 2673 2215 2729 vitae
2252 2674 2509 2729 nimirum
2535 2674 2836 2730 secundum
2877 2674 3113 2746 Moysem
3138 2690 3331 2746 genus.
3353 2678 3498 2748 quod

1930 2763 2168 2819 medium
2224 2766 2486 2836 parietem
2524 2765 2789 2822 mirificus
2819 2766 3115 2838 Apostolus
3161 2769 3452 2839 appellavit
3484 2790 3497 2823 :

1928 2870 2099 2926 quare
2131 2863 2185 2911 et
2219 2856 2308 2912 ille
2346 2856 2551 2911 Phares
2581 2864 2807 2913 vocatus
2838 2856 2961 2921 fuit,
2988 2857 3208 2913 nomine
3229 2866 3497 2929 sumptoa

1927 2945 2177 3000 maceriae
2207 2945 2513 3001 divisione:
2548 2944 2753 3001 Phares
2775 2946 2974 3017 quippe
3004 2945 3305 3015 explicatur
3332 2950 3505 3016 ραι·ιὶ-

1930 3037 2021 3090 tio.
2051 3036 2187 3092 Hinc
2209 3048 2262 3092 et
2286 3036 2547 3093 Pharisaei
2571 3037 2712 3108 apud
2737 3036 2959 3094 Iudaeos
2987 3026 3345 3105 excellebant,
3370 3040 3503 3109 quia

1929 3145 1988 3185 se
2017 3145 2111 3200 per
2148 3130 2440 3201 quamdam
2470 3129 2757 3186 factionem
2792 3145 2822 3183 a
2877 3131 3241 3187 multitudinis
3272 3134 3500 3189 commi-

241 3218 459 3293 μιξίας·
496 3222 765 3294 μακάριον
801 3221 900 3292 μὲν
934 3217 1026 3275 οὖν
1060 3223 1152 3275 καὶ
1195 3221 1329 3276 πολὺ
1372 3224 1620 3295 κρεῖττον
1642 3216 1711 3295 ἦν
1747 3224 1820 3296 μὴ

1928 3222 2105 3279 stione
2128 3222 2502 3293 sejunxerant.
2532 3222 2749 3280 Bestius
2782 3223 2947 3295 igitur
2978 3226 3259 3297 multoque
3304 3225 3502 3283 melius

234 3313 568 3384 διακοπῆναι
589 3314 683 3368 τὸν
708 3315 980 3389 φραγμὸν,
1010 3315 1104 3369 ἕνα
1130 3314 1187 3369 δὲ
1217 3315 1379 3369 αὐτὸν
1405 3315 1501 3369 καὶ¹
1530 3316 1820 3371 άδιάκοπον

1933 3316 2125 3374 fuisset
2153 3333 2263 3373 non
2285 3316 2493 3372 diffindi
2521 3317 2837 3383 maceriam,
2867 3315 2963 3372 sed
2993 3334 3159 3373 unum
3193 3318 3328 3390 quid
3355 3318 3500 3375 indi-

238 3408 426 3477 μεῖναι
448 3424 461 3437 ·
494 3405 652 3459 τοῦτο
681 3408 726 3459 δ’
755 3405 820 3460 ἂν
851 3407 1073 3475 γέγονεν
1098 3408 1146 3461 εί
1188 3406 1268 3477 τῷ
1300 3408 1401 3479 τὴν
1431 3411 1590 3480 χεῖρα
1622 3408 1820 3479 προϐε-

1928 3409 2219 3478 visumque
2255 3422 2491 3463 manere.
2537 3407 2593 3464 ld
2646 3418 2824 3465 autem
2860 3409 3171 3475 accidisset,
3203 3410 3249 3466 si
3304 3411 3352 3465 ei
3404 3411 3499 3483 qui

235 3497 500 3569 ϐλημένῳ
540 3496 774 3570 πρώτῳ,
825 3497 1294 3570 συνακολουθήσας
1325 3500 1353 3552 6
1396 3498 1681 3571 δεύτερος,
1729 3500 1820 3554 τὸν

1928 3500 2080 3571 prior
2110 3514 2330 3554 manum
2362 3499 2627 3565 extendit,
2646 3501 2995 3572 subsequens
3026 3502 3165 3557 alter
3200 3501 3389 3559 eodem
3418 3503 3502 3560 vi-

233 3589 403 3645 αὐτδν
453 3590 651 3662 τρόπον
704 3589 1118 3645 ἐπολιτεύσατο·
1161 3591 1297 3643 πολὺ
1335 3589 1443 3661 γὰρ
1488 3586 1556 3660 ἦν
1614 3589 1820 3660 βέλτιον

1928 3602 1996 3648 tre
2019 3607 2219 3664 genere
2249 3592 2502 3648 vixisset.
2535 3591 2718 3665 Longe
2756 3594 2900 3650 enim
2943 3602 3061 3649 erat
3087 3595 3283 3651 melius
3309 3595 3355 3651 si
3388 3596 3498 3651 cir-

232 3684 356 3747 τοῖς
382 3683 450 3736 ὲκ
483 3682 783 3753 περιτομῆς
828 3683 875 3735 εἰ
912 3681 1053 3736 κατὰ
1082 3680 1174 3734 τὸν
1220 3680 1333 3749 βίον
1378 3681 1487 3735 τῶν
1545 3681 1819 3753 πρόπαλαι

1927 3683 2281 3741 cumcisionis
2303 3685 2525 3740 assecla:
2548 3700 2728 3742 mores
2761 3685 3110 3756 antiquorum
3137 3686 3245 3743 Deo
3264 3686 3496 3744 dilecto-

234 3774 505 3845 θεοφιλῶν
534 3773 836 3847 ἀνθρώπων
869 3774 1162 3845 ἐτύγχανον
1207 3772 1692 3844 πεπολιτευμένοι·
1727 3775 1820 3828 καὶ

232 3866 383 3923 οὕτω
416 3867 525 3946 γᾲρ
558 3863 627 3939 ἦν
651 3861 729 3931 εἷς
758 3869 787 3920 6
818 3866 1091 3939 φραγμὸς,
1121 3866 1213 3919 καὶ
1236 3866 1335 3937 μία
1360 3867 1393 3935 ὴ
1424 3866 1679 3938 οἰκοδομὴ
1709 3867 1817 3921 τῶν

232 3975 295 4012 τε
324 3956 559 4028 πρώτων
590 3957 684 4012 καὶ
708 3957 817 4011 τῶν
842 3958 1109 4012 ὑστάτων.

308 4049 386 4116 ς’.
442 4050 657 4121 Ἐπειδὴ
685 4051 741 4105 δὲ
779 4050 853 4122 μὴ
876 4050 967 4104 τὸν
1000 4048 1214 4122 πρῶτον
1247 4050 1519 4123 κρατῆσαι
1552 4051 1747 4123 τρόπον
1781 4054 1814 4123 ἡ

230 4143 347 4197 τῶν
379 4144 645 4214 δευτέρων
672 4142 1047 4216 συνεχώρησεν
1076 4144 1349 4209 ἀσθένεια,
1384 4146 1648 4217 διακοπῆς
1673 4147 1816 4200 είκό·

227 4252 345 4298 τως
367 4234 462 4289 τοῦ
496 4235 636 4289 κατὰ
674 4235 804 4289 Θεὸν
827 4235 1079 4307 φραγμοῦ
1108 4237 1424 4309 γενομένης,
1450 4238 1543 4291 τοῦ
1563 4255 1620 4291 τε
1651 4255 1813 4308 μεσο-

229 4328 415 4396 τοίχου
443 4327 535 4380 τοῦ
563 4325 818 4399 φραγμοῦ
851 4326 1310 4398 παραϐληθέντος,
1341 4330 1369 4379 6
1396 4329 1562 4382 πάλαι
1599 4330 1814 4401 πρῶτος

225 4419 332 4490 τὴν
362 4422 522 4490 χεῖρα
572 4417 879 4490 προτείνας,
914 4417 1161 4491 δεύτερος
1194 4417 1388 4483 ἔξεισιν
1438 4422 1518 4483 εἰς
1547 4421 1682 4490 φῶς,
1724 4422 1814 4477 διὰ

145 4522 150 4526 ”
226 4511 326 4565 τοῦ
360 4500 614 4583 Σωτῆρος
642 4509 799 4583 ἡμῶν
844 4508 1017 4582 Ἰησοῦ
1069 4511 1304 4581 Χριστοῦ
1350 4510 1447 4565 τοῦ
1484 4512 1573 4565 τὸν
1613 4512 1810 4567 παλαί-

1925 3791 2045 3833 rum
2070 3775 2351 3831 hominum
2384 3776 2621 3847 amplexi
2646 3776 2917 3834 fuissent:
2946 3792 3071 3833 nam
3104 3778 3186 3834 sic
3216 3793 3326 3833 una
3359 3778 3496 3835 fuis-

1922 3876 2007 3924 set
2032 3868 2293 3935 maceria,
2333 3882 2442 3922 una
2485 3868 2777 3925 aediﬁcatio
2810 3869 3110 3941 primorum
3142 3877 3197 3926 et
3221 3876 3495 3927 extremo-

1922 3978 2066 4018 rum.

1995 4054 2049 4109 6'.
2081 4051 2236 4110 Nunc
2277 4055 2405 4127 quia
2454 4054 2688 4127 primum
2736 4071 2941 4111 morem
2989 4070 3339 4129 perseverare
3381 4071 3491 4111 non

1919 4146 2047 4203 sivit
2077 4147 2442 4203 secundorum
2466 4147 2789 4212 inﬁrmitas,
2818 4149 3085 4205 divisione
3124 4149 3320 4208 merito
3350 4147 3493 4214 facta

1920 4243 2167 4294 maceria:
2194 4255 2315 4310 qua:
2336 4240 2637 4295 secundum
2664 4239 2831 4296 Deum
2862 4247 2966 4306 est,
2990 4238 3279 4310 medioque
3311 4239 3490 4310 parie-

1919 4336 1971 4386 te
2002 4332 2250 4387 macerias
2272 4332 2579 4402 interiecto,
2608 4330 2701 4400 qui
2731 4330 2856 4383 olim
2878 4328 3027 4400 prior
3054 4342 3277 4382 manum
3298 4334 3484 4383 exten-

1918 4422 2092 4485 derat,
2128 4424 2400 4492 posterior
2445 4422 2500 4476 in
2546 4422 2721 4477 lucem
2777 4421 2977 4493 prodiit
3011 4435 3107 4491 per
3142 4418 3486 4476 Servatorem

1918 4522 2166 4571 nostrum
2225 4513 2415 4570 Jesum
2458 4514 2763 4579 Christum,
2791 4513 2882 4584 qui
2936 4512 3375 4585 antiquissimam
3433 4519 3489 4567 et

224 4621 393 4660 τατον
422 4605 516 4657 καὶ⁵
548 4604 773 4675 ἀρχαῖον
806 4603 1058 4674 φραγμὸν
1083 4603 1530 4675 ἀνακτησαμένου
1554 4619 1567 4631 ·
1608 4605 1688 4658 διὸ
1717 4606 1811 4659 καί

1927 4609 2250 4679 primitivam
2278 4608 2567 4661 maceriam
2609 4606 2972 4676 recuperavit.
3008 4603 3190 4671 Quare
3214 4610 3270 4660 et
3296 4601 3365 4658 de
3393 4602 3489 4658 illo

227 4714 397 4768 φησιν
428 4698 507 4760 εἰς
549 4696 710 4748 αὐτὸν
740 4695 773 4765 ἡ
820 4694 1157 4766 προφητεία·
1208 4714 1225 4746 ι
1257 4695 1351 4749 καὶ⁵
1396 4695 1641 4769 κληθήσῃ
1670 4700 1810 4752 οἰκος

224 4789 389 4862 δόμος
430 4787 733 4861 φραγμῶν·
775 4807 793 4839 ι
822 4782 975 4850 οὗτος
999 4786 1064 4858 δὴ
1113 4786 1207 4840 καὶ
1253 4788 1313 4839 τὸ
1361 4787 1596 4860 δηλωθὲν
1648 4790 1809 4859 μεσό-

224 4899 406 4953 τοιχον
432 4881 639 4934 ἀνεῖλεν
658 4897 672 4913 ·
698 4879 756 4944 ὃς
786 4880 988 4951 Κύριος
1017 4878 1092 4933 ὢν
1121 4879 1216 4932 καὶ
1242 4879 1336 4933 τοῦ
1366 4880 1634 4935 σαϐϐάτου
1666 4885 1808 4935 ποιεῖ

223 4975 291 5027 τὰ
325 4974 613 5045 ἀμφότερα
648 4972 726 5036 ἓν,
763 4971 903 5025 κατὰ
918 4971 1012 5025 τὸν
1049 4971 1192 5043 ἱερὸν
1233 4972 1549 5027 Ἀπόστολον
1581 4974 1801 5029 εἰπόντα

230 5086 247 5117 ι
284 5066 461 5128 Αὐτὸς
511 5064 619 5138 γάρ
669 5066 815 5118 ἐστιν
846 5066 880 5136 η
932 5066 1122 5136 εἰρήνη
1165 5064 1322 5136 ἡμῶν
1369 5067 1399 5118 6
1446 5067 1676 5138 ποιήσας
1733 5067 1800 5120 τὰ

224 5158 511 5230 ἀμφότερα
531 5157 610 5221 ἓν,
632 5157 807 5211 καὶτὸ
831 5156 1140 5228 μεσότοιχον
1160 5156 1255 5210 τοῦ
1284 5157 1538 5230 φραγμοῦ
1564 5157 1731 5221 λύσας
1748 5175 1761 5188 ·
1777 5177 1794 5209 ι

225 5251 317 5304 καὶ
354 5250 408 5304 τί
465 5250 529 5305 τὸ
579 5249 891 5321 μεσότοιχον
941 5248 1256 5319 διασαφῶν,
1304 5250 1578 5319 ἐπιλέγει·
1638 5269 1657 5301 ι
1710 5249 1802 5304 τὸν

225 5344 388 5416 νόμον
406 5342 514 5397 τῶν
534 5341 762 5397 ἐντολῶν
790 5343 847 5395 ἐν
874 5341 1106 5413 δόγμασι
1128 5344 1482 5415 καταργήσας
1510 5361 1529 5393 ι
1559 5340 1801 5397 ἐκποδὼν

226 5434 705 5508 μεταστησάμενος
731 5435 792 5487 τὸ
826 5433 1133 5506 μεσότοιχον
1167 5432 1259 5487 τοῦ
1302 5432 1580 5497 Μωῦσὲως
1609 5434 1798 5504 νόμου,

223 5533 360 5605 δπερ
400 5531 549 5602 ἡμᾶς
580 5531 704 5593 τοὺς
747 5527 807 5595 ἐξ
855 5528 1022 5582 ἐθνῶν
1053 5528 1151 5599 τῆς
1198 5527 1341 5583 κατὰ
1372 5528 1504 5581 Θεὸν
1549 5528 1800 5599 ἀπείργοι

226 5625 502 5688 εὐσεϐείας
532 5665 546 5688 ,
594 5623 683 5677 διὰ
728 5622 789 5676 τὸ
841 5621 975 5693 μηδὲ
1010 5620 1355 5693 βουλομένοις
1399 5619 1622 5673 δυνατὸν
1660 5614 1800 5674 εἶναι

228 5721 357 5772 πᾶσι
390 5721 501 5782 τοῖς
533 5716 710 5770 ἔθνεσι
738 5713 877 5768 κατὰ
910 5712 1149 5768 Μωῦσέα
1181 5710 1622 5768 πολιτεύσασθαι.

296 5896 339 5931 ⁸⁸
380 5895 483 5952 lsa.
520 5911 690 5957 unt,
728 5893 813 5948 12.
889 5890 931 5922 ³¹
974 5889 1171 5961 Ephes.
1209 5906 1279 5959 tt,
1320 5892 1407 5949 H.
1486 5892 1528 5922 ³’
1570 5887 1699 5945 ibid.
1738 5888 1825 5944 15.

1920 4696 2204 4768 prophetia
2234 4694 2367 4751 dicit
2399 4715 2411 4750 :
2457 4713 2476 4745 ι
2504 4693 2570 4756 Et
2603 4694 2888 4750 vocaberis
2907 4692 3203 4754 aedificator
3223 4692 3487 4750 maceria-

1916 4806 2036 4845 rum
2066 4789 2133 4843 ³³.
2180 4810 2198 4842 ι
2235 4788 2333 4845 llic
2356 4789 2520 4843 etiam
2567 4786 2887 4858 praedictum
2943 4785 3202 4855 parietem
3247 4783 3483 4840 medium

1914 4884 2172 4951 abstulit;
2208 4883 2338 4954 quia
2386 4897 2509 4937 cum
2543 4881 2612 4937 sit
2663 4879 2885 4935 Sabbati
2933 4891 3151 4948 quoque
3197 4860 3481 4939 Dominus,

1913 4976 2041 5033 facit
2094 4985 2327 5046 utraque
2379 4991 2547 5030 unum
2578 4992 2591 5027 :
2625 4973 2769 5028 sicut
2808 4972 2885 5027 ait
2935 4986 3092 5026 sacer
3138 4969 3484 5038 Apostolus:

1914 5088 1933 5120 ι
1962 5070 2082 5140 Ipse
2108 5068 2251 5125 enim
2285 5076 2371 5123 est
2402 5082 2506 5138 pax
2533 5074 2743 5127 nostra,
2767 5064 2861 5134 qui
2892 5062 3020 5118 fecit
3043 5070 3275 5130 utraque
3291 5074 3482 5126 unum,

1906 5172 1962 5219 et
1990 5161 2226 5218 medium
2251 5162 2514 5232 parietem
2548 5160 2800 5215 maceriae
2830 5157 2992 5213 solvit
3017 5156 3083 5209 ³³.
3118 5174 3136 5206 ι
3172 5153 3238 5208 Ει
3262 5153 3482 5224 quidem

1908 5252 2147 5307 medium
2213 5251 2477 5322 parietem
2530 5250 2919 5321 interpretans,
2986 5245 3217 5307 subdit,
3252 5263 3269 5295 ι
3308 5244 3483 5314 legem

1906 5342 2286 5398 mandatorum
2340 5341 2576 5398 decretis
2618 5353 2893 5397 evacuans
2922 5337 2990 5401 ³³,
3028 5358 3046 5390 ι
3085 5336 3299 5393 sublato
3349 5336 3485 5406 legis

1907 5432 2160 5490 Mosaicae
2196 5432 2379 5489 medio
2407 5433 2644 5504 pariete;
2671 5431 2765 5503 qui
2813 5445 2916 5486 nos
2941 5428 3178 5484 ethnicis
3216 5426 3482 5482 oriundos

1906 5526 2226 5598 parentibus
2255 5524 2579 5581 excludebat
2620 5538 2652 5577 a
2705 5522 2798 5578 Dei
2828 5521 3091 5592 religione
3121 5539 3135 5575 :
3169 5518 3303 5591 quia
3333 5534 3403 5574 ne
3434 5517 3482 5574 si

1906 5619 2212 5679 voluissent
2239 5616 2484 5688 quidem,
2526 5615 2643 5670 fieri
2692 5622 2907 5685 poterat
2939 5620 2999 5668 ut
3036 5622 3249 5674 cunctae
3294 5622 3487 5686 gentes

1908 5728 1976 5767 ex
2006 5710 2260 5769 Mosaicae
2290 5709 2425 5782 legis
2454 5706 2691 5765 formula
2722 5708 2889 5763 vitam
2922 5706 3225 5778 agitarent.
