3938 6514
484 439 542 494 91
561 441 578 493 Ι
1113 433 1380 492 EUSEBII
1417 436 1887 492 CzESARlENSlS
1923 437 2036 492 0P!

2146 435 2292 491 Ἀἢὸ
2325 435 2410 491 lli.
2451 467 2520 478 -—-—
2559 431 2966 490 EXEGETICA.
3607 433 3704 488 9|!

555 555 604 609 7.
641 553 782 610 Deus
831 553 1018 624 igitur,
1054 561 1110 605 ut
1161 553 1216 606 in
1265 549 1584 622 Evvangelica
1635 551 2036 606 demonstratio-

2212 549 2275 616 ζ’.
2322 551 2531 622 ’Ὠσπερ
2569 547 2660 604 οῦν
2718 550 3124 620 συνεστήσαμεν
3175 549 3235 601 ἐν
3281 550 3402 612 ταῖς
3457 548 3706 618 Εὐάγγε-

483 661 544 699 ηε
577 643 688 713 (l6)
717 643 828 714 jam
854 643 1212 705 asseruimus,
1241 641 1606 713 evangelicam
1641 645 1806 697 vitam
1829 646 2036 700 cunctis

2146 642 2332 708 λικαῖς
2377 641 2755 706 ἀποδείξεσι,
2805 641 2903 712 τὴν
2933 643 3072 694 κατὰ
3121 641 3181 694 τδ
3235 639 3574 709 Εὐαγγέλιον
3603 643 3704 705 τοῖς

483 735 788 805 proposuit,
817 734 890 786 ita
923 741 980 786 ut
1017 733 1396 803 primigenium
1453 733 1586 788 illud
1633 735 1913 805 religionis
1952 751 2036 806 ge-

2146 736 2271 788 πᾶσι
2315 735 2643 807 προεϐάλετο
2691 737 2964 790 πολιτείαν
2989 776 3002 800 ,
3037 735 3130 788 τοῦ
3181 735 3398 807 πρώτου
3431 735 3530 806 τῆς
3565 736 3706 789 εὐσε-

482 841 586 879 nus
615 825 905 894 perfectam
953 833 1115 894 atque
1153 825 1500 880 illustriorem
1549 827 1811 898 originem
1855 829 2036 883 redde-

2146 827 2290 890 ϐείας
2318 829 2514 900 τρόπου
2560 827 2770 883 τελείαν
2817 829 2910 882 καὶ
2943 829 3325 898 λαμπροτέραν
3367 829 3472 900 τὴν
3505 828 3704 896 γένεσιν

481 925 584 980 ret,
620 917 746 971 dum
779 933 940 971 manu
975 919 1190 986 praefert
1230 919 1598 972 testimonium
1641 921 1903 989 primatus
1931 921 2033 975 sui.

2146 919 2540 988 πεποιημένου,
2595 919 2730 990 μετὰ
2781 919 2872 973 τοῦ
2917 923 2980 990 τῇ
3013 919 3155 990 χειρὶ
3197 918 3604 986 συνεπάγεσθαι
3653 919 3706 972 τὸ

481 1005 842 1074 Quamobrem
873 1007 982 1061 vita
1028 1023 1121 1077 per
1146 1009 1386 1064 salutare
1429 1007 1776 1081 Evangelium
1827 1013 2036 1066 cunctis

2146 1007 2436 1081 μαρτύριον
2465 1009 2557 1062 τοῦ
2607 1011 2815 1082 πρῶτον
2847 1011 3008 1064 αὑτὸν
3035 1011 3348 1078 γεγονέναι·
3385 1011 3414 1062 ὁ
3461 1009 3600 1076 γοῦν
3631 1009 3708 1064 διὰ

479 1101 728 1172 gentibus
769 1101 987 1162 tradita,
1023 1103 1208 1156 eadem
1263 1107 1381 1155 erat
1429 1109 1592 1171 atque
1636 1103 1726 1156 illa
1766 1119 1884 1173 qua:
1917 1115 2036 1159 ante

2146 1099 2230 1152 τοῦ
2261 1100 2524 1173 σωτηρίου
2557 1101 2883 1170 Εὖαγγελὶου
2929 1104 3062 1154 πᾶσι
3107 1103 3217 1164 τοῖς
3265 1100 3444 1154 ἔθνεσι
3479 1102 3708 1172 παραδυ-

479 1191 718 1263 Moysem
750 1208 972 1246 ntanum
1019 1195 1364 1264 protenderat
1399 1214 1412 1249 :
1441 1195 1597 1264 cujus
1625 1197 1746 1250 vita:
1777 1198 2036 1252 exercita-

2146 1189 2252 1254 θεὶς
2289 1190 2419 1262 βίος,
2455 1187 2608 1254 οὗτος
2633 1187 2701 1262 ἦν
2734 1193 2936 1256 ἐκεῖνος
2968 1195 2996 1246 ὀ
3027 1193 3119 1245 καὶ
3161 1191 3266 1262 πρὸ
3305 1193 3596 1254 Μωῦσέως
3621 1191 3708 1263 τὴν

479 1283 554 1336 tio
586 1283 640 1337 in
671 1284 861 1354 primis
888 1285 993 1339 illis
1031 1282 1138 1338 Deo
1172 1283 1384 1339 diter-tis
1417 1283 1726 1341 hominibus
1761 1295 2036 1356 perspecta

2146 1285 2292 1354 χεῖρα
2340 1283 2642 1354 προτείνας,
2679 1285 2771 1336 καὶ
2817 1283 2912 1354 τὴν
2942 1284 3139 1354 πρᾶξιν
3193 1284 3280 1338 διὰ
3321 1283 3430 1336 τῶν
3483 1284 3708 1353 πρώτων

479 1381 565 1428 est
607 1394 620 1430 :
663 1376 1015 1445 eamdemque
1055 1375 1321 1446 ﬁgurabat
1356 1376 1444 1432 hic
1467 1375 1626 1439 Zara,
1679 1379 1772 1448 qui
1806 1380 2036 1448 primum

2146 1373 2396 1444 θεοφιλῶν
2428 1376 2633 1449 ἀνδρῶν
2675 1376 3098 1446 ἐπιδεδειγμένος
3117 1393 3132 1408 ·
3181 1371 3334 1441 οὗτος
3361 1393 3424 1429 τε
3463 1369 3624 1439 οὗτος
3649 1373 3710 1446 ἦν

478 1463 676 1518 divinae
721 1466 860 1518 inter
917 1465 1162 1521 homines
1215 1465 1522 1535 reipublicae
1571 1475 1748 1520 ortum
1787 1471 1978 1523 extulit
2023 1489 2035 1524 :

2146 1463 2168 1515 ὁ
2200 1465 2348 1535 Ζαρᾶ
2377 1465 2477 1535 τῆς
2501 1464 2679 1518 ἐνθέου
2711 1465 2982 1529 πολιτείας
3013 1467 3110 1538 τὴν
3141 1465 3363 1536 πρώτην
3399 1467 3462 1518 ἐν
3501 1465 3706 1536 ἀνθρώ-

479 1555 692 1626 fuitque
727 1555 868 1610 idem
919 1557 1246 1626 principium
1297 1566 1349 1612 et
1402 1559 1544 1622 linis,
1579 1561 1788 1628 primus
1835 1569 1888 1615 et
1917 1561 2036 1615 ulti-

2146 1569 2262 1616 ποις
2303 1555 2562 1626 ἀνατολὴν
2611 1555 3109 1626 καταϐεϐλημένος·
3141 1557 3331 1624 γέγονέ
3361 1573 3422 1608 τε
3469 1558 3500 1609 ὁ
3535 1557 3706 1619 αὐτὸς,

480 1664 645 1713 mus;
686 1658 840 1704 ortus
863 1649 1045 1704 brevis
1077 1651 1168 1719 qui
1201 1659 1476 1719 postremo
1497 1653 1711 1706 cunctis
1735 1667 1927 1706 rursus
1962 1651 2036 1706 ef—

2146 1645 2282 1716 ἀρχὴ
2315 1647 2406 1699 καὶ
2433 1648 2604 1712 τέλος,
2641 1647 2854 1717 πρῶτος
2885 1665 2943 1701 τε
2976 1649 3069 1701 καὶ
3111 1648 3358 1710 ὕστατος,
3391 1647 3630 1718 ἀνατολὴ
3657 1663 3706 1700 τε

483 1737 636 1792 fulsit
665 1739 998 1800 hominibus.
1032 1740 1137 1795 Sed
1177 1742 1320 1795 enim
1350 1748 1402 1796 et
1436 1741 1567 1795 illud
1601 1750 1726 1797 ante
1767 1743 1928 1798 dictis
1955 1744 2036 1797 ad-

2146 1738 2312 1808 μικρά
2367 1739 2458 1792 καὶ
2527 1739 2729 1808 ὑστάτη
2779 1739 2936 1793 πάλιν
2991 1741 3070 1803 είς
3119 1740 3324 1802 πάντας
3383 1741 3706 1810 ἐκλάμψασα

479 1829 848 1896 ᾱοηᾱιιιῐιοοδι,
885 1831 937 1884 in
977 1831 1118 1885 libro
1147 1833 1511 1902 generationis
1532 1831 1660 1888 Jesu
1691 1835 1893 1891 Christi
1931 1851 2036 1890 non

2146 1828 2473 1901 ἀνθρώπους.
2510 1830 2654 1900 Πλὴν
2697 1831 2832 1884 ἀλλὰ
2861 1833 3083 1886 κάκεῖνο
3111 1833 3376 1903 προσήκει
3410 1835 3529 1895 τοῖς
3563 1833 3706 1904 εἰρη-

481 1933 512 1973 a
539 1920 714 1990 primo
741 1937 804 1976 ex
848 1922 1082 1988 duobus,
1131 1939 1322 1995 nempe
1361 1907 1520 1992 Zara,
1566 1926 1670 1980 dici
1701 1929 2036 1997 progenitum

2146 1921 2320 1992 μένοις
2355 1921 2640 1984 ἐπιθεῖναι,
2675 1921 2749 1984 ὡς
2785 1925 2816 1992 ὴ
2855 1921 3032 1990 βίϐλος
3075 1921 3175 1992 τῆς
3214 1923 3484 1990 γενέσεως
3541 1923 3706 1994 Ἰησοῦ

477 2027 602 2067 eum
629 2013 787 2082 cujus
820 2015 1019 2068 texitur
1041 2016 1353 2086 genealogia
1378 2034 1392 2080 ;
1417 2016 1512 2072 sed
1539 2031 1568 2068 a
1602 2018 1860 2084 secundo.
1892 2019 2040 2074 vide-

479 2103 604 2159 licet
631 2103 857 2162 Phares.
883 2107 1016 2161 Nam
1052 2121 1238 2178 reapse
1260 2109 1558 2163 secundum
1583 2123 1801 2166 carnem
1825 2113 2038 2182 genitus

479 2195 582 2251 fuit
607 2196 674 2252 de
695 2206 854 2269 gente
879 2205 932 2254 et
963 2215 1162 2270 genere
1210 2201 1456 2265 secundi,
1489 2215 1663 2272 neque
1701 2211 1912 2258 tantum
1939 2220 2036 2258 na-

479 2295 570 2344 tus
595 2304 626 2344 e
663 2291 906 2357 muliere,
943 2293 1034 2347 sed
1085 2292 1260 2347 factus
1311 2295 1413 2349 sub
1445 2294 1595 2366 lege,
1633 2303 1694 2349 ut
1733 2305 1788 2351 et
1829 2311 1924 2352 eos
1943 2297 2036 2365 qui

480 2378 584 2432 sub
618 2379 732 2450 lege
751 2389 904 2436 erant
935 2383 1222 2438 redimeret
1253 2385 1318 2450 ³³,
1343 2388 1640 2442 secundum
1663 2387 1908 2457 Apostoli
1939 2387 2038 2442 hac

477 2471 642 2528 etiam
678 2473 746 2527 de
771 2488 832 2528 re
853 2474 1240 2530 testimonium.

1182 2721 1317 2776 Vill.

479 2851 588 2908 Cur
607 2856 786 2908 uxoris
808 2853 948 2911 Urina
971 2857 1260 2910 meminerit
1290 2859 1341 2910 in
1372 2859 1675 2930 geltealogia
1695 2863 2030 2934 evangelista.

564 3031 615 3085 l.
657 3029 819 3086 Liber
863 3033 1230 3102 generationis
1277 3034 1406 3093 Jesu
1465 3035 1692 3105 Christi,
1723 3039 1852 3093 dum
1911 3041 2030 3096 ait:

486 3141 506 3173 ι
541 3120 708 3181 David
763 3137 857 3179 rex
915 3127 1100 3194 genuit
1151 3125 1497 3184 Salomonem
1547 3145 1614 3186 ex
1657 3147 1722 3186 ea
1769 3147 1888 3202 qua
1935 3134 2036 3190 fuit

481 3211 646 3282 Urire,
676 3233 696 3266 ι
725 3215 1003 3273 declarare
1030 3221 1417 3291 propemodum
1443 3237 1504 3278 ac
1525 3223 1777 3280 ntmtiare
1797 3226 2031 3292 videtur,

2143 2012 2377 2085 Χριστοῦ
2405 2014 2503 2066 οῦκ
2531 2014 2638 2066 άπὸ
2673 2013 2766 2066 τοῦ
2796 2013 2903 2068 τῶν
2927 2014 3070 2067 δυοῖν
3099 2013 3338 2085 πρώτου,
3368 2015 3514 2084 λέγω
3541 2015 3599 2069 δὲ
3621 2015 3706 2068 τοῦ

2142 2103 2320 2173 Ζαρᾶ,
2358 2103 2446 2155 τὸν
2479 2101 2962 2172 γενεαλογούμενον
2991 2102 3152 2172 φῦναι
3183 2105 3413 2172 εἰσάγει,
3457 2104 3574 2158 ἀλλ’
3609 2105 3708 2158 ἀπὸ

2141 2193 2236 2246 τοῦ
2257 2194 2508 2264 δευτέρου
2535 2194 2628 2247 τοῦ
2661 2196 2834 2266 Φαρές
2854 2213 2866 2225 ·
2901 2195 3021 2249 ἐπεὶ
3048 2195 3239 2265 γέγονε
3274 2196 3414 2250 κατὰ
3447 2197 3630 2269 σάρκα
3651 2201 3708 2250 ἐκ

2143 2283 2314 2354 φυλῆς
2341 2287 2434 2337 καὶ
2464 2284 2772 2356 σπέρματος
2799 2285 2894 2339 τοῦ
2917 2285 3165 2354 δευτέρου
3191 2305 3204 2316 ·
3237 2288 3298 2340 οὐ
3332 2288 3492 2358 μόνον
3517 2287 3708 2356 γεννώ-

2145 2393 2303 2447 μενος
2327 2379 2392 2430 ἐκ
2427 2379 2680 2446 γυναικὸς
2703 2420 2718 2446 ,
2759 2378 2894 2432 ἀλλὰ
2939 2381 3030 2434 καὶ
3061 2380 3348 2450 γενόμενος
3381 2380 3489 2434 ὑπὸ
3515 2382 3703 2450 νόμον,

2141 2469 2228 2522 ἵνα
2271 2468 2512 2531 καὶτοὺς
2565 2469 2668 2524 ὑπὸ
2717 2469 2878 2539 νόμον
2919 2471 3244 2543 ἐξαγοράσῃ.
3276 2471 3418 2526 κατὰ
3469 2472 3574 2542 τὴν
3621 2469 3704 2524 τοῦ

2157 2560 2478 2612 Ἀποστόλου
2507 2562 2600 2615 καὶ
2622 2562 2748 2634 περὶ
2769 2561 2960 2614 τούτου
2989 2563 3314 2634 μαρτυρίαν.

2873 2718 2952 2770 Η’.

2140 2851 2238 2906 Διὰ
2285 2853 2340 2903 τι
2384 2849 2494 2922 τῆς
2547 2850 2651 2904 τοῦ
2703 2853 2918 2920 Οὐρίου
2967 2853 3252 2922 γυναικὸς
3297 2853 3576 2922 ἐμνήσθη
3615 2855 3702 2910 ἐπί

2389 2921 2492 2990 τῆς
2518 2923 2909 2992 γενεαλογίας
2945 2927 2976 2977 ό
3010 2921 3464 2994 εὐαγγελισίτής.

2209 3043 2280 3090 α’.
2315 3035 2609 3105 Μονονουχὶ
2637 3034 2724 3087 διὰ
2763 3032 2856 3086 τοῦ
2905 3033 3099 3102 φάναι,
3135 3053 3152 3084 ι
3183 3031 3346 3085 Δαϐὶδ
3387 3036 3416 3086 ὁ
3459 3032 3702 3103 βασιλεὺς

2139 3125 2393 3196 ἐγέννησε
2422 3125 2510 3177 τον
2531 3123 2816 3194 Σολομῶνα
2837 3125 2900 3175 ἐκ
2928 3123 3026 3193 τῆς
3051 3123 3146 3176 τοῦ
3179 3123 3398 3194 Οὐρίου,
3429 3142 3447 3174 ι
3477 3123 3706 3176 τοιοῦτον

2141 3235 2194 3272 τι
2229 3216 2370 3270 ἔοικε
2420 3216 2608 3286 δηλοῦν
2639 3220 2673 3288 ἡ
2729 3216 2905 3288 βίϐλος
2939 3216 3075 3286 αὕτη
3109 3215 3206 3286 τῆς
3247 3215 3422 3285 Ἰησοῦ
3475 3215 3702 3287 Χριστοῦ

482 3305 598 3363 fore
647 3315 706 3364 ιιι
733 3323 858 3366 mox
889 3325 1078 3380 preces
1125 3311 1344 3368 Davidis
1387 3329 1449 3368 ac
1503 3317 1931 3386 supplicationes
1979 3337 2036 3377 re

2146 3308 2422 3376 γενέσεως,
2450 3307 2548 3370 τὰς
2571 3308 2842 3371 λιτανείας
2887 3308 2979 3362 καὶ
3021 3307 3118 3370 τὰς
3154 3306 3362 3364 ἱκεσίας
3405 3307 3503 3360 τοῦ
3549 3307 3705 3360 Δαϐὶδ

479 3404 666 3470 optata
699 3403 995 3472 potiantur.
1045 3404 1297 3461 Continet
1328 3407 1468 3461 enim
1519 3409 1656 3464 liber
1705 3412 2036 3468 incarnatio-

478 3501 604 3544 nem
656 3489 789 3546 Jesu
831 3491 1035 3550 Christi
1086 3495 1397 3554 Servatoris
1433 3501 1676 3555 omnimn
1719 3513 1772 3557 et
1817 3506 2034 3572 medici,

482 3581 641 3650 cujus
669 3583 831 3644 unius
857 3600 1021 3654 opera
1051 3588 1306 3655 sperabat
1346 3589 1514 3644 David
1551 3607 1609 3646 se
1647 3594 2038 3649 absolvendum

483 3689 656 3729 essea
692 3677 921 3732 crimine
942 3679 1085 3733 circa
1143 3678 1325 3734 Uriam
1361 3683 1589 3755 ejusque
1617 3701 1880 3752 uxorem,
1915 3695 1967 3741 et
2007 3701 2036 3740 a

479 3765 674 3820 mortis
711 3767 926 3822 calculo
972 3771 1386 3840 expediendum.
1433 3774 1507 3830 De
1568 3777 1668 3831 hoc
1713 3779 1878 3848 igitur
1909 3778 2036 3835 Jesu

477 3855 698 3911 Christo
747 3873 934 3913 necem
981 3861 1249 3918 subeunte
1295 3865 1494 3934 (cujus
1539 3867 1806 3935 beneficio
1857 3871 2037 3922 anima

479 3961 695 4015 quoque
723 3946 939 4003 Davidis
969 3950 1245 4006 liberanda
1277 3956 1415 4024 erat)
1449 3956 1748 4010 vaticinans
1793 3957 1848 4010 in
1883 3958 2036 4012 Psal-

479 4037 586 4091 mis
615 4036 754 4091 idem
785 4037 950 4094 David
974 4083 988 4107 ,
1017 4041 1336 4098 descensum
1374 4044 1680 4102 Servatoris
1713 4048 1780 4101 ad
1833 4047 2036 4104 inferos

481 4143 746 4199 suamque
775 4131 947 4201 ipsius
977 4134 1204 4189 salutem
1239 4137 1585 4206 significavit,
1618 4140 1810 4195 dicens
1843 4159 1856 4194 :
1890 4159 1908 4192 ι
1935 4140 2039 4196 Do-

479 4217 647 4283 miue,
677 4219 912 4275 eduxisti
941 4237 1006 4276 ex
1037 4223 1225 4278 inferis
1275 4228 1516 4282 animam
1575 4243 1772 4296 meam,
1805 4231 2036 4285 servasti

481 4321 568 4362 me
619 4325 648 4363 a
699 4311 1155 4370 descendentibus
1205 4317 1259 4370 in
1305 4317 1564 4372 lacum”.
1607 4339 1624 4370 ι
1661 4319 1832 4374 ltem:
1876 4339 1892 4372 ι
1936 4321 2038 4386 Qui

477 4401 685 4458 exaltas
717 4419 800 4458 me
831 4404 896 4460 de
931 4407 1102 4476 portis
1127 4410 1321 4463 mortis
1342 4409 1407 4462 ³⁵.
1451 4427 1470 4461 ι
1503 4408 1634 4464 Item
1668 4429 1680 4463 :
1719 4431 1738 4462 ι
1774 4409 1892 4466 Non
1943 4413 2040 4467 de-

479 4494 754 4564 relinques
809 4497 1048 4552 animam
1117 4515 1288 4554 meam
1341 4500 1396 4554 in
1450 4499 1740 4556 inferno”.
1777 4521 1796 4554 ι
1853 4501 2033 4558 Item:

486 4603 505 4635 ι
541 4583 852 4643 Conversus
901 4590 1190 4646 viviticasti
1229 4606 1348 4658 me;
1380 4598 1436 4646 et
1487 4608 1554 4647 ex
1606 4593 1820 4665 abyssis
1882 4601 2038 4649 teme

2141 3401 2262 3452 ὅσον
2293 3399 2444 3452 οὔπω
2507 3403 2876 3472 προχωρήσειν
2933 3401 3007 3463 εἰς
3059 3399 3207 3464 τέλος
3263 3401 3700 3468 εὐαγγελίζεταιο

2143 3493 2382 3563 περιέχει
2435 3491 2560 3559 γοῦν
2617 3493 2712 3561 τὴν
2755 3491 3064 3560 οἰκονομίαν
3121 3491 3292 3562 Ἰησοῦ
3343 3492 3582 3562 Χριστοῦ
3613 3481 3701 3546 τοῦ

2143 3585 2392 3656 Σωτῆρος
2421 3584 2528 3636 τῶν
2557 3584 2692 3637 ὅλων
2713 3583 2807 3636 καὶ
2841 3583 3046 3655 ἰατροῦ,
3075 3582 3140 3635 δι’
3185 3577 3243 3635 οὗ
3272 3585 3430 3653 μόνου
3461 3585 3618 3648 ἐλπὶς
3643 3581 3704 3654 ἦν

2142 3677 2236 3729 καὶ
2279 3676 2354 3746 τῷ
2389 3676 2550 3728 Δαϐὶδ
2593 3677 2692 3745 τῆς
2721 3676 2859 3728 κατὰ
2897 3677 2988 3728 τὸν
3017 3675 3216 3745 Οὐρίαν
3250 3677 3343 3728 καὶ
3377 3677 3474 3747 τὴν
3517 3675 3700 3730 τούτου

2141 3771 2372 3838 γυναῖκα
2421 3769 2691 3838 ἁμαρτίας
2741 3765 3202 3836 ἀπολυθήσεσθαι,
3238 3769 3331 3820 καὶ
3383 3769 3484 3838 τῆς
3531 3771 3588 3822 ἐν
3628 3768 3701 3838 τῷ

2145 3860 2359 3930 θανάτῳ
2383 3859 2710 3930 καθείρξεως
2735 3857 3264 3930 ἐλευθερωθήσεσθαι
3289 3877 3303 3891 ·
3352 3860 3544 3914 τούτου
3579 3860 3700 3929 γοῦν

2157 3947 2327 4022 Ἰησοῦ
2359 3949 2591 4022 Χριστοῦ
2617 3951 2715 4020 τὴν
2749 3951 2907 4021 μέχρι
2935 3949 3166 4004 θανάτου
3199 3951 3526 4022 παρουσίαν,
3545 3952 3612 4004 δι’
3637 3947 3698 4023 ἧς

2142 4042 2338 4113 ἤμελλε
2363 4042 2456 4094 καὶ
2482 4043 2516 4112 ἡ
2539 4040 2633 4094 τοῦ
2657 4041 2820 4093 Δαϐὶδ
2855 4041 3284 4112 άπολυτροῦσθαι
3307 4042 3454 4114 ψυχὴ
3481 4082 3496 4106 ,
3525 4041 3700 4095 θεσπί-

2145 4133 2252 4196 ζων
2283 4135 2337 4186 ἐν
2373 4137 2483 4196 τοῖς
2525 4132 2772 4203 Ψαλμοῖς
2827 4134 2981 4196 αὐτὸς
3020 4135 3048 4186 ὁ
3081 4133 3276 4198 Δαϐὶδ,
3311 4133 3380 4188 τά
3433 4134 3566 4205 περὶ
3607 4133 3700 4202 τῆς

2144 4228 2320 4278 ἐκεῖσε
2351 4225 2576 4279 καθόδου
2597 4227 2690 4279 τοῦ
2721 4226 2990 4296 Σωτῆρος,
3021 4227 3090 4280 τά
3123 4243 3180 4279 τε
3217 4227 3341 4296 περὶ
3381 4226 3484 4296 τῆς
3517 4223 3698 4279 ἑαυτοῦ

2147 4315 2414 4386 σωτηρίας
2451 4315 2638 4386 ἐδήλου
2661 4315 2730 4368 δι’
2757 4309 2832 4370 ὧν
2865 4315 3099 4384 ἔφασκε·
3136 4333 3154 4364 ι
3199 4313 3388 4382 Κύριε,
3434 4316 3696 4384 ἀνήγαγες

2149 4407 2209 4470 ἐξ
2240 4405 2364 4476 ᾅδου
2397 4407 2494 4478 τὴν
2526 4407 2702 4478 ψυχήν
2734 4424 2836 4478 μου
2857 4445 2872 4468 ,
2903 4407 3110 4469 ἐσωσάς
3157 4423 3222 4476 με
3257 4407 3374 4458 -ἀπὸ
3403 4405 3513 4460 τῶν
3545 4421 3697 4458 κατα-

2147 4497 2436 4550 ϐαινόντων
2469 4500 2548 4561 είς
2567 4497 2784 4553 λάκκον.
2815 4517 2831 4550 ι
2861 4497 2970 4551 Καὶ
2993 4498 3082 4550 τό·
3119 4517 3136 4548 ι
3159 4499 3216 4550 Ὀ
3239 4496 3388 4566 ὑψῶν
3421 4513 3490 4566 με
3513 4499 3576 4549 ἐκ
3601 4495 3697 4550 τῶν

2147 4588 2328 4642 πυλῶν
2352 4587 2448 4642 τοῦ
2478 4589 2707 4644 θανάτου
2735 4629 2748 4644 .
2785 4607 2804 4640 ι
2830 4588 2940 4641 Καὶ
2966 4589 3026 4642 τό
3049 4605 3064 4620 ο
3095 4607 3114 4638 ι
3149 4587 3260 4640 οὐκ
3301 4587 3696 4656 ἐγκαταλείψεις

481 4677 678 4732 iterum
713 4679 976 4735 reduxisti
1003 4697 1088 4734 me
1111 4681 1176 4734 ³⁷.
1219 4699 1237 4734 ι
1273 4681 1408 4748 Quis
1441 4691 1620 4738 autem
1657 4693 1772 4738 erat
1809 4683 2036 4742 descen-

2146 4681 2234 4750 τὴν
2281 4680 2458 4751 ψυχήν
2507 4698 2606 4751 μου
2645 4683 2724 4744 είς
2760 4679 2943 4752 ᾅδην.»
2999 4680 3108 4734 Καὶ
3150 4681 3238 4734 τό·
3287 4697 3304 4730 ι
3349 4681 3694 4752 Ἐπιστρέψας

481 4769 616 4822 dens
669 4769 1056 4843 reducensque,
1089 4785 1212 4826 eum
1259 4789 1322 4828 ex
1372 4775 1620 4846 abyssis?
1645 4775 1769 4846 quis
1818 4791 2041 4834 servans

477 4875 604 4915 eum
657 4875 686 4914 a
729 4861 1182 4919 descendentibus
1217 4865 1272 4919 in
1305 4865 1482 4920 lacum
1505 4866 1530 4920 ?
1557 4867 1662 4921 nisi
1687 4867 1794 4932 hic,
1825 4869 1892 4924 de
1933 4884 2040 4939 quo

477 4953 677 5014 librum
706 4953 1072 5025 generationis
1101 4955 1370 5012 mirabilis
1409 4959 1744 5029 evangelista
1795 4961 2040 5016 conscri-

477 5045 598 5101 bit:
631 5046 788 5103 inter.
822 5047 934 5102 alia
979 5049 1122 5104 bona
1153 5063 1370 5121 quoque
1415 5048 1640 5106 Davidis
1677 5052 1834 5108 nobis
1896 5069 2040 5108 nun-

477 5134 644 5191 tiens.

543 5411 597 5464 2.
633 5409 900 5466 Existimo
935 5421 1114 5468 autem
1161 5413 1216 5466 in
1275 5411 1326 5466 id
1375 5411 1692 5470 barathrum
1752 5411 2036 5481 delapsum

479 5501 648 5558 fuisse
693 5501 948 5560 Davidem
975 5505 1046 5560 ob
1073 5504 1236 5560 unius
1273 5505 1480 5559 voculae
1525 5519 1749 5569 noxam,
1775 5519 1940 5574 quam
1973 5504 2029 5558 in

546 5675 592 5707 ⁸³
627 5675 746 5734 Gal.
779 5692 853 5742 Iv,
889 5678 942 5734 5.
1017 5679 1064 5711 “
1099 5676 1246 5736 Psal.
1277 5693 1436 5745 xxix,
1475 5679 1526 5734 4.

547 5851 660 5922 (16)
700 5849 822 5908 bib.
855 5869 892 5918 ι,
922 5853 974 5908 5.

1611 5679 1654 5710 ³⁵
1695 5676 1838 5734 Psal.
1873 5693 1962 5744 rx,
2001 5679 2086 5736 l5.

2147 4770 2517 4842 ἐζωοποίησάς
2547 4789 2634 4842 με,
2667 4772 2762 4825 καὶ
2787 4773 2849 4824 ἐκ
2867 4769 2974 4823 τῶν
3008 4771 3256 4824 ἀϐύσσων
3288 4770 3388 4839 τῆς
3425 4772 3530 4841 γῆς
3553 4771 3692 4825 πάλιν

2147 4863 2420 4934 ἀνήγαγες
2454 4881 2541 4934 με.
2585 4883 2603 4915 ι
2643 4863 2738 4928 Τίς
2775 4864 2819 4918 δ’
2851 4860 2964 4936 ἦνὸ
3017 4863 3253 4927 καταϐάς
3285 4863 3382 4916 καὶ
3419 4863 3694 4932 ἀναγαγὼν

2145 4954 2307 5010 αὐτὸν
2337 4957 2403 5010 ἐκ
2433 4955 2544 5010 τῶν
2583 4955 2875 5018 ἀϐύσσωνς
2922 4958 3004 5020 τίς
3035 4957 3078 5009 δ’
3117 4956 3146 5008 ὁ
3181 4953 3360 5020 σώσας
3397 4957 3558 5010 αὐτὸν
3601 4955 3692 5008 ἀπὸ

2143 5047 2252 5100 τῶν
2282 5047 2718 5102 καταϐαινόντων
2739 5051 2818 5113 εἰς
2841 5049 3040 5104 λάκκον
3065 5067 3079 5116 ;
3108 5048 3221 5102 ἀλλ’
3241 5042 3396 5112 οὗτος
3426 5041 3472 5116 ᾧ
3503 5049 3596 5118 τῆς
3619 5063 3690 5115 γε·

2145 5141 2345 5204 νέσεως
2373 5141 2472 5212 τὴν
2523 5141 2702 5211 βίϐλον
2733 5142 2762 5194 ὁ
2799 5140 3098 5212 θαυμάσιος
3143 5140 3534 5210 εὐαγγελιστὴς
3575 5141 3688 5192 ἁνα-

2143 5231 2365 5301 γράφει,
2395 5232 2531 5302 μετά
2551 5233 2657 5286 τῶν
2681 5233 2854 5286 ἄλλων
2873 5233 2968 5286 καὶ
2991 5231 3058 5286 τά
3071 5233 3198 5303 περὶ
3215 5233 3312 5288 τοῦ
3338 5232 3500 5286 Δαϐὶδ
3527 5229 3688 5299 ἁγαθὰ

2143 5323 2308 5376 πᾶσιν
2335 5324 2466 5392 ἡμῖν
2497 5319 2995 5392 εὐαγγελιζόμενος.

2216 5412 2280 5482 β’.
2315 5409 2481 5483 Οἶμαι
2532 5413 2588 5466 δὲ
2613 5413 2786 5482 τούτῳ
2835 5411 2914 5482 τῷ
2961 5411 3210 5483 πτώματι
3263 5411 3566 5484 περιπεσεῖν
3606 5405 3682 5460 τὸν

2143 5505 2307 5558 Δαϐὶδ
2335 5503 2423 5558 διὰ
2452 5505 2580 5575 μίαν
2600 5503 2805 5577 ταύτην
2839 5504 3041 5575 φωνὴν,
3069 5505 3136 5574 ἦν
3165 5506 3222 5559 ἐν
3251 5504 3328 5574 τῷ
3359 5501 3576 5572 εἰκοστῷ
3599 5513 3678 5554 και

2169 5679 2214 5713 ³⁸
2251 5679 2396 5738 Psal.
2433 5696 2521 5746 xv,
2561 5681 2645 5736 10.
2725 5682 2766 5715 ³⁷
2810 5679 2955 5740 Psal.
2995 5697 3095 5736 ιιι
3119 5723 3134 5752 ,
3167 5682 3256 5741 ‘20.
