  <div class='ocr_page' id='page_1' title='image "/cluster/home/n/w/nwhite01/storage/ocr_20150623/22/hvd.32044020605168/488.png"; bbox 0 0 3938 6530; ppageno 0'>
   <div class='ocr_carea' id='block_1_1' title="bbox 244 429 345 488">
    <p class='ocr_par' dir='ltr' id='par_1_1' title="bbox 244 429 345 488">
     <span class='ocr_line' id='line_1_1' title="bbox 244 429 345 488; baseline -0.059 0"><span class='ocrx_word' id='word_1_1' title='bbox 244 429 345 488; x_wconf 76' lang='lat' dir='ltr'><strong>9H</strong></span> 
     </span>
    </p>
   </div>
   <div class='ocr_carea' id='block_1_2' title="bbox 788 421 2938 494">
    <p class='ocr_par' dir='ltr' id='par_1_2' title="bbox 788 421 2938 494">
     <span class='ocr_line' id='line_1_2' title="bbox 788 421 2938 494; baseline -0.002 -10"><span class='ocrx_word' id='word_1_2' title='bbox 788 425 1253 494; x_wconf 63' lang='lat' dir='ltr'><strong>QUESTlONES</strong></span> <span class='ocrx_word' id='word_1_3' title='bbox 1290 423 1748 486; x_wconf 65' lang='lat' dir='ltr'><strong>EVANGELICJE</strong></span> <span class='ocrx_word' id='word_1_4' title='bbox 1788 426 1878 481; x_wconf 79' lang='lat' dir='ltr'><strong>AD</strong></span> <span class='ocrx_word' id='word_1_5' title='bbox 1913 424 2356 482; x_wconf 76' lang='lat' dir='ltr'><strong>STEPHANUM.</strong></span> <span class='ocrx_word' id='word_1_6' title='bbox 2395 456 2465 467; x_wconf 88' lang='lat'><strong>—-</strong></span> <span class='ocrx_word' id='word_1_7' title='bbox 2502 421 2832 493; x_wconf 65' lang='lat' dir='ltr'><strong>QUESTIO</strong></span> <span class='ocrx_word' id='word_1_8' title='bbox 2867 423 2938 479; x_wconf 77' lang='grc' dir='ltr'><strong>Χ.</strong></span> 
     </span>
    </p>
   </div>
   <div class='ocr_carea' id='block_1_3' title="bbox 3372 423 3480 480">
    <p class='ocr_par' dir='ltr' id='par_1_3' title="bbox 3372 423 3480 480">
     <span class='ocr_line' id='line_1_3' title="bbox 3372 423 3480 480; baseline 0 0"><span class='ocrx_word' id='word_1_9' title='bbox 3372 423 3480 480; x_wconf 70' lang='grc'><strong>918</strong></span> 
     </span>
    </p>
   </div>
   <div class='ocr_carea' id='block_1_4' title="bbox 269 547 1800 621">
    <p class='ocr_par' dir='ltr' id='par_1_4' title="bbox 269 547 1800 621">
     <span class='ocr_line' id='line_1_4' title="bbox 269 547 1800 621; baseline 0 -18"><span class='ocrx_word' id='word_1_10' title='bbox 269 549 299 615; x_wconf 80' lang='grc' dir='ltr'>ξ</span> <span class='ocrx_word' id='word_1_11' title='bbox 351 548 666 615; x_wconf 71' lang='grc' dir='ltr'>ἀλλοφύλων</span> <span class='ocrx_word' id='word_1_12' title='bbox 717 547 825 601; x_wconf 82' lang='grc' dir='ltr'><strong>τῶν</strong></span> <span class='ocrx_word' id='word_1_13' title='bbox 876 550 1343 621; x_wconf 78' lang='grc' dir='ltr'><strong>ἀπηγορευμένων</strong></span> <span class='ocrx_word' id='word_1_14' title='bbox 1393 550 1543 621; x_wconf 87' lang='grc' dir='ltr'><strong>παρά</strong></span> <span class='ocrx_word' id='word_1_15' title='bbox 1594 550 1800 603; x_wconf 81' lang='grc' dir='ltr'><strong>Μωῦσε</strong></span> 
     </span>
    </p>
   </div>
   <div class='ocr_carea' id='block_1_5' title="bbox 1908 547 3484 621">
    <p class='ocr_par' dir='ltr' id='par_1_5' title="bbox 1915 548 3484 620">
     <span class='ocr_line' id='line_1_5' title="bbox 1915 548 3484 620; baseline -0.001 -15"><span class='ocrx_word' id='word_1_16' title='bbox 1915 558 1970 605; x_wconf 87' lang='lat' dir='ltr'><strong>et</strong></span> <span class='ocrx_word' id='word_1_17' title='bbox 2019 549 2242 620; x_wconf 87' lang='lat' dir='ltr'><strong>quidem</strong></span> <span class='ocrx_word' id='word_1_18' title='bbox 2281 549 2452 605; x_wconf 79' lang='lat' dir='ltr'><strong>exiis</strong></span> <span class='ocrx_word' id='word_1_19' title='bbox 2496 548 2821 620; x_wconf 81' lang='lat' dir='ltr'><strong>alienigenis</strong></span> <span class='ocrx_word' id='word_1_20' title='bbox 2867 562 3100 618; x_wconf 67' lang='lat' dir='ltr'><strong>quorum</strong></span> <span class='ocrx_word' id='word_1_21' title='bbox 3152 550 3484 604; x_wconf 81' lang='lat' dir='ltr'><strong>commerclo</strong></span> 
     </span>
    </p>
   </div>
   <div class='ocr_carea' id='block_1_6' title="bbox 240 639 1810 712">
    <p class='ocr_par' dir='ltr' id='par_1_6' title="bbox 240 639 1810 712">
     <span class='ocr_line' id='line_1_6' title="bbox 240 639 1810 712; baseline -0.003 -15"><span class='ocrx_word' id='word_1_22' title='bbox 240 640 578 697; x_wconf 75' lang='grc' dir='ltr'>Μωαϐιτῶν·</span> <span class='ocrx_word' id='word_1_23' title='bbox 612 659 630 693; x_wconf 80' lang='grc' dir='ltr'><strong>ι</strong></span> <span class='ocrx_word' id='word_1_24' title='bbox 664 639 948 694; x_wconf 76' lang='grc' dir='ltr'>Μωαϐῖται</span> <span class='ocrx_word' id='word_1_25' title='bbox 980 640 1109 712; x_wconf 75' lang='grc' dir='ltr'>γὰρ,</span> <span class='ocrx_word' id='word_1_26' title='bbox 1135 643 1301 711; x_wconf 76' lang='grc' dir='ltr'>φησὶ,</span> <span class='ocrx_word' id='word_1_27' title='bbox 1347 639 1441 694; x_wconf 68' lang='grc' dir='ltr'><strong>καὶ</strong></span> <span class='ocrx_word' id='word_1_28' title='bbox 1486 640 1810 711; x_wconf 77' lang='grc' dir='ltr'><strong>Ἀμμανῖται</strong></span> 
     </span>
    </p>
   </div>
   <div class='ocr_carea' id='block_1_7' title="bbox 237 732 1812 803">
    <p class='ocr_par' dir='ltr' id='par_1_7' title="bbox 237 732 1812 803">
     <span class='ocr_line' id='line_1_7' title="bbox 237 732 1812 803; baseline -0.001 -17"><span class='ocrx_word' id='word_1_29' title='bbox 237 734 335 786; x_wconf 75' lang='grc' dir='ltr'><strong>οὐκ</strong></span> <span class='ocrx_word' id='word_1_30' title='bbox 365 732 761 786; x_wconf 71' lang='grc' dir='ltr'><strong>εἰσελεύσονται</strong></span> <span class='ocrx_word' id='word_1_31' title='bbox 794 733 873 793; x_wconf 85' lang='grc' dir='ltr'><strong>είς</strong></span> <span class='ocrx_word' id='word_1_32' title='bbox 908 732 1230 803; x_wconf 82' lang='grc' dir='ltr'>Ἐκκλησίαν</span> <span class='ocrx_word' id='word_1_33' title='bbox 1263 733 1465 802; x_wconf 84' lang='grc' dir='ltr'>Κυρίου</span> <span class='ocrx_word' id='word_1_34' title='bbox 1499 733 1600 796; x_wconf 70' lang='grc' dir='ltr'>ἕως</span> <span class='ocrx_word' id='word_1_35' title='bbox 1625 733 1812 803; x_wconf 78' lang='grc' dir='ltr'><strong>τρίτης</strong></span> 
     </span>
    </p>
   </div>
   <div class='ocr_carea' id='block_1_8' title="bbox 239 821 1811 894">
    <p class='ocr_par' dir='ltr' id='par_1_8' title="bbox 239 821 1811 894">
     <span class='ocr_line' id='line_1_8' title="bbox 239 821 1811 894; baseline 0 -19"><span class='ocrx_word' id='word_1_36' title='bbox 239 824 330 876; x_wconf 73' lang='grc' dir='ltr'><strong>καὶ</strong></span> <span class='ocrx_word' id='word_1_37' title='bbox 352 824 622 894; x_wconf 78' lang='grc' dir='ltr'><strong>τετάρτης</strong></span> <span class='ocrx_word' id='word_1_38' title='bbox 650 824 860 891; x_wconf 81' lang='grc' dir='ltr'>γενεᾶς,</span> <span class='ocrx_word' id='word_1_39' title='bbox 892 824 985 876; x_wconf 70' lang='grc' dir='ltr'><strong>καὶ</strong></span> <span class='ocrx_word' id='word_1_40' title='bbox 1010 823 1114 887; x_wconf 78' lang='grc' dir='ltr'><strong>ἕως</strong></span> <span class='ocrx_word' id='word_1_41' title='bbox 1142 824 1222 886; x_wconf 88' lang='grc' dir='ltr'><strong>εἰς</strong></span> <span class='ocrx_word' id='word_1_42' title='bbox 1259 823 1350 876; x_wconf 82' lang='grc' dir='ltr'><strong>τὸν</strong></span> <span class='ocrx_word' id='word_1_43' title='bbox 1382 821 1582 876; x_wconf 82' lang='grc' dir='ltr'>αἰῶνα·</span> <span class='ocrx_word' id='word_1_44' title='bbox 1630 842 1646 874; x_wconf 76' lang='grc' dir='ltr'><strong>ι</strong></span> <span class='ocrx_word' id='word_1_45' title='bbox 1674 823 1811 891; x_wconf 78' lang='grc' dir='ltr'>πλὴν</span> 
     </span>
    </p>
   </div>
   <div class='ocr_carea' id='block_1_9' title="bbox 237 912 1813 985">
    <p class='ocr_par' dir='ltr' id='par_1_9' title="bbox 237 912 1813 985">
     <span class='ocr_line' id='line_1_9' title="bbox 237 912 1813 985; baseline 0.001 -20"><span class='ocrx_word' id='word_1_46' title='bbox 237 912 373 965; x_wconf 86' lang='grc' dir='ltr'><strong>ἀλλά</strong></span> <span class='ocrx_word' id='word_1_47' title='bbox 404 914 500 965; x_wconf 73' lang='grc' dir='ltr'><strong>καὶ</strong></span> <span class='ocrx_word' id='word_1_48' title='bbox 520 916 764 985; x_wconf 86' lang='grc' dir='ltr'>κρεῖττον</span> <span class='ocrx_word' id='word_1_49' title='bbox 794 912 884 965; x_wconf 79' lang='grc' dir='ltr'><strong>τοῦ</strong></span> <span class='ocrx_word' id='word_1_50' title='bbox 914 913 1078 982; x_wconf 84' lang='grc' dir='ltr'>νόμου</span> <span class='ocrx_word' id='word_1_51' title='bbox 1105 913 1369 983; x_wconf 78' lang='grc' dir='ltr'>γενομένη</span> <span class='ocrx_word' id='word_1_52' title='bbox 1395 912 1666 983; x_wconf 80' lang='grc' dir='ltr'>θεοφιλὴς,</span> <span class='ocrx_word' id='word_1_53' title='bbox 1702 914 1813 966; x_wconf 84' lang='grc' dir='ltr'>εἰσ-</span> 
     </span>
    </p>
   </div>
   <div class='ocr_carea' id='block_1_10' title="bbox 234 1005 1813 1077">
    <p class='ocr_par' dir='ltr' id='par_1_10' title="bbox 234 1005 1813 1077">
     <span class='ocr_line' id='line_1_10' title="bbox 234 1005 1813 1077; baseline 0.001 -22"><span class='ocrx_word' id='word_1_54' title='bbox 234 1005 397 1075; x_wconf 62' lang='grc' dir='ltr'>ῆλθεν</span> <span class='ocrx_word' id='word_1_55' title='bbox 448 1007 531 1069; x_wconf 85' lang='grc' dir='ltr'><strong>είς</strong></span> <span class='ocrx_word' id='word_1_56' title='bbox 576 1006 895 1075; x_wconf 84' lang='grc' dir='ltr'>Ἐκκλησίαν</span> <span class='ocrx_word' id='word_1_57' title='bbox 937 1008 1141 1077; x_wconf 84' lang='grc' dir='ltr'>Κυρίου</span> <span class='ocrx_word' id='word_1_58' title='bbox 1163 1023 1175 1036; x_wconf 73' lang='grc' dir='ltr'><strong>ο</strong></span> <span class='ocrx_word' id='word_1_59' title='bbox 1206 1006 1435 1077; x_wconf 75' lang='grc' dir='ltr'>ἐπείπερ</span> <span class='ocrx_word' id='word_1_60' title='bbox 1462 1007 1490 1058; x_wconf 90' lang='grc' dir='ltr'><strong>ό</strong></span> <span class='ocrx_word' id='word_1_61' title='bbox 1516 1006 1676 1076; x_wconf 87' lang='grc' dir='ltr'>νόμος</span> <span class='ocrx_word' id='word_1_62' title='bbox 1702 1008 1813 1068; x_wconf 82' lang='grc' dir='ltr'>τοῖς</span> 
     </span>
    </p>
   </div>
   <div class='ocr_carea' id='block_1_11' title="bbox 234 1078 1811 1169">
    <p class='ocr_par' dir='ltr' id='par_1_11' title="bbox 234 1078 1811 1169">
     <span class='ocr_line' id='line_1_11' title="bbox 234 1078 1811 1169; baseline -0.001 -18"><span class='ocrx_word' id='word_1_63' title='bbox 234 1100 290 1151; x_wconf 83' lang='grc' dir='ltr'>ὲν</span> <span class='ocrx_word' id='word_1_64' title='bbox 315 1096 397 1168; x_wconf 89' lang='grc' dir='ltr'><strong>τῷ</strong></span> <span class='ocrx_word' id='word_1_65' title='bbox 430 1097 578 1167; x_wconf 82' lang='grc' dir='ltr'>νόμῳ</span> <span class='ocrx_word' id='word_1_66' title='bbox 608 1097 786 1150; x_wconf 86' lang='grc' dir='ltr'>λαλεῖ·</span> <span class='ocrx_word' id='word_1_67' title='bbox 829 1116 846 1148; x_wconf 76' lang='grc' dir='ltr'><strong>ι</strong></span> <span class='ocrx_word' id='word_1_68' title='bbox 880 1098 1081 1169; x_wconf 86' lang='grc' dir='ltr'>Δικαίῳ</span> <span class='ocrx_word' id='word_1_69' title='bbox 1113 1099 1169 1152; x_wconf 81' lang='grc' dir='ltr'>δὲ</span> <span class='ocrx_word' id='word_1_70' title='bbox 1195 1098 1357 1169; x_wconf 88' lang='grc' dir='ltr'>νόμος</span> <span class='ocrx_word' id='word_1_71' title='bbox 1375 1099 1434 1151; x_wconf 82' lang='grc' dir='ltr'><strong>ού</strong></span> <span class='ocrx_word' id='word_1_72' title='bbox 1470 1101 1662 1160; x_wconf 86' lang='grc' dir='ltr'>κεῖται,</span> <span class='ocrx_word' id='word_1_73' title='bbox 1698 1078 1811 1150; x_wconf 67' lang='grc' dir='ltr'>ἀλλ’</span> 
     </span>
    </p>
   </div>
   <div class='ocr_carea' id='block_1_12' title="bbox 233 1187 1802 1260">
    <p class='ocr_par' dir='ltr' id='par_1_12' title="bbox 233 1187 1802 1260">
     <span class='ocr_line' id='line_1_12' title="bbox 233 1187 1802 1260; baseline 0.001 -21"><span class='ocrx_word' id='word_1_74' title='bbox 233 1187 457 1255; x_wconf 81' lang='grc' dir='ltr'>ἀνόμοις</span> <span class='ocrx_word' id='word_1_75' title='bbox 491 1187 583 1240; x_wconf 75' lang='grc' dir='ltr'><strong>καὶ</strong></span> <span class='ocrx_word' id='word_1_76' title='bbox 606 1187 1015 1251; x_wconf 82' lang='grc' dir='ltr'>ἀνυποτάκτοις,</span> <span class='ocrx_word' id='word_1_77' title='bbox 1040 1188 1260 1241; x_wconf 76' lang='grc' dir='ltr'>ἀσεϐέσι</span> <span class='ocrx_word' id='word_1_78' title='bbox 1292 1189 1383 1242; x_wconf 72' lang='grc' dir='ltr'><strong>καὶ</strong></span> <span class='ocrx_word' id='word_1_79' title='bbox 1410 1188 1768 1260; x_wconf 84' lang='grc' dir='ltr'>ἁμαρτωλοῖς.</span> <span class='ocrx_word' id='word_1_80' title='bbox 1786 1209 1802 1240; x_wconf 79' lang='grc' dir='ltr'><strong>ι</strong></span> 
     </span>
    </p>
   </div>
   <div class='ocr_carea' id='block_1_13' title="bbox 244 1275 1810 1348">
    <p class='ocr_par' dir='ltr' id='par_1_13' title="bbox 244 1275 1810 1348">
     <span class='ocr_line' id='line_1_13' title="bbox 244 1275 1810 1348; baseline 0.003 -20"><span class='ocrx_word' id='word_1_81' title='bbox 244 1276 307 1328; x_wconf 83' lang='grc' dir='ltr'><strong><em>Ἦ</em></strong></span> <span class='ocrx_word' id='word_1_82' title='bbox 341 1275 401 1329; x_wconf 82' lang='grc' dir='ltr'>δὲ</span> <span class='ocrx_word' id='word_1_83' title='bbox 444 1275 599 1329; x_wconf 83' lang='grc' dir='ltr'>Ῥοὺθ</span> <span class='ocrx_word' id='word_1_84' title='bbox 629 1277 688 1330; x_wconf 77' lang='grc' dir='ltr'><strong>ού</strong></span> <span class='ocrx_word' id='word_1_85' title='bbox 736 1277 986 1348; x_wconf 82' lang='grc' dir='ltr'>τοιαύτη,</span> <span class='ocrx_word' id='word_1_86' title='bbox 1021 1280 1067 1330; x_wconf 78' lang='grc' dir='ltr'><strong>εἰ</strong></span> <span class='ocrx_word' id='word_1_87' title='bbox 1102 1278 1195 1331; x_wconf 77' lang='grc' dir='ltr'><strong>καὶ</strong></span> <span class='ocrx_word' id='word_1_88' title='bbox 1226 1277 1283 1331; x_wconf 75' lang='grc' dir='ltr'>τὸ</span> <span class='ocrx_word' id='word_1_89' title='bbox 1308 1278 1464 1346; x_wconf 84' lang='grc' dir='ltr'>γένος</span> <span class='ocrx_word' id='word_1_90' title='bbox 1516 1280 1810 1347; x_wconf 83' lang='grc' dir='ltr'>ἀλλόφυλος</span> 
     </span>
    </p>
   </div>
   <div class='ocr_carea' id='block_1_14' title="bbox 231 1365 1808 1443">
    <p class='ocr_par' dir='ltr' id='par_1_14' title="bbox 231 1365 1808 1443">
     <span class='ocr_line' id='line_1_14' title="bbox 231 1365 1808 1443; baseline 0.003 -24"><span class='ocrx_word' id='word_1_91' title='bbox 231 1365 318 1438; x_wconf 66' lang='grc' dir='ltr'><strong>ἦν,</strong></span> <span class='ocrx_word' id='word_1_92' title='bbox 346 1369 633 1440; x_wconf 76' lang='grc' dir='ltr'>ύπερδᾶσα</span> <span class='ocrx_word' id='word_1_93' title='bbox 655 1370 710 1423; x_wconf 85' lang='grc' dir='ltr'>δὲ</span> <span class='ocrx_word' id='word_1_94' title='bbox 740 1370 830 1423; x_wconf 83' lang='grc' dir='ltr'><strong>τὸν</strong></span> <span class='ocrx_word' id='word_1_95' title='bbox 848 1370 1122 1443; x_wconf 78' lang='grc' dir='ltr'>διορισμὸν</span> <span class='ocrx_word' id='word_1_96' title='bbox 1144 1370 1235 1424; x_wconf 77' lang='grc' dir='ltr'><strong>τοῦ</strong></span> <span class='ocrx_word' id='word_1_97' title='bbox 1266 1371 1451 1442; x_wconf 88' lang='grc' dir='ltr'>νόμου,</span> <span class='ocrx_word' id='word_1_98' title='bbox 1482 1373 1575 1424; x_wconf 69' lang='grc' dir='ltr'>καὶ</span> <span class='ocrx_word' id='word_1_99' title='bbox 1602 1372 1808 1443; x_wconf 84' lang='grc' dir='ltr'>εἰσελή-</span> 
     </span>
    </p>
   </div>
   <div class='ocr_carea' id='block_1_15' title="bbox 231 1459 1810 1533">
    <p class='ocr_par' dir='ltr' id='par_1_15' title="bbox 231 1459 1810 1533">
     <span class='ocr_line' id='line_1_15' title="bbox 231 1459 1810 1533; baseline 0.002 -21"><span class='ocrx_word' id='word_1_100' title='bbox 231 1459 394 1513; x_wconf 78' lang='grc' dir='ltr'>λυθεν</span> <span class='ocrx_word' id='word_1_101' title='bbox 449 1461 529 1523; x_wconf 87' lang='grc' dir='ltr'><strong>είς</strong></span> <span class='ocrx_word' id='word_1_102' title='bbox 580 1462 679 1531; x_wconf 82' lang='grc' dir='ltr'><strong>τὴν</strong></span> <span class='ocrx_word' id='word_1_103' title='bbox 724 1461 1048 1530; x_wconf 78' lang='grc' dir='ltr'>Ἐκκλησίαν</span> <span class='ocrx_word' id='word_1_104' title='bbox 1077 1462 1304 1533; x_wconf 81' lang='grc' dir='ltr'>Κυρίου,</span> <span class='ocrx_word' id='word_1_105' title='bbox 1353 1462 1446 1514; x_wconf 79' lang='grc' dir='ltr'><strong>καὶ</strong></span> <span class='ocrx_word' id='word_1_106' title='bbox 1498 1461 1589 1514; x_wconf 81' lang='grc' dir='ltr'>τοῦ</span> <span class='ocrx_word' id='word_1_107' title='bbox 1621 1462 1810 1529; x_wconf 79' lang='grc' dir='ltr'>γένους</span> 
     </span>
    </p>
   </div>
   <div class='ocr_carea' id='block_1_16' title="bbox 232 1553 1809 1626">
    <p class='ocr_par' dir='ltr' id='par_1_16' title="bbox 232 1553 1809 1626">
     <span class='ocr_line' id='line_1_16' title="bbox 232 1553 1809 1626; baseline 0.002 -22"><span class='ocrx_word' id='word_1_108' title='bbox 232 1554 571 1623; x_wconf 70' lang='grc' dir='ltr'>ὲχρημάτισε</span> <span class='ocrx_word' id='word_1_109' title='bbox 600 1554 692 1607; x_wconf 80' lang='grc' dir='ltr'>τοῦ</span> <span class='ocrx_word' id='word_1_110' title='bbox 739 1553 1150 1626; x_wconf 82' lang='grc' dir='ltr'>Ἱσραηλιτικοῦ,</span> <span class='ocrx_word' id='word_1_111' title='bbox 1176 1556 1268 1607; x_wconf 78' lang='grc' dir='ltr'><strong>καὶ</strong></span> <span class='ocrx_word' id='word_1_112' title='bbox 1299 1556 1355 1606; x_wconf 81' lang='grc' dir='ltr'><strong>ὲν</strong></span> <span class='ocrx_word' id='word_1_113' title='bbox 1378 1555 1660 1625; x_wconf 86' lang='grc' dir='ltr'>προγόνοις</span> <span class='ocrx_word' id='word_1_114' title='bbox 1681 1555 1809 1607; x_wconf 89' lang='grc' dir='ltr'>ἀνα-</span> 
     </span>
    </p>
   </div>
   <div class='ocr_carea' id='block_1_17' title="bbox 230 1642 1807 1717">
    <p class='ocr_par' dir='ltr' id='par_1_17' title="bbox 230 1642 1807 1717">
     <span class='ocr_line' id='line_1_17' title="bbox 230 1642 1807 1717; baseline 0.005 -24"><span class='ocrx_word' id='word_1_115' title='bbox 230 1642 505 1714; x_wconf 74' lang='grc' dir='ltr'>ληφθῆναι</span> <span class='ocrx_word' id='word_1_116' title='bbox 533 1645 625 1698; x_wconf 84' lang='grc' dir='ltr'>τοῦ</span> <span class='ocrx_word' id='word_1_117' title='bbox 656 1646 902 1717; x_wconf 76' lang='grc' dir='ltr'>Σωτῆρος</span> <span class='ocrx_word' id='word_1_118' title='bbox 926 1646 1081 1717; x_wconf 66' lang='grc' dir='ltr'><strong>¹ήμῶν</strong></span> <span class='ocrx_word' id='word_1_119' title='bbox 1110 1645 1438 1716; x_wconf 81' lang='grc' dir='ltr'>κατηξιώθη,</span> <span class='ocrx_word' id='word_1_120' title='bbox 1467 1646 1554 1699; x_wconf 80' lang='grc' dir='ltr'>διὰ</span> <span class='ocrx_word' id='word_1_121' title='bbox 1582 1646 1676 1717; x_wconf 84' lang='grc' dir='ltr'>τὴν</span> <span class='ocrx_word' id='word_1_122' title='bbox 1701 1646 1807 1701; x_wconf 87' lang='grc' dir='ltr'><strong>τῶν</strong></span> 
     </span>
    </p>
   </div>
   <div class='ocr_carea' id='block_1_18' title="bbox 227 1735 1803 1811">
    <p class='ocr_par' dir='ltr' id='par_1_18' title="bbox 227 1735 1803 1811">
     <span class='ocr_line' id='line_1_18' title="bbox 227 1735 1803 1811; baseline 0.004 -24"><span class='ocrx_word' id='word_1_123' title='bbox 227 1735 487 1805; x_wconf 85' lang='grc' dir='ltr'>τρόπων,</span> <span class='ocrx_word' id='word_1_124' title='bbox 534 1737 647 1790; x_wconf 85' lang='grc' dir='ltr'>ἀλλ’</span> <span class='ocrx_word' id='word_1_125' title='bbox 679 1740 739 1791; x_wconf 91' lang='grc' dir='ltr'><strong>ού</strong></span> <span class='ocrx_word' id='word_1_126' title='bbox 775 1738 861 1792; x_wconf 77' lang='grc' dir='ltr'><strong>διά</strong></span> <span class='ocrx_word' id='word_1_127' title='bbox 904 1738 1000 1810; x_wconf 81' lang='grc' dir='ltr'><strong>τὴν</strong></span> <span class='ocrx_word' id='word_1_128' title='bbox 1053 1738 1147 1792; x_wconf 84' lang='grc' dir='ltr'>τοῦ</span> <span class='ocrx_word' id='word_1_129' title='bbox 1196 1738 1443 1811; x_wconf 79' lang='grc' dir='ltr'>σώματος</span> <span class='ocrx_word' id='word_1_130' title='bbox 1488 1741 1764 1809; x_wconf 76' lang='grc' dir='ltr'>εὐγένειαν</span> <span class='ocrx_word' id='word_1_131' title='bbox 1790 1760 1803 1772; x_wconf 92' lang='grc'><strong>·</strong></span> 
     </span>
    </p>
   </div>
   <div class='ocr_carea' id='block_1_19' title="bbox 230 1826 1807 1902">
    <p class='ocr_par' dir='ltr' id='par_1_19' title="bbox 230 1826 1807 1902">
     <span class='ocr_line' id='line_1_19' title="bbox 230 1826 1807 1902; baseline 0.006 -26"><span class='ocrx_word' id='word_1_132' title='bbox 230 1826 368 1878; x_wconf 82' lang='grc' dir='ltr'>πᾶσί</span> <span class='ocrx_word' id='word_1_133' title='bbox 422 1844 480 1880; x_wconf 92' lang='grc' dir='ltr'><strong>τε</strong></span> <span class='ocrx_word' id='word_1_134' title='bbox 514 1830 647 1898; x_wconf 83' lang='grc' dir='ltr'>ήμῖν</span> <span class='ocrx_word' id='word_1_135' title='bbox 696 1831 809 1892; x_wconf 89' lang='grc' dir='ltr'>τοῖς</span> <span class='ocrx_word' id='word_1_136' title='bbox 860 1828 919 1893; x_wconf 76' lang='grc' dir='ltr'>ἐξ</span> <span class='ocrx_word' id='word_1_137' title='bbox 969 1829 1136 1883; x_wconf 73' lang='grc' dir='ltr'>ἐθνῶν</span> <span class='ocrx_word' id='word_1_138' title='bbox 1183 1830 1499 1899; x_wconf 78' lang='grc' dir='ltr'>ἀλλοφύλοις</span> <span class='ocrx_word' id='word_1_139' title='bbox 1553 1832 1807 1902; x_wconf 84' lang='grc' dir='ltr'>μέγιστον</span> 
     </span>
    </p>
   </div>
   <div class='ocr_carea' id='block_1_20' title="bbox 230 1914 1879 2009">
    <p class='ocr_par' dir='ltr' id='par_1_20' title="bbox 230 1914 1879 2009">
     <span class='ocr_line' id='line_1_20' title="bbox 230 1914 1879 2009; baseline 0.005 -42"><span class='ocrx_word' id='word_1_140' title='bbox 230 1914 540 2009; x_wconf 78' lang='grc' dir='ltr'>ὑπόδειγμα</span> <span class='ocrx_word' id='word_1_141' title='bbox 570 1920 826 1989; x_wconf 81' lang='grc' dir='ltr'>κατέστη,</span> <span class='ocrx_word' id='word_1_142' title='bbox 859 1920 939 1971; x_wconf 80' lang='grc' dir='ltr'>ὅτι</span> <span class='ocrx_word' id='word_1_143' title='bbox 979 1918 1043 1989; x_wconf 85' lang='grc' dir='ltr'><strong>δὴ</strong></span> <span class='ocrx_word' id='word_1_144' title='bbox 1090 1920 1249 1990; x_wconf 85' lang='grc' dir='ltr'>ὃμοια</span> <span class='ocrx_word' id='word_1_145' title='bbox 1297 1920 1599 1992; x_wconf 79' lang='grc' dir='ltr'>πράξαντες</span> <span class='ocrx_word' id='word_1_146' title='bbox 1646 1922 1803 1993; x_wconf 75' lang='grc' dir='ltr'>αὐτῇ,</span> <span class='ocrx_word' id='word_1_147' title='bbox 1840 1956 1879 2009; x_wconf 79' lang='grc' dir='ltr'><strong>Β</strong></span> 
     </span>
    </p>
   </div>
   <div class='ocr_carea' id='block_1_21' title="bbox 172 2008 1265 2082">
    <p class='ocr_par' dir='ltr' id='par_1_21' title="bbox 172 2008 1265 2082">
     <span class='ocr_line' id='line_1_21' title="bbox 172 2008 1265 2082; baseline 0.006 -23"><span class='ocrx_word' id='word_1_148' title='bbox 172 2042 177 2043; x_wconf 47' lang='grc' dir='ltr'><strong>κ</strong></span> <span class='ocrx_word' id='word_1_149' title='bbox 227 2008 337 2064; x_wconf 81' lang='grc' dir='ltr'><strong>τῶν</strong></span> <span class='ocrx_word' id='word_1_150' title='bbox 366 2008 497 2061; x_wconf 75' lang='grc' dir='ltr'>ίσων</span> <span class='ocrx_word' id='word_1_151' title='bbox 531 2010 681 2081; x_wconf 83' lang='grc' dir='ltr'><strong>παρά</strong></span> <span class='ocrx_word' id='word_1_152' title='bbox 712 2009 786 2080; x_wconf 86' lang='grc' dir='ltr'><strong>τῷ</strong></span> <span class='ocrx_word' id='word_1_153' title='bbox 808 2010 926 2080; x_wconf 85' lang='grc' dir='ltr'>Θεῷ</span> <span class='ocrx_word' id='word_1_154' title='bbox 946 2011 1265 2082; x_wconf 80' lang='grc' dir='ltr'>τευξόμεθα.</span> 
     </span>
    </p>
   </div>
   <div class='ocr_carea' id='block_1_22' title="bbox 301 2098 1808 2179">
    <p class='ocr_par' dir='ltr' id='par_1_22' title="bbox 301 2098 1808 2179">
     <span class='ocr_line' id='line_1_22' title="bbox 301 2098 1808 2179; baseline 0.005 -24"><span class='ocrx_word' id='word_1_155' title='bbox 301 2100 370 2170; x_wconf 70' lang='grc' dir='ltr'><strong>β’.</strong></span> <span class='ocrx_word' id='word_1_156' title='bbox 407 2101 647 2165; x_wconf 81' lang='grc' dir='ltr'>Εἰκότως</span> <span class='ocrx_word' id='word_1_157' title='bbox 672 2098 764 2156; x_wconf 82' lang='grc' dir='ltr'><strong>οὖν</strong></span> <span class='ocrx_word' id='word_1_158' title='bbox 796 2103 892 2174; x_wconf 77' lang='grc' dir='ltr'><strong>τὴν</strong></span> <span class='ocrx_word' id='word_1_159' title='bbox 922 2103 1026 2157; x_wconf 86' lang='grc' dir='ltr'><strong>τῶν</strong></span> <span class='ocrx_word' id='word_1_160' title='bbox 1052 2105 1361 2173; x_wconf 81' lang='grc' dir='ltr'>ἀλλοφύλων</span> <span class='ocrx_word' id='word_1_161' title='bbox 1396 2106 1585 2179; x_wconf 84' lang='grc' dir='ltr'>κλῆσίν</span> <span class='ocrx_word' id='word_1_162' title='bbox 1625 2126 1684 2161; x_wconf 89' lang='grc' dir='ltr'><strong>τε</strong></span> <span class='ocrx_word' id='word_1_163' title='bbox 1717 2110 1808 2161; x_wconf 69' lang='grc' dir='ltr'><strong>καὶ</strong></span> 
     </span>
    </p>
   </div>
   <div class='ocr_carea' id='block_1_23' title="bbox 225 2193 1809 2271">
    <p class='ocr_par' dir='ltr' id='par_1_23' title="bbox 225 2193 1809 2271">
     <span class='ocr_line' id='line_1_23' title="bbox 225 2193 1809 2271; baseline 0.005 -26"><span class='ocrx_word' id='word_1_164' title='bbox 225 2193 539 2263; x_wconf 78' lang='grc' dir='ltr'>εἰσποίησιν</span> <span class='ocrx_word' id='word_1_165' title='bbox 574 2194 780 2264; x_wconf 87' lang='grc' dir='ltr'>μέλλων</span> <span class='ocrx_word' id='word_1_166' title='bbox 832 2196 1316 2267; x_wconf 74' lang='grc' dir='ltr'>εὐαγγελίζεσθαι,</span> <span class='ocrx_word' id='word_1_167' title='bbox 1364 2201 1431 2270; x_wconf 77' lang='grc' dir='ltr'>τῇ</span> <span class='ocrx_word' id='word_1_168' title='bbox 1486 2200 1809 2271; x_wconf 83' lang='grc' dir='ltr'>γενεαλογίᾳ</span> 
     </span>
    </p>
   </div>
   <div class='ocr_carea' id='block_1_24' title="bbox 224 2284 1807 2362">
    <p class='ocr_par' dir='ltr' id='par_1_24' title="bbox 224 2284 1807 2362">
     <span class='ocr_line' id='line_1_24' title="bbox 224 2284 1807 2362; baseline 0.005 -25"><span class='ocrx_word' id='word_1_169' title='bbox 224 2284 401 2357; x_wconf 78' lang='grc' dir='ltr'>αὐτὴν</span> <span class='ocrx_word' id='word_1_170' title='bbox 436 2284 678 2339; x_wconf 84' lang='grc' dir='ltr'>τέθεικεν</span> <span class='ocrx_word' id='word_1_171' title='bbox 698 2304 710 2317; x_wconf 90' lang='grc'><strong>·</strong></span> <span class='ocrx_word' id='word_1_172' title='bbox 740 2287 883 2357; x_wconf 80' lang='grc' dir='ltr'>ἡμᾶς</span> <span class='ocrx_word' id='word_1_173' title='bbox 910 2289 1036 2351; x_wconf 75' lang='grc' dir='ltr'>τοὺς</span> <span class='ocrx_word' id='word_1_174' title='bbox 1065 2287 1122 2355; x_wconf 79' lang='grc' dir='ltr'>ἐξ</span> <span class='ocrx_word' id='word_1_175' title='bbox 1161 2288 1329 2343; x_wconf 85' lang='grc' dir='ltr'>έθνῶν</span> <span class='ocrx_word' id='word_1_176' title='bbox 1356 2290 1685 2361; x_wconf 77' lang='grc' dir='ltr'>ἀλλοφύλους</span> <span class='ocrx_word' id='word_1_177' title='bbox 1714 2310 1807 2362; x_wconf 84' lang='grc' dir='ltr'>μο-</span> 
     </span>
    </p>
   </div>
   <div class='ocr_carea' id='block_1_25' title="bbox 225 2376 1808 2454">
    <p class='ocr_par' dir='ltr' id='par_1_25' title="bbox 225 2376 1808 2454">
     <span class='ocr_line' id='line_1_25' title="bbox 225 2376 1808 2454; baseline 0.004 -23"><span class='ocrx_word' id='word_1_178' title='bbox 225 2378 443 2448; x_wconf 78' lang='grc' dir='ltr'>νονουχὶ</span> <span class='ocrx_word' id='word_1_179' title='bbox 468 2376 735 2431; x_wconf 84' lang='grc' dir='ltr'>παιδεύων</span> <span class='ocrx_word' id='word_1_180' title='bbox 755 2377 821 2431; x_wconf 87' lang='grc' dir='ltr'>δι’</span> <span class='ocrx_word' id='word_1_181' title='bbox 855 2379 1045 2449; x_wconf 74' lang='grc' dir='ltr'>αὐτῆς,</span> <span class='ocrx_word' id='word_1_182' title='bbox 1077 2380 1156 2433; x_wconf 83' lang='grc' dir='ltr'>ὄτι</span> <span class='ocrx_word' id='word_1_183' title='bbox 1185 2379 1248 2452; x_wconf 80' lang='grc' dir='ltr'>δὴ</span> <span class='ocrx_word' id='word_1_184' title='bbox 1290 2380 1359 2434; x_wconf 78' lang='grc' dir='ltr'>τὰ</span> <span class='ocrx_word' id='word_1_185' title='bbox 1395 2383 1598 2454; x_wconf 87' lang='grc' dir='ltr'>πάτρια</span> <span class='ocrx_word' id='word_1_186' title='bbox 1642 2401 1808 2438; x_wconf 68' lang='grc' dir='ltr'>γοατα-</span> 
     </span>
    </p>
   </div>
   <div class='ocr_carea' id='block_1_26' title="bbox 224 2470 1805 2551">
    <p class='ocr_par' dir='ltr' id='par_1_26' title="bbox 224 2470 1805 2551">
     <span class='ocr_line' id='line_1_26' title="bbox 224 2470 1805 2551; baseline 0.006 -29"><span class='ocrx_word' id='word_1_187' title='bbox 224 2470 501 2533; x_wconf 80' lang='grc' dir='ltr'>λιπόντες,</span> <span class='ocrx_word' id='word_1_188' title='bbox 526 2470 749 2534; x_wconf 88' lang='grc' dir='ltr'>εἰκότως</span> <span class='ocrx_word' id='word_1_189' title='bbox 779 2470 873 2525; x_wconf 59' lang='grc' dir='ltr'><strong>καὶ⁹</strong></span> <span class='ocrx_word' id='word_1_190' title='bbox 901 2472 967 2524; x_wconf 88' lang='grc' dir='ltr'><strong>τά</strong></span> <span class='ocrx_word' id='word_1_191' title='bbox 1001 2472 1267 2526; x_wconf 78' lang='grc' dir='ltr'>ἀκόλουθα</span> <span class='ocrx_word' id='word_1_192' title='bbox 1298 2476 1379 2539; x_wconf 89' lang='grc' dir='ltr'><strong>εἰς</strong></span> <span class='ocrx_word' id='word_1_193' title='bbox 1412 2477 1557 2547; x_wconf 81' lang='grc' dir='ltr'>ἡμᾶς</span> <span class='ocrx_word' id='word_1_194' title='bbox 1586 2477 1805 2551; x_wconf 85' lang='grc' dir='ltr'>πληρω-</span> 
     </span>
    </p>
   </div>
   <div class='ocr_carea' id='block_1_27' title="bbox 224 2561 1803 2646">
    <p class='ocr_par' dir='ltr' id='par_1_27' title="bbox 224 2561 1803 2646">
     <span class='ocr_line' id='line_1_27' title="bbox 224 2561 1803 2646; baseline 0.005 -31"><span class='ocrx_word' id='word_1_195' title='bbox 224 2561 458 2633; x_wconf 82' lang='grc' dir='ltr'>θήσεται</span> <span class='ocrx_word' id='word_1_196' title='bbox 482 2579 496 2593; x_wconf 89' lang='grc'><strong>·</strong></span> <span class='ocrx_word' id='word_1_197' title='bbox 528 2562 709 2615; x_wconf 83' lang='grc' dir='ltr'>ούκὲτι</span> <span class='ocrx_word' id='word_1_198' title='bbox 742 2562 849 2636; x_wconf 82' lang='grc' dir='ltr'><strong>γάρ</strong></span> <span class='ocrx_word' id='word_1_199' title='bbox 879 2564 935 2646; x_wconf 65' lang='grc' dir='ltr'><strong>έν</strong></span> <span class='ocrx_word' id='word_1_200' title='bbox 959 2562 1276 2633; x_wconf 88' lang='grc' dir='ltr'>ἀλλοφύλοις</span> <span class='ocrx_word' id='word_1_201' title='bbox 1302 2567 1803 2641; x_wconf 86' lang='grc' dir='ltr'>καταλεγησόμεθα,</span> 
     </span>
    </p>
   </div>
   <div class='ocr_carea' id='block_1_28' title="bbox 223 2650 1807 2730">
    <p class='ocr_par' dir='ltr' id='par_1_28' title="bbox 223 2650 1807 2730">
     <span class='ocr_line' id='line_1_28' title="bbox 223 2650 1807 2730; baseline 0.005 -24"><span class='ocrx_word' id='word_1_202' title='bbox 223 2652 334 2706; x_wconf 74' lang='grc' dir='ltr'>οὐδ’</span> <span class='ocrx_word' id='word_1_203' title='bbox 363 2650 424 2716; x_wconf 70' lang='grc' dir='ltr'>ἐξ</span> <span class='ocrx_word' id='word_1_204' title='bbox 455 2651 769 2722; x_wconf 88' lang='grc' dir='ltr'>ἀλλοφύλων</span> <span class='ocrx_word' id='word_1_205' title='bbox 795 2655 1225 2725; x_wconf 87' lang='grc' dir='ltr'>χρηματίσομεν,</span> <span class='ocrx_word' id='word_1_206' title='bbox 1254 2656 1367 2710; x_wconf 86' lang='grc' dir='ltr'>ἀλλ’</span> <span class='ocrx_word' id='word_1_207' title='bbox 1393 2659 1459 2712; x_wconf 84' lang='grc' dir='ltr'>ὲκ</span> <span class='ocrx_word' id='word_1_208' title='bbox 1495 2659 1589 2712; x_wconf 83' lang='grc' dir='ltr'>τοῦ</span> <span class='ocrx_word' id='word_1_209' title='bbox 1618 2661 1807 2730; x_wconf 86' lang='grc' dir='ltr'>ἀληθι-</span> 
     </span>
    </p>
   </div>
   <div class='ocr_carea' id='block_1_29' title="bbox 222 2742 1803 2819">
    <p class='ocr_par' dir='ltr' id='par_1_29' title="bbox 222 2742 1803 2819">
     <span class='ocr_line' id='line_1_29' title="bbox 222 2742 1803 2819; baseline 0.004 -22"><span class='ocrx_word' id='word_1_210' title='bbox 222 2742 319 2798; x_wconf 80' lang='grc' dir='ltr'>νοῦ</span> <span class='ocrx_word' id='word_1_211' title='bbox 369 2744 588 2815; x_wconf 77' lang='grc' dir='ltr'>Ἰσραὴλ</span> <span class='ocrx_word' id='word_1_212' title='bbox 630 2744 724 2797; x_wconf 77' lang='grc' dir='ltr'><strong>καὶ</strong></span> <span class='ocrx_word' id='word_1_213' title='bbox 773 2743 866 2797; x_wconf 84' lang='grc' dir='ltr'>τοῦ</span> <span class='ocrx_word' id='word_1_214' title='bbox 929 2743 1057 2798; x_wconf 78' lang='grc' dir='ltr'>λαοῦ</span> <span class='ocrx_word' id='word_1_215' title='bbox 1092 2745 1185 2798; x_wconf 80' lang='grc' dir='ltr'>τοῦ</span> <span class='ocrx_word' id='word_1_216' title='bbox 1237 2746 1436 2819; x_wconf 85' lang='grc' dir='ltr'>κλήρου</span> <span class='ocrx_word' id='word_1_217' title='bbox 1485 2748 1579 2803; x_wconf 82' lang='grc' dir='ltr'>τοῦ</span> <span class='ocrx_word' id='word_1_218' title='bbox 1631 2750 1765 2804; x_wconf 77' lang='grc' dir='ltr'>Θεοῦ</span> <span class='ocrx_word' id='word_1_219' title='bbox 1791 2769 1803 2782; x_wconf 90' lang='grc'><strong>·</strong></span> 
     </span>
    </p>
   </div>
   <div class='ocr_carea' id='block_1_30' title="bbox 221 2832 1805 2912">
    <p class='ocr_par' dir='ltr' id='par_1_30' title="bbox 221 2832 1805 2912">
     <span class='ocr_line' id='line_1_30' title="bbox 221 2832 1805 2912; baseline 0.004 -21"><span class='ocrx_word' id='word_1_220' title='bbox 221 2838 545 2906; x_wconf 81' lang='grc' dir='ltr'>ἀναγκαίως</span> <span class='ocrx_word' id='word_1_221' title='bbox 571 2837 626 2890; x_wconf 83' lang='grc' dir='ltr'>δὲ</span> <span class='ocrx_word' id='word_1_222' title='bbox 657 2832 722 2891; x_wconf 81' lang='grc' dir='ltr'><strong>αὖ</strong></span> <span class='ocrx_word' id='word_1_223' title='bbox 749 2837 909 2892; x_wconf 83' lang='grc' dir='ltr'>πάλιν</span> <span class='ocrx_word' id='word_1_224' title='bbox 940 2838 1184 2909; x_wconf 73' lang='grc' dir='ltr'>ἐμνήσθη</span> <span class='ocrx_word' id='word_1_225' title='bbox 1218 2844 1315 2912; x_wconf 77' lang='grc' dir='ltr'><strong>τῆς</strong></span> <span class='ocrx_word' id='word_1_226' title='bbox 1358 2842 1533 2906; x_wconf 86' lang='grc' dir='ltr'>Ῥοὺθ,</span> <span class='ocrx_word' id='word_1_227' title='bbox 1564 2843 1632 2896; x_wconf 73' lang='grc' dir='ltr'>τὰ</span> <span class='ocrx_word' id='word_1_228' title='bbox 1656 2845 1805 2897; x_wconf 77' lang='grc' dir='ltr'>αἴτια</span> 
     </span>
    </p>
   </div>
   <div class='ocr_carea' id='block_1_31' title="bbox 221 2927 1804 3005">
    <p class='ocr_par' dir='ltr' id='par_1_31' title="bbox 221 2927 1804 3005">
     <span class='ocr_line' id='line_1_31' title="bbox 221 2927 1804 3005; baseline 0.004 -22"><span class='ocrx_word' id='word_1_229' title='bbox 221 2928 311 2983; x_wconf 70' lang='grc' dir='ltr'>διὰ</span> <span class='ocrx_word' id='word_1_230' title='bbox 335 2927 440 2996; x_wconf 82' lang='grc' dir='ltr'><strong>τῆς</strong></span> <span class='ocrx_word' id='word_1_231' title='bbox 467 2927 589 2980; x_wconf 75' lang='grc' dir='ltr'>κατ’</span> <span class='ocrx_word' id='word_1_232' title='bbox 620 2928 779 2980; x_wconf 80' lang='grc' dir='ltr'>αὐτὸν</span> <span class='ocrx_word' id='word_1_233' title='bbox 813 2928 1051 3001; x_wconf 78' lang='grc' dir='ltr'>ἱστορίας</span> <span class='ocrx_word' id='word_1_234' title='bbox 1088 2930 1303 2997; x_wconf 78' lang='grc' dir='ltr'>διδάξας</span> <span class='ocrx_word' id='word_1_235' title='bbox 1348 2933 1469 2987; x_wconf 90' lang='grc' dir='ltr'>τίνα</span> <span class='ocrx_word' id='word_1_236' title='bbox 1504 2929 1572 3005; x_wconf 81' lang='grc' dir='ltr'>ἦν</span> <span class='ocrx_word' id='word_1_237' title='bbox 1610 2936 1675 2988; x_wconf 83' lang='grc' dir='ltr'>τὰ</span> <span class='ocrx_word' id='word_1_238' title='bbox 1709 2936 1804 2989; x_wconf 87' lang='grc' dir='ltr'>λύ-</span> 
     </span>
    </p>
   </div>
   <div class='ocr_carea' id='block_1_32' title="bbox 224 3020 1800 3096">
    <p class='ocr_par' dir='ltr' id='par_1_32' title="bbox 224 3020 1800 3096">
     <span class='ocr_line' id='line_1_32' title="bbox 224 3020 1800 3096; baseline 0.004 -22"><span class='ocrx_word' id='word_1_239' title='bbox 224 3037 403 3075; x_wconf 87' lang='grc' dir='ltr'>σαντα</span> <span class='ocrx_word' id='word_1_240' title='bbox 458 3020 557 3091; x_wconf 84' lang='grc' dir='ltr'>τὴν</span> <span class='ocrx_word' id='word_1_241' title='bbox 610 3022 977 3092; x_wconf 85' lang='grc' dir='ltr'>ἀπαγόρευσιν</span> <span class='ocrx_word' id='word_1_242' title='bbox 1024 3021 1118 3075; x_wconf 77' lang='grc' dir='ltr'>τοῦ</span> <span class='ocrx_word' id='word_1_243' title='bbox 1166 3024 1329 3094; x_wconf 86' lang='grc' dir='ltr'>νόμου</span> <span class='ocrx_word' id='word_1_244' title='bbox 1383 3024 1483 3095; x_wconf 85' lang='grc' dir='ltr'><strong>τὴν</strong></span> <span class='ocrx_word' id='word_1_245' title='bbox 1534 3027 1800 3096; x_wconf 87' lang='grc' dir='ltr'>φήσασαν;</span> 
     </span>
    </p>
   </div>
   <div class='ocr_carea' id='block_1_33' title="bbox 227 3112 1804 3189">
    <p class='ocr_par' dir='ltr' id='par_1_33' title="bbox 227 3112 1804 3189">
     <span class='ocr_line' id='line_1_33' title="bbox 227 3112 1804 3189; baseline 0.004 -23"><span class='ocrx_word' id='word_1_246' title='bbox 227 3133 248 3166; x_wconf 75' lang='grc' dir='ltr'><strong>ι</strong></span> <span class='ocrx_word' id='word_1_247' title='bbox 290 3112 580 3168; x_wconf 75' lang='grc' dir='ltr'>Μωαδίται</span> <span class='ocrx_word' id='word_1_248' title='bbox 611 3115 709 3167; x_wconf 75' lang='grc' dir='ltr'><strong>οὐκ</strong></span> <span class='ocrx_word' id='word_1_249' title='bbox 756 3113 1149 3168; x_wconf 84' lang='grc' dir='ltr'>εἰσελεύσονται</span> <span class='ocrx_word' id='word_1_250' title='bbox 1188 3118 1267 3179; x_wconf 89' lang='grc' dir='ltr'><strong>εἰς</strong></span> <span class='ocrx_word' id='word_1_251' title='bbox 1320 3117 1643 3189; x_wconf 85' lang='grc' dir='ltr'>Ἐκκλησίαν</span> <span class='ocrx_word' id='word_1_252' title='bbox 1692 3120 1804 3172; x_wconf 85' lang='grc' dir='ltr'>Κυ-</span> 
     </span>
    </p>
   </div>
   <div class='ocr_carea' id='block_1_34' title="bbox 225 3205 1798 3282">
    <p class='ocr_par' dir='ltr' id='par_1_34' title="bbox 225 3205 1798 3282">
     <span class='ocr_line' id='line_1_34' title="bbox 225 3205 1798 3282; baseline 0.006 -26"><span class='ocrx_word' id='word_1_253' title='bbox 225 3205 369 3276; x_wconf 80' lang='grc' dir='ltr'>ρίου.</span> <span class='ocrx_word' id='word_1_254' title='bbox 411 3224 428 3256; x_wconf 82' lang='grc' dir='ltr'><strong>ι</strong></span> <span class='ocrx_word' id='word_1_255' title='bbox 461 3205 653 3273; x_wconf 80' lang='grc' dir='ltr'>Γέγονε</span> <span class='ocrx_word' id='word_1_256' title='bbox 686 3206 852 3277; x_wconf 76' lang='grc' dir='ltr'><strong>γάρή</strong></span> <span class='ocrx_word' id='word_1_257' title='bbox 892 3206 1172 3271; x_wconf 76' lang='grc' dir='ltr'>Μωαϐῖτις</span> <span class='ocrx_word' id='word_1_258' title='bbox 1217 3208 1291 3272; x_wconf 84' lang='grc' dir='ltr'>ὡς</span> <span class='ocrx_word' id='word_1_259' title='bbox 1337 3209 1536 3282; x_wconf 81' lang='grc' dir='ltr'>Ῥαχὴλ</span> <span class='ocrx_word' id='word_1_260' title='bbox 1586 3212 1680 3265; x_wconf 83' lang='grc' dir='ltr'>καὶ</span> <span class='ocrx_word' id='word_1_261' title='bbox 1724 3213 1798 3277; x_wconf 84' lang='grc' dir='ltr'>ὡς</span> 
     </span>
    </p>
   </div>
   <div class='ocr_carea' id='block_1_35' title="bbox 1918 638 3483 713">
    <p class='ocr_par' dir='ltr' id='par_1_35' title="bbox 1918 638 3483 713">
     <span class='ocr_line' id='line_1_35' title="bbox 1918 638 3483 713; baseline -0.001 -18"><span class='ocrx_word' id='word_1_262' title='bbox 1918 640 2130 713; x_wconf 80' lang='lat' dir='ltr'><strong>Moyses</strong></span> <span class='ocrx_word' id='word_1_263' title='bbox 2174 641 2551 703; x_wconf 71' lang='lat' dir='ltr'><strong>interdixerat.</strong></span> <span class='ocrx_word' id='word_1_264' title='bbox 2594 656 2787 712; x_wconf 87' lang='lat' dir='ltr'><strong>nempe</strong></span> <span class='ocrx_word' id='word_1_265' title='bbox 2821 639 3091 695; x_wconf 82' lang='lat' dir='ltr'><strong>Moabitis.</strong></span> <span class='ocrx_word' id='word_1_266' title='bbox 3135 658 3153 692; x_wconf 79' lang='grc' dir='ltr'><strong>ι</strong></span> <span class='ocrx_word' id='word_1_267' title='bbox 3191 638 3441 694; x_wconf 62' lang='lat' dir='ltr'><strong>Moabitae</strong></span> <span class='ocrx_word' id='word_1_268' title='bbox 3466 676 3483 703; x_wconf 91' lang='lat'><strong>,</strong></span> 
     </span>
    </p>
   </div>
   <div class='ocr_carea' id='block_1_36' title="bbox 1919 731 3486 804">
    <p class='ocr_par' dir='ltr' id='par_1_36' title="bbox 1919 731 3486 804">
     <span class='ocr_line' id='line_1_36' title="bbox 1919 731 3486 804; baseline 0.001 -18"><span class='ocrx_word' id='word_1_269' title='bbox 1919 733 2115 804; x_wconf 86' lang='lat' dir='ltr'><strong>inquit,</strong></span> <span class='ocrx_word' id='word_1_270' title='bbox 2148 742 2203 789; x_wconf 90' lang='lat' dir='ltr'><strong>et</strong></span> <span class='ocrx_word' id='word_1_271' title='bbox 2230 733 2551 788; x_wconf 70' lang='lat' dir='ltr'><strong>Ammonitae</strong></span> <span class='ocrx_word' id='word_1_272' title='bbox 2594 748 2703 788; x_wconf 93' lang='lat' dir='ltr'><strong>non</strong></span> <span class='ocrx_word' id='word_1_273' title='bbox 2756 732 3041 786; x_wconf 87' lang='lat' dir='ltr'><strong>intrabunt</strong></span> <span class='ocrx_word' id='word_1_274' title='bbox 3088 732 3144 786; x_wconf 92' lang='lat' dir='ltr'><strong>in</strong></span> <span class='ocrx_word' id='word_1_275' title='bbox 3168 731 3264 787; x_wconf 88' lang='lat' dir='ltr'><strong>Dei</strong></span> <span class='ocrx_word' id='word_1_276' title='bbox 3297 731 3486 787; x_wconf 85' lang='lat' dir='ltr'><strong>Eccle-</strong></span> 
     </span>
    </p>
   </div>
   <div class='ocr_carea' id='block_1_37' title="bbox 1920 825 3483 896">
    <p class='ocr_par' dir='ltr' id='par_1_37' title="bbox 1920 825 3483 896">
     <span class='ocr_line' id='line_1_37' title="bbox 1920 825 3483 896; baseline -0.001 -15"><span class='ocrx_word' id='word_1_277' title='bbox 1920 828 2054 881; x_wconf 88' lang='lat' dir='ltr'><strong>siam</strong></span> <span class='ocrx_word' id='word_1_278' title='bbox 2089 841 2263 896; x_wconf 88' lang='lat' dir='ltr'><strong>usque</strong></span> <span class='ocrx_word' id='word_1_279' title='bbox 2294 827 2361 881; x_wconf 92' lang='lat' dir='ltr'><strong>ad</strong></span> <span class='ocrx_word' id='word_1_280' title='bbox 2406 828 2623 881; x_wconf 81' lang='lat' dir='ltr'><strong>tertiam</strong></span> <span class='ocrx_word' id='word_1_281' title='bbox 2678 834 2729 881; x_wconf 89' lang='lat' dir='ltr'><strong>et</strong></span> <span class='ocrx_word' id='word_1_282' title='bbox 2774 836 3023 895; x_wconf 77' lang='lat' dir='ltr'><strong>quartam</strong></span> <span class='ocrx_word' id='word_1_283' title='bbox 3053 825 3483 895; x_wconf 76' lang='lat' dir='ltr'><strong>generationem,</strong></span> 
     </span>
    </p>
   </div>
   <div class='ocr_carea' id='block_1_38' title="bbox 1919 916 3481 987">
    <p class='ocr_par' dir='ltr' id='par_1_38' title="bbox 1919 916 3481 987">
     <span class='ocr_line' id='line_1_38' title="bbox 1919 916 3481 987; baseline 0 -16"><span class='ocrx_word' id='word_1_284' title='bbox 1919 920 2027 972; x_wconf 90' lang='lat' dir='ltr'><strong>imo</strong></span> <span class='ocrx_word' id='word_1_285' title='bbox 2062 920 2115 972; x_wconf 90' lang='lat' dir='ltr'><strong>in</strong></span> <span class='ocrx_word' id='word_1_286' title='bbox 2142 927 2405 973; x_wconf 72' lang='lat' dir='ltr'><strong>aeternum</strong></span> <span class='ocrx_word' id='word_1_287' title='bbox 2423 918 2488 972; x_wconf 67' lang='grc' dir='ltr'><strong>ιθ.</strong></span> <span class='ocrx_word' id='word_1_288' title='bbox 2529 939 2547 970; x_wconf 77' lang='grc' dir='ltr'><strong>ι</strong></span> <span class='ocrx_word' id='word_1_289' title='bbox 2588 917 2693 972; x_wconf 90' lang='lat' dir='ltr'><strong>Sed</strong></span> <span class='ocrx_word' id='word_1_290' title='bbox 2729 926 2909 972; x_wconf 90' lang='lat' dir='ltr'><strong>tamen</strong></span> <span class='ocrx_word' id='word_1_291' title='bbox 2935 916 3050 971; x_wconf 64' lang='lat' dir='ltr'><strong>haec</strong></span> <span class='ocrx_word' id='word_1_292' title='bbox 3075 917 3144 971; x_wconf 89' lang='lat' dir='ltr'><strong>0b</strong></span> <span class='ocrx_word' id='word_1_293' title='bbox 3160 916 3481 987; x_wconf 79' lang='lat' dir='ltr'><strong>religionem</strong></span> 
     </span>
    </p>
   </div>
   <div class='ocr_carea' id='block_1_39' title="bbox 1920 1006 3483 1079">
    <p class='ocr_par' dir='ltr' id='par_1_39' title="bbox 1920 1006 3483 1079">
     <span class='ocr_line' id='line_1_39' title="bbox 1920 1006 3483 1079; baseline -0.001 -18"><span class='ocrx_word' id='word_1_294' title='bbox 1920 1023 2073 1061; x_wconf 92' lang='lat' dir='ltr'><strong>suam</strong></span> <span class='ocrx_word' id='word_1_295' title='bbox 2102 1007 2244 1061; x_wconf 79' lang='lat' dir='ltr'><strong>facta</strong></span> <span class='ocrx_word' id='word_1_296' title='bbox 2290 1009 2395 1079; x_wconf 89' lang='lat' dir='ltr'><strong>legi</strong></span> <span class='ocrx_word' id='word_1_297' title='bbox 2426 1008 2677 1078; x_wconf 85' lang='lat' dir='ltr'><strong>superior</strong></span> <span class='ocrx_word' id='word_1_298' title='bbox 2704 1008 2951 1077; x_wconf 88' lang='lat' dir='ltr'><strong>ingressa</strong></span> <span class='ocrx_word' id='word_1_299' title='bbox 2984 1016 3069 1063; x_wconf 91' lang='lat' dir='ltr'><strong>est</strong></span> <span class='ocrx_word' id='word_1_300' title='bbox 3096 1009 3153 1062; x_wconf 93' lang='lat' dir='ltr'><strong>in</strong></span> <span class='ocrx_word' id='word_1_301' title='bbox 3180 1006 3483 1063; x_wconf 85' lang='lat' dir='ltr'><strong>Ecclesiam</strong></span> 
     </span>
    </p>
   </div>
   <div class='ocr_carea' id='block_1_40' title="bbox 1919 1096 3481 1169">
    <p class='ocr_par' dir='ltr' id='par_1_40' title="bbox 1919 1096 3481 1169">
     <span class='ocr_line' id='line_1_40' title="bbox 1919 1096 3481 1169; baseline 0.001 -20"><span class='ocrx_word' id='word_1_302' title='bbox 1919 1096 2012 1151; x_wconf 91' lang='lat' dir='ltr'><strong>Dei</strong></span> <span class='ocrx_word' id='word_1_303' title='bbox 2044 1116 2055 1150; x_wconf 93' lang='lat'>:</span> <span class='ocrx_word' id='word_1_304' title='bbox 2092 1098 2353 1168; x_wconf 90' lang='lat' dir='ltr'><strong>quoniam</strong></span> <span class='ocrx_word' id='word_1_305' title='bbox 2405 1099 2489 1153; x_wconf 82' lang='lat' dir='ltr'><strong>lex</strong></span> <span class='ocrx_word' id='word_1_306' title='bbox 2532 1113 2626 1153; x_wconf 93' lang='lat' dir='ltr'><strong>eos</strong></span> <span class='ocrx_word' id='word_1_307' title='bbox 2653 1098 2746 1168; x_wconf 92' lang='lat' dir='ltr'><strong>qui</strong></span> <span class='ocrx_word' id='word_1_308' title='bbox 2786 1097 2889 1153; x_wconf 85' lang='lat' dir='ltr'><strong>sub</strong></span> <span class='ocrx_word' id='word_1_309' title='bbox 2928 1098 3045 1169; x_wconf 90' lang='lat' dir='ltr'><strong>lege</strong></span> <span class='ocrx_word' id='word_1_310' title='bbox 3070 1105 3198 1154; x_wconf 90' lang='lat' dir='ltr'><strong>sunt</strong></span> <span class='ocrx_word' id='word_1_311' title='bbox 3246 1097 3481 1169; x_wconf 89' lang='lat' dir='ltr'><strong>alloqui-</strong></span> 
     </span>
    </p>
   </div>
   <div class='ocr_carea' id='block_1_41' title="bbox 1918 1187 3483 1257">
    <p class='ocr_par' dir='ltr' id='par_1_41' title="bbox 1918 1187 3483 1257">
     <span class='ocr_line' id='line_1_41' title="bbox 1918 1187 3483 1257; baseline 0.002 -15"><span class='ocrx_word' id='word_1_312' title='bbox 1918 1197 2007 1242; x_wconf 89' lang='lat' dir='ltr'><strong>tur</strong></span> <span class='ocrx_word' id='word_1_313' title='bbox 2036 1209 2049 1243; x_wconf 89' lang='lat'><strong>:</strong></span> <span class='ocrx_word' id='word_1_314' title='bbox 2087 1208 2105 1240; x_wconf 76' lang='grc' dir='ltr'><strong>ι</strong></span> <span class='ocrx_word' id='word_1_315' title='bbox 2138 1187 2295 1244; x_wconf 82' lang='lat' dir='ltr'><strong>Justo</strong></span> <span class='ocrx_word' id='word_1_316' title='bbox 2329 1198 2507 1244; x_wconf 89' lang='lat' dir='ltr'><strong>autem</strong></span> <span class='ocrx_word' id='word_1_317' title='bbox 2541 1203 2650 1244; x_wconf 90' lang='lat' dir='ltr'><strong>non</strong></span> <span class='ocrx_word' id='word_1_318' title='bbox 2677 1198 2760 1245; x_wconf 87' lang='lat' dir='ltr'><strong>est</strong></span> <span class='ocrx_word' id='word_1_319' title='bbox 2783 1190 3079 1246; x_wconf 83' lang='lat' dir='ltr'><strong>constituta</strong></span> <span class='ocrx_word' id='word_1_320' title='bbox 3113 1190 3219 1257; x_wconf 77' lang='lat' dir='ltr'><strong>lex,</strong></span> <span class='ocrx_word' id='word_1_321' title='bbox 3264 1188 3483 1245; x_wconf 79' lang='lat' dir='ltr'><strong>sed&#39;in-</strong></span> 
     </span>
    </p>
   </div>
   <div class='ocr_carea' id='block_1_42' title="bbox 1913 1277 3475 1351">
    <p class='ocr_par' dir='ltr' id='par_1_42' title="bbox 1913 1277 3475 1351">
     <span class='ocr_line' id='line_1_42' title="bbox 1913 1277 3475 1351; baseline -0.001 -17"><span class='ocrx_word' id='word_1_322' title='bbox 1913 1280 2081 1348; x_wconf 92' lang='lat' dir='ltr'><strong>justis</strong></span> <span class='ocrx_word' id='word_1_323' title='bbox 2111 1288 2163 1336; x_wconf 90' lang='lat' dir='ltr'><strong>et</strong></span> <span class='ocrx_word' id='word_1_324' title='bbox 2189 1279 2527 1335; x_wconf 79' lang='lat' dir='ltr'><strong>refractariis</strong></span> <span class='ocrx_word' id='word_1_325' title='bbox 2559 1287 2613 1335; x_wconf 91' lang='lat' dir='ltr'><strong>et</strong></span> <span class='ocrx_word' id='word_1_326' title='bbox 2640 1277 2823 1351; x_wconf 85' lang='lat' dir='ltr'><strong>impiis</strong></span> <span class='ocrx_word' id='word_1_327' title='bbox 2864 1288 2918 1336; x_wconf 88' lang='lat' dir='ltr'><strong>et</strong></span> <span class='ocrx_word' id='word_1_328' title='bbox 2953 1279 3416 1351; x_wconf 76' lang='lat' dir='ltr'><strong>peccatoribus&quot;.</strong></span> <span class='ocrx_word' id='word_1_329' title='bbox 3458 1300 3475 1333; x_wconf 76' lang='grc' dir='ltr'><strong>ι</strong></span> 
     </span>
    </p>
   </div>
   <div class='ocr_carea' id='block_1_43' title="bbox 1917 1370 3481 1444">
    <p class='ocr_par' dir='ltr' id='par_1_43' title="bbox 1917 1370 3481 1444">
     <span class='ocr_line' id='line_1_43' title="bbox 1917 1370 3481 1444; baseline 0.001 -19"><span class='ocrx_word' id='word_1_330' title='bbox 1917 1372 2095 1427; x_wconf 86' lang='lat' dir='ltr'><strong>Rutha</strong></span> <span class='ocrx_word' id='word_1_331' title='bbox 2131 1388 2258 1429; x_wconf 87' lang='lat' dir='ltr'><strong>vero</strong></span> <span class='ocrx_word' id='word_1_332' title='bbox 2275 1389 2383 1428; x_wconf 90' lang='lat' dir='ltr'><strong>non</strong></span> <span class='ocrx_word' id='word_1_333' title='bbox 2411 1382 2530 1429; x_wconf 92' lang='lat' dir='ltr'><strong>erat</strong></span> <span class='ocrx_word' id='word_1_334' title='bbox 2558 1370 2860 1444; x_wconf 85' lang='lat' dir='ltr'><strong>ejusmodi,</strong></span> <span class='ocrx_word' id='word_1_335' title='bbox 2889 1372 3107 1429; x_wconf 85' lang='lat' dir='ltr'><strong>etiamsi</strong></span> <span class='ocrx_word' id='word_1_336' title='bbox 3152 1379 3313 1444; x_wconf 89' lang='lat' dir='ltr'><strong>gente</strong></span> <span class='ocrx_word' id='word_1_337' title='bbox 3349 1372 3481 1426; x_wconf 90' lang='lat' dir='ltr'><strong>alie-</strong></span> 
     </span>
    </p>
   </div>
   <div class='ocr_carea' id='block_1_44' title="bbox 1918 1462 3482 1536">
    <p class='ocr_par' dir='ltr' id='par_1_44' title="bbox 1918 1462 3482 1536">
     <span class='ocr_line' id='line_1_44' title="bbox 1918 1462 3482 1536; baseline -0.001 -18"><span class='ocrx_word' id='word_1_338' title='bbox 1918 1464 2107 1534; x_wconf 88' lang='lat' dir='ltr'><strong>nigena</strong></span> <span class='ocrx_word' id='word_1_339' title='bbox 2138 1484 2149 1518; x_wconf 88' lang='lat'><strong>:</strong></span> <span class='ocrx_word' id='word_1_340' title='bbox 2184 1464 2278 1518; x_wconf 92' lang='lat' dir='ltr'><strong>sed</strong></span> <span class='ocrx_word' id='word_1_341' title='bbox 2312 1479 2664 1535; x_wconf 88' lang='lat' dir='ltr'><strong>supergressa</strong></span> <span class='ocrx_word' id='word_1_342' title='bbox 2714 1463 2851 1536; x_wconf 81' lang='lat' dir='ltr'><strong>legis</strong></span> <span class='ocrx_word' id='word_1_343' title='bbox 2895 1463 3029 1520; x_wconf 79' lang='lat' dir='ltr'><strong>lines</strong></span> <span class='ocrx_word' id='word_1_344' title='bbox 3072 1462 3132 1518; x_wconf 89' lang='lat' dir='ltr'><strong>in</strong></span> <span class='ocrx_word' id='word_1_345' title='bbox 3180 1462 3482 1519; x_wconf 86' lang='lat' dir='ltr'><strong>Ecclesiam</strong></span> 
     </span>
    </p>
   </div>
   <div class='ocr_carea' id='block_1_45' title="bbox 1915 1553 3479 1629">
    <p class='ocr_par' dir='ltr' id='par_1_45' title="bbox 1915 1553 3479 1629">
     <span class='ocr_line' id='line_1_45' title="bbox 1915 1553 3479 1629; baseline -0.001 -21"><span class='ocrx_word' id='word_1_346' title='bbox 1915 1555 2011 1609; x_wconf 89' lang='lat' dir='ltr'><strong>Dei</strong></span> <span class='ocrx_word' id='word_1_347' title='bbox 2044 1556 2310 1621; x_wconf 78' lang='lat' dir='ltr'><strong>introivit,</strong></span> <span class='ocrx_word' id='word_1_348' title='bbox 2347 1563 2402 1611; x_wconf 93' lang='lat' dir='ltr'><strong>et</strong></span> <span class='ocrx_word' id='word_1_349' title='bbox 2448 1555 2517 1612; x_wconf 90' lang='lat' dir='ltr'><strong>de</strong></span> <span class='ocrx_word' id='word_1_350' title='bbox 2547 1571 2748 1629; x_wconf 89' lang='lat' dir='ltr'><strong>genere</strong></span> <span class='ocrx_word' id='word_1_351' title='bbox 2790 1555 2978 1611; x_wconf 85' lang='lat' dir='ltr'><strong>habita</strong></span> <span class='ocrx_word' id='word_1_352' title='bbox 3028 1562 3113 1612; x_wconf 92' lang='lat' dir='ltr'><strong>est</strong></span> <span class='ocrx_word' id='word_1_353' title='bbox 3158 1553 3479 1619; x_wconf 85' lang='lat' dir='ltr'><strong>Israelitico,</strong></span> 
     </span>
    </p>
   </div>
   <div class='ocr_carea' id='block_1_46' title="bbox 1915 1643 3482 1716">
    <p class='ocr_par' dir='ltr' id='par_1_46' title="bbox 1915 1643 3482 1716">
     <span class='ocr_line' id='line_1_46' title="bbox 1915 1643 3482 1716; baseline 0.001 -20"><span class='ocrx_word' id='word_1_354' title='bbox 1915 1654 2077 1714; x_wconf 87' lang='lat' dir='ltr'><strong>atque</strong></span> <span class='ocrx_word' id='word_1_355' title='bbox 2105 1645 2242 1699; x_wconf 86' lang='lat' dir='ltr'><strong>inter</strong></span> <span class='ocrx_word' id='word_1_356' title='bbox 2268 1645 2647 1716; x_wconf 83' lang='lat' dir='ltr'><strong>progenitores</strong></span> <span class='ocrx_word' id='word_1_357' title='bbox 2668 1643 2977 1701; x_wconf 88' lang='lat' dir='ltr'><strong>Servatoris</strong></span> <span class='ocrx_word' id='word_1_358' title='bbox 3000 1644 3176 1700; x_wconf 86' lang='lat' dir='ltr'><strong>nostri</strong></span> <span class='ocrx_word' id='word_1_359' title='bbox 3196 1643 3482 1715; x_wconf 89' lang='lat' dir='ltr'><strong>dignanter</strong></span> 
     </span>
    </p>
   </div>
   <div class='ocr_carea' id='block_1_47' title="bbox 1914 1733 3482 1806">
    <p class='ocr_par' dir='ltr' id='par_1_47' title="bbox 1914 1733 3482 1806">
     <span class='ocr_line' id='line_1_47' title="bbox 1914 1733 3482 1806; baseline -0.001 -20"><span class='ocrx_word' id='word_1_360' title='bbox 1914 1746 2193 1805; x_wconf 88' lang='lat' dir='ltr'><strong>assumpta</strong></span> <span class='ocrx_word' id='word_1_361' title='bbox 2227 1743 2451 1806; x_wconf 88' lang='lat' dir='ltr'><strong>propter</strong></span> <span class='ocrx_word' id='word_1_362' title='bbox 2478 1749 2712 1800; x_wconf 89' lang='lat' dir='ltr'><strong>morum,</strong></span> <span class='ocrx_word' id='word_1_363' title='bbox 2749 1750 2860 1789; x_wconf 90' lang='lat' dir='ltr'><strong>non</strong></span> <span class='ocrx_word' id='word_1_364' title='bbox 2904 1734 3154 1805; x_wconf 87' lang='lat' dir='ltr'><strong>corporis</strong></span> <span class='ocrx_word' id='word_1_365' title='bbox 3177 1773 3193 1799; x_wconf 90' lang='lat'><strong>,</strong></span> <span class='ocrx_word' id='word_1_366' title='bbox 3225 1733 3482 1788; x_wconf 86' lang='lat' dir='ltr'><strong>nobilita-</strong></span> 
     </span>
    </p>
   </div>
   <div class='ocr_carea' id='block_1_48' title="bbox 1915 1823 3485 1899">
    <p class='ocr_par' dir='ltr' id='par_1_48' title="bbox 1915 1823 3485 1899">
     <span class='ocr_line' id='line_1_48' title="bbox 1915 1823 3485 1899; baseline -0.003 -19"><span class='ocrx_word' id='word_1_367' title='bbox 1915 1837 2020 1882; x_wconf 91' lang='lat' dir='ltr'><strong>tem</strong></span> <span class='ocrx_word' id='word_1_368' title='bbox 2047 1846 2061 1882; x_wconf 91' lang='lat'><strong>:</strong></span> <span class='ocrx_word' id='word_1_369' title='bbox 2090 1826 2356 1897; x_wconf 91' lang='lat' dir='ltr'><strong>nobisque</strong></span> <span class='ocrx_word' id='word_1_370' title='bbox 2387 1826 2643 1882; x_wconf 91' lang='lat' dir='ltr'><strong>omnibus</strong></span> <span class='ocrx_word' id='word_1_371' title='bbox 2674 1842 2871 1899; x_wconf 88' lang='lat' dir='ltr'><strong>genere</strong></span> <span class='ocrx_word' id='word_1_372' title='bbox 2896 1826 3115 1880; x_wconf 88' lang='lat' dir='ltr'><strong>etbnico</strong></span> <span class='ocrx_word' id='word_1_373' title='bbox 3140 1824 3285 1879; x_wconf 91' lang='lat' dir='ltr'><strong>natis</strong></span> <span class='ocrx_word' id='word_1_374' title='bbox 3316 1823 3485 1878; x_wconf 78' lang='lat' dir='ltr'><strong>maxi-</strong></span> 
     </span>
    </p>
   </div>
   <div class='ocr_carea' id='block_1_49' title="bbox 1910 1914 3480 1990">
    <p class='ocr_par' dir='ltr' id='par_1_49' title="bbox 1910 1914 3480 1990">
     <span class='ocr_line' id='line_1_49' title="bbox 1910 1914 3480 1990; baseline -0.001 -20"><span class='ocrx_word' id='word_1_375' title='bbox 1910 1934 2054 1973; x_wconf 91' lang='lat' dir='ltr'><strong>mum</strong></span> <span class='ocrx_word' id='word_1_376' title='bbox 2085 1918 2357 1989; x_wconf 67' lang='lat' dir='ltr'><strong>blijectum</strong></span> <span class='ocrx_word' id='word_1_377' title='bbox 2386 1926 2471 1974; x_wconf 87' lang='lat' dir='ltr'><strong>est</strong></span> <span class='ocrx_word' id='word_1_378' title='bbox 2500 1920 2835 1990; x_wconf 83' lang='lat' dir='ltr'><strong>exemplum,</strong></span> <span class='ocrx_word' id='word_1_379' title='bbox 2868 1918 2984 1973; x_wconf 80' lang='lat' dir='ltr'><strong>fore</strong></span> <span class='ocrx_word' id='word_1_380' title='bbox 3017 1926 3075 1971; x_wconf 91' lang='lat' dir='ltr'><strong>ut</strong></span> <span class='ocrx_word' id='word_1_381' title='bbox 3104 1917 3149 1973; x_wconf 90' lang='lat' dir='ltr'><strong>si</strong></span> <span class='ocrx_word' id='word_1_382' title='bbox 3170 1916 3323 1986; x_wconf 90' lang='lat' dir='ltr'><strong>paria</strong></span> <span class='ocrx_word' id='word_1_383' title='bbox 3352 1914 3480 1969; x_wconf 86' lang='lat' dir='ltr'><strong>huic</strong></span> 
     </span>
    </p>
   </div>
   <div class='ocr_carea' id='block_1_50' title="bbox 1911 2006 3477 2081">
    <p class='ocr_par' dir='ltr' id='par_1_50' title="bbox 1911 2006 3477 2081">
     <span class='ocr_line' id='line_1_50' title="bbox 1911 2006 3477 2081; baseline -0.003 -18"><span class='ocrx_word' id='word_1_384' title='bbox 1911 2010 2125 2065; x_wconf 63' lang='lat' dir='ltr'><strong>feminae</strong></span> <span class='ocrx_word' id='word_1_385' title='bbox 2155 2009 2442 2073; x_wconf 83' lang='lat' dir='ltr'><strong>faciamus,</strong></span> <span class='ocrx_word' id='word_1_386' title='bbox 2468 2025 2654 2079; x_wconf 91' lang='lat' dir='ltr'><strong>parem</strong></span> <span class='ocrx_word' id='word_1_387' title='bbox 2693 2011 2925 2081; x_wconf 90' lang='lat' dir='ltr'><strong>gratiam</strong></span> <span class='ocrx_word' id='word_1_388' title='bbox 2957 2026 2987 2063; x_wconf 89' lang='lat' dir='ltr'><strong>a</strong></span> <span class='ocrx_word' id='word_1_389' title='bbox 3021 2007 3131 2064; x_wconf 90' lang='lat' dir='ltr'><strong>Deo</strong></span> <span class='ocrx_word' id='word_1_390' title='bbox 3156 2006 3477 2063; x_wconf 82' lang='lat' dir='ltr'><strong>referamus.</strong></span> 
     </span>
    </p>
   </div>
   <div class='ocr_carea' id='block_1_51' title="bbox 1975 2101 3480 2175">
    <p class='ocr_par' dir='ltr' id='par_1_51' title="bbox 1975 2101 3480 2175">
     <span class='ocr_line' id='line_1_51' title="bbox 1975 2101 3480 2175; baseline -0.001 -19"><span class='ocrx_word' id='word_1_391' title='bbox 1975 2103 2029 2159; x_wconf 70' lang='grc'><strong>2.</strong></span> <span class='ocrx_word' id='word_1_392' title='bbox 2071 2101 2241 2159; x_wconf 80' lang='lat' dir='ltr'><strong>Recte</strong></span> <span class='ocrx_word' id='word_1_393' title='bbox 2297 2103 2464 2174; x_wconf 89' lang='lat' dir='ltr'><strong>igitur</strong></span> <span class='ocrx_word' id='word_1_394' title='bbox 2513 2104 2607 2175; x_wconf 90' lang='lat' dir='ltr'><strong>qui</strong></span> <span class='ocrx_word' id='word_1_395' title='bbox 2656 2103 3086 2169; x_wconf 83' lang='lat' dir='ltr'><strong>alienigenarum</strong></span> <span class='ocrx_word' id='word_1_396' title='bbox 3136 2101 3480 2156; x_wconf 85' lang='lat' dir='ltr'><strong>vocationem</strong></span> 
     </span>
    </p>
   </div>
   <div class='ocr_carea' id='block_1_52' title="bbox 1909 2192 3479 2263">
    <p class='ocr_par' dir='ltr' id='par_1_52' title="bbox 1909 2192 3479 2263">
     <span class='ocr_line' id='line_1_52' title="bbox 1909 2192 3479 2263; baseline 0.001 -20"><span class='ocrx_word' id='word_1_397' title='bbox 1909 2199 2070 2262; x_wconf 86' lang='lat' dir='ltr'><strong>atque</strong></span> <span class='ocrx_word' id='word_1_398' title='bbox 2100 2192 2446 2263; x_wconf 87' lang='lat' dir='ltr'><strong>adoptionem</strong></span> <span class='ocrx_word' id='word_1_399' title='bbox 2473 2193 2827 2250; x_wconf 90' lang='lat' dir='ltr'><strong>nuntiaturus</strong></span> <span class='ocrx_word' id='word_1_400' title='bbox 2849 2204 2989 2259; x_wconf 83' lang='lat' dir='ltr'><strong>erat,</strong></span> <span class='ocrx_word' id='word_1_401' title='bbox 3024 2193 3166 2247; x_wconf 90' lang='lat' dir='ltr'><strong>hanc</strong></span> <span class='ocrx_word' id='word_1_402' title='bbox 3192 2192 3246 2247; x_wconf 91' lang='lat' dir='ltr'><strong>in</strong></span> <span class='ocrx_word' id='word_1_403' title='bbox 3280 2206 3479 2263; x_wconf 85' lang='lat' dir='ltr'><strong>genea-</strong></span> 
     </span>
    </p>
   </div>
   <div class='ocr_carea' id='block_1_53' title="bbox 1910 2282 3479 2355">
    <p class='ocr_par' dir='ltr' id='par_1_53' title="bbox 1910 2282 3479 2355">
     <span class='ocr_line' id='line_1_53' title="bbox 1910 2282 3479 2355; baseline 0.004 -22"><span class='ocrx_word' id='word_1_404' title='bbox 1910 2282 2051 2352; x_wconf 81' lang='lat' dir='ltr'><strong>logia</strong></span> <span class='ocrx_word' id='word_1_405' title='bbox 2098 2282 2383 2338; x_wconf 91' lang='lat' dir='ltr'><strong>mulierem</strong></span> <span class='ocrx_word' id='word_1_406' title='bbox 2436 2284 2780 2354; x_wconf 75' lang='lat' dir='ltr'><strong>posuit;nos</strong></span> <span class='ocrx_word' id='word_1_407' title='bbox 2835 2300 2903 2340; x_wconf 82' lang='lat' dir='ltr'><strong>ex</strong></span> <span class='ocrx_word' id='word_1_408' title='bbox 2953 2283 3275 2355; x_wconf 89' lang='lat' dir='ltr'><strong>alienigenis</strong></span> <span class='ocrx_word' id='word_1_409' title='bbox 3326 2291 3479 2339; x_wconf 85' lang='lat' dir='ltr'><strong>ortos</strong></span> 
     </span>
    </p>
   </div>
   <div class='ocr_carea' id='block_1_54' title="bbox 1908 2373 3477 2447">
    <p class='ocr_par' dir='ltr' id='par_1_54' title="bbox 1908 2373 3477 2447">
     <span class='ocr_line' id='line_1_54' title="bbox 1908 2373 3477 2447; baseline 0.003 -19"><span class='ocrx_word' id='word_1_410' title='bbox 1908 2373 2310 2444; x_wconf 88' lang='lat' dir='ltr'><strong>quodammodo</strong></span> <span class='ocrx_word' id='word_1_411' title='bbox 2334 2392 2431 2447; x_wconf 90' lang='lat' dir='ltr'><strong>per</strong></span> <span class='ocrx_word' id='word_1_412' title='bbox 2459 2392 2578 2433; x_wconf 89' lang='lat' dir='ltr'><strong>eam</strong></span> <span class='ocrx_word' id='word_1_413' title='bbox 2615 2376 2874 2434; x_wconf 82' lang='lat' dir='ltr'><strong>erudiens</strong></span> <span class='ocrx_word' id='word_1_414' title='bbox 2905 2376 3022 2433; x_wconf 80' lang='lat' dir='ltr'><strong>fore</strong></span> <span class='ocrx_word' id='word_1_415' title='bbox 3046 2383 3141 2443; x_wconf 88' lang='lat' dir='ltr'><strong>ut,</strong></span> <span class='ocrx_word' id='word_1_416' title='bbox 3196 2378 3241 2433; x_wconf 91' lang='lat' dir='ltr'><strong>si</strong></span> <span class='ocrx_word' id='word_1_417' title='bbox 3269 2376 3477 2447; x_wconf 84' lang='lat' dir='ltr'><strong>patrios</strong></span> 
     </span>
    </p>
   </div>
   <div class='ocr_carea' id='block_1_55' title="bbox 1908 2467 3477 2541">
    <p class='ocr_par' dir='ltr' id='par_1_55' title="bbox 1908 2467 3477 2541">
     <span class='ocr_line' id='line_1_55' title="bbox 1908 2467 3477 2541; baseline 0.003 -20"><span class='ocrx_word' id='word_1_418' title='bbox 1908 2482 2086 2523; x_wconf 88' lang='lat' dir='ltr'><strong>mores</strong></span> <span class='ocrx_word' id='word_1_419' title='bbox 2123 2467 2459 2534; x_wconf 89' lang='lat' dir='ltr'><strong>deseramus,</strong></span> <span class='ocrx_word' id='word_1_420' title='bbox 2479 2468 2607 2541; x_wconf 84' lang='lat' dir='ltr'><strong>jure</strong></span> <span class='ocrx_word' id='word_1_421' title='bbox 2632 2471 2838 2541; x_wconf 91' lang='lat' dir='ltr'><strong>optimo</strong></span> <span class='ocrx_word' id='word_1_422' title='bbox 2860 2479 3229 2526; x_wconf 85' lang='lat' dir='ltr'><strong>consentanea</strong></span> <span class='ocrx_word' id='word_1_423' title='bbox 3266 2470 3477 2525; x_wconf 88' lang='lat' dir='ltr'><strong>meritis</strong></span> 
     </span>
    </p>
   </div>
   <div class='ocr_carea' id='block_1_56' title="bbox 1909 2562 3477 2634">
    <p class='ocr_par' dir='ltr' id='par_1_56' title="bbox 1909 2562 3477 2634">
     <span class='ocr_line' id='line_1_56' title="bbox 1909 2562 3477 2634; baseline 0.001 -19"><span class='ocrx_word' id='word_1_424' title='bbox 1909 2562 2048 2615; x_wconf 88' lang='lat' dir='ltr'><strong>bona</strong></span> <span class='ocrx_word' id='word_1_425' title='bbox 2072 2575 2479 2633; x_wconf 89' lang='lat' dir='ltr'><strong>consequamur</strong></span> <span class='ocrx_word' id='word_1_426' title='bbox 2515 2578 2530 2617; x_wconf 88' lang='lat'><strong>:</strong></span> <span class='ocrx_word' id='word_1_427' title='bbox 2567 2578 2745 2634; x_wconf 87' lang='lat' dir='ltr'><strong>neque</strong></span> <span class='ocrx_word' id='word_1_428' title='bbox 2767 2562 2916 2619; x_wconf 89' lang='lat' dir='ltr'><strong>enim</strong></span> <span class='ocrx_word' id='word_1_429' title='bbox 2960 2563 3170 2619; x_wconf 89' lang='lat' dir='ltr'><strong>diutius</strong></span> <span class='ocrx_word' id='word_1_430' title='bbox 3215 2562 3477 2634; x_wconf 86' lang='lat' dir='ltr'><strong>alienige-</strong></span> 
     </span>
    </p>
   </div>
   <div class='ocr_carea' id='block_1_57' title="bbox 1908 2655 3475 2727">
    <p class='ocr_par' dir='ltr' id='par_1_57' title="bbox 1908 2655 3475 2727">
     <span class='ocr_line' id='line_1_57' title="bbox 1908 2655 3475 2727; baseline 0.002 -20"><span class='ocrx_word' id='word_1_431' title='bbox 1908 2655 1995 2708; x_wconf 89' lang='lat' dir='ltr'><strong>nis</strong></span> <span class='ocrx_word' id='word_1_432' title='bbox 2027 2657 2532 2722; x_wconf 85' lang='lat' dir='ltr'><strong>annumerabimur,</strong></span> <span class='ocrx_word' id='word_1_433' title='bbox 2561 2672 2740 2727; x_wconf 91' lang='lat' dir='ltr'><strong>neque</strong></span> <span class='ocrx_word' id='word_1_434' title='bbox 2778 2656 2865 2713; x_wconf 89' lang='lat' dir='ltr'><strong>his</strong></span> <span class='ocrx_word' id='word_1_435' title='bbox 2906 2656 3123 2711; x_wconf 87' lang='lat' dir='ltr'><strong>oriundi</strong></span> <span class='ocrx_word' id='word_1_436' title='bbox 3175 2655 3475 2727; x_wconf 89' lang='lat' dir='ltr'><strong>appellabi-</strong></span> 
     </span>
    </p>
   </div>
   <div class='ocr_carea' id='block_1_58' title="bbox 1907 2743 3477 2816">
    <p class='ocr_par' dir='ltr' id='par_1_58' title="bbox 1907 2743 3477 2816">
     <span class='ocr_line' id='line_1_58' title="bbox 1907 2743 3477 2816; baseline 0.003 -19"><span class='ocrx_word' id='word_1_437' title='bbox 1907 2758 2051 2807; x_wconf 90' lang='lat' dir='ltr'><strong>mur,</strong></span> <span class='ocrx_word' id='word_1_438' title='bbox 2082 2744 2178 2800; x_wconf 89' lang='lat' dir='ltr'><strong>sed</strong></span> <span class='ocrx_word' id='word_1_439' title='bbox 2215 2760 2283 2800; x_wconf 80' lang='lat' dir='ltr'><strong>ex</strong></span> <span class='ocrx_word' id='word_1_440' title='bbox 2306 2760 2438 2801; x_wconf 87' lang='lat' dir='ltr'><strong>vero</strong></span> <span class='ocrx_word' id='word_1_441' title='bbox 2467 2743 2670 2801; x_wconf 85' lang='lat' dir='ltr'><strong>lsraele</strong></span> <span class='ocrx_word' id='word_1_442' title='bbox 2714 2760 2778 2800; x_wconf 91' lang='lat' dir='ltr'><strong>ac</strong></span> <span class='ocrx_word' id='word_1_443' title='bbox 2808 2745 3011 2815; x_wconf 91' lang='lat' dir='ltr'><strong>populo</strong></span> <span class='ocrx_word' id='word_1_444' title='bbox 3044 2746 3137 2816; x_wconf 94' lang='lat' dir='ltr'><strong>qui</strong></span> <span class='ocrx_word' id='word_1_445' title='bbox 3180 2754 3265 2801; x_wconf 90' lang='lat' dir='ltr'><strong>est</strong></span> <span class='ocrx_word' id='word_1_446' title='bbox 3303 2744 3477 2801; x_wconf 65' lang='lat' dir='ltr'><strong>haere-</strong></span> 
     </span>
    </p>
   </div>
   <div class='ocr_carea' id='block_1_59' title="bbox 1906 2834 3477 2895">
    <p class='ocr_par' dir='ltr' id='par_1_59' title="bbox 1906 2834 3477 2895">
     <span class='ocr_line' id='line_1_59' title="bbox 1906 2834 3477 2895; baseline -0.001 -4"><span class='ocrx_word' id='word_1_447' title='bbox 1906 2836 2047 2892; x_wconf 90' lang='lat' dir='ltr'><strong>ditas</strong></span> <span class='ocrx_word' id='word_1_448' title='bbox 2090 2835 2324 2893; x_wconf 87' lang='lat' dir='ltr'><strong>Domini.</strong></span> <span class='ocrx_word' id='word_1_449' title='bbox 2365 2834 2578 2894; x_wconf 82' lang='lat' dir='ltr'><strong>Rursus</strong></span> <span class='ocrx_word' id='word_1_450' title='bbox 2626 2838 2945 2894; x_wconf 88' lang='lat' dir='ltr'><strong>necessario</strong></span> <span class='ocrx_word' id='word_1_451' title='bbox 2993 2836 3189 2895; x_wconf 73' lang='lat' dir='ltr'><strong>Rutha:</strong></span> <span class='ocrx_word' id='word_1_452' title='bbox 3227 2836 3477 2892; x_wconf 84' lang='lat' dir='ltr'><strong>meminit</strong></span> 
     </span>
    </p>
   </div>
   <div class='ocr_carea' id='block_1_60' title="bbox 1906 2928 3474 3000">
    <p class='ocr_par' dir='ltr' id='par_1_60' title="bbox 1906 2928 3474 3000">
     <span class='ocr_line' id='line_1_60' title="bbox 1906 2928 3474 3000; baseline 0.001 -19"><span class='ocrx_word' id='word_1_453' title='bbox 1906 2929 2254 2999; x_wconf 83' lang='lat' dir='ltr'><strong>evangelista,</strong></span> <span class='ocrx_word' id='word_1_454' title='bbox 2290 2928 2421 2983; x_wconf 92' lang='lat' dir='ltr'><strong>dum</strong></span> <span class='ocrx_word' id='word_1_455' title='bbox 2443 2930 2498 2983; x_wconf 90' lang='lat' dir='ltr'><strong>in</strong></span> <span class='ocrx_word' id='word_1_456' title='bbox 2527 2929 2757 2985; x_wconf 88' lang='lat' dir='ltr'><strong>historia</strong></span> <span class='ocrx_word' id='word_1_457' title='bbox 2781 2945 2881 2986; x_wconf 90' lang='lat' dir='ltr'><strong>sua</strong></span> <span class='ocrx_word' id='word_1_458' title='bbox 2916 2945 3112 2986; x_wconf 86' lang='lat' dir='ltr'><strong>causas</strong></span> <span class='ocrx_word' id='word_1_459' title='bbox 3145 2929 3474 3000; x_wconf 73' lang='lat' dir='ltr'><strong>tradit,qu:e</strong></span> 
     </span>
    </p>
   </div>
   <div class='ocr_carea' id='block_1_61' title="bbox 1907 3018 3475 3093">
    <p class='ocr_par' dir='ltr' id='par_1_61' title="bbox 1907 3018 3475 3093">
     <span class='ocr_line' id='line_1_61' title="bbox 1907 3018 3475 3093; baseline 0.004 -21"><span class='ocrx_word' id='word_1_460' title='bbox 1907 3018 2042 3088; x_wconf 86' lang='lat' dir='ltr'><strong>legis</strong></span> <span class='ocrx_word' id='word_1_461' title='bbox 2096 3019 2362 3075; x_wconf 89' lang='lat' dir='ltr'><strong>tollebant</strong></span> <span class='ocrx_word' id='word_1_462' title='bbox 2419 3021 2770 3078; x_wconf 88' lang='lat' dir='ltr'><strong>interdictum</strong></span> <span class='ocrx_word' id='word_1_463' title='bbox 2820 3023 3088 3093; x_wconf 86' lang='lat' dir='ltr'><strong>ejusmodi</strong></span> <span class='ocrx_word' id='word_1_464' title='bbox 3122 3042 3135 3077; x_wconf 89' lang='lat'><strong>:</strong></span> <span class='ocrx_word' id='word_1_465' title='bbox 3172 3043 3190 3074; x_wconf 77' lang='grc' dir='ltr'><strong>ι</strong></span> <span class='ocrx_word' id='word_1_466' title='bbox 3225 3020 3475 3078; x_wconf 75' lang='lat' dir='ltr'><strong>Moabitae</strong></span> 
     </span>
    </p>
   </div>
   <div class='ocr_carea' id='block_1_62' title="bbox 1906 3110 3473 3173">
    <p class='ocr_par' dir='ltr' id='par_1_62' title="bbox 1906 3110 3473 3173">
     <span class='ocr_line' id='line_1_62' title="bbox 1906 3110 3473 3173; baseline 0.005 -10"><span class='ocrx_word' id='word_1_467' title='bbox 1906 3124 2016 3165; x_wconf 89' lang='lat' dir='ltr'><strong>non</strong></span> <span class='ocrx_word' id='word_1_468' title='bbox 2064 3110 2348 3167; x_wconf 90' lang='lat' dir='ltr'><strong>intrabunt</strong></span> <span class='ocrx_word' id='word_1_469' title='bbox 2398 3113 2452 3168; x_wconf 90' lang='lat' dir='ltr'><strong>in</strong></span> <span class='ocrx_word' id='word_1_470' title='bbox 2496 3112 2802 3170; x_wconf 90' lang='lat' dir='ltr'><strong>Ecclesiam</strong></span> <span class='ocrx_word' id='word_1_471' title='bbox 2848 3114 2963 3171; x_wconf 89' lang='lat' dir='ltr'><strong>Dei.</strong></span> <span class='ocrx_word' id='word_1_472' title='bbox 3000 3135 3019 3170; x_wconf 72' lang='grc' dir='ltr'><strong>ι</strong></span> <span class='ocrx_word' id='word_1_473' title='bbox 3054 3114 3279 3171; x_wconf 85' lang='lat' dir='ltr'><strong>Femina</strong></span> <span class='ocrx_word' id='word_1_474' title='bbox 3327 3118 3473 3173; x_wconf 85' lang='lat' dir='ltr'><strong>enim</strong></span> 
     </span>
    </p>
   </div>
   <div class='ocr_carea' id='block_1_63' title="bbox 1906 3200 3469 3273">
    <p class='ocr_par' dir='ltr' id='par_1_63' title="bbox 1906 3200 3469 3273">
     <span class='ocr_line' id='line_1_63' title="bbox 1906 3200 3469 3273; baseline 0.007 -18"><span class='ocrx_word' id='word_1_475' title='bbox 1906 3200 2160 3260; x_wconf 76' lang='lat' dir='ltr'><strong>Moabitis</strong></span> <span class='ocrx_word' id='word_1_476' title='bbox 2193 3204 2261 3259; x_wconf 90' lang='lat' dir='ltr'><strong>ad</strong></span> <span class='ocrx_word' id='word_1_477' title='bbox 2293 3206 2662 3262; x_wconf 84' lang='lat' dir='ltr'><strong>conditionem</strong></span> <span class='ocrx_word' id='word_1_478' title='bbox 2685 3207 2908 3262; x_wconf 88' lang='lat' dir='ltr'><strong>transiit</strong></span> <span class='ocrx_word' id='word_1_479' title='bbox 2936 3205 3192 3265; x_wconf 83' lang='lat' dir='ltr'><strong>Rachelis</strong></span> <span class='ocrx_word' id='word_1_480' title='bbox 3241 3217 3297 3265; x_wconf 91' lang='lat' dir='ltr'><strong>et</strong></span> <span class='ocrx_word' id='word_1_481' title='bbox 3338 3209 3469 3273; x_wconf 57' lang='grc' dir='ltr'>ἰήιε,</span> 
     </span>
    </p>
   </div>
   <div class='ocr_carea' id='block_1_64' title="bbox 220 3295 1800 3376">
    <p class='ocr_par' dir='ltr' id='par_1_64' title="bbox 220 3295 1797 3376">
     <span class='ocr_line' id='line_1_64' title="bbox 220 3295 1797 3376; baseline 0.005 -26"><span class='ocrx_word' id='word_1_482' title='bbox 220 3297 381 3361; x_wconf 76' lang='grc' dir='ltr'>Λεία,</span> <span class='ocrx_word' id='word_1_483' title='bbox 418 3296 475 3351; x_wconf 84' lang='grc' dir='ltr'>αἳ</span> <span class='ocrx_word' id='word_1_484' title='bbox 504 3295 858 3368; x_wconf 84' lang='grc' dir='ltr'>ᾠκοδόμησαν</span> <span class='ocrx_word' id='word_1_485' title='bbox 895 3299 1200 3370; x_wconf 84' lang='grc' dir='ltr'>ἀμφότεραι</span> <span class='ocrx_word' id='word_1_486' title='bbox 1232 3302 1322 3353; x_wconf 75' lang='grc' dir='ltr'><strong>τὸν</strong></span> <span class='ocrx_word' id='word_1_487' title='bbox 1354 3298 1501 3356; x_wconf 72' lang='grc' dir='ltr'>οἷκον</span> <span class='ocrx_word' id='word_1_488' title='bbox 1547 3304 1761 3376; x_wconf 79' lang='grc' dir='ltr'>Ἰσραήλ</span> <span class='ocrx_word' id='word_1_489' title='bbox 1785 3322 1797 3334; x_wconf 80' lang='grc'><em>’</em></span> 
     </span>
    </p>
   </div>
   <div class='ocr_carea' id='block_1_65' title="bbox 1908 3295 3474 3376">
    <p class='ocr_par' dir='ltr' id='par_1_65' title="bbox 1908 3298 3474 3368">
     <span class='ocr_line' id='line_1_65' title="bbox 1908 3298 3474 3368; baseline 0.005 -20"><span class='ocrx_word' id='word_1_490' title='bbox 1908 3310 2135 3365; x_wconf 89' lang='lat' dir='ltr'><strong>quarum</strong></span> <span class='ocrx_word' id='word_1_491' title='bbox 2188 3306 2420 3368; x_wconf 90' lang='lat' dir='ltr'><strong>utraque</strong></span> <span class='ocrx_word' id='word_1_492' title='bbox 2468 3298 2756 3354; x_wconf 75' lang='lat' dir='ltr'><strong>aediﬁcavit</strong></span> <span class='ocrx_word' id='word_1_493' title='bbox 2800 3298 3021 3353; x_wconf 92' lang='lat' dir='ltr'><strong>domum</strong></span> <span class='ocrx_word' id='word_1_494' title='bbox 3069 3299 3308 3357; x_wconf 88' lang='lat' dir='ltr'><strong>lsraelis.</strong></span> <span class='ocrx_word' id='word_1_495' title='bbox 3363 3302 3474 3357; x_wconf 86' lang='lat' dir='ltr'><strong>Cur</strong></span> 
     </span>
    </p>
   </div>
   <div class='ocr_carea' id='block_1_66' title="bbox 219 3386 1801 3469">
    <p class='ocr_par' dir='ltr' id='par_1_66' title="bbox 219 3386 1801 3469">
     <span class='ocr_line' id='line_1_66' title="bbox 219 3386 1801 3469; baseline 0.007 -29"><span class='ocrx_word' id='word_1_496' title='bbox 219 3388 348 3451; x_wconf 82' lang='grc' dir='ltr'><strong>πῶς</strong></span> <span class='ocrx_word' id='word_1_497' title='bbox 374 3387 431 3441; x_wconf 84' lang='grc' dir='ltr'>δὲ</span> <span class='ocrx_word' id='word_1_498' title='bbox 464 3388 584 3458; x_wconf 76' lang='grc' dir='ltr'>ούχὶ</span> <span class='ocrx_word' id='word_1_499' title='bbox 611 3390 873 3461; x_wconf 82' lang='grc' dir='ltr'>χρήσιμος</span> <span class='ocrx_word' id='word_1_500' title='bbox 904 3386 972 3461; x_wconf 78' lang='grc' dir='ltr'>ἦν</span> <span class='ocrx_word' id='word_1_501' title='bbox 1000 3394 1065 3462; x_wconf 81' lang='grc' dir='ltr'>τῇ</span> <span class='ocrx_word' id='word_1_502' title='bbox 1084 3393 1177 3445; x_wconf 82' lang='grc' dir='ltr'>τοῦ</span> <span class='ocrx_word' id='word_1_503' title='bbox 1220 3393 1470 3467; x_wconf 86' lang='grc' dir='ltr'>Σωτῆρος</span> <span class='ocrx_word' id='word_1_504' title='bbox 1495 3396 1659 3467; x_wconf 63' lang='grc' dir='ltr'>αήμῶν</span> <span class='ocrx_word' id='word_1_505' title='bbox 1700 3398 1801 3469; x_wconf 81' lang='grc' dir='ltr'><strong>Ἰη-</strong></span> 
     </span>
    </p>
   </div>
   <div class='ocr_carea' id='block_1_67' title="bbox 221 3480 1800 3559">
    <p class='ocr_par' dir='ltr' id='par_1_67' title="bbox 221 3480 1800 3559">
     <span class='ocr_line' id='line_1_67' title="bbox 221 3480 1800 3559; baseline 0.006 -27"><span class='ocrx_word' id='word_1_506' title='bbox 221 3480 322 3533; x_wconf 78' lang='grc' dir='ltr'>σοῦ</span> <span class='ocrx_word' id='word_1_507' title='bbox 351 3480 585 3555; x_wconf 82' lang='grc' dir='ltr'>Χριστοῦ</span> <span class='ocrx_word' id='word_1_508' title='bbox 623 3482 942 3555; x_wconf 78' lang='grc' dir='ltr'>γενεαλογίᾳ</span> <span class='ocrx_word' id='word_1_509' title='bbox 972 3486 1004 3555; x_wconf 83' lang='grc' dir='ltr'><strong>ή</strong></span> <span class='ocrx_word' id='word_1_510' title='bbox 1042 3486 1227 3557; x_wconf 85' lang='grc' dir='ltr'>μνήμη</span> <span class='ocrx_word' id='word_1_511' title='bbox 1262 3488 1357 3557; x_wconf 83' lang='grc' dir='ltr'>τῆς</span> <span class='ocrx_word' id='word_1_512' title='bbox 1394 3488 1572 3552; x_wconf 65' lang='grc' dir='ltr'>Ῥούθ,</span> <span class='ocrx_word' id='word_1_513' title='bbox 1604 3490 1690 3557; x_wconf 80' lang='grc' dir='ltr'><strong>ἐφ’</strong></span> <span class='ocrx_word' id='word_1_514' title='bbox 1733 3490 1800 3559; x_wconf 77' lang='grc' dir='ltr'>ἣν</span> 
     </span>
    </p>
   </div>
   <div class='ocr_carea' id='block_1_68' title="bbox 220 3569 1801 3645">
    <p class='ocr_par' dir='ltr' id='par_1_68' title="bbox 220 3569 1801 3645">
     <span class='ocr_line' id='line_1_68' title="bbox 220 3569 1801 3645; baseline 0.004 -23"><span class='ocrx_word' id='word_1_515' title='bbox 220 3569 445 3641; x_wconf 64' lang='grc' dir='ltr'>ετρηται</span> <span class='ocrx_word' id='word_1_516' title='bbox 478 3588 495 3620; x_wconf 80' lang='grc' dir='ltr'><strong>ι</strong></span> <span class='ocrx_word' id='word_1_517' title='bbox 524 3570 615 3622; x_wconf 80' lang='grc' dir='ltr'><strong>καὶ</strong></span> <span class='ocrx_word' id='word_1_518' title='bbox 648 3570 708 3623; x_wconf 84' lang='grc' dir='ltr'>τὸ</span> <span class='ocrx_word' id='word_1_519' title='bbox 748 3572 967 3641; x_wconf 84' lang='grc' dir='ltr'>ποιῆσαι</span> <span class='ocrx_word' id='word_1_520' title='bbox 993 3572 1220 3643; x_wconf 91' lang='grc' dir='ltr'>δύναμιν</span> <span class='ocrx_word' id='word_1_521' title='bbox 1253 3575 1309 3626; x_wconf 80' lang='grc' dir='ltr'>ἒν</span> <span class='ocrx_word' id='word_1_522' title='bbox 1348 3574 1611 3645; x_wconf 80' lang='grc' dir='ltr'>Ἐφραθᾷ,</span> <span class='ocrx_word' id='word_1_523' title='bbox 1650 3575 1801 3628; x_wconf 80' lang='grc' dir='ltr'>ἔσται</span> 
     </span>
    </p>
   </div>
   <div class='ocr_carea' id='block_1_69' title="bbox 218 3660 1799 3737">
    <p class='ocr_par' dir='ltr' id='par_1_69' title="bbox 218 3660 1799 3737">
     <span class='ocr_line' id='line_1_69' title="bbox 218 3660 1799 3737; baseline 0.005 -25"><span class='ocrx_word' id='word_1_524' title='bbox 218 3661 395 3731; x_wconf 73' lang='grc' dir='ltr'>ὄνομα</span> <span class='ocrx_word' id='word_1_525' title='bbox 426 3662 483 3713; x_wconf 80' lang='grc' dir='ltr'>ὲν</span> <span class='ocrx_word' id='word_1_526' title='bbox 498 3660 741 3733; x_wconf 79' lang='grc' dir='ltr'>Βηθλεέμ</span> <span class='ocrx_word' id='word_1_527' title='bbox 766 3679 779 3727; x_wconf 93' lang='grc'><strong>;</strong></span> <span class='ocrx_word' id='word_1_528' title='bbox 808 3683 825 3715; x_wconf 76' lang='grc' dir='ltr'><strong>ι</strong></span> <span class='ocrx_word' id='word_1_529' title='bbox 848 3663 1177 3734; x_wconf 84' lang='grc' dir='ltr'>προφητείας</span> <span class='ocrx_word' id='word_1_530' title='bbox 1192 3664 1300 3737; x_wconf 85' lang='grc' dir='ltr'>γὰρ</span> <span class='ocrx_word' id='word_1_531' title='bbox 1330 3664 1587 3735; x_wconf 79' lang='grc' dir='ltr'>ἄντικρυς</span> <span class='ocrx_word' id='word_1_532' title='bbox 1600 3666 1799 3731; x_wconf 91' lang='grc' dir='ltr'>ταύτας</span> 
     </span>
    </p>
   </div>
   <div class='ocr_carea' id='block_1_70' title="bbox 218 3752 1799 3829">
    <p class='ocr_par' dir='ltr' id='par_1_70' title="bbox 218 3752 1799 3829">
     <span class='ocr_line' id='line_1_70' title="bbox 218 3752 1799 3829; baseline 0.005 -24"><span class='ocrx_word' id='word_1_533' title='bbox 218 3752 453 3815; x_wconf 77' lang='grc' dir='ltr'>εἰκότως</span> <span class='ocrx_word' id='word_1_534' title='bbox 479 3753 544 3806; x_wconf 80' lang='grc' dir='ltr'>ἄν</span> <span class='ocrx_word' id='word_1_535' title='bbox 575 3770 659 3817; x_wconf 86' lang='grc' dir='ltr'><strong>τις</strong></span> <span class='ocrx_word' id='word_1_536' title='bbox 686 3754 819 3825; x_wconf 86' lang='grc' dir='ltr'>φαίη</span> <span class='ocrx_word' id='word_1_537' title='bbox 848 3756 1151 3825; x_wconf 86' lang='grc' dir='ltr'>τυγχάνειν,</span> <span class='ocrx_word' id='word_1_538' title='bbox 1182 3756 1243 3809; x_wconf 86' lang='grc' dir='ltr'><strong>τὸ</strong></span> <span class='ocrx_word' id='word_1_539' title='bbox 1268 3757 1331 3810; x_wconf 81' lang='grc' dir='ltr'>ὲκ</span> <span class='ocrx_word' id='word_1_540' title='bbox 1363 3756 1607 3829; x_wconf 86' lang='grc' dir='ltr'>Βηθλεὲμ</span> <span class='ocrx_word' id='word_1_541' title='bbox 1629 3759 1799 3829; x_wconf 72' lang='grc' dir='ltr'>ὄνομα</span> 
     </span>
    </p>
   </div>
   <div class='ocr_carea' id='block_1_71' title="bbox 216 3843 1799 3924">
    <p class='ocr_par' dir='ltr' id='par_1_71' title="bbox 216 3843 1799 3924">
     <span class='ocr_line' id='line_1_71' title="bbox 216 3843 1799 3924; baseline 0.006 -27"><span class='ocrx_word' id='word_1_542' title='bbox 216 3846 280 3897; x_wconf 77' lang='grc' dir='ltr'><strong>τὸ</strong></span> <span class='ocrx_word' id='word_1_543' title='bbox 306 3843 461 3915; x_wconf 87' lang='grc' dir='ltr'><strong>παρά</strong></span> <span class='ocrx_word' id='word_1_544' title='bbox 491 3845 568 3915; x_wconf 86' lang='grc' dir='ltr'><strong>τῷ</strong></span> <span class='ocrx_word' id='word_1_545' title='bbox 594 3846 852 3916; x_wconf 82' lang='grc' dir='ltr'>Ματθαίῳ</span> <span class='ocrx_word' id='word_1_546' title='bbox 873 3848 1344 3920; x_wconf 85' lang='grc' dir='ltr'>γενεαλογουμένῳ</span> <span class='ocrx_word' id='word_1_547' title='bbox 1378 3850 1552 3921; x_wconf 78' lang='grc' dir='ltr'>Ἰησοῦ</span> <span class='ocrx_word' id='word_1_548' title='bbox 1581 3853 1799 3924; x_wconf 82' lang='grc' dir='ltr'>Χριστῷ</span> 
     </span>
    </p>
   </div>
   <div class='ocr_carea' id='block_1_72' title="bbox 216 3936 1798 4016">
    <p class='ocr_par' dir='ltr' id='par_1_72' title="bbox 216 3936 1798 4016">
     <span class='ocr_line' id='line_1_72' title="bbox 216 3936 1798 4016; baseline 0.006 -27"><span class='ocrx_word' id='word_1_549' title='bbox 216 3936 549 4002; x_wconf 71' lang='grc' dir='ltr'>ιξάκουστον</span> <span class='ocrx_word' id='word_1_550' title='bbox 568 3938 649 4001; x_wconf 87' lang='grc' dir='ltr'><strong>εἰς</strong></span> <span class='ocrx_word' id='word_1_551' title='bbox 673 3940 780 3991; x_wconf 82' lang='grc' dir='ltr'><strong>πᾶν</strong></span> <span class='ocrx_word' id='word_1_552' title='bbox 801 3939 955 4008; x_wconf 85' lang='grc' dir='ltr'>γένος</span> <span class='ocrx_word' id='word_1_553' title='bbox 982 3939 1284 4012; x_wconf 84' lang='grc' dir='ltr'>ἀνθρώπων</span> <span class='ocrx_word' id='word_1_554' title='bbox 1316 3941 1555 4015; x_wconf 88' lang='grc' dir='ltr'>θεωρῶν,</span> <span class='ocrx_word' id='word_1_555' title='bbox 1584 3944 1677 3998; x_wconf 76' lang='grc' dir='ltr'>καὶ</span> <span class='ocrx_word' id='word_1_556' title='bbox 1700 3944 1798 4016; x_wconf 81' lang='grc' dir='ltr'>τὴν</span> 
     </span>
    </p>
   </div>
   <div class='ocr_carea' id='block_1_73' title="bbox 218 4027 1797 4107">
    <p class='ocr_par' dir='ltr' id='par_1_73' title="bbox 218 4027 1797 4107">
     <span class='ocr_line' id='line_1_73' title="bbox 218 4027 1797 4107; baseline 0.006 -26"><span class='ocrx_word' id='word_1_557' title='bbox 218 4030 277 4081; x_wconf 68' lang='grc' dir='ltr'><strong>ιν</strong></span> <span class='ocrx_word' id='word_1_558' title='bbox 345 4027 586 4099; x_wconf 80' lang='grc' dir='ltr'>Ἐφραθᾷ</span> <span class='ocrx_word' id='word_1_559' title='bbox 635 4030 930 4102; x_wconf 82' lang='grc' dir='ltr'>γενομένην</span> <span class='ocrx_word' id='word_1_560' title='bbox 984 4032 1249 4103; x_wconf 86' lang='grc' dir='ltr'>δύναμιν·</span> <span class='ocrx_word' id='word_1_561' title='bbox 1302 4034 1367 4088; x_wconf 85' lang='grc' dir='ltr'>δι’</span> <span class='ocrx_word' id='word_1_562' title='bbox 1397 4031 1465 4105; x_wconf 84' lang='grc' dir='ltr'>ἧς</span> <span class='ocrx_word' id='word_1_563' title='bbox 1517 4035 1797 4107; x_wconf 86' lang='grc' dir='ltr'>δυνάμεως</span> 
     </span>
    </p>
   </div>
   <div class='ocr_carea' id='block_1_74' title="bbox 219 4118 1796 4198">
    <p class='ocr_par' dir='ltr' id='par_1_74' title="bbox 219 4118 1796 4198">
     <span class='ocr_line' id='line_1_74' title="bbox 219 4118 1796 4198; baseline 0.006 -27"><span class='ocrx_word' id='word_1_564' title='bbox 219 4118 403 4173; x_wconf 84' lang='grc' dir='ltr'>πάντα</span> <span class='ocrx_word' id='word_1_565' title='bbox 450 4119 518 4171; x_wconf 81' lang='grc' dir='ltr'>τὰ</span> <span class='ocrx_word' id='word_1_566' title='bbox 546 4120 671 4191; x_wconf 77' lang='grc' dir='ltr'>ἔθνη</span> <span class='ocrx_word' id='word_1_567' title='bbox 704 4121 795 4175; x_wconf 82' lang='grc' dir='ltr'><strong>τὸν</strong></span> <span class='ocrx_word' id='word_1_568' title='bbox 834 4124 896 4175; x_wconf 72' lang='grc' dir='ltr'>ἐκ</span> <span class='ocrx_word' id='word_1_569' title='bbox 940 4123 1041 4193; x_wconf 84' lang='grc' dir='ltr'>τῆς</span> <span class='ocrx_word' id='word_1_570' title='bbox 1104 4124 1256 4178; x_wconf 70' lang='grc' dir='ltr'>Ῥούθ</span> <span class='ocrx_word' id='word_1_571' title='bbox 1310 4127 1796 4198; x_wconf 87' lang='grc' dir='ltr'>γενεαλογούμενον</span> 
     </span>
    </p>
   </div>
   <div class='ocr_carea' id='block_1_75' title="bbox 219 4210 1798 4289">
    <p class='ocr_par' dir='ltr' id='par_1_75' title="bbox 219 4210 1798 4289">
     <span class='ocr_line' id='line_1_75' title="bbox 219 4210 1798 4289; baseline 0.006 -25"><span class='ocrx_word' id='word_1_572' title='bbox 219 4210 459 4283; x_wconf 83' lang='grc' dir='ltr'>Χριστὸν</span> <span class='ocrx_word' id='word_1_573' title='bbox 490 4210 583 4264; x_wconf 81' lang='grc' dir='ltr'>τοῦ</span> <span class='ocrx_word' id='word_1_574' title='bbox 616 4212 750 4265; x_wconf 86' lang='grc' dir='ltr'><strong>Θεοῦ</strong></span> <span class='ocrx_word' id='word_1_575' title='bbox 780 4215 1087 4283; x_wconf 75' lang='grc' dir='ltr'>ἐπιγνόντα,</span> <span class='ocrx_word' id='word_1_576' title='bbox 1130 4216 1198 4270; x_wconf 77' lang='grc' dir='ltr'>δι’</span> <span class='ocrx_word' id='word_1_577' title='bbox 1236 4217 1397 4271; x_wconf 82' lang='grc' dir='ltr'>αὑτοῦ</span> <span class='ocrx_word' id='word_1_578' title='bbox 1431 4218 1531 4288; x_wconf 79' lang='grc' dir='ltr'><strong>τῆς</strong></span> <span class='ocrx_word' id='word_1_579' title='bbox 1567 4221 1664 4289; x_wconf 87' lang='grc' dir='ltr'><strong>μὲν</strong></span> <span class='ocrx_word' id='word_1_580' title='bbox 1693 4238 1798 4275; x_wconf 87' lang='grc' dir='ltr'>πα-</span> 
     </span>
    </p>
   </div>
   <div class='ocr_carea' id='block_1_76' title="bbox 217 4298 1796 4382">
    <p class='ocr_par' dir='ltr' id='par_1_76' title="bbox 217 4298 1796 4382">
     <span class='ocr_line' id='line_1_76' title="bbox 217 4298 1796 4382; baseline 0.006 -29"><span class='ocrx_word' id='word_1_581' title='bbox 217 4298 405 4371; x_wconf 73' lang='grc' dir='ltr'>τρῴας</span> <span class='ocrx_word' id='word_1_582' title='bbox 433 4301 664 4373; x_wconf 85' lang='grc' dir='ltr'>ἀπέστη,</span> <span class='ocrx_word' id='word_1_583' title='bbox 685 4304 782 4372; x_wconf 84' lang='grc' dir='ltr'>τῆς</span> <span class='ocrx_word' id='word_1_584' title='bbox 826 4304 979 4359; x_wconf 82' lang='grc' dir='ltr'>Ῥοὺθ</span> <span class='ocrx_word' id='word_1_585' title='bbox 1016 4307 1409 4379; x_wconf 86' lang='grc' dir='ltr'>παραπλησίως</span> <span class='ocrx_word' id='word_1_586' title='bbox 1433 4349 1447 4373; x_wconf 89' lang='grc'><strong>,</strong></span> <span class='ocrx_word' id='word_1_587' title='bbox 1492 4309 1569 4380; x_wconf 88' lang='grc' dir='ltr'><strong>τῷ</strong></span> <span class='ocrx_word' id='word_1_588' title='bbox 1590 4310 1646 4362; x_wconf 82' lang='grc' dir='ltr'>δὲ</span> <span class='ocrx_word' id='word_1_589' title='bbox 1680 4310 1796 4382; x_wconf 89' lang='grc' dir='ltr'>Θεῷ</span> 
     </span>
    </p>
   </div>
   <div class='ocr_carea' id='block_1_77' title="bbox 218 4391 1789 4473">
    <p class='ocr_par' dir='ltr' id='par_1_77' title="bbox 218 4391 1789 4473">
     <span class='ocr_line' id='line_1_77' title="bbox 218 4391 1789 4473; baseline 0.008 -29"><span class='ocrx_word' id='word_1_590' title='bbox 218 4391 316 4445; x_wconf 75' lang='grc' dir='ltr'>τοῦ</span> <span class='ocrx_word' id='word_1_591' title='bbox 363 4393 579 4464; x_wconf 81' lang='grc' dir='ltr'>Ἰσραὴλ</span> <span class='ocrx_word' id='word_1_592' title='bbox 606 4395 771 4449; x_wconf 80' lang='grc' dir='ltr'>ἑαυτά</span> <span class='ocrx_word' id='word_1_593' title='bbox 810 4396 1129 4451; x_wconf 68' lang='grc' dir='ltr'>ἐπιδέδωκεν</span> <span class='ocrx_word' id='word_1_594' title='bbox 1150 4438 1164 4462; x_wconf 88' lang='grc'><strong>,</strong></span> <span class='ocrx_word' id='word_1_595' title='bbox 1200 4400 1401 4471; x_wconf 86' lang='grc' dir='ltr'>ὁμοίως</span> <span class='ocrx_word' id='word_1_596' title='bbox 1431 4402 1565 4473; x_wconf 74' lang='grc' dir='ltr'>αὐτῇ</span> <span class='ocrx_word' id='word_1_597' title='bbox 1602 4401 1789 4456; x_wconf 86' lang='grc' dir='ltr'>πάλιν·</span> 
     </span>
    </p>
   </div>
   <div class='ocr_carea' id='block_1_78' title="bbox 218 4476 1795 4563">
    <p class='ocr_par' dir='ltr' id='par_1_78' title="bbox 218 4476 1795 4563">
     <span class='ocr_line' id='line_1_78' title="bbox 218 4476 1795 4563; baseline 0.006 -27"><span class='ocrx_word' id='word_1_598' title='bbox 218 4476 296 4537; x_wconf 73' lang='grc' dir='ltr'>ὧν</span> <span class='ocrx_word' id='word_1_599' title='bbox 354 4484 517 4537; x_wconf 74' lang='grc' dir='ltr'>ἕνεκα</span> <span class='ocrx_word' id='word_1_600' title='bbox 554 4501 642 4558; x_wconf 91' lang='grc' dir='ltr'><strong>μοι</strong></span> <span class='ocrx_word' id='word_1_601' title='bbox 680 4486 826 4539; x_wconf 80' lang='grc' dir='ltr'>δοκεῖ</span> <span class='ocrx_word' id='word_1_602' title='bbox 869 4488 968 4540; x_wconf 88' lang='grc' dir='ltr'><strong>ούκ</strong></span> <span class='ocrx_word' id='word_1_603' title='bbox 1019 4486 1397 4559; x_wconf 80' lang='grc' dir='ltr'>ἀσυλλόγιστος</span> <span class='ocrx_word' id='word_1_604' title='bbox 1430 4494 1461 4562; x_wconf 91' lang='grc' dir='ltr'><strong>ή</strong></span> <span class='ocrx_word' id='word_1_605' title='bbox 1496 4492 1795 4563; x_wconf 86' lang='grc' dir='ltr'>παράθεσις</span> 
     </span>
    </p>
   </div>
   <div class='ocr_carea' id='block_1_79' title="bbox 217 4574 1795 4654">
    <p class='ocr_par' dir='ltr' id='par_1_79' title="bbox 217 4574 1795 4654">
     <span class='ocr_line' id='line_1_79' title="bbox 217 4574 1795 4654; baseline -0.011 -11"><span class='ocrx_word' id='word_1_606' title='bbox 217 4574 322 4644; x_wconf 79' lang='grc' dir='ltr'><strong>τῆς</strong></span> <span class='ocrx_word' id='word_1_607' title='bbox 368 4574 523 4628; x_wconf 77' lang='grc' dir='ltr'>Ῥοὺθ</span> <span class='ocrx_word' id='word_1_608' title='bbox 552 4578 608 4631; x_wconf 77' lang='grc' dir='ltr'>ὲν</span> <span class='ocrx_word' id='word_1_609' title='bbox 641 4580 706 4649; x_wconf 81' lang='grc' dir='ltr'>τῇ</span> <span class='ocrx_word' id='word_1_610' title='bbox 746 4577 838 4630; x_wconf 78' lang='grc' dir='ltr'>τοῦ</span> <span class='ocrx_word' id='word_1_611' title='bbox 879 4578 1157 4634; x_wconf 88' lang='grc' dir='ltr'>Ματθαίου</span> <span class='ocrx_word' id='word_1_612' title='bbox 1197 4581 1558 4654; x_wconf 79' lang='grc' dir='ltr'>παρειλῆφθαι</span> <span class='ocrx_word' id='word_1_613' title='bbox 1608 4600 1795 4653; x_wconf 81' lang='grc' dir='ltr'>γενεα-</span> 
     </span>
    </p>
   </div>
   <div class='ocr_carea' id='block_1_80' title="bbox 218 4666 403 4735">
    <p class='ocr_par' dir='ltr' id='par_1_80' title="bbox 218 4666 403 4735">
     <span class='ocr_line' id='line_1_80' title="bbox 218 4666 403 4735; baseline 0.005 -19"><span class='ocrx_word' id='word_1_614' title='bbox 218 4666 403 4735; x_wconf 77' lang='grc' dir='ltr'>λογία.</span> 
     </span>
    </p>
   </div>
   <div class='ocr_carea' id='block_1_81' title="bbox 971 4787 1035 4839">
    <p class='ocr_par' dir='ltr' id='par_1_81' title="bbox 971 4787 1035 4839">
     <span class='ocr_line' id='line_1_81' title="bbox 971 4787 1035 4839; baseline -0.031 0"><span class='ocrx_word' id='word_1_615' title='bbox 971 4787 1035 4839; x_wconf 81' lang='lat' dir='ltr'><strong>I&#39;.</strong></span> 
     </span>
    </p>
   </div>
   <div class='ocr_carea' id='block_1_82' title="bbox 217 4893 1790 5024">
    <p class='ocr_par' dir='ltr' id='par_1_82' title="bbox 217 4893 1790 5024">
     <span class='ocr_line' id='line_1_82' title="bbox 217 4893 1790 5024; baseline 0.008 -77"><span class='ocrx_word' id='word_1_616' title='bbox 217 4893 322 4948; x_wconf 80' lang='grc' dir='ltr'><strong>Διὰ</strong></span> <span class='ocrx_word' id='word_1_617' title='bbox 358 4893 419 4948; x_wconf 76' lang='grc' dir='ltr'><strong>τί</strong></span> <span class='ocrx_word' id='word_1_618' title='bbox 444 4893 550 4948; x_wconf 77' lang='grc' dir='ltr'><strong>τὸν</strong></span> <span class='ocrx_word' id='word_1_619' title='bbox 585 4895 847 4967; x_wconf 78' lang='grc' dir='ltr'>Ἰωακείμ</span> <span class='ocrx_word' id='word_1_620' title='bbox 888 4900 1177 5024; x_wconf 32' lang='lat' dir='ltr'><strong>gelantur</strong></span> <span class='ocrx_word' id='word_1_621' title='bbox 1204 4901 1466 4972; x_wconf 78' lang='grc' dir='ltr'>ὀνομάζει</span> <span class='ocrx_word' id='word_1_622' title='bbox 1493 4907 1525 4957; x_wconf 82' lang='grc' dir='ltr'><strong>ό</strong></span> <span class='ocrx_word' id='word_1_623' title='bbox 1549 4906 1790 4975; x_wconf 66' lang='grc' dir='ltr'>εὐαγγε-</span> 
     </span>
     <span class='ocr_line' id='line_1_83' title="bbox 934 4986 1123 5024; baseline 0.016 -3"><span class='ocrx_word' id='word_1_624' title='bbox 934 4986 1123 5024; x_wconf 71' lang='lat' dir='ltr'><strong>torno.</strong></span> 
     </span>
    </p>
   </div>
   <div class='ocr_carea' id='block_1_83' title="bbox 934 4986 1123 5036">
    <p class='ocr_par' dir='ltr' id='par_1_83' title="bbox 934 4986 1123 5036">
     <span class='ocr_line' id='line_1_84' title="bbox 934 4986 1123 5036; baseline 0.021 -15"><span class='ocrx_word' id='word_1_625' title='bbox 934 4986 1123 5036; x_wconf 79' lang='grc' dir='ltr'>ιστιις.</span> 
     </span>
    </p>
   </div>
   <div class='ocr_carea' id='block_1_84' title="bbox 286 5075 1783 5157">
    <p class='ocr_par' dir='ltr' id='par_1_84' title="bbox 286 5075 1783 5157">
     <span class='ocr_line' id='line_1_85' title="bbox 286 5075 1783 5157; baseline 0.006 -29"><span class='ocrx_word' id='word_1_626' title='bbox 286 5084 366 5129; x_wconf 87' lang='grc' dir='ltr'><strong>α’.</strong></span> <span class='ocrx_word' id='word_1_627' title='bbox 402 5076 681 5150; x_wconf 86' lang='grc' dir='ltr'>Διώνυμος</span> <span class='ocrx_word' id='word_1_628' title='bbox 711 5075 861 5145; x_wconf 74' lang='grc' dir='ltr'>οὗτος</span> <span class='ocrx_word' id='word_1_629' title='bbox 887 5076 955 5151; x_wconf 78' lang='grc' dir='ltr'>ἦν</span> <span class='ocrx_word' id='word_1_630' title='bbox 974 5098 987 5111; x_wconf 82' lang='lat'><strong><em>°</em></strong></span> <span class='ocrx_word' id='word_1_631' title='bbox 1013 5081 1125 5134; x_wconf 76' lang='grc' dir='ltr'>ἀλλ’</span> <span class='ocrx_word' id='word_1_632' title='bbox 1150 5083 1271 5135; x_wconf 76' lang='grc' dir='ltr'>ἐπεὶ</span> <span class='ocrx_word' id='word_1_633' title='bbox 1300 5084 1439 5136; x_wconf 83' lang='grc' dir='ltr'><strong>κατά</strong></span> <span class='ocrx_word' id='word_1_634' title='bbox 1461 5085 1549 5138; x_wconf 85' lang='grc' dir='ltr'><strong>τὸν</strong></span> <span class='ocrx_word' id='word_1_635' title='bbox 1573 5088 1783 5157; x_wconf 80' lang='grc' dir='ltr'>προφή-</span> 
     </span>
    </p>
   </div>
   <div class='ocr_carea' id='block_1_85' title="bbox 216 5166 1787 5245">
    <p class='ocr_par' dir='ltr' id='par_1_85' title="bbox 216 5166 1787 5245">
     <span class='ocr_line' id='line_1_86' title="bbox 216 5166 1787 5245; baseline 0.006 -27"><span class='ocrx_word' id='word_1_636' title='bbox 216 5182 313 5236; x_wconf 90' lang='grc' dir='ltr'><strong>την</strong></span> <span class='ocrx_word' id='word_1_637' title='bbox 354 5166 623 5239; x_wconf 82' lang='grc' dir='ltr'>’ῐερεμίαν</span> <span class='ocrx_word' id='word_1_638' title='bbox 665 5169 913 5242; x_wconf 85' lang='grc' dir='ltr'>Ἰεχονίας</span> <span class='ocrx_word' id='word_1_639' title='bbox 946 5172 1264 5243; x_wconf 63' lang='grc' dir='ltr'>ὀνομασθείς</span> <span class='ocrx_word' id='word_1_640' title='bbox 1299 5174 1647 5245; x_wconf 77' lang='grc' dir='ltr'>διακέκληται</span> <span class='ocrx_word' id='word_1_641' title='bbox 1672 5214 1686 5239; x_wconf 76' lang='lat'><strong>,</strong></span> <span class='ocrx_word' id='word_1_642' title='bbox 1718 5175 1787 5228; x_wconf 78' lang='grc' dir='ltr'>δι’</span> 
     </span>
    </p>
   </div>
   <div class='ocr_carea' id='block_1_86' title="bbox 214 5251 1784 5337">
    <p class='ocr_par' dir='ltr' id='par_1_86' title="bbox 214 5251 1784 5337">
     <span class='ocr_line' id='line_1_87' title="bbox 214 5251 1784 5337; baseline 0.007 -28"><span class='ocrx_word' id='word_1_643' title='bbox 214 5251 288 5310; x_wconf 84' lang='grc' dir='ltr'>ὦν</span> <span class='ocrx_word' id='word_1_644' title='bbox 310 5276 496 5329; x_wconf 83' lang='grc' dir='ltr'>φησιν,</span> <span class='ocrx_word' id='word_1_645' title='bbox 527 5279 545 5312; x_wconf 83' lang='grc' dir='ltr'><strong>ι</strong></span> <span class='ocrx_word' id='word_1_646' title='bbox 570 5262 844 5335; x_wconf 87' lang='grc' dir='ltr'>Ἠτιμώθη</span> <span class='ocrx_word' id='word_1_647' title='bbox 877 5265 1127 5337; x_wconf 79' lang='grc' dir='ltr'>Ἰεχονίας</span> <span class='ocrx_word' id='word_1_648' title='bbox 1143 5266 1217 5329; x_wconf 83' lang='grc' dir='ltr'>ὡς</span> <span class='ocrx_word' id='word_1_649' title='bbox 1240 5267 1429 5331; x_wconf 82' lang='grc' dir='ltr'>σκεῦος</span> <span class='ocrx_word' id='word_1_650' title='bbox 1444 5263 1503 5320; x_wconf 68' lang='grc' dir='ltr'>οὗ</span> <span class='ocrx_word' id='word_1_651' title='bbox 1519 5268 1618 5322; x_wconf 84' lang='grc' dir='ltr'><strong>οὐκ</strong></span> <span class='ocrx_word' id='word_1_652' title='bbox 1639 5269 1784 5321; x_wconf 84' lang='grc' dir='ltr'>ἔστιν</span> 
     </span>
    </p>
   </div>
   <div class='ocr_carea' id='block_1_87' title="bbox 216 5350 1787 5429">
    <p class='ocr_par' dir='ltr' id='par_1_87' title="bbox 216 5350 1787 5429">
     <span class='ocr_line' id='line_1_88' title="bbox 216 5350 1787 5429; baseline 0.007 -28"><span class='ocrx_word' id='word_1_653' title='bbox 216 5350 380 5403; x_wconf 71' lang='grc' dir='ltr'>αὑτοῦ</span> <span class='ocrx_word' id='word_1_654' title='bbox 422 5354 613 5421; x_wconf 88' lang='grc' dir='ltr'>χρεία·</span> <span class='ocrx_word' id='word_1_655' title='bbox 654 5354 785 5408; x_wconf 86' lang='grc' dir='ltr'>διότι</span> <span class='ocrx_word' id='word_1_656' title='bbox 824 5356 1099 5429; x_wconf 72' lang='grc' dir='ltr'>ἀπερρίφη</span> <span class='ocrx_word' id='word_1_657' title='bbox 1133 5357 1294 5420; x_wconf 79' lang='grc' dir='ltr'>αὐτὸς</span> <span class='ocrx_word' id='word_1_658' title='bbox 1333 5359 1426 5411; x_wconf 77' lang='grc' dir='ltr'><strong>καὶ</strong></span> <span class='ocrx_word' id='word_1_659' title='bbox 1467 5360 1525 5411; x_wconf 80' lang='grc' dir='ltr'><strong>τὸ</strong></span> <span class='ocrx_word' id='word_1_660' title='bbox 1568 5359 1787 5429; x_wconf 86' lang='grc' dir='ltr'>σπέρμα</span> 
     </span>
    </p>
   </div>
   <div class='ocr_carea' id='block_1_88' title="bbox 214 5443 1785 5522">
    <p class='ocr_par' dir='ltr' id='par_1_88' title="bbox 214 5443 1785 5522">
     <span class='ocr_line' id='line_1_89' title="bbox 214 5443 1785 5522; baseline 0.008 -29"><span class='ocrx_word' id='word_1_661' title='bbox 214 5443 381 5496; x_wconf 74' lang='grc' dir='ltr'>αὑτοῦ</span> <span class='ocrx_word' id='word_1_662' title='bbox 397 5461 408 5473; x_wconf 92' lang='grc'><strong>·</strong></span> <span class='ocrx_word' id='word_1_663' title='bbox 429 5445 522 5516; x_wconf 82' lang='grc' dir='ltr'>γῆ,</span> <span class='ocrx_word' id='word_1_664' title='bbox 548 5447 640 5518; x_wconf 85' lang='grc' dir='ltr'><strong>γῆ,</strong></span> <span class='ocrx_word' id='word_1_665' title='bbox 662 5447 822 5501; x_wconf 81' lang='grc' dir='ltr'>ἄκουε</span> <span class='ocrx_word' id='word_1_666' title='bbox 844 5448 998 5516; x_wconf 89' lang='grc' dir='ltr'>λόγον</span> <span class='ocrx_word' id='word_1_667' title='bbox 1018 5449 1216 5521; x_wconf 85' lang='grc' dir='ltr'>Κυρίου</span> <span class='ocrx_word' id='word_1_668' title='bbox 1238 5468 1250 5480; x_wconf 74' lang='grc'><strong><em>⁸</em></strong></span> <span class='ocrx_word' id='word_1_669' title='bbox 1275 5451 1482 5522; x_wconf 70' lang='grc' dir='ltr'>γράψον</span> <span class='ocrx_word' id='word_1_670' title='bbox 1504 5451 1591 5504; x_wconf 79' lang='grc' dir='ltr'><strong>τὸν</strong></span> <span class='ocrx_word' id='word_1_671' title='bbox 1621 5452 1785 5522; x_wconf 76' lang='grc' dir='ltr'>ἄνδρα</span> 
     </span>
    </p>
   </div>
   <div class='ocr_carea' id='block_1_89' title="bbox 215 5535 1786 5615">
    <p class='ocr_par' dir='ltr' id='par_1_89' title="bbox 215 5535 1786 5615">
     <span class='ocr_line' id='line_1_90' title="bbox 215 5535 1786 5615; baseline 0.009 -32"><span class='ocrx_word' id='word_1_672' title='bbox 215 5535 401 5590; x_wconf 78' lang='grc' dir='ltr'>τοῦτον</span> <span class='ocrx_word' id='word_1_673' title='bbox 424 5539 795 5610; x_wconf 83' lang='grc' dir='ltr'>έκκήρυκτον,</span> <span class='ocrx_word' id='word_1_674' title='bbox 840 5542 922 5594; x_wconf 79' lang='grc' dir='ltr'><strong>ὅτι</strong></span> <span class='ocrx_word' id='word_1_675' title='bbox 949 5542 1010 5594; x_wconf 89' lang='grc' dir='ltr'><strong>ού</strong></span> <span class='ocrx_word' id='word_1_676' title='bbox 1050 5543 1125 5613; x_wconf 81' lang='grc' dir='ltr'>μὴ</span> <span class='ocrx_word' id='word_1_677' title='bbox 1161 5545 1364 5614; x_wconf 84' lang='grc' dir='ltr'>ἀναστῇ</span> <span class='ocrx_word' id='word_1_678' title='bbox 1404 5544 1467 5596; x_wconf 83' lang='grc' dir='ltr'>ὲκ</span> <span class='ocrx_word' id='word_1_679' title='bbox 1499 5543 1587 5596; x_wconf 78' lang='grc' dir='ltr'>τοῦ</span> <span class='ocrx_word' id='word_1_680' title='bbox 1622 5545 1786 5615; x_wconf 82' lang='grc' dir='ltr'>σπέρ-</span> 
     </span>
    </p>
   </div>
   <div class='ocr_carea' id='block_1_90' title="bbox 219 5627 1784 5704">
    <p class='ocr_par' dir='ltr' id='par_1_90' title="bbox 219 5627 1784 5704">
     <span class='ocr_line' id='line_1_91' title="bbox 219 5627 1784 5704; baseline 0.005 -27"><span class='ocrx_word' id='word_1_681' title='bbox 219 5642 385 5691; x_wconf 82' lang='grc' dir='ltr'>ματος</span> <span class='ocrx_word' id='word_1_682' title='bbox 412 5627 577 5681; x_wconf 75' lang='grc' dir='ltr'>αὐτοῦ</span> <span class='ocrx_word' id='word_1_683' title='bbox 602 5628 908 5703; x_wconf 85' lang='grc' dir='ltr'>καθήμενος</span> <span class='ocrx_word' id='word_1_684' title='bbox 934 5632 1026 5684; x_wconf 76' lang='grc' dir='ltr'><strong>ἐπὶ</strong></span> <span class='ocrx_word' id='word_1_685' title='bbox 1060 5632 1247 5703; x_wconf 79' lang='grc' dir='ltr'>θρόνου</span> <span class='ocrx_word' id='word_1_686' title='bbox 1273 5633 1437 5687; x_wconf 77' lang='grc' dir='ltr'>Δαὸὶδ</span> <span class='ocrx_word' id='word_1_687' title='bbox 1455 5674 1469 5696; x_wconf 95' lang='grc'><strong>,</strong></span> <span class='ocrx_word' id='word_1_688' title='bbox 1498 5632 1678 5704; x_wconf 81' lang='grc' dir='ltr'>ἄρχων</span> <span class='ocrx_word' id='word_1_689' title='bbox 1705 5634 1784 5685; x_wconf 83' lang='grc' dir='ltr'>ἔτι</span> 
     </span>
    </p>
   </div>
   <div class='ocr_carea' id='block_1_91' title="bbox 1905 3389 3471 3460">
    <p class='ocr_par' dir='ltr' id='par_1_91' title="bbox 1905 3389 3471 3460">
     <span class='ocr_line' id='line_1_92' title="bbox 1905 3389 3471 3460; baseline 0.003 -20"><span class='ocrx_word' id='word_1_690' title='bbox 1905 3393 2087 3442; x_wconf 82' lang='lat' dir='ltr'><strong>autem</strong></span> <span class='ocrx_word' id='word_1_691' title='bbox 2114 3402 2224 3442; x_wconf 90' lang='lat' dir='ltr'><strong>non</strong></span> <span class='ocrx_word' id='word_1_692' title='bbox 2257 3389 2534 3445; x_wconf 88' lang='lat' dir='ltr'><strong>decuisset</strong></span> <span class='ocrx_word' id='word_1_693' title='bbox 2564 3389 2933 3460; x_wconf 86' lang='lat' dir='ltr'><strong>genealogiam</strong></span> <span class='ocrx_word' id='word_1_694' title='bbox 2958 3390 3267 3447; x_wconf 76' lang='lat' dir='ltr'><strong>servatoris</strong></span> <span class='ocrx_word' id='word_1_695' title='bbox 3295 3395 3471 3448; x_wconf 89' lang='lat' dir='ltr'><strong>nostri</strong></span> 
     </span>
    </p>
   </div>
   <div class='ocr_carea' id='block_1_92' title="bbox 1901 3472 3473 3551">
    <p class='ocr_par' dir='ltr' id='par_1_92' title="bbox 1901 3472 3473 3551">
     <span class='ocr_line' id='line_1_93' title="bbox 1901 3472 3473 3551; baseline 0.006 -24"><span class='ocrx_word' id='word_1_696' title='bbox 1901 3472 2032 3531; x_wconf 86' lang='lat' dir='ltr'><strong>Jesu</strong></span> <span class='ocrx_word' id='word_1_697' title='bbox 2077 3477 2283 3534; x_wconf 84' lang='lat' dir='ltr'><strong>Christi</strong></span> <span class='ocrx_word' id='word_1_698' title='bbox 2327 3480 2534 3535; x_wconf 90' lang='lat' dir='ltr'><strong>mentio</strong></span> <span class='ocrx_word' id='word_1_699' title='bbox 2586 3479 2823 3535; x_wconf 82' lang='lat' dir='ltr'><strong>Rutbae?</strong></span> <span class='ocrx_word' id='word_1_700' title='bbox 2856 3480 2926 3536; x_wconf 87' lang='lat' dir='ltr'><strong>de</strong></span> <span class='ocrx_word' id='word_1_701' title='bbox 2975 3496 3082 3551; x_wconf 86' lang='lat' dir='ltr'><strong>qua</strong></span> <span class='ocrx_word' id='word_1_702' title='bbox 3114 3490 3169 3537; x_wconf 93' lang='lat' dir='ltr'><strong>et</strong></span> <span class='ocrx_word' id='word_1_703' title='bbox 3204 3482 3337 3537; x_wconf 90' lang='lat' dir='ltr'><strong>illud</strong></span> <span class='ocrx_word' id='word_1_704' title='bbox 3388 3482 3473 3537; x_wconf 91' lang='lat' dir='ltr'><strong>di-</strong></span> 
     </span>
    </p>
   </div>
   <div class='ocr_carea' id='block_1_93' title="bbox 1902 3567 3470 3645">
    <p class='ocr_par' dir='ltr' id='par_1_93' title="bbox 1902 3567 3470 3645">
     <span class='ocr_line' id='line_1_94' title="bbox 1902 3567 3470 3645; baseline 0.006 -24"><span class='ocrx_word' id='word_1_705' title='bbox 1902 3574 2050 3621; x_wconf 87' lang='lat' dir='ltr'><strong>ctum</strong></span> <span class='ocrx_word' id='word_1_706' title='bbox 2104 3567 2209 3623; x_wconf 83' lang='lat' dir='ltr'><strong>fuit</strong></span> <span class='ocrx_word' id='word_1_707' title='bbox 2256 3587 2276 3622; x_wconf 81' lang='grc' dir='ltr'><strong>ι</strong></span> <span class='ocrx_word' id='word_1_708' title='bbox 2313 3569 2498 3626; x_wconf 82' lang='lat' dir='ltr'><strong>facere</strong></span> <span class='ocrx_word' id='word_1_709' title='bbox 2544 3572 2805 3627; x_wconf 78' lang='lat' dir='ltr'><strong>virtutem</strong></span> <span class='ocrx_word' id='word_1_710' title='bbox 2866 3575 2923 3628; x_wconf 90' lang='lat' dir='ltr'><strong>in</strong></span> <span class='ocrx_word' id='word_1_711' title='bbox 2984 3574 3259 3645; x_wconf 86' lang='lat' dir='ltr'><strong>Ephratha</strong></span> <span class='ocrx_word' id='word_1_712' title='bbox 3288 3614 3303 3638; x_wconf 91' lang='lat'><strong>,</strong></span> <span class='ocrx_word' id='word_1_713' title='bbox 3365 3578 3470 3631; x_wconf 84' lang='lat' dir='ltr'><strong>erit</strong></span> 
     </span>
    </p>
   </div>
   <div class='ocr_carea' id='block_1_94' title="bbox 1902 3658 3471 3734">
    <p class='ocr_par' dir='ltr' id='par_1_94' title="bbox 1902 3658 3471 3734">
     <span class='ocr_line' id='line_1_95' title="bbox 1902 3658 3471 3734; baseline 0.007 -23"><span class='ocrx_word' id='word_1_714' title='bbox 1902 3671 2099 3714; x_wconf 90' lang='lat' dir='ltr'><strong>nomen</strong></span> <span class='ocrx_word' id='word_1_715' title='bbox 2128 3659 2182 3714; x_wconf 89' lang='lat' dir='ltr'><strong>in</strong></span> <span class='ocrx_word' id='word_1_716' title='bbox 2200 3658 2511 3716; x_wconf 87' lang='lat' dir='ltr'><strong>Bethlehem</strong></span> <span class='ocrx_word' id='word_1_717' title='bbox 2530 3662 2650 3717; x_wconf 74' lang='grc'><strong>⁵⁷⁸.»</strong></span> <span class='ocrx_word' id='word_1_718' title='bbox 2684 3661 3006 3734; x_wconf 87' lang='lat' dir='ltr'><strong>Prophetias</strong></span> <span class='ocrx_word' id='word_1_719' title='bbox 3037 3667 3179 3719; x_wconf 90' lang='lat' dir='ltr'><strong>enim</strong></span> <span class='ocrx_word' id='word_1_720' title='bbox 3221 3681 3343 3721; x_wconf 89' lang='lat' dir='ltr'><strong>esse</strong></span> <span class='ocrx_word' id='word_1_721' title='bbox 3371 3667 3471 3723; x_wconf 86' lang='lat' dir='ltr'><strong>has</strong></span> 
     </span>
    </p>
   </div>
   <div class='ocr_carea' id='block_1_95' title="bbox 1901 3752 3470 3826">
    <p class='ocr_par' dir='ltr' id='par_1_95' title="bbox 1901 3752 3470 3826">
     <span class='ocr_line' id='line_1_96' title="bbox 1901 3752 3470 3826; baseline 0.008 -22"><span class='ocrx_word' id='word_1_722' title='bbox 1901 3752 2219 3822; x_wconf 85' lang='lat' dir='ltr'><strong>perspicuas</strong></span> <span class='ocrx_word' id='word_1_723' title='bbox 2250 3754 2529 3826; x_wconf 89' lang='lat' dir='ltr'><strong>quispiam</strong></span> <span class='ocrx_word' id='word_1_724' title='bbox 2558 3756 2736 3826; x_wconf 88' lang='lat' dir='ltr'><strong>dicet;</strong></span> <span class='ocrx_word' id='word_1_725' title='bbox 2768 3758 3020 3815; x_wconf 89' lang='lat' dir='ltr'><strong>videlicet</strong></span> <span class='ocrx_word' id='word_1_726' title='bbox 3052 3776 3083 3815; x_wconf 95' lang='lat' dir='ltr'><strong>e</strong></span> <span class='ocrx_word' id='word_1_727' title='bbox 3119 3759 3470 3816; x_wconf 87' lang='lat' dir='ltr'><strong>Bethlehemo</strong></span> 
     </span>
    </p>
   </div>
   <div class='ocr_carea' id='block_1_96' title="bbox 1900 3843 3469 3922">
    <p class='ocr_par' dir='ltr' id='par_1_96' title="bbox 1900 3843 3469 3922">
     <span class='ocr_line' id='line_1_97' title="bbox 1900 3843 3469 3922; baseline 0.005 -26"><span class='ocrx_word' id='word_1_728' title='bbox 1900 3857 2098 3899; x_wconf 89' lang='lat' dir='ltr'><strong>nomen</strong></span> <span class='ocrx_word' id='word_1_729' title='bbox 2127 3843 2332 3902; x_wconf 88' lang='lat' dir='ltr'><strong>Christi</strong></span> <span class='ocrx_word' id='word_1_730' title='bbox 2353 3845 2506 3912; x_wconf 83' lang='lat' dir='ltr'><strong>Jesu,</strong></span> <span class='ocrx_word' id='word_1_731' title='bbox 2536 3848 2697 3918; x_wconf 85' lang='lat' dir='ltr'><strong>cujus</strong></span> <span class='ocrx_word' id='word_1_732' title='bbox 2712 3852 3081 3922; x_wconf 84' lang='lat' dir='ltr'><strong>genealogiam</strong></span> <span class='ocrx_word' id='word_1_733' title='bbox 3120 3852 3294 3908; x_wconf 79' lang='lat' dir='ltr'><strong>texuit</strong></span> <span class='ocrx_word' id='word_1_734' title='bbox 3330 3851 3469 3905; x_wconf 76' lang='lat' dir='ltr'><strong>Mat-</strong></span> 
     </span>
    </p>
   </div>
   <div class='ocr_carea' id='block_1_97' title="bbox 1901 3933 3467 4011">
    <p class='ocr_par' dir='ltr' id='par_1_97' title="bbox 1901 3933 3467 4011">
     <span class='ocr_line' id='line_1_98' title="bbox 1901 3933 3467 4011; baseline 0.005 -24"><span class='ocrx_word' id='word_1_735' title='bbox 1901 3933 2094 4001; x_wconf 65' lang='lat' dir='ltr'><strong>tba&#39;eus,</strong></span> <span class='ocrx_word' id='word_1_736' title='bbox 2125 3951 2222 4006; x_wconf 89' lang='lat' dir='ltr'><strong>per</strong></span> <span class='ocrx_word' id='word_1_737' title='bbox 2251 3940 2539 3995; x_wconf 87' lang='lat' dir='ltr'><strong>universas</strong></span> <span class='ocrx_word' id='word_1_738' title='bbox 2570 3951 2758 4011; x_wconf 87' lang='lat' dir='ltr'><strong>gentes</strong></span> <span class='ocrx_word' id='word_1_739' title='bbox 2787 3940 3045 3997; x_wconf 74' lang='lat' dir='ltr'><strong>diffusum</strong></span> <span class='ocrx_word' id='word_1_740' title='bbox 3078 3957 3332 4007; x_wconf 86' lang='lat' dir='ltr'><strong>cernens,</strong></span> <span class='ocrx_word' id='word_1_741' title='bbox 3358 3943 3467 3996; x_wconf 75' lang='lat' dir='ltr'><strong>vir—</strong></span> 
     </span>
    </p>
   </div>
   <div class='ocr_carea' id='block_1_98' title="bbox 1901 4029 3436 4105">
    <p class='ocr_par' dir='ltr' id='par_1_98' title="bbox 1901 4029 3436 4105">
     <span class='ocr_line' id='line_1_99' title="bbox 1901 4029 3436 4105; baseline 0.004 -25"><span class='ocrx_word' id='word_1_742' title='bbox 1901 4035 2181 4099; x_wconf 91' lang='lat' dir='ltr'><strong>tutemque</strong></span> <span class='ocrx_word' id='word_1_743' title='bbox 2206 4030 2262 4084; x_wconf 87' lang='lat' dir='ltr'><strong>in</strong></span> <span class='ocrx_word' id='word_1_744' title='bbox 2296 4029 2574 4102; x_wconf 89' lang='lat' dir='ltr'><strong>Ephratha</strong></span> <span class='ocrx_word' id='word_1_745' title='bbox 2609 4040 2875 4104; x_wconf 88' lang='lat' dir='ltr'><strong>patratam</strong></span> <span class='ocrx_word' id='word_1_746' title='bbox 2914 4054 2926 4089; x_wconf 93' lang='lat'><strong>:</strong></span> <span class='ocrx_word' id='word_1_747' title='bbox 2964 4035 3035 4091; x_wconf 93' lang='lat' dir='ltr'><strong>ob</strong></span> <span class='ocrx_word' id='word_1_748' title='bbox 3077 4051 3241 4105; x_wconf 86' lang='lat' dir='ltr'><strong>quam</strong></span> <span class='ocrx_word' id='word_1_749' title='bbox 3286 4036 3436 4090; x_wconf 89' lang='lat' dir='ltr'><strong>virtu</strong></span> 
     </span>
    </p>
   </div>
   <div class='ocr_carea' id='block_1_99' title="bbox 1901 4124 3467 4197">
    <p class='ocr_par' dir='ltr' id='par_1_99' title="bbox 1901 4124 3467 4197">
     <span class='ocr_line' id='line_1_100' title="bbox 1901 4124 3467 4197; baseline 0.007 -27"><span class='ocrx_word' id='word_1_750' title='bbox 1901 4126 2007 4171; x_wconf 69' lang='lat' dir='ltr'><strong>tem</strong></span> <span class='ocrx_word' id='word_1_751' title='bbox 2038 4136 2229 4177; x_wconf 88' lang='lat' dir='ltr'><strong>omnes</strong></span> <span class='ocrx_word' id='word_1_752' title='bbox 2264 4133 2453 4193; x_wconf 89' lang='lat' dir='ltr'><strong>gentes</strong></span> <span class='ocrx_word' id='word_1_753' title='bbox 2493 4124 2773 4181; x_wconf 86' lang='lat' dir='ltr'><strong>Christum</strong></span> <span class='ocrx_word' id='word_1_754' title='bbox 2820 4124 2916 4180; x_wconf 87' lang='lat' dir='ltr'><strong>Dei</strong></span> <span class='ocrx_word' id='word_1_755' title='bbox 2955 4140 2985 4178; x_wconf 90' lang='lat' dir='ltr'><strong>a</strong></span> <span class='ocrx_word' id='word_1_756' title='bbox 3025 4124 3220 4181; x_wconf 72' lang='lat' dir='ltr'><strong>Rutba:</strong></span> <span class='ocrx_word' id='word_1_757' title='bbox 3270 4142 3467 4197; x_wconf 83' lang='lat' dir='ltr'><strong>genere</strong></span> 
     </span>
    </p>
   </div>
   <div class='ocr_carea' id='block_1_100' title="bbox 1898 4208 3465 4285">
    <p class='ocr_par' dir='ltr' id='par_1_100' title="bbox 1898 4208 3465 4285">
     <span class='ocr_line' id='line_1_101' title="bbox 1898 4208 3465 4285; baseline 0.004 -24"><span class='ocrx_word' id='word_1_758' title='bbox 1898 4208 2191 4265; x_wconf 89' lang='lat' dir='ltr'><strong>deductum</strong></span> <span class='ocrx_word' id='word_1_759' title='bbox 2217 4221 2595 4283; x_wconf 85' lang='lat' dir='ltr'><strong>agnoscentes,</strong></span> <span class='ocrx_word' id='word_1_760' title='bbox 2613 4214 2857 4285; x_wconf 89' lang='lat' dir='ltr'><strong>ejusdem</strong></span> <span class='ocrx_word' id='word_1_761' title='bbox 2881 4230 3045 4271; x_wconf 87' lang='lat' dir='ltr'><strong>causa</strong></span> <span class='ocrx_word' id='word_1_762' title='bbox 3068 4231 3097 4268; x_wconf 86' lang='lat' dir='ltr'><strong>a</strong></span> <span class='ocrx_word' id='word_1_763' title='bbox 3124 4216 3316 4285; x_wconf 88' lang='lat' dir='ltr'><strong>patriis</strong></span> <span class='ocrx_word' id='word_1_764' title='bbox 3346 4217 3465 4269; x_wconf 88' lang='lat' dir='ltr'><strong>riti-</strong></span> 
     </span>
    </p>
   </div>
   <div class='ocr_carea' id='block_1_101' title="bbox 1896 4302 3465 4377">
    <p class='ocr_par' dir='ltr' id='par_1_101' title="bbox 1896 4302 3465 4377">
     <span class='ocr_line' id='line_1_102' title="bbox 1896 4302 3465 4377; baseline 0.004 -22"><span class='ocrx_word' id='word_1_765' title='bbox 1896 4302 2000 4356; x_wconf 88' lang='lat' dir='ltr'><strong>bus</strong></span> <span class='ocrx_word' id='word_1_766' title='bbox 2027 4318 2180 4373; x_wconf 74' lang='lat' dir='ltr'><strong>aeque</strong></span> <span class='ocrx_word' id='word_1_767' title='bbox 2218 4319 2282 4360; x_wconf 88' lang='lat' dir='ltr'><strong>ac</strong></span> <span class='ocrx_word' id='word_1_768' title='bbox 2312 4304 2493 4361; x_wconf 79' lang='lat' dir='ltr'><strong>Rutba</strong></span> <span class='ocrx_word' id='word_1_769' title='bbox 2518 4316 2888 4370; x_wconf 86' lang='lat' dir='ltr'><strong>recesserunt,</strong></span> <span class='ocrx_word' id='word_1_770' title='bbox 2929 4322 3097 4377; x_wconf 86' lang='lat' dir='ltr'><strong>seque</strong></span> <span class='ocrx_word' id='word_1_771' title='bbox 3146 4306 3255 4361; x_wconf 88' lang='lat' dir='ltr'><strong>Deo</strong></span> <span class='ocrx_word' id='word_1_772' title='bbox 3292 4306 3465 4362; x_wconf 85' lang='lat' dir='ltr'><strong>Israc-</strong></span> 
     </span>
    </p>
   </div>
   <div class='ocr_carea' id='block_1_102' title="bbox 1900 4391 3463 4463">
    <p class='ocr_par' dir='ltr' id='par_1_102' title="bbox 1900 4391 3463 4463">
     <span class='ocr_line' id='line_1_103' title="bbox 1900 4391 3463 4463; baseline 0.004 -19"><span class='ocrx_word' id='word_1_773' title='bbox 1900 4391 1989 4457; x_wconf 90' lang='lat' dir='ltr'><strong>lis,</strong></span> <span class='ocrx_word' id='word_1_774' title='bbox 2029 4393 2159 4449; x_wconf 89' lang='lat' dir='ltr'><strong>item</strong></span> <span class='ocrx_word' id='word_1_775' title='bbox 2205 4403 2263 4447; x_wconf 91' lang='lat' dir='ltr'><strong>ut</strong></span> <span class='ocrx_word' id='word_1_776' title='bbox 2302 4394 2416 4462; x_wconf 86' lang='lat' dir='ltr'><strong>illa,</strong></span> <span class='ocrx_word' id='word_1_777' title='bbox 2448 4396 2809 4452; x_wconf 89' lang='lat' dir='ltr'><strong>tradiderunt.</strong></span> <span class='ocrx_word' id='word_1_778' title='bbox 2857 4397 3006 4463; x_wconf 85' lang='lat' dir='ltr'><strong>Quas</strong></span> <span class='ocrx_word' id='word_1_779' title='bbox 3054 4398 3123 4451; x_wconf 95' lang='lat' dir='ltr'><strong>ob</strong></span> <span class='ocrx_word' id='word_1_780' title='bbox 3171 4412 3258 4452; x_wconf 86' lang='lat' dir='ltr'><strong>res</strong></span> <span class='ocrx_word' id='word_1_781' title='bbox 3316 4396 3463 4450; x_wconf 85' lang='lat' dir='ltr'><strong>haud</strong></span> 
     </span>
    </p>
   </div>
   <div class='ocr_carea' id='block_1_103' title="bbox 1899 4486 3464 4562">
    <p class='ocr_par' dir='ltr' id='par_1_103' title="bbox 1899 4486 3464 4562">
     <span class='ocr_line' id='line_1_104' title="bbox 1899 4486 3464 4562; baseline 0.004 -25"><span class='ocrx_word' id='word_1_782' title='bbox 1899 4495 2102 4541; x_wconf 89' lang='lat' dir='ltr'><strong>temere</strong></span> <span class='ocrx_word' id='word_1_783' title='bbox 2131 4486 2266 4541; x_wconf 91' lang='lat' dir='ltr'><strong>mibi</strong></span> <span class='ocrx_word' id='word_1_784' title='bbox 2292 4487 2505 4544; x_wconf 88' lang='lat' dir='ltr'><strong>videtur</strong></span> <span class='ocrx_word' id='word_1_785' title='bbox 2534 4488 2601 4543; x_wconf 90' lang='lat' dir='ltr'><strong>ad</strong></span> <span class='ocrx_word' id='word_1_786' title='bbox 2634 4488 2838 4546; x_wconf 84' lang='lat' dir='ltr'><strong>Christi</strong></span> <span class='ocrx_word' id='word_1_787' title='bbox 2862 4489 3230 4562; x_wconf 88' lang='lat' dir='ltr'><strong>genealogiam</strong></span> <span class='ocrx_word' id='word_1_788' title='bbox 3258 4490 3464 4544; x_wconf 80' lang='lat' dir='ltr'><strong>mentio</strong></span> 
     </span>
    </p>
   </div>
   <div class='ocr_carea' id='block_1_104' title="bbox 1901 4573 2345 4648">
    <p class='ocr_par' dir='ltr' id='par_1_104' title="bbox 1901 4573 2345 4648">
     <span class='ocr_line' id='line_1_105' title="bbox 1901 4573 2345 4648; baseline 0.018 -21"><span class='ocrx_word' id='word_1_789' title='bbox 1901 4573 2092 4632; x_wconf 70' lang='lat' dir='ltr'><strong>Ruthae</strong></span> <span class='ocrx_word' id='word_1_790' title='bbox 2112 4577 2345 4648; x_wconf 88' lang='lat' dir='ltr'><strong>adjecta.</strong></span> 
     </span>
    </p>
   </div>
   <div class='ocr_carea' id='block_1_105' title="bbox 2641 4781 2708 4836">
    <p class='ocr_par' dir='ltr' id='par_1_105' title="bbox 2641 4781 2708 4836">
     <span class='ocr_line' id='line_1_106' title="bbox 2641 4781 2708 4836; baseline 0 0"><span class='ocrx_word' id='word_1_791' title='bbox 2641 4781 2708 4836; x_wconf 78' lang='grc' dir='ltr'><strong>Χ.</strong></span> 
     </span>
    </p>
   </div>
   <div class='ocr_carea' id='block_1_106' title="bbox 1893 4894 3458 5020">
    <p class='ocr_par' dir='ltr' id='par_1_106' title="bbox 1893 4894 3458 5020">
     <span class='ocr_line' id='line_1_107' title="bbox 1893 4894 3458 5020; baseline -0.001 -70"><span class='ocrx_word' id='word_1_792' title='bbox 1893 4894 2002 4950; x_wconf 85' lang='lat' dir='ltr'><strong>Cur</strong></span> <span class='ocrx_word' id='word_1_793' title='bbox 2042 4894 2343 4951; x_wconf 81' lang='lat' dir='ltr'><strong>loacimum</strong></span> <span class='ocrx_word' id='word_1_794' title='bbox 2381 4898 2586 4949; x_wconf 81' lang='lat' dir='ltr'><strong>nomine</strong></span> <span class='ocrx_word' id='word_1_795' title='bbox 2623 4896 2891 5020; x_wconf 55' lang='lat' dir='ltr'><strong>2(ec/tom&#39;cz</strong></span> <span class='ocrx_word' id='word_1_796' title='bbox 2936 4897 3274 4967; x_wconf 78' lang='lat' dir='ltr'><strong>appellaverit</strong></span> <span class='ocrx_word' id='word_1_797' title='bbox 3304 4913 3458 4951; x_wconf 79' lang='lat' dir='ltr'><strong>evan-</strong></span> 
     </span>
     <span class='ocr_line' id='line_1_108' title="bbox 2564 4978 2770 5020; baseline 0 0"><span class='ocrx_word' id='word_1_798' title='bbox 2564 4984 2621 5020; x_wconf 79' lang='grc' dir='ltr'><strong>σε</strong></span> <span class='ocrx_word' id='word_1_799' title='bbox 2646 4978 2770 5020; x_wconf 70' lang='lat' dir='ltr'><strong>ista.</strong></span> 
     </span>
    </p>
   </div>
   <div class='ocr_carea' id='block_1_107' title="bbox 2563 4978 2770 5037">
    <p class='ocr_par' dir='ltr' id='par_1_107' title="bbox 2563 4978 2770 5037">
     <span class='ocr_line' id='line_1_109' title="bbox 2563 4978 2770 5037; baseline 0.01 -17"><span class='ocrx_word' id='word_1_800' title='bbox 2563 4978 2770 5037; x_wconf 79' lang='lat' dir='ltr'><strong>geltsta.</strong></span> 
     </span>
    </p>
   </div>
   <div class='ocr_carea' id='block_1_108' title="bbox 1960 5076 3458 5150">
    <p class='ocr_par' dir='ltr' id='par_1_108' title="bbox 1960 5076 3458 5150">
     <span class='ocr_line' id='line_1_110' title="bbox 1960 5076 3458 5150; baseline 0 -18"><span class='ocrx_word' id='word_1_801' title='bbox 1960 5081 2011 5134; x_wconf 75' lang='lat' dir='ltr'><strong>l.</strong></span> <span class='ocrx_word' id='word_1_802' title='bbox 2057 5079 2352 5135; x_wconf 89' lang='lat' dir='ltr'><strong>Binominis</strong></span> <span class='ocrx_word' id='word_1_803' title='bbox 2382 5080 2470 5133; x_wconf 90' lang='lat' dir='ltr'><strong>hic</strong></span> <span class='ocrx_word' id='word_1_804' title='bbox 2491 5080 2623 5134; x_wconf 84' lang='lat' dir='ltr'><strong>erat.</strong></span> <span class='ocrx_word' id='word_1_805' title='bbox 2693 5079 2799 5135; x_wconf 78' lang='lat' dir='ltr'><strong>Sed</strong></span> <span class='ocrx_word' id='word_1_806' title='bbox 2830 5080 3085 5150; x_wconf 90' lang='lat' dir='ltr'><strong>quoniam</strong></span> <span class='ocrx_word' id='word_1_807' title='bbox 3133 5078 3272 5147; x_wconf 89' lang='lat' dir='ltr'><strong>apud</strong></span> <span class='ocrx_word' id='word_1_808' title='bbox 3306 5076 3458 5134; x_wconf 79' lang='lat' dir='ltr'><strong>Jere—</strong></span> 
     </span>
    </p>
   </div>
   <div class='ocr_carea' id='block_1_109' title="bbox 1888 5170 3459 5242">
    <p class='ocr_par' dir='ltr' id='par_1_109' title="bbox 1888 5170 3459 5242">
     <span class='ocr_line' id='line_1_111' title="bbox 1888 5170 3459 5242; baseline 0.001 -20"><span class='ocrx_word' id='word_1_809' title='bbox 1888 5170 2053 5223; x_wconf 88' lang='lat' dir='ltr'><strong>miam</strong></span> <span class='ocrx_word' id='word_1_810' title='bbox 2083 5170 2402 5239; x_wconf 86' lang='lat' dir='ltr'><strong>prophetam</strong></span> <span class='ocrx_word' id='word_1_811' title='bbox 2430 5172 2497 5233; x_wconf 86' lang='lat' dir='ltr'><strong>is,</strong></span> <span class='ocrx_word' id='word_1_812' title='bbox 2543 5188 2633 5242; x_wconf 85' lang='lat' dir='ltr'><strong>qul</strong></span> <span class='ocrx_word' id='word_1_813' title='bbox 2665 5173 2956 5227; x_wconf 76' lang='lat' dir='ltr'><strong>Jechonias</strong></span> <span class='ocrx_word' id='word_1_814' title='bbox 2984 5171 3284 5240; x_wconf 83' lang='lat' dir='ltr'><strong>appellatur</strong></span> <span class='ocrx_word' id='word_1_815' title='bbox 3304 5210 3317 5229; x_wconf 88' lang='lat'><strong>,</strong></span> <span class='ocrx_word' id='word_1_816' title='bbox 3346 5186 3459 5230; x_wconf 82' lang='lat' dir='ltr'><strong>ma-</strong></span> 
     </span>
    </p>
   </div>
   <div class='ocr_carea' id='block_1_110' title="bbox 1888 5258 3459 5331">
    <p class='ocr_par' dir='ltr' id='par_1_110' title="bbox 1888 5258 3459 5331">
     <span class='ocr_line' id='line_1_112' title="bbox 1888 5258 3459 5331; baseline -0.001 -16"><span class='ocrx_word' id='word_1_817' title='bbox 1888 5261 2085 5315; x_wconf 90' lang='lat' dir='ltr'><strong>ledicto</strong></span> <span class='ocrx_word' id='word_1_818' title='bbox 2116 5260 2389 5331; x_wconf 76' lang='lat' dir='ltr'><strong>appetitur</strong></span> <span class='ocrx_word' id='word_1_819' title='bbox 2416 5262 2502 5314; x_wconf 85' lang='lat' dir='ltr'><strong>his</strong></span> <span class='ocrx_word' id='word_1_820' title='bbox 2531 5262 2711 5316; x_wconf 88' lang='lat' dir='ltr'><strong>verbis</strong></span> <span class='ocrx_word' id='word_1_821' title='bbox 2750 5281 2764 5315; x_wconf 91' lang='lat'>:</span> <span class='ocrx_word' id='word_1_822' title='bbox 2804 5281 2820 5312; x_wconf 75' lang='grc' dir='ltr'><strong>ι</strong></span> <span class='ocrx_word' id='word_1_823' title='bbox 2844 5260 3102 5315; x_wconf 89' lang='lat' dir='ltr'><strong>Ludibrio</strong></span> <span class='ocrx_word' id='word_1_824' title='bbox 3129 5258 3346 5314; x_wconf 87' lang='lat' dir='ltr'><strong>habitus</strong></span> <span class='ocrx_word' id='word_1_825' title='bbox 3375 5267 3459 5314; x_wconf 85' lang='lat' dir='ltr'><strong>est</strong></span> 
     </span>
    </p>
   </div>
   <div class='ocr_carea' id='block_1_111' title="bbox 1888 5349 3457 5421">
    <p class='ocr_par' dir='ltr' id='par_1_111' title="bbox 1888 5349 3457 5421">
     <span class='ocr_line' id='line_1_113' title="bbox 1888 5349 3457 5421; baseline -0.004 -13"><span class='ocrx_word' id='word_1_826' title='bbox 1888 5353 2180 5408; x_wconf 87' lang='lat' dir='ltr'><strong>Jechonias</strong></span> <span class='ocrx_word' id='word_1_827' title='bbox 2204 5360 2461 5421; x_wconf 88' lang='lat' dir='ltr'><strong>tanquam</strong></span> <span class='ocrx_word' id='word_1_828' title='bbox 2494 5368 2590 5408; x_wconf 83' lang='lat' dir='ltr'><strong>vas</strong></span> <span class='ocrx_word' id='word_1_829' title='bbox 2620 5352 2779 5420; x_wconf 90' lang='lat' dir='ltr'><strong>cujus</strong></span> <span class='ocrx_word' id='word_1_830' title='bbox 2810 5368 2916 5407; x_wconf 92' lang='lat' dir='ltr'><strong>non</strong></span> <span class='ocrx_word' id='word_1_831' title='bbox 2953 5360 3036 5407; x_wconf 90' lang='lat' dir='ltr'><strong>est</strong></span> <span class='ocrx_word' id='word_1_832' title='bbox 3073 5366 3226 5405; x_wconf 90' lang='lat' dir='ltr'><strong>usus.</strong></span> <span class='ocrx_word' id='word_1_833' title='bbox 3254 5349 3457 5417; x_wconf 86' lang='lat' dir='ltr'><strong>Quam-</strong></span> 
     </span>
    </p>
   </div>
   <div class='ocr_carea' id='block_1_112' title="bbox 1888 5445 3455 5515">
    <p class='ocr_par' dir='ltr' id='par_1_112' title="bbox 1888 5445 3455 5515">
     <span class='ocr_line' id='line_1_114' title="bbox 1888 5445 3455 5515; baseline -0.004 -14"><span class='ocrx_word' id='word_1_834' title='bbox 1888 5448 2075 5502; x_wconf 85' lang='lat' dir='ltr'><strong>obrem</strong></span> <span class='ocrx_word' id='word_1_835' title='bbox 2100 5445 2346 5514; x_wconf 90' lang='lat' dir='ltr'><strong>abjectus</strong></span> <span class='ocrx_word' id='word_1_836' title='bbox 2376 5452 2459 5499; x_wconf 92' lang='lat' dir='ltr'><strong>est</strong></span> <span class='ocrx_word' id='word_1_837' title='bbox 2490 5446 2605 5515; x_wconf 86' lang='lat' dir='ltr'><strong>ipse</strong></span> <span class='ocrx_word' id='word_1_838' title='bbox 2637 5454 2689 5499; x_wconf 91' lang='lat' dir='ltr'><strong>et</strong></span> <span class='ocrx_word' id='word_1_839' title='bbox 2715 5461 2885 5513; x_wconf 88' lang='lat' dir='ltr'><strong>genus</strong></span> <span class='ocrx_word' id='word_1_840' title='bbox 2912 5445 3062 5514; x_wconf 85' lang='lat' dir='ltr'><strong>ejus;</strong></span> <span class='ocrx_word' id='word_1_841' title='bbox 3100 5452 3262 5506; x_wconf 83' lang='lat' dir='ltr'><strong>terra,</strong></span> <span class='ocrx_word' id='word_1_842' title='bbox 3287 5452 3455 5504; x_wconf 80' lang='lat' dir='ltr'><strong>terra,</strong></span> 
     </span>
    </p>
   </div>
   <div class='ocr_carea' id='block_1_113' title="bbox 1888 5537 3456 5608">
    <p class='ocr_par' dir='ltr' id='par_1_113' title="bbox 1888 5537 3456 5608">
     <span class='ocr_line' id='line_1_115' title="bbox 1888 5537 3456 5608; baseline -0.004 -15"><span class='ocrx_word' id='word_1_843' title='bbox 1888 5540 2013 5593; x_wconf 87' lang='lat' dir='ltr'><strong>audi</strong></span> <span class='ocrx_word' id='word_1_844' title='bbox 2047 5554 2351 5595; x_wconf 85' lang='lat' dir='ltr'><strong>sermonem</strong></span> <span class='ocrx_word' id='word_1_845' title='bbox 2385 5537 2598 5593; x_wconf 88' lang='lat' dir='ltr'><strong>Domini</strong></span> <span class='ocrx_word' id='word_1_846' title='bbox 2635 5557 2647 5592; x_wconf 89' lang='lat'><strong>:</strong></span> <span class='ocrx_word' id='word_1_847' title='bbox 2679 5539 2825 5593; x_wconf 87' lang='lat' dir='ltr'><strong>Pone</strong></span> <span class='ocrx_word' id='word_1_848' title='bbox 2855 5538 2997 5592; x_wconf 87' lang='lat' dir='ltr'><strong>hunc</strong></span> <span class='ocrx_word' id='word_1_849' title='bbox 3018 5538 3193 5593; x_wconf 88' lang='lat' dir='ltr'><strong>virum</strong></span> <span class='ocrx_word' id='word_1_850' title='bbox 3220 5537 3456 5608; x_wconf 81' lang='lat' dir='ltr'><strong>proscri-</strong></span> 
     </span>
    </p>
   </div>
   <div class='ocr_carea' id='block_1_114' title="bbox 1890 5630 3455 5702">
    <p class='ocr_par' dir='ltr' id='par_1_114' title="bbox 1890 5630 3455 5702">
     <span class='ocr_line' id='line_1_116' title="bbox 1890 5630 3455 5702; baseline 0.002 -19"><span class='ocrx_word' id='word_1_851' title='bbox 1890 5643 2060 5702; x_wconf 78' lang='lat' dir='ltr'><strong>ptum,</strong></span> <span class='ocrx_word' id='word_1_852' title='bbox 2096 5631 2224 5702; x_wconf 90' lang='lat' dir='ltr'><strong>quia</strong></span> <span class='ocrx_word' id='word_1_853' title='bbox 2254 5646 2360 5685; x_wconf 91' lang='lat' dir='ltr'><strong>non</strong></span> <span class='ocrx_word' id='word_1_854' title='bbox 2407 5631 2771 5685; x_wconf 85' lang='lat' dir='ltr'><strong>constituetur</strong></span> <span class='ocrx_word' id='word_1_855' title='bbox 2818 5630 2885 5684; x_wconf 88' lang='lat' dir='ltr'><strong>de</strong></span> <span class='ocrx_word' id='word_1_856' title='bbox 2913 5646 3110 5700; x_wconf 85' lang='lat' dir='ltr'><strong>genere</strong></span> <span class='ocrx_word' id='word_1_857' title='bbox 3143 5630 3262 5699; x_wconf 91' lang='lat' dir='ltr'><strong>ejus</strong></span> <span class='ocrx_word' id='word_1_858' title='bbox 3293 5644 3455 5699; x_wconf 79' lang='lat' dir='ltr'><strong>super</strong></span> 
     </span>
    </p>
   </div>
   <div class='ocr_carea' id='block_1_115' title="bbox 217 5714 1800 5793">
    <p class='ocr_par' dir='ltr' id='par_1_115' title="bbox 217 5714 1782 5793">
     <span class='ocr_line' id='line_1_117' title="bbox 217 5714 1782 5793; baseline 0.006 -29"><span class='ocrx_word' id='word_1_859' title='bbox 217 5714 272 5764; x_wconf 70' lang='lat' dir='ltr'><strong>tv</strong></span> <span class='ocrx_word' id='word_1_860' title='bbox 300 5714 375 5785; x_wconf 82' lang='grc' dir='ltr'><strong>τῷ</strong></span> <span class='ocrx_word' id='word_1_861' title='bbox 417 5718 583 5788; x_wconf 70' lang='grc' dir='ltr'>Ἰούδᾳ</span> <span class='ocrx_word' id='word_1_862' title='bbox 603 5735 616 5748; x_wconf 89' lang='grc'>·</span> <span class='ocrx_word' id='word_1_863' title='bbox 642 5738 659 5771; x_wconf 78' lang='grc' dir='ltr'><strong>ι</strong></span> <span class='ocrx_word' id='word_1_864' title='bbox 693 5720 785 5771; x_wconf 77' lang='grc' dir='ltr'><strong>καὶ</strong></span> <span class='ocrx_word' id='word_1_865' title='bbox 813 5720 999 5791; x_wconf 74' lang='grc' dir='ltr'>ἐπειδὴ</span> <span class='ocrx_word' id='word_1_866' title='bbox 1029 5722 1233 5775; x_wconf 89' lang='grc' dir='ltr'>τούτων</span> <span class='ocrx_word' id='word_1_867' title='bbox 1261 5722 1421 5775; x_wconf 73' lang='grc' dir='ltr'>ἕνεκα</span> <span class='ocrx_word' id='word_1_868' title='bbox 1457 5722 1653 5792; x_wconf 80' lang='grc' dir='ltr'>συνέϐη</span> <span class='ocrx_word' id='word_1_869' title='bbox 1686 5722 1782 5793; x_wconf 84' lang='grc' dir='ltr'>τὴν</span> 
     </span>
    </p>
   </div>
   <div class='ocr_carea' id='block_1_116' title="bbox 1908 5714 3451 5793">
    <p class='ocr_par' dir='ltr' id='par_1_116' title="bbox 1910 5718 3451 5790">
     <span class='ocr_line' id='line_1_118' title="bbox 1910 5718 3451 5790; baseline -0.005 -15"><span class='ocrx_word' id='word_1_870' title='bbox 1910 5724 2140 5776; x_wconf 87' lang='lat' dir='ltr'><strong>hronutn</strong></span> <span class='ocrx_word' id='word_1_871' title='bbox 2173 5721 2415 5786; x_wconf 84' lang='lat' dir='ltr'><strong>Davidis,</strong></span> <span class='ocrx_word' id='word_1_872' title='bbox 2448 5719 2540 5790; x_wconf 93' lang='lat' dir='ltr'><strong>qui</strong></span> <span class='ocrx_word' id='word_1_873' title='bbox 2575 5721 2781 5775; x_wconf 84' lang='lat' dir='ltr'><strong>diutius</strong></span> <span class='ocrx_word' id='word_1_874' title='bbox 2820 5722 2873 5773; x_wconf 87' lang='lat' dir='ltr'><strong>in</strong></span> <span class='ocrx_word' id='word_1_875' title='bbox 2902 5719 3041 5773; x_wconf 80' lang='lat' dir='ltr'><strong>Juda</strong></span> <span class='ocrx_word' id='word_1_876' title='bbox 3070 5720 3297 5790; x_wconf 84' lang='lat' dir='ltr'><strong>imperet</strong></span> <span class='ocrx_word' id='word_1_877' title='bbox 3326 5718 3370 5752; x_wconf 71' lang='grc'><strong>⁸⁸</strong></span> <span class='ocrx_word' id='word_1_878' title='bbox 3394 5735 3407 5782; x_wconf 87' lang='grc'><strong>;</strong></span> <span class='ocrx_word' id='word_1_879' title='bbox 3430 5736 3451 5767; x_wconf 75' lang='grc' dir='ltr'><strong>ι</strong></span> 
     </span>
    </p>
   </div>
   <div class='ocr_carea' id='block_1_117' title="bbox 289 5871 1800 5943">
    <p class='ocr_par' dir='ltr' id='par_1_117' title="bbox 289 5871 1796 5943">
     <span class='ocr_line' id='line_1_119' title="bbox 289 5871 1796 5943; baseline 0.005 -21"><span class='ocrx_word' id='word_1_880' title='bbox 289 5871 331 5899; x_wconf 72' lang='grc'><strong>⁵⁸</strong></span> <span class='ocrx_word' id='word_1_881' title='bbox 372 5871 522 5927; x_wconf 77' lang='lat' dir='ltr'><strong>Deut.</strong></span> <span class='ocrx_word' id='word_1_882' title='bbox 563 5888 729 5938; x_wconf 65' lang='grc' dir='ltr'>χχιιι,</span> <span class='ocrx_word' id='word_1_883' title='bbox 768 5876 846 5940; x_wconf 80' lang='lat'><strong>3;</strong></span> <span class='ocrx_word' id='word_1_884' title='bbox 890 5872 1082 5929; x_wconf 86' lang='lat' dir='ltr'><strong>llEsdr</strong></span> <span class='ocrx_word' id='word_1_885' title='bbox 1142 5892 1268 5943; x_wconf 80' lang='lat' dir='ltr'><strong>xm,</strong></span> <span class='ocrx_word' id='word_1_886' title='bbox 1311 5878 1358 5934; x_wconf 85' lang='grc'><strong>1.</strong></span> <span class='ocrx_word' id='word_1_887' title='bbox 1437 5880 1477 5909; x_wconf 67' lang='grc'>⁸⁷</span> <span class='ocrx_word' id='word_1_888' title='bbox 1518 5876 1705 5931; x_wconf 82' lang='lat' dir='ltr'><strong>lTim.</strong></span> <span class='ocrx_word' id='word_1_889' title='bbox 1748 5894 1796 5943; x_wconf 91' lang='grc' dir='ltr'><strong>ι,</strong></span> 
     </span>
    </p>
   </div>
   <div class='ocr_carea' id='block_1_118' title="bbox 1908 5871 3118 5943">
    <p class='ocr_par' dir='ltr' id='par_1_118' title="bbox 1960 5876 3118 5942">
     <span class='ocr_line' id='line_1_120' title="bbox 1960 5876 3118 5942; baseline -0.002 -11"><span class='ocrx_word' id='word_1_890' title='bbox 1960 5880 2024 5909; x_wconf 74' lang='grc'><strong>⁸⁷⁹</strong></span> <span class='ocrx_word' id='word_1_891' title='bbox 2066 5878 2207 5933; x_wconf 83' lang='lat' dir='ltr'><strong>Ruth</strong></span> <span class='ocrx_word' id='word_1_892' title='bbox 2247 5894 2320 5942; x_wconf 79' lang='lat' dir='ltr'><strong>tv,</strong></span> <span class='ocrx_word' id='word_1_893' title='bbox 2360 5878 2442 5931; x_wconf 82' lang='lat' dir='ltr'><strong>ll.</strong></span> <span class='ocrx_word' id='word_1_894' title='bbox 2524 5880 2565 5910; x_wconf 68' lang='grc'><strong>⁸⁸</strong></span> <span class='ocrx_word' id='word_1_895' title='bbox 2606 5876 2713 5933; x_wconf 74' lang='lat' dir='ltr'><strong>Jor.</strong></span> <span class='ocrx_word' id='word_1_896' title='bbox 2752 5893 2895 5941; x_wconf 73' lang='lat' dir='ltr'><strong>uti,</strong></span> <span class='ocrx_word' id='word_1_897' title='bbox 2927 5876 3118 5931; x_wconf 18' lang='lat'><strong>28750.</strong></span> 
     </span>
    </p>
   </div>
  </div>
