3938 6538
493 392 594 448 919

1149 395 1418 454 Ευδιιωι
1455 395 1932 454 (ΣΑΞδΑΒίΕΝδΙΒ
1967 397 2061 456 ΟΡᾸ

2161 400 2338 458 PARS
2375 399 2462 456 Ill.
2496 431 2562 442 -——
2595 399 3001 458 EXEGETICA.

3619 399 3716 454 920

488 515 545 563 et
572 509 826 579 quoniam
863 508 1058 564 horum
1103 523 1268 566 causa
1315 510 1575 580 praedicto
1603 511 1719 582 regi
1747 513 1973 584 contigit
1999 521 2058 566 ut

2161 515 2238 577 είς
2268 513 2561 567 Βαϐυλῶνα
2597 512 2974 583 αἰχμαλωσίαν
3013 513 3130 584 ἅμα
3162 517 3238 584 τῷ
3277 514 3394 584 λαῷ
3429 516 3716 584 ὑποστῆναι

491 598 871 674 Bahylonicam
899 617 1019 656 cum
1047 603 1243 672 populo
1265 604 1630 673 captivitatem
1671 607 1899 666 subiret,
1943 622 2055 662 me-

491 691 597 745 rito
623 691 859 762 inclytus
885 693 1234 762 evangelista,
1259 692 1636 766 Redemptoris
1658 698 1898 754 omnium
1931 697 2056 752 Ser-

491 781 803 852 vatorisque
855 783 1102 837 scribens
1149 787 1576 855 generationem,
1627 787 1789 856 hujus
1839 804 2056 862 quoque

489 873 735 928 meminit
785 875 1084 944 contempti
1134 883 1186 930 et
1235 877 1460 945 projecti
1509 893 1630 932 cum
1673 894 1772 933 sua
1802 881 1968 950 stirpe
2001 883 2054 936 in

489 962 870 1034 Bahylonicam
897 975 1119 1030 terram,
1163 965 1393 1036 ideoque
1422 969 1709 1038 proscripti
1732 977 1784 1024 et
1807 955 2002 1040 captivi
2039 991 2052 1026 :

487 1053 615 1108 hinc
641 1053 891 1108 videlicet
919 1053 1143 1118 docens,
1177 1057 1268 1126 qui
1300 1057 1366 1111 ad
1399 1060 1796 1132 [medicandum
1826 1061 2054 1132 captivis

489 1144 795 1199 libertatem
825 1145 1030 1200 missus
1063 1145 1236 1200 fuerat
1267 1162 1296 1200 a
1329 1146 1509 1212 Patre,
1555 1148 1701 1204 hunc
1728 1167 1847 1208 esse
1869 1151 2054 1207 Iesum

487 1236 790 1302 Christum,
847 1239 914 1294 de
960 1255 1068 1310 quo
1102 1240 1298 1296 librum
1330 1243 1540 1308 scribit,
1571 1251 1624 1298 et
1647 1243 1712 1297 ad
1741 1261 1900 1314 quem
1933 1263 2056 1316 spe-

487 1337 599 1382 ctat
647 1329 792 1400 quod
842 1333 984 1400 apud
1027 1331 1347 1402 prophetam
1399 1337 1660 1390 recitatur
1706 1339 1985 1392 oraculum
2039 1359 2051 1394 :

491 1439 508 1470 ι
550 1418 785 1492 Spiritus
809 1421 1024 1478 Domini
1054 1437 1218 1494 super
1243 1441 1348 1492 me,
1379 1442 1443 1481 eo
1473 1429 1612 1496 quod
1646 1429 1798 1484 unxit
1831 1445 1916 1485 me
1943 1452 1954 1485 :
1987 1432 2055 1486 ad

487 1514 919 1569 annuntiandum
947 1517 1275 1586 pauperibus
1299 1519 1446 1574 misit
1471 1536 1554 1575 me
1573 1560 1587 1584 ,
1629 1521 2056 1590 praedicandam-

488 1619 595 1672 que
619 1605 850 1674 captivis
889 1606 1188 1662 libertatem
1219 1610 1284 1662 ⁸³.
1321 1627 1338 1660 ι
1379 1607 1452 1664 De
1481 1625 1589 1680 quo
1620 1611 1726 1664 alio
1757 1611 1884 1666 item
1935 1613 2055 1667 loco

488 1695 562 1750 ait
588 1697 850 1766 propheta
877 1716 888 1750 :
929 1717 946 1750 ι
978 1698 1098 1768 lpse
1119 1700 1408 1756 mdilicabit
1433 1702 1618 1758 urbem
1651 1719 1857 1768 meam,
1893 1712 2054 1775 atque

489 1801 520 1838 ει
546 1787 858 1856 captivitate
879 1789 1134 1858 pepulum
1167 1805 1344 1846 meum
1382 1793 1658 1848 revocabit
1687 1794 1752 1844 ⁵ο.
1797 1815 1816 1846 ι

557 1877 612 1932 2.
655 1875 996 1948 Tempestive
1041 1882 1208 1952 igitur
1234 1881 1507 1938 Jechonize
1545 1894 1598 1940 et
1627 1886 1788 1956 hujus
1842 1887 2054 1948 animae,
2091 1898 2130 1952 Β

489 1977 650 2042 atque
677 1971 746 2026 iis
773 1973 863 2042 qui
897 1975 1128 2030 similem
1161 1976 1238 2030 illi
1269 1979 1412 2046 passi
1457 1978 1670 2034 fuerant
1703 1980 2056 2050 ignominiam

487 2070 541 2116 et
571 2063 874 2118 animarum
907 2068 1274 2138 captivitatem
1299 2109 1314 2134 ,
1347 2069 1726 2142 Redemptoris
1766 2073 2054 2127 adventum

478 2161 703 2210 nuntiat
732 2157 1037 2219 Mattbazus,
1074 2161 1164 2230 qui
1197 2159 1318 2216 Filii
1353 2161 1444 2216 Dei
1467 2163 1858 2234 genealogiam.
1901 2165 2056 2220 item-

488 2263 594 2316 que
657 2250 886 2306 aliorum
947 2253 1184 2306 sontium
1242 2263 1698 2324 peccatorumque
1755 2255 2053 2317 hominum,

489 2339 696 2396 scribit.
733 2340 886 2398 Unus
915 2344 1056 2398 enim
1089 2346 1339 2416 idemque
1361 2363 1541 2402 sermo
1567 2353 1652 2403 est
1671 2387 1684 2410 ,
1711 2348 1804 2418 qui
1836 2345 2055 2402 Davidis

488 2434 693 2486 crimen
725 2435 868 2488 circa
899 2434 1042 2490 Uriae
1065 2453 1309 2504 uxorem,
1357 2447 1412 2496 et
1433 2438 1586 2494 Indae
1619 2438 2052 2503 fornicationem,

487 2529 541 2576 et
571 2525 928 2596 alienigenam
965 2545 1061 2584 seu
1093 2529 1436 2586 Moabitidem
1465 2530 1724 2596 Butham,
1769 2541 2054 2588 memorat.

489 2615 630 2670 Idem
661 2633 842 2674 sermo
871 2620 1054 2676 vaum
1091 2637 1211 2678 cum
1244 2623 1548 2692 publicanis
1575 2626 2058 2694 peccatoribusque

489 2710 780 2774 viventem,
831 2721 886 2768 et
925 2714 1243 2783 turpissima
1275 2715 1343 2770 ab
1373 2716 1684 2772 hominibus
1713 2733 2054 2786 perpessum,

487 2809 542 2856 et
571 2801 805 2874 denique
839 2821 962 2858 cum
995 2805 1254 2862 maleﬁcis
1285 2806 1602 2862 crucifixum
1633 2809 1868 2863 exhibet.
1931 2807 2059 2864 Erat

489 2909 622 2948 vero
652 2897 699 2952 is
739 2911 1065 2966 sermorquo
1094 2899 1300 2966 dictum
1327 2906 1412 2954 est
1443 2919 1454 2954 :
1499 2920 1516 2952 ι
1551 2899 1692 2956 Ecce
1721 2900 1907 2971 Agnus
1941 2902 2056 2967 Dei,

489 2987 584 3056 qui
639 2988 779 3040 tollit
840 2999 1120 3057 peccaturo
1171 2992 1356 3046 nmndi
1386 2993 1455 3046 ⁶¹.
1493 3014 1511 3044 ι
1567 2991 1864 3062 Oportebat
1914 2996 2058 3048 enim

491 3093 616 3134 eum
639 3121 653 3144 ,
689 3082 780 3150 qui
813 3081 1030 3138 futurus
1056 3089 1174 3137 erat
1201 3084 1446 3152 expiator
1470 3093 1708 3140 veterum
1741 3087 2058 3155 quorumvis

493 3170 782 3226 criminum
821 3188 882 3226 ac
909 3171 1233 3240 futurorum,
1273 3176 1470 3245 quique
1513 3177 1748 3232 animam
1781 3179 2057 3248 positurus

2155 605 2244 658 τὸν
2267 606 2553 676 εἰρημένον
2569 645 2582 669 ,
2607 607 2825 669 εἰκότως
2851 607 2878 658 6
2899 605 3197 675 θαυμάσιος
3221 605 3612 674 εὐαγγελιστὴς
3633 607 3718 658 τοῦ

2157 694 2441 767 Λυτρωτοῦ
2469 695 2562 748 καὶ
2588 696 2836 766 Σωτῆρος
2871 695 3120 748 ἁπάντων
3147 695 3480 768 ὑπογράφων
3509 693 3607 764 τὴν
3638 696 3720 762 γέ-

2155 805 2320 850 νεσιν,
2360 790 2452 839 καὶ
2485 786 2636 840 τοῦδε
2664 786 2909 858 ἐμνήσθη
2933 786 3028 840 τοῦ
3054 787 3402 858 ἠτιμωμένον
3427 786 3528 839 τοῦ
3561 787 3719 856 ἀπορ-

2157 879 2404 949 ριιρὲντος
2429 878 2544 948 ἃμα
2571 877 2645 948 τῷ
2681 877 2954 949 σπέρματι
2984 880 3062 940 είς
3085 877 3181 948 τὴν
3213 877 3575 930 Βαϐυλωνίων
3605 878 3714 946 ﬁt“

2153 969 2246 1022 τοῦ
2286 969 2622 1039 ἐκκηρύκτου
2658 969 2986 1038 γενομένου,
3028 969 3121 1022 τοῦ
3155 968 3502 1038 αἰχμαλώτου
3523 983 3539 996 ·
3587 967 3717 1022 διδά-

2157 1077 2299 1113 σκων
2326 1061 2408 1112 ὅτι
2437 1059 2668 1130 κηρύξαι
2701 1060 3064 1130 αἰχμαλώτοις
3090 1060 3280 1129 ἄφεσιν
3317 1059 3716 1128 ἀπεσταλμένος

2156 1151 2260 1204 ὑπὸ
2292 1151 2383 1204 τοῦ
2421 1151 2662 1224 Πατρὸς,
2713 1149 2864 1216 οὗτος
2897 1149 2964 1223 ἦν
3007 1151 3212 1222 Ἰησοῦς
3242 1151 3507 1223 Χριστὸς,
3539 1146 3600 1204 οὗ
3627 1151 3714 1220 τὴν

2157 1243 2332 1314 βίϐλον
2351 1244 2650 1314 ἀναγράφει
2671 1283 2685 1306 ,
2707 1246 2786 1306 εἰς
2812 1244 2870 1296 ὃν
2895 1244 3224 1312 ἀναφέρεται
3254 1243 3314 1295 τὸ
3335 1243 3546 1312 φάσκον
3567 1243 3621 1295 ἐν
3647 1241 3716 1311 τῷ

2156 1335 2406 1406 προφήτῃ
2433 1335 2609 1402 λόγιον
2629 1353 2642 1365 υ
2681 1355 2698 1384 ι
2721 1335 2942 1406 Πνεῦμα
2977 1335 3180 1406 Κυρίου
3215 1336 3300 1385 ἐπ’
3325 1334 3458 1403 ἐμὲ,
3491 1329 3558 1388 οὗ
3589 1334 3716 1386 εἵνεο

2155 1443 2246 1480 κεν
2265 1426 2444 1496 ἔχρισε
2468 1444 2532 1496 με
2551 1467 2562 1488 ,
2584 1426 3032 1494 εὐαγγελίσασθαι
3055 1429 3286 1496 πτωχοῖς
3301 1424 3614 1478 ἀπέσται).κὲ
3633 1443 3712 1495 με,

2155 1519 2386 1590 κηρύξαι
2417 1519 2779 1589 αἰχμαλώτοις
2812 1521 3001 1588 ἄφεσιν
3022 1537 3035 1548 ·
3067 1538 3083 1570 ι
3115 1519 3240 1590 περὶ
3265 1513 3325 1571 οὗ
3347 1517 3446 1570 καὶ
3475 1519 3534 1569 ὲν
3557 1518 3716 1588 ἑτέρῳ

2156 1611 2318 1683 φησιν
2356 1613 2383 1664 ὁ
2419 1610 2579 1672 αὐτὸς
2614 1613 2928 1682 προφήτης·
2995 1631 3012 1662 ‹
3041 1603 3208 1674 Οὗτος
3243 1611 3592 1681 οἰκοδομήσει
3628 1610 3714 1680 τὴν

2155 1703 2308 1756 πόλιν
2351 1721 2452 1773 μου
2479 1742 2491 1764 ,
2527 1703 2619 1756 καὶ
2650 1703 2750 1774 τὴν
2783 1702 3152 1774 αἰχμαλωσίαν
3179 1703 3270 1756 τοῦ
3302 1702 3434 1756 λαοῦ
3471 1719 3576 1774 μου
3609 1703 3714 1754 ὲπι-

2159 1793 2393 1863 στρέψει.
2425 1813 2442 1844 ι

2231 1887 2306 1956 β’.
2353 1885 2508 1939 Κατά
2545 1885 2730 1957 καιρὸν
2777 1884 3061 1956 τοιγαροῦν
3095 1884 3240 1956 αὐτῷ
3272 1903 3332 1938 τε
3375 1885 3604 1956 Ἰεχονίᾳ
3633 1887 3714 1940 καὶ

2155 1980 2220 2048 τῇ
2255 1978 2442 2031 τούτου
2490 1977 2632 2049 ψυχῇ
2659 2017 2672 2041 ,
2719 1980 2831 2040 τοῖς
2865 1995 2922 2030 τε
2951 1977 3047 2049 τὴν
3079 1979 3200 2049 ἴσην
3225 1977 3373 2048 αὐτῷ
3401 1977 3714 2032 πεπονθόσιν

2155 2069 2372 2140 ἀτιμίαν
2392 2087 2449 2121 τε
2465 2070 2558 2122 καὶ
2583 2068 2765 2138 ψυχῶν
2786 2070 3174 2140 αἰχμαλωσίαν,
3201 2070 3296 2140 τὴν
3317 2069 3410 2122 τοῦ
3437 2069 3712 2140 Λυτρωτοῦ

2157 2163 2454 2233 παρουσίαν
2483 2163 2888 2232 εὐαγγελίζεται
2907 2161 3179 2226 Ματθαῖος
3201 2165 3228 2215 6
3253 2163 3349 2232 τὴν
3389 2163 3604 2231 γένεσιν
3629 2163 3712 2216 τοῦ

2158 2251 2286 2302 Υίοῦ
2310 2250 2401 2303 τοῦ
2427 2250 2560 2304 Θεοῦ
2581 2291 2594 2312 ,
2615 2252 2707 2304 καὶ
2732 2253 2794 2322 δὴ
2820 2253 2926 2305 τῶν
2951 2251 3122 2304 ἄλλων
3143 2252 3406 2304 ὑπαιτίων
3430 2253 3524 2304 καὶ
3551 2254 3714 2323 ἁμαρ-

2155 2341 2338 2416 τωλῷν
2383 2341 2588 2415 ἀνδρῶν
2621 2341 2944 2410 καταγαγών
2964 2361 2976 2374 ’
3009 2337 3089 2407 εἷς
3129 2345 3236 2414 γὰρ
3267 2339 3334 2413 ἦν
3376 2345 3474 2398 καὶ
3505 2345 3534 2396 6
3565 2345 3712 2408 αὐτὸς

2157 2436 2340 2502 λόγος,
2375 2435 2440 2488 δι’
2475 2435 2532 2486 ὃν
2564 2435 2656 2488 καὶ
2691 2436 2788 2505 τῆς
2816 2435 2908 2488 τοῦ
2935 2436 3097 2488 Δαίῖιδ
3125 2452 3188 2488 πε
3199 2435 3250 2506 ρὶ
3273 2435 3371 2504 τὴν
3395 2435 3494 2487 τοῦ
3529 2435 3710 2506 Οὐρίου

2158 2529 2386 2592 γυναῖκα
2417 2525 2775 2596 παρανομίας,
2803 2525 2900 2594 τῆς
2925 2543 2982 2578 τε
3003 2524 3095 2578 τοῦ
3131 2525 3298 2578 Ἰούδα
3324 2525 3602 2595 πορνείας,
3626 2527 3712 2594 τῆς

2157 2633 2214 2668 τε
2237 2613 2530 2683 ἀλλοφύλου
2555 2615 2645 2667 καὶ
2669 2615 3007 2680 Μωαϐίτιδος
3031 2616 3184 2668 Ῥοὺθ
3215 2615 3461 2687 ἐμνήσθη
3479 2633 3494 2648 ο
3517 2619 3546 2669 6
3565 2617 3712 2679 αὑτὸς

2156 2706 2211 2758 δὲ
2239 2706 2491 2775 τυγχάνει
2514 2707 2634 2760 καθ’
2656 2707 2713 2760 ὃν
2734 2707 2824 2760 καὶ
2849 2706 3104 2770 τελώναις
3123 2709 3214 2760 καὶ
3233 2707 3576 2778 ἁμαρτωλοῖς
3595 2724 3712 2776 συμ-

2159 2797 2374 2851 ϐιοῦντα
2396 2839 2408 2860 ,
2435 2798 2528 2850 καὶ
2553 2797 2802 2866 αἴσχιστά
2823 2815 2884 2866 γε
2912 2798 3016 2851 ὑπὸ
3044 2798 3340 2870 ἀνθρώπων
3365 2799 3706 2868 ὑπομένοντα,

2159 2890 2251 2941 καὶ
2289 2889 2438 2952 τέλος
2481 2891 2595 2960 ἅμα
2626 2893 2736 2962 τοῖς
2771 2891 3094 2962 κακούργοις
3137 2891 3532 2962 σταυρούμενον
3563 2889 3708 2943 αὐτὸν

2159 2981 2365 3048 εἰσάγει
2393 2999 2402 3012 ³
2432 2977 2496 3052 ἦν
2527 2982 2570 3035 δ’
2601 2977 2752 3046 οὗτος
2781 2984 2808 3034 ὁ
2840 2983 2994 3048 λόγος
3023 2983 3140 3036 καθ’
3171 2984 3226 3037 ὃν
3261 2983 3505 3054 εἴρηται·
3529 2984 3656 3036 «Ἴδε
3683 2985 3708 3036 6

2158 3071 2326 3140 ἀμνὸς
2353 3072 2442 3124 τοῦ
2471 3071 2602 3126 Θεοῦ
2640 3075 2668 3125 6
2697 3075 2863 3146 αἴρων
2891 3074 2987 3145 τὴν
3023 3076 3288 3145 ἁμαρτίαν
3311 3076 3408 3128 τοῦ
3448 3076 3662 3144 κόσμου.
3687 3093 3704 3126 ι

2171 3165 2365 3235 Ἐχρῆν
2389 3163 2493 3235 γάρ
2523 3165 2612 3218 τὸν
2638 3164 2892 3234 μέλλοντα
2913 3167 3204 3238 καθάρσιον
3223 3166 3470 3234 γίνεσθαι
3491 3167 3596 3220 τῶν
3615 3167 3710 3218 πά-

493 3270 612 3320 erat
639 3279 736 3332 pro
767 3264 1045 3318 hominum
1078 3266 1394 3330 animabus;
1425 3268 1590 3334 hunc,
1629 3269 1870 3339 inquam,
1898 3285 2059 3340 opor-

2161 3255 2248 3308 λαι
2280 3255 2492 3310 πώποτε
2524 3256 3058 3328 πεπλημμεληκότων
3091 3259 3184 3310 καὶ
3207 3258 3312 3310 τῶν
3331 3275 3394 3325 γε
3429 3259 3564 3328 μετά
3587 3256 3708 3312 ταῦ-

496 3357 646 3412 tebat
673 3372 734 3413 ca
771 3358 910 3410 mala
945 3359 1126 3412 omnia
1160 3362 1385 3430 perpeti,
1417 3371 1468 3416 et
1493 3371 1838 3431 peccatorum
1870 3363 2057 3434 impio.

492 3465 724 3520 rumque
773 3465 962 3519 pinnas
1011 3451 1185 3520 ipsum
1229 3453 1518 3506 innocuum
1551 3454 1844 3520 sustinere,
1885 3455 2058 3511 donec

493 3544 714 3597 oracula
756 3542 822 3597 de
861 3557 928 3596 eo
976 3542 1141 3606 dicta,
1193 3554 1247 3598 et
1289 3545 1492 3614 reliqua
1540 3545 1742 3598 exitum
1775 3546 2055 3603 haberent.

497 3633 574 3690 De
596 3634 786 3690 eodem
813 3651 1029 3706 quoque
1058 3635 1320 3690 mirilicus
1349 3635 1424 3689 ait
1451 3635 1620 3692 Isaias
1649 3653 1661 3690 :
1703 3655 1720 3686 ι
1751 3635 1849 3691 llic
1875 3647 2059 3692 nostra

499 3734 722 3797 peccata
757 3726 980 3797 perfert,
1006 3736 1060 3782 et
1085 3743 1182 3796 pro
1215 3727 1374 3782 nobis
1401 3728 1604 3798 petitur
1630 3746 1644 3784 :
1674 3729 1788 3798 ipse
1812 3729 2050 3784 vulnera-

497 3824 590 3872 tus
636 3825 718 3872 est
757 3826 976 3888 propter
1019 3818 1332 3888 iniquitates
1379 3829 1617 3882 nostras,
1651 3821 1956 3876 inﬁrmatus
1977 3829 2060 3875 est

497 3917 719 3978 propter
745 3911 948 3966 scelera
977 3919 1182 3980 nostra,
1211 3915 1379 3968 livore
1401 3915 1518 3983 ejus
1541 3915 1714 3970 sanati
1749 3929 1848 3968 nos
1873 3928 2060 3968 omnes

501 4001 703 4057 fuimus
727 4003 790 4056 ".
825 4024 843 4054 ι

571 4176 624 4229 5.
667 4173 820 4240 Quod
849 4177 896 4232 si
919 4177 1176 4247 propheta
1201 4176 1266 4232 de
1281 4174 1538 4232 Jechonia
1555 4179 1628 4232 ait
1653 4185 1810 4233 terra:
1843 4196 1854 4232 :
1889 4173 2064 4230 «Pone

499 4267 645 4325 hunc.
679 4267 856 4322 virum
885 4269 1266 4338 proscriptum,
1285 4269 1408 4339 quia
1437 4284 1545 4323 non
1575 4279 1758 4340 surget
1779 4269 1846 4324 de
1871 4283 2066 4339 genere

500 4361 621 4430 ejus
651 4361 741 4432 qui
773 4361 958 4418 sedeat
987 4378 1150 4431 super
1174 4362 1430 4417 thronum
1479 4360 1718 4426 Davidis,
1771 4368 2066 4432 regnetque

501 4453 556 4520 in
583 4453 722 4508 Juda
739 4455 784 4486 ⁸³
813 4474 825 4508 :
864 4475 884 4506 ι
919 4454 1062 4508 haud
1091 4471 1316 4524 prorsus
1341 4463 1500 4526 negat
1529 4453 1934 4524 superfuturum
1961 4451 2064 4505 hu-

495 4546 588 4617 jus
634 4562 824 4616 genus,
878 4546 971 4600 sed
1013 4549 1279 4602 neminem
1329 4556 1680 4618 regnaturum
1733 4545 1962 4608 allirmat
2001 4543 2069 4600 de

501 4637 670 4707 stirpe
712 4637 832 4705 ejus
877 4637 930 4691 in
963 4649 1122 4707 gente
1163 4636 1388 4692 Judaica
1425 4655 1438 4689 :
1473 4637 1616 4707 quod
1662 4651 1848 4691 revera
1896 4636 1968 4689 ita
2011 4651 2068 4690 se

501 4727 712 4784 habuit.
749 4731 936 4798 Itaque
964 4729 1096 4784 dicit
1128 4749 1140 4782 :
1183 4748 1200 4780 ι
1235 4730 1490 4784 Ludibrio
1518 4729 1735 4783 habitus
1761 4739 1845 4782 est
1871 4726 2066 4782 Jecho—

499 4819 641 4884 nias,
693 4835 792 4874 ceu
838 4837 932 4876 vas
966 4821 1124 4890 cujus
1173 4823 1352 4876 nullus
1380 4829 1465 4876 est
1494 4837 1647 4876 usus.
1705 4819 2066 4886 Quamobrem

501 4911 777 4982 projectus
819 4923 902 4969 est
933 4913 1048 4984 ipse
1076 4923 1129 4970 et
1162 4931 1332 4986 genus
1359 4915 1478 4984 ejus
1507 4915 1562 4968 in
1597 4913 1926 4984 incognitam
1966 4913 2068 4967 sibi

499 5005 773 5074 regionem
797 5005 844 5037 “
878 5023 889 5060 :
929 5026 947 5056 ι
987 5007 1181 5075 quibus
1231 5006 1412 5061 vcrbis
1442 5009 1728 5077 perspicue
1777 5002 2068 5074 Babyloni-

499 5109 619 5148 cam
649 5101 850 5150 terram
875 5095 1141 5167 designat.
1161 5095 1278 5150 Jam
1296 5114 1424 5152 vero
1448 5097 1537 5166 qui
1568 5097 1632 5150 ad
1658 5097 1955 5152 libertatem
1981 5109 2071 5149 ca-

501 5189 664 5259 ptivis
709 5189 1101 5252 nuntiandam,
1137 5197 1191 5244 et
1241 5197 1587 5259 peccatorum
1637 5197 1860 5244 catenas
1910 5195 2072 5256 atque

501 5280 804 5334 animarum
833 5281 962 5334 olim
990 5289 1164 5335 morte
1185 5280 1553 5336 devinctarum
1580 5280 1833 5336 solvenda
1858 5279 2070 5333 vincula

501 5373 706 5427 missus
734 5371 856 5436 fuit,
891 5373 939 5427 is
971 5388 1102 5427 sane
1133 5373 1198 5427 ad
1229 5373 1422 5427 horum
1453 5373 1694 5428 omnium
1718 5373 1945 5426 salutem
1979 5384 2072 5438 pa-

498 5464 746 5518 trandam
791 5466 958 5520 venit.
1025 5463 1202 5530 Quare
1255 5466 1322 5520 de
1357 5466 1474 5534 ipso
1500 5465 1828 5518 vaticinatur
1854 5461 2020 5514 David
2053 5478 2065 5514 :

460 5559 462 5562 '
505 5571 527 5606 ι
565 5553 710 5610 Misit
737 5555 960 5610 verbum
993 5569 1152 5610 suum
1202 5565 1257 5609 et
1288 5557 1500 5611 sanavit
1529 5571 1623 5611 eos
1655 5554 1723 5609 ab
1757 5548 2072 5606 interitioni-

499 5647 606 5706 bus
631 5649 765 5704 suis.
801 5649 1150 5705 Conlitemini
1179 5646 1404 5704 Domino
1429 5646 1835 5704 misericordias
1865 5643 1985 5711 ejus
2018 5645 2072 5696 et

2157 3364 2226 3402 τα
2254 3347 2663 3418 γενησομένων,
2699 3349 2984 3420 ἀντίψυχόν
3021 3367 3079 3402 τε
3115 3349 3220 3404 τῶν
3243 3349 3593 3420 ἀνθρωπίνων
3615 3349 3707 3417 4m-

2158 3441 2268 3512 χῶν
2284 3481 2298 3504 ,
2323 3441 2407 3494 διὰ
2430 3441 2643 3494 πάντων
2661 3441 2768 3494 τῶν
2789 3441 3087 3510 εἰρημένων
3109 3440 3328 3494 διελθεῖν
3351 3442 3444 3494 καὶ
3467 3441 3563 3504 τὰς
3583 3439 3709 3492 κατὰ

2160 3532 2264 3586 τῶν
2296 3532 2632 3602 ἁμαρτωλῶν
2655 3533 2747 3584 καί
2776 3533 2984 3584 ἀσεϐῶν
3009 3535 3272 3604 τιμωρίας
3293 3534 3456 3586 αὐτὸν
3483 3523 3708 3602 ἀναμάρο

2159 3642 2319 3694 τητον
2361 3623 2488 3677 ὅντα
2531 3624 2847 3693 ὑπομεῖναι,
2887 3623 2960 3687 ὡς
2991 3622 3056 3676 ἂν
3095 3623 3404 3694 πληρωθείη
3443 3626 3524 3687 είς
3561 3623 3708 3676 αὑτὸν

2161 3715 2227 3768 τὰ
2258 3715 2598 3784 θεσπίσματα
2618 3753 2632 3778 ,
2667 3714 2735 3766 τά
2759 3731 2817 3765 τε
2845 3713 2976 3767 ἄλλα
2995 3731 3006 3742 ·
3045 3713 3135 3766 καί
3165 3714 3227 3766 δι’
3253 3716 3315 3766 ὃν
3343 3732 3504 3785 φησιν
3541 3716 3567 3768 6
3591 3713 3708 3766 θιιυ⁴

2165 3803 2355 3872 μὰσιος
2401 3803 2653 3864 ’ἰλίσαῖαςσ
2699 3821 2716 3852 ‹
2743 3794 2914 3865 Οὗτος
2941 3801 3038 3864 τὰς
3067 3803 3338 3874 ἁμαρτίας
3373 3803 3526 3874 ἡμῶν
3557 3803 3706 3871 αἴρει,

2163 3897 2256 3949 καί
2282 3895 2404 3967 περί
2429 3897 2460 3966 ἡ
2469 3895 2580 3965 μῶν
2607 3894 2855 3948 ὀδυνᾶται
2872 3912 2884 3924 ·
2909 3894 3070 3958 αὐτὸς
3091 3881 3496 3966 ἑτραυματίσθη
3517 3895 3601 3948 διὰ
3619 3893 3708 3956 τᾶς

2164 3985 2434 4057 ἁμαρτίας
2467 3985 2621 4056 ἡμῶν
2642 4024 2656 4048 ,
2693 3985 2787 4038 καὶ
2821 3985 3220 4056 μεμαλάκισται
3251 3985 3337 4038 διὰ
3371 3986 3470 4048 τὰς
3501 3983 3707 4054 ἀνομίας

2165 4077 2347 4147 ἡμῶν·
2387 4077 2461 4146 τῷ
2497 4075 2722 4146 μώλωπι
2753 4075 2914 4128 αὐτοῦ
2949 4079 3105 4146 ἡμεῖς
3135 4077 3332 4139 πάντες
3363 4077 3604 4146 ἰάθημεν.
3629 4095 3645 4126 ι

2235 4169 2308 4236 γ’.
2348 4169 2408 4220 Εἰ
2429 4169 2483 4220 δὲ
2511 4167 2655 4236 λέγοι
2684 4170 2710 4222 6
2732 4171 3012 4240 προφήτης
3038 4168 3275 4239 περὶτοῦ
3312 4168 3530 4238 ’ἰεχονία
3551 4167 3706 4238 τῇτῇ,

2172 4278 2188 4308 ι
2215 4261 2423 4330 Γράψον
2464 4258 2554 4314 τὸν
2593 4260 2758 4330 ἄνδρα
2805 4258 2989 4312 τοῦτον
3029 4261 3395 4331 ὲκκήρυκτον,
3439 4259 3520 4312 ὅτι
3559 4259 3615 4310 οὐ
3645 4256 3708 4326 μὴ

2167 4353 2368 4423 ἀναττῇ
2395 4355 2458 4406 ἐκ
2479 4352 2572 4404 τοῦ
2593 4352 2901 4422 σπέρματος
2919 4351 3079 4404 αὐτοῦ
3103 4352 3406 4422 καθήμενος
3427 4353 3521 4403 ἐπὶ
3542 4350 3708 4420 θρόνου

2167 4445 2348 4508 Δαδὶδ,
2379 4445 2558 4516 ἄρχων
2585 4444 2662 4497 ἔτι
2687 4446 2744 4497 ἐν
2765 4442 2840 4515 τῷ
2877 4443 3062 4514 Ἰούδᾳ,
3085 4463 3100 4492 ι
3123 4445 3182 4497 οὐ
3206 4445 3418 4508 πάντως
3444 4445 3646 4516 ἀναιρεῖ
3663 4439 3712 4494 τὸ

2173 4537 2460 4608 στήσεσθαι
2502 4536 2662 4590 αὑτοῦ
2709 4537 2961 4606 σπέρμα.
2999 4537 3130 4590 ἀλλὰ
3163 4536 3254 4589 τοῦ
3295 4535 3600 4606 βασιλεῦσαι
3633 4533 3712 4586 τοῦ

2103 4613 2143 4666 D
2183 4629 2445 4682 Ἰουδαίων
2468 4627 2650 4692 ἔθνους
2673 4631 2736 4681 ὲκ
2756 4627 2848 4682 τοῦ
2877 4627 3186 4697 σπέρματος
3209 4627 3368 4680 αὑτοῦ
3384 4647 3396 4656 ·
3423 4627 3452 4680 ὅ
3471 4627 3560 4680 καὶ
3580 4625 3714 4694 γέγο-

2171 4739 2258 4772 νεν
2299 4721 2493 4790 ἀληθές
2522 4739 2534 4751 ⁸
2573 4720 2716 4789 λέγει
2756 4719 2884 4789 γοῦν
2911 4759 2925 4783 ,
2991 4740 3007 4771 ι
3049 4719 3322 4790 Ἠτιμώθη
3375 4719 3620 4789 Ἰεχονίας
3651 4715 3712 4778 ὡς

2174 4813 2363 4884 σκεῆος
2383 4807 2442 4865 οὗ
2465 4814 2562 4866 οὐκ
2587 4811 2729 4866 ἔστιν
2750 4813 2910 4866 αὑτοῦ
2933 4811 3091 4883 χρεία
3107 4853 3120 4874 ,
3135 4813 3265 4864 διότι
3284 4811 3559 4881 ἀπερρίφη
3575 4807 3714 4868 αὐτὸς

2173 4908 2264 4958 καὶ
2292 4907 2351 4958 τὸ
2379 4906 2600 4976 σπέρμα
2622 4905 2785 4957 αὐτοῦ
2809 4907 2886 4968 εἰς
2915 4907 3014 4978 γῆν
3043 4905 3107 4974 ἢν
3136 4906 3234 4957 οὐκ
3257 4904 3400 4974 ᾔδει·
3430 4923 3448 4953 ι
3481 4903 3713 4971 ἄντικρυς

2171 4999 2268 5066 τὴν
2293 4997 2603 5060 Βαϐυλῶνος
2631 4998 2731 5068 γῆν
2765 4997 3031 5061 θεσπίζων
3051 5015 3063 5029 ο
3097 4997 3232 5067 πλὴν
3255 4995 3365 5049 ἀλλ’
3399 4997 3426 5047 6
3454 4993 3614 5046 ἐλθὼν
3633 5009 3714 5060 κη-

2177 5088 2330 5158 ρύξαι
2377 5087 2738 5159 αἰχμαλώτοις
2779 5087 3000 5157 ἄφεσιν,
3047 5089 3138 5140 καὶ
3185 5086 3282 5150 τὰς
3317 5085 3426 5138 τῶν
3457 5083 3712 5156 ἁμαρτιῶν

2175 5180 2358 5250 σειρὰς
2378 5222 2392 5245 ,
2417 5179 2526 5232 τῶν
2553 5197 2610 5232 τε
2651 5179 2812 5233 πάλαι
2841 5180 2943 5232 ὑπὸ
2973 5179 3062 5232 τὸν
3095 5179 3322 5232 θάνατον
3349 5176 3712 5246 πεπεδημένων

2121 5295 2130 5306 σ
2171 5269 2356 5339 ψυχῶν
2385 5269 2508 5332 τούς
2531 5286 2590 5322 τε
2617 5269 2848 5340 δεσμοὺς
2867 5271 3018 5323 λῦσαι
3049 5268 3454 5340 ἀπεσταλμένος
3475 5311 3488 5334 ,
3523 5267 3608 5320 ἐπὶ
3633 5265 3712 5332 τὴν

2175 5363 2390 5416 πάντων
2419 5361 2624 5414 τούτων
2652 5359 2872 5432 ἐλήλυθε
2901 5360 3170 5430 σωτηρίαν
3189 5378 3202 5390 ·
3230 5359 3310 5412 διὸ
3336 5377 3500 5429 φησιν
3523 5361 3549 5411 6
3571 5351 3714 5409 Δαῶδ

2177 5455 2302 5523 περὶ
2339 5451 2502 5506 αὐτοῦ
2529 5451 2796 5516 θεσπίζων
2817 5469 2828 5478 ⁸
2868 5471 2886 5502 ι
2909 5451 3212 5504 ’Λπὲστειλε
3242 5451 3332 5504 τὸν
3359 5453 3515 5518 λόγον
3551 5445 3709 5508 αὑτοῦ,

2177 5544 2269 5596 καὶ
2297 5543 2478 5598 ἰάσατο
2507 5544 2702 5607 αὐτοὺς
2729 5544 2792 5596 ὲκ
2811 5541 2918 5595 τῶν
2945 5541 3246 5613 διαφθορῶν
3263 5541 3467 5593 αὐτῶν·
3493 5535 3714 5608 ἐξομολοο

2178 5635 2358 5703 γεῖσθε
2379 5635 2456 5706 τῷ
2483 5635 2670 5706 Κυρίῳ
2702 5635 2768 5688 τὰ
2801 5635 2923 5706 ὲλέη
2955 5633 3116 5688 αὐτοῦ
3145 5637 3238 5687 καὶ
3269 5633 3542 5704 θαυμάσια
3571 5625 3710 5684 αὐτοῦ

575 5826 738 5884 “lsa.
774 5845 898 5896 LXI.
941 5831 986 5896 l;
1022 5828 1154 5884 Luc.
1191 5845 1261 5894 tv,
1306 5827 1386 5884 l8.
1426 5829 1470 5860 ⁵ο
1513 5825 1612 5884 lsa.
1651 5840 1772 5892 κων,
1807 5825 1892 5880 15.
1931 5821 2156 5897 “_Joan.
2197 5839 2246 5890 ι,
2277 5819 2577 5882 9.9.,"lsa.
2607 5818 2805 5888 “11,6.
2863 5817 3034 5874 "Jer.
3073 5835 3212 5885 χιιι,
3247 5817 3336 5874 50.
3395 5817 3441 5850 ”
3479 5815 3602 5874 ibid.
3631 5809 3706 5864 ‘38.
