3938 6530
531 420 639 480 923

1193 408 1460 476 EUSEBII
1494 418 1976 477 CESARIENSIS
2013 420 2162 478 OPP.
2206 421 2387 477 PARS
2426 421 2509 477 ιιι.
2545 453 2613 461 -
2650 416 3057 476 EXEGETICA.

3669 418 3762 473 ἥδ

533 535 726 590 fuisset
749 573 764 595 .
809 533 1056 603 speciose
1097 531 1246 585 hunc
1292 530 1492 601 aliquis
1521 530 1979 601 reprehenderet,
2007 548 2105 588 ceu

2220 537 2301 588 καὶ
2332 534 2567 604 εὐλόγως
2600 551 2684 598 τις
2714 533 2998 605 ἐμέμψατο
3029 532 3104 595 ὡς
3136 530 3530 601 παρεκθεμὲνῳ
3561 531 3651 601 τὴν
3671 533 3764 584 alii

531 628 624 699 qui
660 642 847 697 regum
879 626 1073 681 seriem
1108 623 1438 695 abrupisset.
1492 624 1781 680 Constanti
1826 625 1970 679 enim
2030 626 2107 682 al-

535 722 841 775 llnnatione
872 719 924 772 in
944 716 1151 789 Regum
1182 717 1339 773 libris
1370 728 1422 773 et
1448 719 1502 773 in
1530 716 1960 789 Paralipomenis
1988 728 2110 789 post

529 810 811 868 Joramum
829 809 1113 880 Josaphati
1146 808 1314 864 filium
1346 817 1460 865 tres
1485 809 1829 866 continenter
1858 818 2107 881 regnant,

533 902 838 967 chozias,
885 900 1083 957 Joasus
1132 910 1187 956 et
1224 900 1474 957 Amesias
1515 920 1529 956 :
1565 902 1765 973 quibus
1815 902 2113 957 succedunt

533 992 714 1055 Ozias,
744 990 1066 1047 Joathamus
1095 999 1149 1046 et
1176 990 1448 1047 Achazus.
1485 989 1872 1055 Nihilominus,
1892 1001 2112 1062 praeter-

528 1085 720 1139 missis
780 1083 1114 1153 evangelista
1172 1083 1345 1137 tribus
1378 1082 1672 1153 prioribus,
1709 1080 1929 1138 Joramo
1952 1080 2110 1138 Josa-

534 1174 684 1244 pinati
722 1173 832 1229 filio
854 1174 1037 1229 statim
1068 1174 1342 1230 subnectit
1370 1173 1579 1239 Oziam,
1606 1173 1918 1229 Jotbamum
1952 1186 2113 1245 atque

532 1263 834 1329 Achazum,
879 1264 1237 1320 intermedios
1267 1264 1389 1319 illos
1427 1267 1767 1335 pmteriens.
1826 1264 1881 1319 ld
1917 1266 2000 1330 si,
2030 1267 2114 1320 in-

533 1370 721 1426 quam,
747 1353 967 1410 fecisset
999 1370 1123 1409 cum
1158 1369 1345 1425 regum
1381 1355 1579 1411 seriem
1612 1362 1799 1411 texere
1840 1355 2114 1411 decrevis-

535 1454 640 1511 set,
692 1446 965 1516 scriptura
1005 1444 1126 1516 ejus
1153 1444 1414 1501 mendosa
1456 1445 1859 1515 quodammodo
1903 1446 2111 1503 videre-

538 1552 648 1601 ιιιι.
685 1535 842 1605 Nunc
872 1551 1059 1592 revera
1085 1535 1229 1591 haud
1260 1537 1651 1592 successiones
1680 1537 1776 1594 sed
1809 1539 2113 1609 generatio-

536 1644 636 1684 nes
665 1640 989 1684 enumerare
1016 1627 1121 1683 sibi
1156 1628 1443 1699 proposuit
1480 1647 1492 1683 :
1528 1628 1630 1683 hoc
1667 1629 1813 1684 enim
1844 1630 2117 1701 signiﬁcat

536 1734 721 1774 sermo
748 1718 983 1773 dicentis
1025 1736 1037 1772 :
1091 1736 1108 1769 ι
1146 1717 1348 1774 Omnes
1391 1719 1577 1791 itaque
1629 1722 2011 1790 generationes
2047 1723 2117 1777 ab

536 1804 849 1862 Abrahamo
878 1821 1053 1877 usque
1081 1806 1150 1861 ad
1192 1806 1452 1863 Davidem
1475 1847 1491 1872 ,
1538 1810 1918 1877 generationes
1972 1826 2104 1881 quac

537 1897 839 1953 tuordecim
871 1918 883 1953 :
912 1914 1216 1971 rursusque
1240 1896 1490 1956 aDavide
1513 1915 1687 1971 usque
1712 1901 1780 1956 ad
1794 1900 2115 1958 Jeeboniam
2146 1901 2189 1955 B

538 2003 637 2044 seu
662 1987 730 2042 ad
766 1988 1151 2061 Babylonicam
1196 1990 1735 2063 transmigrationem
1759 2034 1775 2061 ,
1811 1994 2115 2065 generatio-

537 2094 636 2135 nes
684 2080 1096 2151 quatuordecim
1135 2100 1155 2135 ι
1205 2096 1317 2137 non
1366 2082 1747 2139 successiones
1778 2084 2114 2156 quatuorde-

536 2172 679 2239 cim;
710 2172 906 2226 merito
932 2172 1103 2244 igitur
1123 2172 1272 2229 omni
1292 2174 1720 2245 reprehensione
1741 2177 1968 2232 carebit.
1997 2176 2117 2233 Jam

533 2261 665 2333 quia
683 2260 973 2318 Mattheus
1004 2264 1419 2321 successionum
1450 2266 1668 2321 nomine
1699 2282 1810 2323 non
1838 2276 1923 2325 est
1952 2284 2116 2337 usus;

536 2369 725 2427 regum
752 2362 933 2412 autem
962 2356 1189 2414 historia
1220 2368 1274 2414 et
1297 2357 1712 2428 Paralipomena
1741 2360 2119 2416 successiones

536 2454 765 2500 narrant
792 2462 899 2502 non
922 2448 1326 2519 generationes,
1347 2449 1497 2505 nulla
1530 2450 1583 2505 in
1614 2450 1812 2506 horum
1842 2466 2123 2523 compara-

536 2537 687 2592 tione
713 2552 896 2609 pugna
920 2547 1169 2612 apparet.

604 2627 658 2681 2.
674 2631 789 2700 Age
812 2646 940 2686 vero
955 2632 1325 2703 generationis
1338 2635 1561 2690 nomine
1576 2634 1850 2704 appellare
1868 2650 1977 2689 non
1993 2634 2120 2689 licet

540 2718 782 2776 hominis
818 2729 1056 2789 aetatem,
1077 2726 1335 2793 quoniam
1359 2742 1502 2798 saepe
1536 2725 1735 2781 accidit
1762 2726 1883 2781 aliis
1905 2726 2121 2797 quidem

534 2810 773 2866 breviter
794 2814 976 2869 vivere
996 2814 1354 2888 celeriterque
1374 2814 1649 2889 exstingui
1667 2824 1826 2874 aetate
1848 2817 2083 2873 infanti‘li
2105 2836 2118 2883 ;

534 2901 663 2958 aliis
693 2917 868 2973 usque
895 2904 964 2960 ad
1000 2906 1287 2976 pueritiam
1320 2908 1539 2976 venire;
1568 2910 1689 2965 aliis
1726 2910 2120 2979 adjuventam;

537 2991 662 3047 aliis
688 2993 755 3047 ad
783 2993 995 3050 virilem
1026 3004 1242 3052 aetatem
1275 3016 1290 3065 ;
1319 2998 1442 3054 aliis
1471 2998 1713 3071 denique
1739 3001 1806 3055 ad
1825 3008 2123 3055 extremam

539 3098 715 3154 usque
734 3093 1010 3141 senectam
1023 3088 1191 3142 vitam
1210 3088 1531 3159 producere.
1551 3092 1723 3157 Quam
1748 3106 1875 3146 vero
1893 3092 2125 3147 :estima-

537 3188 598 3228 re
622 3172 748 3229 licet
766 3177 1211 3246 generationem?
1227 3179 1494 3250 siquidem
1520 3181 1661 3237 alius
1684 3180 1817 3235 vivit
1847 3196 2022 3251 usque
2049 3182 2112 3235 ad

537 3262 809 3347 decimum
834 3281 1059 3335 annum,
1080 3269 1223 3327 alius
1250 3271 1319 3327 ad
1344 3272 1684 3339 vicesimum,
1701 3273 1844 3329 alius
1868 3272 1936 3328 ad
1965 3273 2117 3344 quin-

537 3356 942 3427 quagesimum,
975 3359 1117 3415 alius
1148 3377 1322 3433 usque
1344 3362 1413 3416 ad
1444 3362 1941 3433 septuagesimum;
1978 3361 2118 3416 alius

536 3446 773 3518 denique
815 3449 900 3504 vel
946 3451 1308 3507 centesimum
1362 3454 1710 3523 superavisse
1757 3468 1961 3507 annum
2009 3468 2118 3507 non

538 3537 684 3610 apud
735 3548 952 3598 veteres
996 3543 1197 3610 solum,
1244 3560 1432 3600 verum
1466 3544 1629 3600 etiam
1664 3545 1808 3616 apud
1857 3561 1959 3600 nos
1990 3560 2122 3600 con-

538 3632 793 3702 spicitur.
846 3632 959 3689 Cur
998 3635 1165 3704 igitur
1190 3636 1514 3692 existimant
1557 3637 1793 3693 hominis
1828 3637 1994 3692 vitam
2024 3652 2121 3707 ap-

538 3722 847 3793 pellandam
897 3739 1022 3781 esse
1054 3726 1497 3803 generationem?
1550 3725 1657 3783 Sed
1691 3742 1869 3798 neque
1909 3735 2121 3798 tempus

540 3828 715 3885 usque
747 3816 813 3870 ad
841 3818 1049 3887 prolem
1081 3817 1259 3888 primo
1304 3828 1614 3889 susceptam
1646 3818 1727 3875 sic
1755 3820 2031 3891 appellare
2056 3819 2122 3873 li-

538 3913 629 3962 cet
655 3926 670 3960 :
701 3921 940 3979 namque
963 3909 1055 3963 alii
1084 3916 1209 3965 ante
1232 3909 1408 3965 aetatis
1440 3926 1643 3964 annum
1665 3910 1992 3983 vigesimum
2020 3927 2123 3981 nu:

539 3998 732 4054 bentes
762 3998 990 4069 gignunt
1043 4016 1063 4055 ι
1108 3999 1201 4053 alii
1236 4016 1304 4056 ne
1345 4008 1469 4071 post
1517 4001 1857 4073 trigesimum
1902 4002 2122 4074 quidem

539 4087 718 4144 aetatis
733 4103 937 4144 annum
960 4109 974 4145 :
992 4097 1047 4146 et
1063 4098 1369 4148 comtaneos
1392 4108 1609 4168 quoque
1632 4093 1985 4158 videas,alios
2000 4094 2123 4165 qui-

541 4179 665 4235 dem
718 4180 773 4235 in
817 4181 993 4253 prima
1028 4182 1280 4254 genitura
1329 4183 1508 4239 adhuc
1544 4184 1931 4249 consistentes,
1984 4184 2122 4240 alios

536 4271 649 4342 jam
696 4274 753 4328 in
785 4282 1036 4345 quartam
1067 4292 1425 4349 progressos;
1470 4279 1543 4333 ita
1576 4287 1635 4334 ut
1668 4277 2122 4351 quinquagesimo

542 4380 687 4419 anno
713 4366 804 4420 alii
833 4377 1059 4439 nepotes
1095 4369 1333 4433 videant,
1393 4371 1485 4425 alii
1526 4387 1655 4426 vero
1684 4358 1753 4428 ne
1778 4370 2120 4442 septuaginta

539 4457 760 4529 quidem
806 4474 1073 4516 annorum
1108 4464 1287 4533 spatio
1320 4464 1529 4534 prolem
1579 4464 1746 4519 ullam
1797 4464 2123 4518 nanciscan-

2211 627 2473 698 βασιλέων
2494 626 2742 697 διαδοχήν
2765 643 2779 655 ν
2806 627 2862 676 ὲν
2882 626 2991 695 γὰρ
3009 626 3130 687 ταῖς
3146 623 3453 685 Βασιλείαις
3474 623 3568 675 καὶ
3592 623 3645 674 ὲν
3667 625 3763 684 τοίς

2212 716 2705 788 Παραλειπομένοις
2724 714 2858 785 (17⁸)
2877 712 3179 783 συμφώνως
3197 714 3333 784 μετά
3357 713 3561 783 Ἰωράμ
3583 712 3666 765 τὸν
3682 713 3763 766 τοῦ

2224 810 2510 878 Ἰωσαφὰτ,
2544 808 2709 880 τριῶν
2752 805 2946 877 ἐφεξῆς
2980 806 3411 877 βασιλευσάντων
3457 803 3663 875 ὐχοζία
3686 807 3766 857 καὶ

2225 901 2372 966 Ἰωὰς
2390 902 2484 956 καὶ
2520 901 2764 971 Ἀμεσία,
2782 895 2899 952 εἶτα
2918 903 3032 970 μετ’
3049 900 3241 962 αὐτοὺς
3266 898 3420 961 Ὀζία
3436 899 3531 951 καὶ
3560 897 3766 967 Ἰωαθάμ

2213 996 2306 1048 καὶ
2327 992 2519 1065 ’Λχαζ,
2540 991 2821 1065 παρελθὼν
2836 992 2961 1055 τοὺς
2975 992 3268 1063 προτέρους
3283 992 3411 1051 τοὺς
3425 992 3575 1061 τρεῖς
3591 991 3617 1041 6
3628 989 3764 1056 εὑαγο

2212 1089 2483 1160 γελιστὴς,
2501 1086 2637 1159 μετά
2662 1085 2864 1158 Ἰωράμ
2886 1086 2976 1139 τὸν
2988 1085 3081 1137 τοῦ
3108 1082 3373 1152 Ἰωσαφὰτ
3388 1082 3515 1152 ἑξῆς
3533 1081 3765 1133 συνάπτει

2213 1184 2301 1236 τὸν
2318 1182 2495 1247 Ὀζὶαν
2524 1180 2616 1235 καὶ
2641 1179 2729 1233 τὸν
2745 1178 2980 1248 ’ῐωάθαμ
3004 1177 3199 1230 καὶτὸν
3222 1176 3415 1245 Ἀχαζ,
3432 1175 3559 1236 τοὺς
3574 1176 3767 1245 εἱρημέ-

2214 1294 2335 1341 νους
2369 1274 2569 1347 μεταξὺ
2598 1272 2880 1346 παρελθών
2903 1290 2915 1302 ο
2946 1271 3103 1324 τοῦτο
3131 1270 3174 1324 δ’
3204 1272 3249 1322 εἱ
3279 1272 3569 1340 πεποιήκει
3594 1269 3768 1322 σκοπὸν

2215 1369 2437 1439 θέμενος
2464 1368 2561 1438 τὴν
2606 1366 2715 1420 τῶν
2745 1364 3005 1435 βασιλέων
3049 1362 3295 1433 διαδοχὴν
3340 1362 3617 1427 ἐκθέσθαι,
3656 1363 3771 1433 χρῆν

2212 1462 2288 1524 ὼς
2317 1458 2707 1532 ἡμαρτημένην
2750 1456 3001 1510 ἐκθέσθαι
3050 1454 3147 1525 τὴν
3193 1456 3324 1525 παρ’
3356 1453 3507 1524 αὺτῷ
3542 1457 3769 1523 γραιρήν·

2216 1552 2401 1623 ἐπειδὴ
2433 1551 2488 1604 δὲ
2516 1552 2576 1604 οὑ
2612 1547 2882 1619 διαδοχὰς,
2912 1547 3046 1601 ἀλλά
3073 1545 3265 1616 γενεάς
3291 1544 3597 1617 ἀριθμῆσαι
3640 1546 3775 1614 api/4.

2217 1644 2356 1707 θετο,
2382 1642 2539 1696 τοῦτο
2560 1640 2668 1712 γάρ
2698 1643 2725 1695 6
2750 1639 2904 1708 λόγος
2926 1638 3073 1709 αὐτῷ
3102 1638 3347 1708 βούλεται
3373 1638 3608 1707 φήσαντι
3640 1655 3657 1687 ι
3684 1637 3774 1690 Πᾶ-

2218 1753 2306 1789 σαι
2332 1734 2423 1787 οὖν
2456 1735 2512 1787 αἱ
2545 1734 2730 1802 γενεαὶ
2762 1730 2869 1785 ἀπὺ
2906 1728 3155 1801 Ἀϐραάμ
3188 1728 3348 1799 μέχρι
3391 1726 3576 1789 Δαϐὶδ,
3616 1728 3776 1793 γενεαὶ

2215 1829 2610 1899 δεκατέσσαρες
2630 1842 2644 1857 ·
2674 1826 2768 1879 καὶ
2801 1824 2959 1879 πάλιν
2991 1823 3099 1877 ἀπὸ
3140 1821 3304 1875 Δαϐἱδ
3347 1821 3510 1893 μέχρι
3558 1820 3774 1889 Ἰεχονίου

2219 1921 2311 1975 κα)⁵
2357 1920 2457 1991 τῆς
2492 1918 2842 1991 μετοικησίας
2887 1915 3222 1979 Βαϐυλῶνος,
3251 1915 3437 1983 γενεαὶ
3473 1914 3776 1968 δεκατέσσα-

2220 2032 2311 2087 ρες
2347 2035 2365 2067 ι
2396 2014 2508 2068 ἀλλ’
2534 2013 2595 2066 οὑ
2632 2011 2869 2082 διαδοχαὶ
2900 2010 3315 2080 δεκατέσσαρες,
3354 2007 3583 2069 εἰκότως
3625 2004 3777 2074 πάσης

2218 2108 2491 2162 ἀπολύοιτ⁹
2530 2107 2595 2161 ἂν
2650 2106 3006 2177 κατηγορίας·
3052 2104 3172 2158 ἐπεὶ
3217 2101 3303 2156 διὰ
3350 2100 3403 2154 τί
3439 2099 3515 2170 μὴ
3557 2098 3777 2169 διαδοχὰς

2218 2201 2489 2272 ὠνόμασε,
2522 2200 2619 2268 τῆς
2645 2198 2701 2252 δὲ
2742 2200 2798 2251 ὲν
2842 2200 2963 2260 ταῖς
2979 2195 3284 2258 Βασιλείαις
3323 2194 3418 2247 καὶ
3453 2191 3771 2263 Παραλειπο-

2223 2295 2404 2365 μένοις
2439 2293 2677 2365 ἱστορίας
2709 2289 2959 2361 διαδοχάς
2984 2280 3103 2343 ἀλλ’
3140 2290 3201 2342 οὐ
3240 2286 3433 2358 γενεάς
3462 2288 3775 2359 ἱστορούσης,

2219 2387 2318 2441 οὐκ
2352 2387 2417 2441 ἂν
2441 2386 2648 2455 γένοιτο
2688 2383 2991 2454 ἐναντίωμα
3021 2385 3085 2437 ὲκ
3124 2382 3223 2453 τῆς
3256 2381 3583 2451 ἀμφοτέρων
3627 2396 3775 2451 παρσ-

2222 2480 2440 2543 θέσεως.

2295 2638 2357 2709 β’.
2393 2638 2589 2692 Γενεάν
2623 2636 2730 2708 γάρ
2762 2637 2953 2708 χρόνον
2977 2634 3262 2707 ἀνθρώπου
3296 2634 3444 2705 ζωῆς
3478 2634 3581 2704 οὐχ
3611 2628 3773 2686 cicini

2223 2731 2370 2783 ἐστιν
2412 2726 2716 2799 ὀνομάζειν,
2758 2726 2880 2780 ἐπεὶ
2920 2725 3205 2795 συμϐαίνει
3255 2723 3517 2787 πολλάκις
3551 2723 3670 2787 τοὺς
3695 2722 3773 2792 μὲν

2223 2824 2315 2876 ἐπὶ
2338 2822 2509 2894 βραχὺ
2537 2821 2744 2891 βιῶναι,
2770 2817 2862 2873 καὶ
2887 2816 3079 2871 θᾶττον
3109 2814 3517 2885 ἀποσϐεσθῆναι
3538 2812 3674 2866 κατὰ
3694 2814 3773 2881 τὴν

2223 2908 2315 2961 τοῦ
2348 2908 2533 2971 παιδὸς
2557 2908 2792 2979 ἡλικίαν,
2818 2907 2944 2969 τοὺς
2968 2906 3025 2959 δὲ
3056 2905 3215 2975 μέχρι
3244 2904 3335 2957 τοῦ
3368 2902 3651 2974 μειρακίου
3671 2901 3775 2968 φθά-

2227 3019 2337 3065 σαι,
2367 3002 2491 3066 τοὺς
2508 3000 2564 3054 δὲ
2594 3001 2685 3053 ἐπὶ
2702 3000 2794 3053 τὸν
2811 3000 3027 3079 νεανίαν
3059 2996 3362 3069 προελθεῖν,
3386 2998 3513 3061 τοὺς
3531 2996 3588 3049 δὲ
3607 2994 3773 3048 ὲπὶτδν

2226 3094 2413 3163 ἄνδρα,
2436 3094 2562 3157 τοὺς
2586 3092 2643 3146 δὲ
2679 3092 2769 3147 καὶ
2792 3092 2877 3146 ἐπ’
2910 3092 3135 3162 ἔσχατον
3162 3090 3337 3161 γῆρας
3364 3091 3679 3160 παρατεῖναι
3692 3088 3771 3156 τὴν

2226 3185 2370 3257 ζωήν
2393 3202 2407 3216 ο
2428 3184 2587 3238 ποίαν
2604 3179 2696 3238 οὖν
2718 3201 2801 3248 τις
2821 3182 3111 3254 ἀριθμήσει
3142 3181 3333 3250 γενεάν
3353 3198 3367 3244 ;
3393 3182 3443 3232 εἱ
3471 3182 3499 3231 6
3523 3180 3618 3249 μὲν
3641 3178 3770 3248 φέρει

2222 3275 2383 3347 μέχρι
2397 3274 2622 3329 δεκάτου
2643 3274 2815 3337 ἔτους,
2835 3275 2864 3325 6
2878 3272 2933 3326 δὲ
2950 3272 3140 3343 μέχρις
3176 3268 3444 3331 εἰκοστοῦ,
3472 3272 3500 3323 6
3525 3270 3581 3323 δὲ
3602 3269 3766 3339 μέχρις

2220 3359 2606 3433 πεντηκοστοῦ,
2624 3361 2779 3425 ἀλλος
2789 3361 2847 3415 δὲ
2865 3360 3055 3433 μέχρις
3069 3358 3488 3429 ὲῶομηκοστοῦ,
3501 3361 3530 3411 6
3544 3358 3597 3411 δὲ
3620 3359 3701 3411 καὶ
3714 3356 3768 3408 τὰ

2220 3454 2409 3508 ἑκατὸν
2422 3453 2663 3526 ὑπερϐὰς
2672 3452 2733 3507 οὒ
2753 3453 2909 3524 μόνον
2930 3451 3141 3505 ἐπὶτῶν
3158 3450 3400 3505 παλαιῶν
3416 3450 3551 3504 ἀλλὰ
3568 3450 3654 3503 καὶ
3666 3445 3767 3503 καθ’

2218 3550 2366 3617 ἡμᾶς
2383 3549 2599 3620 ὁρᾶται·
2627 3546 2743 3606 πῶς
2770 3541 2863 3599 οὖν
2884 3545 3081 3598 οἴονται
3104 3544 3202 3615 τὴν
3231 3544 3517 3615 ἀνθρώπου
3544 3544 3677 3614 ζωὴν
3696 3558 3761 3608 γε·

2220 3641 2344 3694 νεάν
2358 3639 2642 3711 ὀνομάζειν
2663 3656 2677 3704 ;
2696 3636 2808 3692 ἀλλ’
2824 3636 2943 3690 οὐδὲ
2964 3635 3125 3707 μέχρι
3142 3634 3240 3705 τῆς
3259 3634 3669 3697 παιῶποιῖαςόἱ
3684 3634 3766 3703 μὲν

2220 3730 2328 3799 γὰρ
2359 3730 2463 3801 πρὸ
2484 3729 2592 3783 τῶν
2625 3730 2792 3781 εἴκοσι
2825 3726 2960 3779 ἐτῶν
2989 3727 3265 3795 γήμαντες
3295 3724 3765 3793 πεπαιδοποὶηνται,

2219 3824 2266 3876 οἱ
2297 3822 2353 3875 δὲ
2375 3821 2496 3875 οὐδὲ
2532 3818 2672 3891 ὑπὲρ
2692 3818 2759 3871 τά
2778 3817 3066 3889 τρίακοντα
3084 3815 3365 3885 γενόμενοι
3386 3832 3399 3845 ·
3432 3815 3526 3868 καὶ
3558 3812 3654 3866 τῶν
3676 3814 3767 3879 lar,-

2220 3916 2383 3968 λίκων
2422 3911 2477 3967 δὲ
2504 3913 2632 3977 ἴδοις
2660 3912 2724 3966 ἂν
2757 3913 2880 3973 τοὺς
2931 3909 3029 3980 μὲν
3053 3908 3145 3961 ἐπὶ
3184 3907 3431 3979 πρώτους
3463 3910 3605 3969 υἱοὺς
3636 3904 3764 3959 στάν·

2218 4026 2337 4072 τας,
2380 4008 2507 4077 τοὺς
2545 4005 2601 4059 δὲ
2645 4003 2736 4058 ἐπὶ
2784 3999 3135 4074 τετραγονίαν
3182 3999 3507 4064 ἐλάσαντας
3554 3998 3682 4051 ῶστε
3718 3998 3763 4048 ὲν

2222 4101 2556 4171 πεντήκοντα
2590 4097 2756 4160 ἔτεσι,
2783 4097 2908 4160 τοὺς
2938 4097 3035 4166 μὲν
3069 4098 3323 4166 ἐκγόνους
3346 4091 3652 4155 θεάσασθαι,
3678 4088 3763 4141 ὲτέ-

2224 4208 2346 4264 ρους
2377 4190 2433 4244 δὲ
2465 4191 2522 4243 ὲν
2565 4188 2932 4260 ἑϐδομήκοντα
2966 4188 3189 4261 μηδενὸς
3232 4184 3528 4254 ἀξιωθῆναι
3571 4179 3760 4242 παιδός·

2221 4280 2338 4343 πῶς
2395 4276 2489 4334 οὖν
2532 4279 2860 4351 ἀριθμητέον
2909 4278 3009 4343 τάς
3058 4280 3281 4349 γενεάς;
3331 4276 3557 4346 πότερον
3586 4276 3646 4326 ὲκ
3678 4269 3765 4323 τῶν

2225 4371 2534 4444 μακροϐίων
2565 4372 2597 4442 ἦ
2620 4370 2728 4424 τῶν
2755 4371 3038 4438 ὀλιγοϐίων
3060 4388 3073 4436 ;
3100 4370 3195 4425 καὶ
3225 4373 3288 4423 ὲκ
3312 4370 3420 4423 τῶν
3440 4368 3576 4438 ταχυ
3606 4380 3767 4417 mm-

2221 4462 2612 4534 δοποιημένων,
2650 4462 2682 4533 ἢ
2710 4462 2818 4516 τῶν
2852 4461 3127 4534 βραδέων;
3158 4464 3251 4516 καὶ
3285 4464 3349 4515 ὲκ
3386 4460 3495 4513 τῶν
3528 4458 3616 4512 ἐπὶ
3644 4456 3765 4527 πρώ-

540 4559 649 4605 tur.
684 4551 804 4619 Quo
831 4560 992 4624 pacto
1017 4553 1186 4625 igitur
1212 4553 1567 4611 numeranda:
1600 4562 1782 4610 essent
1811 4554 2116 4626 generatio-

2222 4554 2334 4617 τοὶς
2362 4552 2499 4617 υἱοῖς
2541 4551 2995 4623 σαλευσάντων,ἢ
3028 4554 3089 4606 ὲκ
3122 4552 3228 4605 τῶν
3264 4552 3355 4605 ἐπὶ
3392 4551 3597 4604 πλείοσι
3621 4546 3767 4602 διαδο-

539 4657 660 4707 nes,
689 4658 722 4697 a
748 4645 1039 4701 macrobiis
1062 4660 1132 4700 an
1162 4645 1232 4700 ab
1257 4645 1691 4716 oligocbroniis?
1725 4660 1755 4699 a
1782 4638 2013 4709 mature,
2046 4658 2116 4699 an

2223 4648 2377 4716 χαῖς;
2412 4638 2487 4699 ὧν
2525 4645 2696 4710 οὕτως
2741 4646 3119 4718 ἐξητασμένων
3150 4646 3179 4698 6
3222 4646 3362 4709 θεῖος
3407 4642 3763 4714 εὐαγγελιστὴῖ

541 4750 574 4789 a
615 4748 739 4789 sero
785 4735 1166 4807 gignentibus?
1217 4737 1287 4793 ab
1334 4738 1403 4793 iis
1452 4738 1543 4809 qui
1573 4738 1629 4792 in
1658 4737 1831 4808 prima
1866 4736 2117 4806 genitura

541 4834 851 4890 versantur,
887 4843 955 4883 an
988 4827 1145 4883 abiis
1177 4828 1385 4899 quibus
1410 4828 1522 4900 jam
1549 4828 1735 4900 plures
1761 4826 1919 4883 liberi
1945 4828 2117 4889 sunt?

539 4912 753 4985 Quibus
784 4916 856 4972 ita
889 4920 1173 4989 perpensis
1217 4919 1379 4977 divus
1427 4920 1782 4991 evangelista,
1816 4919 1959 4975 haud
1992 4935 2116 4975 suc-

539 5007 819 5064 cessiones
848 5010 1090 5066 scribere
1116 5010 1477 5074 studens,sed
1510 5013 1890 5083 generationes
1920 5026 2116 5067 secun-

538 5098 668 5153 dum
695 5100 963 5156 rationem
995 5102 1100 5158 sibi
1132 5104 1469 5175 exploratam
1499 5118 1827 5159 enumerans
1847 5146 1861 5169 ,
1894 5118 2115 5159 succes-

540 5193 758 5248 sionum
811 5193 1099 5251 historiam
1145 5196 1410 5269 neglexit;
1466 5203 1545 5250 tot
1582 5210 1712 5250 vero
1760 5196 2006 5252 homines
2047 5194 2115 5249 ad

540 5284 909 5357 genealogiam
944 5289 1263 5359 assumpsit,
1296 5296 1432 5359 quot
1456 5288 1503 5343 ei
1528 5286 1866 5343 suﬂiciebant
1887 5287 1955 5343 ad
1986 5303 2115 5359 qua-

2221 4736 2281 4788 οὐ
2314 4734 2562 4805 διαδοχάς
2599 4733 2929 4806 προθέμενος
2979 4736 3172 4798 εἱπεῖν,
3223 4734 3412 4803 γενεάς
3437 4734 3514 4798 δὲ,
3547 4731 3661 4787 καθ’
3686 4728 3762 4791 οὓς

2223 4827 2385 4892 αὐτὸς
2411 4826 2680 4897 ἠπίστατο
2704 4826 2895 4895 λόγους
2916 4826 3027 4897 (18)
3046 4825 3546 4897 ἀπαριθμούμενος,
3567 4824 3659 4893 τῆς
3682 4820 3761 4892 μὲν

2222 4920 2279 4971 ὲν
2308 4920 2428 4981 ταῖς
2450 4917 2711 4989 ἱστορίαις
2750 4916 3000 4987 διαδοχῆς
3037 4910 3197 4986 ἦττον
3235 4915 3578 4986 πεφρόντικε,
3607 4908 3760 4964 τοσού-

2220 5028 2344 5073 τους
2372 5008 2741 5081 ἀναλαμϐἀνει
2763 5010 2841 5073 εἱς
2859 5008 2956 5079 τὴν
2976 5008 3346 5078 γενεαλογίαν,
3368 5008 3482 5061 ὅσοι
3510 5006 3759 5076 ἀπήρκουν

2219 5101 2368 5170 αὑτῴ
2399 5103 2479 5164 εἱς
2506 5100 2851 5171 ἐκπλήρωσιν
2880 5100 2986 5152 τῶν
3012 5100 3423 5171 δεκατεσσάρων
3452 5096 3667 5167 γενεῶν·
3692 5091 3757 5146 oi-

2216 5208 2322 5255 τως
2351 5209 2409 5244 τε
2448 5192 2605 5263 αὐτῷ.
2626 5190 2781 5262 ὑγιὴς
2818 5189 3199 5255 ἀποσώζεταιὸ
3228 5190 3402 5259 λόγος,
3429 5189 3521 5241 καὶ
3543 5181 3756 5253 οὐδαμῶς

2216 5286 2455 5349 ἐναντίος
2492 5288 2557 5356 τῇ
2593 5286 2701 5339 τῶν
2734 5285 2979 5355 ἱστοριῶν
3007 5288 3209 5357 γραφῇ.

539 5376 839 5433 tuordecim
868 5389 1247 5450 generationes
1274 5381 1590 5453 explendas.
1646 5379 1738 5436 Sic
1762 5382 1880 5453 ejus
1906 5381 2179 5437 veridicus
2220 5396 2400 5437 sermo
2438 5388 2542 5445 est,
2563 5397 2737 5451 neque
2794 5381 3015 5436 omnino
3076 5378 3380 5436 contrarius
3439 5372 3754 5430 historiarum

539 5468 840 5524 traditioni.

610 5645 745 5720 (13‘)
765 5646 921 5720 Δςῖοά,
962 5647 1087 5701 lem.
1125 5664 1340 5720 genere.
1381 5648 1646 5720 Sicante,
1687 5657 1741 5720 9t
1771 5647 1931 5720 infra.

636 5715 724 5788 l8)
765 5715 1073 5773 Matthequ
1110 5715 1264 5788 putat
1302 5717 1569 5773 Eusebius
1603 5715 1969 5788 generationis
2012 5731 2105 5769 vo.

544 5786 738 5841 cabulo
771 5795 980 5841 certum
1031 5786 1320 5857 quemdam
1372 5802 1435 5841 ac
1472 5786 1767 5843 solemnem
1805 5786 2107 5856 intelligere

541 5868 809 5912 annorum
855 5856 1163 5913 numerum.
1207 5856 1458 5914 Proici-to
1492 5858 1559 5914 de
1597 5860 1881 5928 temporali
1918 5858 2105 5927 γενεᾶς

2220 5647 2396 5716 spatio
2446 5642 2820 5716 controversia
2853 5642 3017 5716 inter
3062 5650 3272 5716 veteres
3325 5642 3461 5716 satis
3504 5648 3620 5716 nota
3660 5644 3747 5694 est.

2216 5710 2379 5785 quam
2421 5730 2521 5784 ego
2556 5714 2671 5786 ipse
2716 5712 2986 5786 att_igi__in
3027 5713 3501 5786 adnotationibus
3528 5710 3603 5786 ad_
3632 5721 3748 5786 nor.

2216 5777 2516 5856 fragmenta
2576 5777 2847 5854 Dionysii
2875 5783 3045 5841 Italic.
3090 5798 3190 5853 cap
3240 5784 3327 5851 l5,
3380 5797 3433 5837 ιι.
3476 5782 3528 5847 ι,
3573 5777 3743 5846 Script.

2214 5868 2317 5913 vet.
2352 5866 2390 5911 t.
2414 5854 2479 5921 ιι,
2514 5870 2568 5928 p.
2602 5853 2726 5911 ιιι.

2305 5897 2317 5910 ο
2354 5894 2390 5911 10
2417 5894 2479 5921 1.,
2516 5894 2568 5921 ΙΙ.
2602 5894 2726 5911 ‘I‘l
