3938 6524
106 453 200 506 959

650 446 1118 516 ρυιΕὸΤΙΟΝΕΒ
1156 442 1618 499 ΕνΑΝϐΕίᾸΕέΕ
1657 443 1693 495 Α

1797 440 2221 496 ΞΡΕΡΗΑΝΙῚΜ.
2267 473 2333 481 -—
2374 439 2703 506 ΟΕτΕὸἸΊΟ
2746 439 2859 496 XV.

3247 444 3350 499 930

107 561 383 624 ἐκαθέζετο
411 559 885 631 βαέιλεύων,.τάχα
915 575 1018 611 που
1050 557 1108 621 ἐξ
1148 557 1435 624 ἐλέφαντος
1463 553 1556 607 καί
1586 551 1678 616 ξύ.

1801 571 1834 607 n
1879 562 1986 623 quo
2027 570 2118 607 rex
2167 554 2404 614 residet,
2451 554 2615 607 ebore
2655 562 2780 622 puta
2831 553 3100 624 [ignisque
3125 560 3348 630 c0nipa~

107 653 201 706 λων
245 651 654 720 πεποιημένον,
704 648 891 720 χρυσῷ
941 666 1000 701 τε
1036 648 1127 700 καὶ
1174 646 1339 710 λίθοις
1382 645 1677 715 βασιλικοῖς

107 743 531 814 κεκοσμημένον·
562 741 682 795 καθ’
709 742 892 814 ἓτερον
924 741 979 794 δὲ
1007 741 1129 794 καθ’
1163 741 1220 793 ὃν
1249 740 1349 811 τὴν
1380 739 1552 811 ἀρχὴν
1585 739 1679 792 αύ-

105 838 191 908 τὴν
218 837 314 891 καὶ
345 835 446 905 τὴν
471 835 611 889 κατὰ
633 835 830 898 παντὸς
859 833 952 888 τοῦ
979 834 1164 897 ἔθνους
1207 831 1519 904 ἠγεμονίαν,
1551 831 1678 902 Θρό-

105 949 183 984 νον
217 928 497 1000 βασιλείας
539 927 809 999 εἰώθαμεν
855 926 1168 981 ἀποκαλεῖν-
1201 925 1381 996 τρίτος
1436 925 1502 978 ἂν
1530 925 1677 996 παρὰ

106 1025 220 1090 τους
250 1022 579 1094 εἰρημένους
633 1020 849 1091 λεχθείη
877 1019 1077 1091 τρόπος
1102 1061 1115 1083 ,
1157 1017 1279 1071 καθ’
1314 1017 1372 1070 ὃν
1420 1019 1448 1069 ὁ
1502 1019 1666 1086 ἐπηγο

107 1116 359 1186 γελμὲνος
393 1113 499 1167 ὑπὸ
529 1113 624 1167 τοῦ
649 1111 784 1166 Θεοῦ
822 1111 899 1182 τῷ
951 1110 1115 1164 Δαϐὶδ
1143 1110 1329 1182 θρόνος
1354 1109 1677 1181 όνομασθείη

109 1204 163 1257 ἂν
192 1201 384 1265 αὐτοῦ,
420 1203 522 1256 ούκ
552 1202 636 1270 ἐφ’
659 1201 717 1254 ὃν
738 1200 900 1265 αὐτὸς
924 1199 1212 1272 ὲκαθέσθη,
1237 1199 1347 1252 ἀλλ’
1375 1200 1432 1252 ὃν
1463 1199 1552 1253 διὰ
1573 1199 1679 1253 τῶν

108 1296 231 1367 πρὸς
261 1297 429 1348 αὑτὸν
449 1293 766 1367 θεοπρεπῶν
790 1295 838 1348 οἱ
867 1293 999 1347 θεῖοι
1031 1293 1178 1362 λόγοι
1224 1293 1556 1364 περιέχουσι·
1589 1292 1680 1360 γέ-

108 1401 340 1458 γραπται
371 1383 480 1456 γὰρ
537 1387 596 1438 ὲν
650 1381 990 1454 ὀγδοηκοστῷ
1039 1383 1209 1454 ὀγδόῳ
1254 1382 1470 1454 ψαλμῷ·
1512 1401 1530 1433 ι
1593 1383 1680 1447 Ὡς
1724 1412 1727 1413 ν

107 1477 285 1548 ὤμοσα
315 1475 484 1528 Δαϐὶδ
504 1474 581 1545 τῷ
611 1474 781 1546 δούλῳ
812 1475 1056 1547 μου,’ἐως
1077 1474 1169 1527 τοῦ
1192 1474 1383 1537 αἰῶνος
1412 1475 1682 1543 ἑτοιμάσω

109 1569 160 1624 τὺ
189 1569 417 1639 σπέρμα
447 1584 572 1621 σου·
605 1567 702 1622 καὶ
755 1568 1092 1638 οἰκοδομήσω
1138 1570 1217 1631 είς
1250 1568 1442 1636 γενεὰν
1473 1568 1564 1619 καὶ
1593 1582 1684 1634 γε-

110 1661 222 1714 νεὰν
287 1660 380 1714 τὸν
460 1659 646 1732 θρόνον
711 1676 828 1713 σου.
863 1677 881 1710 ι
921 1659 1030 1712 Καὶ
1090 1657 1270 1712 πάλινο
1312 1677 1329 1708 ι
1369 1656 1478 1710 Καὶ
1520 1654 1680 1726 θήσο-

113 1769 194 1824 μαι
227 1753 312 1815 εἰς
362 1751 457 1804 τὸν
489 1749 656 1804 αἰῶνα
688 1750 782 1804 τοῦ
837 1749 1029 1812 αἰῶνος
1096 1749 1158 1802 τὸ
1217 1746 1438 1819 σπέρμα
1493 1744 1680 1810 αὑτοῦ,

109 1843 189 1897 καὶ
211 1844 303 1895 τὸν
335 1841 523 1913 θρόνον
562 1841 726 1895 αὑτοῦ
748 1841 822 1906 ὡς
853 1841 951 1904 τὰς
984 1842 1197 1913 ἡμέρας
1226 1840 1316 1894 τοῦ
1375 1838 1625 1911 ούρανοῦ.
1656 1858 1676 1892 ι

111 1937 208 1990 Καὶ
245 1935 426 1989 πάλιψ
467 1954 484 1985 ι
525 1933 706 1999 ’Ἀπαξ
734 1932 922 2006 ῶμοσα
946 1937 1003 1987 ἐν
1032 1934 1109 2004 τῷ
1155 1934 1294 2004 ἁγίῳ
1348 1951 1468 2004 μου,
1524 1935 1570 1986 εί
1603 1932 1682 2004 τῷ

111 2025 265 2080 Δαὸὶδ
294 2026 590 2097 ψεύσομαι,
624 2026 684 2078 τὸ
719 2026 941 2097 σπέρμα
965 2023 1129 2079 αὐτοῦ
1159 2026 1238 2087 εἰς
1266 2025 1354 2077 τὸν
1391 2024 1564 2078 αἰῶνα
1591 2025 1686 2096 μέ-

111 2135 197 2183 νει,
228 2121 327 2172 καὶ
355 2121 383 2171 ὁ
416 2117 606 2189 θρόνος
629 2116 793 2171 αὐτοῦ
825 2116 900 2180 ὡς
924 2118 951 2170 ὀ
984 2116 1134 2186 ἥλιος
1163 2115 1404 2168 ἐναντίον
1439 2132 1560 2185 μου,
1593 2114 1688 2168 καὶ

111 2213 174 2275 ὡς
200 2214 241 2283 ἡ
264 2211 466 2281 σελήνη
497 2207 907 2280 κατηρτισμένη
935 2210 1012 2271 εἰς
1036 2207 1126 2259 τὸν
1155 2206 1347 2268 αἰῶνα,
1382 2206 1476 2258 καὶ
1502 2209 1528 2257 ὁ
1558 2205 1689 2276 μάρ-

111 2320 193 2367 τυς
232 2305 292 2356 ἐν
323 2301 540 2374 οὐρανῷ
567 2302 811 2366 πιστός.»

172 2392 241 2464 β’.
288 2393 444 2446 Ἐπεὶ
469 2393 648 2446 τοίνυν
673 2391 860 2462 θρόνον
911 2391 986 2454 ὡς
1017 2391 1116 2454 τὰς
1148 2390 1358 2462 ἡμέρας
1407 2390 1498 2443 τοῦ
1529 2391 1689 2459 ούρα-

113 2484 218 2549 νοῦ,
256 2485 351 2538 καὶ
375 2485 452 2547 ὡς
477 2483 568 2535 τὸν
602 2482 773 2536 αἰῶνα
801 2482 1122 2553 διαμένοντα
1169 2481 1360 2534 δώσειν
1387 2479 1689 2551 ὲπὴγγελτο

112 2577 188 2630 διὰ
218 2577 331 2630 τῶν
357 2578 662 2646 εἰρημένων
700 2577 728 2628 ὁ
760 2575 892 2639 Θεὸς
942 2574 1019 2646 τῷ
1051 2575 1235 2637 Δαεῆδ,
1271 2575 1436 2645 πολλὴ
1464 2573 1562 2644 μέν
1608 2591 1690 2637 τις

113 2665 170 2740 ἦν
197 2671 294 2724 διὰ
323 2669 495 2723 ταῦτα
544 2669 622 2740 τῷ
669 2671 832 2722 παντὶ
872 2670 1137 2723 Ἰουδαίων
1195 2668 1336 2722 ἔθνει
1394 2667 1688 2739 προσδοκία

116 2766 238 2834 περὶ
273 2764 368 2817 τοῦ
391 2763 719 2834 δηλωθέντος
752 2763 961 2836 θρόνουο
995 2762 1197 2833 βραχὺν
1257 2763 1312 2815 δὲ
1359 2761 1549 2832 χρόνον
1595 2761 1688 2814 τοῦ

113 2854 273 2907 Δαϐὶδ
330 2854 701 2925 ἡγησαμένου,
757 2854 849 2906 καὶ
906 2853 1212 2924 Σολομῶνος
1266 2855 1380 2924 μετ’
1415 2855 1598 2916 αὑτὸν,
1628 2854 1687 2906 ού

119 2945 216 3016 μὴν
245 2945 381 2999 ἀλλὰ
410 2948 504 2998 καὶ
528 2945 634 2998 τῶν
655 2945 915 3016 διαδόχων
947 2945 1046 3016 τῆς
1074 2946 1250 2999 αὐτῶν
1304 2946 1578 3016 βασιλείας
1611 2933 1690 3009 εἰς

125 3037 378 3107 Ἰεχονίαν
407 3038 500 3090 καί
552 3038 651 3108 τὴν
684 3039 762 3101 εἰς
795 3036 1086 3090 Βαϐυλῶνα
1120 3037 1492 3108 αἰχμαλωσίαν
1524 3054 1692 3090 κατα-

118 3129 481 3200 σ-τρεψάντων,
509 3129 584 3192 ὡς
613 3129 670 3194 ἐξ
694 3128 900 3182 ἐκείνου
932 3129 1184 3183 λελύσθαι
1221 3130 1312 3183 τὸν
1357 3129 1542 3201 θρόνον
1592 3132 1691 3203 τῆς

118 3220 387 3289 βασιλείας
422 3219 605 3282 Δαὸὶδ,
655 3219 826 3272 ἐδόκει
856 3219 927 3273 τὰ
979 3220 1078 3290 τῆς
1105 3221 1212 3274 τῶν
1236 3220 1393 3274 θείων
1427 3222 1690 3293 χρησμῶν

115 3313 445 3384 ίπαγγελίας
481 3315 554 3384 μὴ
580 3313 944 3368 συνὶσ·ιτασθοιι⁸
971 3314 1128 3367 τοῦτο
1168 3310 1261 3368 οὖν
1283 3313 1415 3367 αὐτὸ
1444 3315 1521 3386 τῷ
1562 3313 1689 3385 θείῳ

116 3402 390 3474 Πνεύματι
426 3403 588 3457 πάλιν
620 3405 648 3455 ὁ
708 3404 869 3467 αὐτὸς
894 3403 1107 3475 eum;
1152 3405 1509 3476 προαγορεύει
1567 3405 1693 3475 ἑξῆς

119 3497 218 3558 τοῖς
246 3495 716 3566 προπαρατεθεῖσι
743 3494 939 3564 λέγων’
996 3516 1014 3547 ι
1054 3496 1160 3550 Ποῦ
1185 3499 1290 3551 εἰσι
1323 3497 1391 3550 τὰ
1422 3498 1546 3569 ὲλέη
1600 3514 1694 3550 σου

117 3584 180 3638 τὰ
204 3587 432 3657 ἀρχαῖα,
466 3585 660 3658 Κύριε,
688 3587 724 3640 ἃ
745 3585 964 3658 ὤμοσας
994 3587 1074 3659 τῷ
1099 3588 1260 3641 Δαδὶὸ
1282 3591 1338 3642 ὲν
1367 3592 1433 3660 τῇ
1470 3587 1699 3661 ἀληθείᾳ

121 3691 241 3744 σου;
266 3696 308 3728 -ι
351 3678 462 3729 Καί¹
490 3678 592 3749 τήν
611 3695 675 3746 γε
708 3678 1028 3751 καθαίρεσιν
1055 3679 1154 3750 τῆς
1210 3679 1486 3750 βασιλείας
1508 3680 1694 3746 αὑτοῦ,

120 3771 205 3823 καί
231 3771 337 3842 τῆς
366 3771 616 3842 διαδοχῆς
647 3770 833 3836 αὑτοῦ,
851 3770 942 3826 τοῦ
971 3771 1160 3845 θρόνου
1194 3790 1252 3825 τε
1282 3771 1381 3845 τὴν
1397 3790 1700 3844 καταστρο-

123 3862 218 3932 φὴν
254 3862 558 3935 διαρρήδην
607 3864 965 3934 ὑποσημαίνει
999 3865 1158 3919 πάλιν
1192 3864 1317 3934 ἑξῆς
1350 3864 1438 3918 διὰ
1471 3865 1695 3918 τούτων’

127 3973 146 4006 ι
178 3955 248 4009 Σὺ
278 3955 341 4010 δὲ
372 3955 580 4011 ἀπώσω
631 3959 724 4010 καὶ
770 3956 1151 4025 ὲξουδένωσας,
1189 3957 1380 4028 Κύριε·
1437 3958 1698 4012 ἀνεθὰλου

121 4049 206 4102 τὸν
234 4049 478 4121 Χριστόν
505 4066 619 4113 σου,
649 4051 1020 4124 κατέστρεψας
1053 4052 1149 4124 τὴν
1169 4053 1434 4124 διαθήκην
1462 4052 1553 4107 τοῦ
1575 4052 1696 4107 δού-

122 4138 210 4195 λου
247 4159 367 4207 σου,
397 4141 741 4212 ὲϐεὸήλωσας
769 4145 848 4208 εἰς
877 4145 975 4216 τὴν
999 4146 1101 4218 γῆν
1125 4147 1184 4199 τό
1205 4146 1450 4217 ἁγίασμα
1475 4144 1660 4199 αὐτοῦ’
1677 4166 1693 4197 ι

123 4234 216 4288 καὶ
239 4233 515 4304 ἐπιφέρειθ
553 4252 571 4284 ι
612 4232 703 4286 τὸν
735 4232 922 4306 θρόνον
951 4235 1116 4289 αὐτοῦ
1155 4238 1232 4299 είς
1261 4237 1358 4308 τὴν
1383 4237 1484 4308 γῆν
1513 4237 1679 4309 κατέρ

126 4326 312 4399 ῥήξας·
330 4345 350 4378 ι

193 4425 264 4488 γ’.
294 4418 484 4475 Ταῦτα
514 4420 691 4475 πάντα
714 4420 854 4474 κατὰ
873 4421 934 4474 τὸ
967 4421 1096 4474 αὐτὸ
1118 4420 1337 4492 συνάγει
1369 4421 1428 4474 τὸ
1453 4420 1698 4491 Πνεῦμα,

131 4515 414 4583 μονονουχῖ
445 4512 766 4586 βουλόμενον
790 4515 940 4585 ἡμᾶς
978 4513 1205 4581 διδάξαι,
1254 4516 1335 4568 ὅτι
1362 4515 1421 4568 ού
1451 4514 1576 4585 περί
1600 4513 1700 4582 τῆς

1646 1932 1678 1958 .-.
1713 1901 1754 1958 Β

1778 654 1923 702 ctum
1945 686 1959 711 ,
1983 661 2226 716 auroque.
2254 656 2308 701 et
2340 647 2502 717 regiis
2526 646 2795 716 lapidibus
2835 650 3180 702 exornatum.
3229 649 3351 702 Alio

1776 739 1970 801 modo,
2011 755 2122 808 quo
2170 739 2459 808 imperium
2490 738 2669 806 ipsum
2701 745 2864 806 atque
2895 738 3132 793 universi
3165 741 3350 809 populi

1779 830 2037 885 ducatum
2061 871 2076 895 ,
2105 830 2362 885 thronum
2391 829 2543 899 regni
2576 831 2822 888 solemus
2849 845 3065 884 vocare.
3099 817 3348 896 Tertius,

1780 934 1976 992 praeter
1998 921 2288 992 pradictos
2307 963 2320 986 ,
2353 922 2546 976 modus
2572 930 2655 975 est
2675 961 2690 984 ,
2714 937 2823 991 quo
2855 922 2943 977 ille
2969 938 2998 976 a
3027 922 3136 978 Deo
3166 923 3353 979 Davidi

1781 1015 2089 1086 promissus
2129 1016 2390 1078 thronus,
2425 1014 2533 1095 dici
2570 1023 2748 1084 potest
2783 1015 3016 1071 thronus
3050 1017 3205 1086 ejus,
3244 1033 3354 1072 non

1782 1104 1835 1158 in
1865 1119 1975 1175 quo
2006 1103 2123 1175 ipse
2152 1105 2392 1167 sederit,
2418 1105 2510 1159 sed
2542 1119 2702 1174 quem
2733 1121 2829 1174 per
2858 1106 3101 1161 cmlcszia
3133 1105 3198 1160 ad
3229 1122 3354 1162 eum

1779 1198 2044 1253 vaticinia
2093 1197 2294 1254 divinae
2343 1199 2540 1253 litterae
2591 1199 2896 1255 continent.
2950 1197 3230 1270 Scriptum
3270 1208 3356 1256 est

1781 1291 1927 1348 enim
1955 1291 2010 1346 in
2037 1291 2377 1361 octogesimo
2402 1300 2596 1345 octavo
2625 1292 2840 1362 psalmo
2870 1311 2882 1345 :
2910 1311 2926 1342 ι
2946 1289 3136 1346 Juravi
3165 1275 3356 1346 Davidi

1784 1399 1944 1442 servo
1982 1397 2143 1440 meo:
2184 1384 2369 1454 Usque
2418 1386 2472 1440 in
2523 1387 2782 1440 szeculum
2821 1385 3134 1456 prmparabo
3171 1395 3358 1440 semen

1785 1485 1936 1531 tuum
1962 1493 1978 1543 ;
2003 1483 2057 1530 et
2086 1478 2341 1532 thronum
2377 1479 2526 1530 tu‘um
2559 1478 2842 1532 aediﬁcabo
2869 1479 2922 1530 in
2952 1477 3356 1547 generationem

1783 1578 1837 1625 et
1865 1570 2298 1640 generationem.
2333 1588 2350 1620 ι
2382 1568 2445 1622 Ει
2478 1585 2674 1624 rursus
2706 1588 2718 1623 :
2753 1587 2771 1618 ι
2813 1568 3129 1637 Ponamquc
3167 1568 3219 1620 in
3252 1571 3356 1622 sie-

1786 1659 1966 1714 culum
2011 1659 2196 1713 saeculi
2243 1667 2428 1712 semen
2471 1659 2626 1728 ejus,
2673 1665 2727 1713 et
2767 1660 3021 1712 thronum
3063 1658 3184 1726 ejus
3215 1657 3359 1711 sicut

1784 1750 1901 1806 dies
1949 1751 2096 1805 coeli.
2130 1772 2146 1802 ι
2179 1749 2242 1803 Et
2284 1749 2503 1804 denuo:
2538 1767 2556 1800 ι
2595 1751 2772 1806 Semel
2820 1751 3003 1820 juravi
3053 1751 3108 1802 in
3164 1753 3359 1803 Sancto

1786 1857 1941 1906 meo,
1967 1845 2012 1899 si
2045 1842 2231 1898 Davidi
2263 1844 2530 1908 mentiar;
2563 1858 2748 1898 semen
2774 1843 2892 1912 ejus
2917 1851 3094 1896 manet
3120 1841 3174 1894 in
3201 1843 3361 1895 aeter-

1789 1948 1939 1990 num.
2003 1931 2262 1988 Thronus
2318 1934 2439 2003 ejus
2485 1942 2744 2001 tanquam
2800 1933 2883 1988 sol
2943 1933 2996 1986 in
3052 1935 3358 2002 conspectu

1787 2043 1910 2082 meo
1932 2068 1946 2090 ,
1979 2035 2032 2083 et
2063 2029 2208 2083 sicut
2243 2029 2370 2083 luna
2401 2028 2641 2099 perfecta
2676 2028 2729 2081 in
2757 2033 3024 2082 zcternum
3056 2043 3072 2094 ;
3109 2029 3164 2082 et
3199 2025 3360 2082 testis

1787 2121 1844 2175 in
1878 2122 2017 2176 caelo
2051 2120 2246 2176 lidclis.
2283 2139 2301 2171 ι

1857 2392 1910 2445 2.
1957 2392 2126 2462 Igitur
2172 2394 2298 2463 quia
2343 2393 2635 2458 thrcumn,
2685 2399 2945 2465 tanquam
2991 2393 3112 2451 dies
3153 2396 3277 2452 cceli
3309 2404 3365 2455 et

1791 2488 2048 2552 tanquam
2101 2485 2272 2539 solem
2320 2494 2372 2539 et
2425 2486 2644 2552 lunam,
2689 2488 2742 2541 in
2790 2487 2988 2541 saecula
3034 2487 3362 2543 duraturum

1787 2577 2116 2644 promiserat
2149 2573 2335 2629 Davidi
2369 2577 2550 2632 verbis
2576 2576 2852 2646 praedictis
2880 2577 3049 2640 Deus,
3072 2585 3365 2648 propterea

1789 2667 1958 2719 multa
1985 2674 2102 2720 erat
2131 2667 2184 2721 in
2225 2669 2478 2723 universa
2514 2667 2826 2723 Judzcorum
2872 2677 3030 2740 gente
3075 2669 3366 2739 significati

1790 2760 1970 2814 thrOni
1989 2761 2344 2829 exspectatio.
2373 2761 2618 2832 Cumque
2643 2763 2794 2817 brevi
2821 2769 3065 2832 tempore
3097 2764 3368 2834 principa-

1789 2861 1902 2906 tum
1925 2855 2186 2922 gessisset
2213 2852 2380 2908 David
2398 2895 2412 2918 ,
2441 2865 2493 2909 et
2514 2862 2634 2924 post
2653 2856 2800 2909 hunc
2823 2854 3109 2919 Salomon,
3135 2865 3188 2910 ct
3213 2869 3368 2927 reges

1791 2945 1984 2998 horum
2012 2960 2366 3001 successores
2390 2947 2443 3000 in
2465 2945 2729 3002 Jccbonia
2761 2964 2822 3002 ac
2841 2948 3169 3020 Babylonica
3195 2950 3370 3020 capti-

1794 3033 1962 3088 vitate
1991 3034 2360 3089 cessavisseut
2390 3077 2404 3101 ,
2441 3037 2516 3091 ita
2559 3045 2618 3090 ut
2660 3046 2784 3107 post
2828 3038 2880 3092 id
2924 3047 3139 3108 tempus
3183 3029 3370 3110 regius

1793 3124 2015 3182 Davidis
2044 3127 2277 3184 thronus
2313 3129 2608 3185 subversus
2648 3130 2852 3197 fuerit;
2896 3132 3224 3186 videbantur
3252 3147 3364 3188 non

1794 3218 1896 3274 sibi
1927 3228 2182 3276 constare
2211 3221 2523 3276 divinorum
2549 3223 2900 3278 oraculorum
2939 3225 3363 3294 promissioues.

1793 3307 2158 3375 Quamobrem
2181 3312 2370 3366 eodem
2392 3311 2578 3367 divino
2599 3308 2805 3383 Spiritu
2830 3323 3050 3368 rursum
3078 3315 3372 3384 praadictus

1795 3402 2060 3472 psalmus,
2091 3417 2290 3472 praeter
2322 3414 2448 3460 ante
2474 3406 2640 3470 dicta,
2672 3407 2753 3461 sic
2784 3408 3057 3477 loquitur:
3080 3407 3214 3464 «Ubi
3243 3417 3374 3464 sunt

1795 3494 2190 3550 misericordia:
2227 3505 2333 3552 tuae
2373 3498 2647 3567 antiqum,
2689 3499 2947 3562 Domine,
2991 3515 3129 3570 quas
3167 3501 3370 3570 jurasti

1799 3586 1988 3641 Davidi
2036 3588 2092 3642 in
2130 3590 2362 3644 veritate
2391 3592 2526 3645 tua?
2552 3612 2569 3643 ι
2598 3588 2738 3644 Tum
2778 3589 2940 3646 etiam
2971 3593 3125 3662 regni
3157 3593 3278 3661 ejus
3303 3608 3368 3650 ac

1798 3681 2168 3736 successionis
2194 3682 2466 3738 excidium
2500 3685 2794 3755 tbronique
2819 3687 3158 3741 eversionem
3187 3695 3374 3757 aperte

1797 3772 1977 3826 innuit
2010 3772 2062 3827 in
2113 3775 2504 3843 sequentibus:
2536 3794 2556 3826 ι
2586 3769 2666 3830 Tu
2709 3791 2841 3830 vero
2882 3778 3127 3846 repulisti
3176 3787 3229 3831 et
3272 3777 3371 3835 de-

1798 3863 2022 3935 spe‘xisti
2045 3904 2060 3926 ,
2089 3863 2313 3921 Domine
2342 3884 2356 3932 ;
2387 3863 2652 3920 distulisti
2681 3866 2964 3922 Christum
2993 3875 3147 3921 tuum
3179 3888 3194 3934 ;
3220 3873 3371 3924 ever-

1797 3958 1914 4012 tisti
1963 3965 2354 4013 testamentum
2404 3960 2546 4015 servi
2597 3960 2714 4026 tui;
2765 3960 3071 4031 proi’anasti
3125 3960 3177 4015 in
3225 3969 3374 4018 terra

1800 4053 2175 4108 sanctuarium
2205 4052 2328 4122 ejus
2349 4071 2396 4120 ;ι
2417 4053 2678 4126 additque
2702 4073 2715 4109 :
2755 4071 2773 4106 ι
2798 4063 2852 4109 et
2880 4054 3136 4109 thronum
3165 4054 3286 4126 ejus
3317 4053 3375 4110 in

1800 4146 1999 4196 terram
2031 4143 2153 4197 colli
2161 4144 2304 4200 sisti.
2327 4163 2347 4197 ι

1867 4415 1922 4472 ‘5.
1962 4413 2086 4470 Haec
2125 4413 2308 4469 omnia
2345 4413 2662 4468 summatim
2703 4413 2910 4484 colligit
2939 4412 3162 4469 divinus
3193 4414 3375 4490 Spiri-

1803 4516 1892 4561 tus
1915 4546 1930 4572 ,
1963 4505 2355 4576 propemodum
2383 4504 2581 4559 docere
2613 4519 2714 4558 nos
2744 4504 2963 4567 volens,
2995 4502 3140 4558 haud
3169 4504 3378 4560 visibiie

129 4603 406 4674 βασιλείας
460 4606 559 4678 τῆς
603 4605 895 4677 αἰσθητῆς,
953 4607 1071 4660 οὐδὲ
1097 4607 1224 4678 περὶ
1269 4606 1362 4660 τοῦ
1390 4606 1577 4678 θρόνου
1607 4605 1693 4658 τοῦ

1807 4602 2032 4671 regnum
2075 4598 2266 4653 Davidi
2311 4597 2480 4653 fuisse
2515 4597 2849 4668 promissum
2896 4611 3074 4678 neque
3119 4596 3379 4682 thronum

131 4701 586 4772 σωματικώτερον
607 4699 895 4773 νοουμένου
929 4703 982 4754 αἰ
1010 4702 1144 4773 πρὸς
1170 4701 1330 4755 Δαϐιδ
1371 4697 1509 4772 ἦσαν
1535 4703 1701 4770 ἐπαγ-

131 4793 330 4861 γελίαιο
355 4794 415 4847 αἰ
444 4794 541 4866 μὲν
569 4795 679 4866 γὰρ
704 4795 830 4867 περί
867 4813 1011 4859 τινος
1035 4794 1252 4848 αἰωνίου
1303 4793 1515 4864 θρόνου,
1552 4795 1708 4848 ἀπει-

134 4888 437 4959 καζομένου
495 4887 633 4959 ἡλίῳ
683 4890 778 4943 καὶ
814 4887 1050 4965 οὐρανῷ,
1112 4886 1454 4959 διαμένοντός
1509 4905 1568 4941 τε
1627 4889 1706 4950 εἰς

134 4979 328 5046 αἰῶνα,
356 4979 771 5052 προεθέσπιζον·
813 4983 848 5052 ἡ
872 4981 925 5035 δέ
952 4998 1014 5050 γε
1040 4980 1134 5034 τοῦ
1182 4980 1347 5034 Δαϐἰδ
1400 4978 1642 5051 βασιλεία
1673 4981 1706 5050 ἠ

134 5069 386 5143 αἰσθητὴ,
418 5071 594 5144 χρόνῳ
624 5071 812 5124 λέλυτο
840 5073 939 5124 ούκ
981 5073 1057 5134 εἰς
1092 5070 1316 5142 μακρόν·
1347 5070 1568 5133 εἰκότως
1602 5087 1709 5121 τοι-

135 5161 340 5234 γαροῦν
378 5163 474 5216 τοῦ
514 5161 706 5235 θρόνου
759 5162 856 5233 τῆς
906 5161 1167 5234 αἰσθητῆς
1221 5160 1494 5232 βασιλείας
1549 5160 1710 5214 Δαϐὶδ

136 5255 236 5325 τὴν
261 5254 576 5325 καθαίρεσιν
602 5253 942 5324 ὑπογράψας,
957 5254 1047 5306 καὶ
1072 5251 1259 5315 εἰπὼν,
1286 5251 1374 5304 τὸν
1397 5251 1581 5322 θρόνον
1611 5251 1708 5303 αύ-

138 5348 232 5401 τοῦ
261 5350 338 5413 εἰς
363 5349 462 5420 τὴν
495 5348 596 5420 γῆν
625 5347 983 5419 κατέρρηξας,
1013 5347 1139 5419 περὶ
1163 5345 1254 5399 τοῦ
1301 5346 1389 5399 διὰ
1420 5345 1525 5398 τῶν
1553 5346 1710 5399 θείων

141 5442 405 5512 χρησμῶν
431 5441 840 5512 ὲπηγγελμένου
870 5439 1083 5493 αἰωνίου
1111 5439 1204 5492 καὶ
1252 5439 1497 5508 οὐρανίου
1521 5434 1710 5508 θρόνου

143 5529 271 5599 ἑξῆς
296 5531 393 5602 τὴν
425 5531 586 5602 εὐχὴν
614 5533 845 5584 ποιεῖται
889 5529 1081 5598 λέγων·
1128 5549 1145 5580 ι
1180 5528 1288 5581 Ποῦ
1343 5530 1446 5581 εἰσι
1490 5527 1555 5581 τὰ
1588 5527 1711 5598 ὲλέη

145 5638 238 5674 σου
267 5622 330 5676 τὰ
371 5624 598 5694 ἀρχαῖα,
643 5622 835 5694 Κύριε,
878 5621 916 5676 θ.
959 5620 1179 5692 ὤμοσας
1233 5619 1308 5691 τῷ
1359 5619 1521 5673 Δαδὶδ
1565 5621 1620 5674 ἐν
1644 5623 1712 5690 τῇ

143 5714 370 5786 ἀληθεία
419 5732 548 5780 σου;
585 5736 602 5767 ι
647 5713 930 5787 μονονουχὶ
976 5713 1076 5776 τὰς
1129 5713 1382 5777 ἐκϐάσεις
1442 5711 1550 5765 τῶν
1596 5708 1713 5782 μεθ’

143 5808 309 5878 ὅρκου
370 5808 806 5872 διαδεϐαιώσεως
868 5805 1291 5879 ἐπηγγελμένων
1339 5804 1486 5876 αὐτῷ
1531 5804 1714 5868 τέλους

144 5903 323 5970 τυχεῖν
348 5900 530 5968 ἀξιῶν.

1806 4693 2164 4765 corporaiiter
2195 4691 2628 4763 intelligendum.
2673 4690 2783 4744 Illa!
2813 4689 3015 4761 quippe
3055 4689 3379 4761 promissio-

1807 4803 1905 4842 nes
1945 4787 2199 4840 thronum
2239 4783 2532 4855 quemdam
2572 4793 2839 4837 aeternum
2872 4781 3246 4836 vaticinantur
3275 4779 3380 4835 soli

1806 4886 1861 4933 et
1899 4877 2040 4931 luna:
2079 4876 2330 4946 cmloque
2367 4874 2601 4929 similem
2627 4913 2640 4936 ,
2686 4872 2892 4942 quique
2933 4875 3228 4942 perpetuus
3267 4885 3381 4923 ma-

1807 4975 1953 5023 neat.
1996 4967 2160 5038 Atqui
2197 4965 2418 5021 Davidis
2447 4964 2665 5022 visibile
2693 4979 2920 5036 regnum
2952 4963 3100 5018 brevi
3135 4963 3383 5034 tempore

1808 5061 2048 5116 deletum
2081 5067 2186 5116 est.
2249 5057 2618 5126 Quamobrem
2648 5057 2774 5127 jure
2805 5062 2930 5111 cum
2959 5071 3084 5110 mox
3118 5054 3380 5116 dixisset,

1810 5155 2066 5208 thronum
2106 5150 2347 5204 Davidici
2389 5151 2538 5221 regni
2557 5148 2788 5204 visibilis
2829 5143 2998 5202 fuisse
3019 5142 3381 5208 subversum,

1818 5267 1834 5298 ι
1866 5246 2125 5299 thronum
2180 5243 2300 5312 ejus
2351 5243 2406 5296 in
2459 5249 2660 5296 terram
2714 5238 3008 5305 co‘llisisti;
3044 5233 3204 5289 itum
3254 5249 3384 5289 vero

1811 5335 1996 5391 throni
2031 5335 2151 5404 ejus
2176 5335 2352 5404 gratia
2373 5373 2388 5396 ,
2421 5348 2581 5402 quem
2614 5330 2799 5385 divina
2846 5328 3071 5382 oracula
3119 5337 3384 5380 aeternum

1812 5431 2201 5499 caelestemque
2233 5427 2424 5489 aiunt,
2460 5440 2649 5494 preces
2686 5422 2877 5477 "addit:
2910 5439 2927 5472 ι
2961 5417 3068 5474 Ubi
3109 5425 3236 5472 sunt
3285 5416 3386 5494 mi-

1813 5521 2125 5579 sericordiae
2158 5528 2261 5574 tuae
2290 5519 2528 5588 antiqua:
2550 5559 2564 5583 ,
2596 5515 2858 5579 Domine,
2889 5527 3028 5584 quas
3051 5510 3249 5582 jurasti
3284 5509 3386 5562 Da-

1815 5614 1927 5670 vidi
1961 5615 2016 5670 in
2049 5613 2282 5668 veritate
2309 5610 2442 5665 tua?
2473 5629 2491 5662 ι
2519 5610 2718 5680 quibus
2745 5606 2928 5663 verbis
2955 5613 3141 5677 petere
3172 5601 3387 5658 videtur

1816 5717 1876 5762 ut
1922 5706 2319 5778 promissiones
2351 5709 2700 5760 sacramento
2742 5700 2968 5756 ﬁrmatae
3001 5697 3208 5771 exitum
3249 5708 3389 5750 uan-

1817 5799 2114 5856 ciscantur.
