3938 6510
609 429 710 487 931

1242 422 1509 479 EUSEBII
1548 420 2027 478 CASSARIENSIS
2078 421 2228 477 OPP.
2271 421 2449 477 PARS
2477 421 2565 479 lTl.
2606 454 2675 465 -—
2718 420 3129 477 EXEGETICA.
3726 420 3811 475 952

681 550 737 604 ό.
770 545 869 603 Hic
897 546 1147 600 nimirum
1200 543 1433 597 thronus
1476 541 1567 597 ille
1593 548 1696 603 est.
1726 555 1887 610 quem
1922 556 1982 595 se
2010 540 2171 595 datu-

2339 541 2399 594 δ’.
2468 540 2667 594 Τοῦτον
2710 535 2804 593 οὖν
2855 540 3015 593 αὐτὸν
3068 540 3267 591 ἐκεῖνον
3309 535 3367 590 δν
3396 535 3605 606 ὤμοσεν
3650 538 3677 589 6
3703 536 3809 603 0:6;

611 653 730 696 rum
758 636 944 690 Davidi
985 634 1124 688 Deus
1152 633 1379 702 iuravit,
1398 640 1657 701 tanquam
1685 631 1806 685 dies
1830 631 1953 685 caeli
1980 638 2035 685 et
2059 631 2170 684 vel-

612 728 693 783 uti
735 727 904 784 solem
935 726 989 779 in
1016 734 1314 795 conspectu
1346 722 1462 787 Dei,
1496 724 1543 778 is
1567 730 1648 777 est
1676 722 1768 792 qui
1798 722 2000 775 dicitur
2033 721 2175 775 sicut

611 819 738 873 luna
763 815 1001 887 perfecta
1034 816 1088 869 in
1126 824 1414 880 aeternum,
1470 820 1523 867 et
1575 827 1733 882 quem
1757 826 1889 880 gens
1919 810 2174 865 universa

610 908 816 964 tlrmari
846 907 1158 977 exoptabat.
1222 907 1398 976 Atque
1451 905 1599 958 hunc
1658 917 1893 972 magnus
1948 901 2174 971 angelus

609 997 831 1060 Gabriel
868 997 1079 1067 Virgini
1125 997 1398 1068 signiﬁcat
1448 996 1632 1051 datum
1662 996 1708 1049 ei
1743 994 1807 1048 iri
1842 993 1934 1063 qui
1966 1009 2033 1047 ex
2059 993 2174 1062 ipsa

610 1097 948 1146 nasceretur.
973 1089 1153 1155 Quare
1186 1090 1267 1144 sic
1307 1089 1454 1141 illam
1486 1086 1783 1156 alloquitur
1820 1102 1834 1140 :
1868 1102 1886 1135 ι
1923 1083 1987 1137 Et
2016 1097 2175 1138 voca-

609 1179 697 1237 bis
717 1195 915 1236 nomen
936 1182 1058 1249 ejus
1085 1178 1272 1234 Jesum
1310 1195 1323 1230 :
1366 1179 1453 1232 hic
1488 1180 1590 1233 erit
1621 1191 1873 1247 magnus,
1919 1183 1972 1229 et
2006 1174 2174 1231 Filius

611 1270 877 1326 Altissimi
902 1270 1187 1325 vocabitur
1221 1284 1235 1321 :
1267 1276 1320 1324 et
1343 1269 1494 1324 dabit
1533 1268 1609 1322 illi
1637 1266 1900 1322 Dominus
1923 1264 2065 1321 Deus
2086 1280 2173 1322 se-

611 1357 734 1414 dem
759 1358 981 1415 Davidis
1010 1360 1183 1430 patris
1211 1359 1352 1429 ejus.
1389 1377 1407 1409 ι
1443 1357 1565 1413 Mox
1594 1373 1754 1429 quem
1802 1357 2059 1412 thronum
2091 1358 2175 1413 in-

611 1450 818 1521 telligat
869 1450 1057 1521 pandit
1090 1466 1102 1501 :
1134 1468 1153 1501 ‹
1182 1449 1247 1503 Ει
1274 1449 1520 1519 regnabit
1579 1448 1636 1502 in
1690 1446 1852 1503 domo
1899 1446 2068 1504 Jacoh
2117 1449 2174 1503 in

610 1549 871 1597 aiternum
898 1558 914 1606 ;
945 1547 999 1595 et
1034 1539 1186 1611 regni
1219 1539 1338 1609 ejus
1388 1555 1496 1595 non
1529 1540 1634 1593 erit
1684 1537 1843 1594 linis:
1871 1557 1889 1591 ι
1919 1553 2041 1609 qua}
2068 1537 2174 1593 Ga-

614 1632 801 1687 brielis
829 1630 975 1685 dicta
1004 1630 1242 1685 oraculis
1287 1637 1615 1685 consonant.
1640 1626 1780 1684 Olim
1809 1628 2030 1699 quidem
2066 1630 2175 1683 Da-

611 1720 723 1775 vidi
752 1720 909 1774 sedes
932 1719 1120 1774 aeterni
1167 1718 1317 1789 regni
1351 1732 1416 1773 ac
1460 1718 1702 1773 ccelestis
1747 1717 2015 1788 promissa
2042 1716 2172 1786 fuit;

613 1823 759 1863 nunc
779 1809 1002 1878 angelus
1047 1823 1170 1863 cum
1203 1808 1293 1877 qui
1332 1806 1400 1862 de
1446 1805 1668 1878 Virgine
1715 1806 2015 1878 gignendos
2057 1815 2176 1862 erat

2272 631 2461 685 δώσειν
2502 630 2579 701 τῷ
2620 630 2783 684 Δαϐἰδ
2826 631 3033 701 θρόνον,
3080 630 3170 682 τὸν
3213 628 3288 691 ὡς
3334 628 3433 691 τὰς
3480 628 3686 698 ἡμέρας
3733 630 3809 682 τοῦ

2272 721 2500 794 ούρανοῦ
2522 761 2536 784 ,
2582 722 2677 775 καὶ
2722 720 2815 775 τὸν
2859 721 2929 784 ὡς
2981 723 3010 773 ὁ
3046 719 3196 791 ἥλιος
3247 718 3487 772 ἐναντίον
3543 717 3635 772 τοῦ
3678 718 3810 783 Θεοῦ,

2274 814 2367 868 καὶ
2403 813 2492 866 τὸν
2532 814 2607 875 ὼς
2656 811 2881 882 σελήνην
2928 812 3365 883 κατηρτισμένην
3408 812 3488 873 εἰς
3523 810 3613 861 τὸν
3644 810 3811 870 αἰῶνα.

2274 904 2481 968 παντὸς
2531 904 2815 974 ἐπιστῆναι
2860 902 2953 955 τοῦ
3004 901 3189 965 ἔθνους
3235 901 3559 973 εὐχομένου,
3608 904 3636 954 6
3667 902 3814 971 μέγας

2274 996 2502 1065 ἄγγελος
2526 995 2762 1066 Γαϐριὴλ
2793 995 2889 1066 τὴν
2914 993 3189 1065 Παρθένον
3238 990 3645 1061 εὐαγγελίζεται
3673 992 3741 1062 τῷ
3764 993 3811 1057 ἐξ

2272 1087 2439 1156 αὐτῆς
2483 1086 2858 1157 γεννησομένῳ
2901 1084 3221 1155 δοθήσεσθαι
3266 1082 3566 1147 θεσπίζων
3598 1084 3675 1137 διό
3703 1102 3812 1155 φησι

2274 1177 2409 1250 πρὸς
2436 1177 2603 1248 αὐτήν
2621 1193 2634 1208 ο
2670 1196 2688 1230 ι
2711 1179 2818 1230 Kal.
2845 1177 3092 1239 καλέσεις
3121 1177 3184 1229 τὸ
3212 1176 3383 1246 ὄνομα
3414 1174 3578 1229 αὐτοῦ
3609 1176 3809 1246 Ἰησοῦν·

2272 1265 2423 1334 οὗτος
2454 1270 2605 1322 ἔσται
2651 1269 2845 1340 μέγας,
2873 1270 2964 1323 καί
3008 1270 3135 1332 Υἱὸς
3181 1268 3435 1337 Ὑψίστου
3477 1267 3811 1340 κληθήσεται·

2274 1361 2370 1413 καὶ
2408 1357 2565 1412 δώσει
2599 1358 2745 1429 αὐτῷ
2778 1360 2977 1431 Κύριος
3008 1362 3035 1412 6
3057 1358 3188 1422 Θεὸς
3220 1357 3310 1412 τὸν
3343 1357 3531 1429 θρόνον
3556 1358 3713 1412 Δαϐἰδ
3737 1358 3815 1413 τοῦ

2274 1451 2477 1522 πατρὸς
2503 1450 2688 1505 αὐτοῦ.
2724 1470 2742 1502 ι
2787 1451 3064 1522 Ἐπιφέρει
3095 1451 3139 1503 δ’
3168 1446 3258 1504 οῦν
3294 1447 3491 1518 ἐφεξῆς
3526 1450 3621 1501 καὶ
3656 1449 3812 1517 λέγει·

2280 1561 2299 1594 ι
2352 1543 2461 1596 Kai.
2515 1540 2817 1612 βασιλεύσει
2871 1542 2962 1595 ἐπὶ
3008 1541 3098 1595 τὸν
3145 1537 3291 1595 οῐκον
3346 1538 3539 1593 Ἰακὼϐ
3594 1541 3673 1602 είς
3713 1541 3816 1603 τοὺς

2273 1633 2472 1698 αίῶνας
2495 1650 2508 1663 °
2559 1632 2653 1687 καὶ
2677 1633 2775 1703 τῆς
2802 1632 3074 1703 βασιλείας
3102 1632 3264 1687 αὑτοῦ
3298 1631 3399 1685 οὐκ
3421 1632 3574 1685 ἔσται
3609 1632 3775 1695 τέλος·
3796 1652 3811 1683 ι

2276 1725 2538 1796 σύμφωνα
2564 1727 2677 1787 τοῖς
2701 1724 2809 1777 ἀπὸ
2852 1723 2960 1777 τῶν
2986 1722 3248 1795 χρησμῶν
3290 1721 3607 1793 ἑρμηνεύων
3628 1739 3643 1752 ·
3684 1722 3711 1773 6
3736 1723 3817 1792 μὲν

2273 1814 2383 1886 γὰρ
2421 1815 2557 1887 πρὸς
2602 1814 2691 1867 τὸν
2715 1812 2878 1866 Δαϐἰδ
2910 1816 3037 1885 περί
3076 1814 3261 1885 θρόνον
3311 1812 3589 1883 βασιλείας
3623 1814 3815 1866 αἰωνίου

612 1908 1001 1969 occupaturum
1031 1901 1106 1954 ait
1132 1899 1351 1955 Davidis
1382 1900 1675 1967 thronum;
1698 1900 2006 1955 nuntiatum
2028 1898 2172 1954 scili-

2276 1905 2371 1959 καὶ
2415 1903 2662 1975 οὐρανίου
2714 1901 3028 1974 προύλεγεν,
3076 1902 3103 1954 6
3135 1901 3193 1953 δέ
3223 1900 3483 1963 ὡσαύτως
3536 1899 3630 1952 τὸν
3654 1902 3713 1951 ἐκ
3735 1900 3815 1969 τῆς

612 1999 719 2056 cet,
748 2007 922 2062 neque
950 1997 1129 2046 tamen
1143 1990 1327 2045 datum
1351 1989 1499 2061 (2i):
1528 1991 1575 2046 is
1605 1998 1784 2046 autem
1807 1990 2175 2047 ccelestiserat

617 2092 673 2141 et
693 2084 812 2141 sine
848 2084 953 2140 ﬁne
982 2100 1298 2141 mansurus.
1324 2083 1454 2139 Erat
1476 2085 1644 2155 igitur
1675 2083 1768 2138 hic
1793 2083 1972 2139 exitus
2002 2081 2177 2137 maxi-

611 2177 685 2232 mi
704 2176 949 2233 vaticinii
982 2175 1173 2231 Davidi
1198 2176 1327 2231 editi
1358 2175 1618 2245 omnique
1643 2173 1844 2245 populo
1875 2173 2174 2243 exspectati

609 2268 865 2340 quodque
885 2268 1103 2323 Gabriel
1128 2274 1365 2323 testatur
1404 2267 1462 2321 in
1506 2266 1800 2321 Servatore
1824 2271 2020 2321 nostro
2043 2262 2173 2319 Jesu

609 2361 831 2416 Christo
860 2360 1161 2416 veridicum
1204 2359 1447 2414 evasisse
1476 2376 1494 2410 ι
1535 2356 1783 2428 regnabit
1806 2356 1863 2411 in
1883 2362 2172 2421 aeternum,

608 2460 663 2507 et
682 2451 835 2522 regni
865 2451 985 2522 ejus
1017 2466 1133 2506 non
1156 2449 1262 2504 erit
1283 2448 1430 2505 linis.
1453 2468 1471 2501 ι
1503 2446 1683 2515 Quare
1705 2454 1758 2503 et
1786 2446 1903 2520 ipse
1920 2446 2174 2503 Servator

609 2556 674 2597 ac
707 2540 969 2597 Dominus
1001 2548 1189 2596 noster
1210 2555 1337 2595 cum
1359 2546 1668 2611 rogaretur,
1700 2553 1832 2594 num
1876 2537 1995 2609 ipse
2027 2544 2173 2593 esset

612 2646 704 2687 rex
750 2630 1062 2687 Iudaeorum
1092 2673 1106 2698 ,
1142 2631 1467 2702 respondit:
1509 2649 1539 2685 ο
1565 2629 1812 2700 Rm
1838 2644 2020 2683 meum
2065 2644 2174 2683 non

607 2730 694 2779 est
743 2722 811 2778 de
844 2723 950 2778 hoc
1006 2722 1211 2777 mundo
1238 2723 1304 2775 οι.
1344 2742 1363 2775 ι
1413 2720 1560 2776 Nihil
1615 2722 1760 2776 enim
1821 2720 2050 2777 mortale
2081 2727 2175 2774 aut

610 2815 905 2885 temporale
938 2814 1253 2871 conferebat
1279 2815 1329 2870 ei
1370 2813 1523 2884 regni
1556 2812 1715 2868 sedes
1742 2830 1755 2867 :
1787 2812 1883 2868 sed
1915 2812 2032 2883 ipse
2059 2823 2177 2868 erat

607 2907 665 2962 in
689 2906 949 2962 universo
995 2906 1274 2962 hominum
1309 2913 1452 2962 cmtu
1481 2904 1621 2959 lucis
1650 2904 1823 2959 instar
1858 2902 2172 2973 splendens,

606 2995 775 3051 veluti
813 2997 894 3051 sol
924 3004 981 3051 et
1009 2994 1153 3051 sicut
1174 2995 1300 3049 luna
1346 2993 1585 3065 perfecta
1614 2994 1671 3048 in
1700 3000 1986 3055 aeternum,
2018 2992 2175 3049 intel-

609 3087 868 3142 lectuales
919 3086 1131 3140 animas
1183 3101 1279 3156 per
1313 3099 1469 3141 suam
1497 3083 1741 3139 divinam
1784 3084 2174 3140 ctelestemeue

606 3179 913 3236 doctrinam
945 3179 1253 3233 illustrans.

2274 1996 2551 2071 Παρθένου
2608 1996 2995 2069 γεννησόμενον
3048 1992 3312 2063 λήψεσθαι
3365 2007 3497 2061 φησι
3532 1992 3622 2044 τὸν
3653 1990 3817 2060 θρόννιν

2273 2088 2455 2151 Δαϐὶδ,
2502 2088 2749 2142 τουτέστι
2786 2087 2876 2141 τὸν
2905 2085 2981 2156 τῷ
3007 2083 3167 2138 Δαϐὶδ
3200 2082 3603 2154 ἐπηγγελμένον
3634 2082 3745 2152 μὲν,
3766 2083 3813 2134 οὐ

2277 2178 2383 2250 μὴν
2413 2180 2505 2233 καὶ
2532 2179 2808 2251 δεδομένον
2840 2178 2972 2248 (21)·
2994 2171 3145 2239 οὗτος
3172 2175 3214 2227 δ’
3238 2171 3305 2245 ἦν
3327 2178 3354 2228 6
3375 2174 3624 2245 οὐράνιος
3648 2176 3737 2226 καὶ
3751 2174 3814 2236 είς

2273 2270 2443 2324 αἰῶνα
2490 2271 2787 2341 διαμένωνο
2841 2267 2909 2341 ἦν
2963 2265 3055 2323 οῦν
3109 2269 3200 2323 καὶ
3256 2266 3413 2321 τοῦτο
3471 2264 3815 2336 συμπέρασμα

2278 2362 2537 2433 μεγίστης
2568 2362 2897 2434 προφητείας
2922 2359 3001 2430 τῷ
3021 2359 3185 2413 Δαϐὶδ
3220 2356 3629 2430 κεχρησμένης,
3669 2371 3815 2425 προσ-

2273 2452 2585 2524 δοκωμένης
2626 2470 2684 2506 τε
2720 2451 2798 2523 τῷ
2837 2452 2997 2505 παντί
3028 2450 3158 2521 λαῷ,
3199 2447 3634 2521 πεπληρωμένης
3664 2446 3718 2500 ἃ
3743 2447 3815 2498 ἐπὶ

2273 2540 2366 2595 τοῦ
2411 2542 2659 2615 Σωτῆρος
2710 2541 2866 2612 ἡμῶν
2904 2539 3076 2612 Ἰησοῦ
3107 2537 3360 2611 Χριστοῦ,
3411 2536 3554 2590 κατὰ
3605 2537 3703 2607 τὴν
3740 2534 3814 2588 τοῦ

2274 2631 2510 2703 Γαϐριὴλ
2542 2632 2845 2704 μαρτυρίαν
2876 2633 3181 2703 φήσαντοςο
3221 2649 3240 2679 ι
3275 2630 3384 2682 Καὶ
3419 2628 3725 2699 βασιλεύσει
3753 2626 3816 2687 είς

2272 2724 2399 2787 τοῦς
2446 2722 2677 2789 αἰῶνας,
2725 2723 2820 2777 καὶ
2864 2724 2963 2794 τῆς
3019 2720 3291 2792 βασιλείας
3343 2718 3508 2775 αὑτοῦ
3555 2721 3653 2772 οὐκ
3688 2718 3814 2771 ἐσται

2274 2813 2442 2877 τέλος.
2490 2831 2509 2865 ι
2568 2815 2764 2887 Διόπερ
2811 2815 2905 2869 καὶ
2965 2814 3124 2877 αὐτὸς
3176 2816 3205 2867 6
3246 2812 3436 2884 Σωτὴρ
3494 2813 3588 2866 καὶ
3638 2811 3813 2882 Κύριος

2274 2906 2429 2976 ἡμῶν
2476 2905 2613 2977 πρὸς
2650 2905 2741 2958 τὸν
2774 2905 3032 2977 ἐρόμενον
3065 2904 3247 2966 αὐτὸν,
3280 2904 3328 2956 εί
3370 2902 3530 2964 αὐτὸς
3563 2903 3645 2972 εῐη
3672 2903 3698 2953 6
3724 2899 3814 2952 τῶν

2286 2996 2551 3051 Ἰουδαίων
2602 2996 2871 3067 βασιλεὺς,
2901 2996 3248 3067 ἀπεκρίνατο·
3290 3016 3307 3045 ι
3358 2994 3422 3047 Ἥ
3456 2994 3695 3063 βασιλεία
3723 2992 3814 3060 ἐμὴ

2273 3086 2372 3141 οὐκ
2399 3086 2543 3142 ἐστιν
2582 3089 2645 3141 ἐκ
2667 3086 2760 3141 τοῦ
2787 3087 2990 3158 κόσμου
3019 3087 3205 3140 τούτου
3224 3102 3237 3116 ’
3272 3103 3290 3137 ι
3328 3083 3480 3137 οὐδὲν
3514 3084 3621 3155 γὰρ
3649 3083 3815 3153 θνητὸν

2272 3178 2393 3231 οὐδὲ
2434 3177 2717 3251 ἐπίκαιρον
2750 3180 2983 3250 ἐπήγετο
3013 3176 3158 3248 αὐτῷ
3197 3178 3225 3230 6
3260 3176 3358 3246 τῆς
3400 3174 3674 3245 βασιλείας
3707 3173 3814 3243 θρό-

605 3288 729 3337 νοςο
783 3271 897 3326 ἀλλ’
948 3267 1016 3344 ἦν
1068 3270 1294 3345 ἀληθῶς
1338 3270 1458 3323 καθ’
1518 3270 1645 3342 ὅλης
1705 3270 1804 3342 τῆς
1868 3268 2170 3342 ἀνθρώπων
2206 3273 2532 3345 οἰκουμένης
2560 3315 2576 3338 ,
2633 3273 2809 3342 φωτὸς
2853 3273 3030 3345 δίκην,
3081 3271 3374 3342 ἐκλάμπων
3419 3270 3495 3332 ὡς
3549 3270 3584 3339 ἠ
3644 3267 3816 3337 σελήνη

606 3366 1010 3439 κατηρτισμένη
1077 3367 1157 3430 εἰς
1204 3365 1295 3419 τὸν
1353 3364 1557 3430 αἰῶνα,
1610 3364 1787 3436 ψυχὰς
1845 3364 2036 3437 vespa;
2099 3368 2454 3437 καταυγὰζων
2523 3367 2610 3421 διὰ
2677 3368 2778 3438 τῆς
2820 3366 3001 3421 ἐνθέου
3043 3364 3135 3419 καὶ
3201 3362 3448 3436 οὐρανίου
3498 3358 3816 3421 διδασκαλίας

606 3460 793 3518 αὐτοῦ.

678 3553 731 3607 5.
760 3552 915 3620 Quod
973 3552 1112 3607 siait
1141 3571 1154 3607 :
1183 3560 1237 3609 et
1258 3567 1423 3625 super
1472 3550 1642 3607 Jacob
1690 3553 1979 3624 regnabit,
2037 3569 2171 3610 cave

607 3653 765 3715 putes
786 3644 1097 3700 Judaaorum
1127 3652 1339 3716 gentem
1388 3660 1485 3715 per
1540 3642 1799 3699 Iacobum
1852 3646 2169 3717 signiﬁcari.

606 3734 861 3791 Profecto
885 3735 977 3806 qui
1007 3735 1122 3789 haec
1169 3742 1359 3789 narrat
1408 3734 1586 3790 Lucas
1620 3736 1975 3805 evangelista,
2006 3751 2173 3807 quan-

604 3823 898 3893 doquidem
934 3834 1056 3894 post
1080 3822 1386 3880 Servatoris
1408 3824 1583 3879 nostri
1616 3823 1669 3877 in
1726 3824 1921 3879 cmlum
1957 3839 2172 3882 assum-

609 3913 845 3983 ptionem
871 3911 1138 3967 Gabrielis
1174 3913 1319 3967 dicta
1357 3915 1639 3982 scripturae
1690 3929 1803 3969 sum
1824 3914 2172 3970 commenda-

608 4004 707 4069 vit,
730 4003 897 4074 probe
926 4012 1149 4058 noverat
1180 4002 1365 4058 Jesum
1411 4002 1755 4061 Servatorem
1787 4007 1840 4060 in
1859 4005 2171 4062 Iudaeorum

608 4098 768 4161 gente
790 4105 1131 4161 nequaquam
1182 4092 1515 4161 regnavisse,
1562 4095 1760 4148 nedum
1790 4093 1905 4151 fore
1928 4103 1985 4150 ut
2015 4104 2173 4152 aeter—

607 4198 739 4237 num
788 4183 1075 4252 imperium
1122 4183 1175 4237 in
1222 4199 1318 4239 eos
1346 4196 1659 4252 exerceret;
1714 4202 1948 4256 quorum
2008 4189 2171 4243 etiam

608 4274 872 4329 adversus
932 4273 1077 4327 hunc
1108 4274 1382 4328 molimina
1443 4284 1603 4345 atque
1652 4276 1891 4331 exitialia
1928 4276 2172 4333 facinora

609 4373 798 4422 narrat
830 4384 843 4420 :
878 4381 1054 4436 neque
1103 4367 1282 4421 solum
1331 4368 1387 4421 in
1420 4364 1737 4437 Evangelia,
1788 4384 1976 4424 verum
2008 4362 2171 4425 etiam

610 4459 663 4512 in
689 4456 915 4512 Actibus
947 4457 1340 4525 apostolorum,
1399 4457 1624 4513 hostiles
1666 4456 1977 4514 Judazorum
2005 4461 2174 4531 impe-

607 4557 698 4604 tus
725 4559 913 4604 contra
942 4546 1073 4604 Jesu
1125 4547 1425 4617 discipulos
1464 4548 1679 4604 scribit.
1712 4548 1881 4620 Igitur
1900 4566 2023 4605 cum
2058 4552 2173 4606 exi-

608 4640 856 4695 stimaret
883 4652 1015 4697 voce
1068 4653 1260 4707 reapse
1306 4636 1577 4695 Gabrielis
1610 4640 1929 4711 signiﬁcari,
1964 4640 2080 4696 fore
2115 4648 2173 4695 ut

607 4723 861 4779 Christus
885 4732 1137 4794 regnaret
1156 4740 1320 4796 super
1350 4741 1446 4781 eos
1473 4744 1487 4793 ;
1517 4727 1571 4782 id
1603 4743 1729 4782 vere
1762 4728 1869 4782 dici
1916 4727 2058 4783 haud
2082 4729 2172 4799 ju-

2342 3549 2401 3597 ε’.
2443 3544 2506 3597 Εἰ
2538 3543 2593 3598 δὲ
2624 3544 2833 3615 λέγοιτο
2870 3546 2963 3598 ἐπὶ
3000 3544 3091 3598 τὸν
3135 3541 3328 3597 Ἰακὼϐ
3368 3541 3721 3612 βασιλεύσειν,
3754 3541 3812 3610 μὴ

2271 3637 2331 3689 τὸ
2362 3635 2626 3690 Ἰουδαίων
2654 3635 2807 3700 ἔθνος
2837 3635 3025 3709 νόμιζε
3058 3635 3147 3689 διὰ
3173 3634 3267 3688 τοῦ
3307 3633 3503 3689 Ἰακὼϐ
3529 3632 3812 3704 δηλοῦσθαι.

2283 3729 2341 3781 '0
2364 3726 2491 3796 γοῦν
2522 3727 2694 3782 ταῦτα
2726 3726 2951 3799 ἱστορῶν
2980 3727 3189 3790 Λουκᾶς
3219 3727 3247 3779 6
3272 3724 3678 3795 εύαγγελιστὴς,
3698 3723 3815 3795 μετὰ

2269 3816 2369 3889 τὴν
2406 3817 2485 3881 είς
2524 3817 2785 3888 οὐρανοὺς
2833 3816 3098 3887 ἀνάληψιν
3146 3816 3239 3869 τοῦ
3265 3816 3517 3888 Σωτῆρος
3556 3814 3707 3885 ⁴ίγμῶν
3733 3814 3814 3883 τὴν

2268 3907 2364 3961 τοῦ
2390 3907 2624 3981 Γαϐριὴλ
2668 3909 2850 3979 φωνὴν
2878 3909 3053 3981 οἰκείᾳ
3094 3909 3366 3981 παραδοὺς
3406 3911 3624 3981 γραφῇ,
3654 3906 3815 3975 σαφῶς

2268 3998 2534 4068 ⁴ἰνιπίστατο
2583 3997 2675 4050 τὸν
2721 3996 2926 4069 Ἰησοῦν
2978 3998 3077 4051 οὐκ
3127 3998 3219 4050 ἐπὶ
3264 3997 3325 4050 τὸ
3374 3996 3636 4051 Ἰουδαίων
3687 3995 3813 4055 (Ova;

2269 4088 2360 4143 τὸν
2398 4089 2625 4160 Σωτῆρα
2678 4087 3130 4157 βεϐασιλευκότα,
3176 4089 3297 4143 οὐδὲ
3345 4091 3425 4151 είς
3468 4090 3594 4151 τοὺς
3639 4086 3813 4147 αἰῶνας

2271 4182 2431 4236 αὐτὸν
2457 4181 2715 4254 ἄρξαντα,
2751 4174 2825 4235 ὧν
2855 4200 2919 4251 γε
2954 4183 3049 4237 καὶ
3078 4181 3176 4254 τὴν
3209 4184 3327 4236 κατ’
3355 4180 3517 4234 αὐτοῦ
3550 4178 3811 4248 συσκευὴν,

2270 4276 2365 4328 καὶ
2409 4276 2509 4346 τὴν
2557 4278 2637 4339 εἰς
2686 4274 2913 4329 θάνατον
2963 4272 3254 4344 ἐπιϐουλὴν
3304 4272 3549 4349 ἀκριϐῶς
3603 4272 3809 4343 ίστορεί·

2271 4367 2365 4420 καὶ
2399 4367 2460 4419 οὐ
2502 4366 2682 4436 μόνον,
2722 4364 2858 4420 ἀλλὰ
2894 4364 2986 4417 καὶ
3027 4367 3086 4418 ἐν
3123 4366 3241 4428 ταῖς
3274 4363 3512 4434 Πράξεσι
3555 4362 3661 4415 τῶν
3702 4362 3815 4413 ἁπο-

2272 4456 2471 4509 στόλων
2510 4455 2611 4520 τὰς
2651 4454 2795 4509 κατὰ
2835 4454 2943 4507 τῶν
2985 4453 3081 4507 τοῦ
3131 4452 3303 4523 Ἰησοῦ
3343 4451 3601 4524 μαθητῶν
3638 4452 3808 4503 ἐπανσο

2272 4547 2488 4611 στάσεις
2534 4546 2740 4600 αὐτῶν·
2790 4546 2890 4599 ούκ
2921 4544 2986 4599 ἂν
3018 4541 3112 4598 οὖν
3145 4545 3228 4596 ἐπ’
3260 4543 3453 4607 αὐτοὺς
3503 4542 3814 4612 βασιλεύσειν

2270 4640 2360 4694 τὸν
2385 4639 2618 4713 Χριστὸν
2663 4639 2762 4709 τὴν
2809 4638 2993 4708 φωνὴν
3031 4636 3124 4690 τοῦ
3155 4635 3391 4708 Γαϐριὴλ
3418 4635 3643 4706 νομίσας
3684 4635 3810 4704 είρη-

2272 4731 2444 4793 κέναι,
2472 4730 2547 4793 ὡς
2573 4729 2748 4800 ἀληθῆ
2782 4728 2949 4800 αὐτὴν
2984 4727 3418 4807 παρελάμϐανεν,
3451 4728 3498 4779 εἰ
3534 4725 3608 4797 μὴ
3634 4725 3811 4783 rima;

607 4813 921 4883 dicavisset,
954 4815 1059 4871 nisi
1102 4825 1331 4872 cunctos
1357 4819 1608 4875 homines
1664 4820 1945 4875 vocatione
1975 4819 2170 4875 Serva-

2273 4825 2394 4887 τοὺς
2419 4821 2509 4877 διὰ
2532 4821 2631 4891 τῆς
2658 4821 2900 4890 κλήσεως
2926 4818 3019 4872 τοῦ
3049 4818 3297 4891 Σωτῆρος
3322 4816 3479 4889 ἡμῶν
3505 4817 3564 4883 ἐξ
3588 4817 3811 4871 ἁπάντων

608 4907 746 4962 toris
780 4907 953 4962 nostri
975 4923 1042 4962 ex
1061 4909 1317 4964 omnibus
1345 4910 1595 4980 gentibus
1624 4911 1677 4966 in
1710 4910 2053 4982 adoptionem
2084 4926 2169 4967 as-

608 5006 877 5069 sumptos,
912 5013 1007 5069 per
1026 4997 1247 5053 domum
1277 4997 1466 5053 Jacobi
1488 4998 1855 5057 demonstrari
1904 5002 2165 5058 credidis-

607 5097 712 5147 set.
779 5088 933 5145 Unde
988 5097 1043 5145 et
1097 5089 1255 5145 divus
1290 5090 1583 5162 Apostolus
1638 5094 1922 5164 perspicue
1943 5094 2171 5150 edoctus

604 5183 716 5236 ait:
754 5201 773 5234 ι
804 5180 921 5239 Non
951 5182 1097 5236 enim
1161 5183 1254 5253 qui
1290 5184 1344 5236 in
1403 5182 1717 5248 manifesto,
1779 5184 2000 5241 Judzeus
2049 5195 2165 5241 est:

605 5290 783 5345 neque
805 5289 926 5344 qua!
958 5275 1011 5328 in
1044 5273 1333 5329 nianil'esto
1380 5275 1433 5328 in
1473 5290 1637 5331 carne
1666 5286 1749 5331 est
1783 5277 2166 5343 circumcisio;

606 5365 703 5421 sed
736 5366 826 5437 qui
859 5366 914 5420 in
944 5366 1285 5430 abscondito,
1326 5366 1547 5423 Judteos
1598 5376 1682 5423 est
1707 5386 1719 5425 :
1747 5376 1799 5423 et
1820 5368 2169 5424 circumcisio

606 5457 791 5512 cordis
843 5458 898 5510 in
951 5458 1165 5527 spiritu,
1223 5474 1331 5513 non
1363 5460 1541 5514 littera
1575 5477 1586 5512 :
1620 5460 1777 5530 cujus
1810 5461 1929 5517 laus
1964 5477 2072 5516 non
2103 5479 2169 5517 ex

607 5548 922 5606 hominibus
953 5549 1047 5606 sed
1078 5567 1140 5605 ex
1174 5549 1284 5606 Deo
1304 5559 1389 5607 est
1422 5552 1487 5606 σί.
1521 5570 1538 5603 ι

676 5708 721 5740 ⁶¹
760 5708 919 5765 Joan.
958 5726 1113 5776 xvm,
1154 5711 1243 5767 ὅθ.
1318 5711 1362 5743 ⁸⁸
1402 5709 1559 5772 80m.
1601 5724 1668 5771 ll,
1704 5709 1794 5763 ‘25.

2274 4913 2382 4969 τῶν
2416 4913 2583 4968 ἐθνῶν
2609 4914 2688 4976 είς
2725 4913 2822 4983 τὴν
2854 4910 2961 4965 τῶν
2992 4911 3159 4981 ἁγίων
3194 4910 3463 4964 υἱοθεσίαν
3494 4907 3809 4976 εἰσποιούμε-

2276 5022 2391 5070 veg,
2426 5000 2571 5058 οἶκον
2605 5002 2794 5057 Ἰακὼϐ
2827 5004 3070 5075 ἡγήσατο
3101 5002 3239 5056 κατὰ
3265 5000 3499 5056 διάνοιαν
3527 4996 3805 5071 δηλοῦσθαι·

2274 5096 2395 5150 ὅθεν
2428 5096 2521 5149 καὶ
2552 5095 2580 5148 6
2608 5094 2749 5159 θεῖος
2775 5094 3096 5157 Ἀπόστολος
3116 5092 3472 5163 ἐπιστάμενος
3509 5092 3805 5159 σαφέστατα.

2278 5189 2514 5263 παρίστη
2564 5188 2736 5259 λέγων
2772 5204 2785 5218 ·
2852 5206 2870 5239 ι
2902 5188 2974 5242 Ού
3023 5187 3130 5259 γὰρ
3165 5188 3194 5240 ό
3239 5187 3296 5238 ἐν
3337 5181 3662 5256 τῴ.φανερῷ
3700 5180 3807 5231 ἰον-

2274 5282 2420 5348 δαῖός
2454 5284 2621 5346 ἐστιν,
2638 5280 2760 5336 οὐδὲ
2789 5282 2822 5351 ἡ
2845 5281 2903 5333 ἐν
2926 5277 3003 5349 τῷ
3031 5277 3247 5347 φανερῷ
3276 5280 3332 5331 ἐν
3360 5275 3524 5347 σαρκὶ
3549 5266 3805 5343 περιτομὴ,

2275 5373 2388 5426 ἀλλ’
2410 5375 2439 5426 6
2468 5375 2524 5427 ἐν
2550 5373 2627 5446 τῷ
2654 5371 2880 5446 κρυπτῷ
2913 5370 3177 5435 Ἰουδαῖος,
3207 5370 3300 5423 καὶ
3324 5368 3589 5441 περιτομὴ
3610 5360 3807 5433 καρδίας

2274 5464 2332 5516 ἐν
2379 5465 2675 5537 πνεύματι,
2732 5466 2792 5518 οὐ
2838 5464 3143 5536 γράμματι,
3190 5457 3250 5516 οῦ
3305 5463 3333 5515 ὀ
3373 5460 3587 5522 ἔπαινος
3622 5454 3712 5511 οὐκ
3754 5449 3806 5514 ἒξ

2275 5555 2599 5627 ἀνθρώπων,
2634 5557 2747 5609 ἀλλ’
2778 5558 2841 5609 ἐκ
2867 5554 2958 5610 τοῦ
2993 5553 3147 5608 Θεοῦ.
3187 5573 3205 5605 ι

681 5819 794 5891 (ει)
837 5818 1041 5877 Confer
1092 5820 1311 5877 Eusebii
1368 5820 1823 5877 commentarium
1877 5817 1929 5872 in
1988 5807 2211 5884 Lucam;
2250 5833 2349 5888 cap
2406 5833 2442 5881 ι,
2476 5818 2565 5875 3'2.
