3954 6482
263 412 360 469 9η

875 408 1338 478 ΟυιιΕΞἸῚΟΝΕε
1376 408 1815 466 ΕνΑΝοειιοιι

1919 444 1964 451 -
2003 410 2331 478 ρυλΕδτιο
2370 412 2414 467 ιι
2452 411 2542 465 AD
2583 412 2923 470 MARINUM.

3410 421 3512 475 9H

262 527 400 599 μετά
433 526 489 581 τὸ
518 526 792 582 Σάϐϐατω
811 544 823 557 ·
855 527 998 582 οὕτω
1026 530 1135 601 γὰρ
1174 532 1268 585 καὶ
1295 530 1391 600 ὀψὲ
1417 532 1515 602 τῆς
1542 533 1689 604 ὥρας
1712 530 1815 584 είώι

1939 531 2143 586 batum.
2185 530 2277 587 Sic
2308 533 2453 588 enim
2482 540 2536 589 et
2584 549 2708 590 sero
2750 535 2897 590 horae
2918 536 3156 594 solemus
3185 537 3400 607 dicere,
3459 550 3514 596 et

256 624 431 694 θαμεν
449 623 629 691 λέγειν
645 664 659 688 ,
682 625 775 678 καὶ
796 623 893 693 ὀψὲ
915 622 1008 678 τοῦ
1034 625 1245 698 καιροῦ,
1262 628 1355 680 καὶ
1379 625 1475 696 ὀψὲ
1498 626 1600 697 τῆς
1622 627 1829 699 χρείας⁶

251 717 313 770 ού
345 716 446 788 τὴν
475 716 713 788 ἑσπέραν
763 714 1066 788 δηλοῦντες,
1096 719 1216 771 οὐδὲ
1257 718 1348 771 τὸν
1389 720 1526 789 μετά
1555 720 1703 791 ἡλίου
1739 720 1831 773 δυ-

254 810 400 881 σμὰς
424 809 635 882 χρόνον,
654 810 713 863 τὸ
735 810 791 863 δὲ
824 811 1031 883 σφόδρα
1049 812 1261 882 βράδιον
1282 812 1455 881 τούτῳ
1482 813 1832 883 σημαίνοντες

250 904 327 975 τῷ
348 905 567 976 τρόπῳ⁸
616 904 735 958 ὅθεν
764 903 951 976 ὥσπερ
991 904 1364 985 διερμηνεύων
1393 906 1554 970 αὐτὸς
1583 906 1773 959 ἑαυτὸν
1804 908 1832 959 6

249 997 532 1060 Ματθαῖος
561 998 697 1069 μετὰ
718 998 778 1051 τὸ
812 996 927 1067 ὀψὲ
959 996 1293 1063 Σαϐϐάτων,
1323 998 1567 1068 ἐπήγαγε
1595 997 1670 1066 τῇ
1706 997 1832 1050 ἐπι-

248 1088 584 1156 φωσκούσῃ
611 1089 744 1158 φησί
765 1104 776 1117 ·
803 1088 1003 1161 δηλαδὴ
1029 1088 1147 1162 ὥρᾳ
1171 1093 1237 1162 τῇ
1262 1089 1444 1144 λοιπὸν
1476 1089 1576 1160 ἤδη
1601 1091 1831 1158 ὑποφαι-

248 1181 441 1251 νούσῃ,
492 1182 585 1234 καὶ
630 1182 1016 1254 ἐπιφωσκούσῃ
1040 1184 1120 1245 είς
1151 1183 1248 1255 τὴν
1282 1182 1565 1255 Κυριακὴν
1592 1182 1828 1253 ἡμέραν,

245 1273 367 1343 ἥτις
389 1269 461 1345 ἦν
488 1272 584 1343 ὀψὲ
611 1275 704 1327 καὶ
731 1274 918 1345 πόρῤω
944 1274 1127 1328 λοιπὸν
1157 1275 1451 1329 έλαύνουσα
1480 1273 1586 1329 τῶν
1620 1275 1831 1328 Σαϐϐά-

245 1382 385 1417 τωψ
418 1364 665 1418 λέλεκται
698 1366 753 1417 δὲ
789 1366 903 1433 ὀψὲ
941 1365 1048 1419 τοῦ
1080 1366 1387 1422 Σαϐϐἁτου
1416 1366 1567 1437 παρά
1603 1367 1694 1420 τοῦ
1739 1369 1829 1439 ἑρ-

248 1454 625 1526 μηνεύσαντος
670 1456 769 1523 τὴν
802 1457 1057 1527 Γραφήν’
1088 1459 1116 1510 6
1159 1458 1256 1529 μὲν
1297 1458 1405 1529 γὰρ
1440 1457 1829 1529 εὐαγγελιστὴς

244 1546 532 1611 Ματθαῖος
577 1548 817 1619 Ἐϐραΐδι
838 1548 1050 1623 γλώττῃ
1077 1549 1361 1621 παρέδωκε
1394 1550 1455 1603 τὸ
1482 1551 1822 1620 εὐαγγέλιον·

244 1639 273 1690 6
303 1638 363 1690 δὲ
396 1637 491 1690 ἐπὶ
520 1639 619 1708 τὴν
651 1639 915 1708 Ἑλλήνων
966 1640 1147 1712 φωνὴν
1195 1641 1510 1711 μεταϐαλὼν
1543 1642 1695 1707 αὐτὸ,
1728 1642 1828 1713 τὴν

242 1730 669 1800 ἑπιφωσκοῦσαν
701 1731 847 1802 ὥραν
878 1733 956 1795 είς
987 1732 1086 1803 τὴν
1121 1734 1406 1805 Κυριακὴν
1439 1733 1673 1805 ἡμέραν,
1714 1733 1831 1802 ὀψὲ

242 1822 563 1877 Σαϐϐἁτων
607 1828 929 1895 προσεῖπεν·
964 1824 1104 1878 ὥστε
1144 1826 1236 1879 τὸν
1268 1824 1430 1880 αὑτὸν
1466 1826 1650 1897 σχεδὸν
1694 1829 1830 1879 νοεῖ-

242 1913 370 1968 σθαι
416 1916 628 1987 καιρὸν,
663 1916 695 1986 ἢ
730 1916 818 1969 τὸν
849 1917 1053 1989 σφόδρα
1084 1918 1250 1987 ἑγγὺς
1278 1918 1425 1988 παρά
1454 1922 1566 1982 τοῖς
1598 1919 1824 1988 εύαγγε-
1854 1905 1897 1959 Β

240 2007 457 2070 λισταῖς
482 2007 756 2078 διαφόροις
777 2008 1002 2078 ὀνόμασι
1029 2012 1397 2081 τετηρημένον
1412 2027 1425 2039 ·
1448 2011 1613 2082 μηδέν
1628 2028 1687 2063 τε
1708 2011 1824 2065 δια-

241 2099 431 2171 φέρειν
477 2099 751 2153 Ματθαῖον
783 2101 1062 2171 εἰρηκότα·
1095 2121 1113 2153 ι
1151 2103 1277 2172 Ὀψὲ
1332 2104 1389 2156 δὲ
1432 2103 1725 2158 Σαϐϐἀτων
1757 2107 1824 2177 τῇ

239 2192 636 2265 ἐπιφωσκούσῃ
693 2196 773 2258 είς
834 2195 961 2265 μίαν
1009 2194 1302 2249 Σαϐϐάτων
1343 2193 1474 2268 ἦλθε
1541 2198 1729 2271 Μαρία
1790 2200 1824 2269 ἡ

237 2287 578 2357 Μαγδαληνὴ
634 2288 729 2341 καὶ
766 2290 799 2359 ἡ
849 2289 980 2359 ἄλλη
1032 2290 1218 2361 Μαρία
1264 2289 1537 2361 θεωρῆσαι
1593 2290 1683 2343 τὸν
1728 2290 1824 2344 τά-

240 2398 361 2448 ιξον,
398 2400 417 2431 ι
462 2380 705 2433 Ἰωάννου
740 2382 1006 2451 φήσαντος
1036 2399 1048 2412 ·
1092 2400 1110 2432 ί
1155 2385 1222 2453 τῇ
1255 2382 1310 2435 δὲ
1346 2384 1446 2453 μιᾷ
1476 2381 1583 2437 τῶν
1615 2382 1825 2436 Σαϐϐά-

238 2490 349 2524 των
382 2472 601 2543 ἔρχεται
630 2473 816 2544 Μαρια
854 2475 886 2543 ἡ
912 2473 1244 2546 Μαγδαληνὴ
1272 2475 1414 2547 πρωῒ
1445 2478 1525 2540 εἰς
1575 2476 1635 2530 τὸ
1690 2494 1825 2548 μνη-

239 2568 415 2634 μεῖον,
462 2564 543 2618 ἔτι
573 2564 740 2636 ούσης
788 2565 1022 2631 σκοτίας.
1061 2587 1080 2619 ι
1117 2567 1412 2632 Πλατυκώς
1443 2568 1551 2641 γὰρ
1593 2569 1689 2623 ἕνα
1729 2569 1824 2622 καὶ

236 2659 331 2712 τὸν
365 2658 530 2711 αὐτὸν
564 2658 779 2728 δηλοῦσι
826 2659 935 2730 (50)
967 2661 1158 2732 χρόνον
1199 2660 1474 2732 διαφόροις
1519 2662 1761 2732 ῥήμασι⁹
1794 2663 1822 2713 6

239 2750 343 2820 μὲν
366 2748 648 2813 Ματθαῖος
678 2748 811 2817 ὀψὲ,
844 2749 962 2803 ἀντὶ
991 2750 1083 2804 τοῦ
1108 2750 1366 2821 βράδιον
1388 2768 1401 2780 °
1438 2751 1535 2804 καὶ
1567 2751 1682 2819 ὀψὲ
1712 2750 1819 2818 τῆς

236 2838 463 2904 νυκτός
502 2837 771 2909 ὀνομάσας
808 2840 974 2907 πρωῒ,
1010 2842 1038 2894 6
1075 2840 1445 2912 διερμηνεύων
1482 2842 1728 2912 ἑπήγαγε
1761 2841 1821 2893 τὸ

233 2928 490 2996 σκοτίας
520 2930 734 2998 οὔσης,
771 2931 857 2983 ἵνα
894 2933 965 3004 μή
999 2950 1083 2997 τις
1115 2933 1207 2986 τὸν
1237 2932 1432 3006 ὄρθρον
1458 2933 1636 3003 λέγειν
1658 2933 1818 2987 αὑτὸν

236 3022 534 3076 ὑπολάϐοι·
568 3022 643 3087 ὼς
680 3024 773 3077 καὶ
810 3024 839 3075 6
878 3025 1156 3090 Ματθαῖος
1194 3025 1271 3096 τῷ
1320 3026 1436 3096 ὀψὲ
1484 3027 1815 3091 Σαϐϐάτων,

235 3113 325 3167 ἴνα
374 3114 450 3186 μὴ
495 3115 594 3187 τὴν
626 3115 916 3188 ἑσπερινὴν
951 3117 1100 3189 ὥραν
1154 3118 1394 3188 νομίσειέ
1432 3135 1517 3182 τις
1543 3118 1814 3188 λέγεσθαι,

234 3206 547 3279 προσέθηκε
582 3207 641 3260 τὸ
679 3207 754 3277 τῇ
794 3209 1223 3302 ἐπιφωσκούσῃ
1268 3214 1354 3275 εὶς
1386 3211 1536 3280 μίαν
1593 3210 1817 3264 Σαϐϐά-
1845 3243 1886 3302 C

232 3312 375 3351 των.
420 3297 571 3350 Ἐπεὶ
623 3298 717 3351 καὶ
760 3299 1001 3371 ἀκριϐῶς
1042 3292 1195 3366 οὗτος
1235 3300 1510 3356 Σαϐϐἀτου
1543 3296 1692 3356 εἶπεν
1718 3301 1847 3373 τὴν.

231 3388 417 3457 ὀψίαν,
474 3391 546 3461 μή
598 3406 680 3453 τις
722 3388 819 3462 τὴν
861 3392 1095 3464 ἑσπέραν
1139 3394 1397 3448 ὑπολάϐοι
1439 3394 1692 3463 λέγεσθαι
1720 3395 1815 3467 τὴν

236 3480 380 3551 μετά
408 3480 559 3551 ἡλίου
584 3482 813 3555 δυσμὰς,
860 3483 993 3537 ἀλλά
1025 3484 1338 3539 Σαϐϐάτων
1375 3485 1538 3556 φησὶν
1571 3485 1702 3554 ὀψέ.

306 3572 373 3643 β’.
404 3574 563 3639 Ἐθος
596 3575 652 3627 δὲ
688 3576 815 3647 ὃλην
848 3576 948 3649 τὴν
980 3576 1245 3648 ἑϐδομάδα
1277 3578 1557 3632 Σάϐϐατον
1595 3578 1799 3643 καλεῖν,

228 3666 328 3718 καὶ
353 3666 534 3730 πάσας
553 3666 651 3732 τὰς
676 3668 885 3740 ἡμέρας
915 3669 1084 3733 οὕτως
1106 3670 1405 3740 ὀνομάζειν.
1436 3670 1664 3738 Λέγεται
1683 3670 1812 3740 γοῦν

230 3760 390 3831 παρά
427 3763 539 3823 τοῖς
563 3762 971 3831 εὐαγγελισταῖς
1003 3762 1078 3831 τῇ
1102 3762 1211 3833 μιᾷ
1242 3762 1360 3817 τῶν
1381 3763 1720 3818 Σαϐϐάτων·
1754 3766 1810 3820 ἐν

230 3850 286 3903 δὲ
312 3854 375 3922 τῇ
412 3851 681 3924 συνηθείᾳ,
712 3853 958 3923 δευτέρα
990 3855 1317 3919 Σαϐϐάτων,
1353 3858 1447 3910 καὶ
1474 3857 1636 3924 τρίτη
1672 3859 1810 3910 Σαϐ-

231 3941 446 4007 ὄάτων,
498 3945 591 3997 καὶ¹
633 3945 876 4014 τετάρτη
906 3946 1244 4000 Σαϐϐάτων·
1280 3948 1450 4012 οὕτως
1482 3944 1574 4002 οὖν
1602 3951 1629 4001 6
1659 3951 1808 4004 Ματ-

231 4032 385 4097 θαῖος
433 4034 525 4087 τὸν
571 4036 760 4107 καιρὸν
804 4038 892 4089 τὸν
938 4036 1340 4106 ἑπιφαύσκοντα
1369 4041 1448 4101 εἰς
1477 4040 1575 4110 τὴν
1609 4039 1683 4093 ’ἐω
1713 4041 1809 4110 τῆς

228 4125 522 4197 Κυριακῆς
567 4127 799 4198 ἡμέρας,
834 4127 1147 4181 Σαϐϐάτων
1195 4129 1309 4197 ὀψὲ
1352 4130 1659 4200 ὠνόμασεν·
1708 4131 1806 4183 ούκ

230 4215 403 4270 εἰπὼν
450 4217 686 4289 ἑσπέραν
723 4218 816 4272 τοῦ
868 4220 1166 4286 Σαϐϐάτου,
1205 4221 1328 4274 οὐδὲ
1366 4221 1460 4290 ὀψὲ
1495 4221 1801 4276 Σαϐϐἀτου·

230 4308 355 4361 ἐπεὶ
406 4308 571 4380 ἑχρῆν
623 4310 769 4380 ἡμᾶς
823 4313 887 4381 τῇ
939 4311 1122 4383 ἡμέρᾳ
1166 4311 1259 4364 τοῦ
1318 4312 1593 4366 Σαϐϐάτου
1671 4314 1807 4385 μετά

228 4401 383 4471 ἡλίου
423 4402 632 4473 δυσμάς
690 4403 927 4475 ἑσπέρας
972 4405 1262 4475 γινομένης
1311 4405 1799 4477 ἀπονηστίξεσθαι·

230 4494 323 4545 καὶ
349 4494 533 4546 οὐκέτι
564 4494 661 4564 τὴν
690 4493 969 4566 Κυριακὴν
994 4496 1204 4565 ἡμέραν
1236 4496 1514 4568 ἀγαλλιᾷν,
1546 4498 1680 4552 ἀλλά
1707 4498 1805 4571 τὴν

1937 638 2061 678 sero
2094 625 2376 695 temporis,
2408 633 2461 680 et
2492 625 2669 682 serius
2700 641 2863 697 quam
2910 628 2986 683 rei
3024 643 3157 685 usus
3177 632 3511 699 postulavis-

1936 722 2051 782 set;
2092 730 2269 786 neque
2302 715 2508 773 idcirco
2534 732 2818 789 vesperam
2871 719 3243 790 signiﬁcamus
3266 760 3283 786 ,
3334 738 3512 793 neque

1935 814 2149 878 tempus
2181 817 2305 878 post
2362 810 2496 866 solis
2539 824 2820 877 occasum,
2850 813 2947 870 sed
2984 814 3130 884 quod
3184 829 3513 887 magnopere

1935 915 2119 956 serum
2169 901 2259 956 sit.
2305 899 2485 967 Quare
2513 918 2573 959 se
2604 903 2781 973 ipsum
2815 905 2983 961 veluti
3026 905 3309 964 Matthaeus
3341 908 3511 963 inter-

1932 1001 2154 1064 pretans
2210 1002 2499 1065 postquam
2543 995 2680 1050 dixit
2710 1012 2832 1053 sero
2861 996 3215 1053 Sabbatorum
3238 1038 3253 1063 ,
3300 1000 3374 1055 ait
3393 1017 3510 1072 qua:

1932 1085 2207 1150 illucescit,
2238 1101 2430 1155 nempe
2471 1085 2607 1140 hora
2636 1103 2757 1157 qua:
2786 1088 3044 1159 deinceps
3074 1091 3295 1146 suberat
3345 1099 3509 1162 atque

1931 1179 2280 1235 illucescebat
2308 1180 2363 1233 in
2386 1179 2527 1235 diem
2560 1178 2942 1249 Dominicum;
2981 1198 3103 1252 quae
3154 1200 3347 1253 nempe
3391 1185 3507 1254 jam

1930 1285 2050 1325 sera
2074 1278 2191 1325 erat
2219 1278 2275 1328 et
2302 1271 2516 1341 longius
2558 1286 2587 1324 a
2614 1270 2853 1327 Sabbato
2882 1274 3085 1343 elapsa.
3117 1274 3171 1329 Id
3208 1292 3336 1331 vero
3368 1285 3507 1333 tem-

1931 1378 2033 1433 pus
2063 1377 2091 1415 a
2130 1360 2425 1432 Scriptura:
2447 1364 2774 1433 evangelicae
2800 1365 3093 1435 interprete
3121 1385 3235 1421 sero
3285 1368 3506 1423 Sabbati

1930 1458 2255 1525 appellatum
2301 1455 2701 1526 est.’Namque
2749 1457 2867 1528 ipse
2918 1458 3203 1515 Matthteus
3238 1460 3503 1515 Hebraica

1928 1548 2113 1619 lingua
2140 1548 2309 1603 edidit
2340 1548 2723 1621 Evangelium;
2760 1551 2828 1605 ab
2850 1565 2916 1606 eo
2937 1562 3119 1605 autem
3146 1552 3238 1622 qui
3270 1552 3326 1605 in
3354 1550 3503 1607 Cra:—

1929 1656 2049 1697 cam
2081 1644 2382 1707 transtulit,
2417 1643 2743 1701 illucescens
2795 1645 2931 1701 hora
2976 1645 3033 1699 in
3063 1645 3207 1699 diem
3263 1644 3503 1699 Domini-

1928 1748 2052 1789 cum
2083 1774 2097 1798 ,
2139 1752 2254 1789 sero
2278 1733 2631 1790 Sabbatorum
2673 1737 2938 1806 appellata
2965 1736 3064 1789 fuit
3098 1756 3109 1789 :
3144 1736 3218 1790 ita
3249 1744 3308 1789 ut
3359 1734 3501 1790 idem

1931 1826 2043 1882 fere
2074 1835 2288 1898 tempus
2313 1828 2668 1898 intelligatur,
2696 1836 2790 1883 aut
2823 1828 2980 1882 valde
3004 1830 3332 1898 proximum,
3355 1825 3499 1896 apud

1925 1920 2289 1990 evangelistas
2344 1921 2577 1977 diversis
2624 1921 2939 1976 nominibus
2984 1921 3363 1990 designatum:
3418 1918 3502 1971 ni-

1926 2010 2110 2081 hilque
2133 2010 2345 2067 diﬁ‘erat
2373 2010 2659 2067 Matthaeus
2684 2012 2907 2067 dicens:
2942 2030 2962 2061 ‹
2995 2009 3129 2065 Sero
3152 2020 3333 2065 autem
3362 2008 3501 2064 Sabo

1926 2104 2195 2169 batorum,
2220 2121 2340 2176 quae
2376 2105 2603 2160 lucescit
2632 2106 2685 2160 in
2715 2120 2877 2159 unam
2910 2105 3271 2159 Sabbatorum
3293 2144 3307 2167 ,
3353 2102 3500 2157 venit

1927 2195 2093 2250 Maria
2146 2198 2500 2267 Magdalena,
2561 2206 2615 2253 et
2645 2199 2812 2253 altera
2863 2197 3030 2251 Maria
3075 2197 3257 2252 videre
3315 2195 3499 2265 sepul-

1925 2308 2102 2358 crum,
2152 2314 2170 2346 ι
2210 2310 2240 2347 a
2268 2293 2477 2349 Joanne
2505 2295 2597 2365 qui
2641 2294 2760 2348 ait:
2820 2313 2839 2345 ί
2881 2309 2986 2348 una
3014 2300 3195 2348 autem
3227 2291 3497 2345 Sabbato-

1925 2400 2045 2439 rum
2072 2386 2220 2441 venit
2249 2384 2418 2441 Maria
2442 2385 2759 2457 Magdalena
2786 2400 2945 2441 mane
2974 2386 3040 2440 ad
3058 2390 3492 2443 monumentum.

1924 2492 2048 2531 cum
2087 2477 2265 2532 adhuc
2313 2479 2551 2534 tenebrte
2604 2486 2808 2533 essent.
2863 2498 2881 2529 ι
2944 2475 3077 2531 Late
3126 2476 3270 2531 enim
3322 2488 3494 2528 unum

1922 2567 2175 2639 idemque
2227 2569 2568 2640 signiﬁcatur
2646 2578 2860 2640 tempus
2920 2568 3090 2623 variis
3146 2567 3486 2622 nominibus.

1924 2657 2174 2714 Matthaao
2202 2677 2316 2714 sero
2365 2659 2717 2716 Sabbatorum
2761 2660 2978 2715 dicente
3018 2674 3118 2729 pro
3146 2656 3354 2712 tardius
3380 2698 3396 2723 ,
3440 2667 3496 2712 et

1922 2768 2075 2805 mane
2095 2764 2201 2821 pro
2224 2760 2371 2806 nocte
2397 2753 2650 2814 serotina,
2685 2752 2953 2821 interpres
2988 2748 3193 2805 addidit
3248 2765 3367 2802 cum
3398 2750 3495 2801 ad-

1921 2844 2020 2896 huc
2052 2844 2274 2898 tenebra:
2300 2854 2491 2909 essent,
2519 2861 2586 2900 ne
2608 2846 2732 2914 quis
2764 2858 3017 2898 auroram
3048 2842 3154 2896 dici
3185 2843 3253 2897 ab
3281 2842 3372 2896 illo
3397 2856 3494 2911 pu-

1920 2943 2079 2989 taret.
2117 2934 2290 2989 Sicuti
2321 2935 2487 2990 etiam
2516 2933 2804 2989 Matthaeus
2844 2933 3025 2988 verbis
3074 2949 3191 2986 sero
3232 2930 3493 2986 Sabbato-

1920 3042 2059 3090 rum,
2090 3042 2160 3082 ne
2192 3027 2318 3097 quis
2354 3026 2422 3082 de
2454 3027 2766 3096 vespertino
2798 3033 3042 3096 tempore
3070 3026 3365 3095 cogitaret,
3399 3023 3490 3079 ad-

1920 3118 2055 3172 didit
2084 3135 2200 3188 quaz
2239 3120 2452 3173 lucescit
2490 3120 2731 3197 in‘unam
2771 3117 3146 3172 Sabbatorum.
3174 3115 3241 3169 Et
3269 3116 3490 3186 quidem

1921 3221 2174 3266 accurate
2202 3212 2247 3267 is
2280 3213 2550 3282 expressit
2574 3227 2751 3267 seram
2798 3210 3011 3278 horam,
3036 3226 3104 3265 ne
3136 3209 3260 3278 quis
3294 3223 3488 3278 vespe-

1921 3317 2036 3355 ram
2066 3304 2383 3371 0pinaretur
2431 3317 2553 3356 esse
2610 3312 2733 3371 post
2773 3302 2905 3358 solis
2957 3315 3214 3357 occasum
3262 3301 3484 3365 horam;

1918 3409 2108 3464 nempe
2133 3394 2207 3448 ait
2233 3411 2348 3448 sero
2378 3394 2749 3448 Sabbatorum.

1983 3572 2038 3627 2.
2080 3572 2432 3628 Consuetudo
2458 3582 2638 3627 autem
2670 3571 2771 3625 fuit
2792 3578 2851 3625 ut
2876 3570 3128 3625 universa
3144 3569 3483 3625 hebdomada

1914 3664 2189 3720 diceretur
2234 3664 2555 3731 Sabbatum,
2582 3665 2691 3719 imo
2723 3675 2782 3718 ut
2811 3663 2927 3718 dies
2959 3662 3161 3733 singuli
3191 3663 3271 3717 sic
3299 3661 3484 3730 appel—

1910 3758 2172 3813 larentur.
2212 3756 2421 3812 Dicitur
2446 3771 2575 3828 ergo
2604 3754 2747 3826 apud
2776 3752 3134 3824 evangelistas
3150 3768 3257 3806 una
3275 3749 3483 3805 Sabba-

1913 3860 2105 3903 torum.
2139 3848 2205 3902 Et
2234 3849 2449 3919 quidem
2485 3848 2540 3902 in
2575 3847 2786 3918 vulgari
2829 3844 3226 3901 consuetudine
3253 3841 3484 3897 secunda

1912 3941 2286 4003 Sabbatorum.
2306 3942 2461 3996 tertia
2486 3939 2867 4004 Sabbatorunt,
2886 3947 3079 4009 quarta
3103 3935 3481 3991 Sabbatorum.

1912 4036 2001 4092 Sic
2028 4053 2157 4108 ergo
2189 4036 2470 4091 Matthazus
2503 4044 2716 4105 tempus
2751 4036 3074 4090 illucescens
3097 4034 3151 4085 in
3192 4032 3334 4087 diem
3371 4026 3480 4085 D04-

1909 4132 2168 4185 minicum
2225 4146 2340 4185 sero
2394 4128 2748 4185 Sabbatorum
2806 4126 3083 4181 vocitavit.
3134 4122 3306 4179 Secus
3352 4136 3481 4177 vero

1907 4227 2180 4291 Oporteret
2224 4236 2325 4275 nos
2355 4220 2443 4273 die
2490 4218 2713 4272 Sabbati
2740 4225 2864 4287 post
2894 4216 3028 4272 solis
3059 4229 3315 4269 occasum
3339 4253 3352 4275 ,
3387 4228 3480 4268 ve—

1908 4330 2065 4384 spere
2099 4313 2279 4379 facto,
2322 4311 2590 4382 jejunium
2631 4311 2873 4379 polluere
2906 4329 2917 4363 :
2952 4323 3128 4377 neque
3180 4308 3267 4363 die
3298 4305 3476 4361 Domi-

1907 4406 2030 4460 nico
2077 4404 2333 4474 jubilare,
2366 4402 2461 4457 sed
2493 4403 2676 4473 potius
2704 4416 2929 4470 vespere
2970 4400 3229 4467 Sabbati;
3266 4402 3311 4456 si
3357 4401 3477 4469 qui-

1906 4498 2026 4554 dem
2063 4498 2137 4551 ita
2177 4494 2562 4565 intelligendus
2602 4502 2748 4549 esset
2773 4494 3124 4563 evangelista.
3158 4492 3320 4561 Atqui
3366 4510 3476 4547 non

228 4585 470 4655 ἑσπέραν
502 4585 595 4638 τοῦ
625 4586 919 4651 Σαϐϐάτου,
950 4587 1105 4659 εῖπερ
1132 4588 1273 4641 τοῦτ’
1300 4590 1487 4659 ἐδήλου
1516 4592 1544 4643 6
1575 4593 1805 4659 εὐαγγε-

1919 4603 2133 4657 vespere
2169 4584 2391 4639 Sabbati
2429 4586 2671 4641 solemus
2699 4584 2910 4654 jejunia
2956 4583 3217 4652 polluere,
3247 4582 3343 4638 sed
3377 4599 3477 4637 no.

228 4675 435 4748 λιστὴς.
484 4677 621 4730 Ἀλλ’
654 4679 750 4750 οὐχ
794 4680 1029 4751 ἑσπέρας
1076 4680 1169 4734 τοῦ
1212 4681 1487 4735 Σαϐϐάτου
1531 4682 1801 4754 εἰώθαμεν

226 4769 323 4832 τὰς
356 4768 610 4839 νηστείας
628 4770 936 4836 καταλύειν,
973 4772 1086 4825 ἀλλ’
1114 4773 1147 4843 ἢ
1192 4774 1382 4837 νυκτὸς
1411 4775 1795 4845 ἐπιλαϐούσης,

227 4860 375 4931 αύτῷ
422 4862 774 4933 μεσονυκτίῳ,
822 4864 916 4915 καὶ
968 4864 1001 4935 ἢ
1053 4865 1181 4934 περὶ
1232 4865 1539 4936 ἀλεκτόρων
1566 4866 1713 4936 βοὰς,
1763 4868 1798 4938 ἢ

227 4952 368 5022 ἀμφὶ
392 4952 483 5004 τὸν
511 4952 705 5025 ὄρθρον
724 4970 738 4984 ·
767 4953 906 5008 ὥστε
938 4956 1031 5008 καὶ
1058 4954 1114 5022 ἑξ
1140 4955 1307 5009 αὐτοῦ
1337 4956 1429 5009 τοῦ
1455 4958 1795 5029 πράγματος,

226 5045 317 5098 καὶ
368 5046 433 5097 ἑκ
475 5044 574 5115 τῆς
622 5046 1026 5119 κεκρατηκυίας
1058 5050 1115 5099 ἑν
1156 5051 1273 5111 ταῖς
1328 5049 1674 5121 Ἐκκλησίαις
1702 5050 1798 5103 τοῦ

225 5134 355 5188 Θεοῦ
404 5135 710 5208 συνηθείας,
747 5138 837 5190 τὸν
868 5138 954 5193 διὰ
991 5138 1083 5191 τοῦ
1109 5134 1223 5207 ὀψὲ
1251 5138 1562 5193 Σαϐϐάτων
1613 5140 1799 5210 δηλού-

228 5244 386 5295 μενον
433 5227 645 5299 καιρὸν,
693 5231 766 5302 μὴ
808 5230 905 5301 τὴν
950 5232 1241 5302 ἑσπερινὴν
1273 5231 1421 5302 ὥραν
1472 5228 1629 5297 εἶναι,
1663 5232 1797 5286 ἀλλά

222 5317 441 5391 ταύτην.
471 5320 537 5391 ἢν
558 5322 832 5386 Ματθαῖος
850 5323 1010 5387 αὐτὸς
1039 5324 1379 5394 παρέστησεν
1401 5323 1569 5379 εἰπὼν
1586 5323 1659 5394 τῇ
1674 5325 1799 5379 ἐπι-

224 5413 552 5481 φωσκούσῃ
581 5417 667 5479 εἰς
684 5417 831 5484 μίαν
860 5418 1190 5472 Σαϐϐάτων.
1220 5416 1354 5471 Οὐδὲ
1380 5417 1487 5488 γὰρ
1510 5417 1663 5487 λόγον
1684 5414 1797 5488 εἶχε

227 5505 359 5557 κατὰ
386 5505 484 5576 τὴν
512 5507 749 5579 ἑσπέραν
779 5507 874 5561 τοῦ
906 5509 1180 5564 Σαϐϐἀτου
1211 5509 1464 5563 τοιούτων
1506 5509 1795 5581 θαυμάτων

225 5593 363 5662 ἀμφὶ
396 5595 460 5648 τὸ
503 5600 764 5669 μνημεῖον
795 5598 888 5650 τοῦ
925 5599 1176 5670 Σωτῆρος
1219 5600 1681 5670 ἀποτελουμένων,
1720 5599 1795 5672 μὴ

224 5683 338 5753 οὖχὶ
371 5685 580 5748 πάντας
611 5688 737 5749 τοὺς
770 5688 867 5757 τὴν
903 5687 1054 5740 πόλιν
1082 5687 1362 5752 οίκοῦντας
1398 5687 1585 5759 μαθεῖν
1610 5687 1678 5741 τὰ
1708 5704 1791 5755 γι-

294 5865 403 5920 (30)
442 5866 575 5922 Cod.
607 5867 819 5922 δηλοῦν.

1905 4685 1991 4732 cte
2015 4676 2250 4732 medium
2281 4690 2508 4729 cursum
2556 4674 2671 4744 jam
2704 4682 2942 4737 tenente,
2972 4681 3065 4727 aut
3104 4677 3249 4728 circa
3278 4674 3479 4745 gallici-

1905 4771 2055 4823 nium
2074 4769 2156 4824 vel
2178 4782 2433 4823 auroram
2462 4786 2475 4821 :
2512 4767 2586 4820 ita
2619 4777 2677 4821 ut
2700 4774 2754 4822 et
2776 4765 2921 4821 facto
2952 4766 3071 4835 ipso
3095 4773 3149 4822 et
3179 4766 3478 4822 inveterata

1904 4862 1958 4916 in
1982 4861 2075 4916 Dei
2106 4859 2368 4915 Ecclesiis
2395 4858 2812 4921 consuetudine,
2859 4866 3073 4928 tempus
3108 4857 3478 4929 signiﬁcatum

1905 4936 2000 5023 per
2030 4953 2192 5009 verba
2229 4970 2345 5008 sero
2384 4950 2768 5013 Sabbatorum,
2802 4949 2945 5004 haud
2976 4951 3287 5020 vespertina
3344 4949 3478 5003 hora

1904 5045 1995 5110 sit,
2020 5046 2114 5099 sed
2141 5060 2307 5115 quam
2364 5044 2647 5098 Mattliaaus
2676 5024 2897 5097 exhibet
2925 5042 3054 5096 dum
3095 5042 3169 5094 ait
3196 5059 3210 5094 :
3264 5056 3382 5111 qua:
3418 5041 3479 5093 il-

1904 5139 2115 5192 lucescit
2139 5139 2194 5191 in
2222 5154 2381 5192 unam
2401 5133 2984 5204 Sabbatorum.Neque
3018 5132 3161 5188 enim
3193 5133 3478 5187 commode

1904 5228 2235 5283 accidissent
2258 5242 2483 5296 vespere
2508 5225 2729 5280 Sabbati
2750 5225 2877 5278 talia
2902 5222 3148 5293 prodigia
3174 5222 3322 5275 circa
3347 5220 3478 5276 Ser--

1902 5322 2109 5376 vatoris
2159 5328 2608 5381 monumentum,
2670 5334 2737 5372 ne
2810 5316 3019 5372 scilicet
3077 5314 3281 5385 passim
3322 5314 3476 5369 urbis

1902 5413 2094 5468 incola:
2121 5428 2236 5468 rem
2260 5420 2674 5479 cognoscerent,
2691 5413 2950 5479 ﬁeretque
2973 5422 3276 5464 concursus
3298 5405 3367 5460 ad
3390 5415 3475 5461 tu-

1901 5506 2140 5570 mulum,
2164 5505 2513 5576 vigilantibus
2545 5504 2817 5559 omnibus.
2840 5501 3285 5557 Consentaneum
3314 5500 3474 5571 quip-

1877 5612 1968 5667 .pe
2005 5606 2145 5662 erat,
2172 5596 2350 5667 lapide
2378 5595 2687 5666 prodigiose
2740 5594 3018 5658 revoluto,
3056 5594 3239 5650 statim
3270 5608 3473 5647 convo-

1900 5696 2010 5750 lare
2048 5692 2327 5760 custodes,
2367 5690 2503 5745 hora
2542 5687 2596 5743 id
2629 5688 2980 5753 concedente,
3017 5690 3083 5744 ad
3111 5702 3174 5746 ea
3206 5702 3325 5759 quae
3350 5702 3474 5746 eve-
