3954 6536
510 435 616 495 945

1217 423 1488 483 EUSEBII
1529 421 2186 484 CESARIENSlS-OPP.
2223 429 2400 483 PARS
2431 431 2519 486 Ill.
2559 463 2628 473 -—
2663 429 3074 491 EX‘EGETICA.
3598 449 3678 504 9M

509 565 708 618 nerant.
739 551 1120 613 renuntianda.
1183 551 1250 606 Et
1297 549 1518 620 quidem
1568 551 1625 604 hi
1674 549 1940 607 docentur
1989 553 2078 608 die

2185 553 2395 623 νόμενα,
2421 555 2515 606 καὶ
2551 555 2820 627 συνδρομὴ
2851 556 3064 624 γεγόνει
3102 555 3194 608 ἐπὶ¹
3217 553 3278 608 τὸ
3305 556 3490 627 μνῆμα,
3511 560 3678 616 πάντων

511 660 730 724 postero
746 665 775 702 a
797 645 1166 704 sacerdotibus
1184 650 1245 697 ut
1269 656 1540 698 rumorem
1565 643 1623 696 in
1643 644 1839 713 vulgus
1867 652 2087 711 serant,

513 743 728 798 venisse
759 745 922 792 noctu
955 732 1254 803 discipulos
1283 729 1412 786 Jesu
1455 730 1520 784 ad
1561 729 1852 784 furandum
1884 747 2086 802 corpus

511 838 642 892 dum
676 833 780 904 ipsi
815 844 1006 886 somno
1053 827 1426 896 iudulgerent;
1465 826 1517 880 id
1558 825 1704 896 quod
1745 825 1815 881 ab
1841 828 1921 881 eis
1955 825 2082 896 ﬁngi

513 927 658 984 haud
687 938 822 994 Opus
867 919 1080 984 fuisset,
1109 919 1156 974 si
1195 933 1420 987 vespere
1448 915 1609 972 Jesus
1664 917 2076 972 resurrexissct.

511 1020 697 1090 Itaque
729 1015 981 1072 existimo
1037 1028 1106 1068 ex
1137 1011 1223 1066 his
1270 1011 1664 1075 demonstrari,
1721 1010 1775 1066 id
1807 1011 1952 1082 quod
2003 1010 2080 1064 ait

509 1110 798 1166 Matthacus
829 1123 944 1161 sero
976 1104 1361 1169 Sabbatorum,
1403 1104 1546 1158 haud
1586 1103 1892 1176 signiﬁcare
1923 1119 2078 1158 sero-

513 1203 680 1258 tinam
717 1199 942 1254 Sabbati
985 1197 1174 1251 horam
1211 1212 1386 1266 neque
1423 1203 1639 1265 tempus
1669 1195 2078 1266 vespertinum;

511 1311 747 1365 namque
777 1295 894 1363 ipse
925 1291 1209 1346 Matthzeus
1239 1290 1388 1343 addit
1414 1308 1426 1342 :
1458 1287 1588 1341 hora
1608 1304 1722 1356 qua:
1767 1289 1979 1342 lucescit
2026 1289 2079 1341 in

509 1405 674 1444 unam
706 1385 1086 1443 Sabbatorum;
1139 1395 1300 1435 mane
1345 1377 1597 1444 videlicet
1635 1379 1764 1432 dum
1798 1379 1974 1434 adhuc
2003 1387 2084 1432 tc—

2191 646 2588 717 ἐγρηγορότων.
2644 649 2956 704 Ἀκόλουθον
3005 650 3060 702 δὲ
3102 644 3169 720 ἦν
3211 650 3572 720 ἀνατραπέντος
3611 657 3682 710 τοῦ

2189 733 2335 789 λίθου
2365 730 2698 809 παραδόξως,
2725 741 3066 813 παραχρῆμα
3097 739 3324 794 σπεῦσαι
3341 743 3454 805 τοὺς
3471 747 3683 818 φρουροὺς

2185 828 2252 882 τά
2285 829 2591 901 πραχθέντα
2621 831 2878 902 δηλῶσαι,
2917 834 3014 904 τῆς
3047 833 3193 905 ὥρας
3222 835 3396 898 αὐτοῖς
3425 836 3684 908 ἐπιτρεπού-

2187 936 2302 990 σης.
2333 923 2393 974 Οἱ
2419 923 2476 974 δὲ
2513 923 2607 976 καὶ
2643 923 2980 978 διδάσκονται
3008 929 3072 996 τῇ
3104 925 3359 997 ὑστεραίᾳ
3382 927 3474 980 ὑπὸ
3497 927 3585 980 τῶν
3613 929 3685 1000 ἀρ-

2185 1015 2411 1085 χιερέων
2461 1015 2784 1086 διαφημίσαι
2815 1019 2892 1081 είς
2927 1017 3148 1083 πάντας,
3177 1021 3258 1072 ὅτι
3288 1020 3334 1072 οἱ
3371 1020 3578 1091 μαθηταὶ
3611 1024 3684 1075 αὖ·

2185 1104 2278 1158 τοῦ
2322 1108 2511 1171 νυκτὸς
2561 1109 2804 1174 ἐλθόντες
2847 1111 3074 1181 ἔκλεψαν
3099 1113 3258 1166 αὐτὸν
3293 1115 3436 1184 ἡμῶν
3470 1117 3687 1186 κοιμωμέ-

2186 1213 2292 1250 νων
2313 1215 2326 1227 -
2360 1199 2388 1251 ὃ
2417 1199 2478 1271 δὴ
2521 1199 2702 1272 χώραν
2735 1204 2834 1258 οὐκ
2867 1201 3010 1275 εἶχεν
3044 1205 3365 1260 πλάττεσθαι
3393 1207 3561 1272 αὐτοὺς
3581 1210 3685 1280 alti}

2188 1293 2395 1366 ἑσπέρᾳ
2441 1295 2720 1366 ἐγήγερτο.
2771 1296 2927 1350 Ἀλλά
2973 1297 3081 1369 γὰρ
3141 1297 3375 1368 ἡγοῦμαι
3416 1299 3494 1352 διὰ
3529 1298 3685 1352 τούτων

2179 1383 2595 1440 ἀποδείκνυσθαι
2623 1388 2684 1441 τὸ
2711 1388 2860 1460 παρά
2900 1389 2978 1459 τῷ
3019 1391 3280 1459 Ματθαίῳ
3309 1391 3570 1460 λεγόμενον
3603 1389 3688 1458 ὀψὲ

513 1479 696 1533 nebrae
735 1487 953 1540 essent,
996 1474 1294 1529 secundum
1327 1469 1610 1525 Joannem.
1659 1469 1753 1523 Sic
1776 1471 1922 1524 enim
1955 1470 2082 1524 har-

2185 1477 2510 1542 Σαϐϐάτων,
2533 1480 2606 1550 μὴ
2633 1479 2729 1550 τὴν
2757 1481 2942 1552 ὀψινήν
2972 1480 3118 1552 ὤραν
3139 1481 3231 1533 τοῦ
3253 1481 3509 1534 Σαϐϐάτου
3531 1483 3684 1552 σημαί-

513 1569 698 1623 monia
728 1567 817 1622 fiet
843 1565 1276 1636 evangelicarum
1323 1578 1543 1628 vocum,
1587 1561 1752 1618 veluti
1801 1577 1910 1616 uno
1955 1570 2086 1616 tem-

511 1676 646 1732 pore
681 1660 748 1713 ab
783 1659 917 1728 ipsis
949 1657 1255 1728 signiﬁcato
1278 1696 1292 1719 ,
1325 1655 1473 1726 quod
1515 1663 1698 1709 tamen
1749 1655 1802 1709 in
1851 1655 2081 1726 singulis

511 1759 757 1807 mutatur
797 1750 1106 1820 scripturis,
1139 1749 1214 1802 ita
1259 1756 1320 1802 ut
1371 1749 1512 1802 intra
1541 1763 1704 1802 unam
1731 1747 2082 1818 eamdemque

2179 1585 2309 1634 νειν,
2337 1571 2470 1642 μηδέ
2491 1571 2580 1624 τὸν
2608 1571 2890 1644 ἑσπερινὸν
2937 1573 3144 1644 καιρόν·
3169 1573 3281 1626 ἀλλ’
3303 1573 3454 1637 αὐτὸς
3469 1573 3688 1638 Ματθιῖος

2184 1661 2461 1731 ἐπήγαγεν
2493 1661 2590 1733 τὴν
2627 1662 3043 1732 ἐπιφώσκουσαν
3071 1663 3230 1732 ὤραν
3257 1665 3344 1730 είς
3367 1665 3502 1732 μίαν
3523 1662 3689 1716 Σαϐϐά-

2185 1768 2321 1817 των,
2363 1755 2484 1825 ἥτις
2509 1751 2577 1828 ἦν
2609 1755 2772 1828 πρωῒ,
2799 1755 2878 1810 ἔτι
2911 1757 3127 1820 σκοτίας
3151 1756 3316 1828 οὔσης
3344 1755 3476 1810 κατά
3501 1756 3577 1808 τὸν
3607 1755 3690 1808 Ἰω-

515 1843 704 1896 horam
725 1840 1050 1911 principium
1069 1839 1230 1892 liceat
1253 1836 1512 1906 cogitare,
1535 1836 1792 1898 medium,
1813 1843 1866 1890 et
1889 1835 2068 1892 ﬁnem.

2185 1841 2337 1912 iw-qv
2357 1861 2370 1873 '
2395 1843 2537 1898 οὕτω
2563 1845 2671 1917 γὰρ
2705 1847 2738 1916 ἡ
2771 1845 3056 1917 συμφωνία
3096 1847 3386 1918 συνδράμοι
3411 1845 3472 1898 ἂν
3499 1845 3590 1898 τῶν
3625 1845 3690 1896 εὖ·

515 1935 820 2005 αγγελικῶν
847 1933 1065 2004 φωνῶν*
1099 1933 1176 1996 ὡς
1209 1930 1402 2002 καιροῦ
1423 1931 1533 2002 ,μὲν
1562 1931 1680 1994 ἐνὸς
1704 1931 1770 1984 δι’
1828 1931 2007 1984 αὐτῶν
2069 1937 2493 2009 σημαινομένου,
2525 1939 2962 1994 ἀναλλαττόντων
2989 1939 3045 1993 δὲ
3074 1941 3203 2011 παρ’
3251 1941 3474 1992 ἑκάστου
3502 1937 3592 1990 τῶν
3618 1935 3688 1990 τοῦ

513 2033 705 2108 καιροῦ
743 2033 973 2103 μορίων·
1014 2032 1136 2084 ἐπεὶ
1163 2031 1255 2084 καὶ
1289 2031 1416 2100 μιᾶς
1449 2029 1542 2084 καὶ
1581 2029 1678 2099 τῆς
1707 2027 1877 2098 αὐτῆς
1907 2027 2076 2100 ὧρας,
2115 2033 2208 2086 καὶ
2238 2035 2336 2105 τὴν
2369 2037 2543 2108 ἀρχήν
2569 2039 2714 2090 ἐστιν
2737 2038 3040 2107 ἐπινοῆσαι,
3101 2038 3192 2090 καὶ
3227 2035 3290 2089 τὸ
3323 2035 3493 2106 μέσον,
3521 2032 3600 2085 καὶ
3645 2029 3690 2084 τδ

513 2129 684 2192 τέλος.

586 2225 640 2280 5.
680 2223 834 2278 llaud
861 2223 1026 2294 igitur
1053 2237 1084 2276 a
1113 2223 1342 2276 veritate
1365 2221 1724 2283 aberraveris,
1748 2221 1795 2277 si
1819 2237 1849 2275 a
1869 2220 2077 2278 Joanne

515 2315 730 2370 initium
767 2311 1188 2370 resurrectionis
1225 2310 1532 2368 Servatoris
1567 2313 1743 2367 nostri
1798 2313 1950 2368 dicas
2001 2314 2078 2368 si-

515 2407 788 2479 gnificari,
814 2405 956 2476 apud
987 2419 1148 2476 quem
1180 2403 1499 2474 Magdalena
1529 2419 1712 2468 mane,
1742 2403 1870 2458 dum
1903 2403 2078 2458 adhuc

517 2499 755 2554 tenebras
775 2506 980 2562 essent,
1015 2496 1183 2552 semel
1213 2503 1375 2564 atque
1423 2496 1622 2549 iterum
1661 2493 1728 2548 ad
1759 2509 2081 2548 monumen-

516 2598 632 2645 tum
680 2603 992 2661 progressa,
1028 2587 1337 2642 Servatoris
1383 2601 1616 2656 corpore
1657 2585 1802 2640 haud
1836 2586 2076 2648 invento,

513 2679 606 2736 ﬂet
638 2701 650 2735 :
683 2681 810 2750 quia
841 2679 1046 2734 nemini
1075 2678 1254 2734 adhuc
1288 2679 1622 2734 resurrectio
1653 2676 1774 2747 ejus
1797 2679 2075 2748 explorata

515 2779 652 2826 erat.
704 2769 802 2823 Est
851 2777 1033 2823 autem
1065 2769 1186 2837 ejus
1217 2768 1366 2822 hora:
1395 2783 1522 2838 pars
1569 2767 1740 2822 altera
1770 2775 1983 2838 tempus
2025 2768 2079 2822 id

514 2867 582 2921 de
602 2881 709 2936 quo
739 2863 1028 2916 Mattheus
1061 2861 1332 2931 loquitur;
1365 2875 1489 2914 cum
1513 2860 1766 2914 videlicet
1793 2861 1955 2914 tertio
1983 2875 2078 2914 ve-

515 2960 675 3013 niens
709 2956 776 3010 ad
803 2960 1216 3008 monumentum
1243 2951 1431 3006 eadem
1469 2951 1788 3022 Magdalena
1815 2966 1938 3004 cum
1974 2949 2078 3004 alia

517 3049 710 3112 Maria,
743 3047 888 3102 haud
916 3046 1028 3114 jam
1059 3043 1170 3108 ﬁet,
1200 3044 1402 3114 quippe
1431 3059 1571 3114 quae,
1621 3051 1682 3096 ut
1711 3044 1787 3096 ait
1813 3041 2074 3104 Joannes,

510 3141 624 3209 jam
675 3138 898 3208 angelos
933 3135 1142 3191 viderat
1192 3134 1484 3204 ipsumque
1519 3132 1888 3189 Servatorem.
1940 3131 2074 3186 Nam

519 3245 641 3300 quae
669 3229 930 3283 dicuntur
961 3241 992 3280 a
1025 3225 1170 3280 Luca
1215 3233 1270 3280 et
1321 3224 1505 3280 Marco
1549 3225 1655 3278 alia
1709 3241 1812 3280 nos
1859 3223 2079 3288 docent,
2111 3215 2151 3272 C

517 3322 849 3394 apud'quos
899 3322 1161 3376 nimirum
1215 3319 1402 3390 plures
1441 3319 1668 3373 veniunt
1713 3318 2084 3373 obscrvatura:

513 3415 796 3470 mulieres.
852 3413 1024 3469 Porro
1083 3419 1262 3466 autem
1321 3409 1694 3478 Magdalenam
1749 3409 2084 3479 temporibus

515 3508 664 3565 haud
693 3521 1024 3580 magnopere
1073 3506 1218 3560 inter
1257 3519 1318 3560 se
1375 3502 1711 3557 distantibus
1765 3501 2084 3556 interfuisse

513 3608 668 3672 puta,
707 3599 802 3654 sed
831 3615 941 3654 uno
973 3597 1084 3653 fere
1117 3596 1380 3650 continuo
1423 3602 1690 3663 tempore,
1741 3592 1870 3646 dum
1915 3593 2082 3648 semel

513 3701 569 3746 et
599 3693 797 3748 iterum
842 3692 992 3746 circa
1040 3705 1168 3745 eum
1217 3688 1400 3742 locum
1445 3695 1790 3754 versaretur;
1845 3685 2082 3755 primum

515 3787 633 3858 ipsa
663 3787 809 3854 sola;
840 3783 1081 3842 secundo
1119 3798 1244 3838 cum
1267 3782 1373 3836 alia
1405 3779 1592 3834 Maria.
1628 3777 1720 3834 Sic
1752 3781 1938 3834 eadem
1971 3778 2082 3833 Ma-

517 3871 600 3936 ria
631 3879 945 3952 Magdalena
981 3885 1037 3932 et
1064 3875 1207 3946 apud
1235 3873 1548 3928 Matthaeum
1588 3879 1821 3942 spectat,
1853 3881 1908 3928 et
1939 3870 2082 3942 apud

516 3975 803 4030 Joannem.
849 3970 1035 4040 Neque
1065 3969 1272 4028 idcirco
1299 3965 1638 4022 excludenda
1665 3972 1748 4020 est
1798 3979 1829 4016 a
1858 3971 2084 4018 caetero-

517 4080 639 4120 rum
669 4061 1126 4132 evangelistarnm
1157 4057 1568 4113 narrationibus
1599 4074 1612 4109 :
1647 4069 1756 4108 non
1803 4053 1948 4108 enim
1997 4067 2084 4106 re-

517 4157 746 4212 cedebat
779 4169 810 4208 a
841 4155 984 4218 loco,
1031 4151 1128 4208 sed
1180 4152 1368 4206 aderat
1417 4151 1804 4222 perstabatque
1853 4145 2080 4202 attonita

515 4251 672 4319 visis,
700 4249 1034 4321 cupiensque
1061 4253 1185 4316 post
1207 4245 1462 4316 primam,
1487 4239 1730 4299 secunda
1763 4241 1926 4296 etiam
1975 4247 2083 4292 ter-

517 4345 702 4413 tiaque
731 4340 1072 4412 apparitione
1109 4337 1214 4393 frui
1247 4356 1260 4391 :
1293 4337 1346 4392 id
1391 4335 1538 4406 quod
1565 4349 1758 4404 reapse
1786 4339 2081 4387 consecuta

515 4445 618 4500 est,
651 4435 781 4490 dum
808 4431 1146 4488 multimodis
1174 4429 1484 4498 complures
1517 4428 1775 4482 mulieres
1805 4425 1874 4478 ad
1899 4430 2085 4479 tumu—

2249 2221 2318 2290 γ’.
2357 2220 2473 2276 Οὐκ
2509 2217 2574 2274 ἂν
2608 2221 2740 2290 γοῦν
2771 2221 3036 2292 ἁμάρτοις
3057 2221 3124 2274 τὰ
3160 2221 3256 2292 μὲν
3279 2221 3464 2292 πρῶτα
3489 2221 3571 2292 τῆς
3597 2221 3692 2274 ἀνα-

2183 2315 2424 2377 στάσεως
2449 2313 2542 2368 τοῦ
2575 2313 2828 2384 Σωτῆρος
2851 2314 3006 2384 ήμῶν
3031 2312 3388 2383 σημαίνεσθαι
3411 2311 3560 2368 εἰπὼν
3581 2315 3692 2384 παρᾶ

2181 2405 2260 2477 τῷ
2293 2405 2533 2476 Ἰωάννῃ,
2559 2407 2684 2477 παρ’
2701 2400 2744 2472 ᾧ
2765 2403 3140 2476 ἡΜαγόαλήνὴ
3153 2403 3316 2476 πρωῒ,
3345 2405 3422 2456 ἔτι
3439 2405 3584 2474 οὔσης
3601 2421 3694 2458 σκο-

2182 2495 2321 2562 τίας,
2350 2497 2444 2550 καὶ
2462 2497 2675 2568 πρῶτον
2701 2497 2794 2549 καὶ
2817 2497 3064 2568 δεύτερον
3093 2498 3364 2550 ἐπιστᾶσα
3379 2497 3450 2567 τῷ
3481 2499 3690 2567 μνήματι,

2187 2589 2278 2642 καὶ
2305 2589 2376 2660 μὴ
2402 2589 2636 2661 εὑροῦσα
2667 2589 2726 2642 τὸ
2759 2589 2916 2659 σῶμα
2951 2589 3041 2642 τοῦ
3075 2589 3349 2661 Σωτῆρος,
3372 2589 3533 2642 κλαίει
3555 2589 3626 2642 διὰ
3651 2591 3694 2641 τὸ

2189 2684 2388 2754 μηδένα
2413 2685 2577 2754 μήπω
2607 2683 2902 2752 ἐγνωκέναι
2935 2683 3060 2754 περὶ
3087 2683 3186 2752 τῆς
3206 2684 3536 2746 ἀναστάσεως
3551 2681 3690 2734 αὐτοῦ·

2185 2777 2281 2847 τῆς
2315 2777 2482 2846 αὐτῆς
2507 2777 2562 2828 δὲ
2587 2775 2734 2847 ὧρας
2769 2777 2934 2848 μέρος
2961 2767 3098 2830 εἶναι
3119 2775 3368 2846 δεύτερον
3391 2777 3472 2828 τον
3493 2775 3616 2846 παρὰ

2186 2863 2448 2936 Ματθαίῳ
2496 2865 2716 2936 χρόνον,
2772 2863 2892 2918 καθ’
2932 2864 2988 2916 ὃν
3021 2865 3199 2934 τρίτον
3248 2865 3506 2916 ἐπιστᾶσα
3539 2859 3696 2934 quiti;

2186 2957 2512 3028 Μαγδαληνὴ
2547 2958 2662 3028 ἅμα
2687 2960 2751 3028 τῇ
2786 2957 2920 3030 ἄλλῃ
2953 2957 3139 3026 Μαρία
3169 2955 3246 3026 τῷ
3280 2957 3530 3026 μνήματι,
3555 2951 3695 3007 οὐκέτι

2183 3049 2376 3111 κλαίει,
2410 3048 2484 3112 ὡς
2524 3048 2588 3102 ἂν
2617 3047 2766 3118 παρά
2795 3047 2873 3118 τῷ
2919 3047 3138 3119 Ἰωάννῃ
3177 3046 3472 3117 τεθεαμένη
3501 3045 3606 3106 τοὺς
3625 3045 3696 3108 ἀγ·

2181 3140 2370 3208 γέλους
2403 3139 2494 3192 καὶ
2517 3139 2676 3192 αὐτὸν
2701 3139 2789 3193 τὸν
2809 3139 3053 3209 Σωτῆρα·
3079 3138 3146 3190 τὰ
3167 3137 3274 3207 γάρ
3292 3137 3439 3209 παρὰ
3465 3135 3536 3206 τῷ
3557 3133 3700 3202 Acori

2187 3232 2280 3285 καὶ
2332 3231 2408 3302 τῷ
2443 3233 2653 3304 Μάρκῳ
2697 3232 2894 3304 ἐτέρων
2945 3229 3010 3284 ἂν
3063 3231 3147 3300 εἴη
3175 3227 3468 3299 δηλωτικὰ,
3509 3225 3616 3297 παρ’
3640 3217 3696 3283 οἷς

2189 3323 2403 3386 πλείους
2420 3322 2728 3376 ἀπαντῶσιν
2761 3326 3016 3392 γυναῖκες
3044 3325 3136 3376 ἐπὶ
3171 3322 3268 3394 τὴν
3297 3322 3442 3375 θέαν·
3476 3317 3562 3390 τήν
3585 3315 3631 3370 δέ
3655 3329 3700 3382 γε

2187 3415 2548 3486 Μαγδαληνὴν
2574 3413 2648 3484 μὴ
2685 3415 2899 3486 μακρὰν
2939 3415 3179 3484 ἀλλήλων
3203 3413 3482 3467 διεστῶσιν
3508 3413 3700 3480 ἀπηντη-

2185 3506 2338 3560 κέναι
2383 3509 2592 3578 καιροῖς
2627 3507 2835 3578 νόμιζε,
2876 3506 2989 3560 ἀλλ’
3035 3509 3090 3559 ἐν
3115 3505 3192 3576 τῷ
3224 3505 3374 3576 αὑτῷ
3402 3505 3490 3558 καὶ
3518 3499 3636 3555 κατὰ
3657 3495 3702 3548 τὸ

2185 3598 2314 3652 αὐτὸ
2347 3601 2676 3670 παρατυχεῖν
2713 3598 2806 3651 καὶ
2835 3597 2898 3650 τὸ
2921 3599 3132 3669 πρῶτον
3161 3599 3252 3651 καὶ
3289 3597 3352 3650 τὸ
3383 3596 3622 3664 δεύτερον·
3656 3587 3701 3638 τὸ

2187 3693 2287 3758 μὲν
2315 3689 2547 3759 πρῶτον,
2570 3689 2689 3744 καθ’
2710 3690 2904 3760 ἑαυτὴν
2929 3689 3092 3759 μόνην
3117 3705 3130 3719 ·
3155 3689 3215 3741 τὸ
3236 3687 3296 3742 δέ
3325 3687 3578 3758 δεύτερον,
3595 3678 3702 3752 μετὰ

2183 3779 2282 3850 τῆς
2302 3779 2466 3850 ἄλλης
2491 3779 2727 3851 Μαρίας·
2751 3779 2891 3832 οὕτω
2921 3779 2966 3832 δ’
2981 3774 3072 3831 οῦν
3103 3779 3135 3848 ἡ
3159 3779 3297 3850 αὑτὴ
3327 3777 3509 3848 Μαρία
3531 3777 3560 3846 ή
3579 3773 3701 3837 Μαγ-

2183 3871 2382 3943 δαληνὴ
2414 3871 2507 3925 καὶ
2534 3871 2602 3924 τά
2634 3869 2782 3942 παρά
2795 3869 2872 3940 τῷ
2887 3869 3144 3940 Ματθαίῳ
3161 3869 3352 3922 ἐθεᾶτο
3384 3869 3476 3923 καὶ
3506 3865 3567 3920 τὰ
3587 3859 3702 3934 παρὰ

2183 3962 2262 4035 τῷ
2295 3965 2531 4035 Ἰωάννῃ·
2557 3963 2654 4016 οὐκ
2681 3961 3082 4034 ἀπελιμπάνετο
3109 3961 3164 4014 δὲ
3189 3961 3295 4014 τῶν
3319 3961 3465 4034 παρά
3491 3960 3591 4020 τοῖς
3607 3953 3704 4008 πολ·

2185 4055 2294 4119 λοῖς
2321 4053 2842 4126 ἀναγεγραμμένων·
2875 4054 2935 4106 οὐ
2977 4053 3082 4123 γὰρ
3109 4053 3400 4106 ἀπεστάτει
3433 4050 3521 4104 τοῦ
3549 4048 3702 4101 τόπον

2186 4147 2362 4218 παρῆν
2373 4147 2428 4200 δὲ
2446 4149 2537 4202 καὶ
2548 4147 2851 4219 παρέμενεν
2867 4145 3362 4215 καταπεπληγμένη
3383 4144 3476 4215 μὲν
3489 4141 3550 4196 τά
3559 4138 3706 4192 τεθεα-

2188 4243 2344 4314 μένα,
2373 4239 2608 4294 ποθοῦσα
2634 4239 2691 4293 δὲ
2714 4239 2847 4311 πρὸς
2862 4241 2972 4302 τοῖς
3001 4237 3231 4310 πρώτοις
3253 4237 3348 4290 καί
3378 4233 3621 4306 δευτέρων
3633 4227 3706 4284 καὶ

2183 4334 2348 4406 τριῶν
2382 4332 2705 4402 θεοφανειῶν
2737 4330 3153 4402 καταξιωθῆναι*
3189 4321 3260 4382 ὧν
3293 4328 3574 4398 ἐτύγχανεν
3603 4318 3707 4394 μετὰ

2179 4427 2356 4482 ’ταῦτα
2388 4427 2658 4498 διαφόρως
2693 4426 2791 4497 μὲν
2809 4424 3064 4478 πλειόνων
3099 4421 3374 4493 γυναικῶν
3409 4421 3498 4474 ἐπί
3525 4418 3580 4472 τὸ
3607 4431 3706 4487 μνη·

507 4527 626 4580 -lnm
655 4525 914 4592 veniunt;
968 4531 1130 4594 atque
1179 4521 1300 4575 aliis
1336 4520 1494 4574 aliter
1544 4517 1788 4588 angelica
1833 4514 1972 4570 visio
2023 4531 2081 4568 se

2191 4524 2338 4591 μεῖον
2377 4517 2784 4589 ἀφικνουμένων
2801 4557 2816 4584 ,
2845 4515 3030 4570 ἄλλοτε
3049 4516 3091 4568 δ’
3115 4515 3288 4579 ἄλλως
3313 4515 3500 4576 αὐταῖς
3525 4508 3706 4578 ἀγγελι-

2225 4610 2248 4618 -
2317 4610 2338 4618 .-
2359 4609 2370 4618 .
2884 4608 2895 4618 ι
3095 4608 3108 4618 ι
3153 4607 3179 4618 αν
3242 4605 3282 4618 αι
3325 4608 3337 4618 ι
3391 4607 3404 4618 α
3435 4607 3447 4618 ο
3507 4607 3516 4618 Ι
3600 4617 3606 4618 ,
3633 4597 3704 4618 οι..

515 4618 708 4686 offert;
745 4619 864 4688 ipsa
897 4625 1075 4671 autem
1126 4613 1440 4685 Magdalena
1490 4610 1724 4680 singulis
1777 4607 2081 4664 visionibus

517 4709 766 4765 interest.
796 4709 971 4778 Atque
999 4707 1075 4760 ita
1107 4721 1288 4760 rerum
1321 4701 1466 4774 apud
1521 4709 1756 4771 quatuor
1808 4698 2082 4769 evangeli-

519 4812 632 4858 stas
667 4801 996 4872 scriptarum
1029 4797 1322 4868 spectatrix
1379 4795 1480 4850 fuit
1517 4793 1831 4864 Magdalena
1865 4809 1878 4844 :
1915 4805 2084 4860 quare

516 4903 571 4950 et
602 4893 767 4962 hujus
791 4891 936 4962 apud
985 4905 1174 4945 omnes
1220 4889 1426 4944 mentio
1473 4887 1549 4940 ﬁt.
1601 4884 1694 4938 Sic
1745 4883 1908 4936 etiam
1941 4879 2080 4934 idem

509 4995 731 5056 tempus
764 4991 904 5046 erat,
929 4983 1072 5051 quod
1108 4981 1204 5035 abs
1240 4979 1450 5034 Joanne
1481 4985 1533 5032 et
1560 4991 1589 5030 a
1621 4973 1870 5028 Matthzeo
1901 4973 2084 5042 perhi-

518 5079 724 5133 betur:
770 5075 865 5132 sed
897 5085 1076 5129 tamen
1123 5073 1288 5142 hujus
1338 5068 1600 5140 temporis
1651 5063 1867 5120 diversa
1919 5065 2086 5119 inter-

515 5171 659 5226 valla
691 5167 834 5240 apud
865 5167 1110 5238 singulos
1143 5174 1420 5220 notantur.

587 5345 642 5402 ι.
682 5343 872 5416 Neque
897 5352 950 5400 te
983 5345 1274 5399 conturbet
1293 5343 1346 5397 id
1367 5341 1514 5412 quod
1545 5356 1574 5394 a
1601 5338 1854 5394 Mattth
1875 5337 2084 5393 dicitur

517 5447 806 5508 postquam
835 5437 956 5492 dua:
992 5435 1174 5490 Mariae
1211 5435 1286 5488 ad
1313 5431 1600 5488 visendum
1631 5430 1903 5484 tumulum
1925 5443 2084 5485 vene-

589 5641 700 5714 (51)
743 5640 1133 5714 Questiolnec
1166 5639 1451 5714 hucusque
1511 5635 1890 5714 partiminest
1921 5633 2082 5714 etiarn

517 5714 574 5768 in
594 5701 790 5769 ἰιοᾶίοῖ
819 5714 914 5768 Gr.
953 5711 1214 5770 Mediceo,
1249 5701 1384 5762 teste
1415 5701 1681 5760 Baridinio
1721 5713 1758 5758 t.
1797 5705 1838 5764 l,
1871 5719 1923 5772 p.
1959 5701 2080 5756 159.

519 5783 666 5838 Idem
710 5794 885 5838 tamen
939 5781 1144 5836 frustra
1188 5781 1519 5848 suspicatur,
1562 5791 1682 5846 quae
1715 5773 1911 5848 ibidem
1943 5774 2083 5848 apud

514 5871 642 5910 eum
671 5863 970 5926 sequuntur
1007 5852 1126 5906 λίαν
1173 5843 1458 5926 θαυμάζω,
1506 5843 1637 5924 σιὰ,
1661 5857 1806 5923 esse
1837 5843 2082 5904 eiusdem

2187 4610 2290 4679 κῆς
2315 4609 2488 4680 ὅψεως
2519 4608 3016 4680 παραφαινομένης,
3049 4607 3218 4678 αὐτῆς
3238 4605 3295 4658 δὲ
3319 4607 3404 4674 ἐφ’
3431 4607 3615 4670 ἑκάστῃ
3633 4597 3708 4664 θές.

2187 4700 2728 4772 παρατυγχανούσης·
2750 4699 2890 4754 οὕτω
2921 4699 3052 4768 γοῦν
3079 4699 3186 4754 τῶν
3217 4697 3373 4770 παρὰ
3399 4699 3506 4759 τοῖς
3519 4695 3708 4758 τέσσαρ-

2189 4811 2270 4848 σιν
2305 4791 2713 4861 εὐαγγελισταῖς
2741 4790 3238 4862 ἀναγεγραμμένων
3268 4788 3471 4859 θεωρὸς
3504 4783 3708 4852 ἐγίγνετο

2187 4887 2219 4956 ἡ
2247 4883 2596 4954 Μαγδαληνή·
2632 4883 2710 4937 διὸ
2737 4885 2830 4936 καὶ
2854 4883 3005 4953 παρά
3041 4885 3152 4946 τοῖς
3177 4883 3342 4934 πᾶσιν
3375 4869 3710 4950 ἐμνημονεύθη

2189 4977 2319 5048 (51)’
2348 4975 2490 5030 οὕτω
2513 4975 2569 5028 δὲ
2594 4976 2687 5028 καὶ¹
2707 4977 2735 5028 6
2771 4975 2866 5045 μὲν
2896 4973 3082 5044 καιρὸς
3119 4975 3146 5024 6
3177 4973 3342 5036 αὐτὸς
3369 4968 3435 5043 ἦν
3463 4973 3491 5022 6
3521 4966 3613 5021 ὑπὸ
3633 4959 3706 5014 τοῦ

2199 5070 2442 5124 Ἰωάννου
2475 5070 2569 5122 καὶ
2597 5068 2688 5120 τοῦ
2717 5066 2992 5120 Ματθαίου
3015 5065 3436 5137 παριστάμενος·
3461 5059 3550 5115 τοῦ
3577 5059 3614 5112 δ⁴
3633 5055 3708 5110 αὐ-

2187 5160 2280 5214 τοῦ
2311 5160 2502 5232 καιροῦ
2525 5159 2758 5231 διάφορα
2780 5158 3120 5230 διαστήματα
3144 5159 3269 5226 παρ’
3291 5157 3504 5224 ἑκάστῳ
3519 5161 3710 5218 τετηρην

2191 5253 2344 5324 μένα.

2255 5347 2318 5400 δ’.
2356 5345 2447 5416 Μὴ
2477 5345 2788 5418 ταραττέτω
2813 5345 2868 5399 δέ
2903 5361 2961 5398 σε
2983 5345 3043 5398 τὸ
3067 5343 3312 5412 λέγεσθαι
3337 5341 3484 5411 παρά
3497 5338 3568 5406 τῷ
3585 5335 3708 5388 Ματ-

2187 5435 2322 5507 θαίῳ
2359 5439 2496 5507 μετά
2527 5435 2586 5490 τὸ
2619 5435 2788 5490 ἐλθεῖν
2829 5435 2927 5498 τὰς
2965 5435 3057 5488 δύο
3099 5434 3313 5505 Μαρίας
3345 5430 3603 5502 θεωρῆσαι
3641 5423 3710 5474 τὶν

2185 5639 2436 5706 Eusebii;
2469 5648 2594 5696 sunt
2617 5639 2760 5695 enim
2785 5637 2989 5694 lsodori
3018 5635 3326 5706 Pelusiotae,
3355 5631 3710 5706 ιιιοριξπῡξξι

2185 5691 2833 5838 ᾗσάέίέγὶιῐι’ὲῇὶιῖέζ“ἰωό
2845 5691 3139 5766 έῐιείιιοτί
3167 5691 3427 5768 editione,
3453 5691 3602 5770 έριει.
3629 5691 3706 5746 lib.
