3954 6516
443 414 552 471 947

1125 406 1389 466 ausnsu
1424 403 1900 465 cmsamsusrs
1936 402 2084 459 our.
2125 401 2302 458 rans
2329 401 2415 458 ιιι.
2456 430 2524 440 -
2565 390 3006 453 exsomnes:
3063 369 3070 376 ’

3565 388 3673 441 948

439 545 570 586 rans
602 525 1080 591 resurrectionem,
1100 525 1330 596 ideoque
1353 525 1507 591 ﬂens,
1536 523 1671 579 nihil
1691 531 1998 578 tortuosum

2110 521 2198 593 τὴν
2212 519 2523 582 ἀνάστασιν,
2547 519 2640 571 καὶ
2667 514 2753 569 διὰ
2766 513 2924 567 τοῦτο
2948 506 3257 571 κλαίουσαν,
3282 505 3431 558 οὐδὲν
3449 502 3519 556 ἂν
3547 519 3676 554 σκοο

440 621 540 677 tibi
574 626 849 682 occurret,
881 617 1030 672 omni
1070 617 1180 687 jam
1225 617 1566 671 dubitatione
1598 631 1661 670 ac
1700 615 2001 685 quaestione

439 716 668 766 remota.
701 708 871 779 Igitur
903 707 1047 776 quod
1077 723 1202 762 sero
1233 705 1619 772 Sabbatorum,
1661 706 1822 760 sicuti
1853 716 2001 789 retro

437 802 785 864 tradidimus,
829 808 1130 872 perpetrata
1171 799 1374 855 fuerint
1411 816 1473 854 ea
1503 816 1622 870 quae
1672 798 1813 870 apud
1861 798 2000 853 Mat-

438 897 635 951 tbaeum
670 895 990 949 scribuntur
1041 893 1108 950 de
1157 893 1465 948 interventu
1519 892 1810 946 Mariarum
1866 891 2001 945 dua-

438 1001 597 1049 rum;
637 982 890 1053 quodque
933 996 1091 1035 mane
1119 995 1225 1034 una
1258 978 1618 1034 Sabbatorum
1663 979 1783 1032 alia:
1820 977 2002 1031 Mariae

439 1092 502 1131 ea
542 1091 662 1147 quae
703 1083 828 1130 sunt
877 1073 1018 1143 apud
1069 1070 1333 1126 Joannem
1369 1069 1767 1141 spectaverint;
1818 1069 2000 1123 omnia

441 1170 577 1231 haec,
607 1168 848 1236 inquam,
879 1179 1006 1220 vera
1037 1171 1184 1228 sunt,
1235 1164 1496 1232 nullaque
1524 1159 1886 1232 repugnantia
1917 1165 2001 1213 est

441 1259 525 1314 vel
554 1258 798 1312 locorum
836 1255 919 1309 vel
949 1263 1252 1322 temporum
1283 1251 1367 1306 vel
1396 1262 1752 1319 personarum
1783 1246 1866 1301 vel
1901 1244 1999 1298 de-

443 1353 607 1421 nique
629 1348 978 1404 narrationis.

515 1443 568 1496 7.
607 1439 743 1494 Nam
785 1439 831 1494 si
870 1437 1010 1491 forte
1038 1434 1370 1506 Magdalena:
1402 1446 1623 1494 nomen,
1675 1429 1820 1501 quod
1855 1424 2000 1496 apud

444 1541 740 1602 utrumque
769 1527 1158 1597 evangelistam
1199 1522 1477 1593 adjicitur.
1508 1520 1832 1576 sententiam
1870 1531 2005 1572 con-

441 1625 663 1690 turbat;
718 1621 998 1676 enimvero
1044 1615 1192 1671 baud
1248 1628 1460 1684 aequum
1490 1621 1574 1670 est
1601 1613 1840 1668 divinam
1874 1621 2000 1681 pcr-

442 1715 662 1772 misceri
684 1713 1022 1783 Scripturam
1048 1709 1212 1763 unius
1241 1705 1447 1762 voculae
1471 1704 1778 1759 nominisve
1809 1719 1996 1767 causa,

2099 611 2210 666 λιδν
2224 611 2611 681 ἀπαντήσεται,
2631 607 2809 676 πάσης
2832 600 3060 673 ἀπορίας
3076 599 3169 653 καὶ
3192 598 3471 667 ζητήσεως
3511 595 3677 644 sxto-

2098 703 2202 758 δὼν
2222 702 2512 774 ἀρθείσης·
2535 699 2628 752 καὶ
2659 696 2756 765 ὀψὲ
2787 695 2882 767 μὲν
2915 692 3224 754 Σαϐϐἀτων,
3254 686 3396 741 κατά
3431 683 3500 739 τὰ
3532 685 3676 736 ἀπο-

2099 794 2387 866 δεδομένα,
2422 789 2826 861 πεπραγμένων
2856 784 2964 838 1:th
2995 783 3086 837 ἐπὶ
3134 781 3211 852 τῷ
3241 776 3508 846 Ματθαίῳ
3544 791 3678 840 συγ-

2102 882 2500 956 γεγραμμένων
2521 880 2612 932 ὲπὶ
2640 876 2908 950 παρουσίᾳ
2928 872 3034 928 τῶν
3066 871 3156 926 δύο
3179 873 3266 924 Ma
3277 867 3427 941 ριῶν,
3460 867 3680 938 πρωῒας

2101 976 2156 1029 δὲ
2171 978 2236 1047 τῇ
2268 976 2366 1046 μιᾷ
2389 971 2495 1026 τῶν
2527 968 2815 1023 Σαϐϐἀτων
2848 967 3038 1038 ἐτέρας
3051 963 3267 1034 Μαρίας
3291 961 3393 1022 τὰς
3423 958 3576 1028 παρά
3599 956 3681 1027 τῷ

2113 1067 2331 1137 Ἰωάννῃ
2392 1061 2741 1133 τεθεαμένας,
2783 1055 3134 1131 ἀληθεύεσθαί
3184 1071 3242 1107 τε
3295 1053 3530 1106 κάκεῖνα
3580 1051 3680 1103 καὶ

2101 1156 2291 1218 ταῦτα,
2323 1153 2455 1224 μηδὲ
2508 1150 2812 1219 ἀντιλογίαν
2841 1139 3110 1219 περιέχειν
3137 1145 3260 1207 τοὺς
3287 1142 3506 1206 τόπους,
3538 1142 3680 1211 μήτε

2102 1247 2243 1303 κατὰ
2259 1246 2387 1308 τοὺς
2401 1243 2642 1314 χρόνους,
2665 1242 2801 1314 μήτε
2826 1238 2967 1295 κατὰ
2990 1238 3057 1292 τά
3071 1236 3357 1308 πρόσωπα,
3379 1235 3518 1304 μήτε
3534 1233 3680 1286 κατὰ

2101 1341 2228 1403 τοὺς
2249 1337 2459 1405 λόγους.

2174 1431 2238 1495 ζ’.
2277 1431 2340 1483 Ei
2367 1430 2423 1483 δὲ
2451 1427 2511 1482 τὸ
2542 1428 2638 1499 τῆς
2664 1424 3028 1496 Μαγδαληνῆς
3055 1421 3454 1494 προσκείμενον
3490 1420 3550 1471 ὲν
3575 1420 3679 1488 ἀμ-

2107 1523 2352 1596 φοτέροις
2382 1525 2492 1586 τοῖς
2525 1519 2934 1588 εὐαγγελισταῖς
2975 1516 3142 1586 ὖνομα
3179 1513 3275 1584 τὴν
3308 1513 3553 1566 διάνοιαν
3579 1529 3679 1564 τα-

2112 1616 2314 1688 ράττει,
2345 1613 2456 1668 ἀλλ’
2485 1614 2546 1666 οὐ
2587 1611 2849 1684 προσήκει
2878 1608 2975 1679 τὴν
3012 1606 3162 1660 Θείαν
3197 1606 3416 1674 συγχεῖν
3451 1603 3680 1672 Γραφὴν

2109 1703 2303 1771 λέξεως
2335 1705 2463 1776 μιᾶς
2505 1703 2538 1772 ἢ
2578 1700 2836 1771 ὀνόματος
2862 1697 3067 1761 ἕνεκεν,
3102 1696 3130 1749 δ
3161 1694 3418 1756 πολλάκις
3447 1691 3681 1762 συμϐαί-

442 1809 498 1867 id
538 1805 682 1878 quod
716 1819 856 1874 saepe
886 1801 1084 1856 accidit
1115 1814 1301 1854 errore
1334 1796 1545 1853 librarii
1596 1794 1836 1850 obtrudi.
1892 1793 2002 1848 Aut

2115 1814 2194 1849 νει
2223 1794 2315 1869 καὶ
2343 1791 2483 1847 κατά
2521 1789 2784 1863 γραφικὺν
2819 1786 3168 1861 προσκεῖσθαι
3201 1786 3443 1855 σφάλμα’
3494 1783 3530 1853 ἢ
3572 1783 3680 1854 γάρ

443 1865 588 1953 enim
619 1896 756 1950 duas
783 1865 882 1948 bas
917 1906 984 1946 ex
1013 1904 1121 1945 una
1152 1890 1288 1944 urbe
1336 1903 1430 1943 seu
1482 1885 1710 1941 castello
1757 1883 2003 1954 Magdan

2110 1889 2198 1942 δύο
2227 1865 2322 1941 καὶ
2365 1883 2567 1947 ταύτας
2599 1882 2706 1936 ἀπὸ
2741 1882 2868 1952 μιᾶς
2894 1880 3099 1943 πόλεως
3129 1880 3162 1949 ἢ
3199 1877 3390 1948 κώμης
3426 1876 3542 1947 (55)
3582 1876 3680 1945 τῆς

445 1989 736 2044 advenisse
755 1983 1055 2054 putandum
1087 1988 1212 2046 est;
1257 1987 1351 2034 aut
1384 1976 1633 2032 alterutri
1678 1990 1745 2030 ex
1791 1975 1877 2031 bis
1928 1984 2006 2030 te.

443 2095 592 2136 mere
618 2077 789 2134 fuisse
820 2075 1090 2146 adjectum
1125 2070 1457 2142 Magdalenae
1484 2080 1808 2138 cognomen,
1837 2064 2005 2120 semel

444 2172 670 2229 librario
699 2170 790 2241 qui
823 2167 1128 2238 antiquitus
1184 2164 1406 2234 scripsit
1455 2163 1511 2216 in
1541 2175 1782 2217 errorem
1813 2159 2005 2228 lapso;

447 2263 590 2335 quod
620 2262 877 2331 deinceps
905 2258 1160 2314 mendum
1213 2254 1586 2325 exscriptores
1631 2249 1827 2321 reliqui
1871 2249 2005 2304 reti-

445 2363 708 2413 nuerunt.
747 2354 804 2409 Id
853 2353 1033 2424 ipsum
1092 2350 1225 2405 alias
1269 2361 1486 2418 quoque
1545 2343 1814 2399 accidisse
1844 2341 2007 2413 paulo

445 2455 573 2519 post
619 2442 1143 2502 demonstrabimus.
1204 2438 1407 2508 Nempe
1452 2451 1577 2491 cum
1628 2435 1686 2490 in
1735 2433 2004 2504 ejusmodi

445 2542 610 2597 rebus
637 2554 667 2592 a
697 2537 968 2609 principio
991 2533 1211 2606 quidem
1234 2532 1494 2588 dictatum
1517 2534 1667 2584 recte
1696 2527 1883 2592 fuerit,
1911 2526 2007 2581 sed

445 2642 636 2704 postea
663 2629 915 2686 mendum
951 2626 1272 2698 obrepserit,
1299 2638 1476 2695 neque
1503 2630 1684 2677 tamen
1709 2634 2008 2675 amanuen-

447 2743 538 2783 ses
590 2726 874 2795 scripturae
931 2721 1288 2776 mulationem
1337 2715 1679 2788 agnoverint,
1730 2712 2008 2768 nonnulla:

446 2815 776 2886 quaestiones
796 2823 996 2868 exortte
1029 2816 1174 2866 sunt.
1208 2808 1385 2878 Atque
1407 2808 1482 2861 ita
1509 2807 1655 2860 circa
1679 2804 2008 2874 Magdalenze

448 2919 772 2977 cognomen,
830 2915 1165 2972 supervacue
1230 2898 1325 2952 uni
1386 2911 1454 2951 ex
1503 2895 1690 2950 Mariis
1738 2893 2005 2957 additum,

2107 1976 2472 2048 Μαγδαληνῆς
2511 1972 2782 2047 ὁρμᾶσθαι
2840 1971 3090 2042 ἡγητέον·
3133 1969 3165 2040 ἢ
3204 1969 3296 2021 ὲπὶ
3333 1971 3462 2038 μιᾶς
3500 1965 3684 2019 αὐτῶν

2107 2067 2461 2143 προσκεῖσθαι
2488 2067 2549 2119 τὸ
2573 2065 2672 2136 τῆς
2700 2062 3064 2132 Μαγδαληνῇ
3093 2058 3394 2130 ἐπώνυμον,
3415 2057 3569 2122 ἅπαξ
3587 2056 3680 2110 τοῦ

2106 2161 2362 2234 γραφέως
2397 2158 2537 2213 κατά
2569 2157 2670 2228 τὴν
2707 2153 2880 2226 ἀρχὴν
2910 2151 3220 2221 σφαλέντος,
3253 2151 3333 2204 ὅτι
3362 2149 3424 2214 ἐξ
3468 2148 3680 2202 ἐκείνου

2105 2252 2213 2306 τῶν
2249 2251 2364 2322 μετ’
2391 2249 2552 2304 αὐτὸν
2590 2245 2791 2318 πρώτῳ
2824 2244 3335 2316 ὲπηκολουθηκότων
3361 2241 3645 2312 σφάλματι
3665 2257 3680 2270 ·

2105 2343 2262 2398 τοῦτο
2294 2341 2350 2394 δὲ
2378 2340 2470 2394 καὶ
2496 2338 2580 2408 ἐφ’
2605 2337 2774 2410 ἑτέρῳ
2807 2335 3038 2406 συμϐὰν,
3070 2334 3295 2405 σμικρὸν
3311 2332 3543 2403 ὕστερον
3567 2333 3685 2384 ἑπι-

2105 2433 2381 2504 δείξωμεν·
2418 2429 2534 2483 ἀλλ’
2567 2429 2754 2499 ὥσπερ
2781 2427 2873 2480 ἐπὶ
2909 2425 3162 2479 τοιούτων
3199 2424 3373 2496 ὀρθῶς
3407 2422 3555 2476 κατά
3585 2424 3682 2493 τὴν

2107 2525 2280 2598 ἀρχὴν
2303 2522 2643 2593 ὑπηγόρευτο
2660 2561 2674 2585 ,
2703 2519 2842 2572 κατά
2868 2518 3088 2588 σφάλμα
3115 2518 3172 2571 δὲ
3198 2517 3305 2570 τῶν
3334 2517 3472 2587 μετά
3509 2515 3682 2569 ταῦτα

2111 2614 2184 2685 μὴ
2206 2610 2573 2682 ἀκριϐούντων
2603 2609 2701 2680 τὴν
2738 2609 3057 2680 μεταϐολὴν,
3090 2606 3398 2678 συμϐέϐηκέ
3432 2624 3560 2660 τινα
3585 2607 3681 2678 ζη-

2107 2705 2337 2767 τεῖσθαι,
2368 2701 2510 2756 οὕτω
2533 2702 2625 2756 καὶ
2651 2701 2742 2754 ἐπὶ
2768 2701 2861 2754 τοῦ
2887 2699 3174 2770 ἐπωνύμου
3193 2700 3289 2771 τῆς
3311 2698 3682 2770 Μαγδαληνῆς

2109 2792 2376 2866 περιττῶς
2397 2793 2490 2846 ἐπὶ
2523 2793 2650 2862 μιᾶς
2666 2790 2883 2862 Μαρίας
2902 2790 3155 2860 κειμένου
3182 2789 3354 2852 εἴποις
3375 2789 3444 2842 ἂν
3466 2789 3684 2857 γεγονέο

2108 2903 2216 2940 ναι-
2259 2879 2320 2939 οὗ
2351 2882 2754 2956 ὑφαιρεθέντος,
2785 2880 3215 2953 περιγέγραπται
3249 2882 3398 2933 πᾶσα
3433 2879 3680 2951 ζήτησις,

449 2971 747 3066 contigisse
777 2971 927 3046 dices
969 3009 983 3044 ι
1015 3005 1124 3060 quo
1174 2986 1376 3050 ablato,
1407 2985 1620 3040 tollitur
1646 2984 1826 3040 omnis
1857 2997 2005 3052 quae-

2113 2976 2336 3048 μηδενὸς
2366 2974 2559 3047 μηκέτι
2579 2972 2718 3027 κατὰ
2751 2974 2876 3036 τοὺς
2896 2973 3094 3034 τόπους
3119 2971 3494 3043 ἀπορουμένου
3511 2989 3525 3001 ο
3553 2971 3683 3025 ἀλλά

449 3088 576 3149 stio,
609 3062 827 3140 nemine
871 3083 984 3151 jam
1020 3079 1076 3134 in
1125 3078 1214 3134 his
1271 3078 1410 3134 locis
1447 3077 1753 3132 dubitante.
1785 3074 1926 3146 Ergo
1955 3080 2005 3129 et

2111 3071 2206 3123 xui.
2233 3069 2330 3138 ὀψὲ
2369 3066 2682 3132 Σαϐϐάτων,
2717 3065 2859 3120 τοῦτ’
2894 3064 3008 3117 ἔστι
3051 3062 3270 3135 βαθείας
3322 3064 3542 3126 νυκτὸς,
3578 3065 3683 3116 τῶν

449 3193 574 3235 sero
603 3175 987 3238 Sabbatorum,
1028 3171 1082 3228 id
1126 3179 1211 3228 est
1251 3169 1522 3242 profunda
1554 3175 1730 3232 nocte,
1772 3181 1857 3232 ea,
1889 3181 2005 3237 quae

2113 3158 2264 3231 παρὰ
2280 3157 2356 3228 τῷ
2384 3157 2650 3227 Ματθαίῳ
2669 3155 3067 3227 πεπραγμένων
3095 3152 3420 3224 ἑωραμένων
3453 3153 3563 3206 ὑπὸ
3589 3153 3685 3224 τῆς

449 3270 589 3342 apud
623 3267 932 3322 Matthmum
964 3230 1281 3329 narrantur,
1330 3263 1445 3319 visa
1473 3260 1696 3316 fuerunt
1720 3230 1756 3313 ia
1788 3230 2005 3330 Magda-

2113 3230 2467 3321 Μαγδαληνῇ
2497 3249 2590 3303 καὶ
2621 3248 2722 3319 τῆς
2749 3247 2913 3318 ἄλλης
2944 3247 3190 3319 Μαρίας·
3221 3245 3315 3300 καὶ
3348 3247 3587 3318 πρωῖας,
3611 3246 3683 3298 ἔτι

449 3337 573 3415 lena
604 3366 767 3429 atque
797 3357 866 3413 ab
888 3355 993 3410 alia
1017 3355 1186 3410 Maria
1220 3373 1235 3407 :
1269 3361 1323 3408 et
1355 3367 1540 3415 mane,
1570 3351 1698 3405 dum
1723 3349 1901 3404 adhuc
1926 3357 2005 3404 te-

2119 3341 2334 3405 σκοτίας
2349 3338 2532 3411 οὔσης,
2557 3338 2745 3410 ἐτέρας
2769 3339 2983 3410 Μαρίας
3005 3337 3340 3409 ἀφικομένης
3360 3337 3454 3390 ἐπὶ
3476 3337 3572 3390 τὸν
3592 3338 3684 3390 αὐ-

450 3450 635 3506 nebraa
663 3454 870 3510 essent,
910 3446 1058 3501 venit
1087 3444 1195 3498 alia
1224 3442 1395 3497 Maria
1426 3443 1480 3497 in
1510 3441 1758 3496 eumdem
1790 3440 2005 3507 locum;

2115 3435 2207 3488 τὸν
2239 3433 2435 3487 τόπον⁶
2468 3432 2563 3485 καὶ
2601 3431 2860 3503 πρότερον
2902 3432 2999 3502 μὲν
3044 3431 3354 3502 ἀπορούσης
3388 3430 3485 3482 ἐπὶ
3513 3430 3578 3483 τὸ
3616 3430 3685 3500 μὴ

449 3558 569 3614 qum
615 3541 792 3612 primo
826 3537 1044 3611 quidem
1077 3535 1238 3591 anxia
1271 3542 1410 3601 erat,
1445 3533 1592 3589 baud
1627 3533 1848 3587 invento
1883 3530 2005 3587 Ser-

2118 3526 2296 3597 εὑρεῖν
2325 3524 2386 3577 τὸ
2417 3523 2576 3594 σῶμα
2599 3521 2695 3576 τοῦ
2727 3521 2994 3594 Σωτῆροςο
3030 3521 3251 3593 ὕστερον
3289 3522 3347 3575 δὲ
3385 3521 3483 3576 καὶ
3521 3521 3687 3592 αὐτῆς

323 3646 334 3653 ·
449 3612 655 3690 valoris
683 3647 941 3702 corpore;
967 3629 1162 3686 deinde
1191 3635 1244 3685 et
1283 3628 1401 3700 ipsa
1435 3625 1730 3698 spectatrix
1765 3624 2005 3694 ejusdem

2119 3615 2492 3688 αὐτοπτούσης
2523 3615 2701 3669 αὐτόν·
2738 3614 2950 3668 κάλλιον
2975 3614 3031 3666 δὲ
3059 3612 3119 3666 τὸ
3147 3615 3222 3685 μὴ
3250 3614 3306 3668 δὲ
3341 3614 3572 3686 σφάλμα
3604 3614 3688 3667 αι-

451 3727 575 3783 fuit.
614 3701 969 3781 Laudabilius
1002 3735 1184 3780 tamen
1209 3723 1320 3789 ﬁet,
1351 3724 1398 3780 si
1417 3737 1485 3777 ne
1513 3721 1768 3776 mendum
1794 3717 2005 3789 quidem

2119 3706 2405 3762 τιάσασθαι
2438 3705 2575 3759 κατά
2604 3705 2729 3768 τοὺς
2754 3704 2953 3768 τόπους
2974 3743 2988 3769 ,
3016 3701 3109 3756 δύο
3135 3702 3192 3755 δὲ
3228 3701 3445 3774 ἀληθῶς
3473 3701 3688 3771 γεγονέ-

451 3819 508 3874 in
537 3819 624 3873 his
655 3818 790 3872 locis
824 3833 945 3873 esse
971 3817 1342 3879 causabimur,
1377 3814 1620 3884 duasque
1645 3811 1826 3884 potius
1862 3810 2005 3880 Mag-

2122 3819 2209 3856 ναι
2232 3802 2330 3865 τάς
2363 3796 2722 3868 Μαγδαληνάς
2763 3797 3010 3884 φάσκειν,
3041 3795 3115 3859 ὡς
3148 3795 3240 3848 καὶ
3275 3793 3547 3864 τέτταρας
3585 3795 3685 3847 ἀπ-

452 3911 677 3965 dalenas
704 3909 1068 3974 censebimus,
1092 3907 1255 3964 sicuti
1283 3907 1394 3977 jam
1413 3913 1648 3976 quatuor
1676 3879 2005 3959 demonstra-

2122 3891 2401 3959 εδείξαμεν
2419 3887 2515 3950 τὰς
2536 3885 2767 3957 Μαρίας·
2791 3879 2865 3938 ὧν
2883 3883 3031 3936 οὐδὲν
3050 3884 3244 3938 ἄτοπον
3263 3883 3370 3936 ἀπὸ
3395 3883 3501 3953 τῆς
3522 3883 3687 3953 αὐτῆς

451 4005 633 4058 vimus
664 4001 834 4058 fuisse
862 3994 1078 4056 Marias.
1120 4000 1280 4055 Certe
1322 4000 1471 4054 nulla
1505 3996 1819 4053 absurditas
1844 4004 2010 4062 vetat,

453 4093 750 4164 quominus
784 4093 922 4149 duas
955 4094 1155 4148 Marias
1187 4093 1256 4147 ab
1281 4092 1471 4147 eodem
1504 4090 1730 4146 castello
1767 4088 2016 4160 Magdalo

453 4187 673 4243 venisse
701 4184 953 4242 dicamus
991 4206 1004 4240 :
1035 4201 1266 4256 prorsus
1292 4193 1346 4241 et
1377 4185 1525 4240 nulla
1547 4183 1659 4254 jam
1685 4183 2016 4254 perplexitas

456 4275 816 4345 relinquatur,
846 4275 938 4330 sed
962 4275 1130 4330 altera
1154 4275 1225 4330 sit
1252 4274 1343 4328 illa
1371 4289 1491 4344 qum
1509 4288 1632 4329 sero
1654 4272 2017 4327 Sabbatorum

457 4369 599 4441 apud
619 4335 962 4434 'Matthteum,
1016 4369 1187 4424 altera
1229 4335 1422 4423 rursus
1451 4373 1506 4420 et
1537 4366 1653 4437 ipsa
1704 4364 2005 4436 Magdalena

2127 4344 2220 4397 ἐπὶ
2246 4342 2306 4398 τὸ
2334 4346 2592 4415 μνημεῖον
2627 4341 2884 4395 ἐλθοῦσαν
2904 4357 2918 4371 ο
2958 4339 3159 4411 ταύτην
3191 4339 3245 4391 δὲ
3279 4335 3416 4392 εἷναι
3456 4339 3555 4410 τὴν
3600 4339 3686 4391 καὶ

458 4476 580 4532 quae
606 4461 750 4532 apud
773 4458 1037 4516 Joannem
1066 4475 1226 4516 mane
1244 4459 1310 4514 ad
1341 4468 1750 4514 monumentum
1773 4457 2005 4512 accedit:

2129 4436 2280 4510 παρὰ
2296 4436 2376 4508 τῷ
2397 4436 2606 4508 Μάρκῳ
2623 4434 2976 4506 δηλουμένην,
3002 4433 3142 4487 κατά
3165 4449 3282 4485 τινα
3303 4431 3408 4484 τῶν
3434 4430 3686 4502 ἀντιγρά-

461 4517 659 4622 ηιιιιιιῐι⁸
686 4556 1016 4620 postremam
1057 4549 1316 4606 credibile
1373 4549 1446 4603 sit
1492 4564 1522 4602 a
1568 4547 1751 4602 Marco
1804 4561 2005 4617 quoque

2129 4547 2283 4600 φων,
2317 4522 2502 4599 ἀφ’ἦς
2534 4524 2851 4595 ἐκϐεϐλήκει
2899 4521 3036 4575 ἐπτά
3084 4521 3360 4592 δαιμόνιαο
3409 4521 3504 4574 καὶ
3567 4517 3687 4572 ταύ-

457 4643 754 4700 memorari
788 4643 1086 4698 secundum
1118 4642 1325 4713 aliquot
1374 4639 1765 4710 exemplarium
1819 4637 2005 4704 ﬁdem;

2125 4640 2222 4694 την
2249 4621 2394 4683 εἰκὸς
2424 4615 2560 4672 εἶναι
2585 4617 2680 4690 τὴν
2710 4615 3018 4670 ἀκούσασαν
3047 4614 3141 4681 Μή
3177 4631 3295 4684 μου
3335 4613 3552 4676 ἅπτου,
3579 4612 3685 4666 ἀλλ’

458 4736 526 4791 de
547 4750 654 4806 qua
682 4734 935 4789 nimirum
977 4743 1179 4804 septem
1210 4705 1428 4790 i‘uerant
1469 4705 1732 4785 daemonia
1774 4728 1947 4797 ejecta
2000 4748 2005 4782 :

2124 4715 2184 4769 ού
2213 4715 2310 4786 τὴν
2337 4711 2487 4782 παρά
2515 4711 2593 4782 τῷ
2620 4708 2898 4779 Ματθαίῳ·
2929 4710 2976 4761 εί
3005 4707 3112 4781 γὰρ
3138 4708 3229 4761 καὶ
3251 4705 3318 4759 τά
3341 4705 3576 4776 μάλιστα
3599 4705 3689 4788 κά-

459 4781 526 4791 ν-
548 4781 654 4806 ,ν-
977 4781 1033 4789 η
1077 4781 1179 4790 η.--
1213 4781 1427 4790 ,ηψπ

457 4835 623 4897 atque
653 4825 768 4881 haec
803 4825 1019 4881 videtur
1041 4781 1136 4880 cui
1183 4825 1389 4880 dictum
1433 4821 1599 4878 fuerit
1638 4819 1767 4873 Noli
1795 4837 1875 4874 me
1901 4827 2005 4872 (an!

2127 4781 2279 4878 κείνη
2307 4781 2539 4874 ἀπὸγτῆς
2562 4801 2920 4872 Μαγδαληνῆς
2950 4801 3190 4872 ὡρμᾶτο,
3213 4799 3326 4853 ἀλλ’
3358 4799 3420 4852 ού
3447 4797 3518 4851 τά
3536 4781 3687 4868 ὅμοια

456 4895 596 4986 gere,
620 4930 726 4970 non
759 4915 848 4971 illa
875 4931 994 4986 qua:
1028 4915 1168 4984 apud
1197 4913 1506 4968 Matthreum
1545 4931 1556 4965 :
1590 4924 1715 4965 nam
1738 4909 1840 4966 etsi
1884 4907 2005 4963 forti

2129 4901 2222 4955 καὶ
2246 4899 2414 4968 αὐτῆς
2439 4899 2472 4968 ἡ
2504 4896 2622 4950 θεία
2660 4896 2956 4965 κατηγορεῖ
2976 4895 3163 4964 Γραφή

455 5019 509 5063 et
538 5008 656 5080 ipsa
689 5022 718 5061 a
746 5007 992 5080 Magdan
1021 5005 1250 5061 oriunda
1300 5013 1436 5068 erat,
1487 5001 1631 5057 haud
1662 5008 1842 5056 tamen
1871 5016 2021 5056 eam-

457 5099 577 5155 dem
620 5099 738 5172 pari
769 5100 982 5154 macula
1011 5097 1250 5168 aspergit
1281 5095 1465 5151 divina
1504 5093 1806 5163 Scriptura.

1192 5231 1279 5288 111.
2884 5211 2958 5264 Γ’.

455 5348 730 5412 Quomodo
768 5364 884 5416 qua!
922 5347 1203 5402 secundum
1239 5345 1551 5416 Matlhgeum
1600 5357 1716 5416 sero
1757 5339 2005 5416 Sagbata-

2130 5331 2260 5416 11035-
2299 5329 2446 5416 κατὰ
2477 5327 2584 5416 τον
2603 5323 2901 5416 Mamilio?
3072 5320 3382 5416 Σᾳὸὄάξῳϊ
3399 5293 3688 5416 ήᾼΜαγῖίὲ

527 5387 658 5471 run:
681 5417 736 5471 M
743 5387 1002 5488 σιὲάῖίεσᾶἀ
1009 5387 1372 5472 "35.7."'aiie"r}i
1381 5387 1794 5488 [tetigit

2199 5387 2358 5488 1921a
2393 5399 2542 5488 μετᾲ
2573 5396 2728 5488 ,Ξῆςτ
2744 5395 2946 5488 WE?
2967 5387 3556 5488 'fﬁ‘iei'“£-f¥"f§‘"};

525 5489 654 5541 toris
681 5457 854 5555 pedis.
895 5488 1075 5542 eadem
1116 5505 1266 5542 mane
1314 5502 1419 5540 una
1469 5483 1690 5539 Sabbati
1720 5457 2005 5554 asecuudun.

2197 5457 2409 5555 πὸδῶἤ
2429 5468 2534 5522 τοῦ
2549 5457 2932 5555 ﬁcos-17.00%.in
2980 5457 3313 5544 abrhuapwt
3335 5460 3413 5528 τῇ
3451 5458 3559 5555 Iug
3589 5457 3686 5555 (ait

523 5528 780 5610 Joannem
819 5529 1015 5611 a‘udivit
1050 5577 1068 5609 ‹
1108 5557 1238 5612 Νοιὶ
1271 5573 1351 5612 me
1379 5566 1607 5626 tangere.
1645 5573 1662 5604 ι
1969 5549 1972 5554 ’

2197 5541 2506 5626 ξαεϐἁτου
2531 5528 2745 5592 ἀκούεῖ
2771 5554 2787 5586 ι
2811 5528 2931 5601 ’Μή
2955 5552 3072 5603 μου
3117 5532 3306 5587 ἅπτου
3350 5552 3366 5582 υ
3397 5531 3546 5584 κατὰ
3591 5528 3684 5580 τὸν

2211 5612 2505 5666 Ἰωάννην.

2211 5616 2224 5634 ’
2293 5616 2331 5665 ἀ
2450 5627 2505 5663 ν.

2198 5616 2292 5754 alio
2307 5629 2503 5771 Emi!
2521 5693 2612 5751 οὖν
2648 5697 2746 5767 μία
2771 5695 2864 5749 καὶ
2894 5696 2926 5766 ἡ
2952 5693 3087 5764 αὑτὴ
3120 5693 3202 5762 εἴη
3233 5690 3418 5762 Μαρία
3438 5687 3566 5762 παρ’
3587 5687 3677 5758 ἀμ-

2123 3979 2480 4050 Μαγδαληνῆς
2510 3976 2602 4030 δύο
2632 3977 2849 4048 Μαρίας
2876 3974 3146 4045 ὁρμᾶσθαι
3187 3974 3387 4042 λέγειν,
3431 3973 3601 4045 μηδέν
3632 3990 3685 4025 τε

2123 4071 2305 4124 λοιπὸν
2335 4070 2578 4139 ἀπορεῖν,
2611 4066 2722 4120 ἀλλ’
2743 4066 2932 4137 ἑτέραν
2959 4067 3053 4136 μὲν
3073 4061 3209 4118 εἶναι
3233 4064 3330 4134 τὴν
3364 4063 3462 4133 ὀψὲ
3485 4063 3686 4117 Σαϐϐά-

2124 4180 2231 4216 των
2268 4160 2416 4233 παρά
2447 4159 2524 4231 τῷ
2550 4158 2811 4229 Ματθαίῳ
2840 4156 3219 4228 Μαγδαληνὴν,
3244 4155 3436 4227 ἑτέραν
3457 4156 3514 4208 δὲ
3538 4152 3686 4218 αὖθις

2127 4252 2221 4306 καὶ
2249 4251 2416 4322 αὐτὴν
2436 4248 2794 4320 Μαγδαληνὴν
2827 4247 2924 4320 τὴν
2949 4247 3100 4317 παρὰ
3125 4247 3200 4316 τῷ
3235 4246 3456 4320 Ἰωάννῃ
3482 4247 3686 4317 πρωῖας

532 5711 580 5764 1.
627 5710 682 5766 Si
736 5714 951 5784 quidem
988 5729 1093 5769 una
1133 5713 1431 5782 eademque
1480 5708 1645 5764 Maria
1703 5713 1846 5763 esset
1877 5704 2016 5774 apud

526 5866 635 5938 (55)
678 5867 944 5923 Eusebius
985 5878 1032 5922 ct
1073 5867 1432 5940 Hieronymus
1459 5867 1535 5922 De
1564 5865 1665 5921 loc.
1704 5863 1892 5934 Helm,
1930 5863 2005 5918 Ma

2110 5859 2184 5913 ιλά
2222 5832 2390 5929 gauli};
2430 5853 2616 5920 Ἰούδα,
2651 5850 2904 5922 Hagdala
2938 5852 2987 5904 in
3020 5850 3156 5903 tribu
3181 5845 3214 5903 Ι
3222 5845 3344 5898 uda.
