3954 6520
217 383 320 440 919

835 383 1298 454 ΩΟΛΕΞΤΙΟΝΕΒ
1337 385 1813 442 ΕνΛΝϐ-ΕΜΟᾸΞ.

1957 385 2285 454 ΟΙΗΕΞἸῚΟ
2323 388 2390 440 lll
2429 386 2520 440 AD
2560 383 2897 440 MARlNUM.

3388 387 3490 441 95:0

219 500 483 573 φοτέροις
518 500 627 563 τοῖς
658 500 1090 568 εὐαγγελισταῖς,
1121 501 1345 572 λέξομεν
1369 501 1450 554 ὅτι
1472 503 1505 570 ή
1538 500 1674 572 αύτὴ
1697 501 1823 554 πολ-

1930 510 2219 571 utrumque.
2256 501 2668 572 evangelistam,
2721 499 3012 554 dicendum
3069 498 3209 554 foret
3245 501 3490 556 eamdem

217 591 380 654 λάκις
413 591 518 644 ἐπὶ
539 593 627 644 τὸν
660 591 820 645 αὑτὸν
840 591 1054 661 ἀπήντα
1079 592 1263 656 τόπον,
1308 591 1492 663 ἐπειδὴ
1517 586 1696 645 εἷλκεν
1721 593 1818 645 αύ-

216 681 316 754 τὴν
343 683 380 753 ἡ
413 683 686 754 ἔκπληξις
713 681 805 734 τοῦ
842 681 1166 752 πράγματος
1188 683 1281 736 καὶ
1308 684 1342 753 ή
1366 683 1459 734 ἐπὶ
1483 682 1562 753 τῷ
1578 682 1819 752 γεγονότι

216 774 398 846 χαράο
436 773 635 846 πρώτη
675 773 852 827 τοίνυν
886 774 1244 844 ἀπαντήσασα
1273 775 1364 828 καὶ
1407 772 1596 846 πρώτη
1628 774 1817 828 τεθεα-

221 866 364 938 μένη
392 865 470 919 τά
496 865 649 937 παρά
673 864 750 935 τῷ
801 865 1041 938 Ἰωάννῃ,
1074 866 1456 936 ἐσπευσμένως
1481 865 1645 936 ἀπῄει
1684 866 1818 937 πρὸς

217 959 350 1021 τοὺς
382 958 727 1021 ἀποστόλους
747 958 808 1010 τὸ
837 957 1075 1029 πρῶτον,
1098 958 1197 1029 τὴν
1228 958 1322 1011 τοῦ
1361 957 1640 1031 μνήματος
1672 959 1819 1013 ἄνοι’

225 1049 305 1114 ξιν
327 1051 780 1119 ἀπαγγέλλουσαο
801 1046 898 1102 εἷθ’
925 1049 1041 1120 ἅμα
1069 1049 1167 1121 τὴν
1184 1051 1478 1105 ἀνάστασιν
1497 1051 1818 1122 τεθεαμένη,

224 1141 524 1212 ἐδυσφόρει
567 1141 865 1194 ὑπονοοῦσα
897 1137 1062 1212 ἦρθαι
1093 1142 1154 1194 τὸ
1183 1142 1340 1213 σῶμα
1383 1142 1475 1196 τοῦ
1515 1141 1687 1212 Ἰησοῦ
1715 1143 1821 1195 ἀπὸ

222 1233 318 1286 τοῦ
355 1237 668 1304 μνήματος,
708 1235 781 1305 μὴ
809 1233 1007 1286 εἰδέναι
1052 1251 1113 1286 τε
1149 1235 1279 1288 ὅπου
1313 1235 1539 1288 τέθειτο·
1578 1231 1674 1287 εἶτ’
1727 1236 1822 1286 ἐπ-

226 1325 382 1396 ανῄει
411 1324 672 1396 δεύτερον
715 1326 810 1377 σῦν
851 1324 1032 1388 αὐτοῖς
1073 1326 1165 1378 ἐπὶ⁹
1195 1325 1258 1377 τὸ
1292 1329 1501 1396 μνῆμα·
1531 1326 1605 1389 ὡς
1640 1326 1683 1379 δ’
1724 1326 1823 1376 ἐπ-

228 1419 506 1488 έστρεφον
521 1418 703 1471 οἴκαδε
719 1421 934 1481 ἐκεῖνοι,
957 1419 1091 1489 μόνη
1107 1418 1265 1472 πάλιν
1279 1419 1663 1482 ἀπολειφθεῖσα
1678 1418 1824 1490 ἐντῷ

224 1509 404 1581 τόπῳ,
430 1510 656 1564 ἔκλαιεν
693 1512 907 1566 ἑστῶσα
934 1529 948 1542 °
978 1508 1096 1564 εἶτα
1121 1510 1215 1564 τοῦ
1257 1515 1534 1583 μνήματος
1562 1512 1692 1566 εἴσω
1711 1513 1824 1565 δια-

228 1600 481 1664 κΰψασα,
509 1604 636 1665 τοὺς
667 1603 761 1656 δύο
781 1603 1042 1672 ἀγγέλους
1059 1602 1301 1674 ἐθεώρει’
1327 1602 1513 1657 ἔπειτα
1535 1606 1628 1658 καὶ
1663 1605 1824 1657 αὑτὸν

226 1695 330 1764 δρᾷ
362 1693 466 1746 τὸν
496 1695 756 1765 Σωτῆραο
792 1695 872 1760 ὃς,
907 1694 1095 1766 ἐπειδὴ
1125 1693 1386 1748 κλαίουσα
1427 1696 1699 1766 εἱστήκει,
1741 1696 1827 1748 ἀν-

229 1783 534 1855 θρωπίνως
556 1785 613 1838 δὲ
634 1787 728 1839 καὶ
753 1786 1044 1850 ταπεινῶς,
1070 1786 1146 1849 ὼς
1162 1785 1227 1839 ἂν
1250 1786 1546 1849 κλαπέντος
1577 1785 1826 1856 σώματος

1920 607 2063 662 saepe
2087 593 2142 647 in
2169 593 2421 648 eumdem
2453 593 2634 648 locum
2676 591 2913 656 venisse,
2941 604 3106 660 quam
3155 590 3368 646 scilicet
3411 599 3496 645 at-

1920 685 2174 739 trahebat
2197 684 2488 740 admiratio
2511 685 2588 740 rei
2623 692 2786 754 gesta:
2811 689 2864 739 et
2887 697 3190 740 successus
3210 681 3490 755 gaudium.

1921 776 2101 832 Prima
2131 777 2296 848 igitur
2323 778 2452 832 illuc
2487 776 2752 847 profecta,
2788 776 3072 846 primaque
3104 790 3311 837 rerum,
3355 789 3496 845 quas

1920 866 2158 922 Joannes
2206 873 2414 933 narrat,
2451 866 2774 936 spectatrix,
2828 864 3152 922 festinanter
3184 863 3399 919 redibat
3429 863 3496 917 ad

1922 958 2234 1028 apostolos;
2283 957 2550 1028 principio
2608 956 2827 1026 quidem
2880 955 3118 1026 sepulcri
3159 954 3495 1024 apertionem

1924 1049 2184 1104 nuntians
2218 1069 2230 1104 ε
2266 1049 2484 1113 deinde,
2508 1063 2819 1118 quanquam
2849 1047 3311 1102 resurrectionem
3345 1045 3497 1098 vide-

1927 1150 2035 1210 rat,
2069 1141 2373 1213 angebatur
2407 1140 2766 1195 nihilominus
2796 1140 3111 1210 suspicione
3143 1153 3212 1192 ne
3243 1137 3367 1208 quis
3401 1151 3497 1206 ρος

1926 1236 2038 1290 tius
2063 1232 2191 1290 Jesu
2237 1248 2436 1305 corpus
2491 1249 2522 1287 e
2569 1240 2923 1288 monumento
2971 1231 3310 1294 abstulisset,
3348 1228 3496 1300 quod

1927 1323 2206 1379 nesciebat
2241 1338 2478 1393 quonam
2513 1329 2658 1377 esset
2695 1321 3045 1377 translatum.
3085 1319 3221 1374 Exin
3253 1317 3497 1374 secundo

1928 1416 2039 1470 ibat
2066 1430 2190 1470 cum
2224 1415 2491 1484 apostolis
2527 1413 2595 1468 ad
2636 1421 3074 1476 monumentum.
3108 1412 3406 1482 Postquam
3443 1411 3496 1464 hi

1925 1505 2148 1559 domum
2197 1506 2404 1560 reversi
2453 1511 2603 1568 sunt,
2653 1504 2771 1560 sola
2802 1504 3077 1560 rursusin
3126 1505 3248 1558 loco
3283 1503 3492 1564 relicta,

1924 1593 2061 1650 ﬂens
2097 1594 2170 1650 ibi
2204 1594 2561 1652 subsistebat.
2592 1593 2797 1648 Deinde
2845 1593 2902 1647 in
2946 1600 3360 1648 monumentum
3421 1590 3500 1645 in-

1928 1686 2257 1756 trospiciens
2308 1686 2448 1742 duos
2497 1685 2722 1756 angelos
2770 1684 2909 1740 vidit
2966 1704 2979 1739 :
3035 1685 3270 1754 denique
3319 1683 3497 1753 ipsum

1929 1779 2109 1834 oculis
2158 1777 2279 1848 ejus
2325 1777 2570 1833 oblatum
2603 1775 2953 1833 Servatorem
2997 1795 3010 1831 :
3063 1791 3227 1847 quam
3264 1775 3338 1830 ibi
3372 1791 3499 1828 cum

233 1875 426 1938 αὐτοῦ,
472 1876 792 1947 διακειμένη
813 1917 829 1941 ,
862 1877 1057 1944 ἀνάξιά
1086 1894 1145 1930 τε
1177 1879 1305 1948 περ).
1332 1876 1495 1931 αύτοῦ
1531 1876 1823 1947 φρονοῦσα,

1931 1872 2062 1924 lletu
2097 1869 2414 1933 haerentem,
2463 1879 2516 1925 et
2563 1885 2629 1924 ex
2681 1869 2936 1924 humana:
2964 1869 3304 1924 inﬁrmitatis
3336 1876 3499 1940 atque

235 1967 458 2035 πρῶτον
511 1967 608 2037 μὲν
659 1968 828 2038 αὐτὴν
869 1969 1104 2035 γυναῖκα
1138 1967 1392 2038 ὀνομάζει
1418 2007 1434 2032 ,
1481 1967 1826 2040 ἐπιπλήττων

235 2056 375 2128 αὐτῇ
403 2059 505 2111 καὶ
530 2057 801 2121 ὀνειδίζων
843 2059 904 2111 τὸ
941 2061 1247 2126 γυναικεῖον
1285 2058 1482 2122 πάθος·
1515 2058 1594 2111 διό
1642 2075 1824 2129 φησιν,

236 2149 439 2218 γύναι,
467 2150 530 2202 τι
570 2149 834 2215 ualere;
860 2145 979 2202 εἶτά
1007 2167 1169 2220 φησιν
1207 2150 1343 2222 πρὸς
1369 2151 1557 2221 αὐτήν·
1593 2151 1786 2219 Μαρία
1812 2169 1826 2182 ·

237 2238 324 2292 διά
357 2238 458 2291 τοῦ
491 2238 756 2309 ὀνόματος
788 2238 955 2310 αὐτὴν
998 2241 1198 2311 ἐαυτῆς
1239 2241 1669 2312 ὑπομιμνήσκων
1693 2279 1708 2303 ,
1736 2240 1830 2294 καὶ

239 2327 346 2383 τῦν
376 2329 554 2382 πάλαι
589 2329 726 2400 πρὸς
751 2330 917 2400 αὑτήν
950 2347 1008 2383 τε
1047 2332 1140 2384 καὶ
1173 2333 1298 2395 τοὺς
1338 2331 1555 2394 λοιποὺς
1585 2331 1830 2403 μαθητὰς

243 2418 371 2489 περὶ
401 2419 510 2488 τῆς
540 2420 887 2483 ἀναστάσεως
907 2420 1068 2474 αὐτοῦ
1093 2421 1281 2491 λόγων
1313 2423 1345 2493 ή
1372 2422 1417 2474 δ’
1443 2424 1521 2485 είς
1544 2422 1831 2495 συναίσθη-

246 2527 328 2562 σιν
352 2509 610 2575 ἐλθοῦσα,
635 2511 728 2564 καὶ
755 2512 810 2564 τί
846 2528 974 2565 ποτε
997 2509 1064 2585 ἦν
1095 2514 1201 2567 ἀπὸ
1242 2514 1342 2584 τῆς
1382 2514 1563 2584 φωνῆς
1603 2515 1697 2568 καὶ
1732 2515 1830 2585 τῆς

242 2601 334 2654 τοῦ
355 2601 523 2670 λόγου
556 2602 835 2674 δυνάμεως
879 2605 1194 2674 ἐπιγνοῦσα,
1235 2605 1543 2666 Ῥαϐὅουνι
1565 2623 1762 2678 φησιν,
1801 2606 1830 2659 ὃ

250 2693 720 2768 μεθερμηνεύεται
744 2695 1095 2755 διδάσκαλε.

317 2968 393 3040 β’.
434 2964 550 3024 Εἶτ’
579 2969 764 3040 ἐπειδὴ
791 2969 866 3034 ὡς
894 2969 1197 3043 διδασκάλῳ
1231 2973 1381 3045 αὐτῷ
1407 2973 1488 3027 ἐτι
1521 2975 1616 3028 καὶ
1637 2975 1734 3046 ούχ
1753 2977 1830 3040 ὡς

246 3059 359 3130 Θεῷ
379 3060 668 3131 προσιέναι
690 3062 914 3132 ὡρμᾶτο
929 3101 943 3126 ,
964 3062 1238 3116 ἀναίνεται
1258 3065 1709 3136 καὶπαραιτεῖται
1733 3065 1830 3119 αύ-

246 3149 371 3220 τὴν,
416 3148 511 3216 Μή
535 3167 655 3219 μου
684 3150 904 3204 ἅπτου⁸
934 3149 1101 3221 θνητά
1127 3151 1236 3221 γάρ
1258 3150 1352 3206 ἔτι,
1371 3151 1642 3223 φρονοῦσα
1662 3193 1677 3217 ,
1728 3153 1827 3223 ούχ

247 3240 329 3292 οἱα
357 3258 424 3293 τε
452 3236 521 3312 ἦν
553 3244 652 3313 τῆς
679 3241 843 3296 αὑτοῦ
879 3241 1130 3313 θεότητος
1155 3241 1327 3312 θίγειν
1347 3260 1360 3274 ·
1395 3244 1515 3298 ούδέ
1549 3243 1657 3316 γὰρ
1681 3243 1828 3310 ἄξιον

248 3327 312 3402 ἦν
329 3334 438 3405 τὴν
466 3333 548 3386 ἔτι
569 3333 861 3389 κλαίουσαν
881 3375 896 3400 ,
927 3336 1022 3389 καὶ
1042 3335 1340 3408 κάτωνπερὶ⁵
1363 3336 1432 3391 τά
1457 3338 1715 3408 μνήματα
1736 3338 1830 3391 καὶ

248 3423 454 3492 τάφους
490 3419 578 3477 οἶα
611 3424 803 3496 νεκρὸν
839 3423 1105 3494 ζητοῦσαν
1138 3425 1330 3490 αὐτὸν,
1377 3426 1608 3480 ταπεινά
1640 3443 1699 3479 τε
1737 3427 1830 3479 καὶ

249 3514 566 3587 δυθρώπινα
586 3517 716 3586 περὶ
736 3516 900 3570 αὐτοῦ
926 3516 1250 3583 δοξάζουσαν
1271 3559 1284 3583 ,
1303 3517 1402 3587 τῆς
1425 3518 1641 3588 ἐπαφῆς
1663 3517 1828 3572 αύτοῦ

251 3609 558 3659 κοινωνεῖνο
601 3607 683 3660 διὸ
718 3607 818 3678 τὴν
859 3607 1038 3660 αἰτίαν
1074 3607 1418 3678 ἀπήλεγχεν,
1458 3611 1533 3681 μὴ
1580 3610 1689 3682 γάρ
1733 3612 1827 3664 ἀν·-

251 3698 567 3770 εληλυθέναι
596 3698 750 3753 οὔπω
781 3701 964 3771 φησὶν,
991 3701 1114 3754 ὅσον
1142 3700 1204 3753 τὸ
1226 3701 1310 3753 ἐπ’
1343 3703 1533 3774 αὐτὴν,
1569 3704 1705 3774 πρὸς
1735 3704 1829 3758 τὸν

250 3791 470 3864 Πατέρα
487 3833 503 3857 ,
531 3793 655 3846 ἐπεὶ
689 3793 764 3865 μή
791 3793 934 3845 τοῦτ’
954 3793 1273 3849 ἐπίστευσεν
1294 3795 1606 3863 γεγονέναι,
1637 3797 1830 3868 νεκρὸν

249 3883 302 3937 δέ
349 3904 457 3940 που
501 3887 714 3940 κεῖσθαι
745 3886 906 3940 αὐτὸν
947 3885 1120 3956 ῴετο·
1158 3886 1238 3941 διό
1271 3905 1433 3959 φησιν
1469 3890 1606 3961 πρὸς
1637 3891 1826 3962 αὑτήν·

249 3979 341 4048 Μή
369 3996 492 4048 μου
525 3978 716 4034 ἅπτου
737 4021 752 4045 ,
795 3980 1019 4050 τοιαύτη
1045 3998 1126 4043 τις
1155 3976 1290 4034 οὖσα
1323 3982 1416 4034 καὶ
1439 3981 1663 4034 τοιαῦτα
1702 3983 1830 4054 περὶ

251 4069 384 4138 ἐμοῦ
424 4069 779 4140 λογιζομένη·
814 4070 898 4123 σοὶ
942 4071 1050 4142 γάρ
1085 4071 1216 4134 Θεὸς
1243 4070 1395 4126 οὔπω
1424 4073 1824 4144 πεπίστευμαι·

252 4161 438 4236 σοὶέτι
480 4161 632 4214 κάτω
669 4157 806 4214 εἶναι
835 4161 1150 4232 λελόγισμαι
1172 4179 1188 4194 ·
1230 4162 1372 4219 οὕτω
1411 4162 1510 4235 τήν
1540 4163 1828 4223 κλαίουσαν

251 4255 341 4307 καὶ
379 4254 611 4320 δόξασαν
639 4253 802 4307 αὐτὸν
831 4249 970 4308 εἶναι
1000 4254 1092 4308 τὸν
1116 4256 1419 4327 κηπουρὸν,
1470 4256 1558 4310 διά
1603 4257 1702 4327 μὲν
1732 4257 1827 4311 τοῦ

251 4344 342 4411 Μή
363 4363 486 4415 μου
506 4344 698 4400 ἅπτου
719 4345 1057 4417 ἀπέστρεφεν
1080 4346 1424 4418 ἐπιπλήττων
1445 4348 1580 4419 αὐτῇ
1600 4365 1614 4379 ·
1636 4348 1711 4412 ὡς
1735 4349 1828 4402 καὶ

250 4435 334 4494 διὰ
360 4435 457 4489 τοῦ
483 4439 716 4505 γυναῖκα
745 4436 948 4502 καλεῖν,
967 4437 1061 4491 καὶ
1093 4436 1180 4491 διά
1198 4437 1290 4490 τοῦ
1319 4437 1519 4507 λέγειν,
1559 4439 1620 4492 Τί
1653 4440 1825 4496 κλαι-

1929 1960 2259 2020 humilitatis
2289 1961 2560 2016 instinctu
2587 1960 2732 2016 lurto
2771 1962 3013 2018 ablatum
3045 1977 3248 2030 corpus
3273 1960 3501 2016 creden-

1930 2061 2060 2118 tem,
2085 2061 2248 2124 atque
2279 2053 2506 2124 indigna
2527 2051 2595 2108 de
2615 2053 2736 2123 ipso
2768 2052 3112 2117 sentientem,
3139 2050 3300 2107 Jesus
3324 2051 3501 2122 primo

1930 2147 2216 2202 mulierem
2247 2147 2502 2217 appellat,
2532 2147 2824 2217 increpans
2857 2153 3019 2216 atque
3053 2145 3395 2217 eXprobrans
3422 2140 3501 2196 fe-

1931 2239 2167 2293 mineam
2218 2239 2390 2292 animi
2437 2239 2816 2310 aegritudinem
2858 2256 2874 2295 :
2931 2237 3075 2292 unde
3127 2236 3222 2300 ait,
3285 2234 3530 2304 mulier,_

1930 2329 2056 2401 quid
2079 2328 2300 2398 ploras?
2325 2328 2529 2385 Deinde
2561 2329 2731 2394 addit,
2765 2326 2982 2392 Maria;
3037 2335 3095 2380 ut
3145 2327 3236 2380 illa
3281 2327 3503 2380 nomine

1931 2422 2209 2476 admonita
2239 2421 2308 2475 ad
2336 2428 2574 2474 mentem
2620 2427 2996 2482 revocaretur,
3053 2423 3216 2486 atque
3251 2427 3309 2472 ut
3358 2417 3502 2470 anti-

1930 2525 2160 2582 quarum
2185 2511 2542 2582 sponsionum
2569 2521 2682 2565 tum
2711 2511 2818 2580 ipsi
2846 2518 2960 2564 tum
2995 2509 3223 2580 reliquis
3257 2509 3502 2580 discipu-

1932 2605 2001 2660 lis
2034 2603 2102 2658 de
2152 2603 2356 2660 Christi
2411 2602 2817 2658 resurrectione
2869 2599 3140 2660 factarum
3183 2599 3503 2655 recordare-

1931 2705 2042 2753 tur.
2075 2698 2170 2752 llla
2201 2700 2383 2754 animo
2410 2715 2475 2754 ex
2507 2694 2853 2751 aberratione
2883 2703 3120 2764 recepto,
3157 2694 3318 2764 vique
3348 2694 3500 2747 vocis

1933 2804 1997 2845 ac
2024 2789 2311 2845 verborum
2341 2788 2524 2860 agnita
2569 2785 2805 2841 Καινίνοηὶ
2853 2785 3065 2857 inquit;
3107 2799 3214 2856 qua
3259 2799 3389 2840 voce
3426 2784 3499 2842 si-

1931 2881 2219 2954 gniﬁcatur
2242 2882 2513 2952 magister.

2000 2972 2058 3027 2.
2092 2970 2215 3027 Mox
2247 2971 2316 3026 ad
2353 2971 2506 3026 illum
2555 2971 2736 3026 adhuc
2782 2979 2841 3025 ut
2890 2969 3234 3041 magistrum,
3285 2979 3395 3020 non
3443 2973 3500 3017 ut

1931 3063 2124 3129 Deum,
2157 3063 2418 3120 accedere
2445 3072 2700 3135 properat
2727 3083 2741 3118 :
2765 3080 2873 3134 qua
2899 3064 2988 3118 ille
3020 3061 3291 3133 prohibita
3319 3065 3370 3112 ct
3405 3058 3500 3110 de-

1931 3157 2120 3212 territa
2149 3157 2246 3222 ait,
2279 3154 2408 3211 Noli
2433 3173 2512 3212 me
2545 3165 2776 3227 tetigere.
2808 3154 2943 3208 Nam
2981 3170 3101 3225 quae
3133 3154 3372 3206 humana
3412 3150 3500 3203 ad-

1932 3249 2038 3304 huc
2063 3249 2329 3319 sapiebat,
2377 3265 2488 3304 non
2537 3256 2654 3304 erat
2689 3249 2853 3317 digna
2899 3246 3234 3300 divinitazem
3267 3244 3386 3312 ejus
3421 3252 3499 3294 at-

1931 3342 2179 3411 tingere:
2212 3357 2389 3410 neque
2435 3357 2532 3412 par
2583 3349 2702 3395 erat
2738 3342 2907 3402 illam,
2941 3355 3062 3407 qua:
3097 3338 3276 3391 adhuc
3315 3335 3495 3394 ﬂebat,

1928 3441 1983 3487 et
2013 3431 2199 3487 Jesum
2234 3431 2445 3486 inferne
2472 3431 2526 3484 in
2557 3431 2928 3488 monumentis
2956 3429 3330 3498 sepulcrisque
3351 3444 3500 3495 quae-

1929 3526 2103 3590 rebat,
2129 3533 2292 3595 atque
2334 3523 2610 3578 humiliter
2654 3532 2708 3578 et
2739 3521 3040 3575 inﬁrmede
3081 3522 3171 3574 illo
3204 3520 3493 3582 sentiebat,

1930 3617 2094 3682 haud,
2134 3617 2382 3688 inquam,
2419 3632 2635 3686 aequum
2671 3625 2787 3668 erat
2825 3624 3113 3668 contactus
3143 3613 3260 3681 ejus
3282 3626 3498 3680 compo-

1929 3717 2037 3763 tem
2077 3707 2212 3763 ﬁeri.
2262 3706 2626 3774 Quamobrem
2673 3704 2833 3760 Jesas
2883 3721 3107 3760 causam
3156 3718 3373 3774 quoque
3418 3702 3496 3755 rei

1929 3800 2124 3871 aperit,
2175 3797 2419 3854 nondum
2469 3814 2527 3853 se
2575 3797 2889 3853 ascendisse
2937 3796 3220 3866 (quantum
3271 3793 3336 3847 ad
3376 3808 3496 3846 eam

1929 3890 2221 3958 attineret)
2276 3890 2341 3945 ad
2393 3887 2609 3943 Patrem
2665 3889 2887 3955 dicens;
2938 3888 3198 3958 quoniam
3249 3885 3364 3956 ipsa
3420 3884 3496 3937 rei

1928 3995 2091 4056 gesta:
2121 3984 2278 4039 ﬁdem
2311 3981 2553 4038 nondum
2583 3981 2892 4046 adhibebat,
2928 3997 3094 4049 seque
3117 3987 3390 4034 mortuum
3412 3979 3496 4046 ja-

1927 4092 2050 4131 cere
2073 4074 2296 4146 putabat
2317 4092 2328 4128 :
2348 4074 2578 4142 ideoque
2609 4072 2704 4133 ait,
2734 4070 2861 4125 Noli
2885 4088 2962 4124 me
2984 4081 3212 4140 tangere,
3230 4085 3353 4125 cum
3371 4069 3497 4124 talis

1928 4166 2026 4230 sis,
2075 4166 2349 4234 talemque
2393 4163 2459 4218 de
2508 4179 2594 4217 me
2635 4162 2946 4232 opinionem
2993 4177 3188 4231 geras:
3217 4162 3313 4216 tibi
3353 4162 3498 4216 enim

1927 4255 2070 4311 Deus
2105 4253 2349 4308 nondum
2375 4253 2595 4317 credor,
2633 4251 2728 4307 sed
2758 4253 3040 4306 terrestris
3062 4251 3241 4306 adhuc
3274 4254 3494 4306 habeor.

1929 4348 2022 4404 Sic
2067 4349 2114 4405 is
2149 4348 2480 4418 plorantem,
2543 4356 2598 4401 et
2630 4361 2750 4415 quae
2784 4345 3134 4399 hortulanum
3179 4347 3355 4414 ipsum
3387 4361 3500 4399 cre-

1926 4441 2119 4502 debat,
2158 4437 2242 4491 his
2284 4435 2490 4499 verbis,
2549 4433 2679 4488 Noli
2734 4451 2814 4488 me
2861 4444 3071 4505 tangere
3100 4435 3287 4502 rejecit
3320 4435 3501 4488 incre-

252 4546 368 4596 εις;
396 4529 460 4582 τὸ
483 4529 594 4600 γὰρ
627 4529 833 4583 κλαίειν
865 4531 956 4582 τὸν
982 4528 1188 4594 ζῶντα,
1223 4530 1420 4601 μᾶλλον
1452 4531 1510 4584 δὲ
1543 4533 1642 4604 τὴν
1679 4533 1821 4604 ζωὴν

1930 4533 2146 4604 pitans:
2176 4529 2318 4583 unde
2360 4537 2413 4582 et
2464 4529 2747 4582 mulierem
2773 4529 3020 4583 eamdem
3074 4529 3352 4590 vocitavit,
3394 4531 3501 4580 ait-

253 4620 416 4690 αύτὴν
439 4661 454 4684 ,
482 4621 718 4692 ἐσχάτης
739 4616 807 4692 ἦν
827 4621 1067 4691 ἀμαθίας
1085 4638 1099 4651 ·
1137 4622 1232 4676 καὶ
1257 4621 1344 4675 διὰ
1371 4624 1468 4693 μὲν
1491 4623 1694 4677 τούτων
1728 4627 1828 4678 ἐπ-

252 4713 509 4785 έπληττεν
538 4714 672 4784 αὐτῇ
691 4729 705 4743 ο
733 4713 820 4766 διὰ
839 4713 896 4766 δὲ
922 4713 1028 4768 τῶν
1045 4713 1173 4784 ἑξῆς
1194 4717 1290 4786 τὴν
1314 4715 1436 4770 καθ’
1461 4717 1650 4770 ἐαυτὸν
1673 4719 1830 4772 ἐπαίε-

251 4804 396 4857 δευεν
429 4804 704 4873 θεολογίαν
724 4821 736 4835 ·
767 4807 800 4876 ή
830 4805 874 4858 δ’
903 4807 997 4859 ἐπὶ
1027 4807 1235 4871 τούτοις
1265 4807 1333 4861 τά
1375 4810 1583 4879 μεγάλα
1610 4811 1824 4882 ὠφελη-

255 4899 385 4968 μὲνη
399 4939 414 4962 ,
439 4898 600 4951 πάλιν
622 4900 893 4969 ἀναχωρεῖ
909 4897 1002 4950 τοῦ
1024 4899 1303 4970 μνήματος
1323 4919 1335 4931 ο
1363 4901 1517 4955 τοῦτο
1539 4902 1788 4976 δεύτερον
1809 4922 1821 4934 °

251 4987 342 5043 εἶτ’
369 4988 662 5054 ἐξειποῦσα
687 4993 754 5062 τῇ
788 4991 922 5061 άλλη
947 4991 1136 5062 Μαρίᾳ
1160 4991 1228 5045 τά
1253 4992 1555 5064 τεθεαμένα
1578 4996 1726 5068 παρὰ
1747 4996 1825 5067 τῷ

263 5080 475 5152 Ἰωάννῃ
495 5121 510 5144 ,
539 5081 765 5152 ἐπανῄει
800 5083 896 5136 σὺν
937 5081 1106 5153 αύτῇο
1150 5085 1310 5138 τοῦτο
1337 5086 1518 5157 τρίτον
1538 5105 1550 5117 ·
1586 5089 1679 5141 καὶ
1717 5088 1825 5143 τῶν

251 5171 395 5244 παρά
425 5172 502 5242 τῷ
533 5173 793 5244 Ματθαίῳ
825 5175 1310 5246 μνημονευομένων
1351 5175 1552 5248 θεωρὸς
1583 5179 1825 5247 ἐγίγνετο

250 5263 422 5314 οὖκέτι
447 5264 579 5335 μόνη
597 5305 612 5327 ,
640 5266 736 5318 σὺν
762 5265 819 5318 δὲ
849 5268 911 5336 τῇ
938 5267 1098 5337 ἑτέρα
1127 5267 1312 5340 Μαρία
1335 5287 1348 5299 ο
1377 5271 1470 5322 καὶ
1493 5271 1674 5324 οὐκέτι
1695 5273 1824 5324 εἵσω

249 5352 335 5405 τοῦ
359 5355 530 5423 τάφου
565 5357 995 5430 παρακύπτουσα
1023 5359 1098 5423 ὡς
1123 5360 1274 5430 παρὰ
1304 5360 1379 5430 τῷ
1417 5362 1632 5432 Ἰωάννῃ
1657 5403 1670 5427 ,
1704 5363 1822 5416 οὐδὲ

249 5442 334 5496 δύο
385 5446 649 5516 ἀγγέλους
675 5488 690 5512 ,
743 5449 855 5502 ἀλλ’
895 5451 988 5505 ἕνα
1035 5452 1173 5522 πρὸς
1220 5452 1298 5523 τῷ
1347 5452 1476 5524 λίθῳ
1515 5455 1820 5526 καθήμενον

250 5533 448 5604 ὁρῶσα.

311 5717 379 5779 γ’.
395 5707 513 5767 Εἶτ’
535 5715 627 5768 ἐπὶ
641 5717 850 5780 τούτοις
866 5719 1028 5772 αὑτὸν
1047 5721 1208 5775 πάλιν
1226 5724 1316 5775 τὸν
1331 5726 1555 5796 Σωτῆρα
1575 5727 1708 5796 μετὰ
1728 5728 1820 5796 τῆς

248 5800 405 5878 ἀλλης
425 5807 642 5879 Μαρίας
664 5809 858 5880 θεωρεῖ
875 5829 886 5840 °
913 5811 1066 5866 τοῦτο
1092 5815 1339 5887 δεύτερον
1362 5836 1372 5846 ⁸
1401 5820 1491 5872 καὶ
1515 5821 1693 5872 οὐκέτι
1725 5822 1819 5889 μὲν

1931 4640 2057 4694 que,
2090 4619 2230 4688 Quid
2257 4619 2477 4688 ploras?
2508 4634 2634 4672 nam
2668 4619 2852 4687 lugere
2876 4619 3164 4683 viventem,
3185 4619 3293 4672 imo
3323 4618 3497 4688 ipsam

1930 4715 2118 4777 vitam,
2151 4720 2408 4768 extremae
2445 4718 2563 4766 erat
2620 4711 2852 4765 inscitia:
2881 4731 2894 4764 ε
2925 4727 3031 4781 qua
3081 4727 3243 4782 snper
3286 4727 3344 4765 re
3391 4726 3498 4765 non

1929 4808 2173 4878 pepercit
2195 4803 2582 4874 objurgationi.
2619 4801 2758 4856 Tum
2789 4803 2842 4856 in
2872 4804 3232 4872 sequentibus
3257 4803 3496 4857 divinam

1929 4899 2008 4953 illi
2044 4899 2130 4953 sui
2168 4897 2420 4952 notitiam
2470 4895 2812 4964 impertivit:
2845 4910 2967 4965 qua:
3020 4894 3108 4950 his
3155 4893 3337 4948 verbis
3391 4909 3501 4946 ma-

1927 5005 2168 5060 gnopere
2217 4989 2465 5051 erudita,
2514 4987 2695 5041 denuo
2751 4986 2995 5041 deseruit
3047 4991 3498 5044 monumentum,

1927 5079 2171 5134 secundo
2202 5078 2472 5133 videlicet.
2508 5076 2646 5131 Exin
2679 5077 2920 5133 narratis
2959 5076 3144 5131 Maria:
3172 5075 3351 5137 alteri,
3379 5091 3500 5144 qua:

1927 5171 2132 5226 vidisse
2165 5186 2284 5225 eam
2330 5179 2517 5224 narrat
2557 5169 2818 5234 Joannes,
2854 5171 2982 5225 illuc
3014 5186 3136 5224 cum
3189 5168 3378 5223 eadem
3414 5183 3501 5220 re-
3591 5165 3596 5170 ’

1926 5278 2083 5317 versa
2136 5276 2244 5322 est,
2291 5264 2455 5317 tertio
2507 5264 2797 5317 videlicet:
2833 5279 2897 5316 ac
2944 5271 3060 5314 tum
3108 5275 3322 5323 eorum,
3378 5275 3500 5328 qua:

1927 5363 2195 5407 memorat
2222 5353 2529 5414 Matthaeus,
2553 5354 2852 5422 spectatrix
2886 5352 3018 5418 fuit;
3050 5350 3325 5419 haudjam
3359 5350 3496 5414 sola,

1927 5445 2021 5501 sed
2056 5461 2181 5500 cum
2213 5445 2380 5500 altera
2416 5445 2583 5498 Maria
2613 5463 2626 5499 :
2663 5461 2838 5514 neque
2872 5444 2985 5514 jam
3023 5441 3412 5512 introspiciens
3441 5440 3494 5493 in

1926 5541 2257 5610 sepulcrum,
2291 5542 2367 5595 uti
2404 5543 2664 5594 narrabat
2704 5540 2975 5604 Joannes;
3015 5555 3190 5609 neque
3216 5539 3328 5606 jam
3358 5537 3496 5591 duos

1927 5634 2169 5703 angelos,
2201 5632 2295 5688 sed
2334 5649 2501 5686 unum
2534 5631 2700 5702 lapidi
2731 5632 3058 5686 insidentem
3098 5646 3349 5685 cernens.

1997 5727 2049 5780 5.
2091 5725 2222 5780 Post
2264 5726 2376 5779 lucc
2431 5725 2612 5779 denuo
2643 5725 2808 5784 videt,
2846 5726 3048 5778 comite
3098 5726 3265 5779 altera
3305 5722 3494 5784 Maria,

1929 5822 2103 5890 ipsum
2147 5820 2524 5881 Scrvalorcm,
2578 5818 2818 5874 secundo
2844 5819 3132 5878 videlicet;
3185 5832 3357 5890 neque
3385 5817 3495 5887 jam
