3954 6516
579 362 679 422 951

1238 361 1506 418 EUSEBII
1544 358 2026 420 CESARIENSIS
2061 358 2214 415 OPP.
2253 356 2432 412 PARS
2469 357 2555 412 Ill.
2593 389 2662 399 —
2700 357 3108 416 EXEGETICA.
3661 369 3739 426 952

579 483 754 548 audit,
797 482 930 540 Noli
951 501 1030 538 me
1059 493 1302 554 tangere;
1343 485 1452 538 imo
1480 484 1741 554 gaudere,
1773 484 1972 540 nedum
1999 482 2118 537 ﬂere

2224 481 2462 546 _dx06£t,
2491 481 2588 551 Μή
2625 499 2744 551 μου
2787 482 3016 546 ἅπτου,
3051 481 3352 536 τούναντίον
3387 483 3630 556 δὲχαίρειν
3651 487 3738 541 ἀντὶ

577 577 648 630 ab
678 574 799 646 ipso
829 577 1051 644 iubetur
1077 594 1091 630 :
1121 575 1254 648 quin
1297 577 1460 631 etiam
1495 578 1642 632 hunc
1671 585 1894 646 tangere
1925 577 2146 640 sinitur,

577 680 739 736 quem
768 665 880 735 jam
917 673 978 719 ut
1027 666 1194 720 Deum
1223 667 1609 722 venerabatur.
1646 667 1735 720 Ait
1777 682 1908 736 ergo
1940 668 2024 721 his
2070 665 2148 721 le-

577 757 742 812 minis
778 755 958 823 Jesus,
1011 755 1268 812 Gaudete.
1308 758 1415 812 Illa:
1443 775 1570 814 vero
1601 759 1923 813 accedentes
1953 766 2145 812 tenue-

575 857 704 902 runt
735 847 900 918 pedes
931 850 1050 918 ejus
1075 859 1140 905 et.
1159 851 1544 906 adoraverunt.
1581 850 1646 912 Et
1675 865 1798 906 vera
1823 851 1988 920 igitur
2015 865 2143 902 nar-

575 950 698 992 rant
748 956 906 995 sacra
961 941 1274 1012 Evangelia,
1323 953 1376 997 et
1409 945 1559 998 nulla
1605 945 1661 996 in
1713 951 1868 1013 parte
1914 943 2056 998 inter
2087 958 2145 998 se

573 1039 822 1102 pugnant
850 1051 864 1086 :
899 1051 1210 1104 quanquam
1242 1036 1486 1089 eamdem
1521 1035 1743 1088 Mariam
1773 1035 2142 1105 Magdalenam

571 1123 926 1180 introducunt
965 1134 1018 1180 et
1061 1143 1166 1180 non
1211 1135 1516 1196 tangentem
1559 1127 1731 1196 primo
1774 1125 2140 1188 Servatorem,

569 1215 698 1272 dum
735 1215 920 1282 (lebat,
970 1232 1195 1290 eratque
1245 1219 1545 1282 incredula,
1593 1227 1648 1273 et
1675 1235 1796 1274 eum
1829 1225 2138 1288 tangentem

565 1317 854 1378 postquam
889 1311 1122 1381 gaudere
1160 1312 1312 1380 juusa
1357 1319 1461 1366 est.
1506 1309 1624 1365 Jam
1654 1312 1834 1382 priera
1865 1325 1988 1366 esse
2023 1313 2140 1364 exi-

567 1401 842 1454 stimanda
887 1417 1006 1470 quae
1052 1410 1179 1456 sunt
1233 1404 1373 1472 apud
1417 1401 1680 1457 Joannem
1725 1405 1793 1458 iis
1837 1419 1956 1473 qua:
1996 1401 2138 1470 apud

565 1487 900 1552 Manlianum,
929 1492 982 1544 in
1013 1491 1304 1561 disputatis
1334 1499 1482 1546 retro
1509 1493 1808 1548 secundum
1846 1493 2136 1562 quamdam

566 1587 981 1654 explicationem
1011 1587 1509 1658 comprobavimus,
1541 1588 1670 1641 dum
1701 1588 2133 1654 ostenderemus,

563 1675 660 1729 ubi
693 1675 896 1730 dicitur
927 1676 1068 1745 apud
1103 1675 1414 1731 Mattlueum
1447 1694 1564 1730 sero
1609 1676 1986 1741 Sabbatorum,
2025 1691 2132 1729 non

563 1768 928 1836 vespertinam
981 1769 1170 1822 horam
1217 1767 1510 1838 significari
1558 1769 1626 1820 ab
1654 1767 2006 1838 evangelista,
2037 1767 2128 1821 sed

2254 574 2348 627 τοῦ
2378 574 2585 628 κλαίειν
2609 575 2700 628 ὑπ’
2738 574 2903 628 αὐτοῦ
2933 575 3212 628 κελεύεται
3231 593 3244 606 ·
3273 574 3403 628 ἀλλὰ
3426 577 3509 630 καὶ
3535 576 3737 631 ἅπτεσθαι

2254 665 2416 720 αὑτοῦ
2435 667 2816 738 συγχωρεῖται,
2841 666 2961 718 ἐπεὶ
2973 666 3066 719 καὶ
3083 668 3374 736 προσκυνεῖ
3388 666 3529 719 αὑτὸν
3541 666 3604 728 ὡς
3615 667 3734 720 Θεόν·

2252 757 2543 830 ὶέγειγοῦν
2578 759 2768 822 αὑταῖς
2795 762 2824 812 ὁ
2861 759 3086 830 Ἰησοῦς,
3114 759 3353 827 Χαίρετε
3371 775 3382 786 ·
3414 759 3466 811 αἱ
3491 758 3540 810 δὲ
3563 761 3736 830 προσελ-

2253 849 2437 902 θοῦσαι
2457 892 2472 916 ,
2507 851 2814 922 ἐκράτησαν
2847 849 3010 903 αὐτοῦ
3035 851 3161 913 τοὺς
3190 849 3350 912 πόδας
3374 849 3456 900 καὶ
3479 849 3738 920 προσεκύνη-

2254 959 2351 998 σαν
2379 942 2526 1013 αὐτῷ
2547 960 2560 972 ·
2590 943 2683 996 καὶ
2711 942 2884 1006 οὕτως
2924 943 3042 1013 ἅμα
3067 940 3318 1011 ἀληθεύει
3344 940 3407 992 τὰ
3427 939 3536 1011 ἱερὰ
3557 940 3736 1008 Εὐαγγέ-

2250 1035 2337 1087 λια
2356 1075 2370 1098 ,
2415 1034 2534 1088 κατ’
2572 1035 2757 1088 οὐδένα
2794 1035 2950 1104 λόγον
2985 1033 3384 1104 διαφωνοῦνται
3417 1031 3504 1101 τὴν
3539 1031 3673 1100 αὑτήν
3696 1030 3735 1084 δὲ

2249 1126 2466 1200 Μαρίαν
2485 1126 2584 1197 τὴν
2604 1126 2967 1198 Μαγδαληνὴν
2989 1128 3274 1194 εἰσάγοντα
3294 1124 3385 1177 καὶ
3409 1122 3478 1194 μὴ
3498 1121 3736 1192 ἁπτομένην

2247 1220 2508 1292 πρότερον
2537 1218 2631 1271 τοῦ
2667 1220 2950 1290 Σωτῆρος,
2999 1220 3086 1272 ὅτε
3115 1219 3296 1271 ἔκλαιε
3323 1218 3412 1269 καὶ
3443 1215 3652 1283 ἠπίστει·
3671 1213 3738 1266 καὶ

2247 1312 2558 1383 ἁπτομένην
2587 1311 2752 1364 αὐτοῦ
2775 1351 2790 1374 ,
2833 1313 2921 1364 ὅτε
2951 1312 3164 1382 χαίρειν
3191 1307 3491 1361 ἐκελεύετο·
3523 1304 3677 1375 πρῶτα
3697 1303 3736 1354 δὲ

2245 1405 2496 1474 ἡγεῖσθαι
2527 1405 2596 1458 τὰ
2627 1404 2777 1475 παρὰ
2817 1403 2897 1474 τῷ
2943 1404 3162 1474 Ἰωάννῃ
3193 1401 3486 1472 δηλούμενα
3513 1399 3603 1450 τῶν
3629 1396 3738 1467 παρὰ
3787 1433 3790 1438 -

2242 1496 2322 1566 τῷ
2348 1496 2610 1567 Ματθαίῳ
2645 1497 2958 1570 φερομένων
2976 1536 2992 1558 ,
3025 1495 3124 1548 καὶ
3149 1493 3236 1546 διὰ
3259 1493 3366 1546 τῶν
3388 1489 3649 1561 ἔμπροσθεν
3669 1505 3734 1556 γε·

2243 1587 2635 1658 γυμνασμένων
2664 1590 2793 1658 ἡμῖν
2822 1585 2962 1638 κατὰ
2989 1585 3120 1656 μίαν
3143 1585 3248 1637 τῶν
3279 1582 3503 1652 ἐκῶχῶν
3521 1582 3732 1652 παρεστή-

2243 1695 2414 1748 σαμεν
2435 1719 2450 1740 ,
2501 1679 2928 1749 διασαφήσαντες
2961 1679 3107 1740 ὅπως
3139 1676 3350 1748 εἴρηται
3383 1673 3520 1744 παρὰ
3547 1671 3609 1742 τῷ
3633 1673 3738 1726 Ματ-

2242 1769 2376 1840 θαὶῳ
2408 1770 2468 1822 τὸ
2501 1770 2614 1838 ὀψὲ
2641 1769 2992 1834 Σαϐϐάτων,
3023 1770 3083 1822 οὺ
3109 1767 3208 1840 τὴν
3247 1765 3521 1836 ἑσπερινὴν
3537 1763 3656 1834 ὥραν
3671 1763 3715 1833 δη

561 1867 780 1930 tempus
809 1862 1133 1916 illucescens
1165 1861 1218 1915 in
1247 1877 1408 1914 unam
1446 1859 1832 1914 Sabbatorum.
1873 1859 2000 1913 Erat
2033 1875 2118 1914 au-

2235 1862 2451 1924 λοῦντος
2469 1861 2562 1914 τοῦ
2584 1861 2968 1930 εὐαγγελιστοῦ
2990 1900 3004 1924 ,
3043 1859 3179 1913 ἀλλὰ
3199 1860 3290 1912 τὸν
3313 1856 3666 1924 ὲπιφαύσκοντα
3679 1855 3736 1915 εἰς

559 1959 668 2008 tem
706 1953 807 2006 hoc
842 1962 1052 2023 tempus
1083 1956 1355 2022 posterius
1391 1953 1504 2016 illo,
1534 1952 1600 2006 de
1642 1969 1750 2022 quo
1777 1951 2016 2007 Joannes
2057 1951 2134 2005 lo-

561 2045 768 2116 quitur.
819 2044 996 2114 Atque
1045 2046 1159 2100 haec
1211 2047 1354 2100 dicta
1411 2055 1596 2106 sunto,
1651 2047 1692 2098 si
1739 2045 1864 2115 quis
1909 2045 2131 2098 omnino

559 2139 803 2192 canitiem
831 2137 1056 2191 Mariam
1083 2139 1224 2207 apud
1247 2145 1538 2206 utrumque
1562 2138 1949 2206 evangelistam
1965 2135 2132 2191 Joan-

557 2241 679 2282 nem
707 2235 870 2298 atque
896 2227 1208 2282 Matthaaum
1237 2245 1356 2283 esse
1388 2227 1704 2282 contendat.

621 2410 676 2463 ιι.
724 2407 819 2462 Sin
869 2425 996 2462 vero
1035 2409 1368 2463 concedatur
1401 2423 1508 2461 non
1551 2405 1797 2461 eamdem
1833 2419 1974 2462 esse,
2029 2403 2124 2457 sed

553 2501 716 2556 aliam
761 2517 884 2570 qua:
931 2517 1054 2556 sero
1105 2500 1490 2562 Sabbatorum,
1536 2499 1735 2552 comite
1789 2497 1891 2549 alia
1935 2495 2120 2560 Maria,

551 2591 703 2647 venit
731 2590 798 2646 ad
847 2598 1300 2656 monumentum;
1334 2591 1495 2642 aliam
1529 2603 1649 2657 qua:
1688 2587 1830 2655 apud
1858 2583 2119 2640 Joannem

552 2697 714 2737 mane
741 2697 846 2736 una
881 2681 1266 2743 Sabbatorum,
1295 2680 1422 2734 dum
1455 2679 1632 2732 adhuc
1658 2679 1894 2732 teuebra:
1912 2685 2120 2741 essent,

550 2774 668 2829 sola
697 2773 766 2826 ad
807 2773 948 2828 idem
981 2779 1395 2826 monumentum
1426 2771 1694 2832 accessit;
1735 2769 1915 2824 omnis
1947 2770 2119 2823 ambi—

549 2863 732 2932 guitas
786 2862 1162 2932 dissipabitur.
1210 2861 1480 2915 Nimirum
1539 2861 1774 2930 priores.
1829 2875 1948 2928 qua!
1995 2875 2118 2914 sero

550 2953 914 3008 Sabbatorum
963 2959 1248 3016 venerunt,
1293 2953 1516 3022 propter
1565 2965 1718 3004 suum
1771 2951 2114 3005 sedulitatem

548 3055 714 3116 atque
742 3046 1145 3108 credulitatem,
1171 3045 1358 3114 jussas
1401 3059 1522 3098 esse
1553 3059 1581 3098 ιι
1608 3043 1827 3098 Christo
1857 3042 2116 3113 gaudere,

547 3153 782 3208 extatque
825 3138 1159 3219 adoravisse,
1213 3137 1441 3205 ejusuue
1488 3137 1654 3206 pedes
1700 3145 1884 3191 tenere
1917 3136 2114 3207 dignas

549 3229 741 3285 fuisse.
774 3227 923 3283 Illam
946 3245 1076 3284 vero
1107 3229 1248 3298 apud
1271 3227 1534 3282 Joannem
1561 3226 1804 3294 Mariam,
1839 3227 2112 3282 diversam

547 3337 576 3371 ιι
619 3321 1020 3390 superioribus,
1071 3321 1271 3382 serius,
1325 3333 1483 3374 mane
1525 3319 1800 3386 videlicet,
1851 3336 2114 3390 superve-

547 3413 715 3468 uisse.
763 3411 1020 3466 Eamdem
1069 3413 1211 3466 hanc
1249 3429 1374 3468 esse
1409 3414 1550 3482 apud
1589 3412 1851 3476 Marcum,
1898 3414 1966 3467 de
2007 3428 2113 3482 qua

545 3515 750 3574 Septem
779 3504 1044 3558 daamouia
1077 3505 1250 3574 ejecta
1283 3504 1500 3559 fuerant
1529 3525 1540 3558 :
1569 3522 1796 3575 qumque
1823 3507 2114 3562 vehemen-

543 3597 628 3647 ter
658 3593 842 3648 animo
883 3595 1173 3666 perterrita
1215 3593 1400 3654 fuerit.
1445 3603 1499 3650 et
1536 3597 1700 3666 paulo
1733 3597 2110 3665 incredulior;

543 3683 774 3753 ideoque
815 3691 1090 3739 manserat
1117 3685 1188 3740 ibi
1243 3684 1398 3750 ﬂens,
1437 3694 1491 3741 et
1545 3686 1834 3758 suspicans
1874 3703 1942 3742 ne
1973 3688 2112 3743 forte

545 3771 856 3829 Servatoris
881 3789 1078 3844 corpus
1104 3774 1171 3829 de
1200 3777 1452 3845 sepulcro
1477 3775 1670 3832 fuisset
1697 3777 1994 3840 sublatum,
2028 3783 2112 3830 at-

541 3881 650 3935 que
673 3865 726 3919 in
760 3865 895 3920 alias
925 3875 1098 3920 terras
1133 3865 1410 3920 abactum.
1450 3866 1626 3937 Atque
1657 3867 1794 3923 adeo
1825 3868 2109 3937 perturba-

541 3967 634 4011 tus
661 3955 840 4010 l'uerat
877 3956 954 4009 illi
992 3958 1230 4024 animus,
1263 3967 1322 4012 ut
1351 3975 1418 4014 ne
1453 3961 1677 4030 angelos
1707 3959 1925 4030 quidem
1965 3960 2106 4014 intra

541 4047 850 4116 sepulcrum
923 4051 1070 4105 visos
1127 4065 1454 4121 magnopere
1517 4052 1868 4121 suspexerit,
1932 4067 2106 4122 neque

539 4137 716 4205 ipsum
761 4138 937 4194 oculis
987 4140 1226 4194 oblatum
1275 4139 1616 4196 Servatorem
1662 4142 1964 4212 agnoverit,
2010 4141 2106 4197 sed

537 4228 722 4300 potius
753 4229 1100 4286 hortulanum
1127 4249 1249 4288 esse
1272 4235 1560 4304 putaverit.

1269 4347 1361 4401 ιν.

708 4459 782 4514 De
807 4461 1046 4528 sepulcro
1074 4471 1124 4514 et
1153 4461 1217 4514 de
1246 4461 1595 4531 repugnantia
1627 4473 1926 4530 apparente.

2238 1954 2363 2024 μίαν
2409 1954 2696 2007 Σαδὸάτων
2715 1969 2730 1984 ο
2773 1949 2842 2024 ἦν
2873 1953 2918 2004 δ’
2957 1946 3112 2016 οὗτος
3143 1951 3392 2020 δεύτερος
3423 1947 3506 2002 τοῦ
3539 1945 3660 2017 παρὰ
3681 1945 3736 2013 τῷ

2247 2048 2466 2119 Ἰωάννῃ
2487 2046 2874 2118 δεδηλωμένον.
2913 2046 3022 2099 Καὶ
3043 2045 3214 2100 ταῦτα
3239 2045 3337 2114 μὲν
3361 2041 3601 2114 εἰρήσθω,
3620 2039 3734 2108 εῖπρ

2230 2156 2313 2202 τις
2343 2138 2402 2205 ἐξ
2434 2140 2671 2201 ἅπαντος
2703 2139 2802 2209 τὴν
2835 2138 3003 2208 αὐτὴν
3041 2133 3180 2190 εἶναι
3223 2136 3435 2208 Μαρίαν
3465 2133 3576 2203 παρ’
3601 2132 3732 2200 ἀμφο-

2227 2229 2406 2302 τέροις
2443 2233 2556 2292 τοῖς
2599 2229 3004 2298 εὑαγγελισταίς
3063 2230 3282 2300 Ἰωάννῃ
3321 2247 3379 2282 τε
3421 2229 3506 2282 καὶ
3532 2223 3734 2292 Maxenti?

2227 2323 2628 2395 διῖσχυρίζοιτο.
2739 2305 2744 2310 ’

2293 2417 2364 2470 δ’.
2402 2417 2464 2469 Et
2487 2417 2544 2474 δὲ
2569 2417 2946 2489 συγχωρηθείη
2975 2417 3034 2469 τὸ
3062 2417 3136 2488 μὴ
3169 2417 3268 2486 τὴν
3295 2416 3461 2485 αὐτὴν
3477 2409 3624 2474 εἶναι,
3647 2409 3734 2462 ἑτέ-

2225 2525 2326 2580 ραν
2366 2508 2422 2560 δὲ
2466 2509 2565 2580 τὴν
2603 2509 2700 2577 ὀψὲ
2731 2507 3024 2560 Σαϐϐάτων
3058 2507 3200 2560 κατὰ
3230 2507 3324 2560 τὸν
3355 2505 3603 2559 Ματθαῖον
3633 2498 3732 2572 μετὰ

2221 2599 2322 2668 τῆς
2341 2598 2506 2670 ἄλλης
2529 2598 2749 2670 Μαρίας
2773 2601 3158 2670 ἀπαντήσασαν
3175 2639 3190 2662 ,
3221 2599 3320 2652 καὶ
3343 2597 3500 2666 ἄλλην
3521 2595 3603 2665 τὴν
3623 2591 3736 2663 παρὰ

2220 2689 2296 2759 τῷ
2347 2689 2568 2764 Ἰωάννῃ
2613 2689 2757 2760 πρωῒ
2801 2693 2866 2761 τῇ
2901 2694 2996 2762 μιᾷ
3041 2691 3148 2743 τῶν
3182 2690 3490 2752 Σαδϐάτων,
3519 2687 3587 2740 ἑτι
3613 2683 3734 2754 οὔσης

2224 2778 2462 2842 σκοτίας,
2503 2779 2672 2849 μόνην
2697 2778 2955 2832 ἐλθοῦσαν
2999 2780 3090 2832 ἐπὶ
3121 2779 3180 2832 τὸ
3209 2779 3494 2850 μνημεῖον,
3523 2779 3644 2829 πᾶσα
3666 2775 3732 2826 λυ-

2219 2868 2335 2939 θείη
2364 2870 2428 2922 ἂν
2449 2870 2745 2940 ἀμφιϐολία
2762 2888 2775 2900 ·
2801 2871 2862 2924 τὸ
2889 2871 2988 2934 τὰς
3021 2872 3118 2942 μὲν
3143 2869 3368 2942 πρώτας
3390 2869 3482 2938 ὀψὲ
3502 2866 3732 2921 Σαϐϐάτων

2217 2962 2573 3032 ἀφικομένας,
2597 2962 2692 3016 ἅτε
2727 2962 3150 3035 σπουδαιοτέρας
3173 2964 3268 3016 καὶ
3289 2961 3592 3032 πιστοτέρας
3609 2959 3736 3028 ὑπαρ-

2217 3053 2308 3123 χού
2317 3071 2413 3118 σας
2427 3094 2442 3117 ,
2463 3055 2556 3109 καὶ
2573 3055 2636 3109 τὸ
2657 3057 2866 3128 χαίρειν
2887 3055 3037 3128 παρὰ
3059 3056 3149 3110 τοῦ
3174 3057 3424 3128 Σωτῆρος
3439 3052 3654 3114 ἀκοῦσαι,
3669 3049 3736 3102 καὶ

2216 3147 2609 3216 προσκυνῆσαι,
2631 3149 2864 3211 καὶτοὺς
2887 3149 3053 3212 πόδας
3069 3147 3232 3202 αὖτοῦ
3254 3147 3519 3219 κρατῆσαι
3533 3142 3736 3206 καταξιω-

2215 3237 2402 3306 θῆναι·
2428 3237 2524 3310 τὴν
2546 3239 2602 3292 δὲ
2623 3240 2772 3310 παρὰ
2799 3240 2876 3309 τῷ
2922 3241 3140 3312 Ἰωάννῃ
3169 3241 3390 3311 Μαρίαν
3412 3239 3585 3308 ἑτέραν
3611 3230 3732 3288 οὖσαν

2211 3330 2341 3400 παρ’
2365 3328 2577 3392 ὲκείνας
2599 3329 2814 3400 βράδιον
2839 3330 2936 3400 μὲν
2959 3329 3338 3400 ἀπηντηκέναι.
3355 3329 3448 3382 καὶ
3471 3323 3734 3398 aspici-tsi-

2209 3437 2310 3491 την
2332 3422 2376 3475 δ’
2405 3421 2573 3493 αὐτὴν
2591 3419 2728 3476 εἶναι
2751 3421 2890 3476 κατὰ
2909 3423 3001 3475 τὸν
3024 3422 3252 3492 Μάρκον
3269 3422 3364 3491 ἀφ’
3383 3417 3448 3493 ἧς
3477 3415 3735 3486 ἐκϐεϐλήκει

2213 3514 2352 3566 ἑπτὰ
2383 3514 2634 3584 δαιμόνια
2656 3532 2669 3544 ·
2691 3514 2896 3586 σφόδρα
2911 3515 2966 3567 δὲ
2985 3515 3084 3585 τὴν
3099 3512 3276 3583 ψυχὴν
3293 3510 3656 3584 τεθορυδῆσθαι
3670 3509 3737 3560 καὶ

2211 3605 2569 3677 ἀπιστοτέραν
2591 3601 2727 3658 εἶναι
2749 3605 2824 3668 ὡς
2847 3603 3090 3657 ἑστῶσαν
3109 3603 3316 3657 κλαίειν
3335 3643 3350 3667 ,
3376 3605 3466 3656 καὶ
3487 3593 3737 3666 ὑπολαμβά-

2211 3712 2322 3750 νειν
2351 3695 2697 3768 ὑφαιρεῖσθαι
2722 3697 2815 3750 τοῦ
2843 3714 2946 3767 μνη
2957 3695 3110 3767 μείου
3129 3695 3190 3748 τὸ
3215 3695 3386 3765 σῶμα
3405 3691 3494 3746 τοῦ
3519 3691 3735 3759 Σωτῆρος,

2214 3787 2310 3840 καὶ
2335 3789 2392 3840 ὲν
2427 3789 2588 3860 ἑτέρᾳ
2619 3788 3004 3859 μετενηνέχθαι
3028 3791 3096 3858 γῇ
3116 3806 3129 3819 ·
3169 3786 3313 3840 οὕτω
3345 3787 3402 3840 δὲ
3432 3779 3732 3853 συγκέχυτοή

2209 3880 2357 3952 ψυχὴ
2381 3879 2517 3952 αὐτῇ
2543 3920 2557 3943 ,
2593 3880 2669 3944 ὡς
2697 3881 2834 3950 μηδὲ
2867 3883 2991 3943 τοὺς
3011 3879 3102 3932 δύο
3121 3879 3390 3948 ἀγγέλους
3411 3878 3528 3940 τοὺς
3545 3876 3654 3928 είσω
3669 3869 3738 3924 τοῦ

2217 3974 2498 4043 μνήματος
2527 3971 2790 4041 ὀφθέντας
2823 3971 2959 4042 αὐτῇ
2992 3970 3432 4042 καταπλαγῆναι,
3460 3967 3581 4040 μηδὲ
3617 3960 3739 4017 αὑτὸν

2213 4064 2477 4136 γνωρίσαι
2495 4065 2727 4133 ὀφθέντα
2755 4065 2890 4136 αὐτῇ
2907 4065 2998 4118 τὸν
3021 4067 3247 4136 Σωτῆρα
3265 4106 3280 4130 ,
3307 4064 3521 4137 νομίσαι
3543 4061 3594 4114 δὲ
3617 4053 3741 4111 αὐτὸν

2218 4151 2359 4209 εἶναι
2385 4156 2475 4209 τὸν
2501 4155 2776 4226 κηπουρὸν
2803 4156 3036 4227 (56·57).
3599 4193 3626 4222 ο

2953 4357 3036 4408 Δ’.

2263 4465 2402 4533 Περὶ
2432 4464 2539 4518 τοῦ
2572 4463 2762 4533 τάφου
2791 4464 2888 4516 καὶ
2921 4464 3032 4532 τῆς
3059 4466 3362 4533 δοκούσης
3395 4463 3702 4534 διαφωνίας.

607 4573 894 4642 Quomodo
927 4576 1070 4646 apud
1121 4576 1429 4632 Matthazum
1479 4577 1646 4631 Maria
1685 4576 1996 4646 Magdalena
2027 4577 2104 4632 si-

2279 4579 2404 4642 Πῶς
2437 4578 2588 4648 παρὰ
2617 4577 2694 4650 τῷ
2717 4579 2980 4650 Ματθαίῳ
3011 4579 3043 4650 ή
3073 4579 3408 4652 Μαγδαληνὴ
3439 4579 3614 4650 Μαρία
3633 4573 3740 4648 μετὰ

533 4668 648 4722 mut
681 4683 806 4721 cum
841 4669 1011 4724 altera
1045 4667 1216 4722 Maria
1246 4677 1400 4724 extra
1443 4676 1860 4723 monumentum
1902 4668 2102 4723 viderit

531 4775 700 4814 unum
747 4761 998 4830 angelum
1044 4761 1370 4818 insidentem
1421 4759 1585 4831 lapidi
1635 4761 1994 4814 monumenti.
2033 4758 2100 4812 Et

528 4853 826 4922 quomodo,
885 4855 1187 4910 secundum
1231 4853 1520 4918 Joannem,
1574 4854 1718 4908 intra
1774 4868 2100 4908 monumen-

529 4954 646 5007 tum
679 4945 902 5016 angelos
941 4945 1080 5000 duos
1119 4945 1450 5016 spectaverit
1482 4943 1734 5000 sedentes
1777 4941 1946 4998 Maria
1985 4942 2099 4998 Ma-

529 5039 780 5110 gdalena,
818 5039 1120 5095 secundum
1162 5045 1342 5093 autem
1375 5037 1601 5102 Lucam,
1636 5036 1746 5091 duo
1771 5036 1874 5094 viri
1905 5037 2096 5092 astite-

523 5132 638 5186 rint
663 5131 1010 5189 mulieribus.
1038 5131 1284 5204 Denique
1327 5129 1632 5188 secundum
1675 5129 1916 5184 Marcum
1940 5131 2098 5200 juve-

523 5225 613 5280 nis
647 5223 706 5278 in
740 5223 936 5280 dextro
967 5225 1214 5280 residens
1251 5223 1594 5278 monumenti
1643 5221 1814 5278 latere
1847 5223 1998 5278 visus
2026 5225 2096 5276 sit

523 5315 708 5372 Mariae
740 5316 1072 5388 Magdalenze
1098 5329 1154 5374 et
1183 5317 1366 5373 Maria
1397 5317 1588 5373 Jacobi
1621 5324 1676 5374 et
1710 5315 1959 5372 Salomaa.

593 5409 644 5464 1.
689 5408 880 5464 Priora
929 5419 1058 5466 sunt
1087 5427 1208 5482 quae
1251 5421 1440 5467 narrat
1489 5411 1810 5466 Matthaeus:
1845 5426 2014 5482 quare
2041 5421 2093 5467 et

521 5495 642 5552 duae
673 5495 858 5552 Maria:
883 5499 1138 5554 viderunt
1162 5503 1411 5572 angelum
1443 5501 1535 5572 qui
1565 5517 1736 5572 nuper
1771 5503 1898 5556 illuc
1926 5517 2091 5556 vene.

519 5594 606 5640 rat
661 5588 1004 5660 lapidemque
1059 5593 1380 5646 revelverat.
1437 5593 1754 5662 Sequuntur
1808 5593 1898 5648 illa
1944 5593 2084 5661 apud

2209 4670 2308 4740 τῆς
2333 4671 2500 4742 ἄλλης
2523 4671 2738 4744 Μαρίας
2757 4671 2862 4735 ἔξω
2883 4669 2977 4724 τοῦ
3007 4673 3287 4742 μνήματος
3313 4671 3550 4744 ἑώρακεν
3571 4671 3649 4722 τὸν
3667 4667 3740 4717 ἕνα

2207 4762 2436 4830 ἄγγελον
2457 4762 2855 4834 ἐπικαθήμενον
2873 4762 2950 4834 τῷ
2965 4761 3098 4834 λίθῳ
3115 4761 3208 4814 τοῦ
3229 4763 3504 4836 μνήματος
3518 4781 3530 4792 ο
3549 4761 3631 4814 καὶ

2211 4854 2350 4908 κατὰ
2375 4854 2464 4907 τὸν
2510 4854 2760 4926 Ἰωάννην
2797 4854 2926 4907 εἴσω
2965 4851 3058 4906 τοῦ
3091 4855 3368 4926 μνήματος
3403 4852 3646 4922 ἀγγέλους
3667 4846 3739 4901 δύο

2207 4946 2401 5017 θεωρεί
2428 4946 2819 5017 καθημένουςή
2849 4944 3178 5018 Μαγδαληνὴ
3199 4948 3415 5018 Μαρία·
3442 4943 3576 5000 κατὰ
3601 4943 3649 4995 δὲ
3669 4940 3736 4992 τὸν

2205 5040 2417 5092 Λουκᾶν
2445 5038 2538 5092 δύο
2561 5039 2748 5111 ἄνδρες
2773 5039 3078 5112 ἐπέστησαν
3107 5042 3226 5103 ταῖς
3255 5038 3496 5108 γυναιξίν
3513 5057 3525 5068 ·
3553 5033 3677 5090 κατὰ
3694 5031 3736 5084 δὲ

2204 5130 2292 5184 τὸν
2317 5132 2540 5202 Μάρκον
2571 5131 2852 5194 νεανίσκος
2873 5126 2942 5202 ἦν
2975 5133 3164 5195 αὑταῖς
3189 5135 3218 5186 ὁ
3237 5131 3508 5204 ὁρώμενος
3531 5127 3734 5197 καθήμε-

2203 5240 2292 5284 νος
2313 5224 2369 5274 ὲν
2396 5225 2505 5286 τοῖς
2531 5222 2720 5287 δεξιοῖς
2741 5223 2836 5276 τοῦ
2861 5225 3124 5295 μνημείου
3153 5227 3217 5295 τῇ
3240 5223 3564 5292 Μαγδαληνῇ
3583 5213 3734 5286 Μαρίᾳ
3819 5205 3822 5212 ’

2205 5317 2297 5368 καὶ
2329 5317 2516 5388 Μαρίᾳ
2554 5315 2811 5387 Ἰακώβου
2841 5319 2933 5370 καὶ
2962 5316 3215 5390 Σαλώμῃ.

2272 5415 2352 5464 α’.
2392 5407 2472 5460 Τά
2515 5407 2616 5478 μὲν
2648 5405 2800 5478 παρὰ
2829 5405 2905 5476 τῷ
2935 5405 3195 5475 Ματθαίῳ
3228 5401 3610 5476 προηγοῦνταγ
3635 5395 3732 5450 ὅθεν

2203 5501 2295 5552 καὶ
2328 5501 2383 5554 αἱ
2417 5499 2510 5552 δύο
2543 5499 2749 5570 Μαρίαι
2799 5497 2924 5570 ἄρτι
2968 5497 3060 5550 τὸν
3091 5496 3320 5565 ἄγγελον
3349 5493 3634 5551 ἐπιστάντα
3657 5483 3730 5539 καὶ

2195 5594 2286 5645 τὸν
2333 5591 2476 5644 λίθον
2520 5593 2923 5646 ἀποκυλίσαντα
2955 5591 3277 5645 ἐθεάσαντο·
3324 5591 3388 5642 τὰ
3425 5587 3480 5641 δὲ
3511 5579 3647 5652 παρὰ
3669 5575 3728 5642 πῖ)

589 5743 1208 5820 (ὂίὶ-δηηριιαιεῑίοιιρω
1241 5745 1490 5820 delitui-ia
1517 5745 1813 5820 ad‘Domini
1837 5745 1998 5816 pedes
2020 5748 2334 5816 procidente
2369 5747 2628 5804 cxscribit
2655 5747 2734 5802 vel
2762 5747 3002 5804 imitatur
3035 5747 3390 5818 Hieronymus
3416 5743 3567 5814 epist.
3591 5727 3722 5800 59.4:

528 5827 626 5867 nec
658 5829 770 5867 non
797 5813 1022 5868 l‘hotius
1055 5815 1212 5884 epist.
1245 5817 1363 5870 l57.
