  <div class='ocr_page' id='page_1' title='image "/cluster/home/n/w/nwhite01/storage/ocr_20150623/22/hvd.32044020605168/507.png"; bbox 0 0 3954 6542; ppageno 0'>
   <div class='ocr_carea' id='block_1_1' title="bbox 622 424 729 480">
    <p class='ocr_par' dir='ltr' id='par_1_1' title="bbox 622 424 729 480">
     <span class='ocr_line' id='line_1_1' title="bbox 622 424 729 480; baseline 0 -1"><span class='ocrx_word' id='word_1_1' title='bbox 622 424 729 480; x_wconf 75' lang='lat'><strong>955</strong></span> 
     </span>
    </p>
   </div>
   <div class='ocr_carea' id='block_1_2' title="bbox 1335 421 2166 480">
    <p class='ocr_par' dir='ltr' id='par_1_2' title="bbox 1335 421 2166 480">
     <span class='ocr_line' id='line_1_2' title="bbox 1335 421 2166 480; baseline -0.006 -2"><span class='ocrx_word' id='word_1_2' title='bbox 1335 421 1601 480; x_wconf 73' lang='lat' dir='ltr'><strong>EUSEBU</strong></span> <span class='ocrx_word' id='word_1_3' title='bbox 1635 421 2118 480; x_wconf 65' lang='lat' dir='ltr'><strong>CESABIENSIS</strong></span> <span class='ocrx_word' id='word_1_4' title='bbox 2154 423 2166 473; x_wconf 82' lang='lat' dir='ltr'><strong>l</strong></span> 
     </span>
    </p>
   </div>
   <div class='ocr_carea' id='block_1_3' title="bbox 2255 421 3240 480">
    <p class='ocr_par' dir='ltr' id='par_1_3' title="bbox 2255 421 3240 480">
     <span class='ocr_line' id='line_1_3' title="bbox 2255 421 3240 480; baseline 0.002 -3"><span class='ocrx_word' id='word_1_5' title='bbox 2255 422 2304 480; x_wconf 90' lang='lat' dir='ltr'><strong>P.</strong></span> <span class='ocrx_word' id='word_1_6' title='bbox 2347 423 2530 480; x_wconf 79' lang='lat' dir='ltr'><strong>PARS</strong></span> <span class='ocrx_word' id='word_1_7' title='bbox 2569 424 2652 480; x_wconf 87' lang='grc' dir='ltr'>ιιι.</span> <span class='ocrx_word' id='word_1_8' title='bbox 2685 455 2754 465; x_wconf 84' lang='grc'><strong>--</strong></span> <span class='ocrx_word' id='word_1_9' title='bbox 2791 422 3200 479; x_wconf 70' lang='grc' dir='ltr'><strong>ΕΧΕΟΕΤῙΟΑ.</strong></span> <span class='ocrx_word' id='word_1_10' title='bbox 3235 421 3240 429; x_wconf 86' lang='grc'><em>’</em></span> 
     </span>
    </p>
   </div>
   <div class='ocr_carea' id='block_1_4' title="bbox 3689 433 3836 500">
    <p class='ocr_par' dir='ltr' id='par_1_4' title="bbox 3689 433 3836 500">
     <span class='ocr_line' id='line_1_4' title="bbox 3689 433 3836 500; baseline 0 -14"><span class='ocrx_word' id='word_1_11' title='bbox 3689 433 3760 487; x_wconf 79' lang='lat'><strong>956</strong></span> <span class='ocrx_word' id='word_1_12' title='bbox 3829 475 3836 500; x_wconf 73' lang='lat'><strong>,</strong></span> 
     </span>
    </p>
   </div>
   <div class='ocr_carea' id='block_1_5' title="bbox 621 541 2166 616">
    <p class='ocr_par' dir='ltr' id='par_1_5' title="bbox 621 544 2166 616">
     <span class='ocr_line' id='line_1_5' title="bbox 621 544 2166 616; baseline -0.002 -15"><span class='ocrx_word' id='word_1_13' title='bbox 621 545 759 608; x_wconf 78' lang='lat' dir='ltr'><strong>Sole,</strong></span> <span class='ocrx_word' id='word_1_14' title='bbox 796 561 826 600; x_wconf 91' lang='lat' dir='ltr'><strong>a</strong></span> <span class='ocrx_word' id='word_1_15' title='bbox 853 546 1056 615; x_wconf 82' lang='lat' dir='ltr'><strong>juvene</strong></span> <span class='ocrx_word' id='word_1_16' title='bbox 1079 545 1261 602; x_wconf 90' lang='lat' dir='ltr'><strong>oblato</strong></span> <span class='ocrx_word' id='word_1_17' title='bbox 1289 545 1611 601; x_wconf 82' lang='lat' dir='ltr'><strong>mulieribus</strong></span> <span class='ocrx_word' id='word_1_18' title='bbox 1646 544 1830 602; x_wconf 82' lang='lat' dir='ltr'><strong>Mariae</strong></span> <span class='ocrx_word' id='word_1_19' title='bbox 1863 545 2166 616; x_wconf 79' lang='lat' dir='ltr'><strong>Magdalena</strong></span> 
     </span>
    </p>
   </div>
   <div class='ocr_carea' id='block_1_6' title="bbox 2255 541 3759 616">
    <p class='ocr_par' dir='ltr' id='par_1_6' title="bbox 2255 541 3759 616">
     <span class='ocr_line' id='line_1_6' title="bbox 2255 541 3759 616; baseline -0.005 -17"><span class='ocrx_word' id='word_1_20' title='bbox 2255 556 2272 604; x_wconf 58' lang='grc' dir='ltr'><strong>ι</strong></span> <span class='ocrx_word' id='word_1_21' title='bbox 2295 545 2574 609; x_wconf 78' lang='grc' dir='ltr'>νεανίσκος</span> <span class='ocrx_word' id='word_1_22' title='bbox 2592 547 2620 598; x_wconf 77' lang='grc' dir='ltr'>ὁ</span> <span class='ocrx_word' id='word_1_23' title='bbox 2643 543 2826 613; x_wconf 71' lang='grc' dir='ltr'>ὀφθεὶς</span> <span class='ocrx_word' id='word_1_24' title='bbox 2847 548 2968 607; x_wconf 87' lang='grc' dir='ltr'>ταῖς</span> <span class='ocrx_word' id='word_1_25' title='bbox 2989 541 3233 612; x_wconf 74' lang='grc' dir='ltr'>γυναιξὶν</span> <span class='ocrx_word' id='word_1_26' title='bbox 3253 545 3316 614; x_wconf 81' lang='grc' dir='ltr'>τῇ</span> <span class='ocrx_word' id='word_1_27' title='bbox 3336 543 3505 615; x_wconf 69' lang='grc' dir='ltr'>Μαρίᾳ</span> <span class='ocrx_word' id='word_1_28' title='bbox 3524 548 3579 616; x_wconf 78' lang='grc' dir='ltr'>τῇ</span> <span class='ocrx_word' id='word_1_29' title='bbox 3602 547 3759 616; x_wconf 69' lang='grc' dir='ltr'><strong>Μαγδα.</strong></span> 
     </span>
    </p>
   </div>
   <div class='ocr_carea' id='block_1_7' title="bbox 621 635 2192 709">
    <p class='ocr_par' dir='ltr' id='par_1_7' title="bbox 621 635 2192 709">
     <span class='ocr_line' id='line_1_7' title="bbox 621 635 2192 709; baseline 0.001 -19"><span class='ocrx_word' id='word_1_30' title='bbox 621 645 676 690; x_wconf 89' lang='lat' dir='ltr'><strong>et</strong></span> <span class='ocrx_word' id='word_1_31' title='bbox 713 635 896 691; x_wconf 72' lang='lat' dir='ltr'><strong>Marize</strong></span> <span class='ocrx_word' id='word_1_32' title='bbox 925 635 1114 692; x_wconf 84' lang='lat' dir='ltr'><strong>Jacobi</strong></span> <span class='ocrx_word' id='word_1_33' title='bbox 1159 648 1213 693; x_wconf 90' lang='lat' dir='ltr'><strong>et</strong></span> <span class='ocrx_word' id='word_1_34' title='bbox 1252 637 1504 703; x_wconf 67' lang='lat' dir='ltr'><strong>Salomae,</strong></span> <span class='ocrx_word' id='word_1_35' title='bbox 1536 653 1658 709; x_wconf 66' lang='lat' dir='ltr'><strong>quae</strong></span> <span class='ocrx_word' id='word_1_36' title='bbox 1696 654 1821 693; x_wconf 93' lang='lat' dir='ltr'><strong>cum</strong></span> <span class='ocrx_word' id='word_1_37' title='bbox 1858 638 2192 694; x_wconf 90' lang='lat' dir='ltr'><strong>aromatibus</strong></span> 
     </span>
    </p>
   </div>
   <div class='ocr_carea' id='block_1_8' title="bbox 619 729 2196 810">
    <p class='ocr_par' dir='ltr' id='par_1_8' title="bbox 619 729 2196 810">
     <span class='ocr_line' id='line_1_8' title="bbox 619 729 2196 810; baseline 0.006 -32"><span class='ocrx_word' id='word_1_38' title='bbox 619 735 904 794; x_wconf 72' lang='lat' dir='ltr'><strong>venerant,</strong></span> <span class='ocrx_word' id='word_1_39' title='bbox 955 729 1040 784; x_wconf 83' lang='lat' dir='ltr'><strong>hae</strong></span> <span class='ocrx_word' id='word_1_40' title='bbox 1103 729 1236 800; x_wconf 58' lang='lat' dir='ltr'><strong>ipsa;</strong></span> <span class='ocrx_word' id='word_1_41' title='bbox 1293 733 1630 788; x_wconf 89' lang='lat' dir='ltr'><strong>audierunt:</strong></span> <span class='ocrx_word' id='word_1_42' title='bbox 1663 752 1681 785; x_wconf 77' lang='grc' dir='ltr'><strong>ι</strong></span> <span class='ocrx_word' id='word_1_43' title='bbox 1719 732 1900 788; x_wconf 82' lang='lat' dir='ltr'><strong>Nolite</strong></span> <span class='ocrx_word' id='word_1_44' title='bbox 1961 747 2196 810; x_wconf 82' lang='lat' dir='ltr'><strong>expave-</strong></span> 
     </span>
    </p>
   </div>
   <div class='ocr_carea' id='block_1_9' title="bbox 621 817 2187 892">
    <p class='ocr_par' dir='ltr' id='par_1_9' title="bbox 621 817 2187 892">
     <span class='ocr_line' id='line_1_9' title="bbox 621 817 2187 892; baseline 0.004 -20"><span class='ocrx_word' id='word_1_45' title='bbox 621 833 805 886; x_wconf 85' lang='lat' dir='ltr'><strong>scere;</strong></span> <span class='ocrx_word' id='word_1_46' title='bbox 850 817 1040 875; x_wconf 83' lang='lat' dir='ltr'><strong>Jesum</strong></span> <span class='ocrx_word' id='word_1_47' title='bbox 1094 824 1343 892; x_wconf 64' lang='lat' dir='ltr'><strong>quaeritis</strong></span> <span class='ocrx_word' id='word_1_48' title='bbox 1399 825 1740 882; x_wconf 87' lang='lat' dir='ltr'><strong>Nazarenum</strong></span> <span class='ocrx_word' id='word_1_49' title='bbox 1793 826 2136 882; x_wconf 82' lang='lat' dir='ltr'><strong>cruciﬁxum.</strong></span> <span class='ocrx_word' id='word_1_50' title='bbox 2168 846 2187 878; x_wconf 73' lang='grc' dir='ltr'><strong>ι</strong></span> 
     </span>
    </p>
   </div>
   <div class='ocr_carea' id='block_1_10' title="bbox 536 908 2193 990">
    <p class='ocr_par' dir='ltr' id='par_1_10' title="bbox 536 908 2193 990">
     <span class='ocr_line' id='line_1_10' title="bbox 536 908 2193 990; baseline 0.007 -28"><span class='ocrx_word' id='word_1_51' title='bbox 536 981 541 987; x_wconf 26' lang='lat'><em>.</em></span> <span class='ocrx_word' id='word_1_52' title='bbox 620 908 780 965; x_wconf 84' lang='lat' dir='ltr'><strong>Medii</strong></span> <span class='ocrx_word' id='word_1_53' title='bbox 811 921 992 967; x_wconf 90' lang='lat' dir='ltr'><strong>autem</strong></span> <span class='ocrx_word' id='word_1_54' title='bbox 1028 923 1158 969; x_wconf 90' lang='lat' dir='ltr'><strong>sunt</strong></span> <span class='ocrx_word' id='word_1_55' title='bbox 1187 917 1364 987; x_wconf 83' lang='lat' dir='ltr'><strong>angeli</strong></span> <span class='ocrx_word' id='word_1_56' title='bbox 1396 917 1496 984; x_wconf 90' lang='lat' dir='ltr'><strong>illi,</strong></span> <span class='ocrx_word' id='word_1_57' title='bbox 1537 919 1630 990; x_wconf 88' lang='lat' dir='ltr'><strong>qui</strong></span> <span class='ocrx_word' id='word_1_58' title='bbox 1666 919 1808 990; x_wconf 89' lang='lat' dir='ltr'><strong>apud</strong></span> <span class='ocrx_word' id='word_1_59' title='bbox 1839 919 2105 975; x_wconf 85' lang='lat' dir='ltr'><strong>Joannem</strong></span> <span class='ocrx_word' id='word_1_60' title='bbox 2140 928 2193 975; x_wconf 90' lang='lat' dir='ltr'><strong>et</strong></span> 
     </span>
    </p>
   </div>
   <div class='ocr_carea' id='block_1_11' title="bbox 617 1001 2193 1082">
    <p class='ocr_par' dir='ltr' id='par_1_11' title="bbox 617 1001 2193 1082">
     <span class='ocr_line' id='line_1_11' title="bbox 617 1001 2193 1082; baseline 0.007 -27"><span class='ocrx_word' id='word_1_61' title='bbox 617 1001 823 1057; x_wconf 88' lang='lat' dir='ltr'><strong>Lucam</strong></span> <span class='ocrx_word' id='word_1_62' title='bbox 857 1013 1119 1075; x_wconf 82' lang='lat' dir='ltr'><strong>apparent</strong></span> <span class='ocrx_word' id='word_1_63' title='bbox 1165 1023 1262 1076; x_wconf 90' lang='lat' dir='ltr'><strong>per</strong></span> <span class='ocrx_word' id='word_1_64' title='bbox 1300 1008 1587 1064; x_wconf 91' lang='lat' dir='ltr'><strong>intervalla</strong></span> <span class='ocrx_word' id='word_1_65' title='bbox 1622 1011 1962 1082; x_wconf 81' lang='lat' dir='ltr'><strong>singillatim.</strong></span> <span class='ocrx_word' id='word_1_66' title='bbox 2011 1010 2193 1082; x_wconf 86' lang='lat' dir='ltr'><strong>Appa-</strong></span> 
     </span>
    </p>
   </div>
   <div class='ocr_carea' id='block_1_12' title="bbox 617 1097 2190 1172">
    <p class='ocr_par' dir='ltr' id='par_1_12' title="bbox 617 1097 2190 1172">
     <span class='ocr_line' id='line_1_12' title="bbox 617 1097 2190 1172; baseline 0.005 -23"><span class='ocrx_word' id='word_1_67' title='bbox 617 1097 730 1151; x_wconf 87' lang='lat' dir='ltr'><strong>ruit</strong></span> <span class='ocrx_word' id='word_1_68' title='bbox 779 1097 926 1153; x_wconf 91' lang='lat' dir='ltr'><strong>enim</strong></span> <span class='ocrx_word' id='word_1_69' title='bbox 974 1114 1100 1154; x_wconf 86' lang='lat' dir='ltr'><strong>sero</strong></span> <span class='ocrx_word' id='word_1_70' title='bbox 1151 1097 1517 1155; x_wconf 88' lang='lat' dir='ltr'><strong>Sabbatorum</strong></span> <span class='ocrx_word' id='word_1_71' title='bbox 1564 1102 1791 1172; x_wconf 82' lang='lat' dir='ltr'><strong>angelus</strong></span> <span class='ocrx_word' id='word_1_72' title='bbox 1841 1117 1984 1156; x_wconf 87' lang='lat' dir='ltr'><strong>unus</strong></span> <span class='ocrx_word' id='word_1_73' title='bbox 2035 1111 2190 1157; x_wconf 82' lang='lat' dir='ltr'><strong>extra</strong></span> 
     </span>
    </p>
   </div>
   <div class='ocr_carea' id='block_1_13' title="bbox 616 1192 2192 1264">
    <p class='ocr_par' dir='ltr' id='par_1_13' title="bbox 616 1192 2192 1264">
     <span class='ocr_line' id='line_1_13' title="bbox 616 1192 2192 1264; baseline 0.006 -22"><span class='ocrx_word' id='word_1_74' title='bbox 616 1195 1064 1258; x_wconf 88' lang='lat' dir='ltr'><strong>monumentum;</strong></span> <span class='ocrx_word' id='word_1_75' title='bbox 1104 1201 1227 1262; x_wconf 89' lang='lat' dir='ltr'><strong>post</strong></span> <span class='ocrx_word' id='word_1_76' title='bbox 1260 1209 1421 1263; x_wconf 89' lang='lat' dir='ltr'><strong>quem</strong></span> <span class='ocrx_word' id='word_1_77' title='bbox 1454 1195 1571 1264; x_wconf 90' lang='lat' dir='ltr'><strong>ipse</strong></span> <span class='ocrx_word' id='word_1_78' title='bbox 1603 1192 1881 1249; x_wconf 89' lang='lat' dir='ltr'><strong>Servator.</strong></span> <span class='ocrx_word' id='word_1_79' title='bbox 1907 1193 2065 1249; x_wconf 83' lang='lat' dir='ltr'><strong>Mane</strong></span> <span class='ocrx_word' id='word_1_80' title='bbox 2099 1211 2192 1251; x_wconf 87' lang='lat' dir='ltr'><strong>au-</strong></span> 
     </span>
    </p>
   </div>
   <div class='ocr_carea' id='block_1_14' title="bbox 617 1281 2186 1359">
    <p class='ocr_par' dir='ltr' id='par_1_14' title="bbox 617 1281 2186 1359">
     <span class='ocr_line' id='line_1_14' title="bbox 617 1281 2186 1359; baseline 0.004 -24"><span class='ocrx_word' id='word_1_81' title='bbox 617 1289 726 1336; x_wconf 91' lang='lat' dir='ltr'><strong>tem</strong></span> <span class='ocrx_word' id='word_1_82' title='bbox 749 1282 861 1352; x_wconf 89' lang='lat' dir='ltr'><strong>jam</strong></span> <span class='ocrx_word' id='word_1_83' title='bbox 887 1281 1095 1349; x_wconf 89' lang='lat' dir='ltr'><strong>adulto,</strong></span> <span class='ocrx_word' id='word_1_84' title='bbox 1123 1283 1218 1339; x_wconf 86' lang='lat' dir='ltr'><strong>alii</strong></span> <span class='ocrx_word' id='word_1_85' title='bbox 1245 1285 1352 1341; x_wconf 93' lang='lat' dir='ltr'><strong>duo</strong></span> <span class='ocrx_word' id='word_1_86' title='bbox 1376 1286 1519 1356; x_wconf 89' lang='lat' dir='ltr'><strong>apud</strong></span> <span class='ocrx_word' id='word_1_87' title='bbox 1544 1286 1747 1342; x_wconf 90' lang='lat' dir='ltr'><strong>Lucam</strong></span> <span class='ocrx_word' id='word_1_88' title='bbox 1777 1288 1880 1342; x_wconf 91' lang='lat' dir='ltr'><strong>viri</strong></span> <span class='ocrx_word' id='word_1_89' title='bbox 1907 1289 2186 1359; x_wconf 86' lang='lat' dir='ltr'><strong>appellati,</strong></span> 
     </span>
    </p>
   </div>
   <div class='ocr_carea' id='block_1_15' title="bbox 612 1370 2188 1432">
    <p class='ocr_par' dir='ltr' id='par_1_15' title="bbox 612 1370 2188 1432">
     <span class='ocr_line' id='line_1_15' title="bbox 612 1370 2188 1432; baseline 0.005 -8"><span class='ocrx_word' id='word_1_90' title='bbox 612 1370 762 1425; x_wconf 79' lang='lat' dir='ltr'><strong>haud</strong></span> <span class='ocrx_word' id='word_1_91' title='bbox 792 1371 936 1426; x_wconf 91' lang='lat' dir='ltr'><strong>intra</strong></span> <span class='ocrx_word' id='word_1_92' title='bbox 981 1382 1398 1429; x_wconf 85' lang='lat' dir='ltr'><strong>monumentum</strong></span> <span class='ocrx_word' id='word_1_93' title='bbox 1439 1377 1566 1432; x_wconf 83' lang='lat' dir='ltr'><strong>visi.</strong></span> <span class='ocrx_word' id='word_1_94' title='bbox 1615 1375 1906 1432; x_wconf 87' lang='lat' dir='ltr'><strong>Extremus</strong></span> <span class='ocrx_word' id='word_1_95' title='bbox 1945 1379 2188 1432; x_wconf 92' lang='lat' dir='ltr'><strong>omnium</strong></span> 
     </span>
    </p>
   </div>
   <div class='ocr_carea' id='block_1_16' title="bbox 613 1462 2188 1534">
    <p class='ocr_par' dir='ltr' id='par_1_16' title="bbox 613 1462 2188 1534">
     <span class='ocr_line' id='line_1_16' title="bbox 613 1462 2188 1534; baseline 0.006 -18"><span class='ocrx_word' id='word_1_96' title='bbox 613 1462 705 1518; x_wconf 90' lang='lat' dir='ltr'><strong>ille</strong></span> <span class='ocrx_word' id='word_1_97' title='bbox 736 1463 998 1533; x_wconf 85' lang='lat' dir='ltr'><strong>juvenis;</strong></span> <span class='ocrx_word' id='word_1_98' title='bbox 1030 1474 1084 1521; x_wconf 88' lang='lat' dir='ltr'><strong>et</strong></span> <span class='ocrx_word' id='word_1_99' title='bbox 1124 1475 1250 1523; x_wconf 89' lang='lat' dir='ltr'><strong>ante</strong></span> <span class='ocrx_word' id='word_1_100' title='bbox 1293 1467 1460 1534; x_wconf 87' lang='lat' dir='ltr'><strong>hunc,</strong></span> <span class='ocrx_word' id='word_1_101' title='bbox 1509 1484 1610 1525; x_wconf 90' lang='lat' dir='ltr'><strong>nec</strong></span> <span class='ocrx_word' id='word_1_102' title='bbox 1652 1487 1764 1524; x_wconf 92' lang='lat' dir='ltr'><strong>non</strong></span> <span class='ocrx_word' id='word_1_103' title='bbox 1807 1479 1934 1525; x_wconf 86' lang='lat' dir='ltr'><strong>ante</strong></span> <span class='ocrx_word' id='word_1_104' title='bbox 1974 1471 2125 1529; x_wconf 88' lang='lat' dir='ltr'><strong>viros</strong></span> <span class='ocrx_word' id='word_1_105' title='bbox 2156 1487 2188 1526; x_wconf 90' lang='lat' dir='ltr'><strong>a</strong></span> 
     </span>
    </p>
   </div>
   <div class='ocr_carea' id='block_1_17' title="bbox 613 1553 2044 1624">
    <p class='ocr_par' dir='ltr' id='par_1_17' title="bbox 613 1553 2044 1624">
     <span class='ocr_line' id='line_1_17' title="bbox 613 1553 2044 1624; baseline 0.007 -16"><span class='ocrx_word' id='word_1_106' title='bbox 613 1553 762 1609; x_wconf 84' lang='lat' dir='ltr'><strong>Luca</strong></span> <span class='ocrx_word' id='word_1_107' title='bbox 795 1565 1152 1624; x_wconf 90' lang='lat' dir='ltr'><strong>memoratos,</strong></span> <span class='ocrx_word' id='word_1_108' title='bbox 1189 1561 1298 1615; x_wconf 92' lang='lat' dir='ltr'><strong>duo</strong></span> <span class='ocrx_word' id='word_1_109' title='bbox 1324 1560 1403 1614; x_wconf 91' lang='lat' dir='ltr'><strong>illi</strong></span> <span class='ocrx_word' id='word_1_110' title='bbox 1433 1562 1579 1616; x_wconf 91' lang='lat' dir='ltr'><strong>intra</strong></span> <span class='ocrx_word' id='word_1_111' title='bbox 1604 1571 2044 1619; x_wconf 86' lang='lat' dir='ltr'><strong>monumentum.</strong></span> 
     </span>
    </p>
   </div>
   <div class='ocr_carea' id='block_1_18' title="bbox 684 1642 2186 1724">
    <p class='ocr_par' dir='ltr' id='par_1_18' title="bbox 684 1642 2186 1724">
     <span class='ocr_line' id='line_1_18' title="bbox 684 1642 2186 1724; baseline 0.007 -26"><span class='ocrx_word' id='word_1_112' title='bbox 684 1644 738 1698; x_wconf 77' lang='lat'><strong>3.</strong></span> <span class='ocrx_word' id='word_1_113' title='bbox 779 1642 958 1700; x_wconf 90' lang='lat' dir='ltr'><strong>Lucas</strong></span> <span class='ocrx_word' id='word_1_114' title='bbox 1005 1647 1081 1701; x_wconf 88' lang='lat' dir='ltr'><strong>ait</strong></span> <span class='ocrx_word' id='word_1_115' title='bbox 1132 1665 1242 1703; x_wconf 92' lang='lat' dir='ltr'><strong>una</strong></span> <span class='ocrx_word' id='word_1_116' title='bbox 1285 1648 1651 1706; x_wconf 89' lang='lat' dir='ltr'><strong>Sabbatorum</strong></span> <span class='ocrx_word' id='word_1_117' title='bbox 1700 1667 1858 1707; x_wconf 88' lang='lat' dir='ltr'><strong>mane</strong></span> <span class='ocrx_word' id='word_1_118' title='bbox 1896 1652 2186 1724; x_wconf 88' lang='lat' dir='ltr'><strong>perspicuo</strong></span> 
     </span>
    </p>
   </div>
   <div class='ocr_carea' id='block_1_19' title="bbox 614 1731 2186 1810">
    <p class='ocr_par' dir='ltr' id='par_1_19' title="bbox 614 1731 2186 1810">
     <span class='ocr_line' id='line_1_19' title="bbox 614 1731 2186 1810; baseline 0.008 -26"><span class='ocrx_word' id='word_1_119' title='bbox 614 1731 808 1788; x_wconf 89' lang='lat' dir='ltr'><strong>tulisse</strong></span> <span class='ocrx_word' id='word_1_120' title='bbox 840 1743 1087 1789; x_wconf 88' lang='lat' dir='ltr'><strong>aromata</strong></span> <span class='ocrx_word' id='word_1_121' title='bbox 1111 1737 1366 1794; x_wconf 88' lang='lat' dir='ltr'><strong>mulieres</strong></span> <span class='ocrx_word' id='word_1_122' title='bbox 1395 1738 1554 1808; x_wconf 87' lang='lat' dir='ltr'><strong>duas,</strong></span> <span class='ocrx_word' id='word_1_123' title='bbox 1595 1755 1715 1810; x_wconf 71' lang='lat' dir='ltr'><strong>quae</strong></span> <span class='ocrx_word' id='word_1_124' title='bbox 1741 1749 1943 1796; x_wconf 69' lang='lat' dir='ltr'><strong>secuta:</strong></span> <span class='ocrx_word' id='word_1_125' title='bbox 1973 1742 2186 1798; x_wconf 82' lang='lat' dir='ltr'><strong>fuerant</strong></span> 
     </span>
    </p>
   </div>
   <div class='ocr_carea' id='block_1_20' title="bbox 611 1819 2181 1902">
    <p class='ocr_par' dir='ltr' id='par_1_20' title="bbox 611 1819 2181 1902">
     <span class='ocr_line' id='line_1_20' title="bbox 611 1819 2181 1902; baseline 0.009 -27"><span class='ocrx_word' id='word_1_126' title='bbox 611 1819 818 1886; x_wconf 73' lang='lat' dir='ltr'><strong>.lesum,</strong></span> <span class='ocrx_word' id='word_1_127' title='bbox 859 1823 1078 1880; x_wconf 63' lang='lat' dir='ltr'><strong>Galilaaa</strong></span> <span class='ocrx_word' id='word_1_128' title='bbox 1109 1827 1394 1895; x_wconf 88' lang='lat' dir='ltr'><strong>oriundas,</strong></span> <span class='ocrx_word' id='word_1_129' title='bbox 1425 1845 1655 1899; x_wconf 61' lang='lat' dir='ltr'><strong>quaeque</strong></span> <span class='ocrx_word' id='word_1_130' title='bbox 1683 1830 2023 1886; x_wconf 84' lang='lat' dir='ltr'><strong>deduxerant</strong></span> <span class='ocrx_word' id='word_1_131' title='bbox 2060 1833 2181 1902; x_wconf 86' lang='lat' dir='ltr'><strong>ejus</strong></span> 
     </span>
    </p>
   </div>
   <div class='ocr_carea' id='block_1_21' title="bbox 611 1910 2182 1992">
    <p class='ocr_par' dir='ltr' id='par_1_21' title="bbox 611 1910 2182 1992">
     <span class='ocr_line' id='line_1_21' title="bbox 611 1910 2182 1992; baseline 0.008 -28"><span class='ocrx_word' id='word_1_132' title='bbox 611 1910 775 1966; x_wconf 78' lang='lat' dir='ltr'><strong>funus</strong></span> <span class='ocrx_word' id='word_1_133' title='bbox 799 1920 852 1967; x_wconf 92' lang='lat' dir='ltr'><strong>et</strong></span> <span class='ocrx_word' id='word_1_134' title='bbox 876 1923 1137 1969; x_wconf 90' lang='lat' dir='ltr'><strong>venerant</strong></span> <span class='ocrx_word' id='word_1_135' title='bbox 1161 1915 1225 1968; x_wconf 89' lang='lat' dir='ltr'><strong>ad</strong></span> <span class='ocrx_word' id='word_1_136' title='bbox 1270 1925 1702 1984; x_wconf 81' lang='lat' dir='ltr'><strong>monumentum.</strong></span> <span class='ocrx_word' id='word_1_137' title='bbox 1734 1917 1828 1973; x_wconf 72' lang='lat' dir='ltr'><strong>Hae</strong></span> <span class='ocrx_word' id='word_1_138' title='bbox 1857 1919 1995 1975; x_wconf 88' lang='lat' dir='ltr'><strong>duos</strong></span> <span class='ocrx_word' id='word_1_139' title='bbox 2024 1935 2182 1992; x_wconf 86' lang='lat' dir='ltr'><strong>ange-</strong></span> 
     </span>
    </p>
   </div>
   <div class='ocr_carea' id='block_1_22' title="bbox 609 1999 2178 2078">
    <p class='ocr_par' dir='ltr' id='par_1_22' title="bbox 609 1999 2178 2078">
     <span class='ocr_line' id='line_1_22' title="bbox 609 1999 2178 2078; baseline 0.008 -24"><span class='ocrx_word' id='word_1_140' title='bbox 609 1999 694 2056; x_wconf 82' lang='lat' dir='ltr'><strong>los</strong></span> <span class='ocrx_word' id='word_1_141' title='bbox 724 2002 976 2057; x_wconf 89' lang='lat' dir='ltr'><strong>viderunt</strong></span> <span class='ocrx_word' id='word_1_142' title='bbox 1005 2006 1107 2060; x_wconf 90' lang='lat' dir='ltr'><strong>sibi</strong></span> <span class='ocrx_word' id='word_1_143' title='bbox 1129 2007 1373 2061; x_wconf 87' lang='lat' dir='ltr'><strong>dicentes</strong></span> <span class='ocrx_word' id='word_1_144' title='bbox 1400 2027 1413 2061; x_wconf 84' lang='lat'><strong>:</strong></span> <span class='ocrx_word' id='word_1_145' title='bbox 1447 2025 1464 2057; x_wconf 81' lang='grc' dir='ltr'><strong>ι</strong></span> <span class='ocrx_word' id='word_1_146' title='bbox 1499 2007 1612 2062; x_wconf 89' lang='lat' dir='ltr'><strong>Cur</strong></span> <span class='ocrx_word' id='word_1_147' title='bbox 1636 2010 1880 2078; x_wconf 59' lang='lat' dir='ltr'><strong>quaeritis</strong></span> <span class='ocrx_word' id='word_1_148' title='bbox 1909 2011 2178 2066; x_wconf 85' lang='lat' dir='ltr'><strong>viventem</strong></span> 
     </span>
    </p>
   </div>
   <div class='ocr_carea' id='block_1_23' title="bbox 613 2091 2180 2162">
    <p class='ocr_par' dir='ltr' id='par_1_23' title="bbox 613 2091 2180 2162">
     <span class='ocr_line' id='line_1_23' title="bbox 613 2091 2180 2162; baseline 0.008 -16"><span class='ocrx_word' id='word_1_149' title='bbox 613 2091 759 2147; x_wconf 77' lang='lat' dir='ltr'><strong>inter</strong></span> <span class='ocrx_word' id='word_1_150' title='bbox 794 2096 1081 2151; x_wconf 85' lang='lat' dir='ltr'><strong>mortuos?</strong></span> <span class='ocrx_word' id='word_1_151' title='bbox 1110 2112 1218 2151; x_wconf 93' lang='lat' dir='ltr'><strong>non</strong></span> <span class='ocrx_word' id='word_1_152' title='bbox 1265 2106 1347 2152; x_wconf 87' lang='lat' dir='ltr'><strong>est</strong></span> <span class='ocrx_word' id='word_1_153' title='bbox 1383 2098 1493 2162; x_wconf 90' lang='lat' dir='ltr'><strong>hic,</strong></span> <span class='ocrx_word' id='word_1_154' title='bbox 1527 2100 1622 2155; x_wconf 90' lang='lat' dir='ltr'><strong>sed</strong></span> <span class='ocrx_word' id='word_1_155' title='bbox 1679 2103 1938 2158; x_wconf 83' lang='lat' dir='ltr'><strong>surrexit.</strong></span> <span class='ocrx_word' id='word_1_156' title='bbox 1974 2101 2180 2159; x_wconf 83' lang='lat' dir='ltr'><strong>Recor-</strong></span> 
     </span>
    </p>
   </div>
   <div class='ocr_carea' id='block_1_24' title="bbox 606 2185 2174 2262">
    <p class='ocr_par' dir='ltr' id='par_1_24' title="bbox 606 2185 2174 2262">
     <span class='ocr_line' id='line_1_24' title="bbox 606 2185 2174 2262; baseline 0.008 -24"><span class='ocrx_word' id='word_1_157' title='bbox 606 2185 810 2240; x_wconf 88' lang='lat' dir='ltr'><strong>damini</strong></span> <span class='ocrx_word' id='word_1_158' title='bbox 851 2203 971 2256; x_wconf 74' lang='lat' dir='ltr'><strong>qua:</strong></span> <span class='ocrx_word' id='word_1_159' title='bbox 1000 2190 1156 2244; x_wconf 82' lang='lat' dir='ltr'><strong>vobis</strong></span> <span class='ocrx_word' id='word_1_160' title='bbox 1196 2190 1334 2244; x_wconf 78' lang='lat' dir='ltr'><strong>dixit</strong></span> <span class='ocrx_word' id='word_1_161' title='bbox 1368 2191 1496 2245; x_wconf 92' lang='lat' dir='ltr'><strong>dum</strong></span> <span class='ocrx_word' id='word_1_162' title='bbox 1527 2193 1808 2249; x_wconf 87' lang='lat' dir='ltr'><strong>vobiscum</strong></span> <span class='ocrx_word' id='word_1_163' title='bbox 1841 2203 2174 2262; x_wconf 81' lang='lat' dir='ltr'><strong>versaretur,</strong></span> 
     </span>
    </p>
   </div>
   <div class='ocr_carea' id='block_1_25' title="bbox 605 2278 2178 2360">
    <p class='ocr_par' dir='ltr' id='par_1_25' title="bbox 605 2278 2178 2360">
     <span class='ocr_line' id='line_1_25' title="bbox 605 2278 2178 2360; baseline 0.011 -33"><span class='ocrx_word' id='word_1_164' title='bbox 605 2278 750 2346; x_wconf 78' lang='lat' dir='ltr'><strong>quod</strong></span> <span class='ocrx_word' id='word_1_165' title='bbox 800 2295 995 2351; x_wconf 84' lang='lat' dir='ltr'><strong>nempe</strong></span> <span class='ocrx_word' id='word_1_166' title='bbox 1030 2290 1306 2352; x_wconf 88' lang='lat' dir='ltr'><strong>oporteret</strong></span> <span class='ocrx_word' id='word_1_167' title='bbox 1338 2283 1537 2339; x_wconf 91' lang='lat' dir='ltr'><strong>Filium</strong></span> <span class='ocrx_word' id='word_1_168' title='bbox 1590 2285 1829 2346; x_wconf 88' lang='lat' dir='ltr'><strong>hominis</strong></span> <span class='ocrx_word' id='word_1_169' title='bbox 1873 2290 2020 2360; x_wconf 89' lang='lat' dir='ltr'><strong>pati;</strong></span> <span class='ocrx_word' id='word_1_170' title='bbox 2055 2309 2074 2343; x_wconf 77' lang='grc' dir='ltr'><strong>ι</strong></span> <span class='ocrx_word' id='word_1_171' title='bbox 2123 2297 2178 2347; x_wconf 86' lang='lat' dir='ltr'><strong>et</strong></span> 
     </span>
    </p>
   </div>
   <div class='ocr_carea' id='block_1_26' title="bbox 605 2367 836 2439">
    <p class='ocr_par' dir='ltr' id='par_1_26' title="bbox 605 2367 836 2439">
     <span class='ocr_line' id='line_1_26' title="bbox 605 2367 836 2439; baseline 0.022 -18"><span class='ocrx_word' id='word_1_172' title='bbox 605 2367 836 2439; x_wconf 75' lang='lat' dir='ltr'><strong>reﬁqua.</strong></span> 
     </span>
    </p>
   </div>
   <div class='ocr_carea' id='block_1_27' title="bbox 675 2457 2175 2540">
    <p class='ocr_par' dir='ltr' id='par_1_27' title="bbox 675 2457 2175 2540">
     <span class='ocr_line' id='line_1_27' title="bbox 675 2457 2175 2540; baseline 0.007 -28"><span class='ocrx_word' id='word_1_173' title='bbox 675 2457 728 2513; x_wconf 72' lang='grc'><strong>4.</strong></span> <span class='ocrx_word' id='word_1_174' title='bbox 769 2458 1006 2517; x_wconf 87' lang='lat' dir='ltr'><strong>Joannes</strong></span> <span class='ocrx_word' id='word_1_175' title='bbox 1035 2463 1111 2516; x_wconf 89' lang='lat' dir='ltr'><strong>ait</strong></span> <span class='ocrx_word' id='word_1_176' title='bbox 1154 2478 1261 2517; x_wconf 93' lang='lat' dir='ltr'><strong>una</strong></span> <span class='ocrx_word' id='word_1_177' title='bbox 1300 2461 1664 2520; x_wconf 89' lang='lat' dir='ltr'><strong>Sabbatorum</strong></span> <span class='ocrx_word' id='word_1_178' title='bbox 1693 2466 1914 2522; x_wconf 84' lang='lat' dir='ltr'><strong>Mariam</strong></span> <span class='ocrx_word' id='word_1_179' title='bbox 1956 2467 2175 2540; x_wconf 82' lang='lat' dir='ltr'><strong>Magda-</strong></span> 
     </span>
    </p>
   </div>
   <div class='ocr_carea' id='block_1_28' title="bbox 603 2548 2175 2617">
    <p class='ocr_par' dir='ltr' id='par_1_28' title="bbox 603 2548 2175 2617">
     <span class='ocr_line' id='line_1_28' title="bbox 603 2548 2175 2617; baseline 0.009 -15"><span class='ocrx_word' id='word_1_180' title='bbox 603 2548 781 2603; x_wconf 90' lang='lat' dir='ltr'><strong>lenam</strong></span> <span class='ocrx_word' id='word_1_181' title='bbox 807 2552 975 2606; x_wconf 87' lang='lat' dir='ltr'><strong>solam</strong></span> <span class='ocrx_word' id='word_1_182' title='bbox 1001 2555 1304 2610; x_wconf 87' lang='lat' dir='ltr'><strong>accessisse</strong></span> <span class='ocrx_word' id='word_1_183' title='bbox 1325 2555 1391 2610; x_wconf 91' lang='lat' dir='ltr'><strong>ad</strong></span> <span class='ocrx_word' id='word_1_184' title='bbox 1413 2566 1824 2613; x_wconf 85' lang='lat' dir='ltr'><strong>monumentum</strong></span> <span class='ocrx_word' id='word_1_185' title='bbox 1848 2575 1971 2614; x_wconf 92' lang='lat' dir='ltr'><strong>cum</strong></span> <span class='ocrx_word' id='word_1_186' title='bbox 1997 2561 2175 2617; x_wconf 89' lang='lat' dir='ltr'><strong>adhuc</strong></span> 
     </span>
    </p>
   </div>
   <div class='ocr_carea' id='block_1_29' title="bbox 603 2643 2173 2720">
    <p class='ocr_par' dir='ltr' id='par_1_29' title="bbox 603 2643 2173 2720">
     <span class='ocr_line' id='line_1_29' title="bbox 603 2643 2173 2720; baseline 0.01 -26"><span class='ocrx_word' id='word_1_187' title='bbox 603 2643 836 2696; x_wconf 65' lang='lat' dir='ltr'><strong>tenebraz</strong></span> <span class='ocrx_word' id='word_1_188' title='bbox 861 2654 1083 2712; x_wconf 90' lang='lat' dir='ltr'><strong>essent;</strong></span> <span class='ocrx_word' id='word_1_189' title='bbox 1120 2647 1328 2703; x_wconf 88' lang='lat' dir='ltr'><strong>vidisse</strong></span> <span class='ocrx_word' id='word_1_190' title='bbox 1352 2650 1585 2720; x_wconf 90' lang='lat' dir='ltr'><strong>lapidem</strong></span> <span class='ocrx_word' id='word_1_191' title='bbox 1618 2651 1929 2719; x_wconf 88' lang='lat' dir='ltr'><strong>sublatum;</strong></span> <span class='ocrx_word' id='word_1_192' title='bbox 1961 2654 2173 2709; x_wconf 90' lang='lat' dir='ltr'><strong>venisse</strong></span> 
     </span>
    </p>
   </div>
   <div class='ocr_carea' id='block_1_30' title="bbox 601 2729 2174 2811">
    <p class='ocr_par' dir='ltr' id='par_1_30' title="bbox 601 2729 2174 2811">
     <span class='ocr_line' id='line_1_30' title="bbox 601 2729 2174 2811; baseline 0.01 -26"><span class='ocrx_word' id='word_1_193' title='bbox 601 2729 672 2785; x_wconf 84' lang='lat' dir='ltr'><strong>ad</strong></span> <span class='ocrx_word' id='word_1_194' title='bbox 721 2731 996 2789; x_wconf 88' lang='lat' dir='ltr'><strong>Simonem</strong></span> <span class='ocrx_word' id='word_1_195' title='bbox 1042 2747 1205 2808; x_wconf 88' lang='lat' dir='ltr'><strong>atque</strong></span> <span class='ocrx_word' id='word_1_196' title='bbox 1229 2737 1513 2802; x_wconf 85' lang='lat' dir='ltr'><strong>Joannem,</strong></span> <span class='ocrx_word' id='word_1_197' title='bbox 1559 2743 1757 2811; x_wconf 89' lang='lat' dir='ltr'><strong>quibus</strong></span> <span class='ocrx_word' id='word_1_198' title='bbox 1805 2744 1922 2799; x_wconf 86' lang='lat' dir='ltr'><strong>ait:</strong></span> <span class='ocrx_word' id='word_1_199' title='bbox 1960 2762 1978 2795; x_wconf 85' lang='grc' dir='ltr'><strong>ι</strong></span> <span class='ocrx_word' id='word_1_200' title='bbox 2009 2743 2174 2800; x_wconf 86' lang='lat' dir='ltr'><strong>Tule—</strong></span> 
     </span>
    </p>
   </div>
   <div class='ocr_carea' id='block_1_31' title="bbox 601 2823 2172 2906">
    <p class='ocr_par' dir='ltr' id='par_1_31' title="bbox 601 2823 2172 2906">
     <span class='ocr_line' id='line_1_31' title="bbox 601 2823 2172 2906; baseline 0.01 -29"><span class='ocrx_word' id='word_1_201' title='bbox 601 2831 731 2877; x_wconf 88' lang='lat' dir='ltr'><strong>runt</strong></span> <span class='ocrx_word' id='word_1_202' title='bbox 761 2823 1046 2879; x_wconf 90' lang='lat' dir='ltr'><strong>Dominum</strong></span> <span class='ocrx_word' id='word_1_203' title='bbox 1071 2828 1138 2882; x_wconf 93' lang='lat' dir='ltr'><strong>de</strong></span> <span class='ocrx_word' id='word_1_204' title='bbox 1165 2830 1542 2899; x_wconf 90' lang='lat' dir='ltr'><strong>monumento,</strong></span> <span class='ocrx_word' id='word_1_205' title='bbox 1565 2841 1618 2889; x_wconf 91' lang='lat' dir='ltr'><strong>et</strong></span> <span class='ocrx_word' id='word_1_206' title='bbox 1647 2837 1834 2891; x_wconf 89' lang='lat' dir='ltr'><strong>nescio</strong></span> <span class='ocrx_word' id='word_1_207' title='bbox 1863 2836 1952 2890; x_wconf 88' lang='lat' dir='ltr'><strong>ubi</strong></span> <span class='ocrx_word' id='word_1_208' title='bbox 1973 2852 2172 2906; x_wconf 83' lang='lat' dir='ltr'><strong>posue-</strong></span> 
     </span>
    </p>
   </div>
   <div class='ocr_carea' id='block_1_32' title="bbox 600 2917 2171 2995">
    <p class='ocr_par' dir='ltr' id='par_1_32' title="bbox 600 2917 2171 2995">
     <span class='ocr_line' id='line_1_32' title="bbox 600 2917 2171 2995; baseline 0.011 -28"><span class='ocrx_word' id='word_1_209' title='bbox 600 2923 732 2969; x_wconf 84' lang='lat' dir='ltr'><strong>runt</strong></span> <span class='ocrx_word' id='word_1_210' title='bbox 763 2931 908 2971; x_wconf 89' lang='lat' dir='ltr'><strong>eum.</strong></span> <span class='ocrx_word' id='word_1_211' title='bbox 939 2917 1099 2973; x_wconf 82' lang='lat' dir='ltr'><strong>Venit</strong></span> <span class='ocrx_word' id='word_1_212' title='bbox 1130 2937 1260 2992; x_wconf 85' lang='lat' dir='ltr'><strong>ergo</strong></span> <span class='ocrx_word' id='word_1_213' title='bbox 1281 2921 1479 2977; x_wconf 88' lang='lat' dir='ltr'><strong>Petrus</strong></span> <span class='ocrx_word' id='word_1_214' title='bbox 1509 2934 1669 2995; x_wconf 89' lang='lat' dir='ltr'><strong>atque</strong></span> <span class='ocrx_word' id='word_1_215' title='bbox 1687 2925 1928 2984; x_wconf 87' lang='lat' dir='ltr'><strong>Joannes</strong></span> <span class='ocrx_word' id='word_1_216' title='bbox 1956 2929 2022 2983; x_wconf 91' lang='lat' dir='ltr'><strong>ad</strong></span> <span class='ocrx_word' id='word_1_217' title='bbox 2052 2945 2171 2984; x_wconf 89' lang='lat' dir='ltr'><strong>mo-</strong></span> 
     </span>
    </p>
   </div>
   <div class='ocr_carea' id='block_1_33' title="bbox 602 3014 2170 3088">
    <p class='ocr_par' dir='ltr' id='par_1_33' title="bbox 602 3014 2170 3088">
     <span class='ocr_line' id='line_1_33' title="bbox 602 3014 2170 3088; baseline 0.011 -29"><span class='ocrx_word' id='word_1_218' title='bbox 602 3015 960 3078; x_wconf 90' lang='lat' dir='ltr'><strong>numentum;</strong></span> <span class='ocrx_word' id='word_1_219' title='bbox 993 3031 1011 3063; x_wconf 73' lang='grc' dir='ltr'><strong>ι</strong></span> <span class='ocrx_word' id='word_1_220' title='bbox 1045 3021 1098 3066; x_wconf 89' lang='lat' dir='ltr'><strong>et</strong></span> <span class='ocrx_word' id='word_1_221' title='bbox 1125 3015 1356 3084; x_wconf 87' lang='lat' dir='ltr'><strong>reliqua.</strong></span> <span class='ocrx_word' id='word_1_222' title='bbox 1397 3014 1600 3071; x_wconf 87' lang='lat' dir='ltr'><strong>Deinde</strong></span> <span class='ocrx_word' id='word_1_223' title='bbox 1629 3017 1998 3088; x_wconf 83' lang='lat' dir='ltr'><strong>Magdalenam</strong></span> <span class='ocrx_word' id='word_1_224' title='bbox 2037 3020 2170 3076; x_wconf 83' lang='lat' dir='ltr'><strong>ﬂen-</strong></span> 
     </span>
    </p>
   </div>
   <div class='ocr_carea' id='block_1_34' title="bbox 601 3100 2224 3177">
    <p class='ocr_par' dir='ltr' id='par_1_34' title="bbox 601 3100 2224 3177">
     <span class='ocr_line' id='line_1_34' title="bbox 601 3100 2224 3177; baseline 0.01 -26"><span class='ocrx_word' id='word_1_225' title='bbox 601 3106 709 3154; x_wconf 89' lang='lat' dir='ltr'><strong>tem</strong></span> <span class='ocrx_word' id='word_1_226' title='bbox 742 3100 963 3157; x_wconf 83' lang='lat' dir='ltr'><strong>exhibet</strong></span> <span class='ocrx_word' id='word_1_227' title='bbox 991 3107 1352 3176; x_wconf 81' lang='lat' dir='ltr'><strong>evangelista;</strong></span> <span class='ocrx_word' id='word_1_228' title='bbox 1399 3123 1560 3177; x_wconf 87' lang='lat' dir='ltr'><strong>quam</strong></span> <span class='ocrx_word' id='word_1_229' title='bbox 1609 3117 1782 3164; x_wconf 91' lang='lat' dir='ltr'><strong>semet</strong></span> <span class='ocrx_word' id='word_1_230' title='bbox 1814 3111 2165 3166; x_wconf 89' lang='lat' dir='ltr'><strong>inclinantem</strong></span> <span class='ocrx_word' id='word_1_231' title='bbox 2201 3110 2224 3132; x_wconf 86' lang='grc'><strong><em>⁸</em></strong></span> 
     </span>
    </p>
   </div>
   <div class='ocr_carea' id='block_1_35' title="bbox 2294 634 3758 710">
    <p class='ocr_par' dir='ltr' id='par_1_35' title="bbox 2294 634 3758 710">
     <span class='ocr_line' id='line_1_35' title="bbox 2294 634 3758 710; baseline 0.003 -21"><span class='ocrx_word' id='word_1_232' title='bbox 2294 637 2426 708; x_wconf 83' lang='grc' dir='ltr'>ληνῇ</span> <span class='ocrx_word' id='word_1_233' title='bbox 2465 637 2558 690; x_wconf 76' lang='grc' dir='ltr'><strong>καὶ</strong></span> <span class='ocrx_word' id='word_1_234' title='bbox 2589 639 2655 707; x_wconf 83' lang='grc' dir='ltr'>τῇ</span> <span class='ocrx_word' id='word_1_235' title='bbox 2687 635 2876 708; x_wconf 84' lang='grc' dir='ltr'>Μαρίᾳ</span> <span class='ocrx_word' id='word_1_236' title='bbox 2919 634 3174 705; x_wconf 80' lang='grc' dir='ltr'><strong>Ἰακώβου</strong></span> <span class='ocrx_word' id='word_1_237' title='bbox 3213 636 3305 688; x_wconf 72' lang='grc' dir='ltr'><strong>καὶ</strong></span> <span class='ocrx_word' id='word_1_238' title='bbox 3337 635 3574 710; x_wconf 83' lang='grc' dir='ltr'>Σαλώμῃ,</span> <span class='ocrx_word' id='word_1_239' title='bbox 3612 642 3654 692; x_wconf 75' lang='grc' dir='ltr'>αἳ</span> <span class='ocrx_word' id='word_1_240' title='bbox 3681 644 3758 710; x_wconf 77' lang='grc' dir='ltr'>μετ’</span> 
     </span>
    </p>
   </div>
   <div class='ocr_carea' id='block_1_36' title="bbox 2292 725 3759 802">
    <p class='ocr_par' dir='ltr' id='par_1_36' title="bbox 2292 725 3759 802">
     <span class='ocr_line' id='line_1_36' title="bbox 2292 725 3759 802; baseline 0.001 -20"><span class='ocrx_word' id='word_1_241' title='bbox 2292 728 2596 800; x_wconf 83' lang='grc' dir='ltr'><strong>ἀρωμάτων</strong></span> <span class='ocrx_word' id='word_1_242' title='bbox 2621 725 2868 779; x_wconf 76' lang='grc' dir='ltr'><strong>ἐλθοῦσαι</strong></span> <span class='ocrx_word' id='word_1_243' title='bbox 2890 726 3129 797; x_wconf 72' lang='grc' dir='ltr'>ἥκουσαν</span> <span class='ocrx_word' id='word_1_244' title='bbox 3148 767 3162 791; x_wconf 92' lang='grc'><strong>,</strong></span> <span class='ocrx_word' id='word_1_245' title='bbox 3193 745 3210 777; x_wconf 79' lang='grc' dir='ltr'><strong>ι</strong></span> <span class='ocrx_word' id='word_1_246' title='bbox 3231 725 3318 796; x_wconf 80' lang='grc' dir='ltr'><strong>Μὴ</strong></span> <span class='ocrx_word' id='word_1_247' title='bbox 3338 725 3669 796; x_wconf 74' lang='grc' dir='ltr'>ἐκθαμϐεῖσθε,</span> <span class='ocrx_word' id='word_1_248' title='bbox 3695 733 3759 802; x_wconf 77' lang='grc' dir='ltr'><strong>’1η-</strong></span> 
     </span>
    </p>
   </div>
   <div class='ocr_carea' id='block_1_37' title="bbox 2294 812 3758 886">
    <p class='ocr_par' dir='ltr' id='par_1_37' title="bbox 2294 812 3758 886">
     <span class='ocr_line' id='line_1_37' title="bbox 2294 812 3758 886; baseline 0.005 -20"><span class='ocrx_word' id='word_1_249' title='bbox 2294 813 2420 866; x_wconf 91' lang='grc' dir='ltr'>σοῦν</span> <span class='ocrx_word' id='word_1_250' title='bbox 2433 812 2643 885; x_wconf 80' lang='grc' dir='ltr'>ζητεῖτε</span> <span class='ocrx_word' id='word_1_251' title='bbox 2663 813 2753 866; x_wconf 78' lang='grc' dir='ltr'><strong>τὸν</strong></span> <span class='ocrx_word' id='word_1_252' title='bbox 2768 813 3087 885; x_wconf 73' lang='grc' dir='ltr'><strong>Ναζαρηνὸν</strong></span> <span class='ocrx_word' id='word_1_253' title='bbox 3098 813 3191 866; x_wconf 84' lang='grc' dir='ltr'><strong>τὸν</strong></span> <span class='ocrx_word' id='word_1_254' title='bbox 3208 816 3624 886; x_wconf 70' lang='grc' dir='ltr'><strong>ἐσταυρωμένον.»</strong></span> <span class='ocrx_word' id='word_1_255' title='bbox 3640 820 3758 875; x_wconf 75' lang='grc' dir='ltr'>Μέσοι</span> 
     </span>
    </p>
   </div>
   <div class='ocr_carea' id='block_1_38' title="bbox 2293 903 3761 977">
    <p class='ocr_par' dir='ltr' id='par_1_38' title="bbox 2293 903 3761 977">
     <span class='ocr_line' id='line_1_38' title="bbox 2293 903 3761 977; baseline 0.003 -19"><span class='ocrx_word' id='word_1_256' title='bbox 2293 906 2350 959; x_wconf 88' lang='grc' dir='ltr'><strong>δέ</strong></span> <span class='ocrx_word' id='word_1_257' title='bbox 2382 906 2431 958; x_wconf 90' lang='grc' dir='ltr'><strong>οί</strong></span> <span class='ocrx_word' id='word_1_258' title='bbox 2475 903 2627 976; x_wconf 81' lang='grc' dir='ltr'>παρὰ</span> <span class='ocrx_word' id='word_1_259' title='bbox 2666 904 2745 974; x_wconf 83' lang='grc' dir='ltr'>τῷ</span> <span class='ocrx_word' id='word_1_260' title='bbox 2790 905 3010 977; x_wconf 80' lang='grc' dir='ltr'>Ἰωάννῃ</span> <span class='ocrx_word' id='word_1_261' title='bbox 3043 906 3138 960; x_wconf 75' lang='grc' dir='ltr'><strong>καὶ</strong></span> <span class='ocrx_word' id='word_1_262' title='bbox 3178 905 3254 977; x_wconf 80' lang='grc' dir='ltr'>τῷ</span> <span class='ocrx_word' id='word_1_263' title='bbox 3282 906 3452 977; x_wconf 84' lang='grc' dir='ltr'>Λουκᾷ</span> <span class='ocrx_word' id='word_1_264' title='bbox 3477 908 3558 960; x_wconf 72' lang='grc' dir='ltr'><strong>καὶ</strong></span> <span class='ocrx_word' id='word_1_265' title='bbox 3577 910 3761 977; x_wconf 71' lang='grc' dir='ltr'>ὁφθέντεξ</span> 
     </span>
    </p>
   </div>
   <div class='ocr_carea' id='block_1_39' title="bbox 2290 997 3758 1070">
    <p class='ocr_par' dir='ltr' id='par_1_39' title="bbox 2290 997 3758 1070">
     <span class='ocr_line' id='line_1_39' title="bbox 2290 997 3758 1070; baseline 0.003 -19"><span class='ocrx_word' id='word_1_266' title='bbox 2290 997 2431 1051; x_wconf 78' lang='grc' dir='ltr'>κατὰ</span> <span class='ocrx_word' id='word_1_267' title='bbox 2467 999 2654 1070; x_wconf 83' lang='grc' dir='ltr'>καιρὸν</span> <span class='ocrx_word' id='word_1_268' title='bbox 2688 997 3007 1063; x_wconf 77' lang='grc' dir='ltr'>ἰδιάζοντες’</span> <span class='ocrx_word' id='word_1_269' title='bbox 3055 998 3224 1069; x_wconf 80' lang='grc' dir='ltr'>ἐφάνη</span> <span class='ocrx_word' id='word_1_270' title='bbox 3263 998 3355 1068; x_wconf 80' lang='grc' dir='ltr'><strong>μὲν</strong></span> <span class='ocrx_word' id='word_1_271' title='bbox 3385 998 3485 1070; x_wconf 75' lang='grc' dir='ltr'><strong>γὰρ</strong></span> <span class='ocrx_word' id='word_1_272' title='bbox 3505 1000 3584 1069; x_wconf 72' lang='grc' dir='ltr'><strong>ὀψὲ</strong></span> <span class='ocrx_word' id='word_1_273' title='bbox 3608 1001 3758 1058; x_wconf 64' lang='lat'><strong>213661:-</strong></span> 
     </span>
    </p>
   </div>
   <div class='ocr_carea' id='block_1_40' title="bbox 2289 1083 3759 1160">
    <p class='ocr_par' dir='ltr' id='par_1_40' title="bbox 2289 1083 3759 1160">
     <span class='ocr_line' id='line_1_40' title="bbox 2289 1083 3759 1160; baseline 0.004 -20"><span class='ocrx_word' id='word_1_274' title='bbox 2289 1104 2394 1140; x_wconf 87' lang='grc' dir='ltr'><strong>των</strong></span> <span class='ocrx_word' id='word_1_275' title='bbox 2419 1088 2644 1156; x_wconf 82' lang='grc' dir='ltr'>ἅγγελος</span> <span class='ocrx_word' id='word_1_276' title='bbox 2669 1083 2750 1152; x_wconf 71' lang='grc' dir='ltr'>εἷς</span> <span class='ocrx_word' id='word_1_277' title='bbox 2777 1089 2931 1152; x_wconf 81' lang='grc' dir='ltr'>ἐκτὸς</span> <span class='ocrx_word' id='word_1_278' title='bbox 2959 1087 3052 1141; x_wconf 84' lang='grc' dir='ltr'><strong>τοῦ</strong></span> <span class='ocrx_word' id='word_1_279' title='bbox 3086 1090 3384 1159; x_wconf 81' lang='grc' dir='ltr'>μνήματος·</span> <span class='ocrx_word' id='word_1_280' title='bbox 3414 1090 3519 1160; x_wconf 80' lang='grc' dir='ltr'>μεθ’</span> <span class='ocrx_word' id='word_1_281' title='bbox 3542 1087 3592 1144; x_wconf 74' lang='grc' dir='ltr'>οὗ</span> <span class='ocrx_word' id='word_1_282' title='bbox 3614 1094 3759 1146; x_wconf 73' lang='grc' dir='ltr'>καὶαύ-</span> 
     </span>
    </p>
   </div>
   <div class='ocr_carea' id='block_1_41' title="bbox 2290 1179 3759 1252">
    <p class='ocr_par' dir='ltr' id='par_1_41' title="bbox 2290 1179 3759 1252">
     <span class='ocr_line' id='line_1_41' title="bbox 2290 1179 3759 1252; baseline 0.003 -21"><span class='ocrx_word' id='word_1_283' title='bbox 2290 1179 2380 1242; x_wconf 73' lang='grc' dir='ltr'>τός</span> <span class='ocrx_word' id='word_1_284' title='bbox 2407 1182 2434 1232; x_wconf 85' lang='grc' dir='ltr'>ὁ</span> <span class='ocrx_word' id='word_1_285' title='bbox 2477 1180 2666 1252; x_wconf 84' lang='grc' dir='ltr'>Σωτήρ</span> <span class='ocrx_word' id='word_1_286' title='bbox 2685 1196 2699 1210; x_wconf 87' lang='grc'><strong>·</strong></span> <span class='ocrx_word' id='word_1_287' title='bbox 2735 1179 2930 1252; x_wconf 77' lang='grc' dir='ltr'>ὄρθρου</span> <span class='ocrx_word' id='word_1_288' title='bbox 2964 1179 3022 1233; x_wconf 85' lang='grc' dir='ltr'><strong>δὲ</strong></span> <span class='ocrx_word' id='word_1_289' title='bbox 3060 1179 3249 1250; x_wconf 86' lang='grc' dir='ltr'>βαθέος</span> <span class='ocrx_word' id='word_1_290' title='bbox 3267 1220 3281 1244; x_wconf 93' lang='grc'><strong>,</strong></span> <span class='ocrx_word' id='word_1_291' title='bbox 3314 1181 3480 1252; x_wconf 77' lang='grc' dir='ltr'>ἕτεροι</span> <span class='ocrx_word' id='word_1_292' title='bbox 3507 1184 3548 1234; x_wconf 79' lang='grc' dir='ltr'><strong>οἱ</strong></span> <span class='ocrx_word' id='word_1_293' title='bbox 3575 1183 3683 1236; x_wconf 71' lang='grc' dir='ltr'>κατὰ</span> <span class='ocrx_word' id='word_1_294' title='bbox 3701 1186 3759 1237; x_wconf 73' lang='grc' dir='ltr'><strong>τὸν</strong></span> 
     </span>
    </p>
   </div>
   <div class='ocr_carea' id='block_1_42' title="bbox 2288 1271 3758 1348">
    <p class='ocr_par' dir='ltr' id='par_1_42' title="bbox 2288 1271 3758 1348">
     <span class='ocr_line' id='line_1_42' title="bbox 2288 1271 3758 1348; baseline 0.001 -23"><span class='ocrx_word' id='word_1_295' title='bbox 2288 1272 2501 1325; x_wconf 83' lang='grc' dir='ltr'>Λουκᾶν</span> <span class='ocrx_word' id='word_1_296' title='bbox 2542 1271 2634 1324; x_wconf 86' lang='grc' dir='ltr'><strong>δύο</strong></span> <span class='ocrx_word' id='word_1_297' title='bbox 2681 1271 2871 1344; x_wconf 82' lang='grc' dir='ltr'>ἄνδρες</span> <span class='ocrx_word' id='word_1_298' title='bbox 2897 1272 3268 1343; x_wconf 77' lang='grc' dir='ltr'>ὠνομασμένοι</span> <span class='ocrx_word' id='word_1_299' title='bbox 3300 1274 3395 1325; x_wconf 84' lang='grc' dir='ltr'><strong>ούκ</strong></span> <span class='ocrx_word' id='word_1_300' title='bbox 3426 1274 3541 1326; x_wconf 78' lang='grc' dir='ltr'>εἴσω</span> <span class='ocrx_word' id='word_1_301' title='bbox 3563 1275 3638 1328; x_wconf 81' lang='grc' dir='ltr'><strong>τοῦ</strong></span> 
     </span>
    </p>
   </div>
   <div class='ocr_carea' id='block_1_43' title="bbox 2291 1360 3760 1433">
    <p class='ocr_par' dir='ltr' id='par_1_43' title="bbox 2291 1360 3760 1433">
     <span class='ocr_line' id='line_1_43' title="bbox 2291 1360 3760 1433; baseline 0.004 -20"><span class='ocrx_word' id='word_1_302' title='bbox 2291 1378 2456 1433; x_wconf 81' lang='grc' dir='ltr'>ματος</span> <span class='ocrx_word' id='word_1_303' title='bbox 2488 1360 2741 1431; x_wconf 82' lang='grc' dir='ltr'>ὀφθέντες</span> <span class='ocrx_word' id='word_1_304' title='bbox 2761 1377 2776 1391; x_wconf 73' lang='grc'><strong>⁸</strong></span> <span class='ocrx_word' id='word_1_305' title='bbox 2811 1361 3035 1433; x_wconf 76' lang='grc' dir='ltr'>ὕστερος</span> <span class='ocrx_word' id='word_1_306' title='bbox 3066 1363 3318 1416; x_wconf 83' lang='grc' dir='ltr'>ἁπάντων</span> <span class='ocrx_word' id='word_1_307' title='bbox 3357 1365 3383 1416; x_wconf 86' lang='grc' dir='ltr'>ὁ</span> <span class='ocrx_word' id='word_1_308' title='bbox 3412 1364 3674 1428; x_wconf 80' lang='grc' dir='ltr'>νεανίσκος,</span> <span class='ocrx_word' id='word_1_309' title='bbox 3698 1369 3760 1419; x_wconf 67' lang='grc' dir='ltr'>καὶ</span> 
     </span>
    </p>
   </div>
   <div class='ocr_carea' id='block_1_44' title="bbox 2287 1453 3759 1528">
    <p class='ocr_par' dir='ltr' id='par_1_44' title="bbox 2287 1453 3759 1528">
     <span class='ocr_line' id='line_1_44' title="bbox 2287 1453 3759 1528; baseline 0.004 -21"><span class='ocrx_word' id='word_1_310' title='bbox 2287 1454 2394 1525; x_wconf 83' lang='grc' dir='ltr'><strong>πρὸ</strong></span> <span class='ocrx_word' id='word_1_311' title='bbox 2432 1453 2619 1508; x_wconf 89' lang='grc' dir='ltr'>τούτου</span> <span class='ocrx_word' id='word_1_312' title='bbox 2652 1455 2746 1509; x_wconf 80' lang='grc' dir='ltr'>καὶ</span> <span class='ocrx_word' id='word_1_313' title='bbox 2775 1455 2882 1509; x_wconf 83' lang='grc' dir='ltr'><strong>τῶν</strong></span> <span class='ocrx_word' id='word_1_314' title='bbox 2915 1454 3066 1528; x_wconf 83' lang='grc' dir='ltr'>παρὰ</span> <span class='ocrx_word' id='word_1_315' title='bbox 3093 1455 3170 1527; x_wconf 84' lang='grc' dir='ltr'>τῷ</span> <span class='ocrx_word' id='word_1_316' title='bbox 3198 1457 3378 1527; x_wconf 80' lang='grc' dir='ltr'>Λουκᾷ</span> <span class='ocrx_word' id='word_1_317' title='bbox 3403 1459 3449 1510; x_wconf 77' lang='grc' dir='ltr'><strong>οἱ</strong></span> <span class='ocrx_word' id='word_1_318' title='bbox 3475 1456 3555 1511; x_wconf 87' lang='grc' dir='ltr'>δύο</span> <span class='ocrx_word' id='word_1_319' title='bbox 3580 1459 3679 1511; x_wconf 82' lang='grc' dir='ltr'>είσω</span> <span class='ocrx_word' id='word_1_320' title='bbox 3697 1459 3759 1513; x_wconf 79' lang='grc' dir='ltr'><strong>τοῦ</strong></span> 
     </span>
    </p>
   </div>
   <div class='ocr_carea' id='block_1_45' title="bbox 2290 1545 2586 1616">
    <p class='ocr_par' dir='ltr' id='par_1_45' title="bbox 2290 1545 2586 1616">
     <span class='ocr_line' id='line_1_45' title="bbox 2290 1545 2586 1616; baseline 0 -19"><span class='ocrx_word' id='word_1_321' title='bbox 2290 1545 2393 1616; x_wconf 87' lang='grc' dir='ltr'>μνή</span> <span class='ocrx_word' id='word_1_322' title='bbox 2403 1562 2586 1615; x_wconf 87' lang='grc' dir='ltr'>ματος.</span> 
     </span>
    </p>
   </div>
   <div class='ocr_carea' id='block_1_46' title="bbox 2355 1638 3759 1714">
    <p class='ocr_par' dir='ltr' id='par_1_46' title="bbox 2355 1638 3759 1714">
     <span class='ocr_line' id='line_1_46' title="bbox 2355 1638 3759 1714; baseline 0.004 -23"><span class='ocrx_word' id='word_1_323' title='bbox 2355 1643 2432 1705; x_wconf 83' lang='grc' dir='ltr'><strong>γ’.</strong></span> <span class='ocrx_word' id='word_1_324' title='bbox 2449 1638 2570 1691; x_wconf 83' lang='grc' dir='ltr'>Ὀτι</span> <span class='ocrx_word' id='word_1_325' title='bbox 2592 1641 2621 1692; x_wconf 86' lang='grc' dir='ltr'>ὁ</span> <span class='ocrx_word' id='word_1_326' title='bbox 2648 1639 2859 1704; x_wconf 83' lang='grc' dir='ltr'><strong>Λουκᾶς</strong></span> <span class='ocrx_word' id='word_1_327' title='bbox 2891 1640 2986 1710; x_wconf 83' lang='grc' dir='ltr'>μιᾷ</span> <span class='ocrx_word' id='word_1_328' title='bbox 3013 1638 3160 1708; x_wconf 80' lang='grc' dir='ltr'><strong>λέγει</strong></span> <span class='ocrx_word' id='word_1_329' title='bbox 3187 1639 3296 1694; x_wconf 86' lang='grc' dir='ltr'><strong>τῶν</strong></span> <span class='ocrx_word' id='word_1_330' title='bbox 3320 1640 3600 1696; x_wconf 76' lang='grc' dir='ltr'>Σαύϐἀτων.</span> <span class='ocrx_word' id='word_1_331' title='bbox 3621 1642 3759 1714; x_wconf 71' lang='grc' dir='ltr'>ὄρθρον</span> 
     </span>
    </p>
   </div>
   <div class='ocr_carea' id='block_1_47' title="bbox 2287 1728 3758 1803">
    <p class='ocr_par' dir='ltr' id='par_1_47' title="bbox 2287 1728 3758 1803">
     <span class='ocr_line' id='line_1_47' title="bbox 2287 1728 3758 1803; baseline 0.003 -21"><span class='ocrx_word' id='word_1_332' title='bbox 2287 1728 2498 1799; x_wconf 86' lang='grc' dir='ltr'>βαθέος,</span> <span class='ocrx_word' id='word_1_333' title='bbox 2532 1731 2715 1802; x_wconf 80' lang='grc' dir='ltr'>φέρειν</span> <span class='ocrx_word' id='word_1_334' title='bbox 2738 1730 3002 1803; x_wconf 86' lang='grc' dir='ltr'>ἀρώματα</span> <span class='ocrx_word' id='word_1_335' title='bbox 3030 1734 3292 1800; x_wconf 84' lang='grc' dir='ltr'>γυναῖκας</span> <span class='ocrx_word' id='word_1_336' title='bbox 3322 1732 3410 1785; x_wconf 86' lang='grc' dir='ltr'><strong>δύο</strong></span> <span class='ocrx_word' id='word_1_337' title='bbox 3432 1733 3520 1795; x_wconf 83' lang='grc' dir='ltr'>τὰς</span> <span class='ocrx_word' id='word_1_338' title='bbox 3541 1733 3758 1803; x_wconf 71' lang='grc' dir='ltr'>ἀκολουθη-</span> 
     </span>
    </p>
   </div>
   <div class='ocr_carea' id='block_1_48' title="bbox 2287 1818 3761 1895">
    <p class='ocr_par' dir='ltr' id='par_1_48' title="bbox 2287 1818 3761 1895">
     <span class='ocr_line' id='line_1_48' title="bbox 2287 1818 3761 1895; baseline 0.001 -22"><span class='ocrx_word' id='word_1_339' title='bbox 2287 1821 2455 1885; x_wconf 81' lang='grc' dir='ltr'>σὰσας</span> <span class='ocrx_word' id='word_1_340' title='bbox 2487 1821 2666 1892; x_wconf 82' lang='grc' dir='ltr'>αύτῷ,</span> <span class='ocrx_word' id='word_1_341' title='bbox 2702 1822 2902 1886; x_wconf 81' lang='grc' dir='ltr'>αἵτινες</span> <span class='ocrx_word' id='word_1_342' title='bbox 2943 1818 3082 1892; x_wconf 78' lang='grc' dir='ltr'>ἦσαν</span> <span class='ocrx_word' id='word_1_343' title='bbox 3134 1823 3240 1877; x_wconf 77' lang='grc' dir='ltr'><strong>ἀπὸ</strong></span> <span class='ocrx_word' id='word_1_344' title='bbox 3278 1825 3375 1895; x_wconf 80' lang='grc' dir='ltr'>τῆς</span> <span class='ocrx_word' id='word_1_345' title='bbox 3411 1825 3654 1892; x_wconf 73' lang='grc' dir='ltr'>Γαλιλαίας</span> <span class='ocrx_word' id='word_1_346' title='bbox 3679 1843 3761 1877; x_wconf 80' lang='grc' dir='ltr'>σνν-</span> 
     </span>
    </p>
   </div>
   <div class='ocr_carea' id='block_1_49' title="bbox 2210 1884 3758 1984">
    <p class='ocr_par' dir='ltr' id='par_1_49' title="bbox 2210 1884 3758 1984">
     <span class='ocr_line' id='line_1_49' title="bbox 2210 1884 3758 1984; baseline 0.001 -20"><span class='ocrx_word' id='word_1_347' title='bbox 2210 1884 2254 1941; x_wconf 75' lang='lat' dir='ltr'><strong>B</strong></span> <span class='ocrx_word' id='word_1_348' title='bbox 2282 1911 2728 1983; x_wconf 82' lang='grc' dir='ltr'>ακολουθήσασαι,</span> <span class='ocrx_word' id='word_1_349' title='bbox 2746 1913 2832 1966; x_wconf 83' lang='grc' dir='ltr'>ὅτε</span> <span class='ocrx_word' id='word_1_350' title='bbox 2849 1912 3078 1966; x_wconf 72' lang='grc' dir='ltr'>ἔθαπτον</span> <span class='ocrx_word' id='word_1_351' title='bbox 3091 1914 3249 1966; x_wconf 81' lang='grc' dir='ltr'>αὑτὸν</span> <span class='ocrx_word' id='word_1_352' title='bbox 3263 1913 3498 1967; x_wconf 79' lang='grc' dir='ltr'>ἐλθοῦσαι</span> <span class='ocrx_word' id='word_1_353' title='bbox 3516 1914 3593 1966; x_wconf 69' lang='grc' dir='ltr'><strong>ἐπὶ</strong></span> <span class='ocrx_word' id='word_1_354' title='bbox 3609 1915 3656 1966; x_wconf 70' lang='grc' dir='ltr'>τὸ</span> <span class='ocrx_word' id='word_1_355' title='bbox 3669 1914 3758 1984; x_wconf 57' lang='lat' dir='ltr'><strong>nvi;</strong></span> 
     </span>
    </p>
   </div>
   <div class='ocr_carea' id='block_1_50' title="bbox 2282 2002 3758 2076">
    <p class='ocr_par' dir='ltr' id='par_1_50' title="bbox 2282 2002 3758 2076">
     <span class='ocr_line' id='line_1_50' title="bbox 2282 2002 3758 2076; baseline -0.001 -18"><span class='ocrx_word' id='word_1_356' title='bbox 2282 2021 2388 2076; x_wconf 80' lang='grc' dir='ltr'>μα’</span> <span class='ocrx_word' id='word_1_357' title='bbox 2422 2004 2621 2069; x_wconf 81' lang='grc' dir='ltr'>αἵτινες</span> <span class='ocrx_word' id='word_1_358' title='bbox 2649 2003 2740 2058; x_wconf 86' lang='grc' dir='ltr'>δύο</span> <span class='ocrx_word' id='word_1_359' title='bbox 2772 2004 3036 2074; x_wconf 81' lang='grc' dir='ltr'>ἀγγέλους</span> <span class='ocrx_word' id='word_1_360' title='bbox 3069 2002 3237 2071; x_wconf 77' lang='grc' dir='ltr'>εἶδον,</span> <span class='ocrx_word' id='word_1_361' title='bbox 3287 2006 3336 2059; x_wconf 85' lang='grc' dir='ltr'>οἳ</span> <span class='ocrx_word' id='word_1_362' title='bbox 3371 2008 3458 2059; x_wconf 71' lang='grc' dir='ltr'><strong>καὶ</strong></span> <span class='ocrx_word' id='word_1_363' title='bbox 3504 2003 3654 2068; x_wconf 75' lang='grc' dir='ltr'>εἷπον,</span> <span class='ocrx_word' id='word_1_364' title='bbox 3684 2006 3758 2057; x_wconf 85' lang='grc' dir='ltr'><strong>ιΤί</strong></span> 
     </span>
    </p>
   </div>
   <div class='ocr_carea' id='block_1_51' title="bbox 2279 2093 3756 2171">
    <p class='ocr_par' dir='ltr' id='par_1_51' title="bbox 2279 2093 3756 2171">
     <span class='ocr_line' id='line_1_51' title="bbox 2279 2093 3756 2171; baseline 0.001 -22"><span class='ocrx_word' id='word_1_365' title='bbox 2279 2095 2487 2168; x_wconf 80' lang='grc' dir='ltr'>ζητεῖτε</span> <span class='ocrx_word' id='word_1_366' title='bbox 2515 2097 2606 2150; x_wconf 81' lang='grc' dir='ltr'><strong>τὸν</strong></span> <span class='ocrx_word' id='word_1_367' title='bbox 2635 2095 2812 2161; x_wconf 83' lang='grc' dir='ltr'>ζῶντα</span> <span class='ocrx_word' id='word_1_368' title='bbox 2845 2097 2983 2168; x_wconf 86' lang='grc' dir='ltr'>μετὰ</span> <span class='ocrx_word' id='word_1_369' title='bbox 3009 2098 3117 2152; x_wconf 86' lang='grc' dir='ltr'><strong>τῶν</strong></span> <span class='ocrx_word' id='word_1_370' title='bbox 3145 2097 3389 2171; x_wconf 83' lang='grc' dir='ltr'>νεκρῶν;</span> <span class='ocrx_word' id='word_1_371' title='bbox 3419 2101 3509 2152; x_wconf 76' lang='grc' dir='ltr'><strong>οὐκ</strong></span> <span class='ocrx_word' id='word_1_372' title='bbox 3542 2099 3656 2151; x_wconf 81' lang='grc' dir='ltr'>ἐστιν</span> <span class='ocrx_word' id='word_1_373' title='bbox 3674 2093 3756 2162; x_wconf 73' lang='grc' dir='ltr'>ὧδε,</span> 
     </span>
    </p>
   </div>
   <div class='ocr_carea' id='block_1_52' title="bbox 2276 2184 3759 2258">
    <p class='ocr_par' dir='ltr' id='par_1_52' title="bbox 2276 2184 3759 2258">
     <span class='ocr_line' id='line_1_52' title="bbox 2276 2184 3759 2258; baseline 0.001 -19"><span class='ocrx_word' id='word_1_374' title='bbox 2276 2185 2390 2239; x_wconf 84' lang='grc' dir='ltr'>ἀλλ’</span> <span class='ocrx_word' id='word_1_375' title='bbox 2415 2184 2620 2257; x_wconf 77' lang='grc' dir='ltr'>ἠγέρθη</span> <span class='ocrx_word' id='word_1_376' title='bbox 2640 2203 2656 2217; x_wconf 85' lang='grc'><strong>·</strong></span> <span class='ocrx_word' id='word_1_377' title='bbox 2695 2187 2966 2258; x_wconf 83' lang='grc' dir='ltr'>μνήσθητε</span> <span class='ocrx_word' id='word_1_378' title='bbox 2995 2187 3072 2248; x_wconf 84' lang='grc' dir='ltr'><strong>ὡς</strong></span> <span class='ocrx_word' id='word_1_379' title='bbox 3096 2187 3356 2258; x_wconf 79' lang='grc' dir='ltr'>ἐλάλησεν</span> <span class='ocrx_word' id='word_1_380' title='bbox 3385 2189 3504 2257; x_wconf 82' lang='grc' dir='ltr'>ὑμῖν</span> <span class='ocrx_word' id='word_1_381' title='bbox 3527 2187 3593 2241; x_wconf 76' lang='grc' dir='ltr'>ἑτι</span> <span class='ocrx_word' id='word_1_382' title='bbox 3619 2188 3675 2240; x_wconf 83' lang='grc' dir='ltr'>ὣν</span> <span class='ocrx_word' id='word_1_383' title='bbox 3696 2189 3759 2242; x_wconf 74' lang='grc' dir='ltr'>σὺν</span> 
     </span>
    </p>
   </div>
   <div class='ocr_carea' id='block_1_53' title="bbox 2276 2276 3760 2349">
    <p class='ocr_par' dir='ltr' id='par_1_53' title="bbox 2276 2276 3760 2349">
     <span class='ocr_line' id='line_1_53' title="bbox 2276 2276 3760 2349; baseline 0 -19"><span class='ocrx_word' id='word_1_384' title='bbox 2276 2278 2403 2347; x_wconf 83' lang='grc' dir='ltr'>ὑμῖν</span> <span class='ocrx_word' id='word_1_385' title='bbox 2430 2276 2632 2345; x_wconf 83' lang='grc' dir='ltr'>λέγων,</span> <span class='ocrx_word' id='word_1_386' title='bbox 2659 2277 2740 2331; x_wconf 77' lang='grc' dir='ltr'><strong>ὅτι</strong></span> <span class='ocrx_word' id='word_1_387' title='bbox 2763 2277 2844 2330; x_wconf 90' lang='grc' dir='ltr'>δεῖ</span> <span class='ocrx_word' id='word_1_388' title='bbox 2871 2277 3062 2332; x_wconf 85' lang='grc' dir='ltr'>παθεῖν</span> <span class='ocrx_word' id='word_1_389' title='bbox 3094 2278 3184 2331; x_wconf 82' lang='grc' dir='ltr'><strong>τὸν</strong></span> <span class='ocrx_word' id='word_1_390' title='bbox 3211 2277 3341 2332; x_wconf 80' lang='grc' dir='ltr'>Υἱδν</span> <span class='ocrx_word' id='word_1_391' title='bbox 3366 2277 3619 2349; x_wconf 81' lang='grc' dir='ltr'>ἀνθρώπου</span> <span class='ocrx_word' id='word_1_392' title='bbox 3635 2297 3676 2340; x_wconf 78' lang='grc' dir='ltr'><strong>,ι</strong></span> <span class='ocrx_word' id='word_1_393' title='bbox 3697 2279 3760 2330; x_wconf 72' lang='grc' dir='ltr'>καὶ</span> 
     </span>
    </p>
   </div>
   <div class='ocr_carea' id='block_1_54' title="bbox 2273 2366 2522 2438">
    <p class='ocr_par' dir='ltr' id='par_1_54' title="bbox 2273 2366 2522 2438">
     <span class='ocr_line' id='line_1_54' title="bbox 2273 2366 2522 2438; baseline 0.004 -18"><span class='ocrx_word' id='word_1_394' title='bbox 2273 2367 2342 2421; x_wconf 84' lang='grc' dir='ltr'>τὰ</span> <span class='ocrx_word' id='word_1_395' title='bbox 2375 2366 2522 2438; x_wconf 77' lang='grc' dir='ltr'>ἑξῆς.</span> 
     </span>
    </p>
   </div>
   <div class='ocr_carea' id='block_1_55' title="bbox 2276 2459 3758 2534">
    <p class='ocr_par' dir='ltr' id='par_1_55' title="bbox 2276 2459 3758 2534">
     <span class='ocr_line' id='line_1_55' title="bbox 2276 2459 3758 2534; baseline -0.001 -22"><span class='ocrx_word' id='word_1_396' title='bbox 2276 2461 2281 2468; x_wconf 85' lang='grc'><em>’</em></span> <span class='ocrx_word' id='word_1_397' title='bbox 2342 2459 2414 2512; x_wconf 85' lang='grc' dir='ltr'><strong>δ’.</strong></span> <span class='ocrx_word' id='word_1_398' title='bbox 2452 2461 2573 2514; x_wconf 84' lang='grc' dir='ltr'>’Ότι</span> <span class='ocrx_word' id='word_1_399' title='bbox 2605 2461 2856 2532; x_wconf 84' lang='grc' dir='ltr'>Ἰωάννης</span> <span class='ocrx_word' id='word_1_400' title='bbox 2887 2462 3031 2531; x_wconf 80' lang='grc' dir='ltr'>λέγει</span> <span class='ocrx_word' id='word_1_401' title='bbox 3056 2464 3138 2534; x_wconf 69' lang='grc' dir='ltr'>τῇ</span> <span class='ocrx_word' id='word_1_402' title='bbox 3156 2463 3254 2533; x_wconf 79' lang='grc' dir='ltr'>μιᾷ</span> <span class='ocrx_word' id='word_1_403' title='bbox 3281 2462 3388 2515; x_wconf 85' lang='grc' dir='ltr'><strong>τῶν</strong></span> <span class='ocrx_word' id='word_1_404' title='bbox 3406 2461 3656 2516; x_wconf 73' lang='grc' dir='ltr'>Σαὸὁάτων</span> <span class='ocrx_word' id='word_1_405' title='bbox 3676 2461 3758 2512; x_wconf 76' lang='lat' dir='ltr'><strong>Ma-</strong></span> 
     </span>
    </p>
   </div>
   <div class='ocr_carea' id='block_1_56' title="bbox 2277 2550 3757 2626">
    <p class='ocr_par' dir='ltr' id='par_1_56' title="bbox 2277 2550 3757 2626">
     <span class='ocr_line' id='line_1_56' title="bbox 2277 2550 3757 2626; baseline 0.005 -23"><span class='ocrx_word' id='word_1_406' title='bbox 2277 2550 2396 2622; x_wconf 83' lang='grc' dir='ltr'>ρίαν</span> <span class='ocrx_word' id='word_1_407' title='bbox 2423 2552 2520 2623; x_wconf 85' lang='grc' dir='ltr'>τὴν</span> <span class='ocrx_word' id='word_1_408' title='bbox 2541 2552 2906 2625; x_wconf 81' lang='grc' dir='ltr'>Μαγδαληνήν</span> <span class='ocrx_word' id='word_1_409' title='bbox 2933 2554 3099 2625; x_wconf 81' lang='grc' dir='ltr'>μόνην</span> <span class='ocrx_word' id='word_1_410' title='bbox 3117 2553 3373 2626; x_wconf 77' lang='grc' dir='ltr'>ἔρχεσθαι</span> <span class='ocrx_word' id='word_1_411' title='bbox 3399 2554 3523 2625; x_wconf 81' lang='grc' dir='ltr'>πρὸς</span> <span class='ocrx_word' id='word_1_412' title='bbox 3545 2554 3596 2606; x_wconf 80' lang='grc' dir='ltr'><strong>τὸ</strong></span> <span class='ocrx_word' id='word_1_413' title='bbox 3611 2553 3757 2622; x_wconf 71' lang='grc' dir='ltr'>μνῆμα.</span> 
     </span>
    </p>
   </div>
   <div class='ocr_carea' id='block_1_57' title="bbox 2274 2642 3759 2716">
    <p class='ocr_par' dir='ltr' id='par_1_57' title="bbox 2274 2642 3759 2716">
     <span class='ocr_line' id='line_1_57' title="bbox 2274 2642 3759 2716; baseline -0.001 -20"><span class='ocrx_word' id='word_1_414' title='bbox 2274 2643 2490 2707; x_wconf 82' lang='grc' dir='ltr'>σκοτίας</span> <span class='ocrx_word' id='word_1_415' title='bbox 2517 2642 2595 2696; x_wconf 79' lang='grc' dir='ltr'>ἔτι</span> <span class='ocrx_word' id='word_1_416' title='bbox 2623 2643 2788 2715; x_wconf 76' lang='grc' dir='ltr'>οὔσης</span> <span class='ocrx_word' id='word_1_417' title='bbox 2806 2685 2820 2710; x_wconf 93' lang='grc'><strong>,</strong></span> <span class='ocrx_word' id='word_1_418' title='bbox 2856 2645 2952 2699; x_wconf 76' lang='grc' dir='ltr'><strong>καὶ</strong></span> <span class='ocrx_word' id='word_1_419' title='bbox 2985 2645 3166 2716; x_wconf 82' lang='grc' dir='ltr'>βλέπει</span> <span class='ocrx_word' id='word_1_420' title='bbox 3197 2645 3293 2699; x_wconf 83' lang='grc' dir='ltr'><strong>τὸν</strong></span> <span class='ocrx_word' id='word_1_421' title='bbox 3328 2645 3469 2699; x_wconf 85' lang='grc' dir='ltr'>λίθον</span> <span class='ocrx_word' id='word_1_422' title='bbox 3491 2644 3680 2716; x_wconf 79' lang='grc' dir='ltr'>ἠρμένον</span> <span class='ocrx_word' id='word_1_423' title='bbox 3697 2645 3759 2695; x_wconf 69' lang='grc' dir='ltr'>καὶ</span> 
     </span>
    </p>
   </div>
   <div class='ocr_carea' id='block_1_58' title="bbox 2271 2733 3756 2810">
    <p class='ocr_par' dir='ltr' id='par_1_58' title="bbox 2271 2733 3756 2810">
     <span class='ocr_line' id='line_1_58' title="bbox 2271 2733 3756 2810; baseline 0 -24"><span class='ocrx_word' id='word_1_424' title='bbox 2271 2733 2486 2806; x_wconf 75' lang='grc' dir='ltr'>ἔρχεται</span> <span class='ocrx_word' id='word_1_425' title='bbox 2537 2736 2673 2807; x_wconf 84' lang='grc' dir='ltr'>πρὸς</span> <span class='ocrx_word' id='word_1_426' title='bbox 2702 2737 2920 2808; x_wconf 86' lang='grc' dir='ltr'>Σίμωνα</span> <span class='ocrx_word' id='word_1_427' title='bbox 2953 2737 3046 2792; x_wconf 74' lang='grc' dir='ltr'><strong>καὶ</strong></span> <span class='ocrx_word' id='word_1_428' title='bbox 3077 2738 3215 2810; x_wconf 79' lang='grc' dir='ltr'>πρὸς</span> <span class='ocrx_word' id='word_1_429' title='bbox 3263 2738 3508 2810; x_wconf 80' lang='grc' dir='ltr'>Ἰωάννην</span> <span class='ocrx_word' id='word_1_430' title='bbox 3537 2738 3616 2791; x_wconf 75' lang='grc' dir='ltr'><strong>καὶ</strong></span> <span class='ocrx_word' id='word_1_431' title='bbox 3640 2735 3756 2802; x_wconf 77' lang='grc' dir='ltr'>λέγει,</span> 
     </span>
    </p>
   </div>
   <div class='ocr_carea' id='block_1_59' title="bbox 2276 2822 3757 2900">
    <p class='ocr_par' dir='ltr' id='par_1_59' title="bbox 2276 2822 3757 2900">
     <span class='ocr_line' id='line_1_59' title="bbox 2276 2822 3757 2900; baseline 0.001 -22"><span class='ocrx_word' id='word_1_432' title='bbox 2276 2845 2294 2877; x_wconf 79' lang='grc' dir='ltr'><strong>ι</strong></span> <span class='ocrx_word' id='word_1_433' title='bbox 2316 2822 2497 2899; x_wconf 79' lang='grc' dir='ltr'><strong>τΗραν</strong></span> <span class='ocrx_word' id='word_1_434' title='bbox 2523 2827 2616 2882; x_wconf 80' lang='grc' dir='ltr'><strong>τὸν</strong></span> <span class='ocrx_word' id='word_1_435' title='bbox 2656 2828 2860 2900; x_wconf 85' lang='grc' dir='ltr'>Κύριον</span> <span class='ocrx_word' id='word_1_436' title='bbox 2898 2829 3004 2882; x_wconf 83' lang='grc' dir='ltr'>ἀπὸ</span> <span class='ocrx_word' id='word_1_437' title='bbox 3032 2828 3125 2882; x_wconf 85' lang='grc' dir='ltr'><strong>τοῦ</strong></span> <span class='ocrx_word' id='word_1_438' title='bbox 3163 2848 3270 2900; x_wconf 91' lang='grc' dir='ltr'><strong>μνη</strong></span> <span class='ocrx_word' id='word_1_439' title='bbox 3282 2831 3432 2899; x_wconf 87' lang='grc' dir='ltr'>μείου</span> <span class='ocrx_word' id='word_1_440' title='bbox 3463 2830 3548 2885; x_wconf 77' lang='grc' dir='ltr'><strong>καὶ</strong></span> <span class='ocrx_word' id='word_1_441' title='bbox 3579 2830 3658 2882; x_wconf 70' lang='grc' dir='ltr'><strong>οὐκ</strong></span> <span class='ocrx_word' id='word_1_442' title='bbox 3681 2823 3757 2880; x_wconf 72' lang='grc' dir='ltr'>οἶδα</span> 
     </span>
    </p>
   </div>
   <div class='ocr_carea' id='block_1_60' title="bbox 2269 2918 3759 2995">
    <p class='ocr_par' dir='ltr' id='par_1_60' title="bbox 2269 2918 3759 2995">
     <span class='ocr_line' id='line_1_60' title="bbox 2269 2918 3759 2995; baseline 0.005 -23"><span class='ocrx_word' id='word_1_443' title='bbox 2269 2918 2371 2972; x_wconf 86' lang='grc' dir='ltr'><strong>ποῦ</strong></span> <span class='ocrx_word' id='word_1_444' title='bbox 2410 2919 2610 2991; x_wconf 76' lang='grc' dir='ltr'>ἔθηκαν</span> <span class='ocrx_word' id='word_1_445' title='bbox 2649 2921 2810 2975; x_wconf 85' lang='grc' dir='ltr'>αὐτόν</span> <span class='ocrx_word' id='word_1_446' title='bbox 2832 2938 2844 2951; x_wconf 90' lang='grc'><strong>·</strong></span> <span class='ocrx_word' id='word_1_447' title='bbox 2878 2918 3039 2993; x_wconf 83' lang='grc' dir='ltr'>ἦλθεν</span> <span class='ocrx_word' id='word_1_448' title='bbox 3080 2919 3172 2976; x_wconf 72' lang='grc' dir='ltr'><strong>οὖν</strong></span> <span class='ocrx_word' id='word_1_449' title='bbox 3205 2925 3415 2995; x_wconf 83' lang='grc' dir='ltr'>Πέτρος</span> <span class='ocrx_word' id='word_1_450' title='bbox 3445 2925 3532 2977; x_wconf 68' lang='grc' dir='ltr'><strong>καὶ</strong></span> <span class='ocrx_word' id='word_1_451' title='bbox 3575 2923 3759 2992; x_wconf 72' lang='grc' dir='ltr'>Ἰωάννης</span> 
     </span>
    </p>
   </div>
   <div class='ocr_carea' id='block_1_61' title="bbox 2268 3013 3759 3086">
    <p class='ocr_par' dir='ltr' id='par_1_61' title="bbox 2268 3013 3759 3086">
     <span class='ocr_line' id='line_1_61' title="bbox 2268 3013 3759 3086; baseline 0.001 -21"><span class='ocrx_word' id='word_1_452' title='bbox 2268 3013 2359 3065; x_wconf 76' lang='grc' dir='ltr'>ἐπὶ</span> <span class='ocrx_word' id='word_1_453' title='bbox 2389 3013 2448 3066; x_wconf 82' lang='grc' dir='ltr'>τὸ</span> <span class='ocrx_word' id='word_1_454' title='bbox 2475 3015 2732 3084; x_wconf 78' lang='grc' dir='ltr'>μνημεῖον</span> <span class='ocrx_word' id='word_1_455' title='bbox 2751 3055 2765 3078; x_wconf 91' lang='grc'><strong>,</strong></span> <span class='ocrx_word' id='word_1_456' title='bbox 2791 3033 2809 3066; x_wconf 77' lang='grc' dir='ltr'><strong>ι</strong></span> <span class='ocrx_word' id='word_1_457' title='bbox 2841 3015 3024 3068; x_wconf 77' lang='grc' dir='ltr'>καὶτὰ</span> <span class='ocrx_word' id='word_1_458' title='bbox 3052 3015 3196 3085; x_wconf 80' lang='grc' dir='ltr'><strong>ἑξῆς.</strong></span> <span class='ocrx_word' id='word_1_459' title='bbox 3232 3013 3370 3071; x_wconf 75' lang='grc' dir='ltr'>Εἶτα</span> <span class='ocrx_word' id='word_1_460' title='bbox 3396 3017 3585 3086; x_wconf 76' lang='grc' dir='ltr'>εἰσάγει</span> <span class='ocrx_word' id='word_1_461' title='bbox 3610 3016 3759 3070; x_wconf 59' lang='grc' dir='ltr'>κλαίοι·</span> 
     </span>
    </p>
   </div>
   <div class='ocr_carea' id='block_1_62' title="bbox 2269 3104 3760 3178">
    <p class='ocr_par' dir='ltr' id='par_1_62' title="bbox 2269 3104 3760 3178">
     <span class='ocr_line' id='line_1_62' title="bbox 2269 3104 3760 3178; baseline -0.001 -22"><span class='ocrx_word' id='word_1_462' title='bbox 2269 3121 2365 3159; x_wconf 87' lang='grc' dir='ltr'><strong>σαν</strong></span> <span class='ocrx_word' id='word_1_463' title='bbox 2399 3104 2497 3176; x_wconf 81' lang='grc' dir='ltr'><strong>τὴν</strong></span> <span class='ocrx_word' id='word_1_464' title='bbox 2531 3105 2926 3177; x_wconf 79' lang='grc' dir='ltr'>Μαγδαληνήν,</span> <span class='ocrx_word' id='word_1_465' title='bbox 2969 3105 3062 3160; x_wconf 80' lang='grc' dir='ltr'>καὶ</span> <span class='ocrx_word' id='word_1_466' title='bbox 3097 3108 3496 3178; x_wconf 70' lang='grc' dir='ltr'>παρακύψασαν</span> <span class='ocrx_word' id='word_1_467' title='bbox 3527 3108 3632 3161; x_wconf 80' lang='grc' dir='ltr'>ἰδεῖν</span> <span class='ocrx_word' id='word_1_468' title='bbox 3659 3107 3760 3173; x_wconf 76' lang='grc' dir='ltr'>λέγει</span> 
     </span>
    </p>
   </div>
   <div class='ocr_carea' id='block_1_63' title="bbox 600 3187 2166 3277">
    <p class='ocr_par' dir='ltr' id='par_1_63' title="bbox 600 3191 2162 3275">
     <span class='ocr_line' id='line_1_63' title="bbox 600 3191 2162 3275; baseline 0.01 -31"><span class='ocrx_word' id='word_1_469' title='bbox 600 3191 804 3248; x_wconf 89' lang='lat' dir='ltr'><strong>vidisse</strong></span> <span class='ocrx_word' id='word_1_470' title='bbox 830 3194 903 3248; x_wconf 90' lang='lat' dir='ltr'><strong>ait</strong></span> <span class='ocrx_word' id='word_1_471' title='bbox 926 3198 1064 3252; x_wconf 89' lang='lat' dir='ltr'><strong>duos</strong></span> <span class='ocrx_word' id='word_1_472' title='bbox 1108 3200 1332 3267; x_wconf 83' lang='lat' dir='ltr'><strong>angelos</strong></span> <span class='ocrx_word' id='word_1_473' title='bbox 1373 3200 1648 3266; x_wconf 87' lang='lat' dir='ltr'><strong>sedentes,</strong></span> <span class='ocrx_word' id='word_1_474' title='bbox 1678 3218 1844 3256; x_wconf 91' lang='lat' dir='ltr'><strong>unum</strong></span> <span class='ocrx_word' id='word_1_475' title='bbox 1873 3204 1940 3258; x_wconf 91' lang='lat' dir='ltr'><strong>ad</strong></span> <span class='ocrx_word' id='word_1_476' title='bbox 1975 3216 2162 3275; x_wconf 89' lang='lat' dir='ltr'><strong>caput,</strong></span> 
     </span>
    </p>
   </div>
   <div class='ocr_carea' id='block_1_64' title="bbox 2255 3187 3761 3277">
    <p class='ocr_par' dir='ltr' id='par_1_64' title="bbox 2269 3187 3761 3271">
     <span class='ocr_line' id='line_1_64' title="bbox 2269 3187 3761 3271; baseline -0.001 -22"><span class='ocrx_word' id='word_1_477' title='bbox 2269 3196 2359 3249; x_wconf 85' lang='grc' dir='ltr'>δύο</span> <span class='ocrx_word' id='word_1_478' title='bbox 2382 3196 2643 3265; x_wconf 81' lang='grc' dir='ltr'>ἀγγέλους</span> <span class='ocrx_word' id='word_1_479' title='bbox 2675 3187 3094 3269; x_wconf 80' lang='grc' dir='ltr'>καθεζομένους,</span> <span class='ocrx_word' id='word_1_480' title='bbox 3126 3198 3223 3252; x_wconf 73' lang='grc' dir='ltr'><strong>ἕνα</strong></span> <span class='ocrx_word' id='word_1_481' title='bbox 3254 3199 3396 3271; x_wconf 80' lang='grc' dir='ltr'>πρὸς</span> <span class='ocrx_word' id='word_1_482' title='bbox 3422 3203 3482 3271; x_wconf 82' lang='grc' dir='ltr'>τῇ</span> <span class='ocrx_word' id='word_1_483' title='bbox 3498 3195 3761 3267; x_wconf 65' lang='grc' dir='ltr'>κεφαλῇ,κιὶ</span> 
     </span>
    </p>
   </div>
   <div class='ocr_carea' id='block_1_65' title="bbox 559 3284 2164 3367">
    <p class='ocr_par' dir='ltr' id='par_1_65' title="bbox 559 3284 2164 3367">
     <span class='ocr_line' id='line_1_65' title="bbox 559 3284 2164 3367; baseline 0.009 -31"><span class='ocrx_word' id='word_1_484' title='bbox 559 3284 564 3289; x_wconf 75' lang='grc'><em>’</em></span> <span class='ocrx_word' id='word_1_485' title='bbox 596 3285 826 3340; x_wconf 89' lang='lat' dir='ltr'><strong>alterum</strong></span> <span class='ocrx_word' id='word_1_486' title='bbox 862 3287 930 3341; x_wconf 88' lang='lat' dir='ltr'><strong>ad</strong></span> <span class='ocrx_word' id='word_1_487' title='bbox 959 3288 1123 3358; x_wconf 89' lang='lat' dir='ltr'><strong>pedes</strong></span> <span class='ocrx_word' id='word_1_488' title='bbox 1142 3330 1158 3354; x_wconf 93' lang='lat'><strong>,</strong></span> <span class='ocrx_word' id='word_1_489' title='bbox 1179 3291 1389 3360; x_wconf 88' lang='lat' dir='ltr'><strong>sibique</strong></span> <span class='ocrx_word' id='word_1_490' title='bbox 1417 3292 1663 3349; x_wconf 89' lang='lat' dir='ltr'><strong>dicentes</strong></span> <span class='ocrx_word' id='word_1_491' title='bbox 1693 3312 1706 3348; x_wconf 93' lang='lat'>:</span> <span class='ocrx_word' id='word_1_492' title='bbox 1744 3313 1762 3345; x_wconf 75' lang='grc' dir='ltr'><strong>ι</strong></span> <span class='ocrx_word' id='word_1_493' title='bbox 1797 3294 2008 3361; x_wconf 85' lang='lat' dir='ltr'><strong>Mulier,</strong></span> <span class='ocrx_word' id='word_1_494' title='bbox 2032 3296 2164 3367; x_wconf 90' lang='lat' dir='ltr'><strong>quid</strong></span> 
     </span>
    </p>
   </div>
   <div class='ocr_carea' id='block_1_66' title="bbox 596 3375 2163 3450">
    <p class='ocr_par' dir='ltr' id='par_1_66' title="bbox 596 3375 2163 3450">
     <span class='ocr_line' id='line_1_66' title="bbox 596 3375 2163 3450; baseline 0.009 -22"><span class='ocrx_word' id='word_1_495' title='bbox 596 3375 817 3444; x_wconf 86' lang='lat' dir='ltr'><strong>ploras?</strong></span> <span class='ocrx_word' id='word_1_496' title='bbox 844 3397 862 3430; x_wconf 77' lang='grc' dir='ltr'><strong>ι</strong></span> <span class='ocrx_word' id='word_1_497' title='bbox 895 3395 1016 3449; x_wconf 68' lang='lat' dir='ltr'><strong>quae</strong></span> <span class='ocrx_word' id='word_1_498' title='bbox 1048 3380 1122 3434; x_wconf 87' lang='lat' dir='ltr'><strong>ait</strong></span> <span class='ocrx_word' id='word_1_499' title='bbox 1155 3399 1168 3435; x_wconf 92' lang='lat'>:</span> <span class='ocrx_word' id='word_1_500' title='bbox 1200 3399 1218 3432; x_wconf 84' lang='grc' dir='ltr'><strong>ι</strong></span> <span class='ocrx_word' id='word_1_501' title='bbox 1251 3380 1516 3437; x_wconf 86' lang='lat' dir='ltr'><strong>Tulerunt</strong></span> <span class='ocrx_word' id='word_1_502' title='bbox 1544 3382 1829 3438; x_wconf 90' lang='lat' dir='ltr'><strong>Dominum</strong></span> <span class='ocrx_word' id='word_1_503' title='bbox 1871 3401 2071 3450; x_wconf 91' lang='lat' dir='ltr'><strong>meum,</strong></span> <span class='ocrx_word' id='word_1_504' title='bbox 2109 3394 2163 3442; x_wconf 88' lang='lat' dir='ltr'><strong>et</strong></span> 
     </span>
    </p>
   </div>
   <div class='ocr_carea' id='block_1_67' title="bbox 595 3467 2160 3539">
    <p class='ocr_par' dir='ltr' id='par_1_67' title="bbox 595 3467 2160 3539">
     <span class='ocr_line' id='line_1_67' title="bbox 595 3467 2160 3539; baseline 0.008 -19"><span class='ocrx_word' id='word_1_505' title='bbox 595 3467 784 3522; x_wconf 89' lang='lat' dir='ltr'><strong>nescio</strong></span> <span class='ocrx_word' id='word_1_506' title='bbox 813 3469 902 3524; x_wconf 91' lang='lat' dir='ltr'><strong>ubi</strong></span> <span class='ocrx_word' id='word_1_507' title='bbox 930 3480 1232 3539; x_wconf 90' lang='lat' dir='ltr'><strong>posuerunt</strong></span> <span class='ocrx_word' id='word_1_508' title='bbox 1266 3489 1412 3530; x_wconf 89' lang='lat' dir='ltr'><strong>cum.</strong></span> <span class='ocrx_word' id='word_1_509' title='bbox 1449 3495 1467 3527; x_wconf 71' lang='grc' dir='ltr'><strong>ι</strong></span> <span class='ocrx_word' id='word_1_510' title='bbox 1503 3474 1626 3530; x_wconf 80' lang='lat' dir='ltr'><strong>Mox</strong></span> <span class='ocrx_word' id='word_1_511' title='bbox 1662 3491 1927 3532; x_wconf 88' lang='lat' dir='ltr'><strong>conversa</strong></span> <span class='ocrx_word' id='word_1_512' title='bbox 1954 3488 2160 3533; x_wconf 85' lang='lat' dir='ltr'><strong>retror-</strong></span> 
     </span>
    </p>
   </div>
   <div class='ocr_carea' id='block_1_68' title="bbox 593 3560 2160 3637">
    <p class='ocr_par' dir='ltr' id='par_1_68' title="bbox 593 3560 2160 3637">
     <span class='ocr_line' id='line_1_68' title="bbox 593 3560 2160 3637; baseline 0.008 -24"><span class='ocrx_word' id='word_1_513' title='bbox 593 3573 718 3613; x_wconf 79' lang='lat' dir='ltr'><strong>sum</strong></span> <span class='ocrx_word' id='word_1_514' title='bbox 761 3560 897 3614; x_wconf 88' lang='lat' dir='ltr'><strong>vidit</strong></span> <span class='ocrx_word' id='word_1_515' title='bbox 943 3561 1130 3618; x_wconf 84' lang='lat' dir='ltr'><strong>Jesum</strong></span> <span class='ocrx_word' id='word_1_516' title='bbox 1189 3573 1445 3630; x_wconf 87' lang='lat' dir='ltr'><strong>stantem,</strong></span> <span class='ocrx_word' id='word_1_517' title='bbox 1492 3583 1667 3637; x_wconf 89' lang='lat' dir='ltr'><strong>neque</strong></span> <span class='ocrx_word' id='word_1_518' title='bbox 1722 3576 1902 3624; x_wconf 90' lang='lat' dir='ltr'><strong>tamen</strong></span> <span class='ocrx_word' id='word_1_519' title='bbox 1953 3570 2160 3627; x_wconf 86' lang='lat' dir='ltr'><strong>sciebat</strong></span> 
     </span>
    </p>
   </div>
   <div class='ocr_carea' id='block_1_69' title="bbox 590 3650 2160 3729">
    <p class='ocr_par' dir='ltr' id='par_1_69' title="bbox 590 3650 2160 3729">
     <span class='ocr_line' id='line_1_69' title="bbox 590 3650 2160 3729; baseline 0.009 -25"><span class='ocrx_word' id='word_1_520' title='bbox 590 3665 714 3704; x_wconf 90' lang='lat' dir='ltr'><strong>eum</strong></span> <span class='ocrx_word' id='word_1_521' title='bbox 731 3665 854 3706; x_wconf 81' lang='lat' dir='ltr'><strong>esse</strong></span> <span class='ocrx_word' id='word_1_522' title='bbox 869 3650 1076 3709; x_wconf 81' lang='lat' dir='ltr'><strong>Jesum.</strong></span> <span class='ocrx_word' id='word_1_523' title='bbox 1100 3654 1236 3709; x_wconf 88' lang='lat' dir='ltr'><strong>Dicit</strong></span> <span class='ocrx_word' id='word_1_524' title='bbox 1266 3665 1446 3712; x_wconf 86' lang='lat' dir='ltr'><strong>autem</strong></span> <span class='ocrx_word' id='word_1_525' title='bbox 1471 3657 1520 3712; x_wconf 93' lang='lat' dir='ltr'><strong>ei</strong></span> <span class='ocrx_word' id='word_1_526' title='bbox 1548 3656 1711 3714; x_wconf 80' lang='lat' dir='ltr'><strong>Jesus</strong></span> <span class='ocrx_word' id='word_1_527' title='bbox 1740 3679 1752 3714; x_wconf 94' lang='lat'>:</span> <span class='ocrx_word' id='word_1_528' title='bbox 1784 3679 1802 3712; x_wconf 82' lang='grc' dir='ltr'><strong>ι</strong></span> <span class='ocrx_word' id='word_1_529' title='bbox 1827 3659 2040 3729; x_wconf 84' lang='lat' dir='ltr'><strong>Mulier,</strong></span> <span class='ocrx_word' id='word_1_530' title='bbox 2061 3678 2160 3718; x_wconf 91' lang='lat' dir='ltr'><strong>cur</strong></span> 
     </span>
    </p>
   </div>
   <div class='ocr_carea' id='block_1_70' title="bbox 591 3740 1316 3816">
    <p class='ocr_par' dir='ltr' id='par_1_70' title="bbox 591 3740 1316 3816">
     <span class='ocr_line' id='line_1_70' title="bbox 591 3740 1316 3816; baseline 0.007 -22"><span class='ocrx_word' id='word_1_531' title='bbox 591 3740 817 3811; x_wconf 86' lang='lat' dir='ltr'><strong>ploras?</strong></span> <span class='ocrx_word' id='word_1_532' title='bbox 843 3760 1003 3813; x_wconf 84' lang='lat' dir='ltr'><strong>quem</strong></span> <span class='ocrx_word' id='word_1_533' title='bbox 1031 3748 1269 3816; x_wconf 68' lang='lat' dir='ltr'><strong>quaeris?</strong></span> <span class='ocrx_word' id='word_1_534' title='bbox 1297 3767 1316 3799; x_wconf 73' lang='grc' dir='ltr'><strong>ι</strong></span> 
     </span>
    </p>
   </div>
   <div class='ocr_carea' id='block_1_71' title="bbox 663 3831 2157 3915">
    <p class='ocr_par' dir='ltr' id='par_1_71' title="bbox 663 3831 2157 3915">
     <span class='ocr_line' id='line_1_71' title="bbox 663 3831 2157 3915; baseline 0.009 -27"><span class='ocrx_word' id='word_1_535' title='bbox 663 3831 719 3888; x_wconf 81' lang='lat'><strong>5.</strong></span> <span class='ocrx_word' id='word_1_536' title='bbox 763 3833 1058 3905; x_wconf 83' lang='lat' dir='ltr'><strong>Ambigunt</strong></span> <span class='ocrx_word' id='word_1_537' title='bbox 1111 3841 1360 3894; x_wconf 92' lang='lat' dir='ltr'><strong>nonnulli</strong></span> <span class='ocrx_word' id='word_1_538' title='bbox 1416 3857 1652 3912; x_wconf 88' lang='lat' dir='ltr'><strong>quonam</strong></span> <span class='ocrx_word' id='word_1_539' title='bbox 1698 3855 1857 3915; x_wconf 88' lang='lat' dir='ltr'><strong>pacto</strong></span> <span class='ocrx_word' id='word_1_540' title='bbox 1891 3853 2003 3901; x_wconf 91' lang='lat' dir='ltr'><strong>tres</strong></span> <span class='ocrx_word' id='word_1_541' title='bbox 2040 3845 2157 3902; x_wconf 92' lang='lat' dir='ltr'><strong>dies</strong></span> 
     </span>
    </p>
   </div>
   <div class='ocr_carea' id='block_1_72' title="bbox 589 3929 2158 4006">
    <p class='ocr_par' dir='ltr' id='par_1_72' title="bbox 589 3929 2158 4006">
     <span class='ocr_line' id='line_1_72' title="bbox 589 3929 2158 4006; baseline 0.009 -29"><span class='ocrx_word' id='word_1_542' title='bbox 589 3931 891 3995; x_wconf 89' lang='lat' dir='ltr'><strong>noctesque</strong></span> <span class='ocrx_word' id='word_1_543' title='bbox 919 3936 1028 3982; x_wconf 91' lang='lat' dir='ltr'><strong>tres</strong></span> <span class='ocrx_word' id='word_1_544' title='bbox 1057 3929 1316 3986; x_wconf 69' lang='lat' dir='ltr'><strong>absolutae</strong></span> <span class='ocrx_word' id='word_1_545' title='bbox 1347 3931 1566 3999; x_wconf 80' lang='lat' dir='ltr'><strong>iuerint,</strong></span> <span class='ocrx_word' id='word_1_546' title='bbox 1600 3937 1678 3989; x_wconf 91' lang='lat' dir='ltr'><strong>uti</strong></span> <span class='ocrx_word' id='word_1_547' title='bbox 1714 3938 1962 4006; x_wconf 63' lang='lat' dir='ltr'><strong>praadixit</strong></span> <span class='ocrx_word' id='word_1_548' title='bbox 1999 3939 2158 3993; x_wconf 88' lang='lat' dir='ltr'><strong>Chri-</strong></span> 
     </span>
    </p>
   </div>
   <div class='ocr_carea' id='block_1_73' title="bbox 591 4018 2156 4100">
    <p class='ocr_par' dir='ltr' id='par_1_73' title="bbox 591 4018 2156 4100">
     <span class='ocr_line' id='line_1_73' title="bbox 591 4018 2156 4100; baseline 0.01 -30"><span class='ocrx_word' id='word_1_549' title='bbox 591 4022 732 4080; x_wconf 87' lang='lat' dir='ltr'><strong>stus,</strong></span> <span class='ocrx_word' id='word_1_550' title='bbox 758 4027 882 4072; x_wconf 88' lang='lat' dir='ltr'><strong>ante</strong></span> <span class='ocrx_word' id='word_1_551' title='bbox 910 4018 1212 4075; x_wconf 79' lang='lat' dir='ltr'><strong>faciendam</strong></span> <span class='ocrx_word' id='word_1_552' title='bbox 1237 4030 1714 4084; x_wconf 80' lang='lat' dir='ltr'><strong>resurrectionem.</strong></span> <span class='ocrx_word' id='word_1_553' title='bbox 1738 4029 1909 4086; x_wconf 90' lang='lat' dir='ltr'><strong>Porro</strong></span> <span class='ocrx_word' id='word_1_554' title='bbox 1939 4047 2156 4100; x_wconf 87' lang='lat' dir='ltr'><strong>respon-</strong></span> 
     </span>
    </p>
   </div>
   <div class='ocr_carea' id='block_1_74' title="bbox 589 4102 2155 4190">
    <p class='ocr_par' dir='ltr' id='par_1_74' title="bbox 589 4102 2155 4190">
     <span class='ocr_line' id='line_1_74' title="bbox 589 4102 2155 4190; baseline 0.014 -34"><span class='ocrx_word' id='word_1_555' title='bbox 589 4102 719 4160; x_wconf 89' lang='lat' dir='ltr'><strong>dere</strong></span> <span class='ocrx_word' id='word_1_556' title='bbox 753 4107 833 4161; x_wconf 88' lang='lat' dir='ltr'><strong>sic</strong></span> <span class='ocrx_word' id='word_1_557' title='bbox 873 4107 1016 4162; x_wconf 89' lang='lat' dir='ltr'><strong>licet.</strong></span> <span class='ocrx_word' id='word_1_558' title='bbox 1049 4109 1156 4163; x_wconf 87' lang='lat' dir='ltr'><strong>Alii</strong></span> <span class='ocrx_word' id='word_1_559' title='bbox 1196 4128 1224 4164; x_wconf 93' lang='lat' dir='ltr'><strong>a</strong></span> <span class='ocrx_word' id='word_1_560' title='bbox 1259 4122 1524 4183; x_wconf 90' lang='lat' dir='ltr'><strong>tempore,</strong></span> <span class='ocrx_word' id='word_1_561' title='bbox 1559 4134 1668 4187; x_wconf 92' lang='lat' dir='ltr'><strong>quo</strong></span> <span class='ocrx_word' id='word_1_562' title='bbox 1707 4118 1867 4175; x_wconf 84' lang='lat' dir='ltr'><strong>Jesus</strong></span> <span class='ocrx_word' id='word_1_563' title='bbox 1906 4121 2155 4190; x_wconf 86' lang='lat' dir='ltr'><strong>proditus</strong></span> 
     </span>
    </p>
   </div>
   <div class='ocr_carea' id='block_1_75' title="bbox 586 4191 2152 4276">
    <p class='ocr_par' dir='ltr' id='par_1_75' title="bbox 586 4191 2152 4276">
     <span class='ocr_line' id='line_1_75' title="bbox 586 4191 2152 4276; baseline 0.012 -30"><span class='ocrx_word' id='word_1_564' title='bbox 586 4191 714 4258; x_wconf 85' lang='lat' dir='ltr'><strong>fuit,</strong></span> <span class='ocrx_word' id='word_1_565' title='bbox 743 4206 1029 4250; x_wconf 91' lang='lat' dir='ltr'><strong>numerant</strong></span> <span class='ocrx_word' id='word_1_566' title='bbox 1063 4219 1074 4254; x_wconf 92' lang='lat'><strong>:</strong></span> <span class='ocrx_word' id='word_1_567' title='bbox 1103 4201 1193 4254; x_wconf 88' lang='lat' dir='ltr'><strong>alii</strong></span> <span class='ocrx_word' id='word_1_568' title='bbox 1247 4219 1576 4273; x_wconf 77' lang='lat' dir='ltr'><strong>parasccvcn</strong></span> <span class='ocrx_word' id='word_1_569' title='bbox 1627 4207 1681 4261; x_wconf 92' lang='lat' dir='ltr'><strong>in</strong></span> <span class='ocrx_word' id='word_1_570' title='bbox 1729 4209 1838 4264; x_wconf 91' lang='lat' dir='ltr'><strong>duo</strong></span> <span class='ocrx_word' id='word_1_571' title='bbox 1884 4209 2152 4276; x_wconf 87' lang='lat' dir='ltr'><strong>dividunt,</strong></span> 
     </span>
    </p>
   </div>
   <div class='ocr_carea' id='block_1_76' title="bbox 583 4284 2154 4366">
    <p class='ocr_par' dir='ltr' id='par_1_76' title="bbox 583 4284 2154 4366">
     <span class='ocr_line' id='line_1_76' title="bbox 583 4284 2154 4366; baseline 0.013 -30"><span class='ocrx_word' id='word_1_572' title='bbox 583 4284 712 4352; x_wconf 92' lang='lat' dir='ltr'><strong>quia</strong></span> <span class='ocrx_word' id='word_1_573' title='bbox 769 4300 876 4340; x_wconf 79' lang='lat' dir='ltr'><strong>nox</strong></span> <span class='ocrx_word' id='word_1_574' title='bbox 932 4288 1029 4342; x_wconf 79' lang='lat' dir='ltr'><strong>fuit</strong></span> <span class='ocrx_word' id='word_1_575' title='bbox 1082 4306 1384 4362; x_wconf 80' lang='lat' dir='ltr'><strong>rursusque</strong></span> <span class='ocrx_word' id='word_1_576' title='bbox 1435 4293 1570 4362; x_wconf 89' lang='lat' dir='ltr'><strong>dies,</strong></span> <span class='ocrx_word' id='word_1_577' title='bbox 1617 4298 1741 4366; x_wconf 86' lang='lat' dir='ltr'><strong>quia</strong></span> <span class='ocrx_word' id='word_1_578' title='bbox 1790 4299 1999 4354; x_wconf 89' lang='lat' dir='ltr'><strong>scilicet</strong></span> <span class='ocrx_word' id='word_1_579' title='bbox 2062 4301 2154 4356; x_wconf 91' lang='lat' dir='ltr'><strong>illa</strong></span> 
     </span>
    </p>
   </div>
   <div class='ocr_carea' id='block_1_77' title="bbox 581 4375 2150 4448">
    <p class='ocr_par' dir='ltr' id='par_1_77' title="bbox 581 4375 2150 4448">
     <span class='ocr_line' id='line_1_77' title="bbox 581 4375 2150 4448; baseline 0.01 -18"><span class='ocrx_word' id='word_1_580' title='bbox 581 4375 671 4431; x_wconf 87' lang='lat' dir='ltr'><strong>die</strong></span> <span class='ocrx_word' id='word_1_581' title='bbox 702 4377 782 4431; x_wconf 93' lang='lat' dir='ltr'><strong>sol</strong></span> <span class='ocrx_word' id='word_1_582' title='bbox 811 4379 1159 4448; x_wconf 84' lang='lat' dir='ltr'><strong>obscuratus,</strong></span> <span class='ocrx_word' id='word_1_583' title='bbox 1191 4384 1370 4440; x_wconf 86' lang='lat' dir='ltr'><strong>denuo</strong></span> <span class='ocrx_word' id='word_1_584' title='bbox 1396 4387 1613 4441; x_wconf 82' lang='lat' dir='ltr'><strong>reluxit.</strong></span> <span class='ocrx_word' id='word_1_585' title='bbox 1652 4388 1785 4442; x_wconf 84' lang='lat' dir='ltr'><strong>Exin</strong></span> <span class='ocrx_word' id='word_1_586' title='bbox 1817 4402 1896 4445; x_wconf 84' lang='lat' dir='ltr'><strong>est</strong></span> <span class='ocrx_word' id='word_1_587' title='bbox 1931 4389 2150 4446; x_wconf 88' lang='lat' dir='ltr'><strong>Sabbati</strong></span> 
     </span>
    </p>
   </div>
   <div class='ocr_carea' id='block_1_78' title="bbox 584 4464 2154 4550">
    <p class='ocr_par' dir='ltr' id='par_1_78' title="bbox 584 4464 2154 4550">
     <span class='ocr_line' id='line_1_78' title="bbox 584 4464 2154 4550; baseline 0.012 -32"><span class='ocrx_word' id='word_1_588' title='bbox 584 4464 702 4520; x_wconf 76' lang='lat' dir='ltr'><strong>dies</strong></span> <span class='ocrx_word' id='word_1_589' title='bbox 739 4466 969 4539; x_wconf 85' lang='lat' dir='ltr'><strong>integra,</strong></span> <span class='ocrx_word' id='word_1_590' title='bbox 998 4471 1227 4543; x_wconf 86' lang='lat' dir='ltr'><strong>ejusque</strong></span> <span class='ocrx_word' id='word_1_591' title='bbox 1264 4490 1392 4530; x_wconf 85' lang='lat' dir='ltr'><strong>nox.</strong></span> <span class='ocrx_word' id='word_1_592' title='bbox 1421 4476 1527 4529; x_wconf 86' lang='lat' dir='ltr'><strong>Alii</strong></span> <span class='ocrx_word' id='word_1_593' title='bbox 1575 4488 1874 4548; x_wconf 84' lang='lat' dir='ltr'><strong>supputant</strong></span> <span class='ocrx_word' id='word_1_594' title='bbox 1906 4495 2154 4550; x_wconf 89' lang='lat' dir='ltr'><strong>parasce-</strong></span> 
     </span>
    </p>
   </div>
   <div class='ocr_carea' id='block_1_79' title="bbox 2270 3284 3761 3361">
    <p class='ocr_par' dir='ltr' id='par_1_79' title="bbox 2270 3284 3761 3361">
     <span class='ocr_line' id='line_1_79' title="bbox 2270 3284 3761 3361; baseline -0.004 -20"><span class='ocrx_word' id='word_1_595' title='bbox 2270 3288 2367 3341; x_wconf 78' lang='grc' dir='ltr'>ἕνα</span> <span class='ocrx_word' id='word_1_596' title='bbox 2397 3287 2535 3359; x_wconf 84' lang='grc' dir='ltr'>πρὸς</span> <span class='ocrx_word' id='word_1_597' title='bbox 2563 3290 2675 3352; x_wconf 87' lang='grc' dir='ltr'>τοῖς</span> <span class='ocrx_word' id='word_1_598' title='bbox 2700 3289 2855 3342; x_wconf 89' lang='grc' dir='ltr'>ποσίν</span> <span class='ocrx_word' id='word_1_599' title='bbox 2872 3305 2887 3318; x_wconf 72' lang='grc'><strong><em>⁸</em></strong></span> <span class='ocrx_word' id='word_1_600' title='bbox 2914 3289 3008 3342; x_wconf 75' lang='grc' dir='ltr'>καὶ</span> <span class='ocrx_word' id='word_1_601' title='bbox 3038 3287 3289 3359; x_wconf 88' lang='grc' dir='ltr'>λέγουσιν</span> <span class='ocrx_word' id='word_1_602' title='bbox 3310 3289 3445 3361; x_wconf 76' lang='grc' dir='ltr'>αὐτῇ</span> <span class='ocrx_word' id='word_1_603' title='bbox 3467 3331 3481 3356; x_wconf 92' lang='lat'><strong>,</strong></span> <span class='ocrx_word' id='word_1_604' title='bbox 3519 3309 3535 3340; x_wconf 82' lang='grc' dir='ltr'><strong>ι</strong></span> <span class='ocrx_word' id='word_1_605' title='bbox 3555 3288 3707 3348; x_wconf 81' lang='grc' dir='ltr'>Γύναι,</span> <span class='ocrx_word' id='word_1_606' title='bbox 3727 3284 3761 3336; x_wconf 81' lang='grc' dir='ltr'><strong>τί</strong></span> 
     </span>
    </p>
   </div>
   <div class='ocr_carea' id='block_1_80' title="bbox 2270 3375 3762 3454">
    <p class='ocr_par' dir='ltr' id='par_1_80' title="bbox 2270 3375 3762 3454">
     <span class='ocr_line' id='line_1_80' title="bbox 2270 3375 3762 3454; baseline -0.003 -21"><span class='ocrx_word' id='word_1_607' title='bbox 2270 3378 2506 3446; x_wconf 88' lang='grc' dir='ltr'>κλαίεις;</span> <span class='ocrx_word' id='word_1_608' title='bbox 2538 3399 2556 3432; x_wconf 73' lang='grc' dir='ltr'><strong>ι</strong></span> <span class='ocrx_word' id='word_1_609' title='bbox 2583 3381 2616 3452; x_wconf 83' lang='grc' dir='ltr'><strong>ἡ</strong></span> <span class='ocrx_word' id='word_1_610' title='bbox 2641 3379 2696 3433; x_wconf 84' lang='grc' dir='ltr'><strong>δὲ</strong></span> <span class='ocrx_word' id='word_1_611' title='bbox 2721 3375 2894 3444; x_wconf 77' lang='grc' dir='ltr'>εἶπεν,</span> <span class='ocrx_word' id='word_1_612' title='bbox 2923 3399 2943 3431; x_wconf 86' lang='grc'><em>‹</em></span> <span class='ocrx_word' id='word_1_613' title='bbox 2963 3375 3145 3451; x_wconf 66' lang='grc' dir='ltr'>*Ηραν</span> <span class='ocrx_word' id='word_1_614' title='bbox 3165 3380 3255 3434; x_wconf 79' lang='grc' dir='ltr'><strong>τὸν</strong></span> <span class='ocrx_word' id='word_1_615' title='bbox 3280 3381 3481 3454; x_wconf 79' lang='grc' dir='ltr'>Κύριον</span> <span class='ocrx_word' id='word_1_616' title='bbox 3504 3398 3590 3451; x_wconf 90' lang='grc' dir='ltr'><strong>μου</strong></span> <span class='ocrx_word' id='word_1_617' title='bbox 3610 3379 3680 3432; x_wconf 79' lang='grc' dir='ltr'><strong>καὶ</strong></span> <span class='ocrx_word' id='word_1_618' title='bbox 3696 3377 3762 3430; x_wconf 71' lang='grc' dir='ltr'>οὐκ</span> 
     </span>
    </p>
   </div>
   <div class='ocr_carea' id='block_1_81' title="bbox 2268 3466 3762 3545">
    <p class='ocr_par' dir='ltr' id='par_1_81' title="bbox 2268 3466 3762 3545">
     <span class='ocr_line' id='line_1_81' title="bbox 2268 3466 3762 3545; baseline 0.003 -21"><span class='ocrx_word' id='word_1_619' title='bbox 2268 3466 2392 3545; x_wconf 72' lang='grc' dir='ltr'><strong>οίδαΔ</strong></span> <span class='ocrx_word' id='word_1_620' title='bbox 2411 3469 2514 3524; x_wconf 92' lang='grc' dir='ltr'><strong>ποῦ</strong></span> <span class='ocrx_word' id='word_1_621' title='bbox 2538 3470 2739 3543; x_wconf 75' lang='grc' dir='ltr'>ἔθηκαν</span> <span class='ocrx_word' id='word_1_622' title='bbox 2763 3471 2944 3526; x_wconf 85' lang='grc' dir='ltr'>αὐτόν,</span> <span class='ocrx_word' id='word_1_623' title='bbox 2972 3491 2990 3524; x_wconf 75' lang='grc' dir='ltr'><strong>ι</strong></span> <span class='ocrx_word' id='word_1_624' title='bbox 3024 3467 3156 3525; x_wconf 72' lang='grc' dir='ltr'>Εἶτα</span> <span class='ocrx_word' id='word_1_625' title='bbox 3179 3474 3428 3545; x_wconf 80' lang='grc' dir='ltr'>ἐστράφη</span> <span class='ocrx_word' id='word_1_626' title='bbox 3456 3475 3527 3537; x_wconf 87' lang='grc' dir='ltr'><strong>είς</strong></span> <span class='ocrx_word' id='word_1_627' title='bbox 3548 3470 3605 3524; x_wconf 75' lang='grc' dir='ltr'>τὰ</span> <span class='ocrx_word' id='word_1_628' title='bbox 3622 3469 3762 3528; x_wconf 79' lang='grc' dir='ltr'>ὀπίσω.</span> 
     </span>
    </p>
   </div>
   <div class='ocr_carea' id='block_1_82' title="bbox 2267 3542 3762 3636">
    <p class='ocr_par' dir='ltr' id='par_1_82' title="bbox 2267 3542 3762 3636">
     <span class='ocr_line' id='line_1_82' title="bbox 2267 3542 3762 3636; baseline -0.005 -17"><span class='ocrx_word' id='word_1_629' title='bbox 2267 3563 2361 3619; x_wconf 69' lang='grc' dir='ltr'><strong>καῖ¹</strong></span> <span class='ocrx_word' id='word_1_630' title='bbox 2385 3542 2534 3618; x_wconf 28' lang='grc' dir='ltr'>,εἶδεν</span> <span class='ocrx_word' id='word_1_631' title='bbox 2581 3565 2669 3619; x_wconf 83' lang='grc' dir='ltr'><strong>τὸν</strong></span> <span class='ocrx_word' id='word_1_632' title='bbox 2714 3563 2920 3635; x_wconf 84' lang='grc' dir='ltr'>Ἰησοῦν</span> <span class='ocrx_word' id='word_1_633' title='bbox 2949 3565 3181 3618; x_wconf 85' lang='grc' dir='ltr'>ἐστῶτα·</span> <span class='ocrx_word' id='word_1_634' title='bbox 3220 3566 3321 3618; x_wconf 72' lang='grc' dir='ltr'><strong>καὶ</strong></span> <span class='ocrx_word' id='word_1_635' title='bbox 3351 3566 3449 3619; x_wconf 83' lang='grc' dir='ltr'><strong>οὐκ</strong></span> <span class='ocrx_word' id='word_1_636' title='bbox 3476 3565 3577 3636; x_wconf 73' lang='grc' dir='ltr'>ᾔδει</span> <span class='ocrx_word' id='word_1_637' title='bbox 3598 3565 3663 3616; x_wconf 80' lang='grc' dir='ltr'>ὅτι</span> <span class='ocrx_word' id='word_1_638' title='bbox 3694 3561 3762 3625; x_wconf 72' lang='grc' dir='ltr'>Ἰηο</span> 
     </span>
    </p>
   </div>
   <div class='ocr_carea' id='block_1_83' title="bbox 2268 3651 3760 3726">
    <p class='ocr_par' dir='ltr' id='par_1_83' title="bbox 2268 3651 3760 3726">
     <span class='ocr_line' id='line_1_83' title="bbox 2268 3651 3760 3726; baseline -0.001 -18"><span class='ocrx_word' id='word_1_639' title='bbox 2268 3654 2392 3720; x_wconf 90' lang='grc' dir='ltr'>σοῦς</span> <span class='ocrx_word' id='word_1_640' title='bbox 2414 3658 2558 3710; x_wconf 90' lang='grc' dir='ltr'>ἐστιν</span> <span class='ocrx_word' id='word_1_641' title='bbox 2577 3672 2590 3686; x_wconf 69' lang='grc' dir='ltr'><strong>ο</strong></span> <span class='ocrx_word' id='word_1_642' title='bbox 2626 3657 2655 3710; x_wconf 84' lang='grc' dir='ltr'><strong>ὁ</strong></span> <span class='ocrx_word' id='word_1_643' title='bbox 2684 3655 2742 3708; x_wconf 77' lang='grc' dir='ltr'><strong>δὲ</strong></span> <span class='ocrx_word' id='word_1_644' title='bbox 2773 3653 2979 3726; x_wconf 87' lang='grc' dir='ltr'>Ἰησοῦς</span> <span class='ocrx_word' id='word_1_645' title='bbox 3010 3654 3178 3724; x_wconf 86' lang='grc' dir='ltr'>λέγει,</span> <span class='ocrx_word' id='word_1_646' title='bbox 3220 3673 3238 3707; x_wconf 81' lang='grc' dir='ltr'><strong>ι</strong></span> <span class='ocrx_word' id='word_1_647' title='bbox 3267 3654 3465 3718; x_wconf 88' lang='grc' dir='ltr'>Γύναι,</span> <span class='ocrx_word' id='word_1_648' title='bbox 3505 3655 3554 3708; x_wconf 85' lang='grc' dir='ltr'><strong>τί</strong></span> <span class='ocrx_word' id='word_1_649' title='bbox 3583 3651 3760 3714; x_wconf 74' lang='grc' dir='ltr'>κλαίειςς</span> 
     </span>
    </p>
   </div>
   <div class='ocr_carea' id='block_1_84' title="bbox 2264 3746 2666 3818">
    <p class='ocr_par' dir='ltr' id='par_1_84' title="bbox 2264 3746 2666 3818">
     <span class='ocr_line' id='line_1_84' title="bbox 2264 3746 2666 3818; baseline -0.002 -19"><span class='ocrx_word' id='word_1_650' title='bbox 2264 3746 2386 3801; x_wconf 89' lang='grc' dir='ltr'>τίνα</span> <span class='ocrx_word' id='word_1_651' title='bbox 2413 3747 2623 3818; x_wconf 54' lang='grc' dir='ltr'>ζητεῖς</span> <span class='ocrx_word' id='word_1_652' title='bbox 2647 3765 2666 3798; x_wconf 72' lang='grc' dir='ltr'><strong>ι</strong></span> 
     </span>
    </p>
   </div>
   <div class='ocr_carea' id='block_1_85' title="bbox 2334 3832 3762 3910">
    <p class='ocr_par' dir='ltr' id='par_1_85' title="bbox 2334 3832 3762 3910">
     <span class='ocr_line' id='line_1_85' title="bbox 2334 3832 3762 3910; baseline 0.006 -24"><span class='ocrx_word' id='word_1_653' title='bbox 2334 3839 2394 3886; x_wconf 84' lang='grc' dir='ltr'>ε’.</span> <span class='ocrx_word' id='word_1_654' title='bbox 2421 3834 2539 3887; x_wconf 89' lang='grc' dir='ltr'>Ὅτι</span> <span class='ocrx_word' id='word_1_655' title='bbox 2565 3832 2827 3904; x_wconf 86' lang='grc' dir='ltr'>ἀποροῦσί</span> <span class='ocrx_word' id='word_1_656' title='bbox 2850 3851 2995 3897; x_wconf 88' lang='grc' dir='ltr'>τινες</span> <span class='ocrx_word' id='word_1_657' title='bbox 3025 3833 3101 3898; x_wconf 85' lang='grc' dir='ltr'>ὡς</span> <span class='ocrx_word' id='word_1_658' title='bbox 3139 3838 3294 3906; x_wconf 87' lang='grc' dir='ltr'>τρεῖς</span> <span class='ocrx_word' id='word_1_659' title='bbox 3327 3839 3521 3910; x_wconf 73' lang='grc' dir='ltr'>ἡμέραι</span> <span class='ocrx_word' id='word_1_660' title='bbox 3547 3838 3626 3891; x_wconf 77' lang='grc' dir='ltr'><strong>καὶ</strong></span> <span class='ocrx_word' id='word_1_661' title='bbox 3661 3837 3762 3907; x_wconf 78' lang='grc' dir='ltr'>τρεῖς</span> 
     </span>
    </p>
   </div>
   <div class='ocr_carea' id='block_1_86' title="bbox 2263 3919 3762 3998">
    <p class='ocr_par' dir='ltr' id='par_1_86' title="bbox 2263 3919 3762 3998">
     <span class='ocr_line' id='line_1_86' title="bbox 2263 3919 3762 3998; baseline -0.001 -20"><span class='ocrx_word' id='word_1_662' title='bbox 2263 3923 2454 3987; x_wconf 87' lang='grc' dir='ltr'>νύκτες</span> <span class='ocrx_word' id='word_1_663' title='bbox 2479 3922 2827 3995; x_wconf 86' lang='grc' dir='ltr'>πληροῦνται,</span> <span class='ocrx_word' id='word_1_664' title='bbox 2855 3921 3037 3987; x_wconf 87' lang='grc' dir='ltr'>καθὼς</span> <span class='ocrx_word' id='word_1_665' title='bbox 3060 3919 3212 3978; x_wconf 71' lang='grc' dir='ltr'>εἴπεν</span> <span class='ocrx_word' id='word_1_666' title='bbox 3233 3927 3486 3998; x_wconf 82' lang='grc' dir='ltr'>Χριστὸς,</span> <span class='ocrx_word' id='word_1_667' title='bbox 3509 3929 3558 3980; x_wconf 87' lang='grc' dir='ltr'><strong>αί</strong></span> <span class='ocrx_word' id='word_1_668' title='bbox 3580 3927 3659 3996; x_wconf 79' lang='grc' dir='ltr'><strong>τῆς</strong></span> <span class='ocrx_word' id='word_1_669' title='bbox 3675 3925 3762 3976; x_wconf 76' lang='grc' dir='ltr'>ἀνα·</span> 
     </span>
    </p>
   </div>
   <div class='ocr_carea' id='block_1_87' title="bbox 2265 4013 3758 4088">
    <p class='ocr_par' dir='ltr' id='par_1_87' title="bbox 2265 4013 3758 4088">
     <span class='ocr_line' id='line_1_87' title="bbox 2265 4013 3758 4088; baseline -0.002 -19"><span class='ocrx_word' id='word_1_670' title='bbox 2265 4016 2504 4078; x_wconf 85' lang='grc' dir='ltr'>στάσεως</span> <span class='ocrx_word' id='word_1_671' title='bbox 2522 4029 2539 4046; x_wconf 83' lang='grc'>⁶</span> <span class='ocrx_word' id='word_1_672' title='bbox 2573 4015 2666 4068; x_wconf 76' lang='grc' dir='ltr'><strong>καὶ</strong></span> <span class='ocrx_word' id='word_1_673' title='bbox 2693 4013 2836 4066; x_wconf 76' lang='grc' dir='ltr'>ἔστιν</span> <span class='ocrx_word' id='word_1_674' title='bbox 2863 4014 3037 4066; x_wconf 78' lang='grc' dir='ltr'>εἰπεῖν</span> <span class='ocrx_word' id='word_1_675' title='bbox 3058 4013 3192 4086; x_wconf 71' lang='grc'><strong>(41)·</strong></span> <span class='ocrx_word' id='word_1_676' title='bbox 3223 4017 3275 4068; x_wconf 81' lang='grc' dir='ltr'><strong>οῖ</strong></span> <span class='ocrx_word' id='word_1_677' title='bbox 3312 4017 3410 4088; x_wconf 82' lang='grc' dir='ltr'>μὲν</span> <span class='ocrx_word' id='word_1_678' title='bbox 3441 4017 3542 4071; x_wconf 83' lang='grc' dir='ltr'>ἀπὸ</span> <span class='ocrx_word' id='word_1_679' title='bbox 3563 4017 3646 4085; x_wconf 81' lang='grc' dir='ltr'>τῆς</span> <span class='ocrx_word' id='word_1_680' title='bbox 3669 4029 3758 4081; x_wconf 74' lang='grc' dir='ltr'>προ-</span> 
     </span>
    </p>
   </div>
   <div class='ocr_carea' id='block_1_88' title="bbox 2261 4104 3762 4178">
    <p class='ocr_par' dir='ltr' id='par_1_88' title="bbox 2261 4104 3762 4178">
     <span class='ocr_line' id='line_1_88' title="bbox 2261 4104 3762 4178; baseline -0.004 -17"><span class='ocrx_word' id='word_1_681' title='bbox 2261 4107 2443 4171; x_wconf 87' lang='grc' dir='ltr'>δοσίας</span> <span class='ocrx_word' id='word_1_682' title='bbox 2465 4123 2480 4137; x_wconf 69' lang='grc' dir='ltr'>θ</span> <span class='ocrx_word' id='word_1_683' title='bbox 2507 4107 2556 4159; x_wconf 86' lang='grc' dir='ltr'><strong>οί</strong></span> <span class='ocrx_word' id='word_1_684' title='bbox 2586 4105 2641 4158; x_wconf 86' lang='grc' dir='ltr'><strong>δὲ</strong></span> <span class='ocrx_word' id='word_1_685' title='bbox 2666 4104 2764 4176; x_wconf 76' lang='grc' dir='ltr'>τὴν</span> <span class='ocrx_word' id='word_1_686' title='bbox 2791 4106 3148 4178; x_wconf 80' lang='grc' dir='ltr'>Παρασκευήν</span> <span class='ocrx_word' id='word_1_687' title='bbox 3185 4109 3268 4172; x_wconf 83' lang='grc' dir='ltr'><strong>είς</strong></span> <span class='ocrx_word' id='word_1_688' title='bbox 3295 4108 3392 4163; x_wconf 87' lang='grc' dir='ltr'>δύο</span> <span class='ocrx_word' id='word_1_689' title='bbox 3418 4109 3654 4170; x_wconf 76' lang='grc' dir='ltr'>ποιοῦσιν,</span> <span class='ocrx_word' id='word_1_690' title='bbox 3680 4104 3762 4158; x_wconf 76' lang='grc' dir='ltr'>ἐπεὶ</span> 
     </span>
    </p>
   </div>
   <div class='ocr_carea' id='block_1_89' title="bbox 2261 4197 3761 4274">
    <p class='ocr_par' dir='ltr' id='par_1_89' title="bbox 2261 4197 3761 4274">
     <span class='ocr_line' id='line_1_89' title="bbox 2261 4197 3761 4274; baseline -0.003 -20"><span class='ocrx_word' id='word_1_691' title='bbox 2261 4198 2357 4266; x_wconf 81' lang='grc' dir='ltr'><strong>νὺξ</strong></span> <span class='ocrx_word' id='word_1_692' title='bbox 2391 4198 2610 4268; x_wconf 89' lang='grc' dir='ltr'>γέγονεν</span> <span class='ocrx_word' id='word_1_693' title='bbox 2652 4197 2746 4250; x_wconf 71' lang='grc' dir='ltr'><strong>καὶ</strong></span> <span class='ocrx_word' id='word_1_694' title='bbox 2796 4197 2954 4251; x_wconf 84' lang='grc' dir='ltr'>πάλιν</span> <span class='ocrx_word' id='word_1_695' title='bbox 3001 4199 3220 4270; x_wconf 82' lang='grc' dir='ltr'>ἡμέρα·</span> <span class='ocrx_word' id='word_1_696' title='bbox 3256 4201 3317 4255; x_wconf 88' lang='grc' dir='ltr'><strong>ἐν</strong></span> <span class='ocrx_word' id='word_1_697' title='bbox 3355 4202 3531 4274; x_wconf 83' lang='grc' dir='ltr'>ἐκείνῃ</span> <span class='ocrx_word' id='word_1_698' title='bbox 3552 4203 3608 4270; x_wconf 78' lang='grc' dir='ltr'>τῇ</span> <span class='ocrx_word' id='word_1_699' title='bbox 3633 4197 3761 4268; x_wconf 63' lang='grc' dir='ltr'>ἡμέρᾳ</span> 
     </span>
    </p>
   </div>
   <div class='ocr_carea' id='block_1_90' title="bbox 2260 4285 3763 4364">
    <p class='ocr_par' dir='ltr' id='par_1_90' title="bbox 2260 4285 3763 4364">
     <span class='ocr_line' id='line_1_90' title="bbox 2260 4285 3763 4364; baseline -0.005 -17"><span class='ocrx_word' id='word_1_700' title='bbox 2260 4292 2352 4347; x_wconf 85' lang='grc' dir='ltr'><strong>τοῦ</strong></span> <span class='ocrx_word' id='word_1_701' title='bbox 2377 4292 2529 4363; x_wconf 83' lang='grc' dir='ltr'>ἡλίου</span> <span class='ocrx_word' id='word_1_702' title='bbox 2556 4289 2925 4353; x_wconf 87' lang='grc' dir='ltr'>σκοτισθέντος</span> <span class='ocrx_word' id='word_1_703' title='bbox 2949 4291 3042 4344; x_wconf 75' lang='grc' dir='ltr'>καὶ</span> <span class='ocrx_word' id='word_1_704' title='bbox 3063 4291 3223 4346; x_wconf 80' lang='grc' dir='ltr'>πάλιν</span> <span class='ocrx_word' id='word_1_705' title='bbox 3241 4293 3665 4364; x_wconf 69' lang='grc' dir='ltr'>ἀναφλεχθέντοςι</span> <span class='ocrx_word' id='word_1_706' title='bbox 3683 4285 3763 4343; x_wconf 64' lang='grc' dir='ltr'>εἶτα</span> 
     </span>
    </p>
   </div>
   <div class='ocr_carea' id='block_1_91' title="bbox 2260 4375 3762 4453">
    <p class='ocr_par' dir='ltr' id='par_1_91' title="bbox 2260 4375 3762 4453">
     <span class='ocr_line' id='line_1_91' title="bbox 2260 4375 3762 4453; baseline -0.005 -18"><span class='ocrx_word' id='word_1_707' title='bbox 2260 4384 2294 4453; x_wconf 82' lang='grc' dir='ltr'>ὴ</span> <span class='ocrx_word' id='word_1_708' title='bbox 2326 4380 2419 4434; x_wconf 90' lang='grc' dir='ltr'><strong>τοῦ</strong></span> <span class='ocrx_word' id='word_1_709' title='bbox 2453 4381 2726 4434; x_wconf 74' lang='grc' dir='ltr'>Σαϐϐάτου</span> <span class='ocrx_word' id='word_1_710' title='bbox 2757 4379 2937 4450; x_wconf 80' lang='grc' dir='ltr'>ἡμέρα</span> <span class='ocrx_word' id='word_1_711' title='bbox 2969 4379 3062 4450; x_wconf 83' lang='grc' dir='ltr'><strong>ὅλη</strong></span> <span class='ocrx_word' id='word_1_712' title='bbox 3111 4380 3204 4433; x_wconf 76' lang='grc' dir='ltr'>καὶ</span> <span class='ocrx_word' id='word_1_713' title='bbox 3245 4382 3280 4451; x_wconf 83' lang='grc' dir='ltr'>ὴ</span> <span class='ocrx_word' id='word_1_714' title='bbox 3331 4381 3427 4448; x_wconf 79' lang='grc' dir='ltr'>νὺξ</span> <span class='ocrx_word' id='word_1_715' title='bbox 3460 4381 3628 4449; x_wconf 81' lang='grc' dir='ltr'>αὐτῆς.</span> <span class='ocrx_word' id='word_1_716' title='bbox 3651 4379 3698 4431; x_wconf 82' lang='lat' dir='ltr'><strong>Ol</strong></span> <span class='ocrx_word' id='word_1_717' title='bbox 3725 4375 3762 4425; x_wconf 69' lang='grc' dir='ltr'><strong>δὲ</strong></span> 
     </span>
    </p>
   </div>
   <div class='ocr_carea' id='block_1_92' title="bbox 2260 4464 3759 4544">
    <p class='ocr_par' dir='ltr' id='par_1_92' title="bbox 2260 4464 3759 4544">
     <span class='ocr_line' id='line_1_92' title="bbox 2260 4464 3759 4544; baseline -0.006 -19"><span class='ocrx_word' id='word_1_718' title='bbox 2260 4471 2473 4544; x_wconf 80' lang='grc' dir='ltr'>ἡμέραν</span> <span class='ocrx_word' id='word_1_719' title='bbox 2505 4470 2603 4541; x_wconf 82' lang='grc' dir='ltr'>μὲν</span> <span class='ocrx_word' id='word_1_720' title='bbox 2625 4468 2720 4540; x_wconf 86' lang='grc' dir='ltr'><strong>τὴν</strong></span> <span class='ocrx_word' id='word_1_721' title='bbox 2749 4468 3104 4540; x_wconf 85' lang='grc' dir='ltr'>Παρασκευήν</span> <span class='ocrx_word' id='word_1_722' title='bbox 3135 4468 3262 4540; x_wconf 82' lang='grc' dir='ltr'>ὅλην</span> <span class='ocrx_word' id='word_1_723' title='bbox 3289 4471 3387 4524; x_wconf 73' lang='grc' dir='ltr'><strong>καὶ</strong></span> <span class='ocrx_word' id='word_1_724' title='bbox 3409 4471 3506 4542; x_wconf 80' lang='grc' dir='ltr'>τὴν</span> <span class='ocrx_word' id='word_1_725' title='bbox 3533 4468 3674 4524; x_wconf 78' lang='grc' dir='ltr'>νύκτα</span> <span class='ocrx_word' id='word_1_726' title='bbox 3695 4464 3759 4518; x_wconf 73' lang='grc' dir='ltr'><strong>αὖ·</strong></span> 
     </span>
    </p>
   </div>
   <div class='ocr_carea' id='block_1_93' title="bbox 580 4559 2166 4663">
    <p class='ocr_par' dir='ltr' id='par_1_93' title="bbox 580 4562 2142 4638">
     <span class='ocr_line' id='line_1_93' title="bbox 580 4562 2142 4638; baseline 0.01 -27"><span class='ocrx_word' id='word_1_727' title='bbox 580 4571 683 4612; x_wconf 88' lang='lat' dir='ltr'><strong>ven</strong></span> <span class='ocrx_word' id='word_1_728' title='bbox 713 4567 903 4626; x_wconf 88' lang='lat' dir='ltr'><strong>totam,</strong></span> <span class='ocrx_word' id='word_1_729' title='bbox 932 4562 1074 4619; x_wconf 91' lang='lat' dir='ltr'><strong>diem</strong></span> <span class='ocrx_word' id='word_1_730' title='bbox 1105 4574 1456 4638; x_wconf 89' lang='lat' dir='ltr'><strong>noctemque;</strong></span> <span class='ocrx_word' id='word_1_731' title='bbox 1491 4569 1786 4625; x_wconf 88' lang='lat' dir='ltr'><strong>Sabbatnm</strong></span> <span class='ocrx_word' id='word_1_732' title='bbox 1815 4572 1940 4628; x_wconf 90' lang='lat' dir='ltr'><strong>item</strong></span> <span class='ocrx_word' id='word_1_733' title='bbox 1969 4581 2142 4627; x_wconf 89' lang='lat' dir='ltr'><strong>totum</strong></span> 
     </span>
    </p>
   </div>
   <div class='ocr_carea' id='block_1_94' title="bbox 2255 4559 3760 4663">
    <p class='ocr_par' dir='ltr' id='par_1_94' title="bbox 2255 4559 3760 4663">
     <span class='ocr_line' id='line_1_94' title="bbox 2255 4559 3760 4663; baseline -0.005 -46"><span class='ocrx_word' id='word_1_734' title='bbox 2255 4567 2370 4638; x_wconf 73' lang='grc' dir='ltr'>τῆς,</span> <span class='ocrx_word' id='word_1_735' title='bbox 2398 4561 2672 4616; x_wconf 76' lang='grc' dir='ltr'>Σάϐϐατον</span> <span class='ocrx_word' id='word_1_736' title='bbox 2695 4561 2811 4614; x_wconf 80' lang='grc' dir='ltr'>ὅλον</span> <span class='ocrx_word' id='word_1_737' title='bbox 2834 4561 2928 4614; x_wconf 70' lang='grc' dir='ltr'><strong>καὶ</strong></span> <span class='ocrx_word' id='word_1_738' title='bbox 2958 4560 3055 4632; x_wconf 75' lang='grc' dir='ltr'>τὴν</span> <span class='ocrx_word' id='word_1_739' title='bbox 3087 4560 3258 4615; x_wconf 89' lang='grc' dir='ltr'>νύκτα</span> <span class='ocrx_word' id='word_1_740' title='bbox 3289 4564 3484 4616; x_wconf 70' lang='grc' dir='ltr'>αὐτοῦ*</span> <span class='ocrx_word' id='word_1_741' title='bbox 3513 4565 3601 4631; x_wconf 77' lang='grc' dir='ltr'>τῆς</span> <span class='ocrx_word' id='word_1_742' title='bbox 3621 4560 3666 4612; x_wconf 81' lang='grc' dir='ltr'><strong>δὲ</strong></span> <span class='ocrx_word' id='word_1_743' title='bbox 3686 4559 3760 4663; x_wconf 48' lang='grc' dir='ltr'><strong>Κιο-</strong></span> 
     </span>
    </p>
   </div>
   <div class='ocr_carea' id='block_1_95' title="bbox 580 4650 2166 4752">
    <p class='ocr_par' dir='ltr' id='par_1_95' title="bbox 580 4650 2141 4730">
     <span class='ocr_line' id='line_1_95' title="bbox 580 4650 2141 4730; baseline 0.009 -25"><span class='ocrx_word' id='word_1_744' title='bbox 580 4650 808 4720; x_wconf 84' lang='lat' dir='ltr'><strong>ejusque</strong></span> <span class='ocrx_word' id='word_1_745' title='bbox 857 4663 1112 4724; x_wconf 88' lang='lat' dir='ltr'><strong>noctem;</strong></span> <span class='ocrx_word' id='word_1_746' title='bbox 1167 4657 1461 4716; x_wconf 71' lang='lat' dir='ltr'><strong>Dominicaa</strong></span> <span class='ocrx_word' id='word_1_747' title='bbox 1520 4669 1699 4717; x_wconf 88' lang='lat' dir='ltr'><strong>autem</strong></span> <span class='ocrx_word' id='word_1_748' title='bbox 1748 4665 1852 4720; x_wconf 91' lang='lat' dir='ltr'><strong>diei</strong></span> <span class='ocrx_word' id='word_1_749' title='bbox 1903 4665 2141 4730; x_wconf 89' lang='lat' dir='ltr'><strong>initium,</strong></span> 
     </span>
    </p>
   </div>
   <div class='ocr_carea' id='block_1_96' title="bbox 2255 4650 3760 4752">
    <p class='ocr_par' dir='ltr' id='par_1_96' title="bbox 2255 4650 3760 4752">
     <span class='ocr_line' id='line_1_96' title="bbox 2255 4650 3760 4752; baseline -0.006 -39"><span class='ocrx_word' id='word_1_750' title='bbox 2255 4657 2452 4734; x_wconf 83' lang='grc' dir='ltr'>ριακῆς</span> <span class='ocrx_word' id='word_1_751' title='bbox 2496 4652 2594 4726; x_wconf 84' lang='grc' dir='ltr'>τὴν</span> <span class='ocrx_word' id='word_1_752' title='bbox 2645 4652 2816 4726; x_wconf 81' lang='grc' dir='ltr'>ἀρχὴν</span> <span class='ocrx_word' id='word_1_753' title='bbox 2863 4655 2942 4716; x_wconf 87' lang='grc' dir='ltr'><strong>είς</strong></span> <span class='ocrx_word' id='word_1_754' title='bbox 2975 4651 3188 4725; x_wconf 81' lang='grc' dir='ltr'>ἡμέραν</span> <span class='ocrx_word' id='word_1_755' title='bbox 3222 4653 3515 4726; x_wconf 87' lang='grc' dir='ltr'>μετροῦσιν</span> <span class='ocrx_word' id='word_1_756' title='bbox 3555 4650 3760 4752; x_wconf 50' lang='lat' dir='ltr'><strong>arma;</strong></span> 
     </span>
    </p>
   </div>
   <div class='ocr_carea' id='block_1_97' title="bbox 579 4744 2166 4842">
    <p class='ocr_par' dir='ltr' id='par_1_97' title="bbox 579 4744 2147 4826">
     <span class='ocr_line' id='line_1_97' title="bbox 579 4744 2147 4826; baseline 0.01 -30"><span class='ocrx_word' id='word_1_757' title='bbox 579 4744 702 4798; x_wconf 90' lang='lat' dir='ltr'><strong>loco</strong></span> <span class='ocrx_word' id='word_1_758' title='bbox 738 4744 960 4816; x_wconf 68' lang='lat' dir='ltr'><strong>integra:</strong></span> <span class='ocrx_word' id='word_1_759' title='bbox 998 4748 1107 4803; x_wconf 87' lang='lat' dir='ltr'><strong>diei</strong></span> <span class='ocrx_word' id='word_1_760' title='bbox 1152 4752 1472 4820; x_wconf 87' lang='lat' dir='ltr'><strong>metiuntur,</strong></span> <span class='ocrx_word' id='word_1_761' title='bbox 1506 4771 1613 4825; x_wconf 91' lang='lat' dir='ltr'><strong>qua</strong></span> <span class='ocrx_word' id='word_1_762' title='bbox 1650 4755 1944 4826; x_wconf 89' lang='lat' dir='ltr'><strong>incipiente</strong></span> <span class='ocrx_word' id='word_1_763' title='bbox 1985 4758 2147 4812; x_wconf 86' lang='lat' dir='ltr'><strong>Chri-</strong></span> 
     </span>
    </p>
   </div>
   <div class='ocr_carea' id='block_1_98' title="bbox 2255 4744 3761 4842">
    <p class='ocr_par' dir='ltr' id='par_1_98' title="bbox 2255 4744 3761 4842">
     <span class='ocr_line' id='line_1_98' title="bbox 2255 4744 3761 4842; baseline -0.005 -36"><span class='ocrx_word' id='word_1_764' title='bbox 2255 4748 2564 4824; x_wconf 83' lang='grc' dir='ltr'>ἁρξαμένης</span> <span class='ocrx_word' id='word_1_765' title='bbox 2595 4745 2694 4817; x_wconf 81' lang='grc' dir='ltr'>ἠδη</span> <span class='ocrx_word' id='word_1_766' title='bbox 2725 4745 2848 4798; x_wconf 86' lang='grc' dir='ltr'>τότε</span> <span class='ocrx_word' id='word_1_767' title='bbox 2890 4746 2918 4798; x_wconf 85' lang='grc' dir='ltr'>ὁ</span> <span class='ocrx_word' id='word_1_768' title='bbox 2954 4745 3186 4816; x_wconf 76' lang='grc' dir='ltr'>Χριστὸς</span> <span class='ocrx_word' id='word_1_769' title='bbox 3228 4746 3472 4818; x_wconf 85' lang='grc' dir='ltr'>ἠγέρθη·</span> <span class='ocrx_word' id='word_1_770' title='bbox 3505 4744 3761 4842; x_wconf 36' lang='lat' dir='ltr'><strong>obstringe};</strong></span> 
     </span>
    </p>
   </div>
   <div class='ocr_carea' id='block_1_99' title="bbox 576 4838 2148 4909">
    <p class='ocr_par' dir='ltr' id='par_1_99' title="bbox 576 4838 2148 4909">
     <span class='ocr_line' id='line_1_99' title="bbox 576 4838 2148 4909; baseline 0.01 -21"><span class='ocrx_word' id='word_1_771' title='bbox 576 4842 697 4897; x_wconf 83' lang='lat' dir='ltr'><strong>stus</strong></span> <span class='ocrx_word' id='word_1_772' title='bbox 721 4838 979 4892; x_wconf 80' lang='lat' dir='ltr'><strong>surrexit.</strong></span> <span class='ocrx_word' id='word_1_773' title='bbox 1029 4839 1204 4909; x_wconf 90' lang='lat' dir='ltr'><strong>Atque</strong></span> <span class='ocrx_word' id='word_1_774' title='bbox 1254 4842 1327 4897; x_wconf 94' lang='lat' dir='ltr'><strong>ita</strong></span> <span class='ocrx_word' id='word_1_775' title='bbox 1367 4854 1480 4900; x_wconf 89' lang='lat' dir='ltr'><strong>tres</strong></span> <span class='ocrx_word' id='word_1_776' title='bbox 1517 4846 1633 4902; x_wconf 90' lang='lat' dir='ltr'><strong>dies</strong></span> <span class='ocrx_word' id='word_1_777' title='bbox 1662 4846 1871 4902; x_wconf 87' lang='lat' dir='ltr'><strong>dicunt.</strong></span> <span class='ocrx_word' id='word_1_778' title='bbox 1904 4847 2063 4903; x_wconf 80' lang='lat' dir='ltr'><strong>Certe</strong></span> <span class='ocrx_word' id='word_1_779' title='bbox 2093 4857 2148 4903; x_wconf 86' lang='lat' dir='ltr'><strong>et</strong></span> 
     </span>
    </p>
   </div>
   <div class='ocr_carea' id='block_1_100' title="bbox 575 4927 2146 5010">
    <p class='ocr_par' dir='ltr' id='par_1_100' title="bbox 575 4927 2146 5010">
     <span class='ocr_line' id='line_1_100' title="bbox 575 4927 2146 5010; baseline 0.01 -29"><span class='ocrx_word' id='word_1_780' title='bbox 575 4927 634 4981; x_wconf 86' lang='lat' dir='ltr'><strong>in</strong></span> <span class='ocrx_word' id='word_1_781' title='bbox 662 4931 894 4985; x_wconf 90' lang='lat' dir='ltr'><strong>mortuis</strong></span> <span class='ocrx_word' id='word_1_782' title='bbox 943 4946 1007 4986; x_wconf 85' lang='lat' dir='ltr'><strong>ac</strong></span> <span class='ocrx_word' id='word_1_783' title='bbox 1045 4932 1098 4985; x_wconf 91' lang='lat' dir='ltr'><strong>in</strong></span> <span class='ocrx_word' id='word_1_784' title='bbox 1135 4949 1327 4990; x_wconf 87' lang='lat' dir='ltr'><strong>recens</strong></span> <span class='ocrx_word' id='word_1_785' title='bbox 1375 4941 1516 4994; x_wconf 90' lang='lat' dir='ltr'><strong>natis</strong></span> <span class='ocrx_word' id='word_1_786' title='bbox 1560 4941 1746 5010; x_wconf 87' lang='lat' dir='ltr'><strong>pueris</strong></span> <span class='ocrx_word' id='word_1_787' title='bbox 1779 4942 1854 4996; x_wconf 90' lang='lat' dir='ltr'><strong>ita</strong></span> <span class='ocrx_word' id='word_1_788' title='bbox 1906 4943 2146 4998; x_wconf 84' lang='lat' dir='ltr'><strong>solemus</strong></span> 
     </span>
    </p>
   </div>
   <div class='ocr_carea' id='block_1_101' title="bbox 573 5023 2138 5105">
    <p class='ocr_par' dir='ltr' id='par_1_101' title="bbox 573 5023 2138 5105">
     <span class='ocr_line' id='line_1_101' title="bbox 573 5023 2138 5105; baseline 0.009 -29"><span class='ocrx_word' id='word_1_789' title='bbox 573 5029 748 5077; x_wconf 90' lang='lat' dir='ltr'><strong>totam</strong></span> <span class='ocrx_word' id='word_1_790' title='bbox 778 5023 918 5078; x_wconf 89' lang='lat' dir='ltr'><strong>diem</strong></span> <span class='ocrx_word' id='word_1_791' title='bbox 957 5028 1158 5096; x_wconf 90' lang='lat' dir='ltr'><strong>metiri,</strong></span> <span class='ocrx_word' id='word_1_792' title='bbox 1220 5031 1334 5084; x_wconf 87' lang='lat' dir='ltr'><strong>sive</strong></span> <span class='ocrx_word' id='word_1_793' title='bbox 1367 5032 1623 5088; x_wconf 91' lang='lat' dir='ltr'><strong>nativitas</strong></span> <span class='ocrx_word' id='word_1_794' title='bbox 1672 5037 1963 5105; x_wconf 82' lang='lat' dir='ltr'><strong>contigerit</strong></span> <span class='ocrx_word' id='word_1_795' title='bbox 2001 5036 2138 5091; x_wconf 88' lang='lat' dir='ltr'><strong>hora</strong></span> 
     </span>
    </p>
   </div>
   <div class='ocr_carea' id='block_1_102' title="bbox 569 5114 2142 5184">
    <p class='ocr_par' dir='ltr' id='par_1_102' title="bbox 569 5114 2142 5184">
     <span class='ocr_line' id='line_1_102' title="bbox 569 5114 2142 5184; baseline 0.008 -15"><span class='ocrx_word' id='word_1_796' title='bbox 569 5114 804 5176; x_wconf 88' lang='lat' dir='ltr'><strong>decima.</strong></span> <span class='ocrx_word' id='word_1_797' title='bbox 833 5115 948 5172; x_wconf 85' lang='lat' dir='ltr'><strong>sive</strong></span> <span class='ocrx_word' id='word_1_798' title='bbox 979 5117 1064 5174; x_wconf 89' lang='lat' dir='ltr'><strong>die</strong></span> <span class='ocrx_word' id='word_1_799' title='bbox 1094 5121 1433 5177; x_wconf 82' lang='lat' dir='ltr'><strong>exordicnte.</strong></span> <span class='ocrx_word' id='word_1_800' title='bbox 1469 5122 1560 5178; x_wconf 89' lang='lat' dir='ltr'><strong>Sic</strong></span> <span class='ocrx_word' id='word_1_801' title='bbox 1592 5125 1753 5179; x_wconf 88' lang='lat' dir='ltr'><strong>etiam</strong></span> <span class='ocrx_word' id='word_1_802' title='bbox 1784 5128 2015 5183; x_wconf 89' lang='lat' dir='ltr'><strong>mortuis</strong></span> <span class='ocrx_word' id='word_1_803' title='bbox 2041 5136 2142 5184; x_wconf 83' lang='lat' dir='ltr'><strong>ter-</strong></span> 
     </span>
    </p>
   </div>
   <div class='ocr_carea' id='block_1_103' title="bbox 569 5207 2144 5290">
    <p class='ocr_par' dir='ltr' id='par_1_103' title="bbox 569 5207 2144 5290">
     <span class='ocr_line' id='line_1_103' title="bbox 569 5207 2144 5290; baseline 0.011 -32"><span class='ocrx_word' id='word_1_804' title='bbox 569 5207 645 5259; x_wconf 92' lang='lat' dir='ltr'><strong>tia</strong></span> <span class='ocrx_word' id='word_1_805' title='bbox 680 5207 768 5262; x_wconf 90' lang='lat' dir='ltr'><strong>die</strong></span> <span class='ocrx_word' id='word_1_806' title='bbox 808 5216 862 5261; x_wconf 83' lang='lat' dir='ltr'><strong>et</strong></span> <span class='ocrx_word' id='word_1_807' title='bbox 886 5225 1027 5276; x_wconf 79' lang='lat' dir='ltr'><strong>nona</strong></span> <span class='ocrx_word' id='word_1_808' title='bbox 1072 5219 1127 5266; x_wconf 93' lang='lat' dir='ltr'><strong>et</strong></span> <span class='ocrx_word' id='word_1_809' title='bbox 1162 5213 1579 5284; x_wconf 84' lang='lat' dir='ltr'><strong>quadragesima</strong></span> <span class='ocrx_word' id='word_1_810' title='bbox 1614 5215 1841 5273; x_wconf 81' lang='lat' dir='ltr'><strong>inferias</strong></span> <span class='ocrx_word' id='word_1_811' title='bbox 1875 5219 2144 5290; x_wconf 85' lang='lat' dir='ltr'><strong>legitimas</strong></span> 
     </span>
    </p>
   </div>
   <div class='ocr_carea' id='block_1_104' title="bbox 568 5296 2143 5380">
    <p class='ocr_par' dir='ltr' id='par_1_104' title="bbox 568 5296 2143 5380">
     <span class='ocr_line' id='line_1_104' title="bbox 568 5296 2143 5380; baseline 0.011 -30"><span class='ocrx_word' id='word_1_812' title='bbox 568 5296 821 5363; x_wconf 84' lang='lat' dir='ltr'><strong>ferimus,</strong></span> <span class='ocrx_word' id='word_1_813' title='bbox 857 5301 1000 5356; x_wconf 89' lang='lat' dir='ltr'><strong>haud</strong></span> <span class='ocrx_word' id='word_1_814' title='bbox 1053 5312 1167 5358; x_wconf 88' lang='lat' dir='ltr'><strong>tota</strong></span> <span class='ocrx_word' id='word_1_815' title='bbox 1215 5311 1373 5361; x_wconf 84' lang='lat' dir='ltr'><strong>tertia</strong></span> <span class='ocrx_word' id='word_1_816' title='bbox 1412 5321 1536 5361; x_wconf 91' lang='lat' dir='ltr'><strong>cum</strong></span> <span class='ocrx_word' id='word_1_817' title='bbox 1582 5323 1682 5362; x_wconf 92' lang='lat' dir='ltr'><strong>sua</strong></span> <span class='ocrx_word' id='word_1_818' title='bbox 1734 5318 1914 5375; x_wconf 91' lang='lat' dir='ltr'><strong>nocte,</strong></span> <span class='ocrx_word' id='word_1_819' title='bbox 1966 5326 2143 5380; x_wconf 89' lang='lat' dir='ltr'><strong>neque</strong></span> 
     </span>
    </p>
   </div>
   <div class='ocr_carea' id='block_1_105' title="bbox 566 5394 2144 5471">
    <p class='ocr_par' dir='ltr' id='par_1_105' title="bbox 566 5394 2144 5471">
     <span class='ocr_line' id='line_1_105' title="bbox 566 5394 2144 5471; baseline 0.009 -32"><span class='ocrx_word' id='word_1_820' title='bbox 566 5394 678 5442; x_wconf 91' lang='lat' dir='ltr'><strong>tota</strong></span> <span class='ocrx_word' id='word_1_821' title='bbox 709 5405 852 5443; x_wconf 90' lang='lat' dir='ltr'><strong>nona</strong></span> <span class='ocrx_word' id='word_1_822' title='bbox 883 5406 1006 5446; x_wconf 92' lang='lat' dir='ltr'><strong>cum</strong></span> <span class='ocrx_word' id='word_1_823' title='bbox 1052 5408 1149 5448; x_wconf 88' lang='lat' dir='ltr'><strong>sua</strong></span> <span class='ocrx_word' id='word_1_824' title='bbox 1188 5395 1313 5449; x_wconf 89' lang='lat' dir='ltr'><strong>item</strong></span> <span class='ocrx_word' id='word_1_825' title='bbox 1357 5405 1536 5462; x_wconf 90' lang='lat' dir='ltr'><strong>nocte,</strong></span> <span class='ocrx_word' id='word_1_826' title='bbox 1569 5413 1745 5468; x_wconf 85' lang='lat' dir='ltr'><strong>neque</strong></span> <span class='ocrx_word' id='word_1_827' title='bbox 1777 5406 1887 5454; x_wconf 87' lang='lat' dir='ltr'><strong>tota</strong></span> <span class='ocrx_word' id='word_1_828' title='bbox 1917 5401 2144 5471; x_wconf 86' lang='lat' dir='ltr'><strong>quadra-</strong></span> 
     </span>
    </p>
   </div>
   <div class='ocr_carea' id='block_1_106' title="bbox 569 5477 2142 5555">
    <p class='ocr_par' dir='ltr' id='par_1_106' title="bbox 569 5477 2142 5555">
     <span class='ocr_line' id='line_1_106' title="bbox 569 5477 2142 5555; baseline 0.011 -26"><span class='ocrx_word' id='word_1_829' title='bbox 569 5477 776 5545; x_wconf 76' lang='lat' dir='ltr'><strong>gesima</strong></span> <span class='ocrx_word' id='word_1_830' title='bbox 827 5480 1080 5538; x_wconf 86' lang='lat' dir='ltr'><strong>similiter</strong></span> <span class='ocrx_word' id='word_1_831' title='bbox 1108 5498 1231 5538; x_wconf 92' lang='lat' dir='ltr'><strong>cum</strong></span> <span class='ocrx_word' id='word_1_832' title='bbox 1271 5501 1369 5540; x_wconf 88' lang='lat' dir='ltr'><strong>sua</strong></span> <span class='ocrx_word' id='word_1_833' title='bbox 1399 5498 1579 5555; x_wconf 90' lang='lat' dir='ltr'><strong>nocte,</strong></span> <span class='ocrx_word' id='word_1_834' title='bbox 1615 5491 1709 5545; x_wconf 90' lang='lat' dir='ltr'><strong>sed</strong></span> <span class='ocrx_word' id='word_1_835' title='bbox 1742 5492 1913 5546; x_wconf 91' lang='lat' dir='ltr'><strong>initiis</strong></span> <span class='ocrx_word' id='word_1_836' title='bbox 1944 5503 2142 5548; x_wconf 82' lang='lat' dir='ltr'><strong>morta-</strong></span> 
     </span>
    </p>
   </div>
   <div class='ocr_carea' id='block_1_107' title="bbox 567 5564 2142 5654">
    <p class='ocr_par' dir='ltr' id='par_1_107' title="bbox 567 5564 2142 5654">
     <span class='ocr_line' id='line_1_107' title="bbox 567 5564 2142 5654; baseline 0.014 -36"><span class='ocrx_word' id='word_1_837' title='bbox 567 5564 703 5632; x_wconf 83' lang='lat' dir='ltr'><strong>lium</strong></span> <span class='ocrx_word' id='word_1_838' title='bbox 749 5567 959 5626; x_wconf 90' lang='lat' dir='ltr'><strong>dierum</strong></span> <span class='ocrx_word' id='word_1_839' title='bbox 1024 5577 1308 5644; x_wconf 85' lang='lat' dir='ltr'><strong>spectatis,</strong></span> <span class='ocrx_word' id='word_1_840' title='bbox 1363 5579 1513 5647; x_wconf 88' lang='lat' dir='ltr'><strong>justa</strong></span> <span class='ocrx_word' id='word_1_841' title='bbox 1567 5581 1922 5649; x_wconf 87' lang='lat' dir='ltr'><strong>absolvimus,</strong></span> <span class='ocrx_word' id='word_1_842' title='bbox 1978 5585 2142 5654; x_wconf 76' lang='lat' dir='ltr'><strong>idque</strong></span> 
     </span>
    </p>
   </div>
   <div class='ocr_carea' id='block_1_108' title="bbox 568 5662 2064 5742">
    <p class='ocr_par' dir='ltr' id='par_1_108' title="bbox 568 5662 2064 5742">
     <span class='ocr_line' id='line_1_108' title="bbox 568 5662 2064 5742; baseline 0.013 -31"><span class='ocrx_word' id='word_1_843' title='bbox 568 5662 786 5727; x_wconf 74' lang='lat' dir='ltr'><strong>tempus</strong></span> <span class='ocrx_word' id='word_1_844' title='bbox 810 5676 909 5730; x_wconf 92' lang='lat' dir='ltr'><strong>pro</strong></span> <span class='ocrx_word' id='word_1_845' title='bbox 946 5662 1034 5718; x_wconf 89' lang='lat' dir='ltr'><strong>die</strong></span> <span class='ocrx_word' id='word_1_846' title='bbox 1056 5664 1265 5738; x_wconf 82' lang='lat' dir='ltr'><strong>integra</strong></span> <span class='ocrx_word' id='word_1_847' title='bbox 1299 5667 1564 5727; x_wconf 89' lang='lat' dir='ltr'><strong>habemus</strong></span> <span class='ocrx_word' id='word_1_848' title='bbox 1591 5680 1752 5742; x_wconf 88' lang='lat' dir='ltr'><strong>atque</strong></span> <span class='ocrx_word' id='word_1_849' title='bbox 1792 5675 2064 5731; x_wconf 91' lang='lat' dir='ltr'><strong>metimur.</strong></span> 
     </span>
    </p>
   </div>
   <div class='ocr_carea' id='block_1_109' title="bbox 2235 4827 3760 4923">
    <p class='ocr_par' dir='ltr' id='par_1_109' title="bbox 2235 4827 3760 4923">
     <span class='ocr_line' id='line_1_109' title="bbox 2235 4827 3760 4923; baseline -0.008 -28"><span class='ocrx_word' id='word_1_850' title='bbox 2235 4827 2464 4923; x_wconf 59' lang='grc' dir='ltr'>ξήμέρας</span> <span class='ocrx_word' id='word_1_851' title='bbox 2492 4837 2754 4907; x_wconf 87' lang='grc' dir='ltr'>λέγουσιν.</span> <span class='ocrx_word' id='word_1_852' title='bbox 2776 4836 2928 4889; x_wconf 77' lang='grc' dir='ltr'>Ἐπεὶ</span> <span class='ocrx_word' id='word_1_853' title='bbox 2959 4837 3052 4890; x_wconf 70' lang='grc' dir='ltr'>καὶ</span> <span class='ocrx_word' id='word_1_854' title='bbox 3082 4837 3174 4890; x_wconf 72' lang='grc' dir='ltr'>ἐπὶ</span> <span class='ocrx_word' id='word_1_855' title='bbox 3203 4837 3417 4909; x_wconf 83' lang='grc' dir='ltr'>νεκρῶν</span> <span class='ocrx_word' id='word_1_856' title='bbox 3459 4839 3548 4892; x_wconf 78' lang='grc' dir='ltr'><strong>καὶ</strong></span> <span class='ocrx_word' id='word_1_857' title='bbox 3585 4835 3664 4889; x_wconf 52' lang='grc' dir='ltr'><strong>ἐπὶ⁸</strong></span> <span class='ocrx_word' id='word_1_858' title='bbox 3687 4827 3760 4884; x_wconf 81' lang='grc' dir='ltr'>τῶν</span> 
     </span>
    </p>
   </div>
   <div class='ocr_carea' id='block_1_110' title="bbox 2249 4926 3757 5006">
    <p class='ocr_par' dir='ltr' id='par_1_110' title="bbox 2249 4926 3757 5006">
     <span class='ocr_line' id='line_1_110' title="bbox 2249 4926 3757 5006; baseline -0.003 -18"><span class='ocrx_word' id='word_1_859' title='bbox 2249 4929 2547 5006; x_wconf 84' lang='grc' dir='ltr'>ἀρτιγενῶν</span> <span class='ocrx_word' id='word_1_860' title='bbox 2577 4928 2784 4982; x_wconf 84' lang='grc' dir='ltr'>παίδων</span> <span class='ocrx_word' id='word_1_861' title='bbox 2811 4927 2983 4992; x_wconf 85' lang='grc' dir='ltr'>οῦτως</span> <span class='ocrx_word' id='word_1_862' title='bbox 3014 4932 3232 5001; x_wconf 88' lang='grc' dir='ltr'>μετρεῖν</span> <span class='ocrx_word' id='word_1_863' title='bbox 3273 4930 3398 4994; x_wconf 82' lang='grc' dir='ltr'>ἔθος</span> <span class='ocrx_word' id='word_1_864' title='bbox 3428 4931 3549 5000; x_wconf 79' lang='grc' dir='ltr'>ὅλην</span> <span class='ocrx_word' id='word_1_865' title='bbox 3583 4926 3757 4999; x_wconf 72' lang='grc' dir='ltr'>ἡμέραν»</span> 
     </span>
    </p>
   </div>
   <div class='ocr_carea' id='block_1_111' title="bbox 2232 4989 3759 5094">
    <p class='ocr_par' dir='ltr' id='par_1_111' title="bbox 2232 4989 3759 5094">
     <span class='ocr_line' id='line_1_111' title="bbox 2232 4989 3759 5094; baseline -0.01 -15"><span class='ocrx_word' id='word_1_866' title='bbox 2232 4989 2335 5086; x_wconf 32' lang='grc' dir='ltr'>Ϊὸτε</span> <span class='ocrx_word' id='word_1_867' title='bbox 2374 4989 2473 5094; x_wconf 74' lang='grc' dir='ltr'><strong>τήν</strong></span> <span class='ocrx_word' id='word_1_868' title='bbox 2513 5021 2621 5076; x_wconf 85' lang='grc' dir='ltr'>ἀπὸ</span> <span class='ocrx_word' id='word_1_869' title='bbox 2660 5007 2759 5092; x_wconf 78' lang='grc' dir='ltr'><strong>τῆς</strong></span> <span class='ocrx_word' id='word_1_870' title='bbox 2801 4989 3033 5092; x_wconf 70' lang='grc' dir='ltr'>δεκάτης</span> <span class='ocrx_word' id='word_1_871' title='bbox 3061 4989 3208 5092; x_wconf 78' lang='grc' dir='ltr'>ὥρας</span> <span class='ocrx_word' id='word_1_872' title='bbox 3239 4989 3549 5093; x_wconf 65' lang='grc' dir='ltr'>ἀρξαμένην</span> <span class='ocrx_word' id='word_1_873' title='bbox 3571 4989 3759 5089; x_wconf 48' lang='grc' dir='ltr'>γέννησιν</span> 
     </span>
    </p>
   </div>
   <div class='ocr_carea' id='block_1_112' title="bbox 2232 5101 3758 5188">
    <p class='ocr_par' dir='ltr' id='par_1_112' title="bbox 2232 5101 3758 5188">
     <span class='ocr_line' id='line_1_112' title="bbox 2232 5101 3758 5188; baseline -0.025 7"><span class='ocrx_word' id='word_1_874' title='bbox 2232 5101 2578 5188; x_wconf 48' lang='grc' dir='ltr'>θμετροῦμενν</span> <span class='ocrx_word' id='word_1_875' title='bbox 2607 5112 2640 5184; x_wconf 72' lang='grc' dir='ltr'>ἦ</span> <span class='ocrx_word' id='word_1_876' title='bbox 2675 5112 2774 5183; x_wconf 75' lang='grc' dir='ltr'><strong>τὴν</strong></span> <span class='ocrx_word' id='word_1_877' title='bbox 2808 5113 2917 5165; x_wconf 71' lang='grc' dir='ltr'><strong>ἀπὸ</strong></span> <span class='ocrx_word' id='word_1_878' title='bbox 2947 5113 3046 5182; x_wconf 70' lang='grc' dir='ltr'><strong>τῆς</strong></span> <span class='ocrx_word' id='word_1_879' title='bbox 3075 5112 3250 5184; x_wconf 82' lang='grc' dir='ltr'>ἀρχῆς</span> <span class='ocrx_word' id='word_1_880' title='bbox 3275 5115 3379 5184; x_wconf 83' lang='grc' dir='ltr'>τῆς</span> <span class='ocrx_word' id='word_1_881' title='bbox 3408 5113 3608 5184; x_wconf 83' lang='grc' dir='ltr'>ἡμέρας</span> <span class='ocrx_word' id='word_1_882' title='bbox 3637 5108 3758 5179; x_wconf 68' lang='grc' dir='ltr'>ἀρξα-</span> 
     </span>
    </p>
   </div>
   <div class='ocr_carea' id='block_1_113' title="bbox 2232 5201 3758 5282">
    <p class='ocr_par' dir='ltr' id='par_1_113' title="bbox 2232 5201 3758 5282">
     <span class='ocr_line' id='line_1_113' title="bbox 2232 5201 3758 5282; baseline -0.007 -17"><span class='ocrx_word' id='word_1_883' title='bbox 2232 5211 2418 5282; x_wconf 73' lang='grc' dir='ltr'>’μένην</span> <span class='ocrx_word' id='word_1_884' title='bbox 2462 5209 2746 5281; x_wconf 59' lang='grc' dir='ltr'>γέννησιν</span> <span class='ocrx_word' id='word_1_885' title='bbox 2777 5209 2979 5279; x_wconf 71' lang='grc' dir='ltr'>ὁμοίως</span> <span class='ocrx_word' id='word_1_886' title='bbox 3025 5209 3118 5262; x_wconf 72' lang='grc' dir='ltr'><strong>καὶ</strong></span> <span class='ocrx_word' id='word_1_887' title='bbox 3149 5210 3239 5263; x_wconf 70' lang='grc' dir='ltr'><strong>ἐπὶ</strong></span> <span class='ocrx_word' id='word_1_888' title='bbox 3261 5209 3476 5282; x_wconf 83' lang='grc' dir='ltr'>νεκρῶν</span> <span class='ocrx_word' id='word_1_889' title='bbox 3507 5207 3600 5278; x_wconf 61' lang='lat' dir='ltr'><strong>sip;</strong></span> <span class='ocrx_word' id='word_1_890' title='bbox 3623 5201 3758 5275; x_wconf 62' lang='grc' dir='ltr'>τρίτην</span> 
     </span>
    </p>
   </div>
   <div class='ocr_carea' id='block_1_114' title="bbox 2245 5289 3759 5374">
    <p class='ocr_par' dir='ltr' id='par_1_114' title="bbox 2245 5289 3759 5374">
     <span class='ocr_line' id='line_1_114' title="bbox 2245 5289 3759 5374; baseline -0.005 -17"><span class='ocrx_word' id='word_1_891' title='bbox 2245 5303 2456 5374; x_wconf 85' lang='grc' dir='ltr'>ἡμέραν</span> <span class='ocrx_word' id='word_1_892' title='bbox 2511 5303 2606 5355; x_wconf 72' lang='grc' dir='ltr'><strong>καὶ</strong></span> <span class='ocrx_word' id='word_1_893' title='bbox 2635 5301 2730 5372; x_wconf 82' lang='grc' dir='ltr'><strong>τὴν</strong></span> <span class='ocrx_word' id='word_1_894' title='bbox 2758 5301 2953 5372; x_wconf 82' lang='grc' dir='ltr'>ἐνάτην</span> <span class='ocrx_word' id='word_1_895' title='bbox 3001 5301 3094 5354; x_wconf 77' lang='grc' dir='ltr'>καὶ</span> <span class='ocrx_word' id='word_1_896' title='bbox 3137 5302 3235 5371; x_wconf 81' lang='grc' dir='ltr'><strong>τὴν</strong></span> <span class='ocrx_word' id='word_1_897' title='bbox 3278 5297 3693 5374; x_wconf 78' lang='grc' dir='ltr'>τεσσαρακοστὴν</span> <span class='ocrx_word' id='word_1_898' title='bbox 3715 5289 3759 5342; x_wconf 62' lang='grc' dir='ltr'><strong>τά</strong></span> 
     </span>
    </p>
   </div>
   <div class='ocr_carea' id='block_1_115' title="bbox 2243 5379 3759 5464">
    <p class='ocr_par' dir='ltr' id='par_1_115' title="bbox 2243 5379 3759 5464">
     <span class='ocr_line' id='line_1_115' title="bbox 2243 5379 3759 5464; baseline -0.009 -19"><span class='ocrx_word' id='word_1_899' title='bbox 2243 5391 2605 5463; x_wconf 86' lang='grc' dir='ltr'>νενομισμένα</span> <span class='ocrx_word' id='word_1_900' title='bbox 2660 5391 2968 5454; x_wconf 87' lang='grc' dir='ltr'>ποιοῦντες·</span> <span class='ocrx_word' id='word_1_901' title='bbox 3016 5392 3114 5463; x_wconf 81' lang='grc' dir='ltr'>οὐχ</span> <span class='ocrx_word' id='word_1_902' title='bbox 3160 5393 3289 5463; x_wconf 83' lang='grc' dir='ltr'>ὃλην</span> <span class='ocrx_word' id='word_1_903' title='bbox 3320 5393 3420 5464; x_wconf 85' lang='grc' dir='ltr'>τὴν</span> <span class='ocrx_word' id='word_1_904' title='bbox 3464 5390 3637 5463; x_wconf 85' lang='grc' dir='ltr'>τρίτην</span> <span class='ocrx_word' id='word_1_905' title='bbox 3665 5379 3759 5454; x_wconf 64' lang='grc' dir='ltr'>μετὰ</span> 
     </span>
    </p>
   </div>
   <div class='ocr_carea' id='block_1_116' title="bbox 2242 5475 3760 5556">
    <p class='ocr_par' dir='ltr' id='par_1_116' title="bbox 2242 5475 3760 5556">
     <span class='ocr_line' id='line_1_116' title="bbox 2242 5475 3760 5556; baseline -0.011 -7"><span class='ocrx_word' id='word_1_906' title='bbox 2242 5485 2341 5556; x_wconf 79' lang='grc' dir='ltr'><strong>τῆς</strong></span> <span class='ocrx_word' id='word_1_907' title='bbox 2377 5484 2569 5546; x_wconf 75' lang='grc' dir='ltr'>νυκτὸς</span> <span class='ocrx_word' id='word_1_908' title='bbox 2610 5483 2808 5553; x_wconf 73' lang='grc' dir='ltr'>αὖτῆς³</span> <span class='ocrx_word' id='word_1_909' title='bbox 2842 5484 2962 5537; x_wconf 81' lang='grc' dir='ltr'>οὐδὲ</span> <span class='ocrx_word' id='word_1_910' title='bbox 2999 5484 3124 5556; x_wconf 83' lang='grc' dir='ltr'>ὅλην</span> <span class='ocrx_word' id='word_1_911' title='bbox 3157 5484 3251 5556; x_wconf 80' lang='grc' dir='ltr'>τὴν</span> <span class='ocrx_word' id='word_1_912' title='bbox 3292 5486 3489 5556; x_wconf 77' lang='grc' dir='ltr'>ἐνάτην</span> <span class='ocrx_word' id='word_1_913' title='bbox 3548 5480 3666 5553; x_wconf 73' lang='grc' dir='ltr'>μετὰ</span> <span class='ocrx_word' id='word_1_914' title='bbox 3694 5475 3760 5542; x_wconf 77' lang='grc' dir='ltr'><strong>τῆς</strong></span> 
     </span>
    </p>
   </div>
   <div class='ocr_carea' id='block_1_117' title="bbox 2243 5568 3759 5649">
    <p class='ocr_par' dir='ltr' id='par_1_117' title="bbox 2243 5568 3759 5649">
     <span class='ocr_line' id='line_1_117' title="bbox 2243 5568 3759 5649; baseline -0.002 -20"><span class='ocrx_word' id='word_1_915' title='bbox 2243 5575 2450 5639; x_wconf 77' lang='grc' dir='ltr'>οἰκείας</span> <span class='ocrx_word' id='word_1_916' title='bbox 2470 5575 2663 5638; x_wconf 85' lang='grc' dir='ltr'>νυκτὸς</span> <span class='ocrx_word' id='word_1_917' title='bbox 2680 5577 2849 5647; x_wconf 79' lang='grc' dir='ltr'>αὐτῆς</span> <span class='ocrx_word' id='word_1_918' title='bbox 2867 5593 2881 5607; x_wconf 78' lang='grc' dir='ltr'><strong><em>ο</em></strong></span> <span class='ocrx_word' id='word_1_919' title='bbox 2907 5576 3027 5630; x_wconf 86' lang='grc' dir='ltr'><strong>ούδέ</strong></span> <span class='ocrx_word' id='word_1_920' title='bbox 3046 5578 3144 5647; x_wconf 81' lang='grc' dir='ltr'>τὴν</span> <span class='ocrx_word' id='word_1_921' title='bbox 3166 5575 3596 5649; x_wconf 77' lang='grc' dir='ltr'>τεσσαρακοστὴν</span> <span class='ocrx_word' id='word_1_922' title='bbox 3609 5568 3759 5640; x_wconf 70' lang='grc' dir='ltr'>ὁμοίως</span> 
     </span>
    </p>
   </div>
   <div class='ocr_carea' id='block_1_118' title="bbox 2243 5661 3758 5740">
    <p class='ocr_par' dir='ltr' id='par_1_118' title="bbox 2243 5661 3758 5740">
     <span class='ocr_line' id='line_1_118' title="bbox 2243 5661 3758 5740; baseline -0.006 -21"><span class='ocrx_word' id='word_1_923' title='bbox 2243 5666 2370 5736; x_wconf 80' lang='grc' dir='ltr'>ὅλην</span> <span class='ocrx_word' id='word_1_924' title='bbox 2409 5666 2545 5738; x_wconf 85' lang='grc' dir='ltr'>μετὰ</span> <span class='ocrx_word' id='word_1_925' title='bbox 2569 5667 2761 5730; x_wconf 83' lang='grc' dir='ltr'>νυκτὸς</span> <span class='ocrx_word' id='word_1_926' title='bbox 2790 5668 2988 5738; x_wconf 71' lang='grc' dir='ltr'>αὐτῆς*</span> <span class='ocrx_word' id='word_1_927' title='bbox 3018 5669 3154 5721; x_wconf 75' lang='grc' dir='ltr'>ἀλλὰ</span> <span class='ocrx_word' id='word_1_928' title='bbox 3179 5669 3277 5732; x_wconf 78' lang='grc' dir='ltr'>τὰς</span> <span class='ocrx_word' id='word_1_929' title='bbox 3304 5669 3479 5740; x_wconf 80' lang='grc' dir='ltr'>ἀρχὰς</span> <span class='ocrx_word' id='word_1_930' title='bbox 3500 5666 3600 5719; x_wconf 83' lang='grc' dir='ltr'><strong>τῶν</strong></span> <span class='ocrx_word' id='word_1_931' title='bbox 3621 5661 3758 5714; x_wconf 73' lang='grc' dir='ltr'>τελεν·</span> 
     </span>
    </p>
   </div>
   <div class='ocr_carea' id='block_1_119' title="bbox 2242 5739 3756 5830">
    <p class='ocr_par' dir='ltr' id='par_1_119' title="bbox 2242 5739 3756 5830">
     <span class='ocr_line' id='line_1_119' title="bbox 2242 5739 3756 5830; baseline -0.005 -19"><span class='ocrx_word' id='word_1_932' title='bbox 2242 5739 2408 5811; x_wconf 83' lang='grc' dir='ltr'>ταίων</span> <span class='ocrx_word' id='word_1_933' title='bbox 2452 5756 2670 5828; x_wconf 80' lang='grc' dir='ltr'>ἡμερῶν</span> <span class='ocrx_word' id='word_1_934' title='bbox 2722 5758 2954 5829; x_wconf 83' lang='grc' dir='ltr'>ὁρῶντες</span> <span class='ocrx_word' id='word_1_935' title='bbox 2995 5760 3318 5830; x_wconf 84' lang='grc' dir='ltr'>ἐκτελοῦμεν</span> <span class='ocrx_word' id='word_1_936' title='bbox 3349 5739 3421 5813; x_wconf 75' lang='grc' dir='ltr'>τὰ</span> <span class='ocrx_word' id='word_1_937' title='bbox 3450 5754 3756 5830; x_wconf 67' lang='grc' dir='ltr'>πραττόμενα.</span> 
     </span>
    </p>
   </div>
   <div class='ocr_carea' id='block_1_120' title="bbox 2243 5849 3754 5923">
    <p class='ocr_par' dir='ltr' id='par_1_120' title="bbox 2243 5849 3754 5923">
     <span class='ocr_line' id='line_1_120' title="bbox 2243 5849 3754 5923; baseline 0.001 -19"><span class='ocrx_word' id='word_1_938' title='bbox 2243 5849 2369 5904; x_wconf 76' lang='grc' dir='ltr'>ὃλην</span> <span class='ocrx_word' id='word_1_939' title='bbox 2397 5850 2605 5904; x_wconf 66' lang='grc' dir='ltr'>ἡμέραν</span> <span class='ocrx_word' id='word_1_940' title='bbox 2631 5852 2832 5917; x_wconf 86' lang='grc' dir='ltr'>ταύτην</span> <span class='ocrx_word' id='word_1_941' title='bbox 2860 5853 2951 5908; x_wconf 73' lang='grc' dir='ltr'><strong>καὶ</strong></span> <span class='ocrx_word' id='word_1_942' title='bbox 2989 5855 3311 5923; x_wconf 78' lang='grc' dir='ltr'>μετροῦντες</span> <span class='ocrx_word' id='word_1_943' title='bbox 3337 5855 3429 5909; x_wconf 74' lang='grc' dir='ltr'><strong>καὶ</strong></span> <span class='ocrx_word' id='word_1_944' title='bbox 3456 5849 3754 5918; x_wconf 55' lang='grc' dir='ltr'>λογιζόμενοι</span> 
     </span>
    </p>
   </div>
  </div>
