3954 6490
81 398 171 453 957
902 397 1405 455 SUPPLEMENTA
1444 398 1629 469 QUAS!

1736 397 1918 455 DNUM
1955 397 2045 452 AD
2085 393 2527 452 STEPHANUM.

137 509 205 576 ς’.
244 506 381 562 Ἀλλ’
415 508 537 563 ἐπει
586 509 821 581 Χριστός
870 530 1057 584 φησιν,
1079 518 1227 585 τρεῖς
1275 516 1488 586 ἡμέρας
1543 515 1639 568 καὶ
1670 523 1715 577 Α

75 605 207 675 τρεῖς
250 600 453 665 νύκτας
499 603 557 655 ὲν
604 605 670 673 τῇ
720 602 917 675 καρδίᾳ
936 606 1034 675 τῆς
1063 607 1164 677 γῆς
1190 606 1404 677 ἔσομαι,
1438 606 1551 659 ἔστι
1582 606 1639 659 δὲ

74 696 227 758 οὕτως
257 696 432 747 εἰπεῖν
466 693 598 765 (Ην
627 690 735 765 ἆρα
776 697 823 748 εί
858 696 1139 769 χρεώστην
1173 698 1638 768 ἐπαγγειλάμενον

70 786 133 855 τῷ
157 784 339 855 οἰκείῳ
370 785 619 856 δανειστῇ
658 786 796 855 μετὰ
819 790 968 859 τρεῖς
992 789 1205 861 ἡμέρας
1237 790 1545 862 πληρώσειν
1575 790 1639 844 τὸ

69 877 231 949 χρέος.
263 876 373 947 πρὸ
405 878 503 946 τῆς
534 877 868 949 προθεσμίας
902 880 1632 953 πληρώσανταθεασάμενοι,

66 969 127 1032 ὡς
158 968 499 1038 ψευσάμενον
533 969 846 1041 κρινοῦμεν,
878 972 910 1041 ἢ
939 972 1013 1035 ὡς
1040 972 1199 1026 πλέον
1224 974 1628 1044 ἀληθεύσαντα;

67 1062 160 1112 Καὶ
192 1060 402 1123 ἄλλωςο
438 1064 486 1114 εἰ
521 1059 712 1115 θᾶττον
741 1061 773 1133 ἢ
809 1061 919 1132 (42)
953 1058 1365 1135 εἶπεν,ἀνέστη,
1394 1066 1571 1119 πλέων
1597 1068 1630 1137 ή

68 1154 293 1223 δύναμις,
332 1153 428 1206 καὶ
453 1153 706 1224 ἔγκλημα
748 1156 848 1208 οὐκ
892 1155 1024 1225 ἔχει’
1060 1156 1120 1209 τὸ
1167 1158 1223 1210 δὲ
1266 1158 1498 1228 βράδιον,
1531 1159 1633 1211 ὑπ·-

69 1244 201 1313 οψίας
234 1244 398 1313 γέμει
422 1244 518 1297 καὶ
544 1243 736 1313 ψεῦδος
763 1244 1034 1313 λογίζεται
1059 1247 1375 1316 γιγνόμενον
1395 1264 1407 1276 ·
1436 1245 1629 1315 ψεῦδος

72 1339 167 1408 μὲν,
195 1338 278 1389 ὅτι
316 1335 594 1407 παρῆλθεν
642 1338 669 1389 ὁ
712 1336 919 1407 λεχθεὶς
967 1337 1122 1408 ὅρος·
1162 1337 1401 1390 ὕποπτον
1442 1338 1518 1401 δὲ,
1545 1338 1627 1391 ὅτι

67 1431 155 1483 τῶν
175 1429 432 1498 φυλάκων
458 1431 947 1502 ἀναχωρησάντων,
976 1429 1149 1502 κλοπὴ
1174 1430 1233 1484 τὸ
1256 1432 1485 1502 πρᾶγμα
1510 1432 1625 1485 ἐνο-

69 1522 208 1594 μίσθη
245 1522 337 1576 ἄν.

3222 394 3324 451 953

1825 510 1879 566 6.
1914 507 2019 566 Sed
2047 510 2304 581 quoniam
2351 501 2608 573 Christus
2641 507 2855 567 dixerat
2883 509 2948 572 ⁸⁸,
2984 502 3162 565 tribus
3204 510 3321 566 die-

1750 604 1855 658 bus
1879 602 2162 673 tribusque
2187 602 2442 657 noctibus
2472 618 2531 657 se
2568 603 2621 656 in
2653 601 2819 657 corde
2864 610 3025 658 terrae
3052 601 3319 671 futurum,

1736 693 1886 749 lubet
1932 695 2004 748 ita
2035 675 2314 749 disserere
2342 714 2355 748 :
2386 694 2580 764 siquis
2629 710 2736 748 iere
2788 694 2972 749 alieno
3017 693 3319 749 obstrictus

1737 787 1997 842 creditori
2050 803 2151 842 suo
2200 788 2519 857 recepisset.
2556 802 2616 841 se
2648 797 2771 856 post
2810 794 2922 843 tres
2952 787 3070 841 dies
3118 787 3319 841 solutu-

1736 894 1896 945 rum;
1941 880 2108 946 hunc,
2151 880 2394 949 inquam,
2437 880 2481 934 si
2518 886 2648 933 ante
2695 880 3005 933 condictam
3051 879 3192 933 diem
3242 895 3317 934 ius

1735 973 1871 1028 illud
1909 975 2210 1030 dissolvere
2241 973 2574 1036 videremus,
2602 973 2989 1027 mendacemne
3032 988 3101 1027 an
3144 973 3316 1026 multo

1735 1067 2073 1123 veraciorem
2131 1065 2548 1136 judicaremus?
2614 1064 2904 1129 Praeterea,
2964 1065 3011 1120 si
3062 1065 3317 1121 Christus

1734 1159 1911 1223 ocius,
1962 1174 2124 1229 quam
2161 1158 2547 1229 spoponderat,
2603 1159 2923 1224 resurrexit,
2965 1158 3140 1227 major
3189 1158 3317 1214 hinc

1732 1250 1909 1304 virtus
1930 1250 2211 1313 elucescit,
2234 1249 2432 1305 nedum
2458 1250 2610 1302 locus
2650 1248 3056 1317 reprehensioni
3079 1258 3181 1305 est.
3219 1249 3317 1303 Su-

1733 1340 1910 1408 Spieio
1931 1350 2121 1393 contra
2151 1348 2313 1409 atque
2343 1338 2690 1392 mendacium
2735 1354 2799 1392 ex
2834 1339 3091 1395 tarditate
3123 1355 3317 1396 conse-

1734 1432 2044 1501 quebantur
2089 1451 2101 1485 :
2152 1431 2517 1500 mendacium,
2560 1432 2685 1502 quia
2728 1432 3015 1487 condictus
3054 1434 3317 1489 terminus

1730 1518 1925 1574 fuisset
1955 1520 2207 1589 elapsus;
2241 1520 2504 1590 suspicio,
2542 1522 2694 1591 quia,
2729 1521 3111 1579 recedentibus
3140 1533 3319 1579 custo-

1731 1610 1915 1676 dibus,
1948 1627 2013 1667 ea
2042 1628 2131 1669 res
2165 1611 2300 1667 furti
2328 1613 2525 1669 fuisset
2552 1614 2887 1669 insimulata.

1308 1766 1665 1823 EXPLICIT
1697 1765 2062 1824 ΕΡΙΤΟΜΕ.

1385 2139 1906 2234 LECTORI

126 2333 393 2389 Hactenus
424 2335 683 2390 edidimus
721 2335 1023 2390 continuam
1055 2344 1209 2405 atque
1242 2334 1511 2387 illibatam
1554 2331 1846 2387 Eusebiani
1887 2334 2059 2400 operis
2088 2335 2318 2402 priscam
2359 2347 2408 2390 et
2456 2339 2775 2407 prwclaram
2817 2339 3121 2409 Epitomen,
3157 2348 3312 2411 prout

65 2445 114 2481 ια
154 2438 224 2482 est
267 2431 331 2482 in
378 2428 731 2498 pulcherrimo
774 2428 948 2483 codice
988 2427 1241 2481 Palatino
1293 2426 1414 2482 Vat.
1462 2423 1680 2487 CCXX,
1750 2443 1781 2478 ιι
1826 2425 1867 2495 f.
1916 2425 1975 2480 61
2024 2443 2186 2497 usque
2230 2429 2297 2482 ad
2329 2429 2418 2498 96,
2459 2431 2548 2485 ubi
2581 2447 2709 2501 opus
2743 2448 2924 2502 reapse
2948 2432 3306 2496 concluditur,

68 2523 234 2575 relictis
263 2521 512 2588 deinceps
557 2522 764 2592 paginis
792 2522 963 2589 puris.
999 2519 1237 2574 Fuerunt
1268 2528 1464 2580 autem,
1500 2526 1554 2569 ut
1604 2516 1852 2582 vidimus,
1882 2520 2199 2587 qucestiones
2242 2537 2352 2585 xx;
2396 2524 2597 2577 scilicet
2643 2524 2713 2577 ad
2738 2524 3063 2594 Stephanum
3090 2541 3205 2591 xvt,
3240 2527 3310 2579 ad

69 2613 321 2667 Marinum
367 2629 443 2669 tv.
484 2613 798 2684 Quanquam
830 2630 945 2668 vero
985 2613 1148 2666 variis
1194 2627 1257 2664 ea:
1300 2608 1533 2679 fontibus
1570 2607 1719 2661 nobis
1763 2610 2101 2676 suppetebant
2128 2610 2400 2682 utriusque
2426 2615 2599 2681 partis
2631 2613 3009 2683 supplementa,
3043 2615 3307 2669 noluimus

68 2728 115 2763 ca
138 2727 243 2763 cum
280 2709 533 2783 Epitome
565 2708 876 2771 admiscere,
903 2725 964 2762 ne
993 2707 1175 2773 scripti
1215 2720 1304 2774 per
1335 2720 1389 2757 se
1418 2702 1658 2755 concinni
1693 2709 1742 2754 et
1774 2702 1991 2770 perfecti
2030 2702 2219 2756 seriem
2262 2704 2649 2774 quodammodo
2682 2708 2762 2761 his
2792 2708 3001 2761 insertis
3031 2708 3309 2777 perturba-

70 2822 234 2859 remus.
288 2801 451 2855 Nunc
493 2810 667 2855 tamen
705 2801 1064 2870 supplementa
1103 2814 1219 2870 qua:
1256 2796 1544 2850 invenimus
1584 2804 1693 2845 tum
1729 2796 2078 2863 quwstionum
2110 2797 2178 2852 ad
2224 2796 2548 2867 Stephanum
2594 2810 2702 2852 tum
2739 2802 2900 2853 etiam
2939 2802 3006 2855 ad
3035 2801 3308 2856 Marinum

69 2895 370 2951 nobtexenda
412 2904 553 2949 sunt.
590 2892 657 2945 Et
687 2894 913 2963 primum
959 2894 1121 2947 lauta:
1161 2891 1359 2959 aliquot
1405 2896 1580 2957 partes
1618 2900 1683 2939 ex
1727 2903 1921 2957 magna
1970 2906 2069 2945 ms.
2118 2899 2303 2943 catena
2352 2889 2557 2945 Niceta:
2588 2892 2655 2945 ad
2704 2893 2901 2946 Lucam
2942 2894 2997 2946 in
3030 2892 3206 2948 codice
3236 2895 3304 2957 Α,

67 3008 138 3042 seu
178 2990 300 3043 Vat.
346 2987 508 3051 1611,
551 3004 682 3057 quas
715 3005 819 3041 non
850 3002 914 3039 ex
948 2984 1183 3055 Epitome
1218 2984 1307 3038 sed
1338 2998 1401 3037 ex
1431 2982 1633 3049 integro
1669 2995 1819 3048 opere
1844 2979 2115 3051 decerptus
2152 2983 2319 3053 fuisse
2349 2992 2603 3052 apparet;
2634 3000 2931 3055 quanquam
2971 2987 3078 3053 ipse
3106 3002 3309 3057 quoque

73 3083 260 3139 iw'icetas
295 3082 503 3138 videtur
528 3083 811 3149 interdum,
844 3092 903 3135 ut
931 3084 992 3152 ﬁt
1022 3088 1073 3139 in
1104 3087 1325 3149 catenis,
1363 3086 1645 3141 Eusebium
1675 3084 2007 3150 diminuere;
2035 3087 2186 3156 cujus
2214 3088 2290 3141 rei
2326 3087 2577 3140 indicium
2632 3096 2729 3151 est,
2762 3086 2901 3155 quod
2931 3086 3220 3157 aliquando
3254 3090 3306 3142 in

70 3177 281 3242 l‘pitome
343 3186 465 3230 sunt
528 3176 726 3245 aliquot
770 3178 1064 3245 particulae,
1126 3196 1258 3250 quas
1305 3180 1521 3235 Nicetas
1582 3179 1847 3233 subtrahit
1889 3195 1907 3231 :
1948 3182 2048 3234 etsi
2095 3182 2294 3252 alioqui
2337 3182 2392 3235 in
2442 3180 2680 3235 laudatis
2719 3198 2751 3233 a
2782 3179 2972 3235 Niceta
3033 3182 3297 3251 partibus,

67 3268 303 3322 Eusebius
350 3269 654 3341 plerumque
699 3270 896 3341 integer
940 3281 1039 3337 est,
1082 3282 1132 3326 et
1179 3272 1367 3343 ubique
1407 3274 1631 3341 plenior.
1697 3270 1855 3326 Nunc
1899 3272 2065 3343 igitur
2090 3275 2266 3343 priore
2314 3272 2428 3327 loco
2467 3274 2827 3342 supplementa
2864 3274 3209 3343 qua'stionum
3238 3273 3306 3329 ad

66 3358 397 3427 Stephanum.

986 3568 1466 3658 EUSEBII
1564 3568 2376 3663 CIESABIENSIS

291 3757 412 3818 EX
464 3756 997 3821 INTEGRIORE
1041 3757 1323 3821 OPERE
1357 3758 1934 3834 QU/ESTIONUM
1971 3715 2702 3826 EVANGELICARUM
2733 3763 3057 3825 PARTES
3096 3742 3099 3745 l

1084 3925 1151 3984 in
1179 3924 1412 3985 Niceten
1454 3924 1688 3986 Catena
1719 3945 1832 3987 ms.
1881 3928 1964 3991 ad
1993 3928 2247 3991 Lucam.

1655 4084 1729 4095 —

118 4176 179 4225 α’.
220 4169 336 4237 (45)
378 4168 514 4238 Περὶ
560 4166 615 4219 δὲ
660 4166 753 4219 τοῦ
804 4165 894 4219 τὸν
924 4165 1203 4220 Ματθαῖον
1250 4166 1456 4222 ἄνωθεν
1496 4187 1627 4223 κατ-

1800 4171 1853 4226 1.
1890 4168 2047 4236 Quod
2101 4168 2393 4224 Matthieus
2443 4182 2681 4238 superne
2725 4165 3105 4223 successiones
3135 4166 3307 4221 dedu-

60 4260 192 4328 άγειν
225 4262 330 4324 τὰς
361 4260 631 4330 διαδοχὰς,
662 4259 752 4312 τὸν
784 4259 840 4310 δὲ
868 4260 1076 4312 Λουκᾶν
1104 4258 1370 4314 ἀνάπαλιν
1394 4278 1625 4333 πεποιη-

1736 4272 1840 4330 cat,
1876 4262 2054 4317 Lucas
2080 4278 2210 4317 vero
2251 4261 2534 4316 contrario
2578 4261 2771 4315 ordine
2814 4268 3023 4324 utatur,
3068 4261 3307 4329 quando-

62 4356 215 4418 κέναι,
246 4354 382 4425 μίαν
428 4354 519 4407 καὶ
548 4353 645 4424 τὴν
687 4352 856 4422 αὐτὴν
896 4352 1010 4406 ὁδὸν
1058 4352 1439 4423 πορευθέντας,
1473 4356 1624 4409 οὐδὲν

1736 4356 1945 4428 quidem
2001 4355 2191 4410 eadem
2247 4353 2335 4408 via
2393 4361 2624 4423 uterque
2667 4354 2932 4423 graditur,
2984 4352 3165 4407 nullus
3215 4360 3301 4407 est

59 4446 456 4519 ἐπιμέμφεσθαι
489 4446 595 4498 δεῖν
630 4445 751 4498 ἐπεὶ
786 4446 878 4497 καὶ
906 4446 1032 4509 τοὺς
1064 4446 1266 4515 ἀνάντη
1309 4448 1400 4499 καὶ
1444 4446 1624 4518 ὄρθιον

60 4540 269 4609 πορείαν
308 4539 577 4601 ἀνιόντας,
610 4538 703 4591 καὶ
755 4538 881 4601 τοὺς
927 4537 1161 4608 ἔμπαλιν
1208 4536 1296 4590 διὰ
1329 4538 1425 4609 τῆς
1457 4540 1626 4609 αὐτῆς

59 4632 351 4695 κατιόντας,
379 4632 479 4684 οὐκ
531 4631 595 4684 ἄν
646 4647 728 4693 τις
776 4629 969 4701 ἑτέραν
1015 4629 1148 4700 φαίη
1205 4628 1457 4699 βαδίζειν,
1497 4632 1625 4700 μιᾶς

56 4724 373 4796 ἀμφοτέροις
410 4721 665 4791 κειμένης
693 4723 805 4784 τοῖς
827 4738 886 4773 τε
916 4719 1123 4773 ἀνιοῦσι
1149 4720 1241 4773 καὶ
1269 4722 1382 4784 τοῖς
1408 4720 1626 4774 κατιοῦ-

56 4832 101 4867 σι
124 4818 333 4888 τρίϐου.
363 4817 467 4868 Τὸν
515 4814 676 4869 αὑτὸν
724 4813 853 4884 γοῦν
900 4814 1100 4885 τρόπον
1140 4814 1233 4866 καὶ
1264 4812 1355 4866 ἐπὶ
1383 4814 1480 4884 τῆς
1515 4815 1623 4868 τῶν

55 4911 210 4976 γενῶν
241 4909 497 4980 διαδοχῆς
529 4909 810 4980 πάρεστιν,
839 4908 944 4979 ὅτῳ
975 4907 1125 4975 φίλον
1151 4907 1237 4960 ἐπ’
1267 4906 1515 4973 ἐξουσίας
1537 4906 1624 4960 διὰ

57 5003 153 5055 τῶν
182 5003 387 5065 αὐτῶν,
422 5005 534 5065 τοῖς
563 5003 660 5072 μὲν
690 5000 933 5054 κάτωθεν
979 5000 1070 5053 ἐπὶ
1114 5000 1241 5062 τοὺς
1271 5000 1457 5071 πρόσω
1482 5000 1624 5053 ἀνιέσ

53 5110 150 5159 ναι,
179 5098 293 5157 τοῖς
316 5094 372 5147 δὲ
406 5092 514 5146 ἀπὸ
539 5093 646 5145 τῶν
668 5091 872 5147 ἄνωθεν
894 5090 1249 5163 προπατόρων
1277 5089 1619 5161 ἀρξαμένοις,

52 5186 135 5239 ἐπὶ
179 5190 307 5251 τοὺς
346 5186 610 5249 ὑστάτους
639 5184 997 5255 καταλήγειν·
1030 5177 1182 5245 οὗτος
1207 5183 1263 5236 δὲ
1287 5184 1380 5236 καὶ
1407 5184 1621 5254 πόρρω-

53 5279 133 5332 θεν
167 5279 441 5351 Ἑϐραίοις
474 5278 623 5349 φίλος
648 5273 715 5348 ἦν
740 5278 768 5329 ὁ
799 5276 1016 5348 τρόπος,
1047 5284 1176 5341 etc.,
1202 5285 1258 5329 ut
1288 5278 1343 5328 in
1367 5275 1621 5345 impressa

50 5371 236 5425 auobis
271 5374 517 5441 epitome,
551 5370 650 5425 col.
686 5370 809 5433 891,
836 5370 931 5423 lin.
959 5368 993 5423 4
1021 5387 1051 5422 α
1080 5371 1203 5439 ﬁne,
1233 5385 1393 5438 usque
1430 5369 1497 5421 ad
1527 5367 1619 5421 τοῦ

52 5462 293 5537 Σωτῆρος
309 5463 1005 5536 ἡμῶνεὺαγγελιστάς,εοί.
1025 5462 1149 5529 895,
1164 5462 1260 5517 lin.
1289 5461 1377 5516 '57.
1401 5462 1519 5515 Είδ’
1539 5461 1620 5514 ὅτι

113 5597 158 5629 ⁸⁸
194 5597 389 5653 Matth.
425 5615 541 5664 ιιι,
577 5600 665 5654 et).

112 5711 227 5781 (41)
266 5712 537 5784 Expilarit
575 5714 715 5767 hanc
740 5712 959 5767 Eusebii
992 5712 1344 5784 quaestionem
1378 5710 1621 5784 Isidorus

52 5778 319 5838 Pelusiota
351 5778 438 5856 ep.
471 5784 527 5847 2,
555 5783 681 5847 2l‘2,
708 5784 874 5856 tacito
905 5778 1148 5838 auctoris
1180 5783 1432 5848 nomine;
1464 5783 1611 5838 ideo-

54 5866 148 5920 que
176 5854 420 5926 ejusdem
464 5856 663 5912 solutio
696 5854 903 5925 jamdiu
945 5862 1071 5909 nota
1097 5864 1231 5908 erat.

1726 4448 2140 4520 reprehensioni
2171 4447 2343 4502 locus.
2380 4445 2516 4499 Nam
2547 4454 2601 4499 et
2628 4445 2751 4501 illos
2781 4444 2874 4516 qui
2904 4460 3154 4515 prorsum
3185 4460 3300 4499 sur-

1726 4556 1960 4611 sumque
2014 4540 2340 4605 ascendunt,
2385 4547 2440 4593 et
2484 4538 2608 4592 illos
2640 4537 2734 4607 qui
2789 4536 3079 4592 adversum
3110 4535 3302 4592 eadem

1724 4636 1811 4690 via
1851 4632 2231 4695 descendunt,
2284 4630 2428 4685 haud
2478 4630 2768 4701 quisquam
2835 4629 3038 4683 diceret
3086 4627 3302 4683 diverso

1724 4725 1941 4780 tramite
1973 4724 2225 4779 incedere
2262 4741 2275 4777 :
2320 4723 2447 4793 quia
2478 4723 2688 4778 scilicet
2716 4736 2820 4776 una
2856 4722 2923 4777 ab
2950 4720 3218 4791 utrisque,
3249 4721 3300 4775 id

1724 4823 1808 4872 est
1836 4816 1905 4870 ab
1939 4814 2363 4871 ascendentibus
2405 4813 2994 4883 descendentibusque,
3046 4813 3133 4867 via
3181 4812 3306 4867 teri-

1724 4915 1836 4963 tur.
1869 4906 1993 4962 Pari
2019 4924 2149 4978 ergo
2179 4907 2340 4962 modo
2365 4908 2526 4962 etiam
2575 4906 2634 4961 in
2687 4905 3041 4961 recensendis
3087 4904 3302 4976 generis

1724 5000 2192 5065 successionibus,
2254 5015 2353 5070 pro
2401 4999 2670 5070 cujusque
2712 4998 2867 5053 libito
2914 4998 2999 5053 vel
3047 4997 3117 5051 ab
3176 4997 3300 5051 imis

1724 5110 1946 5149 sursum
1976 5092 2222 5157 tendere,
2258 5093 2345 5147 vel
2384 5108 2414 5146 a
2439 5094 2653 5162 superis
2684 5098 2844 5161 capto
2873 5089 3028 5143 initio
3054 5088 3302 5158 progeni-

1724 5189 1938 5243 toribus
1966 5188 2020 5241 in
2051 5193 2362 5258 postremos
2392 5186 2643 5241 desinere
2672 5186 2816 5238 licet.
2847 5182 3024 5252 Atque
3053 5181 3141 5234 hic
3182 5194 3300 5235 mos

1724 5279 2029 5349 antiquitus
2060 5276 2302 5332 Hebraeis
2344 5277 2570 5347 placuit,
2607 5285 2713 5331 ctc.
2745 5272 2899 5340 Quod
2932 5273 3001 5337 si,
3038 5272 3163 5342 quia
3198 5286 3300 5325 nec

1722 5367 1902 5423 Lucas
1937 5368 2239 5423 ascendens
2280 5366 2525 5423 substitit
2570 5366 2625 5419 in
2657 5365 2988 5428 Abrahamo,
3026 5378 3125 5417 nec
3172 5361 3302 5415 Mat-

1723 5462 1898 5517 threus
1929 5460 1997 5516 ab
2022 5461 2230 5515 Adamo
2262 5462 2509 5530 intoepit,
2536 5460 2591 5514 in
2641 5474 2800 5529 quem
2848 5456 3025 5513 Lucas
3071 5454 3297 5521 desivit;

1804 5708 1916 5780 (ιε)
1958 5708 2117 5765 Deest
2143 5708 2436 5780 incomce
2459 5705 2725 5777 particula
2759 5704 2813 5772 ἦ,
2852 5718 2970 5772 qua:
2996 5708 3180 5755 tamen
3210 5696 3296 5753 hic

1726 5778 1907 5837 omitti
1931 5795 2039 5833 non
2072 5778 2277 5833 debuit.

1798 5852 1906 5921 (45)
1949 5851 2081 5906 Cod.
2115 5849 2179 5913 Α,
2218 5850 2253 5904 l'.
2282 5848 2366 5903 65.
2395 5845 2593 5904 Confer
2628 5853 2821 5917 quaest.
2858 5860 2918 5898 ll.
