3954 6512
655 403 759 461 ο··9

1318 403 1584 460 EUSEBH
1615 405 2098 462 CESABIENSIS
2131 407 2284 462 OPP‘.
2326 405 2512 460 PARS
2544 402 2632 458 ιιι.
2668 433 2737 443 --
2777 397 3187 457 EXEGETICA.
3365 427 3374 436 -
3733 409 3812 464 960-

656 521 866 577 ldeirco
891 522 1145 578 dissonos
1167 521 1306 577 inter
1335 538 1396 578 se
1431 526 1796 595 cvangelistas
1827 526 2028 596 aliquis
2057 526 2223 590 dicat,

2351 524 2412 594 ιὴ
2450 522 2608 594 μέχρι
2645 520 2740 574 τοῦ
2785 519 3036 591 Ἀϐραὰμ
3081 518 3178 574 καὶ
3219 519 3248 572 6
3291 519 3496 583 Λουκᾶς
3535 519 3672 575 ἀνιὼν
3699 523 3803 596 ἔστη,

657 628 766 668 non
811 620 958 668 recte
987 611 1219 681 judicat.
1261 612 1500 684 Uterque
1539 621 1682 670 enim
1727 619 2059 687 evangelista
2101 631 2230 686 pro-

657 705 778 775 prio
807 705 1020 760 calculo
1049 705 1476 775 descriptionem
1501 708 1756 777 exposuit
1782 726 1800 776 ;
1831 710 1989 763 aliter
2011 709 2228 779 quidem

657 813 724 852 ex
763 797 1077 852 Abrahamo
1109 797 1398 868 incipiens,
1449 801 1588 854 alter
1625 801 1802 870 ipsum
1857 801 2228 856 Abrahamum

659 889 1078 958 supergradiens
1117 929 1130 952 ,
1155 891 1221 943 ad
1267 890 1502 960 primum
1533 908 1706 960 usque
1745 892 2017 947 hominem
2047 906 2234 946 ascen-

659 981 770 1045 dit;
821 995 996 1049 neque
1044 981 1096 1034 in
1143 969 1243 1034 hoc
1279 980 1396 1049 ipso
1445 981 1778 1042 consistens,
1831 983 2074 1036 historiae
2119 995 2232 1037 sum

662 1073 856 1128 seriem
891 1071 1145 1126 cumheo
1167 1073 1464 1126 connectit.
1504 1076 1766 1138 Quaenam
1825 1089 1992 1143 porro
2037 1075 2090 1128 in
2147 1075 2234 1128 his

663 1165 1018 1234 repugnantia
1067 1165 1182 1219 est?
1225 1165 1270 1218 si
1317 1165 1568 1219 Matthiae
1611 1165 1829 1234 quidem
1875 1166 2050 1220 visum
2105 1167 2234 1220 utiie

661 1267 766 1318 est,
799 1257 870 1312 ob
913 1259 1198 1326 scriptura:
1240 1275 1351 1314 sua:
1380 1259 1710 1320 institutum,
1733 1273 1800 1312 ex
1833 1258 2146 1312 Abrahamo
2183 1267 2238 1314 et

661 1348 921 1419 deinceps
951 1350 1318 1420 genealogiam
1353 1349 1848 1405 deducere:Luca:
1901 1357 2082 1404 autem
2129 1350 2248 1420 pla--

663 1440 798 1502 cuit,
831 1453 1050 1510 propter
1078 1443 1508 1512 regenerationis
1554 1443 1608 1496 in
1634 1443 1854 1499 Christo
1879 1443 2228 1514 mysterium,

664 1549 884 1589 sursum
931 1535 1230 1603 provehere
1277 1535 1552 1589 hominem
1603 1535 1826 1590 lavacro
1859 1543 2242 1606 regeneratum.

665 1625 806 1679 ultra
838 1626 1132 1695 cujuslibet
1164 1627 1534 1698 generationis
1584 1628 1740 1684 ﬁnes.
1788 1627 2029 1683 Observa
2067 1629 2234 1692 enim,

665 1733 788 1772 eum
829 1727 942 1774 toto
975 1735 1082 1798 suo.
1107 1735 1356 1776 sermone
1393 1721 1718 1775 vocabulum
1745 1721 2110 1792 generationis
2157 1737 2239 1774 re-

665 1810 854 1873 ticere,
893 1811 984 1866 sed
1039 1811 1224 1866 Jesum
1274 1813 1664 1868 retrocedendo
1712 1813 2036 1876 subvehere,
2065 1813 2238 1866 donec

2339 615 2474 686 μηδὲ
2507 616 2534 667 6
2565 613 2840 676 Ματθαῖος
2871 611 2980 665 ἀπὸ
3011 610 3104 664 τοῦ
3143 611 3312 682 Ἀδὰμ
3343 611 3534 682 Ιἤρξατο
3567 615 3637 682 ἐφ’
3659 615 3806 670 ivra:-

2335 706 2522 779 έληξεν
2567 708 2594 760 6
2640 707 2873 768 Λουκᾶς,
2905 704 3192 774 διαφωνεῖν
3235 721 3318 768 τις
3367 705 3550 768 αὐτοὺς
3575 705 3708 774 λέγοι,
3741 711 3805 764 οῦκ

2335 799 2510 870 ὀρθῶς
2557 798 2758 852 οἴεται·
2789 797 3048 868 ἑκάτερος
3095 795 3204 866 γὰρ
3247 797 3422 850 αὐτῶν
3449 798 3613 868 οίκείῳ
3634 800 3806 872 λογισμῷ

2335 894 2434 962 τὴν
2479 891 2690 944 ἔκθεσιν
2742 891 3032 962 πεποίηται
3078 892 3173 962 τῆς
3215 893 3449 963 γραφῆς,
3477 893 3504 944 6
3546 891 3630 963 μὲν
3664 894 3712 948 ἐκ
3745 897 3804 949 τοῦ

2351 985 2600 1058 Ἀϐραὰμ
2625 984 2947 1060 ἀρξάμενος,
2979 986 3006 1037 6
3035 983 3092 1038 δὲ
3124 984 3218 1036 καὶ
3245 985 3338 1038 τὸν
3363 983 3593 1055 Ἀϐραὰμ
3619 986 3802 1057 ὑπερὸὶς,

2341 1079 2430 1132 ὲπί
2455 1096 2514 1133 τε
2543 1079 2633 1132 τὸν
2661 1077 2875 1149 πρῶτον
2909 1077 3192 1149 ἄνθρωπον
3217 1075 3479 1130 ἀνελθών·
3511 1077 3591 1131 καὶ
3618 1077 3718 1148 μηδὲ

2341 1191 2431 1244 χρι
2481 1171 2670 1224 τούτου
2721 1170 2871 1234 στὰς,
2903 1171 2995 1222 τὸν
3023 1169 3222 1222 ’πάντα
3253 1168 3314 1222 δὲ
3341 1167 3491 1235 λόγον
3533 1170 3611 1219 ἐπὶ
3635 1169 3804 1222 τὸνθεόν

2341 1265 2677 1336 ἀναρτήσας·
2723 1261 2850 1315 ποία
2893 1261 2998 1332 γὰρ
3049 1264 3106 1314 ὲν
3150 1260 3358 1323 τούτοις
3403 1261 3806 1332 μάχη;,Εἱτῷμὲν

2342 1357 2606 1427 χρήσιμος
2629 1355 2800 1424 ἐφάνη
2821 1359 2854 1425 ή
2880 1353 2987 1408 ἀπὸ
3013 1351 3105 1405 τοῦ
3135 1350 3384 1423 Ἀϐραὰμ
3405 1351 3494 1404 καὶ
3518 1353 3597 1404 ἐπὶ
3619 1353 3806 1424 τοῦςὲξῆς

2343 1448 2676 1518 γενεαλογία,
2710 1447 2798 1500 διὰ
2831 1447 2928 1516 τὴν
2953 1444 3261 1514 οἰκονομίαν
3286 1442 3522 1513 τοῦ.παρ’
3549 1443 3805 1513 αὐτῷλόγω,

2343 1543 2372 1594 6
2401 1541 2457 1594 δὲ
2488 1539 2574 1592 διὰ
2599 1539 2659 1593 τὸ
2682 1539 2781 1608 τῆς
2807 1542 2864 1593 ἐν
2889 1535 3108 1609 Χριστῷ
3147 1534 3552 1603 παλιγγενεσίας
3579 1537 3806 1608 μυστήριον,

2344 1626 2660 1692 ἀναϐιϐάζει
2709 1627 2800 1682 τὸν
2833 1625 2919 1678 διὰ
2951 1624 3180 1693 λουτροῦ
3213 1623 3608 1692 γεγεννημένον,
3633 1625 3808 1678 ἐπέκεινα

2345 1722 2562 1792 ἁπάσης
2591 1718 2854 1788 γενέσεως
2877 1733 2890 1746 ·
2927 1717 3083 1788 τήρει
3109 1714 3216 1786 γὰρ
3257 1716 3340 1768 ὅτι
3380 1714 3443 1767 δι’
3469 1715 3578 1767 ὅλου
3609 1715 3680 1768 τοῦ
3704 1717 3806 1784 λόγου

2347 1811 2654 1882 σεσιώπηκε
2703 1809 2764 1862 τὸ
2813 1809 2913 1878 τῆς
2963 1805 3230 1875 γενέσεως
3271 1805 3460 1876 ϐνομα,
3487 1807 3594 1874 ἄγει
3627 1825 3671 1862 τε
3705 1809 3808 1861 αὑτὸν

665 1917 775 1958 non
825 1903 878 1956 in
915 1905 1132 1958 homine
1183 1907 1366 1976 aliquo
1397 1906 1563 1970 sistit,
1611 1905 1705 1960 sed
1753 1907 1808 1958 in
1845 1906 1964 1974 ipso
1991 1905 2240 1960 omnium.

2351 1903 2577 1971 ὶνὰγων,
2615 1901 2710 1955 καὶ
2739 1901 2952 1972 ἵστησιν
2999 1901 3099 1954 οὐκ
3143 1899 3234 1953 ἐπί
3281 1918 3401 1953 τινα
3443 1898 3710 1972 ἀνθρώπων,

667 1989 798 2054 Deo,
841 1994 928 2048 cui
964 1994 1115 2048 illum
1141 2004 1325 2065 utpote
1350 1994 1547 2049 Filium
1579 1997 1726 2049 Patri
1759 1997 1998 2066 copulat.

735 2171 789 2225 2.
844 2173 960 2244 Age
985 2190 1115 2230 vero
1155 2184 1212 2228 ut
1253 2175 1327 2228 ita
1360 2176 1526 2232 etiam
1556 2175 1834 2244 loquentis
1867 2189 2238 2246 coarguamus

669 2265 1020 2334 imperitiam,
1070 2274 1234 2336 atque
1285 2273 1344 2321 ut
1399 2282 1560 2321 nemo
1605 2268 1852 2322 veritatis
1893 2268 2239 2335 ignoratione

667 2357 926 2427 deinceps
985 2360 1305 2414 scandalum
1355 2360 1615 2430 patiatur,
1661 2359 1954 2430 genuinam
1988 2369 2122 2414 actae
2162 2360 2236 2414 rei

669 2451 956 2507 historiam
994 2466 1289 2521 exponam.
1339 2449 1398 2504 In
1443 2452 1636 2520 primis
1673 2468 1802 2506 vero
1835 2453 2104 2522 objectam
2141 2469 2240 2504 nu-

665 2543 754 2600 bis
785 2544 1214 2613 pr0positionem
1253 2543 1610 2598 considerare
1639 2559 1776 2613 opus
1802 2553 1903 2599 est.
1949 2543 2240 2598 Matthaeus

667 2636 888 2708 quidem
935 2651 1002 2690 ex
1053 2635 1368 2690 Abrahamo
1423 2635 1490 2690 ad
1529 2635 1812 2698 Davidem,
1862 2645 2023 2706 atque
2055 2637 2128 2689 ita
2175 2635 2242 2688 ad

671 2725 1020 2781 Salomonem
1075 2727 1305 2796 ejusque
1337 2741 1688 2782 successores
1733 2743 1910 2796 usque
1961 2725 2030 2780 ad
2081 2725 2241 2781 Jaco-

668 2817 820 2882 bum,
881 2817 1023 2872 unde
1075 2827 1228 2873 ortus
1256 2817 1530 2888 Iosephus
1572 2818 1778 2874 Christi
1811 2827 2032 2890 putatus
2063 2828 2240 2890 pater,

667 2911 973 2966 descendit.
1033 2910 1211 2966 Lucas
1240 2921 1420 2966 autem
1462 2911 1758 2982 Josephum
1801 2912 1944 2966 haud
1975 2929 2041 2968 ex
2075 2912 2239 2966 Jaco-

671 3004 740 3056 bo
763 3001 836 3054 ait
862 3011 1066 3066 ortum,
1096 3009 1156 3056 ut
1194 3002 1516 3070 Mattbaeus;
1543 3004 1638 3059 sed
1662 3021 1730 3060 ex
1762 3003 1881 3059 Heli
1913 3006 2236 3071 ascendens,

671 3089 740 3144 ad
771 3100 1000 3146 caeteros
1031 3094 1226 3162 pergit,
1253 3108 1488 3163 quorum
1521 3095 1732 3148 nullum
1773 3093 2058 3150 Mattbaeus
2089 3109 2242 3148 com-

671 3187 1156 3266 memorat.Atque
1175 3187 1246 3240 ita
1261 3187 1539 3257 obliquant
1565 3187 1730 3242 veluti
1753 3187 2053 3244 decurrens
2073 3189 2242 3252 viam,

2341 1997 2432 2048 ἐπὶ
2474 1995 2563 2048 τὸν
2611 1993 2826 2048 πάντων
2867 1993 3019 2056 Θεὸν,
3049 1993 3331 2064 μονονουχὶ
3368 1993 3644 2064 προσάγων,
3677 1993 3743 2045 ire
3767 1993 3806 2060 δὴ

2343 2089 2468 2141 Υίδν
2493 2087 2788 2157 γενόμενον
2818 2084 2894 2155 τῷ
2925 2085 3120 2156 Πατρί.

2415 2180 2478 2250 β’.
2515 2179 2625 2250 (44)
2656 2181 2772 2232 Ἵνα
2801 2175 2892 2231 οὖν
2924 2179 3018 2231 καὶ
3055 2177 3213 2230 τοῦτο
3251 2177 3524 2248 εἰρηκότος
3549 2177 3629 2246 τὴν
3649 2177 3807 2246 ἀμαθίαν

2342 2271 2680 2342 ὲλέγξωμεν,
2730 2270 3024 2340 παύσωμεν
3073 2270 3130 2322 δὲ
3178 2269 3273 2322 τοῦ
3335 2271 3526 2340 μηδένα
3562 2271 3636 2323 ὑπ’
3661 2269 3808 2335 ἀγνοίας

2343 2364 2534 2434 ὁμοίας
2589 2361 3043 2432 σκανδαλισθῆναι
3069 2402 3092 2424 ,
3127 2361 3222 2432 τὴν
3265 2363 3440 2434 ἀληθῆ
3482 2361 3576 2414 τῶν
3600 2361 3808 2428 γεγονότων

2346 2455 2584 2526 ἱστορίαν
2637 2453 2966 2525 ἐκθήσομαι·
3005 2453 3268 2525 πρότερον
3317 2455 3374 2507 δὲ
3422 2454 3511 2526 τὴν
3553 2451 3808 2526 genesim

2343 2547 2474 2617 ἡμῖν
2531 2545 2792 2616 πρότασιν
2827 2547 3021 2618 καιρός
3080 2549 3200 2601 ἐστι
3251 2546 3654 2616 ἐπισκέψασθαι·
3691 2547 3712 2596 ὁ
3747 2546 3806 2614 μὲν

2346 2635 2618 2699 Ματθαῖος
2645 2636 2754 2690 ἀπὸ
2793 2637 2887 2692 τοῦ
2922 2638 3172 2711 Ἀϐραὰμ
3195 2640 3290 2693 ἐπὶ
3322 2640 3412 2693 τὸν
3457 2637 3629 2699 Δαυῖδ,
3669 2637 3732 2689 καὶ
3753 2635 3808 2688 σῦ-

2345 2745 2451 2790 τως
2499 2729 2589 2780 ἐπὶ
2637 2730 2727 2782 τὸν
2775 2728 3067 2801 Σολομῶνα,
3101 2733 3194 2785 καὶ
3250 2733 3379 2794 τοὺς
3423 2731 3594 2784 τούτου
3619 2728 3806 2796 διαδόχους

2349 2820 2508 2891 μέχρι
2554 2820 2649 2873 τοῦ
2681 2821 2874 2874 Ἰακὼϐ
2896 2863 2910 2886 ,
2947 2821 3005 2887 ἐξ
3029 2815 3088 2875 οὗ
3121 2823 3318 2895 Ἰωσὴφ
3353 2826 3380 2877 6
3408 2821 3496 2876 τοῦ
3521 2819 3707 2894 Χριστοῦ
3723 2835 3804 2888 χρη-

2349 2911 2582 2981 ματίσας
2614 2913 2816 2983 πατὴρ,
2867 2913 3142 2966 κάτεισιν·
3191 2915 3218 2965 6
3259 2913 3318 2968 δὲ
3363 2915 3563 2976 Λουκᾶς
3583 2911 3804 2976 militari};

2344 3001 2444 3052 οὐκ
2471 3001 2577 3053 ἀπὸ
2607 3000 2700 3054 τοῦ
2731 3001 2926 3056 Ἰακὼϐ
2971 3000 3112 3057 εἷναί
3147 3021 3316 3075 φησιν
3343 3005 3419 3068 ὡς
3464 3003 3709 3062 Ματθαίος,

2346 3091 2454 3145 ἀπὸ
2475 3093 2570 3146 τοῦ
2599 3092 2747 3146 Ἠλεί
2769 3113 2782 3126 ·
2811 3091 2930 3148 εἶτα
2961 3097 3070 3150 ἀπὸ
3101 3095 3194 3149 τοῦ
3229 3096 3379 3149 Ἠλεὶ
3407 3094 3555 3150 ἀνιὼν
3578 3095 3644 3162 ἐφ’
3663 3093 3805 3160 ἑτέρους

2350 3188 2534 3256 χωρεῖ,
2559 3179 2634 3238 ὧν
2664 3186 2784 3238 οὐδὲ
2817 3187 2935 3250 ὅλος
2977 3187 3383 3259 ἐμνημόνευσεν
3433 3187 3460 3238 6
3490 3184 3731 3243 Ματθσίοςο
3750 3178 3807 3228 κέι

673 3261 1019 3346 nequaquam
1048 3277 1114 3330 ad
1148 3277 1496 3334 Salomonem
1545 3277 1762 3334 devenit
1795 3279 2014 3334 Davidis
2043 3281 2237 3344 ﬁlium,

2351 3275 2517 3339 οὕτως
2571 3277 2808 3348 πλαγίαν
2849 3277 2974 3333 τινὰ.
3022 3278 3278 3351 δραμὼν,
3325 3279 3534 3350 ἔρχεται
3569 3275 3648 3328 οὐκ
3671 3269 3807 3324 ἐπὶτόν

669 3369 766 3424 sed
821 3369 888 3422 ad
941 3367 1252 3424 Nathanum
1311 3372 1404 3442 qui
1453 3387 1607 3442 aeque
1657 3371 1758 3426 fuit
1802 3372 2024 3428 Davidis
2075 3373 2240 3428 ﬁlius.

671 3461 836 3532 Atqui
865 3465 1222 3533 oportuisset,
1259 3464 1304 3518 si
1334 3481 1498 3520 unam
1531 3473 1758 3536 uterque
1779 3467 2118 3538 evangelista
2151 3483 2246 3537 ge-

670 3555 974 3625 nealogiam
1027 3556 1263 3619 texebat,
1299 3557 1386 3612 vel
1413 3555 1617 3612 Lucam
1649 3557 1897 3612 eamdem
1937 3573 2062 3612 cum
2107 3557 2244 3612 Mat-

672 3646 818 3700 theo
840 3645 1040 3700 seriem
1073 3653 1388 3710 contexere,
1423 3648 1510 3702 vel
1547 3646 1856 3700 Matthaeum
1881 3646 2094 3712 eadem,
2123 3663 2246 3717 quae

673 3737 838 3794 habet
880 3737 1080 3803 Lucas,
1105 3740 1330 3793 nomina
1370 3740 1625 3794 recitare.
1679 3739 1744 3794 Hi
1777 3755 1906 3794 vero
1935 3741 2071 3796 adeo
2111 3741 2246 3795 invi-

673 3845 792 3884 cem
823 3846 931 3886 non
977 3829 1314 3899 conspirant,
1357 3839 1417 3884 ut
1455 3831 1592 3886 alter
1637 3829 1834 3886 Jacobi
1881 3829 2050 3884 tilium
2096 3832 2246 3887 dicat

673 3918 970 3991 Josephum
1006 3935 1069 3975 ac
1093 3919 1404 3976 Salomonis
1434 3921 1635 3976 Davide
1667 3923 1866 3993 geniti:
1898 3923 2036 3977 alter
2059 3931 2238 3978 autem

689 4027 799 4066 non
841 4011 1052 4077 Jacobi,
1085 4013 1178 4068 sed
1213 4012 1332 4068 Heli
1373 4029 1438 4067 ac
1477 4012 1716 4068 Nathani
1765 4013 1966 4069 Davide
1991 4015 2118 4070 item
2152 4031 2248 4086 ge-

677 4104 814 4158 niti:
861 4121 972 4175 quo
1009 4107 1285 4162 scribendi
1325 4107 1576 4161 instituto
1629 4122 1960 4178 magnopere
2008 4109 2152 4164 inter
2190 4125 2249 4166 se

677 4199 943 4256 dissidere
999 4199 1280 4254 videntur.
1328 4229 1400 4240 —
1455 4199 1745 4266 Quomodo
1801 4199 1965 4270 igitur
2020 4200 2250 4270 objecta:

677 4291 1034 4364 propositioni
1084 4291 1484 4346 occurrendum
1513 4290 1632 4346 est?
1653 4289 1868 4361 Agesis,
1898 4293 2093 4348 animae
2121 4309 2250 4364 ape-

677 4385 881 4439 rientes
919 4383 1162 4444 oculum,
1198 4382 1480 4437 vocabulis
1525 4381 1658 4452 ipsis
1713 4392 1970 4437 accurate
2013 4391 2246 4438 mentem

679 4475 1050 4540 intendamus,
1105 4482 1160 4530 et
1231 4473 1364 4544 quid
1427 4474 1574 4528 dicat
1627 4471 1806 4530 Lucas
1865 4475 2242 4544 inspiciamus.

2347 3367 2635 3440 Σολομῶνα
2673 3369 2764 3424 τὸν
2817 3370 2911 3424 τοῦ
2954 3369 3116 3424 Δαυῒδ
3135 3411 3148 3436 ,
3197 3370 3315 3424 ἀλλ’
3347 3371 3436 3424 ἐπὶ
3477 3369 3635 3423 Νάθαν
3661 3365 3724 3418 τὸν
3751 3361 3808 3412 καί

2347 3462 2509 3516 αὑτὸν
2536 3463 2630 3520 τοῦ
2663 3463 2854 3518 Δαυῖδ·
2892 3464 3144 3534 ὀφείλων,
3177 3466 3224 3517 εἰ
3247 3464 3314 3536 δὴ
3353 3465 3476 3535 περὶ
3497 3463 3583 3532 τῆς
3609 3459 3732 3526 αὐτῆς
3752 3469 3808 3520 ἴε’

2347 3555 2627 3624 νεαλογίας
2659 3557 2688 3608 ὁ
2719 3555 2875 3625 λόγος
2896 3553 2964 3628 ἦν
2991 3557 3192 3620 αὐτοῖς,
3224 3555 3318 3609 διὰ
3341 3555 3446 3607 τῶν
3473 3553 3626 3606 αὐτῶν
3643 3549 3700 3616 τῷ
3713 3547 3806 3599 Μιτ-

2349 3647 2779 3718 θαίῳάνελθεῖν,
2815 3649 2847 3718 ἢ
2880 3648 2969 3700 τὸν
3003 3647 3282 3701 Ματθαῖον
3321 3649 3388 3702 δι’
3421 3639 3490 3699 ὧν
3511 3647 3536 3698 6
3565 3641 3725 3700 Λουκᾶς
3739 3656 3807 3706 χω·

2353 3739 2510 3810 ρῆσαι
2543 3739 2822 3810 ὀνομάτων
2842 3755 2856 3769 ’
2959 3741 3016 3792 δὲ
3043 3739 3214 3805 οὓτως
3240 3741 3304 3792 οὐ
3341 3729 3808 3808 συνηνέχθησαν

2347 3831 2458 3895 λοις
2477 3871 2492 3894 ,
2517 3832 2589 3896 t6;
2617 3831 2706 3884 τὸν
2739 3833 2834 3885 ἕνα
2859 3835 3030 3885 εἰπεῖν
3068 3833 3161 3885 τοῦ
3196 3831 3388 3886 Ἰακὼϐ
3425 3832 3506 3884 τὸν
3541 3825 3694 3895 Ἰωσὴφ
3720 3817 3804 3873 εἷπε

2347 3927 2461 3980 υἱὸν
2491 3927 2584 3980 καὶ
2612 3925 2922 3996 Σολομῶνος
2955 3924 3071 3979 υίοῦ
3113 3926 3306 3979 Δαυῖδ·
3349 3925 3440 3977 τὸν
3487 3921 3536 3975 δὲ
3575 3921 3734 3988 ἕτερον,
3762 3911 3804 3980 μὴ

2347 4017 2442 4074 τοῦ
2475 4017 2666 4070 Ἰακὼϐ
2687 4058 2700 4081 ,
2737 4018 2870 4072 ἀλλὰ
2911 4017 3004 4072 τοῦ
3035 4018 3182 4072 Ἠλεὶ
3226 4019 3320 4070 καὶ
3363 4015 3539 4070 Νάθαν
3567 4009 3659 4065 υἱοῦ
3679 4002 3803 4060 Διυῖὸ·

2349 4113 2414 4165 δι’
2441 4105 2514 4164 ὧν
2539 4111 2744 4164 ἐοίκασι
2773 4111 2975 4182 πολλὴν
3012 4109 3308 4180 διαφωνίαν
3351 4110 3484 4181 πρὸς
3520 4103 3721 4173 ἀλλήλους
3749 4111 3808 4144 πε·

2354 4203 2573 4275 ριέχειν.
2591 4231 2661 4242 -—
2684 4203 2748 4255 Τί
2773 4203 2836 4274 δὴ
2857 4199 2947 4257 οὖν
2976 4205 3054 4267 είς
3078 4204 3137 4256 τὸ
3165 4202 3430 4274 προταθὲν
3451 4197 3589 4252 τοῦτο
3611 4189 3806 4264 agminia

2350 4293 2493 4346 εἴποι
2532 4293 2596 4347 ἄν
2622 4309 2740 4358 “gi
2777 4293 2906 4363 φέρε
2936 4292 3035 4362 τῆς
3067 4291 3244 4364 ψυχῆς
3274 4290 3609 4356 διανοίξαντες
3625 4283 3672 4336 16
3687 4281 3805 4348 ὄμμα.

2350 4386 2552 4450 ἀτενῶς
2599 4389 2720 4448 ταῖς
2767 4384 2980 4449 λέξεσιν
3033 4385 3216 4448 αὐτοῖς
3265 4384 3610 4456 ὲπερείσωμεν
3643 4370 3808 4444 τὴνδιε-

2351 4497 2497 4532 νοιαν
2517 4519 2530 4545 ,
2565 4477 2763 4549 ἴδωμέν
2798 4495 2858 4530 τε
2886 4477 2936 4530 τί
2965 4494 3125 4548 φησιν
3165 4479 3193 4529 6
3224 4478 3454 4540 Λουκᾶς.
3499 4493 3514 4524 ι
3542 4469 3632 4524 Καὶ
3665 4461 3774 4520 αὐτὸς
3791 4473 3806 4508 θ
3871 4471 3873 4474 ⁴

683 4586 704 4619 ι
731 4565 798 4622 Et
829 4569 945 4637 ipse
976 4565 1138 4622 Jesus
1191 4575 1310 4620 erat
1343 4565 1612 4636 incipiens
1643 4569 1810 4640 quasi
1838 4581 2105 4621 annorum
2147 4568 2240 4621 tri-

2366 4569 2573 4642 Ίησοῦς
2611 4567 2679 4641 ἦν
2714 4569 3013 4642 ἀρχόμενος
3046 4569 3178 4621 ὡσεὶ
3220 4569 3357 4622 ἑτῶν
3386 4567 3644 4639 τριάκοντα
3663 4549 3804 4609 iuvui;

675 4661 847 4731 ginta,
900 4667 958 4712 ut
1011 4659 1302 4728 putabatur
1351 4659 1495 4714 (ilius
1527 4658 1775 4730 Josepbi,
1811 4660 1904 4729 qui
1955 4657 2056 4712 fuit
2101 4657 2241 4724 Heli,

679 4751 774 4820 qui
811 4751 912 4804 fuit
958 4749 1174 4804 Melcbi.
1215 4769 1234 4800 ι
1271 4747 1376 4804 Sed
1403 4749 1548 4804 enim
1597 4748 1902 4812 Matthazus,
1934 4749 2076 4802 haud
2115 4765 2246 4804 usus

675 4851 762 4900 est
793 4843 1032 4899 dictione
1071 4842 1384 4913 putabatur,
1417 4851 1541 4914 _etc.
1599 4840 1778 4910 Atque
1811 4843 1924 4896 haec
1955 4842 2129 4912 prima
2162 4850 2245 4896 est

679 4937 982 5005 responsio.

751 5030 806 5084 5.
853 5028 1006 5084 Alius
1033 5043 1252 5098 quoque
1294 5026 1530 5082 fortasse
1563 5028 1696 5082 latet
1745 5025 2053 5098 profundus
2082 5035 2246 5097 atque

678 5135 912 5174 arcanus
944 5122 998 5173 in
1039 5119 1318 5188 praedictis
1360 5135 1576 5174 sensus.
1629 5119 1918 5175 Matthreus
1953 5121 2096 5174 enim
2132 5137 2249 5174 ma-

680 5209 876 5266 nifeste
911 5213 1184 5266 carnalem
1233 5225 1468 5265 narrans
1499 5211 1705 5267 Christi
1749 5213 2042 5283 originem,
2076 5220 2129 5268 et
2156 5211 2253 5268 Jo-

681 5306 914 5376 sephum
955 5305 1144 5358 volens
1197 5321 1325 5358 vere
1371 5305 1570 5358 Davide
1607 5306 1896 5359 oriundum
1931 5305 2250 5369 ostendere,

679 5397 945 5451 orationis
959 5411 1070 5450 suae
1085 5398 1388 5468 ingressum
1403 5397 1616 5466 qualem
1635 5397 1872 5467 oportuit
1887 5397 2251 5464 facit,dicens,

686 5487 840 5542 Liber
867 5487 1222 5558 generationis
1257 5485 1388 5539 Jesu
1415 5484 1646 5551 Christi,
1679 5494 1732 5541 et
1781 5487 2012 5557 reliqua,
2057 5501 2254 5540 consc-

681 5589 1022 5650 quenterque
1052 5587 1218 5634 totam
1251 5577 1447 5633 deinde
1475 5579 1758 5634 historiam
1795 5581 1948 5650 ponit
1985 5589 2108 5650 post
2131 5595 2256 5650 pro-

683 5671 987 5742 genitorum
1035 5672 1366 5741 catalogum,
1422 5669 1605 5741 Magos
1677 5671 1962 5736 videlicet,
2025 5671 2255 5727 Herodis

757 5854 866 5923 (at).
905 5854 1037 5910 Cod.
1067 5855 1131 5920 Α,
1165 5855 1202 5911 f.
1237 5854 1322 5910 64.
1367 5853 1567 5919 Quaest.
1609 5869 1682 5908 Ill.

2353 4665 2429 4728 ὡς
2471 4663 2749 4734 ἐνομίζετο
2789 4661 2882 4714 τοῦ
2911 4661 3104 4732 Ἰωσὴφ
3126 4703 3140 4726 ,
3177 4661 3270 4714 τοῦ
3301 4659 3475 4722 Ἠλεὶ,
3515 4655 3596 4709 τοῦ
3627 4645 3799 4716 Μελχί·ι

2351 4755 2466 4808 ἀλλ’
2491 4758 2588 4825 οὐχ
2617 4755 2644 4807 ὅ
2677 4769 2740 4823 γε
2784 4753 3062 4816 Ματθαῖος
3105 4754 3374 4825 ἐχρήσατο
3405 4753 3465 4820 τῇ
3506 4749 3575 4811 ὠς
3604 4734 3802 4825 ἐνομίζετε

2351 4849 2500 4918 φωνῇ
2519 4889 2533 4912 ,
2557 4821 2699 4908 ἐιυς
2729 4847 2857 4899 utin
2886 4821 3259 4914 ερὶιοηιείξοί.
3285 4844 3409 4909 896,
3441 4843 3526 4895 lin.
3553 4838 3598 4899 τί,
3627 4843 3743 4900 usque
3763 4821 3800 4874 ad

2349 4937 2488 5011 αὕτη
2523 4939 2618 5011 μὲν
2643 4935 2734 4993 οὖν
2763 4941 2795 5010 ή
2829 4939 3020 5012 πρώτη
3035 4938 3304 5001 ἀπόδοσις.

2424 5041 2488 5104 γ’.
2517 5033 2628 5106 (45)
2659 5033 2758 5106 Εἴη
2785 5033 2830 5086 δ’
2855 5033 2919 5086 ἄν
2946 5051 3031 5097 τις
3058 5031 3152 5085 καὶ
3178 5029 3337 5096 ἄλλος
3361 5029 3516 5102 βαθὺς
3539 5023 3618 5078 καὶ
3641 5014 3798 5108 ἁπῦῥρξῖ·

2352 5141 2442 5188 τος
2481 5127 2538 5178 ὲν
2582 5127 2695 5188 τοῖς
2731 5124 3111 5196 προκειμένοις
3145 5121 3318 5190 λόγος.
3367 5117 3613 5175 Ματθαίος
3640 5109 3712 5179 μὲν
3739 5111 3799 5192 Τίξ

2352 5215 2794 5286 ὁμολογουμένως
2839 5215 2934 5285 τὴν
2978 5215 3240 5285 ἔνσαρκον
3297 5214 3496 5282 γένεσιν
3538 5197 3798 5296 ἱστορῶ-ξω

2353 5309 2588 5380 Χριστοῦ
2611 5350 2625 5373 ,
2657 5311 2747 5362 καὶ
2771 5309 2862 5362 τὸν
2893 5309 3087 5380 Ἰωσὴφ
3124 5307 3394 5374 ἀποδεῖξαι
3433 5300 3696 5375 βουλόμενος
3722 5295 3799 5379 ut:

2356 5400 2464 5466 θῶς
2505 5403 2571 5454 ὲκ
2612 5401 2807 5465 Δπυῖδν
2841 5401 2962 5454 ὅθεν
2991 5401 3154 5474 ἐχρῆν
3193 5403 3258 5472 τῇ
3292 5398 3492 5466 εἰσϐολῇ
3523 5391 3796 5482 emersus:

2355 5460 2533 5559 λόγθυ,
2553 5495 2749 5566 φήσας,
2773 5460 3287 5562 Emungi-603(65-
3314 5460 3493 5558 Ἰησοῧ
3513 5460 3798 5566 Χριστοῦλκιὶ

2355 5585 2423 5638 τὰ
2455 5583 2579 5654 ἑξῆς
2602 5601 2615 5614 ·
2642 5583 2948 5646 ἀκολούθως
2973 5599 3031 5635 τε
3057 5583 3152 5653 τὴν
3181 5582 3304 5652 ὅλην
3327 5579 3445 5648 ὲξῆς
3471 5569 3668 5642 ἱστορίαν
3683 5557 3796 5654 τίθησι

2362 5675 2496 5746 μετὰ
2531 5671 2622 5726 τὸν
2659 5673 2766 5725 τῶν
2799 5671 3154 5744 προπατόρων
3179 5669 3483 5736 κατάλογον,
3511 5663 3614 5722 τοὺς
3633 5651 3794 5718 “5799"

2431 5853 2540 5928 (ιδ)
2581 5853 2714 5907 lhid.
