3954 6504
56 413 168 468 σοι

943 420 1442 479 SUPPLEMENTA
1479 424 1952 492 QUESTIONUM
1990 426 2081 481 AD
2122 426 2565 484 STEPHANUM.

3224 425 3328 480 962

70 536 167 593 τὴν
196 536 450 607 Ἡρώδου
481 539 694 609 μανίαν,
724 538 822 610 τὴν
853 542 933 603 είς
954 540 1227 609 Αἴγυπτον
1260 543 1430 613 Ἰησοῦ
1458 544 1655 615 φυγὴν.

1763 543 2025 607 furorem,
2049 543 2177 600 Jesu
2198 545 2251 599 in
2266 543 2560 615 [Egyptum
2578 541 2782 613 fugam,
2807 540 3043 595 indidem
3067 538 3323 603 reditum,

67 632 167 699 τὴν
214 630 435 685 ἐκεῖθεν
477 633 754 697 ἐπάνοδον,
794 633 883 686 τὸν
912 635 1199 705 Ἀρχέλαον
1221 654 1235 668 ·
1272 638 1365 713 καὶ
1401 638 1476 702 ὼς
1523 640 1658 709 μετὰ

68 723 247 776 ταῦτα
278 724 386 793 ἤδη
417 725 602 778 λοιπὸν
644 729 723 789 εἰς
753 727 950 796 ἄνδρας
982 729 1231 799 Ἰωάννης
1270 731 1480 801 προεὶς
1522 733 1657 801 μετὰ

69 816 409 883 τριακοστὸν
438 815 557 879 ἔτος
581 817 677 887 τῆς
708 818 880 887 Ἰησοῦ
906 819 1188 885 γενέσεως,
1217 822 1308 874 ἐπὶ
1332 823 1430 893 τῆς
1452 824 1656 895 ἐρήμου

74 904 350 977 κηρύσσει
386 907 665 979 βάπτισμα
697 912 983 980 μετανοίας
1003 954 1017 976 ,
1054 914 1272 984 πάρεισί
1300 932 1357 967 τε
1389 917 1525 986 μετὰ
1550 917 1658 970 τῶν

74 999 252 1052 ἄλλων
274 1002 380 1053 καὶ
406 1003 434 1054 6
468 1002 671 1072 Ἰησοῦς
702 1004 758 1056 ὲν
790 1003 866 1075 τῷ
893 1004 1126 1079 Ἰορδάνῃ
1163 1006 1657 1080 βαπτισθησόμενος

76 1091 179 1143 ὑπὸ
208 1091 309 1143 τοῦ
340 1093 618 1146 Ἰωάννου·
647 1094 743 1147 καὶ
770 1095 834 1166 δὴ
870 1098 1065 1168 συνόρα
1096 1100 1152 1151 ἐν
1176 1098 1384 1163 τούτοις
1413 1100 1545 1169 ὕφος
1564 1102 1658 1156 καὶ

77 1181 409 1237 ἀκολουθίαν
439 1185 717 1255 ἱστορικῆς
744 1186 1047 1258 διηγήσεως
1069 1190 1135 1259 ἣν
1162 1194 1190 1243 ὁ
1214 1192 1488 1256 Ματθαίος
1516 1195 1658 1247 ἐκτί-

76 1270 229 1323 Θεται
253 1312 268 1333 ,
307 1273 484 1345 Σύρος
521 1274 686 1346 ἀνὴρ,
736 1275 972 1348 τελώνης
1018 1279 1109 1331 τὸν
1149 1280 1296 1350 βίον,
1331 1283 1431 1354 τὴν
1475 1286 1656 1356 φωνὴν

86 1361 366 1431 Ἐϐραῖος.
1518 1429 1524 1435 η

80 1538 95 1541 Η
140 1452 206 1504 ἃ.
234 1452 295 1505 '0
328 1452 391 1506 δὲ
428 1455 641 1541 Λουκᾶς
680 1456 741 1541 τὸ
788 1457 884 1526 μὲν
919 1458 1075 1526 γένος
1111 1460 1227 1514 ἀπὸ.
1249 1461 1351 1531 τῆς
1379 1462 1657 1536 βοωμένης

88 1540 430 1613 Ἀντιοχείας
465 1540 566 1615 ἦν,
608 1547 667 1597 ἐν
763 1547 826 1618 δὴ
851 1548 899 1601 οἱ
935 1549 1136 1613 πάντες
1171 1550 1489 1619 λογιώτατοι
1530 1556 1657 1618 τοὺς

80 1635 277 1697 Ἴωνας
305 1635 604 1706 προγόνους
631 1638 885 1709 αὐχοῦσιν
918 1642 1028 1713 (46)
1052 1660 1066 1674 ο
1098 1644 1159 1697 οὐ
1206 1644 1311 1714 μὴν
1351 1644 1486 1698 ἀλλὰ
1521 1647 1655 1718 πρὸς

74 1722 148 1792 τῷ
182 1724 336 1776 κατὰ
379 1724 540 1792 φύσιν
582 1726 877 1798 Ἑλληνικῷ
912 1730 1019 1782 τῶν
1059 1731 1301 1803 ἀνδρῶν,
1329 1734 1560 1806 ὲπήγετό
1601 1752 1653 1787 τι

76 1814 240 1867 πλέον
262 1817 293 1869 ὁ
316 1818 533 1882 Λουκᾶς
561 1821 618 1872 ὲν
641 1818 818 1889 λόγοις
838 1862 852 1885 ,
888 1822 983 1875 ἅτε
1021 1824 1271 1895 ἰατρικῆς
1295 1825 1554 1897 ἔμπειρος
1579 1827 1653 1879 ὢν

77 1910 625 1982 ὲπιστήμης.·”ομως
666 1913 731 1983 δὴ
773 1916 801 1966 6
829 1914 1065 1979 τοιοῦτος
1098 1918 1195 1988 τῆς
1232 1918 1324 1971 τοῦ
1355 1922 1474 1973 κατ’
1496 1920 1652 1973 αὑτὸν

75 2000 414 2068 Εὑαγγελίου
442 2004 661 2075 γραφῆς
696 2006 1012 2077 ἀρχόμενος,
1043 2009 1110 2063 τὰ
1138 2011 1237 2080 μὲν
1260 2011 1399 2064 κατὰ
1425 2011 1514 2064 τὸν
1553 2013 1655 2064 Ζα-

76 2092 275 2162 χαρίεν
329 2094 425 2146 καὶ
469 2096 569 2166 τὴν
602 2096 879 2168 Ἐλισάϐετ
910 2102 1111 2170 ἱστορεῖ
1146 2102 1355 2170 πρῶτα.
1396 2098 1527 2155 Εἶτα
1557 2102 1654 2173 τὴν

76 2186 215 2255 πρὸς
252 2184 355 2255 τὴν
400 2186 620 2257 Μαρίαν
672 2188 766 2240 τοῦ
804 2190 1041 2261 Γαϐριὴλ
1078 2193 1396 2260 ἐπιφάνειαν
1438 2195 1654 2246 ἐπισυν-

69 2273 239 2340 άῴας,
256 2273 363 2335 τὰς
387 2273 717 2344 παραδόξους
743 2279 983 2347 γενέσεις
1002 2280 1128 2351 ἑξῆς
1149 2281 1378 2354 τίθησιν,
1401 2284 1653 2355 οὐδεμιᾶς

76 2364 347 2434 μνησθεὶς
375 2367 721 2436 γενεαλογίας
752 2369 844 2423 τοῦ
870 2372 1066 2442 Ἰωσήφ
1092 2388 1105 2403 ’
1140 2373 1330 2426 ἔπειτα
1356 2374 1652 2428 δωδέκατον

76 2458 194 2520 ἔτος
215 2458 552 2528 ἀναγράφων
574 2459 667 2512 τοῦ
693 2459 888 2532 Ἰησοῦ,
912 2461 1063 2517 οὔπω
1081 2467 1175 2519 καὶ
1196 2466 1289 2519 νῦν
1309 2468 1651 2535 γενεαλογίας

78 2553 431 2623 μνημονεύει.
467 2553 620 2606 Μετὰ
654 2553 709 2606 δὲ
739 2555 864 2619 τοὺς
890 2557 1195 2625 Αὐγούστου
1228 2559 1471 2629 χρόνους,
1498 2559 1653 2612 Τιϐε-

76 2648 189 2714 ρίου
215 2647 605 2717 διαδεξαμένου
645 2649 741 2718 τὴν
772 2648 1055 2719 Ῥωμαίων
1082 2651 1393 2721 ἡγεμονίαν,
1424 2649 1565 2703 κατὰ
1592 2649 1653 2702 τὸ

77 2739 568 2793 πεντεκαιδέκατον
609 2740 769 2793 αὑτοῦ
817 2740 965 2804 ἔτος,
1008 2742 1140 2811 φησὶ
1173 2743 1262 2796 τὸν
1288 2743 1536 2813 Ἰωάννην
1563 2745 1651 2796 ἐπὶ

74 2829 173 2899 τῆς
202 2833 415 2902 ἐρήμου
449 2831 681 2902 κηρῦξαι
712 2833 995 2905 μετανοίας
1038 2833 1319 2905 βάπτισμα
1347 2838 1425 2899 είς
1458 2835 1649 2904 ἄφεσιν

74 2921 394 2993 ἁμαρτιῶν·
427 2922 770 2986 διδασκαλίας
799 2941 856 2976 τε
893 2921 1053 2975 αότοῦ
1077 2923 1275 2994 τίθησι,
1304 2926 1396 2978 καὶ
1418 2927 1506 2978 ἐπὶ
1529 2926 1650 2978 τού-

76 3031 189 3077 τοις
217 3014 445 3077 ἅπασιν,
464 3015 658 3085 Ἰησοῦ,
674 3017 825 3085 φησὶ,
852 3015 1233 3084 βαπτισθέντος
1250 3019 1338 3070 καὶ
1354 3019 1650 3089 προσεύξα-

76 3108 241 3176 μένου
272 3107 489 3174 ἐγένετο
518 3109 794 3179 ἀνοιγῆναι
823 3108 913 3159 τὸν
940 3109 1163 3179 οὐρανὸν
1184 3148 1199 3171 ,
1228 3110 1322 3162 καὶ
1352 3111 1648 3180 καταϐῆναι

72 3200 131 3252 τὸ
156 3198 391 3270 Πνεῦμα
420 3198 552 3251 ὡσεὶ
576 3200 924 3270 περιστεράν,
962 3200 1053 3252 καὶ
1083 3200 1265 3271 φωνὴν
1300 3201 1506 3253 ἐκεῖθεν
1534 3203 1647 3254 ὲνε-

73 3289 273 3359 χθῆναι
297 3306 311 3319 ’
360 3308 378 3339 ι
413 3289 484 3341 Σὺ
517 3283 565 3340 εἷ
591 3291 617 3341 ὀ
646 3289 771 3351 Υἱός
812 3305 910 3359 μου
951 3290 978 3339 ὁ
1020 3290 1301 3360 ἀγαπητὸς
1342 3292 1398 3343 ὲν
1430 3285 1473 3358 ᾧ
1508 3291 1647 3345 εὑδό-

72 3399 239 3453 κησα.
270 3401 289 3432 )
334 3381 501 3433 Ἔνθα
526 3382 812 3451 γενόμενος
830 3421 844 3444 ,
870 3380 1058 3453 ὥσπερ
1084 3382 1138 3447 ἐξ
1168 3382 1332 3435 ὕπνου
1362 3384 1645 3455 διανήψας,

72 3472 171 3541 τῆς
214 3472 568 3540 γενεαλογίας
601 3471 863 3543 ἀκαίρως,
909 3471 984 3533 ὡς
1016 3470 1080 3524 ἂν
1120 3472 1325 3544 οἰηθείη
1354 3491 1434 3537 τις
1457 3515 1471 3535 ,
1510 3494 1647 3545 μνη-

77 3564 293 3634 μονεύει
325 3564 671 3632 λέγων,‹Καλ
700 3564 860 3627 αὐτὸς
882 3561 948 3635 ἦν
977 3564 1273 3635 ἀρχόμενος
1294 3564 1542 3636 ὁἸησοῦς
1573 3568 1649 3630 ὡς

74 3658 214 3710 ἐτῶν
234 3657 551 3729 τριάκοντα,
574 3656 648 3709 ὢν
672 3657 785 3720 υἱὸς
805 3657 880 3719 ὡς
900 3653 1176 3726 ἐνομίζετο
1196 3655 1288 3709 τοῦ
1314 3657 1528 3728 Ἰωσὴφ,
1555 3657 1646 3710 τοῦ

83 3750 255 3811 Ἠλεὶ,
281 3748 376 3802 τοῦ
400 3749 573 3819 Μελχὶ
599 3749 730 3819 (47),
772 3768 786 3799 ι
825 3749 918 3801 καὶ
943 3749 1049 3801 τῶν
1076 3749 1294 3801 λοιπῶν.

142 3849 207 3894 ε’.
242 3841 340 3904 Τίς
372 3841 664 3911 τοιγαροῦν
707 3844 764 3894 ἐν
797 3841 1005 3904 τούτοις
1047 3841 1146 3892 οὐκ
1186 3840 1250 3892 ἂν
1283 3840 1644 3911 ἀπορήσειεν;

73 3936 119 3986 εἰ
162 3932 443 3998 Ματθαῖος
476 3934 574 4003 μὲν
601 3933 758 4001 λόγου
792 3932 1042 3998 σύνταξιν
1068 3932 1444 4002 ἐπιστημόνως
1469 3933 1649 4001 φαίνε-

72 4041 161 4077 ται
222 4024 628 4094 πεποιημένος,
690 4022 830 4076 κατὰ
874 4021 1062 4093 καιρόν
1096 4038 1154 4074 τε
1196 4022 1538 4092 χρησάμενος
1580 4024 1647 4093 τῇ

71 4116 418 4189 γενεαλογίᾳ,
450 4118 660 4179 Λουκᾶς
680 4116 735 4169 δὲ
761 4117 839 4178 είς
860 4114 1112 4168 τοσοῦτον
1141 4113 1368 4185 ἤλαυνεν
1394 4114 1645 4184 ἀπορίας,

70 4214 147 4277 ὡς
173 4214 263 4265 ὅτε
302 4210 402 4281 μὲν
430 4210 594 4280 ἐχρῆν
618 4209 760 4261 κατὰ
791 4207 972 4278 χώραν
997 4208 1095 4279 τὴν
1122 4205 1468 4274 γενεαλογίαν
1494 4205 1647 4257 ἐντά-

72 4306 180 4371 ξαι,
210 4301 517 4374 τηνικαῦτα
546 4300 869 4373 παραλιπεῖν
891 4299 1078 4369 αὐτὴν,
1109 4298 1345 4367 ἱστορίαν
1368 4315 1425 4349 τε
1454 4297 1645 4351 τοσαύ-

70 4415 169 4467 την
195 4395 493 4465 ἐκθέμενον
518 4393 615 4464 τὴν
643 4393 751 4446 ἀπὸ
774 4393 871 4462 τῆς
894 4392 1158 4459 γενέσεως
1180 4389 1272 4442 τοῦ
1294 4388 1527 4461 Χριστοῦ
1554 4390 1648 4461 μέ-

72 4507 160 4559 χρι
187 4488 489 4561 τριάκοντα
530 4485 686 4549 ὲτῶν,
721 4484 924 4556 μηδένα
966 4483 1156 4553 καιρὸν
1193 4482 1495 4552 ἐπιτήδειον
1524 4498 1648 4535 συν-

1760 636 1995 705 denique
2019 634 2369 691 Archelaum.
2415 634 2482 687 Et
2512 632 2786 704 quomodo
2818 644 2944 703 post
2990 632 3105 686 haec
3138 632 3193 686 in
3223 648 3327 701 pu-

1758 728 1961 782 blicum
2006 729 2287 783 hominum
2340 734 2695 797 conspectum
2748 726 3010 795 prodiens
3060 723 3326 783 Joannes.

1758 820 2041 877 tricesimo
2072 823 2251 875 artatis
2275 819 2403 876 Jesu
2429 836 2597 881 anno,
2631 819 2968 889 pmnitentiae
2988 819 3326 889 baptismum

1757 912 1811 965 in
1864 913 2083 967 deserto
2130 913 2523 983 prmdicaverit,
2564 918 2747 980 atque
2811 912 2951 964 inter
2995 909 3137 963 alios
3195 908 3327 961 illuc

1757 1005 1917 1061 Jcsus
1972 1022 2191 1077 quoque
2243 1007 2478 1067 venerit,
2517 1012 2577 1058 ut
2611 1005 2710 1058 abs
2751 1003 2961 1057 Joanne
3007 1004 3059 1056 in
3089 1000 3328 1057 Jordane

1756 1098 2156 1168 baptizaretur.
2214 1097 2380 1153 Vides
2432 1112 2563 1166 ergo
2621 1083 2694 1150 in.
2728 1096 2816 1150 his
2874 1102 3209 1157 contextum,
3273 1101 3327 1147 et

1758 1187 2037 1241 historica:
2072 1188 2405 1241 narrationis
2454 1186 2755 1254 sequelam,
2811 1199 2980 1253 quam
3042 1182 3326 1238 Mattheus

1756 1280 2002 1349 exponit,
2053 1280 2142 1332 vir
2194 1277 2402 1349 Syrus,‘
2434 1278 2778 1348 professione
2808 1278 2933 1330 vita:
2966 1276 3319 1346 publicanus.

1756 1371 1947 1442 lingua
1985 1370 2268 1426 Hebrteus.
2459 1370 2464 1375 ’

1827 1463 1882 1517 4.
1925 1463 1994 1516 At
2036 1462 2216 1517 Lucas
2246 1462 2449 1516 celebri
2484 1459 2775 1514 Antiochia
2821 1474 2993 1529 genus
3049 1458 3322 1523 trahebat,

1755 1568 1864 1623 qua
1898 1553 1953 1606 in
1986 1552 2121 1606 urbe
2169 1550 2525 1605 eruditissimi
2591 1549 2799 1620 quique
2854 1550 2952 1603 abs
3000 1547 3221 1604 lonibus
3266 1565 3325 1603 se

1755 1643 2073 1715 progenitos
2100 1657 2223 1721 esse
2252 1641 2574 1712 gloriantur.
2623 1639 2730 1694 Sed
2759 1647 2956 1709 praeter
2988 1640 3216 1694 insitum
3245 1638 3325 1692 ci-

1759 1738 1919 1791 vibus
1949 1736 2355 1796 hellenismum,
2406 1732 2700 1803 aliquando
2728 1732 2903 1801 magis
2933 1730 3240 1801 profecerat
3269 1732 3322 1784 in

1759 1830 1957 1883 litteris
1999 1825 2194 1889 Lucas,
2230 1826 2375 1894 quia
2404 1824 2628 1879 medica:
2654 1822 2790 1876 artis
2822 1822 3032 1890 peritus
3068 1828 3203 1875 erat.
3259 1820 3326 1873 Et

1686 1899 1723 1953 Β
1756 1929 1939 1975 tamen
1989 1919 2117 1973 talis
2166 1933 2290 1972 cum
2334 1925 2500 1978 esset,
2548 1914 2825 1985 Evangelii
2865 1915 3194 1983 scripturam
3233 1928 3326 1968 or-

1755 2014 1930 2074 dicns,
1982 2026 2069 2065 res
2105 2010 2338 2079 primum
2388 2007 2667 2062 Zachariae
2707 2014 2762 2061 et
2792 2004 3081 2059 Elisabeta:
3108 2012 3321 2058 narrat.

1758 2104 1957 2158 Deinde
1985 2101 2253 2156 Gabrielis
2280 2101 2347 2155 ad
2392 2100 2617 2153 Mariam
2656 2098 2997 2169 apparitione
3046 2098 3320 2160 subnexa,

1755 2198 1922 2250 miras
1978 2196 2100 2250 illas
2130 2195 2450 2249 nativitates
2484 2192 2682 2247 deinde
2714 2190 2887 2261 ponit,
2922 2190 3068 2243 nulla
3100 2187 3321 2258 Josephi

1753 2287 2080 2357 genealogis:
2132 2286 2275 2340 facta
2317 2286 2613 2340 mentione.
2677 2281 2877 2336 Postea
2937 2280 3318 2334 duodecimum

1749 2381 1876 2436 Jesu
1906 2396 2106 2434 annum
2153 2378 2419 2442 scribens,
2473 2376 2712 2431 nondum
2746 2376 2912 2428 ullam
2948 2372 3318 2443 genealogiam

1754 2481 2039 2529 memorat.
2098 2472 2230 2527 Post
2285 2471 2516 2541 Augusti
2573 2484 2705 2523 vero
2769 2478 3036 2536 tempoua,
3102 2464 3321 2519 Tiberio

1752 2563 2119 2618 Romanorum
2153 2563 2437 2632 imperium
2464 2569 2697 2623 tenente,
2713 2559 2906 2629 quinto
2923 2557 3135 2610 decimo
3157 2554 3321 2623 hujus

1750 2668 1915 2717 anno,
1953 2652 2375 2708 dicit'Joannem
2410 2652 2466 2705 in
2495 2651 2713 2705 deserto
2761 2649 3145 2719 praedicavisse
3198 2660 3319 2717 pce-

1750 2745 1992 2799 nitentize
2043 2745 2372 2814 baptismum
2433 2744 2487 2797 in
2520 2749 2864 2812 peccatorum
2900 2740 3315 2796 remissionem:

1749 2835 2153 2904 concionesque
2197 2834 2320 2902 ejus
2353 2833 2607 2902 exponit;
2662 2840 2719 2887 et
2764 2840 2888 2902 post
2931 2831 3046 2885 hazc
3105 2829 3315 2892 omnia,

1746 2924 1897 2992 Jesu,
1920 2927 2117 2996 inquit,
2138 2927 2411 2996 baptizato
2435 2933 2489 2980 et
2515 2931 2706 2980 orante
2736 2925 2932 2978 malum
2956 2923 3156 2993 aperiri
3185 2938 3319 2979 con-

1750 3018 1891 3087 tigit.
1927 3028 1979 3072 et
2011 3017 2272 3088 Spiritum
2304 3019 2570 3072 columbae
2616 3018 2799 3087 specie
2828 3017 3183 3081 descendere,
3231 3025 3315 3070 at-

1749 3126 1856 3179 que
1889 3110 2042 3164 illinc
2072 3124 2261 3164 vocem
2297 3108 2499 3163 deferri
2528 3128 2540 3162 :
2576 3109 2686 3161 «Tu
2705 3124 2765 3163 es
2795 3106 2967 3161 Filius
2997 3122 3149 3162 meus
3180 3107 3317 3161 dile-

1752 3210 1896 3265 ctus,
1923 3202 1978 3255 in
2013 3216 2123 3271 quo
2178 3201 2310 3253 mihi
2344 3200 2673 3270 complacui.
2710 3220 2727 3251 ι
2786 3198 2956 3253 Porro
2985 3199 3092 3252 huc
3122 3215 3315 3268 prove-

1753 3305 1895 3359 ctus,
1931 3305 2188 3364 tanquam
2227 3309 2419 3348 somno
2449 3294 2733 3364 evigilans,
2759 3292 3086 3362 genealogis:
3115 3293 3312 3347 intem-

1750 3385 1976 3454 pestive,
2010 3392 2069 3435 ut
2110 3382 2308 3450 aliquis
2359 3381 2714 3443 existimabit,
2747 3382 3079 3434 mentionem
3109 3378 3306 3435 infert:

1755 3495 1773 3527 ι
1808 3478 1876 3530 Et
1906 3475 2021 3545 ipse
2052 3472 2214 3528 Jcsus
2250 3480 2366 3527 erat
2424 3463 2691 3541 incipiens
2738 3471 2894 3540 quasi
2926 3484 3188 3524 annorum
3212 3470 3314 3523 tri-

1749 3573 1920 3639 ginta,
1975 3566 2118 3619 lilius
2166 3574 2225 3619 ut
2266 3563 2561 3634 putabatur
2594 3560 2841 3631 Josephi,
2885 3561 2979 3632 qui
3010 3560 3114 3615 fuit
3167 3560 3308 3625 Heli,

1750 3658 1841 3727 qui
1876 3657 1976 3710 fuit
2011 3654 2227 3722 Melchi,
2263 3661 2357 3708 iet
2383 3654 2742 3722 reliquorum.

1820 3839 1881 3893 5.·
1917 3837 2050 3903 Quis
2077 3851 2207 3906 ergo
2240 3835 2343 3889 hoc
2371 3835 2491 3889 loco
2516 3835 2646 3889 'non
2679 3833 2750 3889 sit
2783 3833 3113 3904 perplexus?
3141 3833 3314 3904 siqui-

1748 3932 1869 3987 dem
1926 3931 2235 3985 Matthaeum
2300 3929 2633 3982 narrationis
2684 3943 2797 3982 sua:
2860 3928 3309 3996 compositionem

1750 4026 1885 4079 scite
1920 4022 2121 4077 fecisse
2165 4030 2422 4091 apparet;
2455 4019 2659 4074 Lucam
2691 4029 2872 4075 autem
2914 4027 3066 4073 tanta
3103 4020 3311 4090 incogi-

1752 4117 1924 4170 tantia
1960 4116 2149 4179 fuisse,
2182 4126 2239 4168 ut
2273 4129 2395 4168 cum
2441 4129 2540 4167 suo
2584 4114 2704 4166 loco
2744 4112 3115 4183 genealOgiam
3142 4112 3314 4166 collo-

1750 4226 1876 4264 care
1917 4211 2161 4269 deberet,
2213 4222 2333 4261 eam
2396 4216 2527 4259 tunc
2576 4205 3018 4274 praetermiserit:
3072 4212 3126 4257 et
3183 4217 3310 4257 cum

1748 4310 1955 4354 tantam
1993 4299 2232 4354 historia:
2263 4306 2471 4366 partem
2507 4296 2844 4365 scripsisset,
2873 4310 3065 4363 nempe
3101 4308 3130 4345 a
3160 4292 3315 4346 (Ἀπία

1750 4396 1818 4448 sti
1856 4394 2137 4448 nativitate
2179 4406 2353 4458 usque
2394 4389 2459 4442 ad
2510 4389 2848 4443 tricesimum
2910 4388 3031 4456 ejus
3084 4402 3309 4451 annum,

1750 4486 1958 4540 nullum
2021 4484 2323 4539 inserenda:
2390 4483 2728 4553 genealogim
2783 4483 3037 4535 idoneum
3097 4490 3310 4550 tempus

73 4582 201 4634 ιδξῖν
228 4580 330 4651 τῆς
356 4580 479 4632 κατ’
500 4576 660 4631 αὑτὸν
687 4575 1033 4645 γενεαλογίας
1052 4593 1064 4605 ·
1093 4573 1185 4628 νῦν
1206 4574 1263 4627 δὲ
1287 4575 1374 4626 ὅτε
1402 4590 1647 4644 τριακον-

1752 4577 2068 4648 agnoverit:
2099 4574 2195 4629 sed
2231 4590 2375 4627 nunc
2399 4574 2618 4627 demum
2649 4589 2772 4627 cum
2812 4574 3035 4641 triginta
3069 4572 3178 4640 jam
3211 4587 3309 4625 an-

70 4675 268 4743 ταὲτης
296 4669 536 4739 γεγονὼς
565 4670 815 4741 πάρεισιν
852 4668 943 4720 ἐπὶ
976 4667 1036 4719 τὸ
1065 4667 1308 4719 Ἰωάννου
1344 4665 1641 4736 βάπτισμα,

73 4767 221 4839 παρὰ
244 4766 425 4819 πάντα
450 4764 607 4831 λόγον
635 4764 728 4815 καὶ
744 4760 892 4830 παρὰ
908 4760 1115 4831 καιρὸν,
1145 4758 1332 4828 ὥσπερ
1356 4758 1476 4811 τινὰ
1508 4774 1645 4828 παρ-

70 4859 309 4930 ενθήκην
354 4856 563 4923 εἰσάγει
600 4855 698 4925 τῆς
730 4853 947 4923 γραφῆς
982 4853 1079 4924 τὴν
1112 4851 1479 4919 γενεαλογίαν.
1506 4848 1643 4902 Ἀλλ’

71 4952 125 5003 εἴ
150 4951 234 5014 τίς
265 4967 331 5018 γε
363 4947 513 5017 αὐτῷ
543 4946 764 4999 τοιαῦτα
794 4945 1107 5016 ἐμέμψατο,
1138 4944 1237 4997 οὐκ
1272 4944 1335 4996 ἂν
1367 4944 1643 5013 ἠπόρησεν

72 5043 417 5116 ἀποκρίσεως
441 5043 469 5094 ό
490 5041 629 5103 θεῖος
661 5038 1047 5109 εύαγγελιστής
1067 5055 1080 5068 ·
1111 5034 1227 5089 εἷπε
1250 5036 1293 5089 δ’
1318 5036 1381 5089 ἂν
1403 5037 1478 5098 ὡς
1499 5035 1642 5099 είκός

70 5138 190 5191 θεῖά
217 5153 342 5191 τινα
367 5134 463 5188 καλ⁴
489 5132 628 5203 σοφὰ
649 5134 741 5186 καὶ
766 5132 859 5185 τοῦ
887 5135 943 5186 ὲν
974 5132 1121 5201 αὐτῷ
1154 5131 1295 5183 θείου
1331 5129 1641 5201 Πνεύματος

71 5232 291 5297 ἐπάξια.
321 5228 465 5299 Ἐγὼ
487 5228 547 5283 δὲ
577 5228 813 5299 ἠγοῦμαι
841 5226 1001 5279 αὐτὸν
1028 5226 1121 5278 καὶ
1161 5226 1259 5296 τὴν
1288 5223 1427 5277 κατὰ
1462 5225 1642 5294 σάρκα

70 5324 283 5391 γένεσιν
320 5320 415 5373 τοῦ
443 5318 617 5391 Ἰησοῦ
645 5316 981 5387 γενεαλογεῖν
1026 5316 1306 5381 ἐθέλοντα,
1351 5313 1443 5368 νῦν
1485 5313 1641 5366 τοῦτο

72 5415 464 5486 πεποιηκέναι’
491 5411 646 5466 τοῦτο
680 5412 792 5483 γὰρ
833 5414 881 5464 εἰ
923 5411 1063 5463 κατὰ
1104 5409 1326 5481 γνώμην
1352 5408 1637 5479 ἔπραττεν,

68 5510 167 5561 οὒκ
193 5507 380 5579 ἠγνόει
404 5546 419 5570 ,
450 5507 538 5559 ὅτε
584 5505 749 5577 ἐχρῆν
790 5504 990 5575 ταύτην
1039 5503 1308 5557 ἐκθέσθαι.
1340 5501 1552 5572 Ἐπειδὴ
1582 5500 1639 5554 δὲ

72 5602 164 5655 νῦν
203 5600 307 5671 τῆς
339 5600 427 5654 διὰ
471 5597 694 5670 λουτροῦ
734 5598 1138 5668 ἀναγεννήσεως
1176 5596 1478 5668 μέμνηται,
1510 5593 1639 5649 Υίόν

72 5694 231 5747 αὐτὸν
258 5693 493 5761 εἰσάγων
519 5690 677 5755 Θεοῦ,
708 5689 954 5761 βούλεται
975 5690 1048 5752 ὡς
1076 5692 1132 5742 ὲν
1160 5688 1511 5760 ὑποδείγματι
1538 5704 1639 5740 πα-

143 5851 255 5920 (46)
297 5848 391 5904 Sic
419 5848 757 5904 demonstrat
786 5848 1054 5920 Eusebius
1085 5856 1252 5904 totam
1273 5847 1637 5905 Antiocheno-

75 5936 191 5976 rum
223 5919 585 5977 litteraturam
619 5920 859 5976 Graecam
894 5919 1078 5976 fuisse.

1750 4686 1849 4725 nos
1876 4677 2037 4723 natus
2067 4667 2133 4722 ad
2166 4664 2394 4722 Joannis
2428 4667 2756 4736 baptismum
2790 4664 3000 4720 accedit
3032 4664 3307 4728 Christus,

1751 4772 1950 4834 pra:tcr
2006 4776 2223 4815 omnem
2287 4760 2555 4813 rationem
2630 4773 2693 4812 ac
2752 4764 2989 4829 tempus,
3048 4766 3307 4827 tanquam

1747 4853 1944 4922 scripti
2000 4853 2267 4907 insertum
2325 4849 2597 4920 quoddam
2642 4849 3010 4919 genealogiam
3061 4847 3306 4902 inducat.

1745 4945 2221 5001 Verumenimvero
2267 4943 2314 4997 si
2361 4943 2483 5012 quis
2522 4942 2672 4996 illum
2718 4942 2797 4995 sic
2849 4941 3303 5010 reprehenderet,

1748 5039 1891 5092 haud
1924 5052 2250 5108 responsum
2283 5052 2442 5091 suum
2482 5035 2782 5090 desiderari
2828 5045 3104 5104 pateretur
3147 5035 3306 5088 divus

1744 5131 2115 5202 evangelista;
2150 5128 2246 5185 sed
2293 5128 2478 5183 divina
2523 5132 2792 5199 quaedam,
2829 5136 2888 5181 ut
2937 5142 3035 5196 par
3091 5135 3197 5192 est,
3254 5135 3306 5178 et

1746 5222 1906 5285 scita,
1950 5229 2006 5275 et
2044 5221 2386 5277 inhabitante
2411 5220 2597 5275 divino
2639 5219 2847 5289 Spiritu
2886 5217 3047 5287 digna
3083 5218 3299 5286 eloquc‘

1743 5322 1916 5369 retur.
1971 5311 2083 5382 Ego
2112 5320 2292 5367 autem
2340 5312 2593 5366 existimo
2624 5312 2803 5381 ipsum
2848 5307 2981 5365 Jesu
3027 5310 3303 5363 carnalem

1745 5420 1970 5479 quoque
1999 5405 2265 5475 originem
2314 5403 2623 5459 describere
2650 5402 2945 5465 volentem,
2982 5401 3056 5454 ita
3096 5416 3153 5454 se
3180 5415 3305 5469 ges-

1741 5499 1903 5556 sisse.
1947 5497 2015 5552 Et
2044 5497 2171 5568 quia
2196 5496 2299 5551 hoc
2326 5496 2374 5550 ei
2402 5496 2738 5565 propositum
2778 5500 2919 5555 erat,
2957 5492 3100 5547 haud
3150 5494 3307 5563 igno-

1739 5593 1916 5659 rabat,
1966 5588 2369 5662 generationem
2423 5585 2735 5655 hujusmodi
2795 5585 2992 5652 exponi
3026 5592 3302 5653 oportere.

1743 5681 1848 5739 Sed
1886 5680 2146 5753 quoniam
2170 5692 2315 5731 nunc
2342 5676 2411 5732 de
2450 5673 2862 5745 regeneratione
2893 5688 2990 5743 per
3015 5672 3297 5727 lavacrum

1810 5844 1921 5918 (ιτ)
1959 5844 2039 5899 ita
2066 5842 2257 5908 codex,
2290 5838 2670 5912 praetermissis
2709 5837 2911 5894 Matath
2944 5844 2995 5892 et
3024 5835 3171 5894 Levi.
