3954 6510
689 429 798 486 965

1408 419 1676 477 EUSEBII
1699 417 2185 476 CESARIENSIS
2217 417 2374 475 'OPP.
2415 415 2603 470 PA’RS'
2628 413 2720 470 ΠΙ.
2757 443 2830 458 —
2866 408 3268 466 EXEGETICA.

3758 418 3826 472 9M

696 545 954 616 loquitur,
987 541 1282 608 Jesumque
1316 545 1374 590 ut
1409 508 1728 589 Dei'Filium
1752 531 2017 598 exhibet;
2047 531 2252 587 idcirco

2308 536 2331 594 ι
2361 529 2626 603 ραστῆσαι
2650 529 2740 581 ὅτι
2767 526 2830 599 δὴ
2875 527 2982 589 πᾶς
3023 526 3052 577 6
3081 526 3138 578 ὲν
3181 520 3296 592 Θεῷ
3336 522 3735 593 ἀναγεννώμενος,
3759 531 3826 582 κᾶν

697 635 799 689 hoc
823 631 987 688 veluti
1015 627 1260 698 exemplo
1297 625 1678 680 demonstrare
1709 622 1913 686 studet,
1960 621 2259 692 quemlibet

697 725 969 780 hominem
1004 721 1058 774 in
1103 718 1213 773 Deo
1257 720 1667 786 regeneratum,
1697 712 1914 768 etiamsi
1954 727 2080 767 vere
2115 711 2262 766 ﬁlius

697 815 975 869 hominum
1011 810 1271 864 habeatur
1313 807 1384 862 ob
1427 819 1652 860 carnem
1703 818 1811 873 qua
1870 802 2097 858 indutus
2151 810 2260 867 est,

695 921 806 961 non
834 913 1012 958 tamen
1043 916 1167 955 cum
1203 914 1301 954 sua
1342 903 1538 951 natura
1586 894 1641 948 in
1681 893 1865 948 carnis
1921 893 2263 963 genitoribus

697 996 910 1056 sistere,
937 1006 1113 1061 neque
1149 1004 1257 1043 non
1292 989 1435 1042 ultra
1473 985 1722 1054 corporis
1761 988 2139 1054 procreatores
2167 994 2265 1035 exs

698 1100 958 1142 currere:
989 1097 1175 1137 verum
1198 1079 1414 1134 etiamsi
1447 1077 1592 1132 filius
1623 1075 1865 1130 hominis
1895 1073 2148 1127 videatur
2192 1072 2264 1128 ob

697 1178 941 1248 corporis
978 1174 1410 1247 generationem,
1445 1169 1810 1226 nihilominus
1840 1165 1988 1220 haud
2023 1165 2265 1218 alienum

698 1271 729 1329 si
758 1273 855 1327 Dei
903 1269 1194 1339 adeptione
1246 1264 1484 1320 censeri.
1548 1261 1826 1316 Existimo
1868 1258 2038 1328 igitur
2083 1256 2264 1326 ipsum

699 1363 1021 1434 tempestive
1067 1369 1120 1414 et
1169 1356 1540 1428 genealogiam
1596 1352 1917 1422 scripsisse,
1965 1355 2019 1404 et
2050 1346 2262 1401 addita-

696 1463 880 1510 mento
917 1449 1174 1506 dictionis
1201 1457 1257 1501 ut
1279 1445 1566 1517 putabatur
1598 1458 1782 1497 usum.
1820 1439 2265 1494 Consentaneum

697 1547 898 1617 quippe
949 1551 1087 1606 erat,
1127 1549 1418 1610 postquam
1461 1537 1529 1591 de
1567 1535 1707 1589 coelo
1767 1530 2139 1587 testimonium
2197 1526 2266 1581 ad

697 1637 888 1694 Jesum
923 1641 1177 1689 venerat:
1231 1630 1313 1684 Tu
1363 1645 1423 1685 es
1455 1627 1626 1682 Filius
1660 1639 1816 1679 meus
1844 1623 2099 1682 dilectus,
2132 1621 2188 1674 in
2215 1628 2269 1674 te

704 1729 835 1785 mihi
897 1724 1236 1796 complacui;
1272 1723 1385 1792 jam
1438 1721 1660 1790 inquam
1693 1717 1845 1772 haud
1877 1707 2125 1776 decebat,
2172 1713 2270 1766 ho-

701 1822 906 1876 minum
940 1819 1130 1881 tilium,
1166 1831 1318 1886 aeque
1349 1829 1413 1868 ac
1447 1820 1696 1875 eteteros,
1746 1809 1924 1878 ipsum
1966 1806 2269 1876 appellare;

700 1911 798 1970 sed
835 1910 1260 1964 additamentum
1289 1905 1522 1974 adjicere
1561 1917 1699 1972 opus
1740 1900 1841 1954 fuit
1871 1909 1928 1954 ut
1956 1899 2262 1969 putabatur.

2367 622 2582 695 ἀληθῶς
2627 622 2742 703 oio;
2779 618 3081 692 ἀνθρώπων
3125 612 3261 670 εἶναι
3298 613 3556 685 νομίζοιτο
3582 617 3827 689 δι’ῆνπερξ.

2369 732 2546 769 κειται
2595 715 2772 786 σάρκα
2793 752 2808 777 ,
2843 711 2956 764 ἀλλ’
2979 711 3078 780 οὐχ
3105 706 3318 761 ἵσταταί
3351 723 3414 774 γε
3447 705 3579 776 αὐτῷ
3601 706 3655 759 τὰ
3674 708 3748 777 τῆς
3768 727 3825 778 γε.

2368 806 2568 868 νέσεως
2607 806 2687 868 είς
2714 804 2839 867 τοὺς
2870 802 3011 856 κατά
3048 801 3224 870 σάρκα
3252 800 3428 866 γονεῖς
3446 838 3460 860 ,
3493 797 3598 849 οὐδὲ
3623 798 3742 868 μέχρι
3758 803 3826 852 τῶν

2369 895 2464 949 τοῦ
2512 895 2764 966 σώματος
2802 893 3159 967 προπατόρων
3199 889 3413 960 φθάνει·
3450 889 3616 941 ἀλλἐί
3645 892 3835 964 καὶνομίη

2371 986 2516 1051 ζοιτο
2545 984 2845 1058 ἀνθρώπων
2871 981 3008 1038 εἶναι
3024 985 3136 1046 υἱὸς
3163 984 3249 1036 διὰ
3269 982 3368 1052 τὴν
3394 981 3484 1033 τοῦ
3506 980 3709 1050 σώματος
3728 985 3825 1050 γένε-

2371 1097 2477 1142 σιν,
2509 1079 2657 1150 ὅμως
2679 1078 2723 1131 δ’
2749 1073 2840 1131 οὖν
2855 1078 2954 1131 οὐκ
2983 1076 3256 1146 ἀλλότριος
3284 1075 3382 1144 τῆς
3397 1072 3486 1124 τοῦ
3513 1071 3630 1125 Θεοῦ
3645 1061 3834 1155 υἱοθεσίιῇ

2371 1170 2698 1242 καθέστηκε.
2741 1168 2832 1222 Διὸ
2873 1169 3110 1239 ἠγοῦμαι
3152 1167 3312 1220 αὑτὸν
3353 1167 3489 1219 κατὰ
3523 1166 3680 1236 καιρόν
3705 1169 3824 1236 nisi

2370 1262 2688 1334 γενεαλογίᾳ
2736 1261 3058 1332 κεχρῆσθαι,
3126 1261 3220 1315 καὶ
3271 1263 3340 1331 τῇ
3384 1256 3640 1330 προσθήκῃ
3673 1260 3743 1328 τῆς
3776 1260 3827 1324 ὡς

2369 1353 2666 1425 ἐνομίζετο
2689 1354 2892 1424 φωνῆς.
2941 1353 3048 1406 Καὶ
3094 1352 3202 1422 γὰρ
3251 1349 3528 1404 ἀκόλουθον
3573 1345 3657 1418 ἦν,
3690 1351 3758 1418 τῆς
3790 1352 3826 1415 ἐξ

2368 1445 2614 1516 οὐρανῶν
2660 1446 2964 1518 μαρτυρίας
3007 1445 3258 1516 φησάσης
3298 1443 3434 1515 πρὸς
3466 1442 3548 1495 τὸν
3584 1441 3755 1512 Ἰησοῦν,
3779 1443 3824 1494 Σὶι

2371 1537 2402 1588 6
2425 1536 2537 1600 υἱός
2563 1553 2664 1606 μου
2690 1539 2718 1590 6
2747 1537 3048 1606 ἀγαπητὸς,
3095 1539 3151 1588 ὲν
3169 1536 3252 1589 σοὶ
3280 1534 3554 1605 εὐδόκησα,
3585 1533 3735 1604 μηκέτι
3769 1535 3827 1586 καὶ

2373 1623 2674 1696 ἀνθρώπων
2732 1628 2932 1698 ὁμοίως
2998 1626 3161 1680 αὐτὸν
3199 1625 3550 1695 ἀναγορεῦσαι
3588 1625 3692 1686 υἱὸν,
3741 1625 3828 1693 μετὰ

2377 1721 2434 1774 δὲ
2481 1721 2578 1792 τῆς
2634 1721 2714 1786 ὡς
2765 1717 3056 1789 ἐνομίζετο
3114 1717 3461 1790 προσθήκης·
3509 1714 3623 1769 Θεοῦ
3655 1716 3727 1786 μὲν
3759 1718 3829 1785 γὰρ

2379 1811 2546 1882 ἀνεκη
2557 1811 2724 1883 ρύχθη
2754 1812 2868 1874 υίὸς
2893 1806 3030 1863 εἶναι
3055 1809 3236 1878 φύσει,
3261 1807 3376 1862 ἀλλ’
3404 1808 3497 1877 οὐχ
3511 1806 3582 1871 ὡς
3598 1806 3826 1874 ἐνομίζετο·

2372 1900 2467 1954 τοῦ
2491 1901 2548 1954 δὲ
2575 1901 2770 1973 Ἰωσὴφ
2800 1900 3098 1973 ἐνομίζετο,
3134 1899 3250 1954 ἀλλ’
3279 1900 3342 1952 οὐ
3372 1897 3522 1968 φύσει
3551 1899 3644 1961 υἱὸς
3660 1893 3724 1968 ἦν.

701 2008 833 2062 Nam
858 2006 948 2062 Dei
981 2004 1198 2075 quidem
1243 2001 1609 2072 proclamatus
1661 1996 1759 2052 fuit
1809 1997 2132 2051 naturaliter
2176 1995 2338 2061 ﬁlius,
2391 2013 2500 2054 non
2556 2009 2738 2055 autem
2795 2007 2854 2052 ut
2909 1997 3242 2067 putabatur:
3297 2011 3455 2053 secus
3497 2005 3650 2051 autem
3683 1993 3828 2064 Iosephi

701 2099 920 2175 quidem
967 2095 1289 2167 putabatur,
1349 2091 1445 2148 sed
1500 2107 1610 2146 non
1672 2097 1790 2145 erat
1853 2089 2177 2144 naturaliter
2216 2087 2381 2146 ﬁlius.

772 2195 826 2250 6.
870 2193 1000 2260 Quae
1044 2206 1166 2246 cum
1206 2190 1281 2244 ita
1335 2203 1394 2244 se
1441 2187 1701 2251 habeant,
1752 2185 1943 2240 videor
1993 2184 2126 2239 mihi
2183 2184 2265 2239 sic

2308 2193 2339 2247 Β
2437 2192 2511 2250 ς’.
2553 2179 2652 2238 Ὧν
2685 2184 2855 2248 οὕτως
2899 2184 3146 2254 ἑχόντων,
3187 2181 3330 2235 δοκῶ
3379 2198 3465 2251 μοι
3507 2179 3590 2232 καὶ
3627 2178 3752 2240 οὕτως
3770 2178 3825 2229 τὸν

703 2289 969 2344 rationem
993 2282 1318 2346 reddidisse,
1341 2296 1439 2335 cur
1457 2277 1742 2332 Matthaaus
1761 2276 2092 2346 scripturam
2115 2289 2270 2330 suam

703 2378 1024 2444 exordiens,
1058 2381 1186 2429 ante
1216 2371 1399 2427 Maria:
1429 2379 1777 2438 conceptum,
1802 2375 1858 2422 et
1906 2374 2032 2420 ante
2073 2379 2270 2420 carna-

705 2474 809 2528 lem
835 2469 967 2526 Jesu
999 2467 1430 2539 generationem,
1469 2461 1794 2533 tempestive
1838 2460 1892 2514 in
1922 2475 2020 2514 sua
2044 2458 2273 2514 historia

704 2561 979 2618 carnalem
1013 2557 1384 2628 genealogiam
1423 2551 1806 2624 praeposuerit.
1838 2549 2132 2620 Propterea
2176 2564 2270 2620 ge-

705 2653 1014 2710 nerationes
1064 2663 1280 2720 quoque
1337 2646 1596 2701 deorsum
1651 2644 1823 2708 ducit,
1869 2641 2192 2698 descensum
2242 2655 2274 2695 a

706 2744 930 2800 meliore
970 2749 1118 2796 statu
1159 2741 1396 2794 innuens
1445 2738 1591 2792 illius
1636 2735 1704 2790 de
1733 2749 1843 2805 quo
1880 2734 1991 2804 agit
2026 2753 2040 2788 :
2070 2732 2273 2788 etenim

705 2838 1052 2892 incarnatum
1108 2832 1200 2887 Dei
1253 2830 1491 2886 Verbum
1556 2843 1751 2898 reapse
1800 2826 2114 2889 descendit,
2145 2824 2276 2895 quia

706 2942 834 2982 cum
891 2926 948 2979 in
1009 2925 1184 2978 forma
1233 2921 1326 2977 Dei
1376 2927 1522 2976 esset
1569 2919 1874 2976 exinanivit
1920 2917 2275 2987 semetipsum

709 3017 942 3074 formam
971 3016 1115 3071 servi
1145 3013 1440 3084 accipiens.
1475 3012 1545 3065 At
1568 3025 1698 3066 vero
1734 3010 1944 3073 Lucas,
1979 3008 2273 3078 siquidem,

708 3125 862 3181 (eque
894 3123 958 3162 ac
995 3106 1304 3172 Matthazus,
1333 3103 1499 3159 Verbi
1535 3103 1592 3157 in
1633 3115 1800 3158 carne
1843 3101 2133 3156 adventum
2180 3098 2276 3154 de-

711 3209 1114 3257 monstraturus
1139 3197 1351 3261 fuisset,
1384 3196 1501 3268 ipse
1528 3210 1747 3265 quoque
1798 3192 2024 3248 omnino
2058 3191 2276 3263 generis

712 3293 993 3350 historiam
1029 3289 1343 3359 scripsisset
1390 3288 1537 3343 circa
1578 3285 1955 3356 conceptionis
1991 3291 2085 3338 aut
2131 3290 2278 3338 certe

710 3384 1012 3440 nativitatis
1081 3390 1332 3451 tempus;
1387 3378 1793 3447 ordinatimque
1865 3390 1897 3430 a
1968 3375 2277 3431 senioribus

711 3477 1032 3540 exordiens,
1069 3473 1137 3528 ad
1179 3459 1488 3542 postremos
1529 3467 1928 3525 descendisset.
1987 3463 2094 3520 Sed
2149 3463 2278 3533 quia

714 3568 858 3624 haud
888 3566 1187 3624 secundum
1211 3561 1449 3617 Matthzei
1471 3569 1706 3616 mentem
1733 3558 2099 3613 narrationem
2123 3570 2280 3612 suam

712 3659 994 3730 explicuit,
1048 3655 1244 3711 merito
1283 3661 1499 3724 tempus
1543 3649 1678 3705 illud
1735 3647 2149 3711 transcendens,
2211 3643 2278 3699 ad

714 3752 966 3824 baptismi
1005 3747 1471 3820 regenerationem
1496 3743 1776 3799 contendit
1801 3761 1814 3796 ε
1840 3749 2003 3810 atque
2033 3741 2136 3794 hoc
2160 3739 2282 3792 loco

715 3842 1046 3898 contrariam
1083 3839 1306 3910 exponit
1341 3835 1768 3908 generationum
1816 3831 2222 3888 successionem
2264 3845 2278 3882 :

717 3933 1075 4004 subgradiens
1100 3931 1263 3987 simul
1287 3946 1316 3984 a
1342 3928 1635 4000 postremis
1664 3925 1732 3980 ad
1761 3925 1988 3996 primos,
2012 3921 2283 3993 simulque

717 4027 897 4082 vitans
915 4030 1468 4079 commemoratornm
1490 4036 1520 4074 a
1548 4019 1802 4073 Matthteo
1833 4031 2052 4072 reorum
2086 4030 2281 4084 pecca-

718 4125 1009 4185 torumque
1083 4114 1327 4168 virorum
1391 4111 1722 4166 mentionem
1777 4128 1791 4163 :
1839 4104 2282 4178 quandoquidem

718 4215 1070 4290 regeneratus
1119 4207 1174 4261 in
1221 4206 1352 4272 Deo,
1378 4204 1436 4258 tit
1463 4204 1672 4258 alienus
1711 4218 1743 4256 a
1790 4200 1999 4255 carnali
2029 4199 2279 4269 origine,

717 4311 772 4360 et
796 4320 826 4357 a
855 4300 1236 4374 peccatoribus
1263 4298 1561 4354 secundum
1585 4310 1805 4351 carnem
1829 4293 2099 4364 patribus,
2133 4298 2284 4361 post-

717 4411 878 4468 quam
910 4393 1004 4449 Dei
1036 4393 1180 4448 lilius
1213 4399 1296 4448 est
1333 4390 1579 4451 effectus,
1609 4396 1662 4444 et
1689 4388 1930 4443 omnium
1965 4386 2058 4456 qui
2088 4399 2284 4440 secun-

718 4488 847 4543 dum
909 4486 1080 4541 Deum
1152 4483 1425 4552 inculpate
1488 4482 1761 4535 vixerunt.
1821 4475 1914 4532 Sic
1973 4475 2284 4531 Abrahamo

717 4596 935 4652 quoque
980 4578 1185 4633 dictum
1232 4574 1376 4629 fuit:
1412 4591 1430 4626 ι
1468 4572 1553 4627 Tu
1603 4586 1735 4626 vero
1771 4569 1947 4624 abibis
1983 4568 2050 4621 ad
2101 4575 2283 4637 patres

720 4682 864 4729 tuos.
902 4692 920 4724 ι
947 4669 1158 4737 Quibus
1182 4667 1365 4723 verbis
1416 4664 1561 4720 haud
1599 4662 1853 4718 carnales
1886 4666 2142 4730 parentes
2185 4657 2282 4714 sed

720 4766 796 4820 illi
827 4763 918 4834 qui
957 4761 1256 4818 secundum
1286 4758 1454 4813 Deum
1483 4755 1684 4827 pietate
1707 4753 1758 4810 ei
1799 4751 2005 4811 similes
2041 4750 2280 4819 fuerunt,

719 4856 876 4928 quasi
905 4855 1190 4926 aenigmate
1217 4851 1567 4907 denotantur.

790 4947 840 5002 7.
885 4945 1076 5001 Merito
1104 4958 1232 5015 ergo
1262 4941 1660 5008 Lucas,utpote
1686 4936 1779 5007 qui
1808 4936 2275 5006 regenerationem

722 5050 932 5102 narrat,
968 5037 1111 5092 haud
1161 5035 1349 5090 eadem
1397 5047 1504 5102 qua
1560 5029 1844 5084 Matthaeus
1902 5028 1990 5082 via
2048 5025 2266 5080 incedit.

727 5132 1094 5201 Quamobrem
1142 5142 1318 5197 neque
1355 5123 1661 5180 Salomonis
1689 5135 1867 5192 neque
1898 5119 2042 5175 Uriae
2073 5118 2281 5182 uxoris,

718 5214 897 5296 neque
947 5221 1254 5284 Thamarae,
1289 5233 1465 5288 neque
1512 5214 1728 5279 Ruthaa,
1781 5228 1957 5284 neque
1987 5210 2282 5273 Jechoniaa,

719 5333 898 5389 neque
928 5316 1018 5371 his
1050 5312 1457 5381 interiectorum
1484 5307 1628 5362 haud
1664 5307 1872 5375 absque
1900 5301 2280 5358 criminatione

717 5418 962 5474 virorum
993 5411 1122 5466 facit
1149 5407 1544 5470 recensionem,
1574 5403 1668 5458 sed
1702 5417 1796 5472 per
1817 5398 1952 5455 alios
1979 5397 2284 5465 inculpatos

718 5507 1000 5583 graditur;
1026 5512 1080 5559 et
1109 5502 1328 5573 quidem
1362 5513 1393 5552 a
1423 5496 1686 5568 propheta
1712 5492 1963 5548 Natbano
2001 5501 2285 5558 regenera-

718 5581 836 5655 tum
872 5613 1030 5654 suum
1065 5595 1296 5650 derivat.
1333 5589 1399 5644 Et
1429 5589 1518 5644 ille
1545 5585 1762 5658 quidem
1799 5583 1941 5654 apud
1971 5581 2281 5636 Matthmum

719 5690 1022 5750 secundum
1068 5700 1285 5741 carnem
1342 5681 1575 5753 genitus,
1609 5677 1752 5732 ﬁlius
1800 5681 1918 5730 erat
1968 5671 2280 5733 Abrahami,

718 5801 786 5840 ex
837 5783 940 5836 hoc
999 5778 1244 5834 videlicet
1287 5774 1518 5830 deducta
1567 5767 1902 5842 genealogia,
1953 5765 2078 5835 quia
2106 5763 2281 5834 primo

721 5875 1034 5932 Abrahamo
1061 5869 1201 5925 facta
1231 5867 1332 5923 fuit
1361 5862 1654 5938 promissio
1684 5859 1926 5934 gentium
1954 5854 2278 5914 benedictio-

2371 2276 2626 2346 λογισμὸν
2658 2274 3070 2337 ἀποδεδωκέναι,
3104 2273 3225 2325 καθ’
3264 2273 3324 2325 ὃν
3356 2273 3383 2324 ό
3415 2271 3507 2341 μὲν
3535 2267 3746 2330 Ματθαῖος
3763 2267 3824 2336 ἀρα

2371 2368 2599 2439 χόμενος
2629 2367 2726 2437 τῆς
2755 2365 2946 2418 ἑαυτοῦ
2978 2365 3211 2435 γραφῆς,
3247 2362 3359 2434 πρὸ
3389 2362 3483 2430 τῆς
3510 2359 3750 2428 conﬁgite);
3764 2357 3824 2423 τῆς

2372 2459 2612 2530 Μαρίας,
2648 2458 2740 2512 καὶ
2773 2457 2878 2527 πρὸ
2904 2457 3002 2526 τῆς
3028 2456 3289 2525 ὲνσάρκου
3324 2453 3571 2522 γενέσεως
3596 2449 3667 2503 τοῦ
3698 2447 3822 2518 Ἰησοῦ,

2373 2551 2515 2605 κατά
2540 2551 2727 2623 καιρὸν
2750 2551 2825 2614 ὡς
2855 2551 2912 2602 ὲν
2945 2548 3156 2619 ἱστορίᾳ
3180 2546 3467 2618 προτάττει
3490 2544 3574 2614 τὴν
3590 2543 3699 2594 κατὰ
3715 2540 3824 2607 cipit:

2375 2643 2738 2712 γενεαλογίαν
2789 2641 2868 2696 διὸ
2893 2641 2984 2694 καὶ
3019 2640 3088 2694 τὰ
3125 2640 3252 2711 γένη
3291 2637 3529 2708 κατάγει,
3567 2631 3825 2688 κάθοδον

2373 2737 2481 2790 τῶν
2527 2734 2848 2806 κρειττόνων
2897 2734 3268 2802 αἰνιττόμενος
3311 2731 3405 2784 τοῦ
3439 2726 3822 2801 agnouimus?

2376 2826 2636 2897 κούμενος
2664 2824 2772 2896 γὰρ
2807 2827 2836 2878 6
2873 2823 3041 2892 Λόγος
3089 2822 3183 2876 τοῦ
3233 2822 3372 2876 Θεοῦ
3411 2818 3602 2891 κατῄει,
3629 2818 3689 2869 ὅτι
3717 2813 3760 2883 δὴ
3790 2815 3825 2863 ἐν

2381 2920 2559 2990 μορφῇ
2593 2916 2727 2969 θεοῦ
2763 2916 3021 2987 ὑπάρχων
3060 2914 3328 2967 ἐκένωσεν
3361 2913 3540 2967 ἑαυτὸν
3569 2909 3728 2981 μορφὴν
3748 2904 3822 2957 δού-

2376 3009 2466 3064 λου
2497 3007 2691 3062 λαὸὡνο
2726 3009 2754 3060 6
2790 3007 2845 3060 δὲ
2883 3007 3116 3069 Λουκᾶς,
3151 3007 3200 3058 εἰ
3240 3006 3340 3076 μὲν
3365 3001 3633 3075 ὁμοίωςτῷ
3653 2997 3826 3064 Mittit-aio

2376 3103 2473 3173 τὴν
2495 3101 2752 3172 ἐνσαρκον
2784 3098 3005 3170 ἔμελλεν
3038 3096 3200 3152 αὑτοῦ
3247 3097 3534 3169 παρουσίαν
3562 3091 3721 3162 δηλοῦν,
3743 3089 3827 3140 πάν-

2375 3182 2482 3258 τως
2521 3194 2585 3247 ἂν
2622 3193 2891 3264 ἐχρήσατο
2933 3190 3027 3244 καὶ
3054 3190 3214 3253 αὐτὸς
3252 3193 3322 3261 τῇ
3365 3187 3456 3242 τοῦ
3493 3187 3651 3257 γένους
3673 3181 3825 3250 ἱστορίᾳ,

2377 3283 2518 3337 κατά
2542 3283 2632 3337 τὸν
2653 3282 2753 3353 τῆς
2775 3280 3085 3353 συλλήψεως
3109 3279 3142 3350 ἢ
3172 3279 3272 3350 τῆς
3297 3277 3583 3344 ἀποτέξεως
3604 3273 3752 3344 καιρόν·
3770 3271 3826 3322 καὶ

2377 3374 2682 3439 ἀκολούθως
2708 3373 2815 3427 ἀπὸ
2847 3371 2956 3426 τῶν
2983 3370 3370 3442 πρεσϐυτέρων
3407 3369 3681 3440 ἀρξάμενος,
3705 3360 3826 3429 κατῄει

2381 3467 2474 3520 ἐπὶ
2505 3466 2630 3529 τοὺς
2669 3463 3026 3526 τελευταίους·
3059 3461 3181 3516 ἐπεὶ
3209 3461 3266 3514 δὲ
3288 3461 3352 3514 οὐ
3380 3458 3514 3514 κατά
3543 3457 3624 3527 τὴν
3646 3445 3825 3520 αὐτὴν

2308 3535 2349 3594 C
2380 3557 2642 3629 Ματθαίῳ
2677 3557 2911 3610 διάνοιαν
2943 3554 3153 3620 ἐξέθετο
3180 3552 3277 3623 τὴν
3309 3553 3562 3622 διήγησιν,
3589 3545 3752 3603 εἰκότως
3773 3539 3826 3589 fit

2381 3651 2540 3706 αὑτὸν
2583 3650 2777 3721 ἐκείνῳ
2807 3648 2994 3720 καιρὸν
3042 3645 3282 3717 ὑπερϐὰς
3301 3687 3316 3710 ,
3361 3644 3451 3697 ἐπὶ
3474 3641 3562 3712 τὴν
3584 3635 3825 3704 ἀναγέννηςιν

2380 3743 2477 3814 τὴν
2507 3742 2595 3796 διὰ
2619 3740 2841 3812 λουτροῦ
2871 3739 3252 3810 παραγίνεται’
3289 3736 3385 3789 καὶ
3417 3731 3620 3788 ἐνταῦθα
3641 3728 3712 3796 τὴν
3735 3726 3825 3776 ἐνπν-

2380 3837 2501 3890 τίαν
2531 3833 2800 3890 ἐκτίθεται
2822 3833 2930 3886 τῶν
2957 3830 3128 3901 γενῶν
3153 3829 3422 3900 διαδοχὴν,
3453 3823 3572 3897 ὁμοῦ
3595 3821 3664 3874 καὶ
3690 3816 3823 3878 ἀνάγων

2381 3928 2490 3983 ἀπὸ
2524 3927 2634 3981 τῶν
2663 3925 2906 3980 ὑστάτων
2940 3923 3033 3977 ἐπὶ
3064 3921 3130 3975 τὰ
3169 3921 3380 3992 πρῶτα,
3411 3916 3533 3989 ὁμοῦ
3559 3914 3633 3967 καὶ
3653 3910 3724 3979 τὴν
3745 3905 3822 3975 μνή-

2385 4038 2491 4093 μην
2509 4019 2618 4073 τῶν
2638 4016 2788 4089 παρά
2811 4015 2890 4087 τῷ
2918 4014 3181 4084 Ματθαίῳ
3205 4011 3466 4065 ὑπαιτίων
3491 4006 3572 4062 καὶ
3596 3994 3821 4075 ἁμαρτωλᾶν

2381 4081 2588 4182 ἀνδρῶν
2641 4081 3045 4177 ἀποσειόμενος,
3093 4081 3391 4174 ἐπειδήπερ
3438 4103 3465 4153 6
3509 4093 3634 4166 παρὰ
3666 4081 3820 4182 τῷγθεῷ

2382 4179 2711 4272 ἀναγεγεννη
2722 4201 2898 4272 μένος,
2927 4197 3201 4268 ἀλλότριος
3229 4193 3536 4248 καθίσταται
3553 4187 3633 4256 τῆς
3649 4179 3819 4272 ἐνσᾷρλου

2381 4268 2648 4365 γενέσεως
2669 4268 2762 4346 καὶ
2788 4291 2895 4344 τῶν
2919 4288 3060 4342 κατά
3084 4287 3261 4358 σάρκα
3297 4278 3606 4356 ἁμαρτωλῶν
3645 4268 3819 4365 πατέρων,ν

2384 4352 2512 4448 lib;
2557 4352 3006 4452 ἀποφαινόμενος
3027 4352 3203 4441 Θεοῦ,
3401 4352 3592 4424 πάντων
3629 4352 3820 4452 τῶν-κατὰ

2383 4445 2513 4532 Θεὸν
2539 4445 2917 4544 ἀνεπιλήπτως
2952 4467 3306 4542 βεϐιωκότωνο
3333 4464 3469 4518 οὕτω
3487 4453 3644 4524 καὶτῷ
3665 4445 3820 4518 ’Δϐραάμ

2385 4571 2586 4642 εἴρητοο
2640 4585 2659 4619 ι
2690 4567 2761 4618 Σὺ
2793 4565 2849 4618 δὲ
2875 4559 3151 4632 ἁπελεύσῃ
3183 4557 3318 4629 πρὸς
3350 4557 3468 4617 τοὺς
3495 4545 3691 4642 mage“
3711 4550 3816 4642 ἔπαυεν,

2383 4628 2448 4715 of;
2486 4628 2612 4722 τοὺς
2661 4655 2802 4710 κατά
2854 4653 3048 4724 σάρκα,
3081 4628 3207 4711 τοὺς
3232 4628 3310 4700 δὲ
3353 4645 3410 4697 ὲν
3444 4638 3550 4709 Θεῴ
3576 4634 3647 4688 διὰ
3683 4628 3816 4697 τὴνεύ-

2385 4750 2601 4813 σεΰείας
2624 4743 3006 4820 όμοιοτροπίαν
3028 4737 3395 4808 αἰνιττομένου
3420 4731 3505 4787 τοῦ
3530 4729 3675 4795 λόγου.

2315 4882 2359 4937 D

2457 4928 2524 4995 ζό
2556 4927 2793 4989 Είκάτως
2822 4916 3108 4993 τοιγαροῦν
3131 4919 3160 4970 6
3187 4915 3426 4976 Λουκᾶς,
3474 4909 3557 4962 aes
3681 4887 3816 4995 όνπγξῖ

2388 5039 2540 5095 νησιν
2563 5017 2810 5090 ἱστορῶν,
2833 5016 2892 5068 οὺ
2919 5013 3016 5084 τὴν
3047 5009 3214 5080 αὐτὴν
3235 5005 3402 5060 ὁδεύει
3419 5000 3488 5072 τῷ
3513 4987 3734 5095 tumis):
3755 4991 3807 5030 σιτ

2443 5077 2454 5095 ι
2684 5077 2695 5090 ι
2797 5077 2806 5082 '
2975 5077 2986 5084 '
3174 5077 3182 5080 '
3613 5084 3634 5094 ”
3725 5077 3732 5085 ’
3791 5082 3802 5097 '

2387 5111 2480 5170 οὖν
2518 5111 2612 5168 τοῦ
2657 5107 2966 5181 Σολομῶνος
2995 5105 3089 5158 καὶ
3120 5103 3219 5172 τῆς
3248 5098 3459 5169 Οὖρίηυ·
3499 5090 3553 5144 οὐ
3585 5099 3663 5153 της

2389 5207 2448 5260 οὖ
2476 5207 2574 5277 τῆς
2616 5201 2792 5264 Ῥοὺθ,
2830 5200 2888 5254 οὐ
2918 5194 3010 5250 τοῦ
3050 5191 3295 5264 Ἰεχονίου
3329 5189 3418 5242 καὶ
3445 5181 3542 5236 τῶν
3577 5181 3728 5247 perm

2396 5257 2412 5260 ‘
2427 5257 2441 5259 —
2492 5257 2500 5258 ὲ
2516 5257 2541 5277 Ἰ
2555 5257 2572 5268 1
2780 5257 2790 5264 1
3119 5257 3150 5264 ﬂ
3747 5257 3771 5266 ,.
3785 5257 3789 5258 ,

2390 5298 2554 5368 6ε6λη
2561 5295 2732 5368 μένων
2774 5289 2980 5362 ἀνδρῶν
3019 5287 3116 5358 τὴν
3152 5281 3440 5355 παράθεσιν
3467 5267 3720 5368 πεποίηταιὶ

2389 5391 2458 5445 δι’
2505 5359 2707 5460 ἑτέρων
2760 5359 3135 5452 ἀνεπιλήπτων
3183 5374 3375 5434 ἄνεισιν
3408 5365 3493 5460 καὶ
3527 5359 3574 5460 δὲ
3605 5359 3682 5460 αἱ

2392 5436 2672 5553 magis};
2691 5436 2878 5528 Νάθαν
2909 5436 2998 5524 τὸν
3025 5471 3351 5535 ἀναγεγεννη
3360 5459 3502 5532 μένον
3521 5436 3815 5553 staﬁva-Ilii?

2397 5534 2680 5644 μὲνιπαρὰ
2723 5566 2801 5637 τῷ
2842 5561 3101 5632 Ματθαίῳ
3140 5534 3281 5611 κατὰ
3331 5553 3494 5644 σάρκα

2391 5617 2506 5728 ῦίθς
2544 5617 2637 5734 ﬂor
2671 5617 2938 5731 Ἀδραᾷρη
2991 5617 3235 5706 ἐντεῦθεν
3267 5617 3813 5734 γενεαλογοῦμενοξέπὲῐ

2386 5721 2668 5831 δήτέεΡΙτῷ
2704 5721 2950 5822 Ἀέραᾶμ
2995 5743 3194 5817 πρώτῳ
3233 5742 3267 5813 ἡ
3309 5721 3810 5831 ἐπαγγελία.δὲὼῖῃίῑῖ

2723 5806 2986 5913 εὐλογίας,
3017 5806 3116 5893 ουκ
3139 5806 3310 5898 άλλως
3337 5832 3368 5903 ἢ
3393 5825 3472 5883 διὰ
3487 5819 3566 5876 τοῦ
3590 5818 3640 5868 ix
3662 5806 3810 5870 σπέρμ’

3639 5167 3728 5232 τιξϋ
3750 5160 3815 5210 διν
3872 5209 3873 5214 η

3610 5351 3682 5408 καὶ
3706 5348 3748 5397 ἐκ
3766 5352 3816 5387 τον
3872 5375 3873 5378 η
