3954 6510
135 429 242 485 965

1007 424 1514 494 SUPPLEMENTA
1552 437 2030 508 QUA‘ZSTIONUM
2071 441 2160 494 ao
2200 440 2647 500 s'rzpuaucu.

3310 443 3413 498 οῦδ

132 560 226 608 τος
260 543 430 598 αὑτοῦ
461 545 924 616 προελευσομένου
945 554 1302 625 γενησομένη.
1353 555 1410 607 Ὀ
1442 555 1497 608 δὲ
1524 559 1582 609 ὲν
1615 555 1725 626 Θεῷ

1837 556 1944 617 nis,
1975 569 2094 624 qua
2139 554 2284 608 haud
2333 554 2489 609 aliter
2521 568 2684 624 quam
2725 568 2821 623 per
2865 569 3051 609 semen
3076 569 3143 609 ex
3179 569 3244 609 eo
3287 571 3414 624 pro-

132 638 664 709 ἀναγεγεννημένος,
701 640 921 713 ἐτέρους
953 643 1193 715 πατέρας
1236 647 1360 708 τοὺς
1411 647 1553 700 κατά
1600 647 1730 702 Θεὸν

130 729 608 800 ἐπιγραψάμενος,
649 733 758 786 οὐδ’
805 735 1000 798 αὐτοὺς
1044 736 1259 808 ἀληθῶς
1295 738 1562 810 ἐσχηκὼς,
1615 741 1730 794 ἀλλ’

127 821 204 886 ὡς
233 820 523 894 ἐνομίζετο
554 825 641 880 διὰ
687 827 785 898 τὴν
815 828 925 893 τῶν
957 829 1103 900 ἠθῶν
1150 831 1553 904 ὁμοιοτροπίαν,
1589 836 1732 890 ἄνει-

132 929 218 966 σιν
251 916 346 968 ἐπὶ
379 917 474 970 τὸν
502 918 672 990 ἀληθῆ
719 921 938 992 Πατέρα
983 925 1120 994 μετά
1150 926 1358 990 πάντας
1387 929 1732 999 χρηματίσας

131 1003 264 1067 Υἱὸς
308 1005 406 1058 τοῦ
459 1007 617 1059 Θεοῦ·
664 1010 780 1063 ἀλλ’
810 1005 964 1076 οὗτος
1001 1014 1099 1084 μὲν
1138 1017 1196 1069 ὲν
1237 1017 1568 1089 ἀπορρήτοις
1595 1021 1728 1091 ημῖν

129 1098 422 1152 ἀποδόσθω
457 1101 486 1152 6
519 1101 696 1168 λόγος.
729 1103 845 1156 Ἵνα
873 1105 930 1157 δὲ
977 1107 1049 1177 μή
1081 1125 1166 1170 τις
1191 1111 1340 1179 ἡμᾶς
1366 1110 1728 1182 εὑρεσιλογεῖν

127 1188 418 1253 ὑπολάϐοι,
448 1191 542 1243 καὶ
575 1193 783 1265 ἱστορίᾳ
812 1197 1090 1267 χρήσομαι
1130 1199 1469 1274 παλαιοτάτῃ
1496 1204 1624 1275 παρ’
1659 1199 1727 1276 ἧς

127 1279 246 1332 εστι
285 1284 388 1353 τὴν
427 1282 581 1336 λύσιν
617 1286 794 1357 εὑρεῖν
835 1290 934 1360 τῆς
971 1291 1366 1362 νενομισμένης
1396 1296 1525 1364 παρ’
1558 1296 1726 1366 ἀμφο-

122 1373 312 1445 τέροις
337 1378 453 1438 τοῖς
480 1376 887 1446 εὖαγγελισταῖς
910 1381 1224 1450 διαφωνίας.
1253 1384 1365 1454 Τῆς
1395 1385 1451 1438 δὲ
1486 1389 1724 1459 ἱστορίας

125 1467 323 1534 γέγονε
362 1471 709 1539 συγγραφεὺς
746 1471 1084 1543 Ἀφρικανὸς,
1114 1475 1255 1546 ἀνὴρ
1280 1475 1464 1543 λόγιος
1497 1479 1723 1545 καὶτοῖς

123 1559 235 1612 ἀπὸ
262 1560 366 1630 τῆς
416 1560 614 1624 ἔξωθεν
646 1563 896 1628 παιδείας
932 1568 1273 1637 ὁρμωμένοις
1322 1571 1609 1642 ἐπιφανής·
1661 1569 1721 1628 οὗ

126 1649 264 1722 πρὸς
293 1649 479 1715 ἄλλοις
511 1652 726 1716 πολλοῖς
765 1655 858 1707 καὶ
887 1645 1073 1721 καλοῖς
1101 1657 1302 1727 λόγοις,
1339 1663 1432 1714 καὶ
1464 1664 1718 1736 ἐπιστολὴ

123 1741 356 1812 φέρεται
379 1742 516 1813 πρὸς
557 1745 892 1818 Ἀριστείδην
915 1750 1041 1821 περὶ
1063 1749 1163 1820 τῆς
1196 1754 1588 1825 νενομισμένης
1612 1756 1720 1811 τῶν

121 1833 533 1903 εὐαγγελιστῶν
563 1838 691 1907 περὶ
727 1839 826 1910 τὴν
858 1841 1094 1895 Χοιστοῦ
1135 1842 1484 1914 γενεαλογίαν
1517 1847 1719 1918 διαφω-

121 1925 263 1989 νίας*
300 1927 420 1998 ἔχει
462 1927 506 1980 δ’
535 1927 732 1993 οὕτως.

638 2044 1041 2099 ΑΦΡΙΚΑΝΟΥ
1073 2045 1205 2119 (48).

186 2161 260 2223 η’.
293 2157 410 2210 Ούκ
430 2156 672 2228 ἀκριϐῶς
694 2159 877 2228 μέντοι
901 2160 1046 2224 τινὲς
1068 2160 1343 2231 λέγουσιν,
1366 2167 1448 2220 ὅτι
1491 2168 1715 2232 δικαίως

117 2247 344 2316 γέγονεν
368 2252 400 2320 ἠ
426 2249 682 2322 διάφορος
705 2251 844 2321 αὕτη
867 2252 974 2306 τῶν
1005 2252 1282 2324 ὀνομάτων
1312 2259 1714 2331 καταριθμησίς

117 2359 174 2393 τε
209 2341 308 2394 καὶ
359 2341 630 2412 ἐπιμιξία,
664 2341 772 2395 τῶν
809 2360 868 2395 τε
897 2345 1205 2415 ἰερατικῶν,
1244 2347 1319 2411 ὡς
1351 2349 1576 2414 οἴονται,
1621 2351 1714 2404 καὶ

118 2431 228 2482 τῶν
261 2431 581 2500 βασιλικῶν,
621 2433 708 2486 ἵνα
736 2432 918 2503 δειχθῇ
951 2433 1174 2500 δικαίως
1211 2438 1238 2489 6
1265 2439 1498 2509 Χριστὸς
1536 2440 1714 2511 ἱερεύς

117 2540 173 2574 τε
205 2524 303 2575 καὶ
332 2522 585 2592 βασιλεὺς
617 2526 903 2594 γενόμενος
917 2545 936 2580 ,ο
969 2526 1156 2600 ῶσπερ
1187 2531 1332 2594 τινὸς
1363 2532 1712 2597 ἀπειθοῦντος

114 2615 149 2685 ἢ
188 2615 387 2686 ἑτέραν
419 2617 716 2687 ἐσχηκότος
748 2618 957 2684 ἐλπίδα,
985 2621 1066 2674 ὅτι
1100 2624 1127 2674 6
1162 2624 1396 2695 Χριστὸς
1424 2627 1711 2698 ἀρχιερεύς

116 2708 233 2760 ἐστι
263 2707 502 2778 Πατρὺς,
533 2707 632 2771 τὰς
655 2709 926 2782 ἡμετέρας
961 2713 1097 2781 πρὸς
1129 2714 1290 2768 αὐτὸν
1326 2715 1488 2786 εὐχάς
1512 2717 1711 2787 ἀναφέ-

123 2815 251 2859 οων,
289 2799 386 2850 καὶ
417 2797 674 2867 βασιλεὺς
710 2801 1099 2873 ὑπερκόσμιος,
1134 2803 1227 2868 οὓς
1249 2805 1589 2879 ἠλευθέρωσε
1625 2809 1711 2863 νέ-

122 2907 238 2959 μων
265 2889 347 2959 τῷ
374 2889 672 2960 Πνεύματι,
698 2893 954 2963 συνεργὸς
979 2896 1059 2957 εἰς
1089 2894 1184 2966 τὴν
1211 2896 1570 2970 διακόσμησιν
1599 2900 1708 2953 τῶν

115 2981 252 3035 ὅλων
299 2982 612 3061 γενόμενος.
654 2985 766 3037 Καὶ
811 2984 968 3038 τοῦτο
1008 2988 1138 3058 ἡμῖν
1171 2991 1566 3060 προσήγγειλεν
1611 2993 1708 3063 οὐχ

113 3076 142 3126 6
163 3074 470 3143 κατάλογος
496 3074 607 3128 τῶν
634 3075 835 3144 φυλῶν,
856 3077 953 3148 οὐχ
979 3079 1012 3149 ἠ
1052 3078 1196 3148 μίξις
1216 3078 1323 3132 τῶν
1344 3081 1707 3153 άναγράπτων

113 3167 312 3234 γενῶν,
341 3167 477 3220 ἀλλά
504 3167 839 3239 πατριάρχαι
873 3169 964 3221 καὶ
994 3169 1287 3240 προφῆται.
1321 3170 1411 3241 Μὴ
1447 3167 1538 3225 οὖν
1573 3190 1706 3225 κατ-

1839 653 2130 700 venturum
2158 653 2418 700 eventura
2437 653 2576 700 erat.
2610 645 2679 699 At
2701 645 2791 700 ille
2813 643 2869 699 in
2899 643 3008 700 Deo
3037 656 3412 717 regeneratus.

1849 738 1987 790 alios
2020 736 2125 791 sibi
2155 745 2341 806 patres
2361 736 2670 797 secundum
2707 734 2874 791 Deum
2905 736 3234 800 inscribens,
3265 737 3410 805 haud

1836 829 2087 899 equidem
2121 843 2276 883 veros
2307 836 2492 898 patres
2513 868 2528 891 ,
2563 829 2661 884 sed
2689 829 2760 882 ita
2786 837 3004 899 putatos
3048 839 3266 898 propter
3294 843 3411 882 mo—
3463 877 3467 882 .

1835 937 1955 976 rum
1993 921 2431 985 similitudinem,
2469 921 2535 974 ad
2568 936 2755 974 verum
2786 921 3004 978 Patrem
3053 930 3176 992 post
3218 937 3410 976 omnes

1835 1028 2056 1068 sursum
2090 1012 2285 1077 tendit,
2315 1009 2487 1066 Filius
2532 1009 2624 1064 Dei
2675 1013 2968 1068 exsisteus.
2999 1012 3178 1083 Atque
3223 1013 3409 1067 hacte-

1832 1122 1940 1160 nus
1977 1106 2044 1160 de
2072 1121 2274 1161 arcano
2307 1121 2338 1158 a
2369 1104 2528 1158 nobis
2563 1119 2729 1159 sensu
2763 1103 2972 1158 dictum
3004 1106 3095 1162 sit.
3143 1103 3223 1160 Ne
3277 1120 3408 1160 vero

1832 1213 1932 1252 nos
1965 1198 2252 1268 quisquam
2297 1197 2413 1251 hac
2441 1197 2663 1266 proprio
2711 1197 2932 1265 ingenio
2963 1199 3271 1267 excogitare
3304 1215 3405 1266 pu-

1831 1297 1929 1354 tet,
1963 1289 2402 1360 antiquissimam
2437 1288 2722 1343 historiam
2747 1289 3042 1358 proferam,
3069 1289 3212 1360 apud
3239 1306 3404 1360 quam

1829 1383 2136 1451 comperire
2179 1389 2269 1436 est
2299 1380 2626 1434 solutionem
2662 1387 2863 1449 putata
2897 1381 3040 1434 inter
3068 1382 3206 1436 duos
3239 1397 3404 1438 evan-

1831 1473 2058 1542 gelistas
2090 1471 2463 1526 dissonantia.
2511 1469 2762 1526 Historia
2805 1472 2969 1540 hujus
3019 1481 3211 1526 auctor
3259 1473 3406 1529 Afri~

1827 1580 1999 1620 canus
2020 1574 2123 1631 est,
2172 1564 2256 1618 vir
2300 1564 2570 1628 eruditus,
2621 1570 2674 1618 et
2737 1563 2881 1618 inter
2937 1571 3124 1618 extera
3153 1566 3403 1622 doctrina

1826 1657 2065 1713 imbutos
2120 1657 2389 1720 illustris,
2438 1658 2595 1726 cujus
2644 1665 2840 1724 prater
2901 1667 3128 1712 cateros
3203 1658 3403 1715 multos

1824 1744 2293 1820 egregios‘libros,
2329 1749 2558 1819 epistola
2588 1760 2805 1817 quoque
2837 1746 3070 1802 habetur
3109 1747 3174 1801 ad
3201 1747 3402 1803 Aristi-

1825 1843 1946 1896 dem
1981 1843 2049 1897 de
2078 1850 2261 1912 putata
2286 1842 2740 1909 evangelistarum
2775 1841 2922 1896 circa
2965 1839 3170 1895 Christi
3201 1855 3402 1910 genea-

1756 1940 1797 1994 B
1827 1935 2025 2006 logiam
2056 1934 2418 2002 dissonantia,
2454 1948 2574 2002 qua
2603 1934 2677 1986 ita
2709 1949 2768 1988 se
2798 1932 2984 1987 habet.

2441 2041 2783 2102 AFRICANI.

1891 2163 1943 2217 8.
1968 2161 2125 2216 Haud
2171 2168 2422 2216 accurate
2453 2161 2668 2231 quidam
2712 2161 2886 2224 aiunt,
2921 2159 3144 2229 provide
3196 2159 3397 2215 factam

1822 2269 1943 2308 esse
1974 2253 2312 2308 diﬂ‘erentem
2353 2253 2492 2305 hanc
2538 2254 2816 2313 nominum
2851 2251 3314 2306 enumerationem
3344 2259 3399 2307 et

1822 2345 2232 2414 permistionem
2252 2344 2694 2408 sacerdotalium,
2729 2351 2788 2396 ut
2806 2351 3017 2412 putant,
3038 2351 3091 2398 et
3123 2344 3394 2415 regalium

1820 2434 2083 2497 virorum,
2110 2442 2172 2488 ut
2198 2433 2580 2487 ostenderetur
2609 2434 2805 2488 merito
2831 2435 3085 2491 Christus
3106 2453 3198 2490 rex
3233 2438 3395 2492 simul

1820 2530 1982 2592 atque
2029 2522 2287 2577 sacerdos
2321 2541 2333 2576 :
2365 2522 2519 2591 quasi
2569 2523 2766 2591 aliquis
2799 2522 2866 2577 de
2896 2524 2998 2578 hoc
3038 2525 3269 2588 dubitet,
3301 2533 3396 2580 aut

1819 2615 1979 2667 aliam
2015 2631 2165 2685 spem
2204 2615 2418 2677 haheat,
2457 2629 2645 2684 nempe
2677 2615 2810 2685 quin
2859 2617 3115 2673 Christus
3157 2616 3394 2673 aternus

1822 2706 1892 2760 sit
1928 2707 2073 2778 apud
2131 2706 2345 2761 Patrem
2390 2706 2656 2776 pontifex.
2695 2723 2884 2776 preces
2936 2717 3158 2762 nostras
3188 2710 3235 2763 ei
3262 2707 3398 2764 οπε-

1819 2814 1944 2854 rens
1965 2812 1978 2849 :
1999 2813 2112 2852 rex
2145 2804 2322 2852 autem
2353 2795 2835 2867 supermundialis,
2867 2812 3006 2866 quos
3027 2797 3275 2852 liberavit
3299 2813 3396 2869 pa-

1818 2904 1976 2944 scens
2003 2887 2236 2959 Spiritu,
2260 2895 2583 2957 cooperator
2607 2886 2830 2942 eﬂectus
2862 2888 2915 2941 in
2941 2889 3182 2942 omnium
3208 2905 3394 2943 rerum

1816 2983 2182 3037 ordinatione.
2217 2980 2384 3050 idque
2428 2980 2588 3035 nobis
2625 2981 2963 3050 exploratum
2997 2980 3124 3036 fecit
3155 2995 3264 3036 non
3290 2983 3394 3040 tri-

1817 3077 1982 3130 buum
2030 3075 2334 3144 catalogus,
2372 3088 2550 3142 neque
2610 3074 3040 3143 perscriptarum
3091 3075 3395 3144 generatio-

1815 3183 1945 3221 num
2005 3167 2208 3227 mistio,
2261 3165 2356 3220 sed
2402 3165 2726 3235 patriarcha
2765 3174 2927 3235 atque
2960 3165 3256 3235 propheta.
3288 3165 3394 3225 Ca-

116 3257 285 3328 ίωμεν
328 3260 410 3323 εἰς
435 3259 701 3329 τοσαύτην
741 3259 1047 3325 θεοσεϐείας
1084 3247 1492 3335 σμικρολογίαν,
1533 3267 1618 3320 ἵνα
1641 3269 1704 3339 τῇ

1817 3276 2038 3316 veamus
2074 3260 2239 3329 igitur
2268 3273 2296 3312 a
2327 3259 2538 3312 minuto
2568 3257 2881 3326 hujusmodi
2911 3259 3190 3328 religionis
3225 3258 3394 3313 artiﬁ-

114 3349 389 3423 ὲναλλαγῇ
417 3352 523 3405 τῶν
564 3352 866 3423 ὀνομάτων,
903 3353 1000 3425 τὴν
1035 3356 1269 3426 Χριστοῦ
1307 3355 1580 3425 βασιλείαν
1614 3361 1708 3414 καὶ

114 3444 422 3516 ἱερωσύνην
456 3444 825 3516 συνιστῶμεν·
857 3448 978 3500 ἐπεὶ
1023 3451 1088 3519 τῇ
1137 3448 1303 3502 Ἰούδα
1332 3450 1470 3521 φυλῇ
1512 3455 1577 3520 τῇ
1612 3451 1709 3523 βα-

117 3535 324 3607 σιλικῇ,
357 3538 391 3590 ἠ
434 3536 528 3589 τοῦ
579 3539 711 3590 Λευὶ
763 3537 903 3607 φυλὴ
961 3539 1206 3610 ίερατικὴ
1260 3540 1556 3612 συνεζύγη,
1612 3543 1706 3596 τοῦ

114 3625 386 3679 Ναασσὼν
421 3627 653 3700 ἀδελφὴν
700 3628 798 3699 τὴν
849 3629 1128 3682 Ἐλισάϐετ
1165 3630 1373 3702 Ἀαρὼν
1412 3630 1704 3704 ἀξαμένου,

112 3719 209 3771 καὶ
238 3717 402 3770 πάλιν
433 3718 692 3790 Ἐλεάζαρ
722 3719 818 3790 τὴν
836 3718 1108 3792 θυγατέρα
1130 3723 1352 3794 Φατιὴλ,
1377 3725 1469 3776 καὶ
1495 3725 1706 3780 ἐνθένδε

113 3809 689 3880 παιδοποιησαμένων.
737 3809 1066 3880 Ἐψεύσαντο
1097 3810 1189 3866 οὖν
1219 3815 1268 3866 οἱ
1303 3815 1702 3884 εὐαγγελισταὶ,

114 3898 464 3961 συνιστάντες
485 3898 586 3952 οὐκ
614 3898 896 3970 ἀλήθειαν,
935 3901 1052 3954 ἀλλ’
1075 3903 1425 3974 εἰκαζόμενον
1456 3904 1704 3959 ἔπαινον·

112 3993 206 4046 καὶ
233 3991 327 4045 διὰ
377 3991 540 4046 τοῦτο
570 3992 600 4044 6
637 3991 736 4062 μὲν
769 3991 856 4046 διά
897 3992 1208 4063 Σολομῶνος
1236 3995 1344 4048 ἀπὸ
1372 3995 1537 4050 Δαυῒδ
1581 3998 1706 4065 ἐγε-

110 4085 443 4155 νεαλόγησεν
475 4084 564 4137 τὸν
611 4083 803 4137 Ἰακὼϐ
830 4085 919 4138 τὸν
946 4085 1038 4154 τοῦ
1079 4086 1276 4158 Ἰωσὴφ
1317 4088 1528 4160 πατέρα
1549 4106 1561 4119 ’
1595 4092 1622 4142 6
1650 4090 1706 4144 δὲ

112 4177 301 4230 Νάθαν
329 4175 424 4229 τοῦ
466 4174 650 4238 Δαυῒδ,
686 4176 775 4229 τὸν
824 4177 972 4229 Ἠλεὶ
1010 4178 1098 4231 τὸν
1138 4178 1230 4230 τοῦ
1276 4179 1468 4249 Ἰωσὴφ
1507 4181 1705 4250 ὁμοίως

109 4269 288 4321 ἀλλων
318 4266 533 4340 πατέρα
554 4285 565 4297 ⁸
591 4267 770 4323 καίτοι
818 4268 1030 4336 ἀγνοεῖν
1058 4269 1249 4332 αὐτοὺς
1273 4270 1370 4322 οἰκ
1402 4270 1589 4340 ἐχρῆν,
1631 4271 1705 4334 ὠς

109 4361 350 4433 ἑκατέρα
378 4361 488 4416 τῶν
504 4361 999 4433 κατηριθμημένων
1017 4360 1188 4426 τάξις,
1207 4361 1267 4414 τὸ
1281 4361 1372 4414 τοῦ
1401 4363 1565 4415 Δαυῖδ
1590 4365 1704 4415 ἐστι

109 4458 289 4525 γένος,
322 4457 355 4527 ἡ
386 4455 480 4508 τοῦ
518 4455 688 4509 Ἰούδα
715 4455 854 4527 φυλὴ
888 4454 1161 4526 βασιλική.
1191 4456 1252 4507 Εἰ
1275 4453 1382 4524 γὰρ
1418 4456 1704 4526 προφήτης

109 4553 136 4602 6
167 4549 382 4612 Νάθαν,
412 4547 526 4601 ἀλλ’
557 4542 649 4601 οῦν
699 4548 792 4600 καὶ
820 4547 1089 4618 Σολομὼν,
1133 4547 1161 4598 ὃ
1187 4563 1247 4600 τε
1293 4546 1495 4599 τούτων
1523 4545 1702 4618 πατὴρ

110 4642 410 4711 ἑκατέρου·
445 4642 510 4692 ἐκ
550 4637 757 4692 πολλῶν
789 4639 845 4691 δὲ
889 4637 1070 4707 φυλῶν
1121 4637 1357 4706 ἐγίνοντο
1401 4639 1695 4709 προφῆται,
1733 4662 1773 4716 D

113 4735 277 4805 ἱερεῖς
309 4732 366 4785 δὲ
400 4731 460 4797 ἐξ
487 4732 744 4802 οὐδεμιᾶς
783 4730 894 4800 (49)
927 4728 1035 4783 τῶν
1067 4729 1285 4792 δώδεκα,
1314 4729 1515 4799 φυλῶν,
1547 4731 1698 4800 μόνοι

108 4825 163 4876 δὲ
191 4825 441 4877 Λευῖται.
485 4821 679 4892 Μάτην
725 4821 908 4884 αὐτοῖς
953 4819 1060 4891 ἄρα
1093 4818 1399 4872 πέπλασται
1432 4820 1493 4872 τὸ
1539 4820 1699 4890 ἐψευ-

111 4915 307 4984 σμένον
329 4930 342 4942 ⁸
366 4913 501 4984 μηδὲ
538 4912 764 4984 κρατοίη
788 4910 1025 4976 τοιοῦτος
1049 4914 1078 4965 6
1097 4911 1253 4980 λόγος
1299 4914 1358 4964 ὲν
1400 4911 1698 4983 Ἐκκλησία

109 5005 350 5079 Χριστοῦ
394 5004 584 5077 [κατὰ]
613 5004 876 5076 ἁκριὸοῦς
905 5003 1181 5076 ἀληθείας,
1227 5004 1309 5057 ὅτι
1341 5002 1533 5072 ψεῦδος
1569 5000 1700 5071 σύγ-

109 5115 289 5153 κειται
327 5100 409 5161 εἰς
443 5094 592 5152 αἶνον
628 5098 722 5150 καὶ
747 5096 1051 5166 δοξολογίαν
1080 5095 1338 5167 Χριστοῦο
1364 5095 1448 5159 τίς
1470 5095 1578 5167 γὰρ
1599 5095 1698 5148 οὐκ

106 5188 213 5246 οἶδε
242 5193 500 5246 κάκεῖνον
527 5190 619 5244 τὸν
649 5189 932 5262 ἱερώτατον
953 5188 1046 5243 τοῦ
1071 5187 1391 5241 Ἀποστόλου
1415 5186 1571 5254 λόγον
1599 5203 1701 5258 κη-

111 5283 173 5354 ρύ
183 5301 404 5348 σσοηηος
426 5286 521 5339 καὶ
540 5284 941 5355 διαγγέλλοντος
963 5283 1060 5353 τὴν
1086 5281 1380 5335 ἀνάστασιν
1404 5279 1496 5333 τοῦ
1522 5280 1699 5351 Σωτῆ-

87 5431 90 5454 ;
184 5403 232 5434 σι
271 5401 448 5456 Exod.
483 5402 698 5467 mas.
775 5387 820 5435 δέ
861 5402 994 5458 ibid.
1026 5401 1118 5456 εδ.

85 5501 89 5516 ’
179 5514 555 5587 (48)Qiximus
572 5514 820 5587 001.899,
852 5514 979 5587 adn.
1000 5512 1349 5587 t_2,Afri_cani
1375 5512 1685 5587 epistolam,

110 5583 278 5657 quam
308 5585 580 5642 Eusebius
615 5584 760 5657 Hist.
787 5586 914 5657 eccl.
939 5601 979 5649 ι,
1005 5584 1058 5657 7,
1089 5583 1685 5657 acephalampdederat,

110 5651 142 5710 ἑ
171 5666 360 5712 nostra
395 5658 633 5724 epitome
662 5655 892 5710 feliciter
918 5655 1115 5724 partim
1138 5651 1352 5710 sarciri.
1376 5651 1534 5706 Nunc
1581 5653 1688 5708 isto

111 5729 164 5782 in
199 5728 510 5798 fragmento
541 5726 839 5798 integriore
868 5740 932 5779 ac
963 5724 1539 5798 prirnitivopradicta
1566 5725 1685 5798 cpi-3

111 5799 264 5853 stola
289 5793 444 5868 prior
469 5813 594 5868 pars
630 5793 852 5850 οἰοιιὶηο
883 5793 1212 5868 cumulatur.
1256 5794 1430 5862 Hujus
1457 5808 1591 5868 ergo
1622 5793 1688 5848 ad

113 5864 360 5924 Africa—ni
393 5864 681 5939 epistolam
721 5867 966 5939 praclari
991 5866 1348 5939 additamenti
1375 5864 1690 5939 meminisse

109 5949 330 6011 oportet
347 5935 467 6006 eos,
490 5939 584 6010 qui
605 5935 772 5998 novas
792 5936 1085 6010 aliquando
1103 5937 1370 5996 editiones
1396 5935 1686 5994 curabunt.

1811 3353 1920 3416 cio,
1959 3359 2019 3406 ut
2049 3351 2330 3405 nominum
2365 3351 2768 3419 permutatione
2811 3349 3018 3404 Christi
3064 3367 3290 3420 regnum
3326 3367 3391 3405 ac

1812 3442 2180 3498 sacerdotium
2223 3441 2581 3511 comprobare
2630 3441 2878 3496 velimus.
2920 3439 3056 3495 Nam
3105 3449 3158 3496 et
3187 3443 3390 3513 alioqui

1809 3534 1978 3605 regali
2012 3533 2166 3587 Juda
2215 3533 2380 3587 tribui
2440 3531 2799 3586 sacerdotalis
2845 3531 2974 3588 Levi
3023 3533 3201 3588 tribus
3245 3533 3390 3588 facta

1808 3633 1926 3680 erat
1957 3624 2152 3687 aliinis,
2177 3640 2243 3680 ex
2276 3637 2383 3694 quo
2408 3621 2705 3679 Naassonis
2761 3613 3006 3680 sororem
3055 3623 3388 3681 Elisahelam

1809 3714 1963 3768 duxit
1993 3715 2174 3768 Aaron
2206 3728 2432 3768 uxorem
2467 3712 2533 3779 “,
2572 3729 2876 3785 rursusque
2922 3715 3150 3770 Eleazar
3202 3715 3391 3770 Phati-

1811 3805 1953 3861 helis
1988 3804 2150 3858 filiam
2176 3805 2245 3870 ",
2297 3805 2449 3874 prole
2485 3804 2610 3860 inde
2649 3813 2926 3876 suscepta.
2979 3805 3122 3878 Ergo
3155 3822 3388 3878 evange~

1809 3898 1950 3954 lisla
1985 3897 2200 3952 mentiti
2252 3903 2402 3962 sunt,
2440 3897 2568 3951 dum
2621 3913 2732 3952 non
2772 3899 3056 3954 veritatem
3106 3886 3384 3966 aSserunt,

1808 3993 1904 4049 sed
1946 3994 2258 4048 simulatam
2286 3985 2508 4048 laudem'
2540 4012 2553 4048 :
2587 3992 2749 4063 cujus
2780 3995 2860 4049 rei
2890 4009 3079 4058 causa,
3106 3995 3240 4050 alter
3264 3995 3387 4065 qui-

1807 4083 1928 4138 dem
1969 4100 2068 4155 per
2098 4084 2457 4140 ‘Salomonem
2491 4099 2520 4138 a
2555 4084 2760 4140 Davide
2784 4084 2974 4141 Jacobi
2997 4087 3238 4157 .stirpem
3269 4095 3383 4141 tra-

1808 4177 1908 4238 xit,
1938 4179 2028 4246 qui
2065 4177 2167 4231 fuit
2193 4177 2418 4248 Josephi
2455 4185 2608 4248 pater
2650 4196 2665 4233 :
2698 4178 2838 4232 alter
2871 4185 3052 4233 autem
3082 4194 3111 4232 a
3133 4178 3386 4232 Nathano

1809 4267 2028 4324 Davidis
2080 4271 2188 4324 lilio
2237 4269 2408 4324 llelim
2468 4270 2693 4324 deduxit
2728 4268 2953 4338 Josephi
3005 4273 3232 4339 pariter,
3288 4271 3383 4325 sed

1806 4360 1913 4414 alia
1945 4361 2177 4424 ratione,
2213 4367 2446 4430 patrem.
2469 4360 2632 4430 Atqui
2659 4376 2753 4416 eos
2790 4360 3041 4430 ignorare
3075 4376 3184 4414 non
3220 4376 3385 4430 opor-

1807 4453 1974 4521 tebat,
2006 4460 2300 4522 utrumque
2331 4461 2736 4506 uulneratorum
2779 4452 3064 4506 hominum
3111 4451 3378 4520 ordinem,

1805 4561 1980 4615 genus
2013 4559 2136 4599 esse
2167 4542 2410 4607 Davidis,
2455 4543 2609 4598 Juda
2661 4559 2854 4612 nempe
2903 4543 3109 4614 regiam
3155 4543 3378 4599 tribum.

1807 4637 2028 4692 Etiamsi
2068 4637 2213 4691 enim
2258 4637 2523 4707 propheta
2577 4635 2860 4692 Natlianus
2911 4635 3032 4701 fuit,
3062 4642 3116 4691 et
3161 4634 3380 4706 quidem

1800 4731 1962 4785 etiam
1997 4729 2346 4793 Salomon,et
2366 4728 2558 4782 horum
2584 4729 2870 4798 utriusque
2901 4743 3098 4799 parens
3130 4727 3379 4800 (David):

1800 4836 1867 4876 ex
1898 4820 2083 4875 multis
2117 4836 2248 4876 sane
2271 4820 2525 4875 tribubus
2555 4821 2816 4875 exstitere
2838 4821 3148 4892 prepheta;
3172 4821 3266 4876 sed
3297 4827 3384 4874 ta-

1799 4929 1922 4968 men
1960 4914 2273 4969 sacerdotes
2329 4913 2464 4967 nulli
2513 4911 2735 4969 fuerunt
2783 4929 2846 4968 ex
2884 4914 3031 4968 nulla
3087 4913 3377 4969 duodecim

1799 5003 2064 5069 tribuum,
2093 5005 2187 5060 sed
2218 5005 2322 5059 soli
2356 5002 2579 5059 Levita.
2622 5003 2849 5060 Frustra
2884 5005 3049 5076 igitur
3075 5005 3377 5076 composita

1801 5094 1871 5148 ab
1900 5095 2009 5150 illis
2041 5094 2143 5150 fuit
2179 5095 2296 5150 hac
2334 5095 2582 5161 falsitas;
2616 5113 2794 5167 neque
2824 5097 3140 5167 pravalebit
3185 5096 3379 5164 hujus-

1804 5186 1952 5242 modi
1977 5201 2158 5243 sermo
2181 5188 2238 5242 in
2284 5187 2491 5244 Christi
2530 5188 2774 5245 Ecclesia
2813 5195 3006 5243 contra
3061 5194 3374 5240 accuratam

1803 5279 2108 5345 veritatem,
2140 5295 2336 5352 nempe
2366 5289 2426 5336 ut
2471 5281 2816 5337 mendacium
2855 5278 3270 5335 consarcinetur
3308 5275 3376 5331 ad

1794 5509 2010 5565 Etenim
2045 5507 2101 5562 in
2149 5506 2339 5562 Veneti
2384 5521 2603 5576 quoque
2646 5505 2915 5576 Gallandii
2968 5503 3374 5576 diligentissimi

1796 5579 2040 5635 hominis
2078 5575 2412 5633 Bibliotheca
2435 5575 2665 5631 Patrum
2705 5586 2740 5629 t.
2770 5575 2834 5641 ll,
2861 5593 2916 5648 p.
2942 5576 3068 5640 558,
3090 5575 3374 5648 acephala

1763 5682 1765 5684 -
1795 5661 1880 5706 est
1917 5651 2030 5704 hac
2061 5649 2314 5720 epistola,
2347 5648 2477 5718 quia
2505 5655 2666 5719 caput
2696 5648 2816 5718 ejus
2855 5646 3034 5702 adhuc
3069 5646 3250 5700 linteis
3281 5659 3376 5699 co-

1794 5723 1978 5776 dicum
2013 5720 2329 5776 obvolutum
2356 5725 2495 5774 erat.

1857 5791 1978 5920 349)
2019 5792 2077 5846 In
2113 5790 2349 5861 epitome
2394 5789 2563 5844 codex
2612 5789 2774 5844 habet
2818 5789 3044 5842 omnino
3080 5788 3139 5839 οὐ
3175 5787 3370 5852 δεῖνες,

1917 5878 2098 5920 veram
2122 5876 2266 5918 nunc
2289 5859 2443 5918 vides
2468 5859 2754 5919 lectionem
2791 5859 2849 5920 ἐξ
2881 5859 3158 5920 οὐδεμιᾶς.

1796 5879 1854 5921 se

1917 5859 2098 5921 veram
2122 5859 2266 5918 nunc
2289 5859 2443 5918 vides
2468 5859 2754 5919 lectionem
2791 5859 2849 5927 ἐξ
2881 5859 3158 5930 οὐδεμιᾶς.
