3954 6516
591 443 697 500 967

1271 425 1538 483 EUSEBH
1573 415 2054 480 CASSARIENSIS
2091 413 2244 472 OPP.
2285 410 2468 466 PARS
2523 407 2608 464 lii.
2629 435 2700 448 --
2733 399 3141 458 EXEGETICA.
3703 399 3782 452 968

591 564 798 620 Christi
829 561 1043 616 laudem
1077 565 1240 625 atque
1271 550 1624 622 prter-ouium.
1655 537 1788 611 Quis
1821 557 1950 597 vero
1981 549 2036 596 et
2073 540 2165 594 illa

2288 553 2362 598 νος
2384 533 2562 605 ἡμῶν,
2591 529 2684 582 καὶ
2713 521 3182 596 διῐσχυριζομὲνου
3201 524 3298 589 την
3322 515 3586 587 ἀλήθειαν,
3617 515 3784 586 μεγαλῳ

595 657 770 712 nescit
803 649 1177 708 sacratissima
1207 643 1452 715 Apostoli
1495 641 1660 694 verba
1709 636 2168 692 resurrectionem

597 743 908 802 Servatoris
975 732 1564 806 nostri-praedicantis
1626 737 1789 798 atque
1843 723 2168 787 nuntiantis,

595 839 782 906 reique
803 835 1082 888 veritatem
1111 842 1306 897 magno
1329 841 1452 880 cum
1483 837 1682 893 pavore
1705 817 2021 873 aﬂirmantis
2042 816 2170 870 dum

593 929 672 984 ait
705 929 752 964 “
785 950 794 980 :
831 925 887 978 Si
919 923 1196 978 Christum
1236 916 1609 972 resurrexisse
1673 911 1894 981 quidam
1949 918 2170 978 negant,

596 1036 698 1076 nos
740 1025 920 1073 autem
953 1014 1258 1068 asserimus
1283 1021 1447 1079 atque
1478 1007 1780 1066 credimus,
1803 1017 2088 1074 speramus
2111 1013 2176 1053 ac

593 1111 981 1182 praedicamus,
1009 1107 1128 1160 falsi
1159 1115 1328 1160 testes
1375 1101 1470 1156 Dei
1523 1114 1736 1162 sumus,
1768 1096 1914 1166 quod
1942 1095 2178 1150 suscita-

597 1198 738 1254 verit
764 1197 1066 1254 Christum.
1095 1208 1255 1263 quem
1295 1205 1402 1245 nou
1437 1188 1746 1245 suscitavit.
1778 1186 1932 1251 Quod
1967 1185 2012 1239 si
2041 1184 2176 1238 adeo

599 1287 688 1342 hic
718 1287 810 1358 qui
831 1285 1002 1341 Deum
1035 1283 1253 1338 Patrem
1281 1280 1536 1342 honorat,
1563 1294 1632 1331 ne
1647 1275 1880 1330 mendax
1904 1275 2173 1335 videatur,

597 1381 777 1446 timet,
801 1379 930 1448 quia
969 1392 1078 1431 rem
1111 1376 1304 1428 miram
1339 1379 1565 1434 narrat;
1595 1384 1696 1423 cur
1727 1383 1834 1422 non
1887 1366 2081 1420 merito
2111 1367 2178 1418 ti-

601 1478 748 1526 meat
780 1469 1034 1540 quisquis
1069 1467 1208 1520 falso
1233 1477 1487 1520 sermone
1515 1461 1798 1514 veritatem
1824 1459 1939 1511 vult
1965 1456 2180 1512 stabili-

603 1580 686 1629 re,
719 1579 832 1618 non
863 1575 1045 1616 veram
1074 1556 1402 1612 sententiam
1443 1553 1784 1607 concinnatis
1805 1551 1828 1604 ?
1851 1548 1983 1602 Nam
2003 1551 2052 1604 si
2089 1565 2180 1619 ge-

603 1656 917 1711 nerationes
943 1650 1038 1704 abl
1058 1648 1304 1710 udercnt,
1325 1645 1566 1715 nihilque
1589 1643 1830 1714 germani
1859 1641 2082 1695 seminis
2103 1640 2173 1694 ad

601 1743 902 1814 Josephum
928 1739 1294 1800 conferretur,
1322 1737 1416 1792 sed
1438 1750 1501 1790 ea
1539 1749 1628 1788 res
1669 1734 1735 1788 ad
1767 1732 2028 1786 fulcimen
2057 1739 2181 1784 tan-

603 1834 887 1891 tummodo
913 1833 1180 1889 nascituri
1205 1830 1348 1884 dicta
1379 1835 1544 1889 esset,
1577 1841 1772 1895 nempe
1801 1823 1944 1894 quod
1979 1839 2070 1878 rex
2098 1829 2180 1876 at-

2273 627 2421 697 φόϐῳ
2443 625 2714 692 λὲγοντος,
2749 619 2830 670 ὅτι
2860 619 2908 669 εἰ
2940 613 3172 686 Χριστὸν
3195 609 3411 677 λέγουσί
3442 625 3576 669 τινες
3607 608 3669 676 μὴ
3691 609 3784 675 ἐγη-

2273 719 2487 790 γέρθαι,
2521 717 2683 786 ἡμεῖς
2715 712 2770 764 δὲ
2807 709 2964 763 τοῦτο
3008 706 3102 759 καὶ
3141 703 3315 773 φαμεν
3347 701 3441 754 καὶ
3481 697 3785 750 πεπιστεύκα-

2277 829 2398 882 μεν,
2429 810 2520 862 καὶ
2549 805 2678 860 αὐτὸ
2709 804 2805 856 καὶ
2829 797 3121 868 ἐλπίζομεν
3155 795 3246 847 καὶ
3279 792 3631 862 κηρύσσομεν,
3659 805 3784 840 κατι·

2273 881 2824 972 ιῖνευδομαρτυροῦμεν
2851 893 2945 946 τοῦ
2976 888 3132 951 Θεοῦ,
3167 889 3246 940 ὅτι
3273 887 3464 955 ἤγειρε
3493 883 3576 934 τὸν
3611 881 3784 951 Χριστὸν

2227 981 2232 986 ’
2274 997 2333 1048 ὃν
2375 995 2476 1047 οὐκ
2515 994 2764 1062 ἣγειρενο
2799 989 2848 1040 εἰ
2880 985 2935 1038 δὲ
2975 983 3146 1044 οὕτως
3183 981 3211 1032 ὁ
3249 975 3540 1044 δοξολογῶν
3581 974 3690 1026 Θεὸν
3708 975 3786 1025 Πα-

2277 1088 2432 1158 τέρα,
2466 1085 2672 1138 δέδοικε
2705 1079 2780 1151 μὴ
2799 1075 3116 1148 ψευδολόγος
3137 1070 3344 1138 δοκοίη,
3379 1067 3534 1138 ἔργον
3553 1065 3786 1135 παράδθξθν

2275 1156 2649 1250 διηγούμενος,
2696 1171 2812 1234 πῶς
2844 1170 2940 1221 οὑκ
2983 1167 3046 1218 ἂν
3080 1163 3302 1224 δικαίως
3337 1158 3610 1230 φοὸηθείη,
3637 1159 3700 1209 ὅτι
3724 1156 3786 1209 δή

2276 1269 2623 1342 ψευδολογίας
2667 1265 2924 1335 ἀληθείας
2967 1261 3222 1312 σύστασιν
3264 1253 3634 1324 ποριζόμενος,
3675 1251 3785 1314 δόξαν

2277 1341 2376 1420 οὐκ
2421 1361 2596 1432 ἀληθῆ
2635 1355 2932 1419 συντιθείς;
2965 1355 3026 1406 Εἰ
3055 1351 3162 1422 γὰρ
3205 1347 3272 1401 τὰ
3313 1347 3446 1416 γένη
3479 1343 3696 1432 διάφορα,
3723 1341 3789 1394 καὶ

2283 1455 2450 1527 μηδὲν
2476 1431 2776 1519 καταφέρει
2803 1445 3026 1514 γνήσιον
3056 1441 3274 1508 σπέρμα
3303 1436 3399 1488 ἐπὶ
3417 1433 3506 1486 τὸν
3539 1431 3720 1501 Tui-sta,
3739 1435 3792 1482 εἴ·

2283 1525 2438 1618 ρηται
2466 1546 2523 1598 δὲ
2547 1543 2703 1614 μόνον
2737 1541 2814 1604 εἰς
2837 1537 3092 1591 σύστασιν
3131 1533 3223 1584 τοῦ
3257 1525 3710 1598 γεννηθησομένου,
3733 1525 3790 1575 ὅτι

2283 1613 2668 1708 βασιλεὺςγκαι
2701 1631 2878 1703 ἱερεὺς
2906 1628 3058 1680 ἔσται
3083 1626 3110 1676 ὁ
3134 1625 3414 1692 ἐσόμενος,
3443 1613 3720 1678 ἀποδείξεως
3741 1615 3792 1682 μὴ

2281 1704 2608 1800 στροσούσης,
2638 1721 2775 1778 ἀλλὰ
2795 1722 2896 1790 τῆς
2914 1719 3024 1772 τῶν
3048 1717 3218 1784 λόγων
3239 1711 3564 1782 σεμνότητος
3584 1708 3652 1769 είς
3671 1704 3792 1774 ὕμνον

2281 1799 2488 1891 ἀδρανῆ
2523 1815 2850 1886 φερομένης,
2883 1809 3041 1879 δῆλον
3069 1809 3144 1871 ὠς
3165 1805 3260 1860 τοῦ
3289 1803 3428 1856 Θεοῦ
3463 1801 3554 1872 μὲν
3579 1802 3604 1852 ό
3629 1799 3792 1891 ἔπαινος

605 1943 712 1999 que
747 1925 1002 1982 sacerdos
1037 1923 1178 1977 foret
1209 1922 1256 1976 is
1285 1919 1380 1990 qui
1418 1927 1682 1971 venturus
1715 1925 1856 1978 erat,
1891 1915 2176 1969 deficiente

2288 1890 2377 1981 οὐχ
2411 1909 2662 1969 ἅπτεται,
2703 1904 2899 1974 ψεῦδος
2931 1900 3006 1954 ὢν
3029 1917 3043 1931 ι
3082 1899 3263 1970 κρίσις
3293 1897 3352 1948 δὲ
3383 1896 3462 1964 τῷ
3498 1891 3722 1964 εἰρηκότι,
3750 1890 3792 1942 τὸ

605 2017 947 2089 probatione,
1004 2023 1224 2082 totoque
1275 2009 1540 2066 orationis
1598 2016 1793 2063 ornatu
1847 2007 1902 2058 in
1969 2005 2176 2058 futilem

2279 1990 2383 2054 οἶῦκ
2413 1999 2494 2062 ὃν,
2528 1998 2602 2060 ὼς
2639 1996 2700 2050 ὃν
2732 1993 3075 2066 κομπάσαντι
3106 1990 3238 2060 (50).

609 2079 870 2184 hymnum
929 2079 1233 2172 desinente,
1299 2105 1502 2158 nullam
1547 2103 1673 2156 hinc
1705 2101 1918 2154 laudem
1984 2097 2093 2153 Deo
2159 2096 2418 2152 accedere
2464 2093 2804 2162 exploratum
2847 2088 2921 2150 fit,
2961 2087 3090 2156 quia
3142 2092 3318 2139 totum
3361 2079 3675 2136 mendacium
3701 2083 3788 2140 e51;

610 2179 706 2260 sed
737 2201 1143 2258 damnationem
1177 2199 1359 2269 potius
1388 2197 1587 2250 dicenti
1614 2193 1858 2258 conﬂari,
1879 2193 2006 2262 quia
2038 2190 2182 2260 quod
2220 2188 2355 2243 nihil
2379 2195 2484 2250 est,
2522 2181 2730 2254 aliquid
2759 2197 2880 2236 esse
2909 2179 3154 2250 jactavit.

681 2317 734 2373 9.
766 2315 1024 2371 Davidem
1064 2312 1347 2369 Matthmus
1369 2329 1585 2383 quoque
1613 2321 1740 2366 ante
1781 2311 1917 2366 alios
1943 2312 1996 2363 in
2028 2310 2178 2362 ordi-

611 2426 680 2466 ne
701 2409 882 2480 posuit
910 2408 964 2462 in
997 2423 1093 2461 sua
1127 2407 1461 2477 genealogia,
1487 2406 1617 2475 quia
1655 2402 1842 2457 Davidi
1889 2403 2066 2473 primo
2092 2416 2182 2455 so-

612 2503 759 2572 lique
797 2500 958 2555 firmo
1000 2499 1356 2568 jurejurando
1394 2498 1717 2568 praedixerat
1767 2494 1911 2550 Deus
1967 2493 2082 2548 fore
2125 2503 2185 2547 ut

613 2609 679 2648 cx
729 2593 822 2648 illo
890 2599 1212 2646 nasceretur
1271 2589 1570 2645 secundum
1625 2602 1844 2642 carnem
1907 2585 2180 2642 Christus.

617 2682 891 2752 Scriptum
920 2690 1006 2736 est
1029 2681 1193 2751 igitur
1219 2698 1232 2733 :
1263 2699 1280 2730 ι
1311 2677 1522 2734 Juravit
1549 2677 1812 2732 Dominus
1837 2675 2024 2730 Davidi
2051 2676 2188 2729 veri-

615 2781 806 2836 tatem,
839 2781 895 2826 et
941 2787 1062 2834 non,
1085 2769 1443 2823 frustrabitur
1489 2783 1608 2824 eam
1641 2769 1748 2822 :de
1773 2767 1952 2822 fructu
1983 2767 2187 2822 ventris

615 2865 698 2918 tui
745 2877 944 2933 ponam
991 2876 1156 2930 super
1185 2861 1442 2913 thronum
1493 2867 1646 2912 tuum
1677 2859 1742 2911 ".
1791 2875 1810 2908 ι
1847 2855 1911 2910 Ει
1949 2871 2142 2912 rursus
2167 2875 2185 2910 :

621 2973 642 3006 ι
675 2953 862 3008 Juravi
886 2952 1075 3006 Davidi
1097 2966 1254 3006 servo
1286 2965 1428 3012 meo,
1457 2964 1630 3018 usque
1659 2949 1714 3002 in
1749 2956 2010 3002 aeternum
2041 2961 2190 3016 para-

619 3047 688 3100 bo
715 3059 900 3100 semen
925 3053 1080 3096 tuum
1105 3043 1169 3094 ⁶⁸.
1213 3063 1231 3095 ι
1278 3041 1342 3094 Ει
1365 3041 1422 3095 in
1459 3039 1886 3110 Paralipomenis
1915 3059 1927 3094 :
1969 3058 1986 3090 ι
2021 3038 2184 3094 Cum-

618 3152 728 3208 que
751 3135 1004 3206 completi
1027 3134 1228 3188 fuerint
1251 3134 1368 3188 dies
1392 3134 1491 3196 tui,
1523 3140 1580 3186 ut
1601 3133 1840 3206 dormias
1861 3148 1984 3186 cum
2015 3133 2186 3201 patri-

2357 2302 2420 2358 θ’.
2450 2303 2552 2356 Τὸν
2586 2301 2750 2355 Δαυῒδ
2775 2299 2881 2370 πρὸ
2913 2297 3018 2352 τῶν
3040 2297 3211 2350 ἄλλων
3241 2293 3338 2346 καὶ
3379 2289 3634 2350 Ματθαίος
3660 2283 3792 2350 ἔταξεν

2287 2399 2344 2450 ὲν
2375 2401 2441 2467 τῇ
2481 2394 2785 2450 κατ’,αὐτὸν
2817 2390 3151 2460 γενεαλογίᾳ,
3185 2383 3378 2453 ἐπειδὴ
3415 2384 3505 2435 καὶ
3731 2379 3792 2428 καὶ

2291 2492 2436 2560 μόνῳ
2467 2489 2544 2558 τῷ
2590 2486 2759 2539 Δαυίδ
2791 2483 2908 2556 μεθ’
2942 2481 3104 2553 ὅρκου
3139 2476 3570 2536 διαϐεϐαιώσεως
3605 2469 3652 2536 ἐξ
3679 2466 3792 2522 αὑτοῦ

2290 2581 2431 2634 κατὰ
2457 2581 2634 2651 σάρκα
2668 2576 2829 2647 φῦναι
2867 2577 2894 2628 ό
2917 2573 3146 2645 Χριστὸς
3176 2569 3522 2632 ὲθεσπίζετο·
3557 2563 3792 2633 γέγραπται

2291 2672 2438 2742 γοῦν
2472 2693 2488 2722 ι
2519 2671 2721 2741 Ὤμοσε
2751 2667 2946 2739 Κύριος
2970 2664 3046 2735 τῷ
3081 2662 3241 2715 Δαυῖδ
3275 2659 3548 2730 ἀλήθειαν,
3577 2655 3656 2708 καὶ
3673 2653 3716 2705 οὐ
3743 2651 3793 2720 μὴ

2291 2763 2527 2836 ἁθετήσῃ
2559 2761 2725 2831 αὑτήν
2747 2777 2760 2788 ·
2797 2761 2860 2812 ἐκ
2891 2753 3102 2829 καρποῦ
3141 2754 3238 2823 τῆς
3271 2750 3482 2813 κοιλίας
3513 2765 3597 2800 σου
3627 2745 3792 2815 θήσομαι

2293 2854 2386 2907 ἐπὶ
2408 2854 2499 2906 τὸν
2525 2851 2710 2925 θρόνον
2745 2866 2856 2902 σου.
2895 2868 2913 2900 ι
2953 2847 3063 2901 Καὶ
3097 2844 3281 2898 πάλιν·
3321 2861 3342 2894 ι
3385 2842 3586 2911 Ὤμοσα
3602 2833 3728 2890 Δανῖδ

2291 2943 2462 3014 δούλῳ
2513 2960 2633 3014 μου,
2673 2941 2776 3003 ἕως
2821 2938 2916 2992 τοῦ
2971 2937 3163 2999 αἰῶνος
3205 2933 3484 3004 ἑτοιμάσω
3533 2932 3589 2982 τὸ
3637 2927 3792 2996 σπέρμα

2296 3053 2412 3089 σου.
2455 3055 2475 3089 ι
2517 3037 2629 3088 Καὶ
2673 3036 2730 3086 ὲν
2783 3030 3316 3104 Παραλειπομένοις·
3356 3045 3376 3078 ι
3415 3025 3520 3080 Καὶ
3555 3023 3678 3075 ἔσται
3706 3019 3794 3070 ὅταν

2296 3125 2651 3198 πληρωθῶσιν
2681 3125 2736 3176 αἱ
2763 3125 2963 3194 ἡμέραι
2995 3137 3109 3183 σου,
3135 3119 3229 3171 xal.
3259 3116 3564 3188 κοιμηθήση
3595 3107 3794 3182 partitio

621 3231 724 3283 bus
771 3229 903 3290 tuis,
938 3226 1217 3282 suscitabo
1253 3241 1439 3282 semen
1501 3233 1656 3278 tuum
1709 3203 1830 3294 post
1861 3234 1934 3286 te,
1983 3225 2185 3295 eritque

2297 3219 2550 3288 πατέρων
2581 3234 2696 3281 σου,
2733 3216 2826 3269 καὶ
2855 3215 3144 3284 ἀναστήσω
3175 3213 3236 3264 τὸ
3273 3211 3498 3280 σπέρμα
3519 3223 3599 3259 σου
3624 3201 3726 3274 μετὰ
3739 3199 3794 3260 σὲ,

629 3319 776 3374 filius
815 3319 881 3374 de
917 3327 1105 3372 ventre
1136 3327 1249 3380 tuo,
1299 3326 1354 3373 et
1419 3317 1690 3372 stabiliam
1745 3332 1972 3386 regnum
2028 3317 2186 3384 ejus:

623 3410 742 3479 ipse
787 3407 920 3460 mihi
962 3406 1250 3461 aedificabit
1287 3405 1531 3469 domum,
1576 3413 1629 3461 et
1677 3406 1880 3476 erigam
1933 3407 2192 3459 thronum

623 3501 744 3572 ejus
768 3516 942 3570 usque
980 3501 1036 3554 in
1070 3500 1482 3569 sempiternum.
1536 3498 1645 3570 Ego
1679 3515 1774 3554 ero
1825 3500 1902 3553 illi
1935 3498 2115 3562 Pater,
2141 3507 2194 3553 et

625 3593 742 3661 ipse
773 3590 908 3645 mihi
941 3589 1037 3644 filii
1067 3589 1238 3644 instar
1276 3590 1342 3644 ".
1379 3608 1396 3641 ι
1453 3587 1666 3642 Similia
1711 3589 1795 3644 his
1853 3591 1908 3642 in
1953 3587 2194 3643 secundo

569 3683 592 3708 λ
621 3697 842 3754 quoque
874 3679 1185 3751 Regnorum
1221 3680 1363 3734 libro
1385 3680 1702 3735 scribuntur
1731 3681 1796 3734 ⁷ο.
1841 3679 1944 3734 sed
1982 3694 2045 3734 ea
2073 3679 2195 3750 qui-

624 3771 750 3828 dem
785 3771 850 3826 ad
885 3770 1232 3827 Salomonem
1273 3771 1414 3824 trahi
1450 3779 1686 3840 queunt;
1717 3786 1904 3824 verum
1937 3771 2050 3824 lucc
2074 3785 2196 3840 qua:

626 3865 682 3920 in
713 3863 964 3918 manibus
989 3869 1138 3925 sunt,
1164 3862 1298 3916 nihil
1325 3877 1553 3932 prorsus
1584 3861 1652 3916 ad
1687 3863 2034 3918 Salomonem
2069 3863 2194 3916 atti-

627 3968 776 4013 nere.
806 3953 886 4007 sic
931 3952 1058 4007 licet
1102 3967 1453 4022 cognoscere.
1496 3951 1680 4008 Multis
1727 3961 1850 4023 post
1887 3953 2194 4008 Salomonis

626 4043 836 4098 obitum
865 4043 1025 4097 annis
1056 4044 1387 4113 prophetans
1419 4042 1608 4111 lsaias,
1649 4045 1760 4098 hate
1803 4045 1870 4099 de
1904 4045 2089 4099 futuro
2129 4061 2193 4099 ex

628 4135 846 4189 Davidis
887 4135 1091 4190 semine
1133 4135 1574 4190 vaticinabatur:
1610 4155 1628 4186 ‹
1687 4135 2009 4205 Egredietur
2046 4138 2194 4207 virga

626 4227 695 4283 de
723 4227 906 4281 radice
938 4225 1106 4282 Jessa:
1143 4227 1271 4298 (fuit
1296 4228 1384 4282 hic
1409 4228 1629 4284 Davidis
1645 4229 1888 4300 parens),
1919 4239 1972 4284 et
2001 4229 2100 4284 flos
2129 4232 2195 4286 de

625 4317 810 4372 radice
843 4318 964 4386 ejus
995 4319 1272 4374 ascendet.
1321 4317 1386 4371 Et
1433 4320 1538 4374 erit
1583 4322 1738 4374 radix
1789 4319 1978 4383 Jessaz,
2015 4329 2068 4374 et
2100 4322 2193 4390 qui

619 4409 908 4480 consurgit
943 4409 1010 4462 ad
1040 4411 1414 4479 imperandum
1442 4411 1696 4481 gentibus
1728 4429 1742 4466 :
1783 4411 1839 4464 in
1866 4411 1984 4481 ipso
2005 4419 2194 4481 gentes

622 4501 920 4572 sperabunt
965 4502 1030 4553 ⁷⁸.
1079 4520 1096 4550 ι
1140 4500 1214 4556 De
1243 4501 1516 4569 promisso
1559 4509 1738 4556 autem
1775 4501 1960 4556 Davidi
1994 4505 2193 4557 throno

2291 3311 2350 3374 ὃς
2380 3311 2531 3363 ἔσται
2559 3311 2622 3362 ἐκ
2649 3311 2746 3379 τῆς
2773 3307 2978 3371 κοιλίας
3011 3324 3125 3370 σου,
3165 3305 3259 3358 καὶ
3301 3303 3565 3372 ἑτοιμάσω
3591 3296 3670 3367 τὴν
3693 3293 3794 3362 βασι·

2293 3400 2441 3452 λείαν
2467 3397 2659 3452 αὐτοῦ·
2691 3398 2850 3460 αὐτὸς
2882 3396 3222 3466 οἰκοδομήσει
3261 3411 3354 3465 μοι
3395 3389 3564 3445 οἷκον·
3597 3387 3674 3440 καὶ
3687 3385 3794 3450 ἀνορ-

2295 3490 2452 3544 θώσω
2475 3491 2564 3544 τὸν
2593 3489 2779 3562 θρόνον
2813 3488 2975 3543 αὐτοῦ
3010 3489 3114 3551 ἕως
3155 3491 3236 3551 εἰς
3269 3486 3362 3540 τὸν
3389 3483 3582 3538 αἰῶνα·
3612 3475 3794 3546 ὲγὼὲσῡ-

2297 3600 2392 3653 μαι
2420 3581 2568 3652 αὐτῷ
2587 3584 2665 3645 είς
2692 3581 2931 3652 Πατέρα,
2957 3582 3050 3633 καὶ
3073 3579 3236 3642 αὐτὸς
3267 3578 3421 3630 ἔσται
3451 3592 3532 3645 μοι
3559 3574 3626 3632 είς
3654 3567 3752 3620 υἱόν.
3779 3584 3790 3612 ι

2295 3672 2376 3724 Τὰ
2407 3673 2565 3743 ὅμοια
2610 3672 2818 3735 τούτοις
2860 3672 2953 3724 καὶ
2987 3673 3044 3724 ὲν
3073 3673 3138 3740 τῇ
3172 3669 3402 3740 δευτέρᾳ
3445 3667 3544 3720 τῶν
3575 3655 3794 3716 Baetim?»

2296 3765 2554 3836 φέρεται·
2579 3763 2692 3816 ἀλλ’
2726 3765 2906 3816 ἐκεῖνα
2934 3763 3030 3832 μὲν
3067 3763 3170 3815 κᾶν
3201 3759 3485 3830 ἐλκυσθείη
3523 3757 3606 3808 ἐπὶ
3637 3755 3706 3806 τὸν
3731 3750 3794 3800 Σο-

2295 3855 2532 3927 λομῶνα,
2559 3856 2628 3909 τὰ
2654 3855 2697 3908 δ’
2721 3859 2777 3909 ὲν
2806 3857 2992 3927 χερσὶν
3033 3856 3114 3908 ὅτι
3147 3855 3416 3926 μηδεμίαν
3448 3851 3550 3922 ἔχει
3579 3845 3790 3911 κοινότητα

2297 3950 2430 4020 πρὸς
2453 3949 2760 4020 Σολομῶνα,
2790 3943 2880 4001 ὧδ’
2905 3949 2968 4003 ἄν
2995 3965 3080 4012 τις
3117 3947 3446 4017 καταμάθοι.
3477 3942 3616 3999 Μετὰ
3640 3937 3790 4008 thallo-

2295 4041 2532 4112 λομῶνος
2589 4041 2871 4112 τελευτὴν.
2905 4041 3119 4104 πολλοῖς
3150 4039 3276 4091 ὓστε
3288 4056 3378 4110 ρον
3427 4037 3618 4109 χρόνοις
3643 4043 3791 4099 προςη-

2295 4131 2464 4182 τεύων
2493 4131 2737 4194 Ἡσαΐας,
2761 4130 2937 4184 τοιάδε
2963 4131 3088 4200 περὶ
3117 4128 3209 4181 τοῦ
3231 4127 3584 4196 γενησομένου
3605 4125 3655 4174 ἐκ
3679 4118 3790 4186 σπέρ-

2299 4241 2466 4294 ματος
2499 4224 2662 4276 Δαῡῖδ
2695 4223 3088 4294 προκηρύττει·
3127 4241 3146 4273 ι
3194 4221 3552 4288 Ἑξελεύσεται
3579 4212 3788 4287 ρἀδοςέκ

2294 4317 2392 4386 τῆς
2437 4315 2590 4386 ῥίζης
2641 4317 2836 4368 Ἰεσσαί
2863 4333 2874 4344 ·
2908 4316 3111 4387 (πατὴρ
3149 4315 3206 4368 δὲ
3251 4311 3319 4386 ἦν
3361 4311 3510 4376 οὗτος
3547 4309 3626 4362 τώ
3661 4301 3788 4368 Muta)

2295 4413 2388 4464 καὶ
2411 4411 2568 4476 ἄνθος
2595 4415 2658 4465 ἐκ
2687 4412 2786 4481 τῆς
2823 4411 2978 4483 ῥίζης
2997 4411 3325 4483 ἀναϐήσεται
3346 4428 3360 4442 ο
3389 4412 3481 4464 καὶ
3505 4405 3680 4472 ἔσταιή
3705 4393 3790 4469 ῥέζει

2293 4501 2387 4555 τοῦ
2427 4503 2643 4566 Ἰεσσαὶ,
2679 4503 2772 4556 καὶ
2820 4505 2848 4556 ό
2893 4504 3250 4573 ἀνιστάμενος
3297 4503 3482 4574 ἄρχειν
3529 4495 3696 4552 ἐθνῶν·
3731 4487 3788 4540 ἐπ’

625 4595 732 4649 tale
778 4594 1060 4648 oraculum
1093 4604 1176 4647 est
1206 4613 1216 4646 :
1258 4613 1275 4642 ι
1319 4593 1588 4648 Parvulus
1619 4605 1781 4650 natus
1810 4605 1892 4650 cst
1922 4597 2100 4659 nobis,
2137 4607 2185 4650 et

2295 4592 2444 4663 αὐτῷ
2478 4593 2602 4664 ἔθνη
2654 4593 2916 4648 ὲλπιοῦσι.
2964 4613 2983 4644 ι
3023 4597 3131 4648 Καὶ
3157 4595 3284 4665 περὶ
3328 4591 3421 4646 τοῦ
3463 4583 3786 4658 ἐπηγγελμένα]

621 4685 766 4740 tilius
798 4683 956 4738 datus
995 4692 1078 4740 est
1107 4685 1286 4749 nobis,
1317 4685 1475 4754 cujus
1507 4686 1848 4756 principatus
1892 4703 2057 4756 super
2089 4687 2189 4740 hu-

622 4791 830 4832 merum
859 4775 980 4844 ejus
1005 4794 1018 4828 :
1051 4783 1387 4846 vocaturque
1415 4791 1614 4831 nomen
1648 4775 1769 4845 ejus
1807 4777 1988 4846 magni
2017 4777 2194 4831 consi-

622 4870 679 4922 lii
721 4867 980 4937 Angelus.
1019 4865 1244 4937 Magnus
1291 4877 1373 4922 est
1408 4868 1747 4937 principatus
1776 4867 1917 4938 ejus,
1949 4877 2002 4923 et
2041 4868 2192 4938 pacis

616 4960 741 5031 ejus
790 4973 899 5014 non
946 4965 1030 5014 est
1069 4959 1337 5015 terminus
1371 4978 1383 5012 :
1416 4975 1580 5028 super
1634 4945 1866 5014 solium.
1895 4962 2110 5016 Uavidis
2139 4972 2192 5016 et

622 5065 846 5122 regnum
883 5049 1024 5118 ejus,
1063 5059 1122 5104 ut
1161 5049 1214 5104 id
1268 5051 1566 5105 constituat
1599 5053 1668 5106 ⁷³.
1721 5071 1738 5103 ι
1781 5051 1838 5105 lu
1881 5055 2190 5123 suprascri-

618 5143 728 5215 ptis
762 5143 943 5212 itaque
971 5141 1175 5194 dicitur
1225 5142 1442 5212 quidem
1483 5160 1548 5197 ex
1603 5143 1787 5197 radice
1823 5142 1994 5198 Jessa:
2042 5152 2096 5197 et
2124 5160 2188 5198 ex

619 5233 822 5292 Davide
851 5245 1201 5290 surrecturus
1239 5235 1459 5305 aliquis,
1488 5249 1596 5288 non
1621 5241 1729 5287 tam
1751 5231 1818 5287 ad
1854 5234 2190 5306 regnandum

687 5390 735 5424 “
770 5392 791 5446 1
822 5391 950 5448 Cor.
985 5408 1074 5454 xv,
1113 5389 1298 5444 12-15.

617 5461 708 5518 12.
783 5462 828 5494 ⁷³
867 5462 970 5518 lsa.
1007 5477 1096 5524 ιι,
1133 5461 1184 5528 1,
1223 5461 1305 5516 l0.

1380 5391 1421 5420 ⁶⁷
1462 5387 1604 5443 Psal.
1641 5404 1826 5448 cxxXI.
1863 5389 1949 5442 Η.

1383 5461 1428 5490 ⁷³
1464 5457 1568 5514 lsa.
1603 5476 1652 5512 ix
1677 5501 1691 5526 ,
1729 5461 1781 5526 6,
1806 5459 1858 5512 '.7.

692 5613 804 5688 (50)
846 5615 1122 5672 Hactenus
1170 5615 1536 5688 fragmentum
1587 5616 1642 5670 iu
1680 5616 1811 5688 cod.
1842 5613 1924 5688 _A,
1963 5613 2000 5688 ι.
2033 5614 2100 5668 65
2133 5614 2189 5679 b,

619 5685 874 5742 Africano
919 5687 1240 5742 nominatim
1268 5685 1627 5755 inscriptum.
1669 5685 1768 5739 Cui
1811 5685 2190 5755 sisubnectas

621 5757 942 5827 particulam
975 5758 1121 5827 illam
1157 5772 1318 5826 quam
1353 5754 1690 5827 habesapud
1731 5771 1832 5810 nos
1857 5754 1925 5808 vin
1956 5755 2192 5823 epitome

611 5824 727 5880 .i‘ol.
761 5825 889 5893 900,
921 5827 1007 5880 ἵνα
1033 5824 1125 5882 οὖν
1156 5824 1328 5898 usque
1359 5827 1424 5882 ad
1458 5826 1756 5896 ἐκθήσομαι
1781 5843 1794 5892 ;
1824 5833 1876 5882 et
1893 5841 2018 5880 mox
2045 5827 2190 5877 ἐπει-

2293 4685 2350 4738 δὲ
2383 4686 2460 4757 τῷ
2490 4686 2654 4740 Δαυῖδ
2683 4685 2873 4758 θρόνου
2891 4680 2991 4742 ὦδε
3017 4687 3260 4751 θεσπίζει
3281 4705 3295 4717 ο
3329 4706 3349 4738 ι
3377 4685 3578 4739 Παιδίον
3597 4669 3786 4747 ἐγεννήθη

2295 4779 2445 4850 ἡμῖν,
2489 4778 2604 4840 υίὸς
2635 4780 2728 4832 καὶ
2765 4779 2920 4849 ἐδόθη
2943 4781 3094 4850 ἡμῖν,
3123 4773 3184 4831 οὗ
3216 4781 3248 4850 ἠ
3278 4779 3419 4849 ἁρχὴ
3463 4775 3548 4828 ἐπὶ
3571 4769 3650 4823 τοῦ
3683 4765 3787 4832 alii“

2297 4868 2459 4921 αὑτοῦ
2481 4887 2494 4901 ·
2523 4871 2614 4922 καὶ
2647 4871 2887 4924 καλεῖται
2911 4871 2971 4922 τὸ
3016 4871 3184 4942 ὄνομα
3215 4870 3377 4923 αὑτοῦ
3411 4866 3630 4939 μεγάλης
3651 4853 3786 4928 βουλῗς

2303 4959 2595 5028 ’Ἄγγελος-
2633 4960 2840 5028 μεγὰλη
2869 4962 2902 5030 ἡ
2933 4959 3075 5030 ἀρχὴ
3121 4959 3306 5024 αὑτοῦ,
3357 4957 3448 5011 καὶ
3501 4954 3590 5022 τῆς
3627 4947 3786 5017 εἰρήνης

2296 5052 2458 5104 αὑτοῦ
2489 5054 2588 5106 οὐκ
2621 5051 2766 5104 ἔστιν
2790 5054 2964 5124 ὅριον·
2991 5054 3082 5105 ἐπὶ
3123 5053 3214 5105 τὸν
3246 5052 3432 5123 θρόνον
3463 5045 3606 5101 Δαυῖδ
3628 5041 3698 5094 καὶ
3722 5033 3784 5102 τὴν

2299 5143 2572 5212 βασιλείαν
2617 5143 2805 5208 αὐτοῦ,
2857 5143 3198 5217 κατορθῶσαι
3243 5144 3428 5214 αὐτήν.
3459 5161 3477 5194 ›
3509 5137 3596 5190 Διὰ
3635 5132 3679 5184 δὲ
3714 5123 3784 5217 τῶν

2297 5211 2625 5290 ἐκτεθέντων
2657 5238 2868 5308 εἴρηται
2902 5211 3005 5308 μὲν
3029 5237 3108 5289 ὃτι
3146 5237 3209 5288 ὲκ
3231 5236 3329 5306 τῆς
3363 5211 3510 5306 ρίζης
3547 5221 3706 5281 Ἰεσσαὶ
3723 5211 3786 5270 καὶ

2030 5389 2074 5420 ⁵⁸
2097 5387 2241 5442 Psal.
2264 5391 2604 5452 Lxxxvtn.4,
2627 5391 2678 5444 5.
2757 5392 2799 5422 ⁶⁹
2841 5389 3112 5459 lParalip.
3151 5389 3401 5453 “11,13.
3473 5379 3780 5445 ’δυκερ-υ,

2299 5616 2363 5687 δὴ
2387 5619 2493 5686 γὰρ
2513 5617 2582 5670 τὰ
2603 5617 2860 5687 ὀνόματα,
2887 5625 3016 5680 etc.,
3045 5632 3166 5670 cum
3191 5615 3416 5686 reliqua,
3439 5619 3494 5667 ut
3514 5609 3662 5664 exstat
3679 5589 3778 5720 arti-1

2301 5689 2594 5720 unum...“
2656 5687 2772 5720 In...
2845 5705 2856 5720 .
2925 5687 2954 5720 '7
3021 5685 3308 5720 ηπ-σιηιιςηη.
3347 5693 3490 5720 τμη-ιιι
3537 5685 3677 5720 tntam
3717 5677 3778 5718 Ol"

2299 5677 2594 5742 Eusebium
2649 5677 2793 5740 Hist.
2845 5677 2880 5748 i,
2925 5687 2976 5750 7,
3005 5677 3326 5756 grandiore-
3347 5677 3510 5754 parte,
3537 5685 3677 5734 totam
3703 5677 3778 5720 Ior-

2300 5767 2448 5814 tassc
2475 5757 2718 5814 Africani
2749 5759 3034 5829 epistolam
3066 5757 3391 5811 tenebimus.
