3954 6492
212 391 317 445 969

1026 392 1528 451 SUPPLEMENTA
1567 392 2042 463 QUz’ESTlONUM
2075 393 2167 447 Al)
2206 393 2649 453 STEPHANUM.

3347 401 3452 461 970

214 507 309 560 τοῦ
343 507 510 562 Δαϐὶδ
557 508 919 581 ἀποαστήσεταί
966 527 1049 574 τις
1100 513 1161 565 οὐ
1202 512 1294 565 τοῦ
1341 512 1554 584 Ἰσραὴλ
1580 511 1774 585 ἄρχειν

1859 562 1862 571 ,
1890 510 1945 563 in
1971 507 2168 564 lsraele
2189 524 2352 580 quam
2387 508 2441 565 in
2472 511 2744 581 gentibus.
2793 510 3000 566 Dicitur
3048 519 3176 568 ttem
3208 515 3449 571 nasrita-

210 599 348 653 ἀλλά
375 599 485 657 τῶν
527 600 726 653 ἐθνῶν·
763 602 971 673 εἴρηται
1011 602 1066 654 δὲ
1112 604 1194 656 ὅτι
1224 604 1613 676 γεννηθήσεται
1658 622 1786 658 παι-

206 690 338 755 δίον,
373 693 470 745 καὶ
502 692 929 764 όνομασθήσεται
947 696 1094 760 Υἱὸς,
1124 695 1293 761 ξένοις
1322 698 1547 769 ὀνόμασι
1574 700 1667 751 καὶ
1686 700 1785 769 τὴν

206 783 512 854 ἀνθρώπων
545 786 705 855 φύσιν
734 786 1086 858 ὑπεραίρουσι
1120 790 1546 861 κεκοσμημένος,
1573 793 1653 845 ὅτι
1674 809 1734 845 τε
1756 795 1784 845 6

204 873 445 939 τοιοῦτος
471 876 561 929 τὸν
585 876 773 948 θρόνον
803 878 966 931 Δαϐἰδ
997 879 1348 951 ἀναλήψεται,
1378 884 1471 936 καὶ
1504 884 1600 955 τὴν
1632 885 1783 955 βασι·-

201 964 352 1019 λείαν
380 967 545 1020 αὐτοῦ
575 967 918 1039 κατορθῶσαι
943 970 1133 1042 αὑτήν.

272 1078 325 1133 ι’.
366 1079 553 1135 Ταῦτα
589 1082 645 1135 δὲ
669 1083 749 1136 δτι
777 1085 913 1155 μετὰ
953 1085 1237 1157 Σολομῶνα
1263 1088 1390 1159 περὶ
1427 1090 1611 1161 ἑτέρου
1637 1092 1779 1158 τινὸς

120 1154 125 1159 θ
203 1170 488 1242 μέλλοντος
518 1170 667 1243 ἥξειν
701 1154 1152 1246 προανεφωνείτο,
1179 1154 1347 1232 παντί
1368 1196 1445 1250 τῳ
1471 1154 1649 1250 δῆλον.
1668 1154 1779 1235 Kal.

199 1262 373 1326 ἄλλως
406 1263 465 1317 δὲ
487 1264 553 1317 τὰ
582 1265 715 1337 πρὶς
756 1265 844 1319 τὸν
874 1267 1037 1320 Δαϐὶὸ
1068 1268 1355 1325 ἐκτεθέντα
1404 1271 1555 1341 λόγια
1581 1275 1677 1327 οὐκ
1713 1275 1776 1328 ἂν

197 1355 569 1426 ὲφαρμόσαιεν
614 1357 907 1427 Σολομῶνι,
946 1358 1206 1429 ἀκριϐοῦς
1236 1361 1532 1426 ἐξετάσεως
1576 1364 1777 1434 τυγχά-

195 1458 389 1495 νοντα·
442 1444 626 1514 σαφῶς
658 1446 766 1517 γὰρ
812 1449 842 1499 6
896 1447 1143 1518 χρησμὸς
1168 1449 1332 1519 δηλοῖ,
1383 1452 1463 1504 ὃτι
1498 1453 1636 1521 μετὰ
1684 1453 1775 1506 τὸν

196 1532 427 1588 θάνατον
457 1536 550 1588 τοῦ
589 1537 750 1590 Δαϐὶδ
792 1539 1154 1610 ἀναστήσεται
1184 1543 1212 1595 ὁ
1250 1542 1650 1613 θεσπιζόμενος.
1680 1546 1775 1599 Σο-

194 1624 375 1695 λομὼν
402 1625 481 1689 δὲ,
520 1624 719 1691 ζῶντος
768 1628 847 1681 ἔτι
877 1629 970 1682 τοῦ
1000 1630 1183 1693 Δαϐὶδ,
1210 1631 1436 1702 νεύματι
1480 1634 1642 1686 αὐτοῦ
1680 1636 1774 1689 καὶ

193 1715 385 1789 γνώμῃ
416 1717 655 1788 διάδοχος
692 1720 792 1790 τῆς
824 1721 1129 1791 βασιλείας·
1166 1722 1381 1791 λέγεται
1411 1725 1538 1793 γοῦν
1566 1728 1655 1778 ἐπὶ
1680 1728 1773 1797 μό-

193 1827 304 1873 νοις
329 1809 474 1863 ἔτεσι
499 1812 903 1881 τεσσαράκοντα
926 1811 1238 1883 βασιλεῦσαι
1272 1815 1366 1869 ἐπὶ
1395 1815 1486 1870 τὸν
1530 1817 1765 1889 Ἰσραήλ·

193 1900 308 1964 πῶς
335 1898 431 1955 οὖν
463 1903 542 1966 εἰς
571 1902 732 1956 αὑτὸν
766 1904 1078 1976 ὲπιφέροιτο
1121 1905 1209 1970 τὸ,
1250 1925 1270 1958 ι
1320 1908 1648 1980 ’Λνορθῶσαι
1679 1910 1768 1963 τὸν

191 1991 379 2064 θρόνον
409 1994 573 2048 αὑτοῦ
603 1998 683 2058 εἰς
708 1995 798 2048 τὸν
827 1996 1027 2063 αἰῶνας
1061 2016 1079 2048 ι
1126 1998 1262 2050 Ἀλλ’
1291 2000 1337 2053 εἰ
1364 1998 1510 2068 λέγοι
1530 2018 1612 2065 τις
1644 2002 1769 2072 περὶ

186 2086 286 2155 τῆς
318 2087 377 2151 ἐξ
412 2087 576 2140 αὐτοῦ
608 2088 856 2159 διαδοχῆς
884 2092 1135 2163 εἰρῆσθαι
1165 2094 1322 2156 αὐτὰ,
1350 2094 1450 2148 οὐκ
1480 2095 1767 2166 ἁγνοητέον

185 2177 266 2231 ὃτι
301 2177 499 2247 μέχρις
534 2179 773 2249 Ἰεχονίου
816 2182 908 2235 καὶ
948 2184 1045 2254 τῆς
1073 2187 1150 2247 είς
1178 2184 1466 2238 Βαϐυλῶνα
1489 2186 1768 2256 αἰχμαλω-

187 2269 306 2332 σίας
334 2272 366 2340 ἡ
396 2270 503 2322 ἀπὸ
539 2272 703 2325 Δαϐὶδ
734 2274 827 2326 καὶ
875 2274 1185 2346 Σολομῶνος
1223 2276 1437 2350 διαδοχὴ
1471 2279 1568 2349 τῆς
1610 2280 1765 2348 βασι-

183 2359 333 2421 λείας
362 2360 642 2432 διήρκεσε,
688 2365 911 2435 μηδενὸς
964 2367 1102 2437 μετὰ
1137 2369 1226 2422 τὸν
1267 2369 1516 2439 Ἰεχονίαν
1552 2372 1643 2423 ἐπὶ
1673 2372 1764 2423 τὸν

183 2449 372 2522 θρόνον
402 2453 500 2523 τῆς
529 2453 804 2525 βασιλείας
833 2457 926 2510 τοῦ
966 2458 1128 2511 Δαόὶδ
1156 2462 1535 2525 καταστάντος.
1564 2465 1688 2526 Πῶς
1715 2464 1761 2517 δ’

178 2538 243 2593 ἂν
278 2541 355 2611 τῷ
403 2545 755 2617 φιλογυναίῳ,
798 2549 892 2601 καὶ
939 2544 999 2602 οὗ
1029 2550 1129 2603 οὐκ
1178 2546 1245 2622 ἦν
1276 2554 1309 2622 ἠ
1352 2554 1548 2624 καρδία
1580 2554 1762 2610 τελεία

182 2634 321 2702 μετὰ
360 2635 565 2707 Κυρίου
599 2636 734 2690 Θεοῦ
764 2638 950 2702 αὐτοῦ,
997 2641 1314 2715 ὲφαρμόσῃς
1352 2642 1418 2697 τὰ
1452 2645 1544 2698 του
1572 2647 1756 2718 ὅρκου,

179 2724 272 2775 καὶ
305 2722 368 2775 τό
391 2741 403 2753 ·
448 2744 466 2778 ι
518 2724 655 2794 Ἐγὼ
701 2726 891 2797 ἔσομαι
918 2729 1067 2800 αὐτῴ
1101 2734 1177 2795 εἰς
1206 2734 1436 2806 πατέρα,
1466 2737 1558 2789 καὶ
1600 2737 1760 2802 αὐτὸς

176 2811 331 2867 ἔσται
359 2831 448 2885 μοι
479 2817 558 2880 είς
590 2819 736 2882 υίόν;
767 2838 786 2871 ›
836 2819 994 2873 Ἀλλὰ
1016 2823 1123 2894 γὰρ
1160 2823 1417 2897 ἄντικρυς
1447 2827 1758 2898 Σολομῶνος

180 2902 279 2971 μὲν
310 2904 566 2977 ἀλλότρια
595 2907 765 2963 ταῦτα
784 2928 795 2939 ·
828 2912 1109 2981 ὰνάγοιντο
1135 2914 1178 2967 δ’
1202 2915 1267 2970 ἂν
1296 2917 1387 2970 ἐπὶ
1417 2919 1669 2990 Χριστὸν,
1697 2920 1755 2986 ὃς

174 2992 240 3044 ἐκ
279 2993 594 3064 σπέρματος
640 2998 805 3051 Δαϐὶδ
846 3001 1104 3065 ἀναστὰς,
1132 2998 1277 3057 οἷκον
1315 3005 1392 3076 τῷ
1414 3006 1531 3077 Θεῷ
1570 3009 1669 3063 οὐκ
1696 3008 1755 3076 ἐξ

174 3082 397 3154 ἀψύχων
419 3085 601 3150 λίθων,
631 3089 738 3143 οὐδ’
765 3091 822 3144 ὲν
838 3092 1008 3162 γωνίᾳ
1030 3095 1123 3147 κοιλ⁵
1142 3095 1294 3168 μέρει
1316 3098 1438 3167 γῆς,
1471 3098 1604 3152 ἀλλὰ
1632 3100 1770 3155 καθ’·

1888 615 1983 655 rus
2016 601 2296 669 parvulus,
2326 609 2382 657 et
2420 617 2617 658 nomen
2646 603 2765 658 Filii
2796 604 3101 667 habiturus,
3136 608 3450 677 peregrinos

1885 695 2074 749 titulos
2106 700 2160 748 et
2208 694 2498 748 humanam
2530 706 2781 750 naturam
2831 695 3154 754 excedentes
3195 710 3448 771 receptu-

1883 801 1981 839 rus
2012 803 2025 839 :
2062 783 2287 854 foreque
2316 791 2374 839 ut
2404 785 2493 839 hic
2527 787 2782 841 thronum
2819 786 3039 844 Davidis
3084 791 3348 858 obtineat,
3395 804 3451 850 et

1884 891 2112 946 regnum
2143 877 2286 946 ejus,
2314 883 2375 930 ut
2401 876 2454 930 id
2494 879 2813 933 constituat.

1951 1074 2040 1131 10.
2067 1074 2179 1145 Age
2211 1092 2339 1131 vero
2371 1077 2516 1147 quod
2556 1077 2670 1132 haec
2704 1086 2828 1149 post
2859 1078 3203 1138 Salomonem
3232 1083 3301 1139 de
3337 1083 3445 1141 alio

1879 1165 2112 1234 quodam
2142 1175 2371 1221 venturo
2405 1167 2661 1238 praedicta
2701 1170 2920 1237 fuerint,
2947 1189 3107 1229 nemo
3139 1190 3247 1230 non
3275 1176 3441 1235 videt.

1881 1254 1984 1310 Sed
2013 1257 2219 1327 alioqui
2247 1259 2410 1314 etiam
2454 1261 2600 1316 edita
2647 1260 2838 1318 Davidi
2890 1268 3111 1321 oracula
3163 1266 3443 1325 Salomoni

1877 1349 2021 1403 haud
2070 1351 2399 1407 videbuntur
2441 1369 2763 1426 congruere,
2794 1358 2838 1411 si
2894 1370 3152 1414 accurato
3191 1362 3443 1417 examine

1873 1443 2299 1510 perpendantur.
2346 1444 2590 1517 Namque
2642 1450 2924 1503 oraculum
2957 1451 3240 1508 manifeste
3288 1453 3437 1515 dicit.

1875 1538 1999 1598 post
2034 1530 2254 1589 Davidis
2283 1546 2512 1589 mortem
2558 1547 2934 1593 surrecturum
2968 1540 3120 1596 illum
3152 1542 3220 1598 de
3247 1560 3355 1613 quo
3384 1546 3440 1598 fit
3468 1544 3473 1549 ’

1874 1622 2213 1678 vaticinium.
2261 1625 2426 1697 Atqui
2457 1626 2714 1683 Salomon
2751 1630 2963 1687 vivente
3002 1633 3180 1688 adhuc
3214 1632 3435 1699 Davide,

1872 1727 2047 1782 eoque
2068 1716 2281 1771 volente
2305 1732 2367 1771 ac
2382 1716 2609 1785 jubente
2626 1720 2803 1778 factus
2825 1732 2908 1778 est
2932 1725 3083 1795 regni
3113 1742 3433 1785 successor:

1875 1820 1974 1858 nec
2006 1806 2111 1861 nisi
2135 1823 2308 1863 annos
2341 1810 2699 1881 quadraginta
2730 1828 2898 1883 super
2928 1814 3182 1872 lsraelem
3212 1834 3437 1890 regnas-

1802 1874 1840 1927 Β
1870 1910 1927 1948 s-
1952 1896 2174 1951 dicitur.
2216 1898 2502 1965 Quomodo
2536 1919 2665 1975 ergo
2695 1905 2761 1959 ad
2801 1905 2946 1960 hunc
2978 1907 3283 1963 referentur
3309 1927 3433 1965 ver-

1868 1983 1936 2037 ba
1966 2004 1978 2038 :
2019 2005 2036 2035 ι
2073 1986 2137 2039 Et
2162 1990 2366 2058 erigant
2403 1991 2657 2046 thronum
2684 1994 2804 2064 ejus
2837 1997 2890 2049 in
2929 1998 3316 2067 sempiternum
3347 2003 3371 2055 ?
3406 2021 3428 2055 ι

1866 2072 2021 2139 Quod
2048 2078 2093 2132 si
2116 2077 2240 2148 quis
2268 2080 2514 2150 objiciat,
2544 2083 2611 2139 de
2631 2086 2952 2155 posteritate
2978 2087 3099 2157 ejus
3140 2089 3253 2145 haec
3286 2090 3432 2148 dicta

1867 2163 2036 2220 fuisse
2064 2205 2079 2225 ,
2109 2175 2241 2223 tunc
2292 2185 2424 2227 sane
2468 2189 2576 2227 non
2607 2182 2689 2229 est
2740 2175 3120 2247 ignorandum,
3147 2195 3319 2251 usque
3362 2183 3429 2237 ad

1862 2255 2180 2314 Jechoniam
2219 2263 2436 2331 quidem
2491 2274 2545 2321 et
2605 2266 2986 2339 Babylonicam
3035 2272 3426 2341 captivitatem,

1863 2342 2083 2403 Davidis
2100 2366 2163 2404 ac
2187 2350 2493 2410 Salomonis
2518 2357 2749 2426 regalem
2770 2359 3171 2413 successionem
3196 2363 3430 2417 mansis-

1862 2452 1957 2506 se;
1982 2440 2253 2497 neminem
2286 2454 2465 2501 tamen
2498 2454 2620 2517 post
2648 2445 2966 2503 Jechoniam
2994 2451 3048 2504 in
3089 2452 3239 2519 regio
3267 2453 3427 2508 Davi-

1861 2545 1946 2603 dis
1973 2549 2172 2602 throno
2197 2538 2427 2595 sedisse.
2456 2538 2585 2607 Quo
2601 2549 2761 2611 pacto
2791 2540 2969 2612 igitur.
2991 2543 3289 2600 mulieroso
3324 2544 3425 2601 Sa-

1860 2641 2087 2703 lomoni,
2134 2636 2295 2707 cujus
2322 2650 2419 2690 cor
2443 2651 2552 2688 non
2580 2642 2697 2689 erat
2733 2635 3033 2704 perfectum
3068 2652 3197 2708 erga
3242 2637 3429 2693 Domi-

1859 2748 1989 2786 num
2038 2730 2205 2787 Deum
2254 2742 2436 2789 suum,
2459 2726 2820 2796 jurisjurandi
2846 2728 3008 2781 verba
3040 2730 3425 2784 accommoda—

1860 2823 1976 2889 bis;
2016 2836 2226 2876 necnon
2251 2819 2350 2873 illa
2389 2835 2402 2871 :
2441 2836 2459 2868 ι
2500 2816 2610 2889 Ego
2640 2832 2734 2871 ero
2764 2817 2842 2871 illi
2867 2818 2920 2871 in
2946 2826 3176 2888 patrem,
3208 2828 3263 2874 et
3308 2820 3424 2890 ipse

1853 2914 1984 2970 mihi
2043 2914 2147 2968 erit
2206 2912 2259 2965 in
2310 2911 2689 2965 tilium?»lmo
2727 2923 2855 2963 vero
2894 2908 3009 2963 haec
3052 2924 3084 2963 a
3132 2910 3422 2969 Salomone

1857 3002 2013 3073 longe
2044 3001 2307 3058 recedunt
2339 3021 2351 3056 :
2392 3000 2488 3054 sed
2537 2999 2757 3053 Christo
2789 2999 2979 3070 utique
3030 3001 3186 3056 valde
3225 3017 3426 3058 conve-

1853 3094 2031 3156 niunt,
2066 3094 2157 3163 qui
2183 3091 2405 3148 Davidis
2438 3091 2645 3147 semine
2673 3100 2848 3155 ortus,
2885 3107 2992 3146 non
3020 3095 3278 3162 templum
3316 3095 3423 3150 Deo

172 3175 299 3245 ὅλης
328 3178 426 3247 τῆς
446 3180 771 3252 οἰκουμένης
805 3184 897 3236 καὶ
921 3184 979 3238 ὲν
1010 3187 1139 3239 πᾶσι
1162 3191 1272 3252 τοῖς
1304 3188 1508 3243 ἔθνεσιν
1531 3193 1593 3253 ἐκ
1613 3192 1749 3257 ζών-

1859 3202 1919 3240 ex
1959 3185 2272 3240 inanimatis
2314 3183 2609 3252 lapidibus,
2645 3189 2696 3236 et
2746 3182 2801 3236 in
2846 3194 2997 3253 parte
3024 3185 3205 3254 aliqua
3255 3192 3421 3255 atque

169 3285 279 3321 των
314 3272 408 3323 καὶ
430 3273 630 3342 νοερῶν
660 3274 820 3328 λίθων
853 3281 1214 3349 συνεστήσατο
1235 3281 1331 3351 τὴν
1353 3281 1629 3354 θεοπρεπῆ
1653 3287 1749 3339 αὑ-

169 3360 264 3412 τοῦ
308 3360 633 3434 Ἐκκλησίαν
660 3379 674 3393 ·
704 3358 748 3431 ᾦ
800 3367 891 3421 καὶ
925 3368 1070 3439 μόνῳ
1102 3371 1181 3433 τὸ,
1217 3389 1234 3420 ι
1265 3371 1432 3435 Αὐτὸς
1475 3372 1625 3427 ἔσται
1659 3392 1747 3445 μοι

169 3454 247 3517 εἰς
268 3454 381 3506 υἱὸν
409 3476 423 3501 ι
446 3456 726 3525 ἁναφωνού
736 3476 895 3529 μενον
920 3462 1146 3532 ἁρμόσει
1163 3482 1174 3493 ·
1198 3463 1319 3516 ἐπεὶ
1346 3466 1437 3519 καὶ
1460 3468 1516 3519 ὲν
1535 3466 1748 3537 ἑτέραις

171 3546 417 3615 Γραφαίς
433 3548 559 3611 Υἱὸς
575 3550 965 3623 ἀναγορεύεται
986 3554 1076 3607 τοῦ
1094 3554 1226 3609 Θεοῦ
1244 3573 1257 3585 ·
1280 3558 1338 3609 ὲν
1356 3559 1419 3628 τῇ
1444 3558 1743 3630 φασκούσῃ,

174 3655 193 3686 ι
245 3638 339 3690 Ἐκ
372 3641 607 3711 γαστρὸς
637 3642 742 3714 πρὸ
771 3644 1047 3715 ἑωσφόρον
1078 3647 1345 3718 ἐγέννησα
1378 3665 1466 3700 σε·
1509 3667 1528 3700 ι
1564 3649 1656 3701 καὶ
1690 3653 1745 3702 ἐν

166 3731 232 3798 τῇ
259 3729 513 3802 λεγούσῃ,
539 3753 555 3783 ι
584 3733 783 3805 Κύριος
807 3732 926 3788 εἷπε
957 3737 1091 3806 πρός
1113 3754 1201 3807 με,
1237 3739 1364 3802 Υἱός
1393 3757 1491 3810 μου
1526 3735 1575 3792 εἴ
1601 3739 1692 3792 σύ·
1721 3758 1739 3791 ι

168 3821 332 3874 πάλιν
368 3824 425 3876 ὲν
528 3825 796 3891 λέλεκται,
832 3848 851 3881 ι
884 3829 1083 3902 Κύριος
1112 3831 1289 3885 έκτισέ
1313 3851 1381 3900 με
1407 3834 1580 3906 ἀρχὴν
1612 3834 1744 3889 ὁδῶν

165 3911 331 3965 αὐτοῦ
366 3916 447 3977 είς
477 3914 613 3985 ἔργα
645 3918 831 3982 αὐτοῦ,
868 3919 971 3989 πρὸ
1000 3919 1054 3972 δὲ
1091 3920 1305 3973 πάντων
1350 3920 1551 3991 βουνῶν
1584 3926 1747 3995 γεννᾷ

170 4021 260 4073 με.
305 4024 323 4055 ι
368 4005 591 4070 Τούτοις
645 4008 775 4077 γοῦν
812 4010 1024 4081 συνᾴδει
1076 4012 1233 4082 καὶὴ
1276 4012 1334 4077 ἐξ
1377 4014 1616 4084 οὐρανῶν
1656 4017 1741 4067 ἐπ’

165 4095 330 4149 αὐτὸν
355 4096 634 4167 ἐνεχθεῖσα
668 4102 839 4173 φωνὴ,
877 4120 896 4152 ι
934 4104 1005 4156 Σὺ
1040 4099 1092 4155 εἷ
1121 4106 1149 4156 6
1183 4103 1306 4167 Υἱός
1341 4121 1441 4173 μου
1470 4105 1498 4156 6
1529 4105 1745 4176 ἀγαπη-

161 4189 275 4253 τὸς,
315 4208 334 4241 ι
367 4192 611 4260 φήσασα·
655 4193 845 4247 καὶτὰ
898 4197 955 4247 ἐν
999 4195 1378 4267 ἑϐδομηκοστῷ
1432 4196 1487 4248 δὲ
1541 4197 1742 4268 πρώτῳ

161 4279 365 4351 ψαλμῷ
408 4284 793 4355 περιεχόμενα,
815 4286 876 4338 τὸ
907 4305 924 4336 ι
962 4288 1388 4357 Συμπαραμενεῐ
1413 4286 1490 4357 τῷ
1521 4288 1678 4358 ἡλίῳ,
1716 4307 1734 4339 ›

164 4374 259 4425 καὶ
284 4373 367 4439 τὸ,
407 4392 425 4424 ι
453 4374 635 4428 Πάντα
667 4376 735 4428 τὰ
766 4376 891 4448 ἔθνη
934 4377 1295 4450 μακαριούσιν
1328 4380 1509 4442 αὑτὸν,
1546 4399 1565 4432 ι
1593 4381 1740 4434 ἄντι-

162 4481 302 4535 κρυς
351 4468 466 4528 τοῖς
516 4467 644 4537 περὶ
683 4466 779 4519 τοῦ
814 4468 1066 4541 Σωτῆρος
1105 4468 1261 4539 ἡμῶν
1308 4469 1741 4541 θεολογουμένοις

1853 3277 2051 3345 angulo
2074 3283 2249 3341 terrae,
2299 3280 2390 3327 sed
2446 3273 2498 3325 in
2546 3270 2802 3325 universo
2851 3273 2983 3326 orbe
3016 3281 3070 3326 et
3109 3274 3162 3326 in
3206 3274 3419 3328 cunctis

1849 3366 2101 3435 gentibus
2134 3381 2200 3419 ex
2235 3363 2372 3418 vivis
2404 3362 2674 3432 lapidibus
2703 3369 2756 3416 et
2779 3361 3239 3419 intellectualibus
3262 3380 3419 3418 suam

1852 3455 1963 3510 Deo
1995 3455 2210 3525 dignam
2242 3454 2541 3508 Ecclesiam
2576 3452 2859 3506 aediﬁcavit
2894 3472 2906 3506 :
2941 3454 3027 3507 cui
3062 3453 3163 3508 soli
3196 3453 3417 3509 etl‘atutn

1848 3547 1980 3601 illud
2009 3552 2271 3616 congruet
2304 3564 2317 3599 :
2356 3563 2374 3596 ι
2419 3543 2537 3615 ipse
2568 3543 2700 3598 mihi
2734 3544 2838 3597 erit
2869 3544 2923 3597 in
2954 3544 3157 3611 filium,
3191 3564 3211 3596 ι
3252 3561 3418 3615 quam

1848 3637 2138 3707 doquidetn
2173 3646 2227 3691 et
2259 3637 2312 3690 in
2336 3636 2457 3691 aliis
2480 3634 2777 3706 Scriptura:
2796 3635 2929 3689 locis
2959 3634 3129 3690 Filius
3157 3635 3247 3691 Dei
3276 3634 3453 3707 puteo.

1848 3729 2096 3795 dicatur;
2135 3728 2224 3782 ubi
2251 3744 2444 3798 nempe
2477 3727 2679 3781 dicitur
2708 3744 2726 3781 :
2764 3746 2782 3779 ι
2821 3727 2895 3782 Ex
2939 3736 3095 3783 utero
3117 3736 3243 3783 ante
3272 3729 3413 3782 luci-

1850 3821 2020 3875 ferum
2059 3820 2220 3889 genui
2252 3830 2303 3875 te
2329 3821 2437 3886 7";
2479 3839 2497 3871 ι
2533 3835 2747 3873 necnon
2785 3819 2875 3873 ubi
2901 3820 3141 3874 dicitur:
3176 3838 3195 3872 ι
3230 3818 3416 3874 Domi-

1846 3928 1953 3966 nus
1979 3911 2113 3965 dixit
2144 3911 2207 3964 ad
2236 3927 2319 3965 me
2351 3930 2364 3967 τ
2440 3909 2613 3967 Filius
2633 3927 2858 3967 meuses
2889 3918 2944 3966 tu
2969 3912 3053 3979 7';
3078 3931 3097 3963 ι
3130 3912 3310 3967 denuo
3326 3914 3415 3965 ubi

1847 4005 2144 4059 scribitur:
2182 4022 2200 4054 ι
2235 4004 2497 4059 Dominus
2544 4004 2749 4059 creavit
2796 4019 2906 4063 me.
2939 4003 3154 4057 initium
3199 4004 3414 4061 viarum

1847 4112 2070 4151 Suarum
2117 4096 2184 4149 ad
2224 4110 2390 4166 Opera
2440 4096 2594 4164 ejus;
2629 4105 2755 4150 ante
2786 4110 2977 4151 omnes
3028 4096 3197 4155 colles
3231 4098 3417 4167 genuit

1846 4204 1933 4242 me
1958 4188 2025 4243 ’³.
2067 4207 2084 4239 ι
2124 4185 2218 4241 llis
2242 4202 2371 4257 ergo
2398 4196 2663 4240 consonat
2696 4202 2798 4240 vox
2819 4202 3036 4258 quoque
3067 4187 3155 4240 illa
3188 4187 3255 4241 de
3275 4189 3415 4242 caelo

1844 4279 2059 4333 delata:
2088 4296 2109 4329 ι
2146 4276 2228 4335 Tu
2279 4293 2338 4332 es
2371 4277 2540 4331 Filius
2590 4293 2742 4332 meus
2785 4277 3016 4332 dilectus
3051 4278 3116 4332 ⁷⁸.
3153 4296 3172 4328 ι
3222 4277 3285 4330 Et
3323 4280 3413 4332 illa

1845 4386 1964 4440 quae
2017 4368 2418 4439 septuagesimo
2476 4368 2654 4437 primo
2730 4369 2940 4438 psalmo
2993 4367 3343 4423 continentur
3395 4390 3408 4425 :

1851 4480 1869 4512 ι
1911 4460 2255 4515 Permanebit
2282 4475 2404 4513 cum
2432 4461 2575 4525 sole;
2615 4478 2634 4510 ›
2671 4459 2907 4527 itemque
2939 4477 2951 4512 :
2992 4477 3009 4509 ι
3047 4456 3250 4513 Omnes
3282 4475 3414 4529 gen-

164 4556 444 4627 συντρέχοι
466 4556 551 4612 ἄν,
585 4558 703 4611 Ὅτι
728 4558 786 4612 δὲ
826 4558 977 4611 ταῦθ’
1000 4554 1170 4623 οὕτως
1191 4560 1323 4631 ἔχει,
1346 4562 1742 4631 ἀναμφίλεκτος

1859 4568 1927 4607 .es
1948 4552 2163 4606 beatum
2192 4551 2342 4604 illum
2371 4550 2554 4605 dicent
2584 4549 2631 4580 ⁷⁸
2666 4569 2678 4604 ;
2710 4569 2727 4600 ι
2756 4550 2891 4612 haec,
2925 4549 3167 4619 inquam,
3192 4564 3317 4604 cum
3345 4551 3413 4614 iis

161 4647 326 4717 ήάπὸ
344 4648 440 4700 τοῦ
482 4648 702 4701 Ἡσαΐου
744 4650 1023 4712 σύστασις,
1058 4650 1115 4713 ὃς
1140 4652 1275 4721 μετὰ
1304 4652 1393 4704 τὸν
1429 4652 1740 4723 Σολομῶνος

160 4738 392 4793 θάνατον
410 4740 503 4792 καὶ
531 4741 664 4809 μετὰ
695 4741 951 4804 πλείστας
976 4741 1141 4804 ἄλλας
1154 4742 1245 4794 τοῦ
1262 4743 1451 4810 γένους
1469 4743 1737 4813 διαδοχὰς,

159 4831 222 4882 ὲκ
251 4830 413 4902 ῥίζης
448 4830 642 4883 Ἰεσσαὶ⁸
673 4833 765 4885 καὶ
791 4832 954 4885 Δαϐὶδ
985 4832 1357 4897 ἐξελεύσεσθαι
1384 4852 1504 4889 τινα
1536 4852 1740 4907 προφη-

159 4922 327 4987 τεύει,
363 4923 460 4974 καὶ
504 4922 693 4977 τοῦτον
738 4923 955 4977 ἔσεσθαι
989 4924 1216 4995 Σωτῆρα
1267 4924 1456 4989 ἐθνῶν,
1515 4926 1739 4997 γυμνῶς

158 5010 301 5064 οὕτω
326 5012 587 5081 φάσκων·
627 5033 646 5064 ι
693 5016 802 5067 Καὶ
839 5014 991 5067 ἔσται
1022 5017 1055 5086 ἡ
1088 5014 1213 5085 ῥίζα
1250 5015 1347 5069 τοῦ
1387 5017 1605 5081 Ἰεσσαὶ,
1642 5017 1739 5070 καὶ

157 5105 187 5156 6
212 5104 574 5176 ἀνιστάμενος
605 5105 792 5177 ἄρχειν
821 5105 987 5161 ὲθνῶν
1007 5124 1019 5136 ·
1057 5109 1141 5160 ἐπ’
1173 5106 1321 5178 αὐτῷ
1359 5106 1486 5179 ἔθνη
1528 5107 1740 5162 ἐλπιοῦ-

162 5212 265 5250 σιν.
299 5217 319 5249 ι

230 5500 318 5547 ια’.
376 5496 535 5549 Ἀλλὰ
579 5484 701 5569 γὰρ⁵
734 5498 999 5552 τοσούτων
1051 5498 1412 5569 ἐκδεδομένων
1469 5495 1733 5569 χρησμῶν

161 5584 307 5658 μάγῳ
339 5587 418 5658 τῷ
460 5587 622 5642 Δαδὶδ
654 5588 749 5643 καὶ
796 5589 912 5660 μεθ’
944 5592 1107 5660 ὅρκου
1151 5589 1577 5651 διαϐεϐαιὼσειρς
1608 5586 1736 5657 περὶ

228 5743 299 5775 ’⁸⁸
341 5742 487 5797 Psal.
538 5760 626 5799 cu
652 5783 667 5809 ,
718 5745 772 5799 '5.
848 5744 894 5774 ’³
931 5744 1076 5799 Psal.
1112 5761 1185 5813 ιι,
1218 5746 1273 5802 7.
1348 5746 1393 5779 τ’·
1433 5743 1594 5800 Prov.
1636 5756 1751 5807 \‘ltl,

1859 5772 1879 5794 η.
1953 5738 1999 5773 ⁷⁸
2041 5736 2230 5793 Matth.
2281 5752 2378 5802 ut,
2425 5735 2513 5791 l7.
2557 5736 2636 5809 _"
2672 5733 2819 5793 Psal.
2856 5751 3016 5805 Lm,
3060 5736 3115 5791 5.

322 5814 409 5867 ω.
476 5904 748 5964 Parnm"
787 5903 906 5964 Gn.
930 5901 1147 5981 XXII.

159 5828 251 5880 xl,

1847 4661 2076 4716 prorsus
2105 4660 2226 4714 qua:
2258 4642 2325 4697 de
2376 4642 2667 4696 Servatore
2719 4652 2908 4697 nostro
2962 4642 3225 4698 divinitus
3265 4642 3413 4697 dicta

1841 4746 1992 4801 sunt,
2023 4744 2373 4792 concurrent.
2407 4734 2561 4802 Quod
2613 4743 2792 4790 autem
2834 4736 2910 4789 ita
2962 4751 3049 4791 res
3090 4751 3150 4791 se
3189 4736 3409 4800 habeat,

1841 4828 2209 4882 indubitanter
2239 4825 2405 4882 isaias
2440 4827 2746 4890 confirmat,
2781 4826 2910 4881 dum
2944 4833 3077 4897 post
3106 4826 3412 4883 Salomonis

1838 4920 2048 4973 obitum
2075 4919 2451 4988 plurimasque
2483 4918 2617 4973 alias
2648 4921 3059 4988 generationum
3106 4920 3413 4977 successio-

1838 5027 1958 5073 nes,
1991 5027 2059 5065 ex
2088 5012 2269 5066 radice
2298 5009 2468 5066 Jessze
2506 5026 2571 5064 ac
2597 5009 2811 5067 Davidis
2848 5027 3196 5083 egressurum
3220 5026 3410 5082 quem-

1838 5103 1963 5161 dam
1992 5102 2342 5169 vaticinatur,
2370 5117 2605 5173 eumque
2631 5100 2973 5157 Servatorem
3006 5102 3245 5173 gentium
3274 5100 3413 5153 fretu-

1839 5211 1958 5249 rum
1986 5204 2095 5248 tam
2131 5194 2417 5264 perspicue
2448 5194 2763 5263 pronuntiat
2792 5214 2804 5248 :
2836 5211 2853 5244 ι
2886 5192 2950 5246 Et
2988 5194 3091 5249 erit
3115 5193 3270 5246 radix
3288 5190 3410 5245 Jes-

1840 5302 1933 5349 ste,
1966 5294 2023 5339 et
2044 5286 2135 5355 qui
2167 5294 2459 5355 consurget
2505 5286 2572 5341 ad
2620 5270 2992 5355 imperandum
3025 5284 3322 5356 gentibus;
3359 5294 3409 5336 et

1842 5380 1895 5434 in
1927 5379 2104 5449 ipsum
2135 5385 2320 5447 gentes
2352 5378 2649 5448 sperabunt
2680 5378 2750 5433 ⁷⁷.
2780 5396 2799 5430 ι

1912 5492 1999 5546 Η.
2031 5490 2168 5545 Cum
2201 5490 2328 5543 talia
2366 5488 2531 5559 igitur
2576 5488 2722 5544 edita
2758 5488 2990 5563 fuissent
3043 5490 3267 5545 oracula
3318 5490 3408 5547 uni

1843 5581 2055 5647 Davidi,
2084 5592 2137 5635 et
2172 5580 2392 5649 quidem
2435 5595 2560 5634 cum
2607 5580 2786 5650 iurata
2817 5580 3198 5648 aﬂirtnntione,
3231 5581 3401 5635 oritu~

3217 5734 3262 5768 ⁷⁷
3304 5734 3408 5788 lsa.

3085 5897 3162 5958 31
