3954 6534
523 377 626 442 9⁵11

1225 379 1491 438 EUSEBII
1528 381 2004 438 CESARIENSIS
2041 383 2190 440 OPP.
2232 381 2410 438 PARS
2449 381 2534 437 Ill.
2573 414 2645 426 —-
2670 381 3082 439 EXEGETICA.
3647 393 3736 448 97!

523 519 646 558 rum
676 519 742 558 ex
765 503 886 574 ejus
936 501 1142 559 semine
1177 503 1598 572 pratnuntiatum
1649 503 1832 570 illum;
1859 519 2085 574 cumque

2192 503 2289 575 τῆς
2321 505 2384 556 ἐκ
2415 505 2723 574 σπέρματος
2754 503 2916 556 αὑτοῦ
2944 505 3212 572 γενέσεως
3236 503 3330 557 τοῦ
3364 514 3737 582 προφητευομὲ-

523 597 816 652 universus
855 593 1021 650 Israel
1053 593 1124 648 ob
1161 593 1259 648 luas
1291 594 1674 664 przedictiones
1721 595 1966 664 quotidie
1995 611 2090 648 ex-

524 693 799 755 spectaret
829 685 1166 738 nasciturum
1197 699 1260 738 ex
1299 682 1502 737 Davide
1529 683 1772 738 omnium
1807 683 2090 738 hominum

525 777 870 832 Servatorem
910 790 976 828 ac
1003 773 1446 844 Redemptorem,
1481 783 1628 829 recte
1657 772 1942 828 Mattbaeus
1963 789 2089 845 spe—

524 877 765 922 ratarum
814 882 998 922 rerum
1051 867 1344 921 adventum
1379 865 1663 932 nuntians,
1690 882 1755 921 ex
1808 867 1924 936 ipsa
1971 883 2091 936 qua:

523 960 579 1014 in
610 974 705 1027 spe
734 967 853 1013 erat
889 959 1314 1030 exspectatione,
1353 959 1639 1014 exordium
1675 959 1800 1013 libri
1841 960 2092 1029 auspica-

524 1058 632 1114 tur,
663 1048 831 1103 lilium
865 1047 1083 1104 Davidis
1124 1051 1404 1118 appellans
1440 1067 1563 1106 eum
1598 1050 1692 1121 qui
1721 1065 1897 1122 nuper
1925 1066 2093 1120 appa-

523 1151 727 1195 ruerat.
759 1142 804 1192 Α
829 1137 1034 1196 Davide
1067 1147 1248 1195 autem
1302 1141 1387 1194 ad.
1413 1141 1781 1194 Abrahamum
1822 1139 2088 1206 ascendit,

521 1231 648 1300 quia
691 1229 870 1299 primo
919 1229 1049 1284 item
1097 1229 1408 1284 Abrahamo
1437 1229 1503 1284 de
1540 1231 1778 1300 gentium
1807 1231 2090 1284 vocatione

521 1319 672 1373 varia
716 1319 938 1374 oracula
970 1318 1182 1374 reddita
1233 1317 1467 1375 fuerant.
1513 1320 1654 1373 Ante
1693 1320 1836 1374 enim
1888 1317 2090 1390 Moysis

521 1411 934 1481 legislationem,
993 1419 1046 1464 et
1079 1420 1203 1467 ante
1241 1420 1456 1482 gentem
1503 1411 1804 1478 Iudaicam,
1836 1413 1999 1466 immo
2036 1421 2089 1468 et

522 1511 646 1558 ante
697 1503 1199 1567 circumcisionem,
1233 1503 1536 1574 alienigena
1581 1519 1705 1557 cum
1741 1512 1885 1558 esset
1919 1504 2090 1557 Abra-

519 1592 717 1648 bamus
764 1603 820 1649 et
870 1593 1252 1648 Chaldaeorum
1312 1593 1534 1663 regione
1591 1595 1877 1658 oriundus,
1917 1595 2089 1664 patria

520 1682 770 1738 instituta
825 1683 1085 1750 deseruit,
1123 1683 1341 1754 Deoque
1393 1699 1650 1752 supremo
1702 1687 1907 1755 agnito,
1945 1687 2089 1740 testi-

517 1775 761 1830 monium
820 1778 1026 1838 retulit,
1053 1777 1199 1848 quod
1249 1775 1359 1831 Deo
1398 1777 1743 1843 credidisset,
1773 1785 1827 1832 et
1860 1785 2090 1849 reputa—

2195 613 2306 658 vou,
2335 597 2535 659 παντός
2557 613 2615 648 τε
2636 594 2709 658 ὡς
2733 595 2880 658 six};
2911 595 3005 648 τοῦ
3044 597 3256 669 Ἰσραὴλ
3275 597 3360 650 διὰ
3391 597 3484 661 τὰς
3507 601 3736 667 τοσαύτας

2196 689 2524 758 προρρήσεις
2540 686 2807 757 ὁσημέραι
2843 687 3246 758 προσδοκῶντος
3267 688 3358 740 τὸν
3377 690 3440 742 ἐκ
3467 692 3620 745 Δαϐιδ
3635 710 3734 762 γεν-

2196 776 2558 848 νηθησόμενον
2608 775 2836 845 Σωτῆρα
2877 775 2968 828 καὶ
2995 775 3284 847 Λυτρωτὴν
3323 776 3537 828 πάντων
3561 779 3738 849 ἀνθρὼ-

2198 883 2334 928 πων,
2377 866 2600 929 εἰκότως
2625 865 2731 918 τῶν
2765 866 3224 937 προσδοκωμένων
3267 867 3364 940 τὴν
3397 867 3574 937 ἄφιξιν
3604 873 3736 940 εὐαγ-

2197 959 2536 1030 γελιζόμενος
2565 961 2592 1011 ὁ
2633 957 2928 1022 Ματθαὶος,
2977 959 3033 1024 ἐξ
3076 959 3246 1036 αὐτῆς
3277 961 3376 1030 τῆς
3419 961 3736 1034 ἐλπιζομένης

2197 1051 2521 1123 προσδοκίας
2549 1051 2646 1120 τὴν
2679 1051 2955 1122 καταρχὴν
2989 1050 3080 1104 τοῦ
3113 1051 3270 1120 λόγου
3317 1053 3620 1123 πεποίηται,
3647 1057 3737 1108 υἱὸν

2195 1143 2358 1196 Δαϐὶδ
2400 1144 2576 1212 φήσας
2621 1142 2711 1194 τὸν
2751 1141 3160 1212 ἐπιλάμψαντα·
3200 1143 3339 1212 μετὰ
3385 1143 3442 1196 δέ
3485 1144 3574 1196 τὸν
3609 1147 3738 1198 Δαεὶδ

2195 1235 2286 1286 ἐπὶ
2317 1233 2406 1286 τὸν
2441 1233 2688 1302 Ἀϐραὰμ
2710 1232 3014 1302 ἀνατρέχει,
3052 1233 3239 1304 ἐπειδὴ
3272 1232 3474 1304 πρώτῳ
3506 1236 3654 1288 πάλιν
3679 1237 3737 1305 τῷ

2208 1323 2451 1395 Ἀϐραὰμ
2485 1325 2611 1394 περὶ
2643 1324 2742 1394 τῆς
2777 1323 3020 1393 κλήσεως
3051 1323 3157 1375 τῶν
3189 1323 3358 1377 ἐθνῶν
3389 1324 3626 1396 διάφοροι
3658 1325 3740 1379 €64-

2195 1415 2342 1468 δοντο
2385 1415 2642 1487 χρησμοί.
2686 1415 2799 1488 Πρὸ
2835 1415 2938 1486 γὰρ
2965 1414 3065 1485 τῆς
3106 1414 3384 1478 Μωῦσέως
3433 1415 3737 1486 νομοθεσίας.

2195 1507 2287 1559 καὶ
2320 1507 2423 1579 πρὸ
2446 1507 2539 1559 τοῦ
2582 1508 2848 1560 Ἰουδαίων
2887 1507 3094 1570 ἔθνους,
3123 1507 3184 1558 οὐ
3229 1505 3336 1576 μὴν
3371 1505 3510 1558 ἀλλὰ
3543 1508 3629 1559 καὶ
3655 1507 3740 1579 πρὸ

2193 1595 2294 1666 τῆς
2349 1595 2671 1668 περιτομῆς.
2727 1594 3015 1667 ἀλλοεθνὴς
3055 1593 3128 1647 ὣν
3169 1594 3196 1645 ὁ
3241 1593 3491 1664 Ἀϐραὰμ
3535 1595 3621 1646 καὶ
3662 1595 3740 1665 τῆς

2193 1687 2470 1741 Χαλδαίων
2497 1688 2600 1758 γῆς
2631 1687 2967 1758 ὁρμώμενος,
3003 1686 3284 1740 ἀπολείπει
3316 1687 3414 1758 μὲν
3448 1687 3519 1739 τὰ
3550 1687 3737 1758 πάτρια,

2193 1779 2325 1832 Θεὸν
2357 1780 2413 1833 δέ
2447 1780 2606 1847 γνοὺς
2638 1779 2728 1832 τὸν
2769 1780 2859 1831 ἐπὶ
2889 1779 3083 1840 πάντα,
3123 1777 3539 1850 μεμαρτύρηται
3569 1779 3634 1840 ὡς
3655 1777 3741 1848 ἄρα

517 1874 634 1922 tum
678 1867 782 1938 ipsi
816 1881 962 1924 esset
1011 1869 1078 1923 ad
1105 1869 1377 1938 justitiam
1411 1872 1456 1903 ⁷⁸
1492 1889 1504 1924 :
1537 1871 1829 1940 iustusque
1876 1879 1930 1926 et
1981 1870 2085 1926 Deo

2192 1873 2478 1925 ἐπίστευσε
2501 1869 2576 1940 τῷ
2597 1871 2734 1940 Θεῷ,
2757 1872 2849 1924 καὶ
2872 1869 3120 1938 ἐλογίσθη
3143 1868 3288 1939 αὐτῷ
3309 1871 3388 1932 είς
3408 1869 3738 1938 δικαιοσύνην·

517 1978 678 2019 carus
729 1965 921 2026 evasit,
963 1965 1105 2020 haud
1164 1966 1234 2021 ob
1288 1967 1534 2036 corporis
1588 1965 2083 2026 circumcisionem,

519 2056 602 2111 vel
635 2057 1038 2112 observantiam
1080 2057 1329 2121 Sabbati,
1359 2058 1647 2121 festorum,
1684 2068 1846 2128 atque
1891 2057 2090 2112 Kalen-

517 2143 731 2210 darum,
760 2162 936 2218 neque
987 2148 1058 2202 ob
1107 2149 1268 2202 aliam
1318 2148 1567 2221 quamvis
1603 2163 1632 2201 a
1665 2147 1847 2219 Moyse
1899 2155 2084 2217 postea

517 2236 788 2292 invectam
821 2238 1160 2307 religionem,
1191 2239 1286 2294 sed
1323 2251 1542 2310 propter
1576 2240 1736 2294 aliam
1769 2239 1858 2292 Dei
1915 2240 2088 2292 mani-

519 2328 884 2392 festationem,
913 2329 1187 2400 Deumque
1220 2331 1322 2402 ipsi
1355 2339 1704 2403 apparentem
1742 2331 1879 2400 (erat
1907 2340 2086 2385 autem

519 2421 608 2476 hic
643 2419 942 2493 Servatur),
969 2431 1024 2476 et
1045 2431 1264 2493 prepter
1291 2432 1537 2479 ornatam
1573 2422 1867 2476 virtutibus
1899 2421 2082 2475 vitam.

519 2509 632 2568 Hoc
666 2511 849 2582 itaque
897 2511 1179 2583 religionis
1217 2527 1389 2582 genus
1418 2513 1694 2567 exercenti
1733 2511 1874 2565 facta
1908 2521 1991 2566 est
2021 2513 2088 2567 de

517 2602 760 2669 gentium
793 2602 1081 2657 vocatione
1111 2603 1408 2672 promissio
1433 2620 1448 2670 ;
1473 2601 1614 2672 quod
1657 2617 1849 2672 nempe
1878 2612 1929 2656 et
1960 2603 2088 2671 ipsa:

517 2693 812 2764 aliquando
864 2695 979 2763 pari
1042 2703 1205 2762 atque
1257 2693 1601 2748 Abrahamus
1645 2692 1856 2748 fervore
1917 2691 2084 2747 Deum

516 2791 703 2840 essent
755 2783 1082 2846 adoratum,
1130 2797 1230 2837 nec
1272 2783 1592 2838 dissimilem
1651 2781 2086 2842 benedictionem

517 2883 914 2930 consecutum.
951 2873 1318 2940 Quamobrem
1348 2874 1553 2928 dictum
1579 2873 1626 2928 ei
1659 2873 1762 2929 fuit
1789 2893 1800 2928 :
1840 2893 1857 2926 ι
1903 2872 1966 2926 Et
1993 2875 2088 2928 be-

517 2968 842 3023 nedicentur
877 2967 930 3019 in
963 2977 1013 3020 te
1037 2981 1226 3020 omnes
1257 2965 1434 3018 tribus
1457 2975 1614 3020 terra:
1630 2965 1712 3032 7';
1749 2984 1767 3017 ι
1795 2977 1844 3020 et
1866 2964 2043 3018 denuo
2069 2983 2084 3019 :

2189 1960 2390 2022 δίκαιῦς
2417 1977 2474 2012 τε
2502 1961 2594 2012 καὶ
2629 1959 2880 2030 θεοφιλὴς
2913 1959 3314 2026 ἀποπέφανται,
3350 1958 3412 2010 οὗ
3435 1958 3528 2010 διὰ
3563 1974 3742 2028 περιτο-

2191 2053 2296 2122 μῆς
2308 2051 2573 2122 σώματος,
2597 2051 2716 2103 οὐδέ
2738 2050 2823 2103 διὰ
2847 2049 3091 2119 φυλακῆς
3109 2049 3318 2120 ἡμέρας
3337 2047 3632 2108 Σαϐϐάτου,
3651 2049 3742 2118 ἐορ-

2187 2143 2295 2198 τῶν
2318 2143 2351 2216 ἢ
2380 2144 2703 2215 νουμηνιῶν,
2736 2142 2858 2196 οὐδέ
2885 2159 2948 2210 γε
2976 2141 3040 2194 δι’
3072 2141 3235 2212 ἄλλης
3258 2141 3404 2201 τινὸς
3438 2141 3588 2212 παρὰ
3609 2141 3743 2195 Munia-

2189 2241 2270 2292 σεῖ
2303 2235 2606 2309 φερομένης
2662 2235 3098 2307 ἐθελοθρησκίας,
3147 2234 3280 2288 ἀλλὰ
3325 2233 3390 2286 δι’
3419 2232 3588 2304 ἄλλης
3631 2229 3740 2284 Θεοῦ

2188 2331 2408 2398 φανείας
2430 2347 2489 2382 τε
2523 2329 2616 2382 τοῦ
2644 2329 2898 2398 ὀφθέντος
2935 2326 3084 2397 αΰτῷ
3107 2325 3312 2396 Κυρίου
3371 2319 3550 2394 (οὗτος
3579 2324 3620 2376 δ’
3639 2321 3694 2393 ἦν

2187 2394 2419 2491 Σωτὴρ),
2456 2420 2542 2474 διά
2564 2436 2622 2471 τε
2653 2394 2848 2489 σεμνοῦ
2883 2418 2977 2470 καὶ
3015 2394 3266 2487 ἐναρέτου
3315 2415 3454 2486 βίου.
3497 2415 3684 2467 Τοῦτον
3705 2394 3740 2464 δ’

2186 2507 2278 2565 οὖν
2317 2512 2464 2583 αὑτῷ
2504 2510 2854 2581 κατορθοῦντι
2889 2509 2988 2580 τῆς
3022 2508 3330 2570 θεοσεϐείας
3377 2507 3468 2559 τὸν
3511 2506 3742 2577 τρόπονή

2188 2620 2252 2656 πε
2262 2604 2314 2674 pi
2337 2601 2444 2656 τῶν
2469 2601 2638 2655 ἐθνῶν
2658 2601 2834 2654 δέδοτο
2861 2599 3181 2668 ἐπαγγελία,
3205 2598 3281 2662 ὡς
3313 2595 3408 2650 καὶ
3436 2596 3614 2649 αὐτῶν
3635 2609 3740 2646 ποτε

2187 2693 2327 2748 κατὰ
2343 2694 2433 2746 τὸν
2456 2692 2546 2746 τοῦ
2591 2692 2842 2766 Ἀϐραὰμ
2865 2691 3023 2762 ζῆλον
3052 2689 3504 2760 θεοσεϐησόντων,
3537 2689 3625 2740 καὶ
3645 2687 3740 2756 ἴτης

2185 2786 2263 2857 τῷ
2307 2785 2543 2854 θεοφιλεῖ
2589 2782 3140 2853 καταξιωθησομένων
3189 2781 3456 2849 εὐλογίας.
3505 2781 3740 2834 Λέλεκται

2185 2878 2317 2946 γοῦν
2343 2877 2477 2948 πρὸς
2512 2877 2692 2939 αὑτὸν,
2730 2894 2747 2925 ι
2785 2874 2887 2928 Καὶ
2920 2873 3370 2944 εὐλογηθήσονται
3403 2874 3460 2925 ἐν
3485 2872 3572 2925 σοὶ
3601 2873 3739 2923 πᾶσαι

2187 2972 2241 3022 αἱ
2273 2969 2434 3040 φυλαὶ
2465 2969 2562 3040 τῆς
2581 2969 2684 3039 γῆς
2709 2983 2720 2996 ·
2758 2986 2776 3018 ι
2807 2966 2900 3020 καὶ
2933 2965 3093 3018 πάλιν
3111 2981 3124 2994 ·
3152 2983 3170 3015 ι
3204 2963 3332 3017 ’0δέ
3359 2963 3566 3034 Κύριος
3595 2957 3740 3020 εἶπεν,

522 3076 540 3109 ι
585 3055 726 3110 Dixit
755 3063 936 3110 autem
985 3047 1247 3110 Dominus
1285 3073 1296 3107 :
1351 3051 1688 3108 Non'celabo
1721 3055 2085 3109 Abrahamum

2189 3063 2262 3114 Οὐ
2295 3061 2368 3132 μὴ
2403 3061 2595 3134 κρύψω
2636 3059 2741 3114 ἀπὺ
2785 3057 3031 3129 Ἀϐραὰμ
3062 3055 3156 3110 τοῦ
3199 3055 3386 3118 παιδός
3443 3071 3547 3125 μου
3597 3053 3628 3107 ἁ
3653 3047 3744 3118 ἐγὼ

517 3160 746 3218 puerum
775 3161 954 3199 meum
987 3159 1108 3216 quae
1147 3161 1247 3216 ego
1300 3143 1462 3200 facio.
1495 3143 1611 3200 Fiet
1657 3145 1998 3204 Abrahamus
2033 3147 2085 3201 in

2189 3153 2326 3208 ποιῶ
2351 3170 2365 3185 ·
2413 3151 2661 3222 Ἀϐραὰμ
2701 3152 2755 3204 δέ
2797 3150 3084 3220 γενόμενος
3116 3149 3266 3202 ἔσται
3305 3149 3382 3210 είς
3431 3146 3582 3209 ἔθνος
3625 3145 3740 3214 μέγα

513 3245 726 3308 gentem
761 3252 1012 3309 magnam
1047 3237 1405 3307 multamque,
1447 3247 1500 3292 et
1526 3238 1579 3291 in
1607 3253 1671 3292 eo
1697 3239 2085 3292 benedicentur

2189 3246 2282 3298 καὶ
2315 3244 2468 3308 πολὺ,
2503 3243 2595 3297 καὶ
2629 3241 3046 3312 εὐλογηθήσεται
3075 3242 3132 3292 ἐν
3157 3238 3304 3310 αὐτῷ
3337 3239 3517 3292 πάντα
3549 3237 3614 3290 τὰ
3638 3237 3740 3302 ἒθνη

515 3329 699 3384 ωηοιὶ
738 3337 896 3384 terrae
943 3329 1126 3400 papuli
1157 3329 1225 3384 ³ο.
1273 3348 1291 3379 ι
1321 3326 1453 3394 Quae
1499 3343 1624 3383 cum
1673 3329 1746 3383 ita
1804 3330 1934 3395 sint,
1962 3347 2088 3385 eon-

515 3431 834 3476 sentaneum
869 3420 990 3483 fuit,
1029 3419 1331 3476 vocationis
1381 3421 1624 3491 gentiqu
1683 3423 2086 3493 progenitorem

514 3513 884 3568 Abraliamum
922 3513 988 3566 ab
1019 3512 1355 3582 evangelista
1397 3515 1700 3568 secundum
1736 3515 1939 3570 assumi
1965 3521 2086 3585 post

511 3605 794 3682 Dav-idem.
827 3604 1073 3675 Namque
1113 3606 1283 3667 hunc,
1319 3605 1408 3659 cui
1453 3605 1520 3658 de
1549 3602 1859 3660 Servatoris
1891 3605 2086 3659 nativi-

511 3703 624 3751 tate
651 3697 1048 3766 promissiones
1073 3697 1229 3750 factae
1257 3703 1406 3760 sunt,
1433 3695 1683 3766 praeverti
1708 3695 1902 3750 ordine
1923 3711 2086 3765 opor-

512 3787 616 3843 tuit
657 3787 736 3840 illi
770 3787 863 3857 qui
891 3785 958 3842 de
985 3787 1241 3858 gentibus
1275 3787 1603 3857 sponsiones
1649 3797 1970 3856 acceperat;
2001 3802 2086 3842 se-

511 3877 773 3942 cundum,
808 3875 1052 3946 inquam.
1083 3877 1136 3930 in
1181 3875 1494 3948 genealogia
1541 3877 1798 3932 collocari
1843 3879 2086 3948 oportuit

511 3969 754 4042 gentium
781 3967 1172 4038 patriarcham.

582 4059 671 4116 12.
695 4059 933 4117 Joannes
965 4062 1182 4131 quidem
1214 4064 1268 4115 in
1318 4077 1416 4116 sua
1465 4060 1740 4133 Evangelii
1790 4063 2082 4131 scriptura,

511 4169 600 4208 res
653 4169 792 4226 quae,
834 4153 1074 4221 Baptista
1129 4155 1372 4210 nondum
1430 4156 1482 4209 iu
1539 4154 1754 4208 vincula
1813 4155 2082 4222 conjecto.

510 4255 638 4303 ante
674 4245 952 4303 Christum
985 4247 1138 4303 factae
1176 4254 1326 4312 sunt,
1356 4246 1597 4302 tradidit.
1644 4247 1712 4300 At
1740 4256 1852 4302 tres
1889 4247 2084 4316 reliqui

509 4341 878 4412 evangelista,
923 4351 1046 4395 acta
1099 4347 1222 4412 post
1243 4353 1520 4396 carcerem
1573 4339 1829 4394 recitant.
1876 4337 1934 4393 ld
1968 4339 2082 4392 ani-

511 4430 874 4487 madvertenti
921 4431 1068 4486 haud
1121 4431 1406 4488 dissonare
1465 4427 1794 4484 videbuntur
1833 4428 1976 4482 inter
2026 4443 2084 4482 se

510 4521 841 4595 Evangelia;
911 4524 1037 4594 quia
1096 4523 1355 4578 nimirum
1415 4521 1558 4592 apud
1611 4520 1878 4576 Joannem
1952 4529 2082 4574 sunt

509 4616 714 4690 priora,
741 4617 950 4688 reliqua
983 4617 1049 4671 ad
1091 4625 1422 4688 postremam
1467 4613 1753 4669 historiam
1787 4613 2078 4682 pertinent.

2187 3337 2282 3407 τῆς
2303 3335 2426 3406 γῆς.
2465 3354 2482 3384 ι
2507 3331 2607 3388 *Ων
2645 3332 2816 3394 οὕτως
2841 3333 3094 3402 ἐχόντων,
3121 3329 3414 3384 ἀκόλουθον
3439 3325 3510 3400 ἦν
3545 3331 3637 3398 τῆς
3653 3327 3744 3379 τῶν

2187 3413 2354 3480 ἐθνῶν
2406 3428 2648 3498 κλήσεως
2698 3425 3016 3496 προπάτορα
3063 3423 3189 3476 ὄντα
3245 3421 3337 3474 τὸν
3381 3419 3630 3491 Ἀϐραὰμ
3659 3417 3744 3470 air-.6

2186 3519 2278 3572 τοῦ
2313 3516 2692 3586 εὐαγγελιστοῦ
2745 3515 2993 3585 δεύτερον
3045 3511 3467 3583 παραληφθῆναι
3503 3509 3637 3580 μετὰ
3671 3508 3744 3559 τὸν

2186 3610 2363 3663 Δαϐίδ.
2411 3610 2603 3680 Ἐχρῆν
2629 3607 2736 3678 γὰρ
2769 3607 2858 3660 τὸν
2887 3605 3016 3678 περῖ⁹
3044 3605 3142 3674 τῆς
3167 3603 3432 3674 γενέσεως
3464 3603 3555 3655 τοῦ
3577 3601 3742 3668 Σωτῆ-

2187 3721 2280 3773 ρος
2316 3702 2413 3764 τὰς
2441 3701 2760 3771 ὑποσχέσεις
2786 3699 3062 3771 εἰληφότα,
3092 3695 3489 3770 προτιμηθῆναι
3523 3697 3584 3765 τῇ
3617 3693 3745 3758 τάξει

2185 3793 2275 3848 τοῦ
2311 3795 2408 3858 τὰς
2441 3795 2568 3865 περὶ
2589 3793 2697 3846 τῶν
2721 3792 2888 3846 ἐθνῶν
2925 3791 3256 3860 ἐπαγγελίας
3287 3788 3574 3860 δεξαμένου
3595 3805 3609 3816 ·
3635 3785 3740 3840 δεύ-

2184 3903 2337 3957 τερον
2381 3887 2436 3938 δὲ
2481 3886 2538 3936 ἐν
2582 3887 2648 3954 τῇ
2691 3882 3010 3954 γενεαλογίᾳ
3045 3879 3464 3952 παραληφθῆναι
3513 3878 3602 3930 τὸν
3649 3873 3740 3929 τῶν

2189 3973 2354 4027 ἐθνῶν
2387 3975 2645 4045 ἀρχηγόν.

2262 4063 2346 4133 ιβνο
2390 4065 2446 4116 '0
2481 4065 2578 4133 μὲν
2603 4065 2714 4133 γὰρ
2760 4063 3010 4132 Ἰωάννης
3031 4063 3098 4132 τῇ
3123 4059 3213 4113 τοῦ
3243 4059 3362 4110 κατ’
3401 4057 3562 4110 αὐτὸν
3583 4055 3742 4118 Εὐαγ-

2185 4156 2364 4224 γελίου
2397 4159 2603 4226 γραφῇ,
2645 4157 2712 4208 τὰ
2751 4154 2974 4226 μηδέπω
3000 4152 3094 4207 τοῦ
3143 4147 3446 4204 Βαπτιστοῧ
3499 4143 3742 4219 βεϐλημέ-

2185 4261 2275 4298 νου
2311 4245 2389 4307 είς
2437 4245 2703 4313 φυλακὴν,
2739 4243 2844 4315 πρὸ
2888 4242 2980 4296 τοῦ
3022 4239 3256 4313 Χριστοῦ
3305 4237 3630 4311 πραχθέντα,
3653 4251 3741 4287 πα-

2187 4335 2468 4406 ραδίδωσιν
2487 4352 2499 4364 ·
2533 4337 2582 4388 οἱ
2623 4335 2676 4388 δέ
2703 4335 2878 4387 λοιποὶ
2907 4337 3054 4405 τρεῖς
3102 4331 3484 4399 εὖαγγελισταὶ
3511 4329 3575 4381 τὰ
3619 4325 3738 4396 μετά

2185 4427 2242 4478 τὸ
2267 4425 2635 4496 δεσμωτήριον
2660 4424 2927 4492 λέγουσιν.
2951 4415 3044 4485 Οἷς
3072 4422 3166 4475 καὶ
3183 4421 3556 4489 ἐπιστήσαντι,
3575 4413 3736 4468 οὐκέτι

2183 4519 2248 4571 διν
2273 4517 2478 4583 δόξαιεν
2522 4518 2807 4586 διαφωνεῖν
2849 4515 3098 4586 ἀλλήλοις
3123 4513 3192 4567 τὰ
3239 4509 3564 4580 Εὐαγγέλια,
3593 4505 3664 4576 τῷ
3689 4503 3741 4556 τὸ

2191 4609 2286 4679 μὲν
2321 4606 2458 4660 κατὰ
2493 4608 2744 4677 Ἰωάννην
2774 4607 2840 4660 τὰ
2872 4605 3061 4676 πρῶτα
3083 4602 3383 4674 περιέχειν,
3417 4601 3487 4653 τὰ
3517 4599 3572 4652 δὲ
3599 4593 3740 4648 λοιπὰ

2187 4700 2283 4770 τὴν
2311 4699 2605 4752 ἐπιτέλειον
2637 4699 2875 4770 ἱστορίαν
2905 4696 3039 4766 (5|).

1441 4847 1524 4902 Ea:
1551 4845 1762 4902 Possim’
1785 4855 1973 4899 catena
1997 4845 2052 4898 in
2085 4841 2400 4896 Manlianum
2432 4849 2558 4892 tam.
2583 4835 2626 4901 1,
2667 4853 2720 4906 p.
2755 4835 2842 4892 12.

580 4965 668 5021 l3.
703 4963 938 5020 Eusebii.
973 4961 1266 5018 Gravidam
1326 4961 1421 5016 Dei
1471 4969 1700 5016 matrem
1733 4959 1939 5015 nemini
1971 4958 2078 5012 nisi

508 5060 748 5133 Josepho
789 5059 1065 5114 inventam
1113 5071 1236 5111 esse
1284 5055 1361 5108 ait
1411 5054 1745 5122 evangelista
1778 5068 1790 5104 :
1829 5067 1858 5105 a
1888 5058 2080 5106 sancto

510 5155 708 5225 quippe
738 5149 945 5224 Spiritu
979 5164 1068 5204 res
1119 5145 1386 5219 patefacta
1423 5145 1542 5199 fuit.
1577 5144 1738 5198 Justo
1765 5153 1947 5199 autem
1985 5143 2077 5198 bo-

575 5309 623 5341 "
661 5307 822 5362 Rom.
862 5321 948 5370 ιγ,
984 5305 1037 5360 5.
1114 5303 1160 5336 "
1199 5299 1336 5358 Gen.
1373 5316 1482 5366 xu,
1517 5301 1572 5356 5.

576 5465 688 5536 (5i)
733 5463 910 5536 Locus
941 5461 1045 5536 hic
1075 5460 1258 5536 brevis
1277 5459 1358 5536 de
1389 5457 1628 5530 Baptista
1659 5469 1854 5536 reapse
1881 5454 2080 5536 recita-

507 5521 600 5588 tur
627 5521 684 5590 in
711 5533 898 5589 codice
923 5521 989 5590 Α.
1021 5529 1057 5585 1⁵.
1099 5529 1191 5593 82,
1224 5529 1291 5583 ad
1316 5521 1480 5582 Luch
1508 5541 1630 5598 cap.
1673 5541 1726 5587 ν,
1836 5526 1945 5598 sub
1969 5521 2078 5598 iiu-

509 5605 646 5660 sebii
679 5604 918 5660 nomine.
945 5603 1012 5657 Et
1041 5592 1261 5671 quidem
1287 5599 1410 5654 vide
1439 5592 1591 5671 dicta:
1619 5613 1650 5650 ιι
1683 5597 1842 5671 nobis
1880 5593 1948 5647 ad
1975 5592 2084 5671 C_y-

509 5675 616 5728 rilli
647 5663 1098 5728 commentarium
1133 5672 1198 5724 In
1223 5669 1376 5730 Lua,
1407 5683 1461 5738 p.
1493 5667 1613 5729 146,
1635 5683 1690 5720 n.
1723 5666 1781 5738 3.7
1801 5663 1858 5718 ln
1889 5663 2083 5732 praela-

509 5747 658 5798 tione
679 5743 746 5796 ad
769 5743 1035 5796 Marinum
1065 5742 1200 5794 dixit
1223 5737 1489 5794 Eusebius
1515 5755 1573 5792 se
1593 5737 1923 5806 quiestiones
1953 5749 2081 5790 suas

509 5813 800 5884 scripsisse
847 5813 916 5868 ad
973 5811 1242 5883 principia
1299 5819 1354 5864 et
1412 5809 1574 5863 tinem
1615 5805 2076 5877 'Evangeliorum.

2261 4959 2348 5022 ιγ’.
2369 4949 2480 5022 (52)
2498 4951 2812 5004 Εὑσεϐίου.
2851 4947 2970 5000 Ὀτι
3002 4946 3057 4998 δέ
3082 4945 3276 5012 ἔγκυος
3297 4939 3496 5013 εὑρέθη
3526 4939 3560 5008 η
3583 4929 3738 4988 Bac-:6-

2188 5063 2300 5109 κος,
2325 5047 2419 5098 καὶ
2438 5045 2518 5097 ὃτι
2543 5043 2716 5096 οὐδενὶ⁵
2739 5041 2912 5112 ἐτέρῳ
2939 5039 3051 5092 ἀλλ’
3073 5038 3106 5108 ἢ
3140 5037 3216 5107 τῷ
3251 5033 3468 5106 Ἰωσὴφ,
3486 5031 3733 5096 ὀεὺαγτε·

2184 5141 2370 5211 λιστὴς
2395 5138 2740 5210 ἀπεφήνατοο
2775 5138 2838 5190 ἐκ
2857 5135 2966 5206 γὰρ
2997 5131 3309 5204 Πνεῦματος
3349 5128 3504 5196 ἁγίου
3551 5125 3734 5194 γέγονεν

1647 5299 1692 5330 ⁸ο
1731 5297 1869 5354 Gen.
1911 5312 2072 5360 xvlu,
2113 5293 2199 5350 l7.

2181 5449 2542 5517 Quamobrem
2571 5445 2662 5500 hic
2693 5445 2760 5500 de
2795 5443 3038 5515 Baptista
3075 5441 3234 5517 locus
3260 5437 3498 5517 pertinet
3527 5433 3728 5517 tortas?

2181 5501 2374 5590 magis,
2399 5501 2477 5572 ad
2515 5517 2730 5590 Eusebii
2754 5501 3316 5590 commentarium-In
3359 5501 3724 5590 Lucontio}?

2181 5571 2363 5644 [diﬁcit
2397 5571 2720 5644 nominatim
2754 5585 2842 5639 hic
2875 5583 3180 5655 appellatur
3210 5578 3606 5655 Evangetiornnt

2183 5641 2463 5722 ὲῐιὶὶἆιὶὶεᾶζ
2478 5641 2598 5712 rlioc
2628 5673 2729 5726 ego
2759 5641 3066 5726 loco,'§ine_
3107 5651 3238 5726 ullo,
3286 5641 3540 5719 ut'puto,
3578 5641 3724 5695 δοκι-1ο

2185 5737 2368 5788 mento
2399 5721 2534 5798 reip.
2571 5721 2934 5798 fragmentum
2965 5721 3248 5780 collouavi.

2257 5799 2363 5872 (52)
2405 5795 2610 5868 Quaest.
2648 5795 2687 5865 ι,
2709 5795 2776 5851 '5.
