3954 6506
248 391 348 445 973

1055 387 1555 445 SUPPLEMENTA
1596 387 2077 455 QUz’LSTlONUM
2117 388 2207 442 AD
2247 387 2685 445 STEPHANUM.

3382 393 3486 449 974

247 503 400 574 φησὶ,
436 500 497 555 τὸ
528 500 766 556 τοιοῦτον
797 502 1058 574 φανερόν·
1094 505 1287 575 δικαίῳ
1308 501 1416 574 γάρ
1448 503 1560 555 ὗντι
1591 503 1668 573 τῷ
1711 502 1812 554 Ἰω-

1930 500 2052 555 mini
2087 500 2162 554 nil
2193 500 2392 554 mirum
2425 509 2508 555 est
2536 502 2829 556 revelatam
2878 500 3046 558 fuisse
3069 517 3099 557 a
3136 511 3325 559 sancto
3362 504 3485 576 Spi-

248 592 353 663 σὴφ
384 592 484 645 ούκ
537 588 605 662 ἦν
652 592 958 663 θαυμαστὸν
1001 594 1305 665 γνωσθῆναι
1364 592 1450 647 διὰ
1500 594 1814 660 Πνεύματος

248 680 423 749 ἁγίου,
460 680 520 746 ἐξ
551 676 611 737 οὗ
643 682 735 736 καὶ
762 684 794 754 ἡ
828 682 1021 755 κύησις
1054 683 1292 750 γέγονεν.

1922 592 2028 645 ritu
2075 592 2217 646 hanc
2275 592 2709 663 conceptionem,
2757 607 2918 665 quam
2964 610 3063 650 sua
3117 595 3261 652 idem
3288 595 3487 652 virtute

1923 682 2247 751 perfecerat.

1309 801 1392 856 Ex
1416 811 1599 856 catena
1628 802 1825 855 inedita
1858 801 1911 854 in
1938 797 2113 853 codice
2157 798 2428 852 Vaticano.

317 915 397 969 ιδ’.
436 915 545 986 (55)
588 919 881 972 Eii-(786702)
917 960 930 973 .
982 920 1256 989 Ἑνέτυχον
1295 919 1352 972 δὲ
1404 919 1667 991 ἑρμηνεία
1729 920 1819 972 ἀν-

243 1008 533 1077 επιγράφῳ
585 1007 837 1081 λεγούσῃ,
874 1011 953 1063 ὃτι
997 1011 1045 1062 οἱ
1080 1012 1176 1081 μέν
1219 1028 1346 1080 φασι
1399 1011 1685 1079 συγγενίδα
1722 1010 1818 1080 τὴν

255 1098 539 1159 Ἐλισάθετ
569 1100 667 1169 τῆς
716 1100 991 1171 Παρθένου
1031 1102 1179 1173 παρὰ
1214 1103 1304 1155 τοῦ
1337 1102 1568 1171 ἀγγέλου
1602 1102 1817 1171 ὠνομά-

243 1189 392 1254 σθαι,
433 1190 529 1260 οὐχ
573 1190 648 1254 ὡς
680 1192 745 1244 ὲκ
788 1192 886 1262 τῆς
931 1192 1100 1261 αὐτῆς
1130 1194 1322 1263 φυλῆς,
1351 1192 1485 1247 ἀλλὰ
1533 1194 1622 1246 διὰ
1658 1194 1718 1245 τὸ
1756 1195 1819 1246 ἐκ

241 1283 350 1336 τῶν
384 1283 566 1337 αὐτῶν
591 1285 890 1356 προγόνων,
919 1288 1012 1338 καὶ
1038 1286 1129 1339 τοῦ
1154 1285 1315 1339 αὑτοῦ
1341 1284 1535 1349 κοινῶς
1559 1285 1665 1338 τῶν
1701 1285 1818 1338 Ἰου-

240 1376 407 1429 δαίων
436 1375 624 1441 γένους
671 1377 986 1449 ἀμφοτέρας
1018 1379 1339 1450 ὡρμῆσθαι*
1373 1378 1447 1441 ὡς
1487 1381 1515 1431 ὁ
1559 1378 1815 1431 Ἀπόστο-

240 1466 354 1530 λος,
392 1487 411 1518 ι
461 1468 807 1539 Ἐϐουλόμην,
832 1469 1023 1538 λέγων,
1059 1471 1302 1541 ἀνάθεμα
1354 1466 1490 1523 εἶναι
1536 1471 1674 1541 ὑπὲρ
1713 1470 1820 1522 τῶν

238 1558 488 1627 ἀδελφῶν
510 1577 610 1629 μου
638 1559 747 1612 τῶν
782 1561 1054 1629 συγγενῶν
1087 1579 1185 1632 μου
1219 1562 1361 1615 κατὰ
1395 1564 1589 1633 σάρκα.
1633 1582 1649 1611 ι
1689 1560 1821 1612 Πολ-

239 1651 323 1703 λοὶ
350 1651 406 1703 δὲ
433 1652 527 1705 καὶ
556 1652 663 1705 τῶν
687 1652 923 1723 δοκίμων
968 1655 1216 1723 λέγουσιν
1262 1655 1477 1725 ἀληθῶς
1513 1654 1650 1709 κατὰ
1688 1672 1822 1722 συγ-

238 1743 459 1811 γένειαν
519 1745 783 1816 συνῆφθαι
838 1745 935 1816 τὴν
985 1747 1263 1818 ἱερατικὴν
1318 1746 1487 1817 φυλὴν
1554 1750 1619 1818 τῇ
1673 1747 1823 1817 βασι-

1998 915 2085 969 M.
2124 914 2355 968 Eusebii.
2419 909 2681 968 lncidiin
2726 912 3015 984 quamdam
3068 915 3326 985 anonyml
3382 929 3484 970 au-

1924 1007 2093 1061 ctoris
2115 1006 2616 1075 interpretationem
2638 1004 2870 1059 dicentis
2891 1004 3241 1071 Elisabetam,
3263 1022 3329 1062 ex
3358 1023 3494 1063 non-

1925 1098 2197 1151 nullorum
2254 1096 2544 1160 sententia,
2601 1097 2924 1165 appellatam
2961 1097 3133 1153 fuisse
3168 1100 3237 1153 ab
3294 1101 3489 1170 angelo

1923 1198 2208 1257 cognatam
2243 1186 2505 1258 Virginis,
2538 1202 2645 1240 non
2676 1188 2803 1257 quia
2831 1189 2897 1242 de
2925 1190 3111 1243 eadem
3136 1200 3279 1245 esset
3316 1192 3485 1257 tribu,

1924 1277 2016 1331 sed
2035 1278 2157 1346 quia
2179 1293 2240 1332 ex
2279 1277 2469 1332 iisdem
2490 1279 2925 1347 progenitoribus
2942 1269 3248 1351 'eodemque
3274 1280 3491 1337 Judzeo-

1922 1385 2040 1423 rum
2106 1384 2303 1439 genere
2332 1370 2638 1425 communis
2656 1371 2869 1440 utrique
2890 1376 3041 1442 origo
3078 1372 3258 1427 fuerit.
3286 1372 3490 1447 Nempe

1922 1471 1979 1515 ut
1995 1462 2286 1531 Apostolus
2303 1462 2541 1531 loquitur
2561 1482 2573 1515 :
2597 1482 2614 1513 ‹
2648 1460 2912 1532 Optabam
2933 1479 3033 1534 ego
3060 1465 3345 1520 anathema
3366 1482 3490 1522 esse

1923 1569 2021 1623 pro
2040 1554 2302 1608 fratribus
2332 1556 2488 1621 meis,
2514 1556 2605 1625 qui
2630 1557 2989 1627 suntcognati
3036 1558 3142 1610 mei
3186 1559 3486 1614 secundum

1920 1661 2142 1701 carnem
2173 1646 2238 1699 ⁸¹.
2276 1665 2294 1697 ι
2328 1645 2478 1700 Multi
2508 1654 2705 1701 tamen
2741 1647 2947 1716 probati
2975 1649 3296 1719 interpretes
3315 1650 3488 1717 aiunt,

1920 1754 2050 1793 vera
2091 1754 2316 1809 prorsus
2347 1740 2672 1810 cognatione
2715 1739 3108 1795 sacerdotalem
3134 1742 3336 1796 tribum
3364 1756 3488 1797 cum

238 1832 365 1903 λικῇ
404 1835 494 1886 καὶ
528 1836 638 1888 ἄνω
684 1837 775 1888 ἐπὶ
814 1836 1088 1900 Μωῦσέως
1118 1836 1249 1907 (54).
1292 1838 1357 1889 Ἠ
1388 1837 1496 1909 γάρ
1542 1834 1818 1889 Ἑλισάϐετ

1930 1831 2082 1900 regali
2116 1829 2284 1885 fuisse
2307 1844 2607 1885 connexam
2664 1847 2696 1885 a
2751 1831 3005 1888 Mosaicis
3037 1848 3209 1904 usque
3230 1836 3492 1905 tempori-

239 1927 273 1997 ἡ
308 1927 446 1997 γυνὴ
489 1926 696 1997 Ἀαρὼν
729 1927 928 2000 ἀδελφὴ
966 1928 1178 2000 ὑπῆρχε
1218 1928 1485 1982 Ναασσὼν
1525 1929 1640 1981 υἱοῦ
1675 1929 1821 1999 Ἀμι-

238 2015 431 2081 ναδὰὸ,
466 2016 523 2079 ὃς
557 2000 664 2069 άπὸ
699 2017 865 2070 Ἰούδα
902 2017 994 2071 τοῦ
1025 2018 1139 2071 υἱοῦ
1182 2018 1374 2071 Ἰακὼϐ
1415 2022 1700 2090 κατήγετο,
1726 2020 1817 2087 ἀφ’

236 2100 299 2160 οὗ
328 2107 387 2158 τὸ
436 2106 706 2177 βασίλειον
750 2109 903 2177 γένος
947 2112 1057 2172 τοῖς
1094 2110 1390 2174 Ἰουδαίοις·
1434 2111 1528 2164 κα)¹
1584 2112 1731 2164 κάτω
1762 2111 1818 2164 δὲ

236 2199 441 2268 ὁμοίως
491 2198 834 2271 Ἑλισάόετή
881 2201 1015 2271 γυνὴ
1064 2201 1327 2273 Ζαχαρίου
1376 2202 1482 2255 ἀπὸ
1509 2203 1607 2273 τῆς
1653 2204 1819 2256 Ἰούδα

239 2288 415 2356 φυλῆς
470 2282 619 2341 εἷλκε
672 2291 769 2361 τὴν
823 2291 1068 2359 γένεσιν,
1121 2293 1364 2364 θυγάτηρ
1411 2294 1820 2366 χρηματίζουσα

249 2378 447 2433 Ἰακὼϐ
475 2380 567 2432 τοῦ
605 2382 809 2453 πατρὸς
854 2383 1053 2454 Ἰωσήφ
1078 2400 1089 2412 ·
1121 2385 1184 2436 ὲκ
1217 2384 1345 2452 γοῦν
1378 2385 1475 2454 τῆς
1505 2387 1819 2454 συγγενείας

236 2468 432 2523 τούτου
460 2470 554 2525 τοῦ
597 2472 865 2525 Ναασσὼν
898 2476 926 2526 ὁ
959 2474 1159 2548 Κύριος
1202 2475 1342 2529 κατᾶ
1391 2476 1567 2548 σάρκα
1598 2478 1821 2548 γεγένη-

236 2580 329 2617 ται
355 2580 367 2592 ’
405 2563 464 2617 ού
514 2563 687 2634 μάτην
724 2561 816 2620 οὖν
855 2566 954 2636 τῆς
990 2566 1272 2637 βασιλικῆς
1305 2567 1473 2640 φυλῆς
1507 2568 1601 2640 τὴν
1635 2570 1823 2640 ὲπιμι-

240 2656 360 2720 ξῐαν
393 2656 422 2707 ὁ
452 2656 593 2720 θεῖος
639 2659 923 2730 προφήτης
969 2658 1226 2725 ἐδίδαξεν,
1261 2660 1394 2715 ἀλλὰ
1437 2661 1649 2725 δεικνὺς
1691 2662 1766 2726 ὼς
1795 2667 1822 2716 ὁ

238 2746 520 2817 Δεσπότης
542 2748 773 2819 Χριστὸς
800 2749 857 2815 ἐξ
887 2750 1210 2821 ἀμφοτέρων
1244 2750 1591 2821 ἐϐλάστησεν,
1626 2751 1700 2814 ὡς
1726 2751 1821 2821 βα-

242 2839 426 2903 σιλεὺς
456 2840 550 2894 καὶ
590 2841 878 2912 ἀρχιερεὺς
910 2841 1049 2895 κατὰ
1091 2843 1152 2895 τὸ
1182 2841 1519 2914 ἀνθρώπινον
1552 2844 1822 2914 χρηματί-

241 2945 343 2991 σας
377 2928 524 2998 (55)·
545 2930 579 3000 ἢ
611 2929 685 2992 ὡς
706 2929 764 2996 ἐξ
794 2930 911 2995 ἑνὸς
936 2933 1274 3005 προπάτορος
1304 2934 1396 2986 τοῦ
1431 2934 1622 2989 Ἰακὼϐ
1657 2935 1823 3005 ὑπαρ-

240 3020 339 3090 χού
348 3038 465 3085 σας,
504 3021 819 3090 συγγενίδας
850 3023 1024 3077 καλεῖ.

1926 1922 2048 1976 bus.
2076 1921 2423 1991 Namqueilla
2450 1920 2723 1976 Elisabeta
2750 1922 2984 1977 Aaronis
3005 1937 3162 1988 uxor,
3192 1922 3490 1980 Naassonis

1925 2030 2082 2070 soror
2107 2026 2224 2070 erat
2274 2016 2613 2072 Aminadabo
2662 2016 2851 2087 geniti,
2888 2016 2980 2086 qui
3030 2025 3210 2072 ortum
3244 2034 3272 2072 a
3302 2018 3489 2076 Jacobi

1928 2109 2037 2163 ﬁlio
2064 2108 2312 2162 trahebat
2362 2107 2525 2173 Juda,
2585 2108 2731 2163 unde
2764 2110 2943 2180 regale
2984 2109 3294 2165 Judaaorum
3317 2128 3490 2184 genus

1927 2208 2281 2270 propagatum
2308 2207 2407 2254 est.
2446 2198 2552 2253 Sed
2614 2212 2668 2254 et
2724 2201 2972 2269 proximo
3003 2201 3209 2270 pariter
3251 2209 3491 2272 tempore

1926 2289 2196 2345 Elisabeta
2225 2290 2505 2345 Zachariae
2561 2306 2701 2345 uxor
2730 2308 2760 2346 e
2791 2290 2942 2346 Juda:
2986 2291 3131 2345 tribu
3174 2291 3488 2361 oriebatur;

1926 2380 2034 2434 ﬁlia
2074 2382 2273 2451 quippe
2297 2379 2485 2436 Jacobi
2519 2382 2611 2451 qui
2644 2379 2864 2452 Joseplii
2891 2387 3045 2451 pater
3074 2391 3178 2437 est.
3209 2381 3293 2437 Ab
3324 2382 3489 2453 hujus

1926 2470 2089 2542 igitur
2119 2470 2412 2527 Naassonis
2436 2472 2607 2542 stirpe
2656 2471 2919 2527 Dominus
2947 2471 3245 2527 secundum
3269 2487 3489 2528 carnem

1930 2568 2085 2615 ortus
2114 2569 2217 2615 est.
2258 2559 2395 2633 Ergo
2414 2561 2557 2615 haud
2586 2569 2792 2616 temere
2813 2563 3219 2631 permistionem
3249 2578 3371 2617 cum
3404 2578 3492 2619 re-

1924 2655 2011 2725 gia
2038 2653 2184 2707 tribu
2215 2655 2376 2709 divus
2432 2654 2697 2724 propheta
2739 2652 2962 2718 docuit;
2996 2654 3090 2709 sed
3121 2662 3179 2708 ut
3211 2640 3488 2710 Christum

1928 2746 2213 2800 Dominum
2239 2762 2303 2799 ex
2351 2753 2583 2815 utraque
2612 2754 2968 2817 propagatum
3011 2745 3340 2812 ostenderet,
3394 2748 3489 2817 qui

1924 2838 2068 2908 regis
2092 2838 2349 2891 nimirum
2378 2853 2667 2908 personam
2722 2846 2886 2908 atque
2911 2840 3185 2907 pontiﬁcis
3216 2839 3355 2893 inter
3383 2838 3487 2892 ho-

1927 2933 2101 2987 mines
2124 2939 2377 3001 gesturus
2429 2938 2567 2986 erat.
2602 2929 2698 2983 Vel
2745 2930 2979 2999 denique
3012 2932 3091 2985 ha:
3122 2938 3365 3002 cognata:
3392 2946 3491 3000 ap-

1928 3024 2223 3096 pellantur,
2252 3023 2382 3094 quia
2412 3023 2480 3079 de
2516 3021 3486 3097 eodempregeuitochacobocute.

1194 3139 1277 3194 Ex
1308 3140 1523 3196 Ροεδὶιή
1558 3152 1743 3196 catena
1775 3142 1831 3195 in
1867 3139 2060 3196 Matth.
2090 3155 2219 3195 tam.
2253 3138 2291 3205 Ι,
2316 3156 2370 3209 p.
2395 3140 2447 3194 8.

316 3253 395 3299 ιε’.
422 3246 530 3317 (56)
560 3248 947 3321 Προσηκόντως
974 3252 1229 3325 ἐζήτηται
1265 3256 1296 3326 ἡ
1334 3257 1480 3309 αἰτία
1509 3256 1576 3309 δι’
1604 3258 1669 3328 ἦν
1702 3257 1831 3312 ἄνω-

2006 3254 2093 3310 15.
2117 3253 2353 3309 Eusebii.
2378 3252 2568 3310 Merito
2601 3255 2829 3325 quaéstio
2855 3262 2974 3310 orta
3024 3264 3107 3312 est
3136 3258 3489 3327 quamobrem

240 3336 335 3391 θεν
365 3340 394 3390 ὁ
425 3337 699 3401 Ματθαῖος
753 3344 1044 3412 ἐποιήσατο
1074 3345 1171 3416 τὴν
1208 3345 1301 3400 τοῦ
1352 3347 1586 3416 Χριστοῦ
1630 3363 1819 3415 γενεα-

239 3428 449 3497 λογίαν,
482 3432 509 3482 ὀ
534 3430 590 3483 δέ
624 3448 686 3500 γε
712 3434 922 3497 Λουκᾶς
943 3436 1181 3490 κάτωθεν
1213 3439 1305 3491 καὶ
1334 3438 1392 3502 ἐξ
1425 3439 1668 3501 ἐναντίας
1690 3455 1703 3469 ο
1728 3440 1820 3491 καὶ

242 3522 455 3591 ῥητέον,
494 3522 569 3587 ὡς
615 3526 714 3577 οὐκ
748 3526 944 3580 ἄτοπον
985 3528 1191 3582 ἄνωθέν
1219 3547 1278 3582 τε
1324 3532 1417 3583 καὶ
1449 3530 1691 3583 κάτωθεν
1721 3531 1820 3602 τὴν

240 3612 412 3684 αὐτὴν
448 3613 682 3684 βαδίζειν
720 3617 865 3671 ὁδόν·
895 3614 961 3689 ἦν
988 3620 1095 3690 γὰρ
1117 3622 1209 3673 καλ⁵
1238 3620 1394 3674 τοῦτο
1420 3621 1583 3675 πάλαι
1608 3624 1674 3691 τῇ
1703 3620 1821 3693 θείᾳ

240 3703 433 3776 Γραφῇ
488 3705 740 3778 σύνηθες’
772 3707 915 3763 οὕτω
954 3711 1062 3781 γὰρ
1098 3712 1190 3764 καὶ
1246 3712 1409 3765 Δαϐὶδ
1461 3714 1519 3765 ὲν
1555 3715 1620 3783 τῇ
1661 3711 1816 3764 Ῥοὺο

239 3794 448 3848 ἀνωθεν
474 3797 892 3866 γενεαλογείται,
929 3799 1111 3864 καθὼς
1149 3802 1242 3855 καὶ
1283 3802 1431 3874 παρὰ
1457 3802 1535 3872 τῷ
1557 3802 1818 3873 Ματθαίῳ

237 3887 268 3938 ὁ
292 3887 527 3956 Χριστός
547 3907 560 3920 ·
590 3891 683 3943 καὶ
711 3891 767 3943 ὲν
792 3894 855 3962 τῇ
878 3891 984 3944 τῶν
1017 3892 1306 3947 Βασιλειῶν
1338 3894 1393 3947 δὲ
1434 3894 1622 3966 πρώτῃ
1654 3894 1819 3965 βίϐλῳ

238 3974 268 4025 ὁ
292 3972 387 4025 τοῦ
415 3975 666 4048 Σαμουὴλ
701 3978 884 4051 πατὴρ
913 3981 1154 4035 κάτωθεν
1185 3983 1603 4053 γενεαλογείται,
1646 4002 1820 4057 παρα-

240 4064 490 4137 πλησίως
524 4068 600 4138 τῷ
630 4072 834 4142 Λουκᾷ.

1927 3345 2215 3401 Mattbaaus
2266 3359 2501 3414 superne
2558 3346 2794 3401 texuerit
2841 3345 3045 3402 Christi
3101 3347 3489 3419 genealogiam,

1925 3437 2106 3493 Lucas
2132 3445 2309 3491 autem
2348 3436 2560 3491 inferne
2593 3445 2754 3507 atque
2803 3453 2868 3492 ex
2920 3438 3168 3494 adverso.
3210 3439 3379 3495 Porro
3406 3440 3491 3494 di-

1926 3530 2157 3585 cendum
2218 3537 2324 3594 est,
2375 3530 2511 3584 nihil
2537 3528 2651 3585 ﬁeri
2708 3530 3025 3592 absurdum,
3058 3531 3106 3586 si
3161 3532 3347 3588 eadem
3398 3535 3487 3587 via

1928 3636 2147 3677 sursum
2205 3620 2570 3688 deorsumque
2616 3626 2891 3688 pergatur.
2953 3619 3087 3674 Nam
3134 3627 3189 3675 et
3242 3620 3329 3675 hic
3359 3621 3491 3676 olim

1928 3711 2224 3782 Scriptura:
2248 3711 2445 3765 divinae
2506 3725 2625 3765 mos
2674 3709 2809 3765 fuit:
2846 3711 3045 3781 quippe
3078 3714 3152 3765 ita
3186 3710 3405 3766 Davidis
3434 3712 3489 3766 in

1927 3802 2121 3857 Rutilae
2165 3802 2303 3857 libro
2351 3818 2587 3872 superne
2634 3801 2900 3857 evolvitur
2950 3801 3283 3873 genealogia,
3339 3801 3489 3856 haud

1927 3910 2088 3949 secus
2139 3909 2302 3965 quam
2362 3893 2567 3949 Christi
2615 3894 2756 3965 apud
2816 3892 3143 3948 Matthaeum.
3198 3893 3402 3949 Contra
3433 3892 3491 3948 in

1925 3986 2065 4040 libro
2093 3984 2297 4055 Regum
2328 3986 2528 4055 primo,
2571 3985 2840 4041 Samuelis
2869 3992 3023 4056 pater
3046 4000 3266 4042 sursum
3295 3984 3490 4041 versus

1923 4078 1991 4131 ad
2020 4077 2347 4148 genealogis:
2387 4078 2588 4134 fontem
2632 4077 2983 4150 perducitur,
3028 4077 3187 4134 sicuti
3238 4077 3296 4133 ﬁt
3344 4077 3489 4149 apud

1922 4169 2144 4225 Lucam.
3205 4176 3213 4185 '

1329 4280 1375 4336 E
1404 4294 1592 4338 catena
1617 4282 1814 4338 inedita
1837 4285 1889 4338 in
1918 4285 2094 4339 codice
2126 4285 2403 4339 Vaticano.

314 4385 411 4451 ις’.
448 4387 582 4460 Περὶ
627 4391 816 4443 τούτου
848 4393 877 4444 ὁ
922 4391 1179 4457 Εὐσέϐιος
1212 4395 1269 4448 ἐν
1319 4395 1397 4466 τῷ
1436 4400 1541 4462 Εἰς
1564 4398 1629 4451 τὸ
1674 4399 1825 4452 κατὰ

2000 4398 2087 4453 16.
2122 4397 2356 4453 Eusebii.
2413 4396 2489 4453 De
2550 4396 2656 4451 hoc
2718 4397 2984 4453 Eusebius
3029 4398 3083 4451 in
3140 4411 3303 4468 Opere
3329 4415 3485 4469 super

238 4480 545 4535 Ματθαῖον
578 4482 690 4552 (57)
728 4482 898 4547 οὕτως
919 4499 931 4512 ·
960 4486 1096 4556 Φησὶ
1140 4485 1198 4539 δὲ
1224 4486 1312 4539 τὸν
1344 4488 1529 4543 Νάθαν
1559 4490 1650 4544 καὶ
1686 4508 1819 4560 προ⁹

242 4571 509 4643 φητεῦσαι
536 4573 675 4626 κατὰ
702 4574 769 4627 τὰ
800 4576 857 4628 ὲν
879 4578 997 4638 ταῖς
1023 4576 1325 4643 Βασιλείαις
1353 4580 1642 4652 φερόμενα.
1680 4581 1819 4649 Ἐγὼ

240 4664 319 4729 δὲ,
355 4665 489 4736 φησι
522 4683 624 4729 τις,
646 4667 740 4719 καὶ
767 4666 865 4738 τὴν
894 4667 1070 4721 αἰτίαν
1099 4670 1376 4743 ἐπυθόμην
1410 4672 1505 4743 τὴν
1527 4674 1615 4726 τὸν
1641 4676 1818 4745 μακά-

245 4772 361 4827 ριον
394 4757 607 4810 Λουκᾶν
641 4758 927 4811 ἀποκλίναι
957 4760 1055 4829 τῆς
1086 4760 1351 4831 βασιλείου
1382 4765 1648 4835 φρατρίας
1681 4768 1819 4820 ὑπα-

1927 4491 2238 4546 Mattlueum
2288 4490 2368 4546 sic
2413 4490 2655 4558 loquitur
2688 4508 2701 4544 :
2731 4490 2895 4544 Aiunt
2939 4488 3239 4545 Natbanem
3276 4507 3492 4563 quoque

1925 4582 2354 4655 prophetavisse,
2392 4590 2554 4654 prout
2578 4594 2798 4652 apparet
2853 4597 2919 4636 ex
2949 4581 3015 4636 iis
3046 4596 3166 4651 qua:
3193 4581 3247 4636 in
3282 4581 3490 4653 Regum

1926 4677 2081 4731 libris
2107 4676 2378 4731 feruntur.
2434 4673 2548 4745 Ego
2578 4688 2726 4737 vere,
2756 4672 2938 4743 inquit
2976 4673 3219 4742 quidam,
3266 4688 3489 4729 causam

1923 4783 2141 4838 quoque
2180 4766 2347 4821 didici
2394 4780 2514 4835 quae
2548 4764 2748 4819 Lucam
2806 4780 2836 4818 a
2890 4765 3039 4836 regia
3064 4766 3207 4821 linea
3258 4767 3490 4831 avertit;

242 4848 541 4917 γαγοῦσαν,
565 4848 642 4920 τῷ
666 4851 741 4921 μὴ
764 4852 889 4916 τοὺς
919 4851 1155 4922 βασιλεῖς
1175 4854 1266 4907 ἀπ’
1292 4855 1457 4908 αὑτοῦ
1478 4856 1825 4928 Σολομῶντος)

1930 4858 2050 4929 quia
2084 4860 2294 4915 scilicet
2323 4873 2500 4929 reges,
2525 4859 2692 4912 ducto
2733 4872 2760 4910 a
2808 4854 3105 4913 Salomone
3128 4858 3307 4924 initio,
3329 4873 3485 4915 exce-

241 4940 686 5014 εἱδωλολατρείας
726 4944 1072 5015 καθαρεύειν,
1118 4945 1255 5017 πλὴν
1293 4947 1608 5018 ἐλαχίστων,
1651 4948 1813 5022 ταύτγ

1930 4951 2032 5019 ptis
2056 4948 2428 5019 paucissimis,
2462 4947 2783 5003 idololatriae
2815 4947 3045 5003 crimine
3074 4948 3340 5018 inquinati
3367 4949 3483 5003 fue-

242 5034 683 5104 παραιτήσασθαι
713 5034 810 5105 τὴν
841 5035 907 5088 δι’
940 5036 1119 5090 αὐτῶν
1142 5038 1507 5107 γενεαλογίαν.

1905 5032 2072 5094 φιιηι.
2106 5038 2314 5094 idcirco
2336 5036 2514 5094 Lucas
2544 5053 2573 5092 a
2605 5036 2916 5109 genealogia
2946 5052 3041 5107 per
3068 5037 3168 5091 hos
3198 5036 3490 5091 derivanda

1926 5132 2210 5187 abstinuit.

1262 5239 1344 5293 Ex
1370 5240 1582 5296 Possini
1610 5250 1797 5296 catena
1827 5244 1880 5296 in
1914 5241 2133 5307 Matth"
2169 5254 2210 5300 ι.
2240 5245 2282 5306 1,
2307 5260 2361 5315 ρ.
2394 5247 2428 5299 8

317 5353 405 5418 ιζ’.
443 5354 556 5427 (58)
591 5356 917 5412 Εὐσεόίου.-
943 5357 1053 5427 Τὴν
1094 5357 1187 5412 τοῦ
1224 5360 1388 5414 Δαὸὶδ
1416 5362 1702 5432 μετάνοιαν
1731 5364 1823 5415 ἐπὶ

317 5512 361 5545 ⁸⁸
400 5510 561 5567 Rom.
605 5529 693 5580 rx,
734 5514 822 5569 i5.

336 5627 427 5693 53)
467 5627 672 5694 Quast.
705 5646 744 5690 ι.
775 5630 830 5685 8.

337 5698 425 5766 54)
469 5698 667 5766 Supra,
700 5700 805 5755 col.
829 5698 955 5755 968.

337 5715 425 5766 οι)
469 5715 542 5753 Su
587 5715 667 5763 ra,
700 5715 805 5755 σοι.
829 5715 955 5755 seu.

467 5715 688 5841 Berutat
719 5770 833 5824 hae:
863 5769 1152 5825 Africanus
1180 5784 1364 5841 supra.

286 5838 423 5910 .(56)
466 5838 671 5906 Quast.
704 5854 763 5897 ιι.

2005 5364 2090 5416 17.
2126 5362 2361 5417 Eusebii.
2398 5361 2618 5417 Davidis
2663 5360 3039 5432 pcenitentiam
3069 5360 3246 5431 palam
3276 5360 3494 5417 edicens

1993 5627 2350 5704 (S7)_Qu:_e_st.
2387 5645 2467 5682 Ill.
2514 5662 2584 5672 —
2627 5631 2688 5687 In
2735 5630 2967 5690 diversis
3000 5631 3268 5704 .operihus
3303 5629 3493 5687 eadem

1925 5700 2062 5755 dixit
2093 5698 2383 5754 Eusebius.

2001 5770 2113 5841 '58)
2153 5769 2357 5837 Quaest.
2391 5785 2508 5826 vm.
