3954 6514
567 415 674 471 985
1250 411 1518 471 EUSEBII
1556 414 2033 472 CESARIENSIS
2064 414 2212 471 OPP.
2244 394 2422 471 PARS
2459 415 2549 472 Ill.
2586 449 2656 458 ——
2693 416 3107 475 EXEGETICA.
3633 424 3711 480 98!

580 569 3696 602 ..Μ-Ἢ.

633 712 786 779 Quod
820 713 1057 781 superius
1105 713 1464 781 promisimus,
1495 731 1632 769 nunc
1667 731 1722 770 re
1768 716 1885 785 ipsa
1913 726 2250 785 prastamus,
2307 717 2533 788 grandia
2563 734 2743 787 nempe
2780 719 3130 789 qumstionum
3179 717 3389 773 Eusebii
3416 722 3478 773 ad
3501 721 3714 780 Marinum

560 806 919 876 supplementa
953 823 1018 862 ea:
1046 806 1251 864 Nicette
1289 811 1412 881 (qui
1434 812 1747 866 nominatim
1777 811 2063 867 Eusebium
2085 814 2304 885 recitat)
2328 823 2515 869 catena
2537 832 2636 871 ms.
2661 817 2718 869 in
2742 815 2976 879 Lucam;
3002 832 3119 886 qua:
3146 825 3319 885 partes
3339 832 3441 872 non
3460 833 3522 871 ex
3542 820 3715 887 φῆσαι

559 896 650 949 sed
678 898 886 966 ex’ipso
913 899 1113 970 integro
1146 917 1296 970 opere
1327 900 1579 956 detracta:
1608 902 1839 971 fuerunt.
1875 901 2005 956 Mos:
2033 904 2171 958 alias
2198 921 2399 974 quoque
2421 903 2723 959 earumdem
2752 904 2821 958 ad
2851 904 3119 959 Marinum
3141 906 3477 974 qua’stionum
3501 909 3713 977 reliquias,

556 1005 620 1043 ea:
642 990 801 1044 variis
839 992 1140 1047 auctoribus
1169 994 1512 1058 codicibusve,
1529 997 1620 1064 qui
1648 994 1930 1050 Eusebium
1946 997 2071 1051 item
2094 999 2403 1052 nominatim
2429 999 2619 1063 citant,
2645 1014 2893 1054 corrasas
2918 998 3269 1054 subtexemus.
3294 999 3458 1070 Atque
3476 999 3544 1054 ita
3556 999 3714 1057 deum

555 1099 649 1138 nos
677 1091 840 1139 totum
868 1083 977 1154 fere
1008 1086 1078 1140 ad
1110 1083 1378 1140 Marinum
1418 1086 1633 1142 Eusebii
1667 1088 1860 1142 librum
1890 1091 2274 1158 recuperavisse
2303 1088 2598 1158 speramus.

1487 1340 1966 1430 EUSEBII
2042 1341 2839 1433 CIESAMENSIS
3108 1330 3131 1357 ’

979 1530 1101 1593 EX
1136 1530 1515 1597 INTEGRO,
1552 1530 1811 1593 LIBRO
1838 1530 2412 1606 QUZESTIONUM
2442 1533 2556 1593 AD
2595 1534 3005 1600 MARINUM
3028 1535 3351 1598 PARTES

1578 1695 1655 1756 In
1681 1690 1915 1758 Nicetce
1950 1695 2181 1757 Catena
2222 1715 2336 1759 ms.
2376 1697 2456 1758 ad
2484 1696 2737 1761 Lucam.

2114 1877 2187 1893 ...-

1309 1980 1351 2039 Ι.
2953 1984 3028 2035 A’.

613 2075 750 2129 Cum
770 2086 800 2126 a
836 2070 1038 2130 Judaeis
1069 2071 1376 2130 Servatoris
1403 2075 1658 2145 discipuli
1680 2076 1786 2133 sibi
1816 2078 2097 2143 timerent1

2282 2074 2393 2147 (60)
2436 2073 2544 2127 Τοῦ
2589 2072 2754 2142 φόϐου
2800 2071 2911 2126 τῶν
2963 2070 3226 2125 Ἰουδαίων
3272 2071 3598 2141 ἐπικειμένου
3632 2074 3717 2137 τοῖς

546 2164 620 2216 ait
654 2164 891 2220 Joannes
941 2165 1110 2221 fuisse
1150 2181 1246 2222 eos
1290 2150 1648 2237 conﬁegatos
1683 2169 1741 2223 in
1784 2185 1892 2224 una
1923 2170 2105 2237 domo,

538 2252 726 2322 januis
764 2253 966 2309 clausis
997 2263 1218 2325 propter
1253 2264 1453 2310 metum
1473 2254 1803 2313 Judaeorum.
1828 2257 2109 2324 Quomodo

543 2359 671 2416 ergo
696 2345 890 2400 Petrus
931 2361 996 2401 ac
1020 2344 1257 2401 Joannes
1289 2346 1359 2401 ad
1396 2357 1808 2403 monumentum
1846 2365 2107 2420 perrexe-

542 2436 716 2489 runt?
752 2435 817 2490 Et
860 2438 1077 2507 quidem
1120 2447 1385 2508 prasente
1437 2440 1550 2495 illic
1598 2441 1819 2495 militari
1852 2438 2106 2512 praesidio

542 2527 687 2595 quod
717 2526 895 2583 locum
924 2528 1287 2592 custodiebat.
1320 2537 1381 2585 ut
1405 2529 1692 2587 Mattlueus
1721 2539 1974 2588 testatur.
2008 2531 2106 2587 Est

543 2628 723 2682 autem
762 2620 1012 2675 custodia
1043 2622 1353 2693 manipulus
1383 2622 1654 2678 militaris.

610 2797 691 2853 Ad
728 2796 843 2853 haec
870 2798 1126 2862 dicimus,
1154 2799 1431 2868 apostolos
1463 2799 1530 2855 ad
1568 2809 1979 2857 monumentum
2007 2817 2104 2856 an-

540 2889 729 2946 dacter
760 2889 947 2954 ivisse,
972 2899 1132 2948 antea
1164 2893 1385 2948 edoctos
1429 2908 1459 2946 a
1504 2891 1851 2962 Magdalene,
1893 2894 2101 2948 nullum

536 2982 646 3049 jam
681 2981 786 3036 loci
814 2983 1095 3039 custodem
1128 2983 1200 3038 ibi
1231 2998 1538 3053 superesse,
1589 2985 1730 3054 quod
1765 2994 1882 3051 erat
1912 2986 2101 3056 explo-

541 3087 719 3130 ratum
749 3092 815 3133 ex
852 3092 962 3147 quo
1012 3078 1150 3148 lapis
1204 3078 1272 3133 de
1334 3078 1582 3148 sepulcro
1628 3076 1804 3135 fuerat
1849 3081 2099 3147 ablatus;

540 3166 697 3219 aliter
745 3171 925 3221 autem
962 3166 1099 3237 lapis
1148 3165 1275 3221 inde
1307 3167 1521 3223 ablatus
1561 3181 1671 3221 non
1722 3165 1938 3234 fuerat,
1993 3168 2101 3223 nisi

538 3274 662 3312 cum
692 3259 760 3314 de
791 3259 928 3315 cmlo
958 3259 1182 3330 angelus
1211 3260 1386 3314 locum
1409 3258 1598 3330 grandi
1628 3259 1829 3314 lumine
1862 3260 2101 3315 illustra-

536 3352 633 3417 vit,
666 3351 950 3421 ipsumque
980 3352 1209 3407 revolvit
1248 3352 1503 3422 lapidem,
1549 3352 1791 3422 adeoque
1820 3352 2096 3408 terrefacti

2213 2164 2475 2235 μαθηταῖς
2517 2161 2609 2215 τοῦ
2656 2162 2924 2232 Σωτῆρος,
2974 2161 3121 2229 λέγει
3163 2160 3296 2230 γοῦν
3338 2164 3368 2215 ὁ
3420 2161 3716 2233 Ἰωάννηςὼς

2207 2252 2347 2327 ἦσαν
2380 2255 2515 2327 ὁμοῦ
2558 2254 2886 2325 συνηγμένοι
2934 2257 2983 2307 oi
3015 2254 3252 2325 μαθηταὶ
3298 2258 3357 2307 ὲν
3382 2254 3509 2324 οἴκῳ
3533 2255 3614 2315 ivi,
3636 2253 3716 2305 τῶν

2208 2348 2383 2421 θυρῶν
2428 2347 2827 2417 κεκλεισμένων
2877 2345 2965 2400 διὰ
3009 2346 3100 2399 τὸν
3136 2346 3299 2415 φόϐον
3344 2346 3447 2399 τῶν
3484 2345 3715 2399 Ἰουδαίων.

2207 2439 2332 2502 Πῶς
2354 2442 2381 2492 ὁ
2401 2440 2603 2510 Πέτρος
2634 2438 2729 2492 καὶ
2751 2439 2779 2493 ὁ
2804 2437 3056 2508 Ἰωάννης
3088 2438 3348 2507 ἀπήντων
3373 2438 3462 2489 ἐπὶ
3481 2436 3537 2488 τὸ
3556 2437 3716 2506 μνῆμας

2208 2528 2314 2580 Καὶ
2341 2528 2512 2581 ταῦτα
2565 2527 2959 2599 στρατιωτικῆς
2996 2529 3237 2598 φρουρᾶς
3285 2527 3627 2597 φυλαττούσης
3652 2528 3718 2577 τὸν

2204 2620 2386 2683 τόπον,
2415 2619 2488 2683 ὡς
2516 2621 2543 2672 ὁ
2572 2617 2846 2682 Ματθαῖος
2889 2618 3267 2690 ἐμαρτύρησεν
3290 2635 3304 2650 ο
3340 2601 3384 2689 η’
3403 2618 3505 2689 γὰρ
3530 2633 3718 2670 κουστω·

2203 2712 2288 2765 δία
2312 2712 2695 2783 στρατιωτικόν
2720 2715 2836 2764 ἐστι
2866 2711 3070 2781 τάγμα.

2286 2803 2547 2875 Ἐροῦμεν
2571 2803 2627 2856 δὲ
2653 2804 2788 2873 πρὸς
2817 2803 3007 2869 ταῦτα,
3037 2802 3354 2872 θαρσαλέως
3389 2803 3508 2864 τοὺς
3535 2798 3716 2854 ἀποστό-

2202 2895 2327 2959 λους
2372 2896 2743 2967 ἀπηντηκέναι
2782 2895 2873 2948 ἐπὶ
2916 2894 2977 2947 τὸ
3027 2896 3234 2966 μνῆμα,
3278 2891 3716 2965 προμεμαθηκύτας

2206 2989 2357 3059 παρὰ
2384 2990 2486 3059 τῆς
2513 2988 2877 3059 Μαγδαληνῆς
2917 2988 3119 3060 μηδένα
3147 2988 3257 3039 τῶν
3288 2987 3633 3056 φυλαττόντων
3650 2980 3715 3034 τὸν

2202 3081 2366 3134 τόπον
2396 3079 2578 3133 αὐτόθι
2626 3082 2897 3151 παρεῖναι,
2950 3080 3098 3142 ὅπως
3127 3077 3285 3147 δῆλον
3324 3073 3392 3147 ἦν
3422 3075 3524 3130 ἀπὸ
3552 3072 3629 3126 τοῦ
3650 3071 3715 3124 τὸν

2202 3172 2348 3226 λίθον
2373 3168 2536 3247 ⁴ᾗρθαι
2573 3171 2665 3226 τοῦ
2694 3171 2953 3244 μνημείου
2974 3188 2987 3201 ·
3017 3168 3151 3243 ᾔρτο
3183 3170 3240 3222 δὲ
3268 3170 3370 3223 οὐκ
3398 3169 3576 3232 ἄλλως,
3606 3167 3632 3235 ἢ
3659 3163 3715 3232 τῷ

2203 3263 2292 3318 τὸν
2319 3261 2377 3327 ἐξ
2400 3260 2631 3333 οὐρανοῦ
2657 3262 2884 3330 ἄγγελον
2920 3260 3256 3330 ὲξαστράψαι
3286 3259 3379 3312 τὸν
3400 3257 3552 3310 τόπον
3579 3252 3715 3323 πολλῷ

2203 3355 2360 3425 φωτὶ,
2407 3354 2499 3406 καὶ
2542 3354 2701 3406 αὐτὸν
2740 3350 3065 3405 ἀποκυλίσαι
3103 3350 3193 3402 τὸν
3236 3349 3414 3410 λίθον,
3440 3345 3644 3417 φοϐῆσαί
3670 3360 3715 3394 τε

537 3447 666 3495 sunt
690 3420 970 3506 custodes,
1003 3452 1063 3497 ut
1093 3420 1336 3512 lapideos
1368 3420 1755 3513 propemodum
1809 3444 1974 3498 timor
2001 3458 2097 3499 eos

2199 3420 2323 3508 τοὺς
2344 3443 2606 3513 φύλακας,
2644 3443 2719 3506 ὡς
2751 3441 2945 3513 μικροῦ
2979 3441 3089 3494 δεῖν
3130 3442 3222 3494 καὶ
3245 3434 3715 3508 ἀπολιθωθῆναισῦ·

536 3533 774 3589 olfecerit
803 3553 815 3588 :
849 3549 958 3605 quo
993 3532 1197 3590 factum
1221 3544 1325 3599 est,
1363 3544 1423 3589 ut
1461 3535 1498 3589 ii
1523 3534 1577 3589 in
1618 3534 1783 3606 pedes
1825 3551 1885 3590 se
1912 3535 2097 3604 conje-

536 3625 731 3689 cerint,
765 3624 900 3681 adeo
924 3635 982 3680 ut
1012 3642 1170 3683 nemo
1214 3624 1289 3681 ibi
1313 3626 1663 3696 superfuerit,
1692 3626 1950 3696 locusque
1989 3626 2097 3680 illis

535 3717 906 3789 patuerit,qui
950 3717 1014 3771 ad
1048 3717 1324 3773 visendam
1382 3716 1690 3773 Servatoris
1739 3717 2097 3773 resurrectio-

532 3824 656 3863 nem
680 3816 968 3864 venerunt.
1000 3808 1178 3878 Atque
1215 3808 1329 3863 haec
1360 3810 1630 3879 praecipua
1664 3822 1832 3863 causa
1862 3807 1964 3862 fuit
1996 3823 2096 3862 cur

533 3899 758 3970 angelus
787 3898 862 3954 ibi
884 3903 1214 3969 apparuerit.
1241 3898 1437 3970 “Neque
1461 3900 1604 3955 enim
1636 3900 1707 3955 ob
1736 3898 2097 3969 adjuvandam

534 3987 989 4042 resurrectionem
1047 3989 1276 4043 removit
1335 3990 1559 4059 angelus
1617 3988 1868 4059 lapidem,
1922 4003 2098 4058 neque

534 4076 731 4148 lapidis
782 4093 947 4135 causa
982 4081 1241 4151 praedicto
1293 4083 1454 4136 modo
1519 4082 1838 4145 intervenit,
1896 4081 1991 4135 sed
2037 4091 2098 4135 ut

533 4170 791 4227 custodes
820 4172 969 4227 illinc
996 4173 1234 4244 abigeret
1256 4213 1271 4236 ,
1327 4173 1555 4229 feminas
1603 4180 1781 4228 autem
1820 4171 1889 4226 ad
1917 4174 2097 4227 visen-

532 4263 658 4319 dum
678 4267 956 4321 venientes
985 4266 1284 4336 excipiens,
1318 4266 1771 4322 resurrectionem
1827 4265 1908 4320 eis
1952 4281 2095 4319 nun-

531 4355 710 4411 tiaret.
748 4354 950 4411 Harum
984 4358 1141 4413 testis
1166 4373 1347 4413 rerum
1372 4356 1657 4413 blattbzeus
1683 4357 1892 4423 dicens,
1918 4356 2095 4428 angeli

531 4445 725 4499 timore
783 4455 1087 4503 commotos
1135 4448 1413 4511 custodes,
1446 4450 1591 4503 velut
1626 4457 1871 4503 mortuos
1925 4449 2096 4504 exsti-

529 4536 683 4591 tisse.
718 4532 916 4606 Utique
947 4546 1281 4607 praavenerat
1305 4539 1554 4608 angelum
1584 4554 1874 4609 resurgens
1900 4537 2095 4593 Serva-

530 4634 654 4688 tor,
714 4641 891 4695 neque
957 4624 1153 4695 lapidis
1204 4626 1593 4681 revolutionem
1649 4633 2089 4696 exspectaverat;

529 4731 717 4771 verum
741 4716 845 4772 hoc
872 4716 1050 4773 adhuc
1080 4716 1290 4772 foribus
1319 4716 1647 4779 adhaerente,
1674 4725 1727 4771 et
1774 4717 2088 4786 pontiﬁcum
2118 4746 2161 4803 ρ

528 4809 722 4879 sigillis
756 4809 1064 4882 obsignato,
1096 4809 1525 4878 custodibusque
1555 4809 1734 4863 locum
1764 4809 2090 4864 circumara-

527 4901 824 4964 bientibus,
857 4900 1147 4956 invisibilis
1180 4899 1247 4955 de
1276 4908 1629 4954 monumento
1651 4899 1907 4969 prodiens
1932 4916 2087 4955 snam

524 5008 590 5049 ex
615 4991 847 5049 mortuis
869 4992 1051 5047 divina
1075 4992 1277 5047 virlute
1304 4999 1584 5061 peregerat
1608 4991 2084 5057 resurrectionem;

522 5086 618 5140 sed
646 5098 883 5155 quanam
918 5082 972 5137 id
994 5084 1253 5153 temporis
1283 5083 1416 5139 liora
1438 5083 1719 5144 acciderit,
1738 5098 1897 5137 nemo
1918 5098 2084 5138 evan-

520 5177 836 5246 gelistarum
863 5173 1233 5247 significavit:
1268 5174 1338 5230 ita
1373 5185 1433 5228 ut
1459 5174 1679 5244 quidam
1709 5173 1837 5228 huic
1869 5189 2085 5243 quoque

520 5271 598 5325 rei
626 5268 944 5337 tempestive
984 5268 1072 5322 illa
1102 5268 1269 5323 verba
1308 5266 1818 5331 accommodaverit,
1851 5283 1972 5337 quae
2018 5265 2085 5321 de

521 5360 763 5416 universi
813 5360 1286 5415 consummatione
1332 5374 1362 5411 a
1409 5358 1631 5413 Christo
1656 5360 1802 5414 dicta
1834 5358 2086 5423 fuerunt,

521 5468 753 5523 nempe:
788 5469 809 5505 ‹
848 5450 923 5505 De
943 5451 1031 5507 die
1059 5467 1219 5507 nemo
1252 5451 1550 5523 quidquam
1585 5453 1690 5508 scit
1722 5493 1737 5518 ,
1788 5468 1859 5509 ne
1906 5452 2084 5524 angeli

522 5544 736 5613 quidem
767 5543 861 5601 Dei
886 5545 953 5600 ⁸⁸.
989 5563 1007 5598 ι
1041 5544 1131 5599 Sic
1163 5560 1294 5616 ergo
1318 5545 1526 5616 primus
1560 5545 1675 5618 ipse
1701 5545 1876 5602 factus
1904 5559 2088 5601 resuro

586 5697 632 5729 ³⁸
674 5697 861 5751 Matth.
903 5713 1050 5764 mv,
1087 5697 1177 5755 36.

589 5838 698 5908 (60)
740 5837 872 5895 Cod.
906 5837 972 5906 Α,
1006 5838 1045 5893 f.
1079 5838 1203 5896 5l2.

2196 3535 2320 3598 τοὺς
2341 3532 2418 3603 τῷ
2443 3532 2591 3603 φόϐῳ
2610 3549 2624 3562 ο
2668 3532 2761 3585 καὶ
2788 3530 2927 3601 μετά
2950 3529 3120 3584 ταῦτα
3155 3529 3230 3594 ὡς
3273 3529 3422 3591 εἰκὸς
3452 3530 3579 3597 φυγῇ
3611 3524 3713 3595 χρή-

2201 3625 2416 3689 σασθαι,
2466 3626 2543 3688 ὡς
2586 3624 2788 3694 μηδένα
2824 3623 2921 3694 μὲν
2964 3621 3377 3695 περιλειφθῆναι
3409 3620 3592 3681 αὐτῶν,
3622 3632 3715 3686 σχο-

2198 3718 2379 3783 λάζειν
2401 3717 2458 3770 δὲ
2498 3717 2588 3769 τὸν
2628 3717 2790 3769 τόπον
2823 3718 2933 3778 τοῖς
2962 3716 3055 3768 ἐπὶ
3075 3716 3174 3786 τὴν
3207 3714 3337 3768 θέαν
3356 3711 3715 3783 ἀφικνουμένοις

2195 3809 2295 3877 τῆς
2327 3808 2591 3879 σωτηρίου
2633 3806 2979 3867 ἀναστάσεως
3000 3824 3011 3835 ·
3059 3806 3196 3876 αὕτη
3228 3806 3340 3877 γὰρ
3366 3801 3435 3876 ἦν
3468 3797 3712 3874 μάλισταὴ

2197 3900 2343 3953 αἰτία
2372 3900 2471 3970 τῆς
2512 3898 2828 3967 ἐπιφανείας
2875 3897 2968 3951 τοῦ
3015 3896 3263 3965 ἀγγέλου.
3319 3897 3396 3951 Ού
3430 3897 3531 3967 γὰρ
3561 3893 3615 3963 δὴ
3641 3890 3713 3958 τῆς

2196 3993 2538 4054 ἀναστάσεως
2555 3992 2713 4062 χάριν
2743 3990 2988 4044 ἁπεκίνει
3014 3989 3105 4042 τὸν
3131 3987 3297 4053 λίθον,
3322 3988 3432 4042 οὐδ’
3455 3987 3619 4040 ἕνεκεν
3643 3978 3713 4034 τοῦ

2196 4081 2341 4134 λίθου
2393 4081 2587 4143 τοιέςδε
2627 4078 2801 4150 ὤφθη,
2847 4080 2961 4132 ἀλλ’
2987 4079 3073 4133 ἵνα
3100 4080 3224 4143 τοὺς
3256 4078 3359 4151 μὲν
3387 4071 3714 4145 audiar-ﬁ;

2195 4172 2252 4225 δὲ
2271 4172 2568 4243 ἐρχομένας
2595 4172 2685 4223 ἐπὶ
2706 4171 2803 4242 τὴν
2818 4170 2946 4224 θέαν
2966 4169 3380 4238 δεξιωσάμενος,
3411 4169 3505 4241 τὴν
3529 4167 3715 4222 ἀνάστα-

2199 4282 2281 4317 σιν
2313 4265 2503 4326 αύταῖς
2532 4262 2927 4330 καταγγείλειε.
2957 4260 3171 4314 Τούτων
3191 4256 3283 4313 οὖν
3319 4263 3524 4334 μάρτυς
3552 4262 3577 4311 ὁ
3597 4256 3715 4309 Ma:-

2198 4354 2344 4418 θαῖος
2392 4355 2583 4422 λέγων,
2613 4352 2746 4407 Ἀπὸ
2793 4352 2887 4406 τοῦ
2939 4352 3103 4422 φόϐου
3140 4352 3306 4405 αὑτοῦ
3348 4351 3644 4419 ἐσείσθησαν
3673 4340 3711 4391 οἱ

2195 4447 2505 4517 τηροῦντες,
2530 4444 2622 4499 καὶ
2650 4444 2894 4512 ὲγένοντο
2925 4444 3056 4497 ὡσεὶ
3084 4443 3282 4516 νεκροί.
3311 4443 3501 4496 Φθάνει
3525 4438 3608 4509 μὲν
3629 4433 3713 4504 γὰρ

2198 4540 2292 4591 καὶ
2315 4537 2402 4591 τὸν
2433 4536 2660 4604 ἄγγελον
2690 4536 2926 4597 ἀναστὰς
2954 4537 2982 4589 ὁ
3002 4534 3209 4606 Σωτὴρ,
3229 4534 3351 4587 οὐδὲ
3382 4529 3623 4601 ἀναμένει
3640 4524 3715 4593 τὴν

2197 4627 2515 4695 ἁποκίνησιν
2539 4625 2630 4678 τοῦ
2666 4624 2834 4689 λίθου,
2860 4623 2997 4678 ἀλλὰ
3029 4624 3121 4676 καὶ
3141 4623 3329 4676 τούτου
3353 4622 3455 4694 πρὸ
3473 4621 3563 4691 τὴν
3581 4615 3716 4687 θύραν

2198 4719 2471 4789 κειμένου,
2523 4718 2614 4770 καὶ
2656 4720 2767 4780 τοῖς
2810 4715 2916 4768 τῶν
2938 4714 3234 4787 ἀρχιερέων
3269 4714 3595 4785 σημαντῆρσι
3624 4702 3715 4774 (6i)

2200 4807 2756 4879 κατεσφραγισμένου,
2790 4808 2897 4859 τῶν
2938 4823 2997 4859 τε
3031 4806 3280 4878 φρουρῶν
3298 4803 3620 4857 κυκλούντων
3646 4793 3716 4849 τδν

2195 4903 2358 4956 τόπον
2380 4940 2395 4960 .
2418 4899 2625 4971 ἀφανὴς
2654 4895 2720 4970 ἦν
2737 4897 2833 4951 τοῦ
2871 4897 3165 4967 μνήματος,
3192 4895 3286 4966 τὴν
3307 4897 3372 4948 ὲκ
3395 4891 3589 4963 νεκρῶν
3613 4884 3715 4941 ανά-

2198 5010 2381 5046 στασιν
2404 4990 2766 5061 πεποιημένος
2789 4987 2940 5059 θεῖκῇ
2974 4986 3219 5058 δυνάμει,
3254 4986 3374 5039 καθ’
3408 4987 3472 5056 ἣν
3494 4983 3624 5054 ὥραν
3647 4975 3715 5031 εύ-

2192 5085 2302 5148 δεὶς
2328 5084 2488 5151 ἔγνω,
2510 5082 2603 5135 καὶ
2631 5080 2752 5133 καθ’
2768 5080 2825 5132 ὃν
2852 5078 3025 5141 οὐδεὶς
3054 5079 3438 5150 ἐπεσημήνατο
3467 5074 3565 5128 τῶν
3586 5072 3716 5151 after:

2191 5172 2450 5241 γελιστῶν
2479 5168 2667 5243 καιρόν
2687 5186 2699 5199 ·
2736 5167 2862 5220 ὥστ’
2892 5167 2956 5219 ἂν
2997 5167 3168 5219 εἰπεῖν
3197 5167 3463 5237 εὐκαίρως
3505 5160 3610 5214 τινὰ
3642 5146 3714 5208 καὶ

2193 5264 2279 5317 ἐπ’
2307 5261 2471 5316 αὑτοῦ
2503 5261 2661 5315 τοῦτο
2700 5260 2764 5329 δὴ
2811 5259 2869 5312 τὸ
2895 5257 3139 5329 περὶτῆς
3183 5255 3411 5310 καθὸλου
3454 5248 3715 5306 συντελείας

2196 5358 2333 5429 πρὸς
2363 5354 2527 5409 αὐτοῦ
2558 5352 2876 5421 λελεγμένον
2907 5350 2963 5401 ἐν
2995 5348 3091 5419 τῷ,
3133 5367 3150 5399 ι
3183 5348 3315 5417 Περὶ
3340 5346 3394 5398 δὲ
3422 5347 3512 5414 τῆς
3541 5340 3713 5437 sine???

2194 5448 2369 5511 οὐδεὶς
2393 5443 2551 5508 οἶδεν,
2575 5445 2695 5498 οὐδὲ
2727 5447 2777 5497 οἱ
2825 5442 3043 5513 ἄγγελοι
3069 5438 3162 5494 τοῦ
3204 5439 3356 5493 θεοῦ.
3390 5456 3409 5487 ›
3444 5434 3587 5487 Οῧτω
3612 5434 3715 5495 γοῦν

2195 5541 2409 5613 πρῶτος
2448 5538 2609 5605 αὐτὸς
2653 5535 2874 5608 ἀπαρχὴ
2930 5534 3028 5603 τῆς
3072 5532 3413 5591 ἀναστάσεως
3450 5519 3659 5595 γεγονὼς
3690 5513 3715 5567 ὁ

2267 5829 2377 5903 (61)
2417 5828 2503 5886 Al.
2535 5828 2683 5898 cod.,
2718 5827 3069 5901 σημάντροις.
