3954 6492
154 414 255 472 985

970 418 975 423 '
1012 401 1516 459 SUPPLEMENTA
1557 397 2039 470 QUASSTIONUM
2078 396 2168 451 AD
2208 392 2553 450 MARINUM.

3290 395 3396 453 986

155 526 359 598 Σωτὴρ,
403 522 523 578 καθ’
548 524 617 595 ἢν
646 522 795 595 ὤραν
829 522 1005 586 οὐδεὶς
1038 522 1199 587 ἔγνω,
1227 524 1512 594 ἐγήγερτο,
1542 520 1719 575 λαθὼν

1824 519 2081 576 reetionis
2109 515 2383 572 inchoatio
2410 513 2689 579 Servator,
2713 513 2849 570 hora
2872 528 3035 584 quam
3051 528 3211 570 nemo
3234 516 3401 572 scivit

152 620 273 681 τοὺς
305 616 575 682 ἅπαντας,
609 615 702 668 καὶ
740 614 1006 685 ἐγήγερτο
1046 611 1139 666 τοῦ
1168 611 1315 664 λίθου
1356 611 1723 683 μεμενηκότος

153 711 241 764 ἐπὶ
261 710 562 780 σχήματος.
595 704 840 775 Ἀγαθῶν
860 704 917 756 δὲ
939 703 1190 773 ἄγγελος,
1208 703 1514 775 ἀνθρώποις
1540 704 1723 775 παρῆν

151 801 180 853 ὁ
211 798 458 866 ἄγγελος,
511 797 666 852 οὐδὲν
714 795 812 866 μὲν
852 798 919 867 τῇ
973 795 1265 850 ἀναστάσει
1309 794 1395 848 διὰ
1431 794 1532 866 τῆς
1559 793 1723 848 αὑτοῦ
1757 807 1761 811 '

154 891 455 960 παρουσίας
493 888 951 961 συμϐαλλόμενος,
977 886 1047 940 τά
1092 885 1303 957 μεγάλα
1326 886 1384 939 δὲ
1410 889 1475 956 τῇ
1505 885 1613 939 τῶν
1634 885 1726 939 ἁν-

155 979 382 1051 θρὼπων
412 979 824 1051 διακονούμενος
854 977 1126 1049 σωτηρίαι
1152 977 1232 1031 διὸ
1260 977 1352 1031 καὶ
1386 976 1723 1048 ὲξήστραπτε

152 1070 247 1141 τὴν
299 1070 534 1142 μορφὴν,
566 1069 888 1142 λευχείμονα
909 1069 1122 1133 δεικνὺς
1147 1068 1357 1133 ἑαυτὸν,
1387 1068 1480 1121 καὶ
1511 1067 1725 1138 πρῶτος

154 1164 247 1234 τῆς
273 1162 546 1231 σωτηρίου
589 1163 937 1226 ἀναστάσεως
980 1161 1379 1233 ἀπαρχόμενος.
1402 1159 1512 1212 Kal.
1536 1160 1723 1233 ὥσπερ

152 1251 300 1322 ήλίου
350 1250 616 1316 ἀνατολὰς
671 1252 876 1323 ἑρπετά
922 1252 1020 1323 μὲν
1058 1252 1237 1306 ίοϐὀλα
1277 1251 1370 1305 καὶ
1400 1250 1601 1323 θηρίων
1625 1253 1724 1305 ὅσα

153 1341 343 1405 νυκτὸς
369 1342 465 1396 καὶ
503 1342 729 1407 σκότους
753 1344 859 1396 είσὶ
897 1343 1025 1413 φίλα
1067 1343 1277 1412 φεύγει,
1308 1343 1499 1416 ἄνδρες
1521 1343 1578 1396 δὲ
1600 1341 1726 1395 ταύ-

152 1450 246 1496 τας
264 1427 354 1487 οἷα
381 1433 559 1502 φωτὸς
599 1437 878 1503 συγγενεῖς
907 1434 1318 1505 μεταδιώκουσι,
1350 1434 1486 1488 κατὰ
1513 1434 1603 1487 τὸν
1628 1433 1726 1488 αύ-

151 1522 239 1572 τὸν
292 1519 359 1592 δὴ
403 1521 607 1593 τρόπον
665 1524 794 1586 τοὺς
843 1522 942 1593 μὲν
988 1524 1087 1595 τῆς
1137 1523 1395 1594 ἀληθείας
1437 1526 1531 1578 καὶ
1580 1524 1725 1596 ζωῆς

152 1610 399 1683 ἐχθροὺς,
461 1612 691 1669 θανάτου
744 1614 802 1668 δὲ
832 1614 1069 1679 οἰκείους
1097 1616 1192 1669 καὶ
1235 1615 1439 1686 φίλους,
1478 1618 1595 1679 ταῖς
1629 1614 1722 1669 τοῦ

151 1703 327 1772 φωτὸς
356 1704 524 1757 αύτοῦ
563 1709 952 1777 μαρμαρυγαῖς
1001 1707 1462 1778 καταστράπτων,
1499 1708 1724 1779 ἧλαυνεν

147 1796 176 1848 ὁ
205 1795 465 1864 ἅγγελος·
497 1800 610 1861 τοῖς
635 1798 691 1851 δὲ
723 1798 946 1852 ποθοῦσι
980 1799 1079 1871 τὴν
1117 1803 1381 1872 σωτήριον
1411 1800 1722 1863 ἀνάστασιν,

148 1886 353 1959 ταύτην
381 1888 782 1959 εὐηγγελίζετο,
811 1891 1005 1962 σχολὴν
1037 1891 1219 1956 αὐτοῖς
1249 1893 1483 1963 εὐτρεπῆ
1512 1890 1598 1945 διὰ
1625 1890 1727 1961 τῆς

147 1980 253 2032 τῶν
283 1980 538 2053 φρουρῶν
590 1982 906 2046 ἀπελάσεως
948 1983 1235 2056 παρέχων·
1283 1984 1376 2037 δύο
1414 1984 1544 2053 γοῦν
1581 2001 1723 2053 γνω-

149 2074 393 2143 ρίσματα
419 2076 532 2139 τοῖς
558 2075 777 2140 οίκείοις
808 2079 1069 2148 παρεῖχεν
1095 2079 1247 2149 ὁρᾷν,
1279 2078 1378 2148 τὴν
1405 2077 1725 2149 ἀποκίνησιν

146 2164 237 2219 τοῦ
264 2165 440 2229 λίθου,
479 2168 573 2221 καί¹
606 2168 706 2238 τῆς
745 2167 913 2240 θύρας
954 2169 1048 2221 τοῦ
1082 2171 1360 2241 μνήματος
1389 2170 1489 2241 τὴν
1519 2171 1721 2235 ἄνεσιν,

146 2257 329 2313 τῶντε
353 2257 611 2327 φυλάκων
625 2259 721 2330 τὴν
743 2260 922 2326 δίωξιν
938 2279 952 2292 ·
977 2261 1013 2316 ἃ
1035 2262 1098 2334 δὴ
1126 2262 1428 2333 τεθεαμένη
1451 2264 1483 2333 ή
1504 2262 1726 2331 Μαγδαο

146 2349 279 2421 ληνη
312 2353 426 2413 τοῖς
473 2349 740 2421 μαθηταῖς
786 2351 1145 2422 ὲπήγγειλεν’
1191 2353 1240 2405 οἱ
1278 2351 1334 2404 δὲ
1370 2351 1543 2405 ταῦτα
1597 2353 1724 2424 παρ’

147 2443 320 2512 αὐτῆς
360 2443 759 2514 μεμαθηκότες,
798 2443 1111 2516 θαρσαλέως
1151 2446 1404 2516 ἀπήντων
1442 2445 1722 2516 δρομαῖοι,

148 2532 375 2607 μηδενὸς
398 2535 581 2598 αὐτοῖς
613 2534 863 2605 ἐμποδὼν
886 2535 1249 2601 καθεστῶτος.

901 2644 979 2699 B'.

212 2733 329 2806 (62)
363 2735 474 2788 Καὶ
502 2734 619 2798 πῶς
652 2734 871 2799 σκοτίας
918 2733 1105 2807 οὔσης,
1142 2735 1283 2789 κατά
1329 2736 1418 2789 τὸν
1445 2737 1726 2807 εὐαγγελι-

146 2827 276 2897 στὴν
321 2828 594 2899 Ἰωάννην,
617 2827 686 2881 τά
711 2827 841 2881 είσω
874 2827 967 2881 τοῦ
1018 2829 1295 2900 μνήματος
1324 2827 1509 2899 ἑώρων
1549 2832 1595 2883 οί
1632 2829 1724 2883 δύο

148 2917 390 2989 μαθηταί
410 2935 424 2985 ;
459 2920 516 2971 'U
562 2920 671 2992 γὰρ
706 2918 867 2982 αὐτὸς
918 2918 1010 2971 καὶ
1034 2919 1133 2989 τὴν
1172 2917 1317 2991 ὤραν
1343 2920 1725 2991 ἐπεσημήνατο

144 3011 339 3062 εἰπών’
385 3027 406 3061 ‹
442 3007 596 3080 Πρωῒ
656 3009 734 3063 ἔτι
794 3008 1008 3072 σκοτίας
1045 3009 1229 3080 οὔσης,
1274 3028 1292 3062 ι
1325 3011 1417 3063 καὶ
1468 3011 1593 3074 τοὺς
1631 3010 1724 3064 δύο

146 3098 399 3169 μαθητὰς
425 3099 494 3152 τὰ
522 3100 651 3152 εῖσω
671 3101 728 3151 ὲν
755 3098 833 3169 τῷ
855 3100 1096 3170 μνήματι
1131 3099 1522 3170 τεθεαμένους·
1550 3121 1567 3153 ι
1598 3102 1725 3155 Εἰσ-

142 3188 310 3262 ῆλθον
344 3189 475 3262 γάρ,
509 3192 664 3261 φησι,
702 3191 795 3243 καὶ
822 3191 1164 3245 ἐπίστευσαν.
1194 3211 1213 3243 ι

222 3370 567 3443 Ἀρχομένης
610 3371 708 3442 μὲν
754 3372 874 3425 κατ’
914 3371 1088 3443 ἅρχάς
1134 3371 1236 3443 τῆς
1265 3373 1495 3446 ἡμέρας,
1533 3376 1627 3428 ἐπὶ
1660 3375 1723 3428 τὸ

143 3464 340 3535 μνῆμα
369 3463 752 3535 ἐμαρτύρησεν
780 3464 813 3534 ἢ
842 3449 1031 3536 Γραφὴ
1066 3462 1144 3516 ἔτι
1176 3464 1296 3517 τότε
1322 3466 1536 3518 σκοτίαν
1561 3462 1736 3521 εἶναι··

140 3556 285 3627 πλὴν
305 3556 420 3609 ἀλλ’
456 3556 558 3628 ήδη
604 3557 784 3628 πρωῒα
822 3550 890 3627 ἦν
913 3572 926 3586 ’
956 3554 1113 3608 τοῦτο
1139 3556 1194 3609 δὲ
1231 3557 1291 3609 τὸ
1318 3557 1460 3628 πρωῒ
1488 3558 1566 3611 ἔτι
1598 3575 1722 3612 σκο-

138 3650 262 3713 τίας
285 3648 454 3720 οὔσης
487 3648 622 3720 αὐτὴ
655 3648 775 3702 καθ’
801 3648 997 3720 ἑαυτὴν
1044 3647 1223 3701 ἰδοῦσα
1258 3648 1444 3719 Μαρία
1474 3650 1720 3704 ἐπάνεισι

140 3740 280 3812 πρὸς
300 3740 428 3804 τοὺς
460 3739 707 3812 μαθητάς
728 3758 741 3771 ·
777 3736 873 3794 εἴτ’
893 3741 1123 3811 ἄγγελος
1140 3742 1319 3805 αὐτοῖς
1341 3743 1717 3814 παραγίνεται.

150 3835 240 3887 Ἐν
275 3834 342 3905 δὴ
367 3829 461 3887 οὖν
489 3833 567 3905 τῷ
604 3832 805 3904 μεταξὺ
831 3834 1007 3904 χρόνῳ
1061 3834 1195 3906 μετά
1231 3834 1327 3906 τὴν
1352 3836 1574 3908 πρώτην
1594 3838 1720 3906 ἀφι-

138 3926 218 3993 ξιν
278 3926 548 3996 ἀπιούσης
582 3926 752 3996 αὐτῆς
804 3925 941 3998 πρὸς
972 3928 1099 3991 τοὺς
1132 3928 1463 3992 ἀποστόλους
1492 3931 1584 3983 καὶ
1621 3928 1720 4001 τὴν

137 4016 293 4088 ῶραν
349 4014 624 4087 προκόψαι
679 4015 824 4078 εἰκὸς
856 4009 923 4087 ἦν
946 4032 963 4046 ’
992 4016 1260 4071 κάκείνων
1292 4019 1450 4073 πάλιν
1492 4021 1584 4073 ἐπὶ
1632 4021 1722 4074 τὸν

135 4110 315 4178 τάφον
338 4106 771 4178 ἀφικνουμένων,
803 4107 882 4161 ἔτι
915 4107 1113 4178 μᾶλλον
1143 4110 1372 4180 αὐξῆσαι
1398 4113 1486 4166 τὸν
1508 4113 1718 4185 χρόνον,

136 4200 213 4263 ὡς
238 4199 441 4271 μηκέτι
470 4199 688 4252 σκοτίαν
719 4195 876 4263 εἶναι,
910 4200 1023 4254 ἀλλ’
1052 4202 1149 4274 ήδη
1186 4203 1431 4276 καθαρὰ)
1477 4208 1730 4278 ἡμέραν,⁵

136 4293 263 4346 καθ’
292 4293 362 4362 ἢν
385 4292 795 4364 ἀπαντήσαντες
815 4295 861 4345 οἶ
886 4294 1179 4365 εἰρημένων
1214 4297 1307 4348 καὶ
1338 4297 1430 4350 τοῦ
1458 4299 1720 4369 μνημείου

136 4386 299 4449 ἐκτὸς
322 4384 576 4448 ἑστῶτες,
614 4385 800 4456 διορᾷν
828 4384 894 4438 τὰ
922 4386 1051 4438 εἴσω
1076 4388 1300 4458 κείμενα
1329 4388 1511 4442 ὀθόνια
1535 4385 1635 4443 οἷοί
1660 4409 1719 4444 τε

134 4471 309 4547 ἦσαν·
356 4475 452 4528 καὶ
485 4474 619 4528 πολὺ
653 4475 850 4547 μᾶλλον
904 4476 1050 4530 ἔνδον
1095 4477 1396 4549 γενόμενοι,
1436 4479 1541 4533 ὑπὸ
1584 4480 1723 4551 λαμ-

1826 612 2163 673 resurrexit,
2222 615 2449 664 cunctos
2498 608 2713 670 latens,
2775 607 3183 677 resurrexitque
3220 607 3401 679 lapide

1828 711 2041 758 statum
2086 715 2245 757 suum
2298 699 2583 755 retinente.
2641 698 2803 754 Bonae
2852 714 2981 753 vero
3042 699 3120 755 rei
3172 702 3398 756 nuntius

1826 794 1997 849 astitit
2035 792 2348 847 hominibus
2382 791 2628 861 angelus,
2658 790 2795 844 nihil
2839 790 3090 860 equidem
3140 807 3396 847 resurre-

1825 883 1994 937 ctioni
2025 878 2317 952 pra!sentia_
2352 894 2452 936 sua
2502 879 2794 935 conferens
2820 919 2836 942 ,
2881 879 3162 934 hominum
3215 888 3397 935 tamen

1825 975 1987 1031 saluti
2020 974 2312 1045 plurimum
2360 973 2624 1028 serviens.
2684 970 2977 1041 Propterea
3020 972 3296 1027 relucente
3330 972 3396 1028 li—

1824 1082 1960 1139 gura
1992 1081 2127 1121 usus
2155 1052 2260 1131 est,
2292 1071 2347 1119 et
2376 1063 2615 1118 albatum
2651 1069 2823 1117 semet
2864 1062 3125 1127 ostendit,
3155 1064 3398 1132 primus-

1825 1176 1931 1231 que
1952 1158 2372 1215 resurrectionis
2394 1154 2705 1211 Servatoris
2736 1153 2862 1209 fecit
2887 1156 3127 1211 initium.
3152 1155 3218 1210 Et
3236 1158 3398 1213 sicuti

1825 1251 2076 1307 venenati
2126 1256 2409 1320 serpentes
2445 1262 2511 1302 ac
2563 1246 2711 1311 ferae,
2749 1249 2925 1303 noctis
2960 1257 3013 1303 et
3045 1250 3396 1304 tenebrarum

1825 1348 2091 1403 amantes,
2120 1340 2256 1395 solis
2291 1346 2473 1395 ortum
2528 1336 2762 1408 fugiunt,
2799 1338 3049 1394 homines
3079 1349 3269 1395 contra
3298 1357 3399 1396 ceu

1826 1434 1964 1488 lu‘cis
1992 1431 2225 1488 studiosi
2257 1431 2491 1486 libenter
2522 1431 2842 1502 excipiunt;
2888 1430 3078 1487 eodem
3109 1433 3271 1489 modo
3307 1448 3400 1488 ve-

1825 1525 2006 1580 ritatis
2046 1524 2281 1593 vitreque
2335 1522 2543 1586 hostes,
2580 1523 2775 1578 mortis
2804 1530 2984 1577 autem
3015 1522 3316 1578 familiares
3346 1534 3401 1579 et

1826 1620 2051 1683 amicos,
2084 1617 2225 1672 lueis
2249 1616 2630 1687 splendoribus
2670 1615 2941 1670 irradians
2963 1615 3189 1685 angelus
3212 1615 3402 1685 dispu-

1826 1710 1884 1764 lit
1911 1726 1924 1761 :
1963 1709 2426 1765 resurrectionem
2459 1724 2591 1763 vero
2619 1706 2924 1763 Salvatoris
2949 1706 3398 1777 exspectantibus

1826 1803 2116 1867 nuntiavit,
2156 1803 2386 1858 liberum
2423 1802 2531 1856 illis
2567 1802 2772 1856 aditum
2804 1810 2929 1870 post
2976 1799 3266 1855 custodum
3300 1799 3396 1854 dem

1827 1894 2132 1966 pulsionem
2166 1894 2438 1964 praebens.
2489 1890 2717 1946 Gemina
2752 1892 2918 1961 igitur
2952 1891 3145 1944 amicis
3199 1890 3400 1955 indicia

1826 1984 2121 2057 Spectanda
2162 1986 2395 2045 obtulit,
2460 1983 2656 2053 lapidis
2712 1998 2905 2053 nempe
2962 1984 3397 2048 revolutionem,

1826 2076 2164 2131 monumenti
2200 2083 2357 2147 porta
2381 2075 2492 2145 jam
2512 2081 2751 2144 patente,
2782 2082 2836 2127 et
2868 2073 3160 2127 custodum
3190 2072 3399 2143 fugam.

1825 2169 1956 2235 Quae
2002 2168 2197 2224 videns
2248 2166 2566 2238 Magdalene
2618 2166 2906 2238 discipulis
2950 2166 3267 2221 nuntiavit:
3304 2166 3399 2235 qui

1826 2261 1912 2315 his
1944 2260 2201 2331 cognitis,
2227 2260 2486 2314 audacter
2515 2274 2791 2328 cursuque
2819 2268 3038 2313 conento
3069 2258 3199 2312 illuc
3219 2296 3234 2310 .
3304 2271 3402 2313 ne-

1824 2355 1971 2410 mine
1997 2353 2344 2425 impediente,
2379 2359 2764 2423 properarunt.

2580 2644 2648 2701 11.

1895 2740 2215 2807 Quomodo,
2260 2737 2506 2795 tenebris
2540 2738 2719 2792 adhuc
2759 2752 2819 2793 se
2853 2737 3297 2803 intendentibus,
3339 2744 3401 2792 ut

1800 2825 1902 2885 'ait
1931 2831 2263 2902 evangelista
2284 2829 2543 2895 Joannes,
2575 2846 2638 2885 ea
2672 2846 2791 2900 qua:
2814 2829 2958 2884 intra
2986 2841 3400 2885 monumentum

1825 2933 1981 2979 erant
2009 2924 2263 2994 discipuli
2287 2924 2395 2978 duo
2428 2923 2718 2979 viderunt?
2740 2922 2985 2994 Namque
3033 2923 3173 2978 idem
3208 2923 3399 2977 horam

1825 3032 2043 3087 quoque
2077 3016 2407 3088 signiﬁcavit
2450 3016 2638 3070 dicens
2664 3035 2675 3069 :
2706 3033 2724 3066 ι
2756 3013 2935 3079 Mane,
2955 3031 3079 3069 cum
3107 3013 3287 3070 adhuc
3313 3021 3399 3068 te-

1828 3109 2009 3165 nebrae
2032 3118 2235 3164 essent.
2277 3128 2295 3161 ι
2334 3107 2401 3161 Et
2431 3122 2577 3175 mox,
2600 3107 2739 3162 duos
2772 3106 3075 3177 discipulos
3103 3122 3223 3178 quae
3256 3108 3400 3163 intra

1749 3210 1792 3268 C
1826 3209 2239 3259 monumentum
2275 3210 2429 3255 erant
2458 3198 2679 3255 vidisse.
2727 3217 2746 3250 ι
2790 3198 3161 3254 lntroiverunt
3210 3199 3355 3254 enim
3382 3238 3398 3265 ,

1823 3295 2025 3365 inquit,
2049 3302 2104 3348 et
2135 3292 2501 3347 crediderunt.
2541 3310 2559 3342 ι

1891 3384 2078 3439 Primo
2121 3382 2228 3437 diei
2260 3381 2625 3452 crepusculo,
2678 3377 2822 3450 apud
2876 3379 3187 3449 sepulcrum
3246 3378 3398 3433 Scri-

1823 3484 1983 3546 ptura
2012 3471 2148 3527 dicit
2182 3470 2359 3525 adhuc
2380 3468 2639 3524 tenebras
2668 3468 2870 3534 fuisse;
2903 3468 2994 3522 sed
3022 3473 3201 3519 tamen
3234 3481 3395 3521 mane

1818 3569 1929 3638 jam
1958 3573 2106 3629 erat,
2158 3577 2269 3635 quo
2319 3561 2696 3626 subobscuro,
2750 3559 2866 3614 sola
2910 3557 3069 3613 rediit
3099 3556 3267 3611 Maria
3326 3558 3395 3612 ad

1822 3658 2142 3730 discipulos.
2202 3652 2403 3710 Deinde
2438 3651 2662 3722 angelus
2696 3649 2830 3720 ipsis
2887 3648 3222 3720 supervenit.
3276 3644 3399 3701 lam

1822 3753 1926 3807 hoc
1956 3747 2278 3805 intermedio
2306 3754 2572 3815 tempore,
2604 3754 2727 3815 post
2750 3742 2983 3814 primum
3028 3740 3148 3811 ejus
3171 3739 3237 3794 ad
3267 3754 3395 3809 apo-

1823 3845 1991 3900 stolos
2023 3840 2349 3901 adventum,
2392 3837 2582 3892 horam
2646 3836 2815 3890 ferme
2844 3832 3154 3897 transiisse,
3192 3830 3395 3888 verisi»

1822 3937 1953 3991 mile
1984 3944 2069 3992 est
2102 3954 2115 3990 :
2152 3942 2266 3989 tum
2292 3933 2400 3987 illis
2432 3930 2499 3985 ad
2544 3929 2856 3999 sepulcrum
2886 3924 3144 3981 euntibus
3169 3963 3183 3987 ,
3217 3922 3397 3994 majus

1822 4031 2000 4085 adhuc
2021 4030 2263 4098 elapsum
2294 4034 2531 4095 tempus,
2571 4023 2645 4077 ita
2668 4028 2728 4075 ut
2753 4020 2866 4091 jam
2896 4019 3135 4074 tenebrae
3174 4031 3281 4071 non
3308 4029 3398 4070 est

1823 4129 1964 4184 sent,
1995 4119 2087 4173 sed
2108 4132 2241 4188 pura
2263 4117 2412 4182 dies;
2436 4127 2545 4185 quo
2564 4122 2808 4184 tempore
2833 4110 3063 4183 profecti
3103 4108 3230 4163 illuc
3260 4122 3402 4177 pra—

1822 4213 1953 4267 dieti
1993 4190 2269 4279 discipuli,
2295 4215 2559 4277 extraque
2594 4214 3007 4260 monumentum
3064 4208 3350 4255 manentes
3378 4239 3394 4263 ,

1822 4303 1999 4376 posita
2062 4300 2379 4355 linteamina
2436 4307 2682 4369 spectare
2746 4305 3073 4369 potuerunt;
3114 4294 3395 4363 multoque

1824 4393 1995 4458 magis
2036 4388 2162 4441 illuc
2204 4387 2457 4455 ingressi,
2488 4386 2769 4456 splendida
2797 4386 2909 4454 jam
2946 4384 3033 4439 die
3060 4384 3239 4438 locum
3264 4382 3389 4437 illu-

1822 4484 2087 4537 minante.
2118 4480 2245 4535 Mihi
2295 4496 2425 4536 vero
2471 4479 2726 4534 videntur
2771 4477 3089 4533 linteamina
3120 4477 3268 4531 intus
3298 4489 3396 4545 po-

139 4572 287 4643 πρᾶς
328 4568 544 4641 ἡμέρας
577 4568 676 4639 ἤδη
717 4568 812 4621 τοῦ
856 4568 1021 4621 τόπου
1061 4571 1530 4641 κατηυγασμένου.
1568 4574 1722 4626 Δοκεῖ

1824 4575 1927 4630 sita
1982 4572 2498 4628 demonstrationem
2548 4570 2711 4627 simul
2757 4569 3027 4639 przehere,
3080 4582 3282 4637 corpus
3328 4565 3398 4620 ab

134 4662 191 4716 δέ
215 4678 309 4733 μοι
347 4661 418 4715 τὰ
448 4660 629 4730 ὀθόνια
665 4661 811 4715 ἔνδον
849 4662 1076 4732 κείμενα
1102 4662 1237 4733 ὁμοῦ
1267 4665 1362 4734 μὲν
1394 4666 1487 4719 καὶ
1522 4665 1719 4736 δεῖγμα

136 4753 404 4825 παρέχειν
431 4750 525 4804 τοῦ
552 4750 625 4822 μὴ
652 4750 755 4803 ὑπὸ
783 4750 1083 4821 ἀνθρώπων
1106 4747 1270 4823 ᾖρθαι
1294 4752 1354 4805 τὸ
1384 4752 1562 4825 σῶμα,
1584 4756 1720 4827 ὅπερ

135 4846 328 4919 Μαρία
360 4842 627 4899 ὑπέλαϐεν
646 4862 659 4875 ·
685 4845 745 4898 ού
777 4844 887 4916 γάρ
916 4844 980 4898 ἄν
1009 4861 1152 4908 τινες
1171 4846 1233 4899 τὸ
1263 4845 1421 4917 σῶμα
1452 4848 1716 4920 ὑφαιρού-

136 4956 293 5009 μενοι
321 4936 725 5008 κατελίμπανον
752 4937 820 4990 τὰ
856 4936 1061 4990 ὀθόνια·
1089 4936 1208 4991 οὐδὲ
1240 4940 1267 4991 ὁ
1306 4939 1552 4994 κλέπτων
1590 4941 1717 4993 ποτὲ

135 5030 486 5103 περιέμεινεν
529 5028 634 5093 ἕως
657 5028 744 5082 ὅτε
775 5028 1012 5100 ἀναλύσῃ
1038 5028 1103 5082 τὰ
1126 5029 1308 5082 ὀθόνια
1346 5031 1439 5084 καὶ⁵
1478 5033 1718 5086 καταλὰ-

137 5124 306 5192 enm:
328 5138 343 5151 θ
381 5118 517 5191 ὁμοῦ
557 5120 613 5174 δὲ
649 5121 744 5174 καὶ
772 5124 871 5193 τῆς
900 5123 964 5174 ὲκ
1001 5121 1211 5193 νεκρῶν
1249 5122 1600 5188 ἀναστάσεως
1621 5124 1715 5178 τοῦ

136 5214 395 5286 σώματος
427 5206 988 5283 εἶναιπαραστατικά.
1018 5217 1075 5270 '0
1089 5216 1197 5288 γὰρ
1227 5218 1715 5289 μετασχηματίζων

131 5307 203 5360 τὰ
236 5305 470 5377 σώματα
501 5304 599 5376 τῆς
626 5307 1007 5373 ταπεινώσεως
1033 5311 1064 5380 ἡ
1075 5308 1191 5380 μῶν
1208 5308 1341 5374 Θεὸς
1360 5313 1439 5374 είς
1472 5311 1533 5364 τὸ
1574 5307 1713 5366 εἶναι

136 5398 442 5468 σύμμορφα
469 5394 548 5466 τῷ
568 5395 779 5469 σώματι
811 5399 908 5470 τῆς
927 5399 1083 5472 δόξης
1106 5402 1198 5456 τοῦ
1232 5402 1490 5475 Χριστοῦ,
1527 5404 1588 5456 τὸ
1615 5404 1713 5474 μὲν

134 5488 300 5559 σῶμα
347 5488 424 5552 ὡς
463 5489 693 5562 ὄργανον
728 5490 828 5562 τῆς
857 5493 915 5547 ὲν
939 5493 1087 5565 αὐτῷ
1123 5498 1527 5568 κατοικησάσης
1555 5497 1714 5551 δυνά-

137 5595 288 5648 μεως
314 5579 551 5650 ήλλοίου,
609 5582 953 5652 pater“).ka
1008 5586 1101 5641 ἐπὶ
1136 5586 1197 5645 τὸ
1232 5587 1526 5673 θειότερον,
1560 5588 1627 5646 τὰ
1656 5590 1712 5645 δὲ

206 5740 257 5772 ⁸⁸
297 5737 534 5812 Philipp.
574 5756 672 5808 ιη,
708 5743 799 5799 2|.

214 5857 324 5929 (δε)
364 5857 500 5915 Cod.
533 5859 601 5930 Α,
630 5859 668 5918 ι.
698 5860 822 5931 διε,
848 5822 924 5920 ιμ’

1820 4667 2136 4722 hominibus
2171 4681 2278 4719 non
2315 4662 2483 4721 fuisse
2526 4664 2801 4721 sublatum
2829 4702 2845 4728 ,
2902 4676 3062 4718 secus
3119 4675 3182 4714 ac
3228 4658 3396 4713 Maria

1796 4759 2237 4830 suspicabatur:
2288 4772 2465 4829 neque
2513 4756 2659 4813 enim
2704 4755 2797 4826 qui
2847 4769 3048 4825 corpus
3108 4753 3399 4810 subtrahe-

1819 4862 1972 4916 τιεηῐ,
2005 4852 2319 4908 linteamina
2353 4850 2759 4921 relinquerent;
2805 4864 2982 4919 neque
3006 4845 3091 4902 fur
3119 4844 3392 4917 quispiam

1818 4953 2179 5018 exspectaret,
2211 4945 2383 5000 donec
2414 4942 2630 4998 indusia
2663 4943 2995 5006 resolveret,
3037 4948 3198 5011 atque
3229 4939 3302 4992 ita
3334 4938 3390 4992 in

1818 5039 2067 5109 ﬂagranti
2119 5047 2281 5108 raptu
2337 5036 2856 5107 deprehenderetur.
2911 5034 3257 5104 Caeteroquin
3299 5032 3392 5086 illa

1820 5130 2068 5185 suscitanti
2098 5146 2163 5185 ex
2193 5140 2365 5185 morte
2403 5130 2655 5199 corporis
2692 5128 2895 5184 indicia
2924 5136 3101 5182 erant.
3133 5123 3267 5178 Nam
3299 5124 3391 5194 qui

1819 5222 2137 5278 reformabit
2174 5238 2404 5293 corpora
2448 5222 2773 5276 humilitatis
2790 5227 2991 5275 nostrm
3012 5217 3176 5280 Deus,
3199 5224 3259 5271 ut
3281 5216 3393 5271 sint

1817 5315 2116 5372 conl'ormia
2142 5316 2357 5387 corpori
2379 5315 2565 5387 gloria:
2586 5314 2812 5379 Christi,
2839 5320 2971 5367 tunc
2992 5310 3155 5367 etiam
3186 5324 3388 5380 corpus

1818 5408 2038 5480 quidem
2067 5423 2332 5479 organum
2360 5407 2718 5463 inhabitantis
2764 5405 2820 5461 in
2860 5406 2983 5475 ipso
3025 5402 3248 5459 virtutis
3295 5401 3396 5454 im»

1818 5500 2069 5566 mutavit,
2098 5498 2166 5554 ad
2219 5499 2541 5554 diviniorem
2576 5506 2776 5552 statum
2815 5494 3120 5551 reformans
3151 5494 3240 5559 ⁸⁸;
3287 5492 3391 5546 lin-

1817 5594 2054 5651 teamina
2083 5600 2288 5663 autem,
2314 5608 2410 5649 ceu
2458 5592 2674 5649 inutilia
2707 5600 2759 5646 et
2788 5589 3036 5663 corporis
3068 5585 3392 5646 substantia
