3954 6514
651 433 756 492 987

1331 427 1598 485 EllSEBll
1637 427 2112 485 CxESARlENSIS
2145 427 2295 484 OPP.
2335 427 2517 482 PARS
2556 425 2644 482 ΠΙ.
2685 457 2754 466 -
2792 425 3200 482 ΕΧΕΟΕἹἸΟΑ.
3699 437 3771 493 933

653 548 852 612 aliena,
880 548 1047 603 missa
1073 545 1220 603 fecit.
1241 545 1558 615 Opportune
1585 546 1810 616 insuper
1841 545 2055 601 videtur
2085 545 2211 599 mihi

2287 592 2290 602 ,
2319 543 2499 597 ὀθόνια
2527 543 2601 606 ὡς
2625 540 2855 613 περιττά
2878 541 2972 595 καὶ
2996 541 3246 611 ἀλλότρια
3275 540 3368 611 τῆς
3397 541 3478 594 τοῦ
3498 561 3694 614 σωματος
3710 549 3771 602 εὖ.

652 641 914 694 accidisse
951 645 1010 692 ut
1045 635 1239 692 Petrus
1283 653 1346 692 ac
1397 635 1634 693 Joannes
1681 637 1746 691 ad
1803 644 2214 693 monumentum

649 731 896 788 venirent
937 728 1083 782 clara
1109 727 1221 798 jam
1263 727 1351 782 die
1397 727 1788 798 splendidaque
1837 728 1991 793 luce;
2049 743 2117 783 ne
2168 729 2216 782 si

648 819 786 878 forte
821 820 876 874 in
903 827 1062 874 nocte
1084 834 1148 874 ae
1178 819 1417 875 tenebris
1447 820 1834 884 accessissent,
1863 820 1981 892 ejus
2014 822 2090 877 rei
2122 837 2215 877 su-

648 913 944 983 spicionem
972 911 1294 981 praeberent,
1323 926 1488 980 quam
1521 910 1635 980 jam
1672 910 1958 982 pontiﬁces
1989 912 2215 968 mentie—

646 1004 881 1069 bantur,
939 1019 1135 1074 nempe
1185 1003 1332 1074 quod
1383 1010 1549 1057 noctu
1600 1003 1880 1058 venientes
1927 1002 2213 1058 Dominum

649 1095 1019 1153 sustulissent.
1083 1093 1270 1164 Itaque
1335 1108 1509 1164 neque
1559 1103 1722 1149 noctu
1745 1102 2110 1150 accesserunt
2158 1094 2213 1149 hi

647 1185 772 1248 viri,
803 1185 886 1240 vel
908 1185 1149 1241 tenebris
1174 1185 1350 1238 adhuc
1383 1200 1440 1240 se
1467 1185 1871 1241 intendentibus
1891 1225 1905 1248 ,
1940 1185 2035 1240 sed
2067 1185 2215 1241 clara

642 1275 753 1346 jam
785 1276 1092 1331 lucescente
1124 1275 1232 1331 die.
1265 1275 1420 1345 Quod
1463 1276 1509 1331 si
1541 1275 1759 1332 dicente
1788 1275 2101 1349 Evangelio,
2130 1278 2214 1333 di-

592 1429 610 1440 .
645 1366 886 1438 scipulos
914 1382 1042 1434 una,
1068 1366 1194 1436 quia
1223 1365 1440 1422 Judaeos
1469 1366 1755 1433 timebant,
1785 1367 1958 1424 fuisse
1987 1383 2216 1440 congre-

644 1467 819 1531 gatos,
850 1458 1172 1515 adversetur
1199 1460 1397 1530 aliquis
1414 1459 1600 1515 dicens
1627 1477 1640 1515 :
1666 1458 1951 1526 Quomodo
1971 1439 2212 1531 ergoqui

644 1567 703 1606 se
744 1551 1170 1616 concluserant,
1223 1551 1290 1606 ad
1327 1559 1738 1606 monumentum
1793 1551 2082 1606 veniebant
2127 1551 2216 1607 die

641 1642 963 1714 splendida?
987 1645 1416 1715 respondemus,
1473 1645 1593 1701 illos
1626 1659 1758 1700 sane
1807 1645 1902 1714 qui
1941 1643 2116 1699 media
2159 1644 2212 1698 in

647 1734 780 1788 urbe
831 1731 1142 1788 Judaeorum
1172 1732 1528 1798 habitabant,
1563 1749 1662 1804 par
1690 1732 1859 1788 fuisse
1897 1743 1957 1787 ut
2001 1748 2110 1788 una
2157 1733 2212 1787 in

644 1825 807 1879 domo
834 1823 1078 1879 conclusi
1125 1840 1316 1880 omnes
1359 1825 1521 1881 simul
1556 1834 1874 1880 manerent:
1907 1825 2000 1895 qui
2032 1833 2210 1881 autem

645 1916 712 1971 ad
737 1915 1045 1986 sepulcrum
1068 1915 1304 1983 iverunt,
1327 1917 1454 1987 quia
1480 1923 1634 1971 extra
1657 1918 1845 1972 urbem
1872 1924 2052 1982 erant,
2072 1916 2213 1971 mul-
2244 1887 2285 1942 Β

643 2013 757 2059 tum
786 2006 972 2061 aberat
1002 2013 1060 2060 ut
1091 2005 1305 2062 Judaaos
1332 2008 1628 2074 timerent,
1681 2008 1937 2079 quoniam
1983 2009 2046 2063 ad
2083 2008 2214 2065 soli-

644 2097 842 2152 tarium
895 2097 1073 2152 locum
1123 2104 1176 2153 et
1225 2097 1537 2154 hominibus
1581 2113 1812 2154 vacuum
1863 2099 2210 2156 devenerant.

645 2187 901 2244 Fortasse
926 2189 1089 2243 etiam
1121 2196 1307 2259 spreto
1352 2197 1671 2244 exterarum
1703 2190 2097 2261 discipulorum
2146 2191 2214 2246 ti-

644 2297 794 2338 more
835 2280 1029 2338 Petrus
1074 2296 1138 2336 ac
1183 2280 1420 2338 Joannes
1447 2324 1461 2347 ,
1519 2284 1638 2339 ausi
1694 2293 1822 2339 sunt
1876 2284 2214 2340 conﬁdenter

643 2371 806 2428 domo
841 2373 1078 2442 prodire,
1119 2372 1246 2428 dum
1281 2374 1462 2429 caeteri
1494 2375 1547 2429 id
1575 2374 1797 2430 minime
1838 2374 2016 2431 facere
2045 2375 2214 2432 aude~

644 2475 783 2528 rent,
809 2472 1006 2534 praeter
1059 2465 1159 2521 hos
1210 2465 1348 2521 duos
1391 2466 1579 2530 solos,
1632 2468 1831 2536 quibus
1876 2455 2038 2523 etia'm
2085 2468 2209 2524 alibi

645 2558 818 2630 major
847 2560 1021 2614 honor
1041 2573 1150 2629 prae
1177 2559 1387 2615 caneris
1421 2560 1678 2629 apostolis
1706 2561 2040 2618 attribuitur.

1390 2763 1477 2820 Ill.

715 2875 820 2931 Sed
851 2876 1120 2945 quomodo
1141 2877 1284 2948 apud
1316 2876 1608 2944 Joannem,
1641 2885 1824 2933 audita
1848 2878 2015 2934 Maria
2045 2881 2214 2937 disci-

645 2965 779 3035 puli,
810 2965 1004 3022 deinde
1050 2967 1118 3021 ad
1169 2976 1582 3024 monumentum
1639 2971 1914 3040 progressi
1967 2971 2214 3028 credide-

646 3067 818 3125 runt;
852 3058 994 3128 apud
1053 3057 1253 3113 Lucam
1303 3068 1484 3115 autem
1534 3059 1753 3125 dicitur,
1779 3062 1894 3117 visa
1936 3077 2059 3118 esse
2106 3063 2212 3120 illis

2319 633 2438 697 σίας
2465 633 2634 702 ἠφίει.
2660 631 2882 686 Δοκοῦσι
2919 631 2974 684 δέ
3003 649 3090 703 μοι
3121 631 3258 684 κατά
3297 633 3470 702 καιρὸν
3487 635 3512 685 ὁ
3532 635 3691 706 Πέτρος
3712 642 3774 690 καὶ

2313 726 2342 778 ὁ
2385 724 2634 794 Ἰωάννης
2666 723 2758 777 ἐπὶ
2789 723 2849 776 τὸ
2891 726 3148 794 μνημεῖον
3186 724 3421 794 ἀπαντᾷν
3442 725 3492 776 ἐν
3520 725 3602 796 ήδη
3624 728 3774 799 καθαρᾷ

2314 813 2496 886 ἡμέρᾳ
2521 815 2616 868 καὶ
2644 814 2781 884 φωτὶ
2817 813 3073 885 λαμπρῷ,
3096 813 3170 876 ὼς
3208 812 3269 866 ἂν
3295 812 3367 884 μὴ
3405 814 3575 876 νυκτὸς
3600 817 3673 868 καὶ
3698 835 3776 870 σκο-

2312 906 2433 969 τίας
2476 905 2720 969 ἐλθόντες
2748 904 2906 958 τοῦτο
2950 903 3313 976 ὑπονοηθείεν,
3344 905 3372 956 δ
3397 903 3458 974 δὴ
3492 906 3571 957 καὶ
3587 908 3775 976 κατεψεύ·

2316 1013 2477 1050 σαντο
2503 996 2679 1050 αὐτῶν
2713 997 2761 1050 οἰ
2801 997 3096 1067 ἀρχιερεῖς,
3123 996 3205 1049 ὅτι
3229 994 3417 1058 νυκτὸς
3443 994 3651 1060 ἐλθόντες
3675 997 3776 1050 ἐκλι-

2313 1088 2438 1158 ψαν.
2470 1088 2666 1159 Διόπερ
2695 1088 2755 1140 οὑ
2782 1087 2975 1151 νυκτὸς
3002 1086 3254 1158 ἀπήντων
3289 1087 3338 1139 οἰ
3377 1085 3566 1156 ἄνδρες,
3587 1087 3676 1139 ἀλλ’
3698 1089 3776 1142 οἰᾶ

2317 1179 2532 1242 σκοτίας
2555 1179 2635 1232 ἔτι
2661 1178 2847 1248 οὔσης,
2875 1178 2988 1231 ἀλλ’
3015 1177 3113 1249 ἤδη
3144 1177 3567 1249 καταυγαζούσης
3594 1179 3776 1250 λαμπρᾶς

2315 1272 2544 1344 ἡμέρας.
2578 1273 2638 1324 Εἰ
2668 1271 2723 1324 δέ
2748 1272 2895 1340 λέγοι
2923 1273 2983 1325 τὸ
3005 1271 3332 1339 Εὑαγγέλιον
3362 1271 3432 1334 ὠς
3456 1271 3550 1342 ἄρα
3567 1267 3776 1342 ἦσανόμηῦ

2317 1364 2637 1434 συνηγμένοι
2666 1366 2712 1416 οἰ
2745 1363 2980 1434 μαθηταὶ
3010 1363 3096 1416 διὰ
3130 1362 3220 1415 τὸν
3254 1361 3411 1431 φόϐον
3441 1362 3536 1414 τῶν
3568 1363 3777 1426 Ἰουδαίων,

2314 1449 2434 1510 εἶτα
2479 1456 2614 1529 πρὸς
2647 1455 2804 1508 τοῦτο
2846 1454 3208 1525 ἀνθυποφέροι
3233 1471 3318 1518 τις
3341 1454 3522 1523 λέγων,
3542 1454 3643 1518 Πῶς
3665 1450 3731 1507 οὖν
3749 1459 3779 1507 οἱ

2316 1546 2790 1615 συγκεκλεισμένοι
2835 1545 3061 1614 ἐφοίτων
3103 1545 3194 1599 ἐπὶ
3237 1544 3300 1598 τὸ
3330 1547 3567 1616 μνημεῖον
3594 1548 3638 1598 ἐν
3655 1545 3781 1615 ἡμέρᾳ

2313 1637 2546 1707 διαυγεῖ;
2607 1637 2838 1711 ἐροῦμεν
2874 1637 2955 1690 ὅτι
2996 1638 3123 1700 τοὺς
3155 1636 3254 1706 μὲν
3292 1637 3350 1688 ἐν
3393 1638 3454 1706 τῇ
3494 1635 3618 1688 πόλει
3647 1636 3780 1704 μέσους

2312 1729 2592 1791 οἰκοῦντας
2643 1727 2750 1780 τῶν
2811 1727 3109 1790 Ἰουδαίων,
3161 1725 3307 1790 εἰκὸς
3363 1721 3427 1796 ἦν
3463 1724 3780 1778 ἀποκεκλεῖσθαι

2313 1820 2446 1892 ὁμοῦ
2500 1821 2623 1883 τοὺς
2679 1818 2884 1882 πάντας
2938 1821 2995 1871 ἐν
3034 1818 3167 1888 οἴκῳ
3197 1817 3276 1870 ἐνί
3321 1816 3671 1887 συνηγμένους-
3696 1815 3781 1867 alit

2314 1916 2404 1968 ἐπὶ
2445 1915 2506 1968 τὸ
2553 1916 2743 1984 μνῆμα
2791 1910 3173 1982 ἀφικνούμενοι
3211 1912 3310 1981 τῆς
3346 1908 3536 1972 πόλεως
3577 1906 3695 1970 ἐκτὸς
3722 1907 3779 1958 δνο

2313 2023 2404 2070 τες
2438 2004 2567 2076 (65),
2625 2003 2840 2074 μακρὰν
2887 2001 3182 2072 ἐτύγχανον
3224 2003 3317 2053 καὶ
3347 1997 3438 2052 τοῦ
3469 1999 3563 2051 τῶν
3590 1997 3780 2051 Ἰουδαίων

2314 2094 2501 2163 φόϐου,
2556 2093 2630 2157 ὡς
2663 2094 2755 2146 ἐττί⁵
2806 2091 3134 2163 ἐρημίζοντα
3161 2090 3322 2142 τόπον
3361 2088 3450 2141 καὶ
3479 2086 3652 2159 ἀνδρῶν
3679 2087 3778 2155 ἐσχι-

2313 2183 2513 2255 ληκότα
2535 2182 2840 2255 παριόντες.
2867 2182 3089 2252 Τάχαδέ
3116 2182 3209 2235 καὶ
3237 2181 3507 2252 κρείττους
3534 2177 3666 2249 φόϐου
3681 2177 3780 2246 γενό-

2317 2293 2466 2346 μενοι
2490 2274 2598 2328 τῶν
2631 2272 2885 2346 μαθητῶν
2923 2273 2952 2326 ὅ
2997 2289 3056 2325 τε
3104 2273 3310 2343 Πέτρος
3349 2271 3439 2325 καὶ
3485 2269 3687 2338 Ἰωάννης
3704 2265 3782 2319 τολ-

2317 2369 2614 2441 μηρότερον
2668 2367 2932 2438 ἐθάρρουν
2960 2363 3201 2437 προϊέναι
3247 2364 3342 2417 τοῦ
3367 2364 3526 2425 οἰκου,
3554 2363 3642 2415 τῶν
3663 2361 3781 2414 ἄλλων

2317 2460 2392 2533 μὴ
2411 2461 2565 2513 τοῦτο
2590 2458 2850 2531 πράττειν
2885 2456 3227 2527 τολμώντων,
3269 2455 3302 2526 ἦ
3345 2456 3509 2526 μόνων
3544 2453 3596 2524 δὴ
3624 2451 3778 2510 τούτων.

2312 2554 2362 2608 οἳ
2389 2552 2481 2607 καὶ
2511 2552 2567 2603 ἐν
2597 2553 2708 2614 τοῖς
2739 2550 2916 2613 ἄλλοις
2949 2548 3190 2610 πλείονος
3218 2545 3503 2617 ἠξιωμένοι
3529 2545 3659 2616 τιμῆς
3681 2540 3780 2612 παρὰ

2313 2645 2438 2709 τοὺς
2467 2643 2682 2706 λοιποὺς
2713 2640 3038 2703 ἀποστόλους
3072 2639 3528 2710 μεμαρτυρηνται.

3056 2754 3131 2807 Γ’.

2385 2869 2495 2942 (64)
2559 2867 2702 2924 Αλλά
2739 2867 2856 2930 πῶς
2895 2865 3046 2938 παρά
3076 2865 3174 2937 μὲν
3196 2864 3273 2935 τῷ
3314 2862 3520 2938 Ἰωάννῃ
3532 2862 3613 2932 τῆς
3630 2859 3779 2930 Μαρίας

2313 2963 2641 3026 ἀκούσαντες
2663 2962 2711 3015 οἱ
2731 2959 2986 3032 μαθηταὶ,
3020 2958 3258 3012 κᾶπειτα
3289 2955 3522 3018 ἐλθόντες
3546 2958 3612 3017 είς
3635 2954 3679 3006 τὸ
3698 2969 3779 3020 μνη·

2317 3055 2465 3123 μεῖον
2515 3051 2866 3104 ἐπίστευσανο
2904 3049 3053 3120 παρά
3109 3048 3164 3101 δέ
3206 3047 3298 3117 τῷ
3327 3047 3500 3117 Λουκᾷ
3537 3044 3701 3116 εἴρηται
3725 3039 3779 3091 ὅτι

645 3145 788 3200 sicut
843 3146 1196 3203 deliramenta
1227 3149 1390 3204 verba
1453 3149 1600 3217 ista,
1665 3166 1841 3222 neque
1890 3152 2211 3210 mulieribus

2315 3143 2588 3214 ἐφάνησαν
2641 3141 2868 3196 ἐνώπιον
2916 3140 3094 3195 αὐτῶν
3143 3139 3277 3192 ὡσεὶ
3329 3138 3487 3210 λῆρος
3534 3135 3591 3191 τὰ
3628 3135 3778 3205 ῥήματα

643 3234 979 3292 credidisse?

712 3345 806 3400 Illa
833 3347 973 3417 apud
1003 3346 1266 3404 Joannem
1295 3349 1463 3404 Maria
1493 3354 1781 3423 praecipuis
1815 3355 2074 3423 apostolis
2102 3353 2206 3413 Pe-

642 3443 728 3491 tro
767 3451 831 3491 ac
855 3436 1048 3493 Joanni
1083 3440 1214 3496 solis
1239 3449 1451 3497 secreto
1485 3441 1649 3498 veluti
1684 3458 1797 3499 rem
1841 3444 2013 3501 visam
2061 3458 2209 3504 retu-

643 3527 723 3582 lit.
761 3526 934 3598 Hique
967 3531 1170 3599 pariter
1193 3532 1333 3587 clam
1365 3533 1591 3604 reliquis
1637 3533 1921 3604 discipulis
1953 3537 2053 3593 soli
2083 3553 2206 3593 cur-

642 3619 746 3674 sim
778 3620 844 3674 ad
877 3631 1283 3677 monumentum
1325 3624 1606 3691 abierunt,
1651 3625 2003 3698 videntesque
2034 3631 2206 3686 credi-

642 3712 884 3768 derunt:
920 3713 1164 3784 nihilque
1213 3715 1412 3769 mirum
1453 3724 1537 3772 est
1578 3717 1716 3775 duos
1762 3720 1862 3776 bos
1909 3723 2209 3793 pracipuos

643 3805 919 3874 apostolos
944 3807 1020 3861 rei
1047 3807 1177 3862 visae
1214 3807 1548 3876 credidisse;
1585 3811 1827 3882 reliquos
1856 3821 2057 3878 autem,
2089 3815 2211 3884 qui-

642 3895 747 3951 bus
780 3898 988 3952 nuntia
1032 3897 1245 3952 fuerant
1286 3900 1578 3966 mulieres,
1612 3917 1713 3958 nec
1763 3904 1940 3960 oculis
1975 3907 2210 3976 propriis

642 3987 910 4051 viderant,
937 3987 1081 4043 haud
1116 3989 1204 4045 bis
1232 3989 1390 4045 iidem
1419 3989 1756 4049 adhibuisse.
1783 3993 1924 4050 Ecce
1969 3997 2112 4051 enim
2157 4007 2211 4054 et

642 4077 776 4148 ipsis
806 4095 911 4133 una
944 4080 1285 4151 congregatis
1317 4081 1604 4152 discipulis
1642 4099 1766 4138 eum
1819 4085 2075 4142 Servator
2115 4104 2212 4159 ap-

641 4171 934 4241 paruisset,
968 4181 1026 4229 ut
1054 4170 1293 4230 Joannes
1342 4185 1560 4242 narrat,
1606 4177 1662 4231 lii
1719 4178 1941 4247 quidem
1976 4195 2042 4236 eo
2093 4183 2212 4238 viso

641 4261 812 4332 gavisi
848 4270 1010 4330 sunt;
1041 4261 1278 4320 Thomas
1306 4274 1488 4321 autem
1535 4267 1628 4339 qui
1675 4283 1777 4324 nec
1831 4269 2079 4325 interfuit
2113 4287 2212 4327 nec

639 4353 792 4416 vidit,
825 4369 938 4412 rem
967 4354 1072 4408 sibi
1103 4355 1416 4425 persuaderi
1459 4374 1568 4413 non
1608 4370 1693 4414 est
1734 4375 1948 4430 passus.
1982 4361 2133 4427 Quod
2167 4364 2211 4419 si

639 4444 727 4498 hic
752 4445 1014 4513 apostolis
1050 4461 1156 4500 non
1196 4446 1446 4512 credidit,
1480 4448 1686 4505 frustra
1708 4449 1821 4520 jam
1846 4453 2213 4523 reprehende-

2237 3217 2278 3274 ο
2310 3233 2503 3299 ταῦτα,
2525 3235 2618 3288 καὶ
2649 3233 2908 3304 ἠπίστουν
2937 3232 3158 3298 αὐταῖς;

2384 3349 2450 3402 Ἦ
2497 3348 2595 3419 μὲν
2636 3346 2785 3417 παρά
2832 3346 2908 3416 τῷ
2952 3345 3171 3420 Ἰωάννῃ
3210 3347 3398 3417 Μαρία
3433 3348 3533 3407 τοίς
3585 3341 3778 3410 ἐκκρίτοις

2303 3439 2410 3494 τῶν
2435 3437 2742 3493 ἀποστόλων
2769 3438 2959 3508 Πέτρῳ
2998 3438 3091 3491 καί⁵
3144 3437 3366 3513 Ἰωάννῃ
3393 3439 3556 3510 μόνοις
3588 3435 3648 3497 ὡς
3671 3429 3780 3499 ἁπόῤ’

2309 3535 2469 3603 ρητον
2502 3530 2829 3601 ἐκφαίνουσα
2860 3528 3038 3594 ἐξεῖπε
3071 3531 3133 3583 τὸ
3169 3530 3515 3601 τεθεαμένοψ
3542 3529 3583 3581 οἰ
3607 3523 3774 3580 δέπάὶιν

2305 3627 2556 3690 λαθόντες
2587 3627 2713 3689 τοὺς
2759 3624 2976 3689 λοιποὺς
3016 3624 3262 3696 μαθητὰς
3304 3624 3449 3696 μόνοι
3486 3623 3691 3692 ἀπήντων
3721 3614 3780 3667 ἐπὶ

2306 3719 2367 3773 τὸ
2391 3721 2652 3790 μνημεῖον
2707 3719 2974 3790 δρομαῖοι,
3026 3718 3121 3770 καὶ
3155 3718 3354 3782 ἰδόντες
3389 3718 3694 3771 ἐπίστευσαν·
3718 3708 3780 3759 καὶ

2307 3812 2455 3865 οὐδέν
2485 3828 2549 3880 γε
2577 3807 2645 3882 ἦν
2676 3809 2983 3881 θαυμαστὸν
3013 3810 3138 3873 τοὺς
3169 3810 3266 3880 μὲν
3299 3809 3565 3880 ἐκκρίτους
3585 3803 3668 3859 τῶν
3693 3802 3782 3854 ﬁso-

2310 3903 2508 3956 στόλων
2546 3901 2747 3964 ἰδόντας
2805 3900 3241 3964 πεπιστευκέναι,
3285 3901 3410 3964 τοὺς
3450 3899 3504 3952 δὲ
3534 3895 3706 3955 λοιποὺς
3729 3885 3781 3949 o’n‘

2309 3996 2363 4047 αἱ
2389 3994 2644 4062 γυναῖκες
2669 3990 3026 4062 ἀπήγγελλον,
3059 3992 3153 4045 ἆτε
3189 3990 3261 4061 μὴ
3304 3992 3420 4060 ὕψει
3443 3983 3777 4059 παραλαϐόντες.

2313 4088 2387 4159 μὴ
2421 4084 2706 4139 πιστεῦσαι
2745 4084 2952 4147 αὑταῖς.
2995 4083 3202 4137 Αὐτίκα
3253 4084 3383 4152 γοῦν
3413 4083 3500 4136 καὶ
3523 4081 3669 4140 αὐτοῖς
3691 4071 3779 4143 ὀμιῦ

2311 4177 2666 4250 συνηγμένοις
2712 4179 2823 4241 τοῖς
2877 4174 3140 4247 μαθηταῖς
3192 4175 3446 4244 ὀφθέντος
3487 4171 3568 4226 τοῦ
3605 4167 3780 4234 Σωτῆρος

2287 4270 2290 4272 ⁷
2313 4269 2451 4324 κατά
2474 4270 2562 4321 τὸν
2586 4266 2861 4338 Ἰωάννην,
2894 4267 2943 4320 oi
2981 4266 3076 4336 μὲν
3115 4265 3314 4329 ἰδόντες
3336 4264 3614 4335 ἐχάρησαν·
3640 4256 3780 4324 Θωμᾶς

2310 4363 2387 4422 δέ,
2419 4361 2540 4414 ἐπεὶ
2581 4358 2654 4430 μὴ
2692 4360 2870 4430 παρῆν
2913 4357 3046 4429 μηδὲ
3088 4351 3246 4420 εἶδεν,
3287 4357 3386 4410 οὐκ
3415 4354 3644 4408 ἐπείθετο.
3673 4350 3716 4401 Εἰ
3745 4344 3781 4396 δὲ

2313 4449 2464 4516 οὗτος
2492 4453 2708 4520 ἠπίστει
2728 4453 2840 4512 τοῖς
2868 4449 3203 4512 ἀποστόλοις,
3227 4449 3390 4519 σχολῇ
3419 4449 3468 4516 γ’
3494 4447 3551 4500 ἂν
3585 4433 3782 4514 μέμψαιτό

639 4551 764 4592 mus
810 4547 1066 4601 ueteres,
1117 4538 1210 4607 qui
1259 4539 1386 4608 quia
1417 4555 1522 4594 non
1557 4539 1842 4607 viderant,
1879 4543 2199 4602 mulieribus

2305 4564 2386 4609 τις
2412 4547 2520 4606 τοῖς
2543 4543 2745 4604 λοιποῖς
2773 4542 2854 4594 ὅτι
2891 4541 3112 4612 μηδέπω
3128 4540 3460 4611 τεθεαμένοι,
3493 4541 3588 4599 ταῖς
3610 4528 3782 4601 rami“

638 4626 1094 4683 discrediderunt.
1145 4629 1398 4686 Profecto
1439 4641 1617 4686 autem
1665 4631 1946 4704 Scriptura
1981 4637 2204 4692 multam

636 4717 972 4773 demonstrat
1000 4719 1437 4790 disquisitionem
1471 4737 1535 4777 ac
1569 4725 1912 4780 sedulitatem
1961 4726 2206 4798 discipu-

637 4805 835 4872 lorum,
865 4808 958 4877 qui
993 4809 1132 4864 haud
1165 4810 1321 4867 facile
1352 4812 1544 4870 alienis
1589 4816 1942 4874 sermonibus
1969 4816 2203 4875 conseri~

636 4907 849 4963 serunt,
877 4899 972 4953 sed
998 4899 1174 4969 primo
1202 4901 1407 4971 judicia
1450 4904 1868 4974 suspenderunt,
1891 4909 2069 4978 quoad
2094 4910 2204 4981 ple-

635 4989 862 5044 nissime
895 4998 1058 5061 atque
1108 4995 1391 5064 perSpieue
1440 4998 1664 5053 veritate
1707 5001 1924 5072 cognita
1953 5042 1969 5067 ,
2017 5015 2202 5073 postea

634 5079 820 5136 dicere
845 5089 1108 5152 possent:
1146 5102 1165 5134 ι
1204 5083 1357 5150 Quod
1409 5084 1511 5140 fuit
1539 5088 1608 5143 ab
1653 5090 1840 5158 initio,
1875 5092 2020 5162 quod
2055 5092 2204 5146 audi-

635 5172 835 5236 vimus,
873 5173 1019 5243 quod
1054 5173 1292 5230 vidimus
1321 5177 1496 5232 oculis
1528 5181 1730 5235 nostris
1751 5223 1765 5247 ,
1813 5181 1955 5252 quod
1989 5198 2204 5252 perspe-

635 5261 836 5324 ximus,
867 5269 923 5317 et
953 5277 1147 5318 manus
1177 5273 1378 5319 nostra:
1416 5276 1891 5325 contrectaverunt
1921 5269 1989 5326 de
2024 5269 2200 5326 Verbo

635 5351 759 5406 vita:
787 5352 853 5406 ⁸⁷.
913 5373 932 5405 ι
978 5351 1082 5409 Sed
1117 5355 1263 5410 enim
1295 5356 1459 5410 alium
1488 5373 1702 5428 quoque
1747 5375 1970 5416 sensum
2005 5376 2200 5432 capere

635 5443 725 5500 hic
757 5447 904 5500 locos
941 5454 1138 5516 potest.
1172 5447 1322 5504 Dicet
1350 5449 1494 5504 enim
1550 5450 1784 5508 fortasse
1825 5452 2043 5522 aliquis,
2080 5469 2199 5507 mu-

634 5537 861 5593 lieribus
920 5542 1376 5598 resurrectionem
1431 5542 1736 5602 Servatoris
1787 5547 2199 5615 nuntiantibus,

715 5687 763 5721 ⁶⁷
795 5695 812 5744 l
847 5691 1005 5749 Joan.
1044 5711 1094 5760 ι,
1134 5697 1181 5750 ἰ.

719 5845 818 5920 (65)
859 5847 936 5904 ita
961 5847 1082 5904 cod.

2311 4634 2593 4704 ἠπίστουν.
2625 4629 2830 4700 Πολλὴν
2861 4629 2918 4682 δέ
2951 4628 3179 4699 βάσανον
3211 4631 3305 4682 καὶ
3334 4628 3593 4700 ἀκρίϐειαν
3610 4622 3691 4676 τῶν
3714 4632 3781 4687 μι-

2313 4724 2488 4796 θητῶν
2541 4721 2867 4793 παρίστησιν
2898 4722 2931 4792 ή
2960 4720 3168 4792 Γραφὴ,
3200 4723 3301 4774 οὐκ
3348 4719 3568 4792 εὐχερῶς
3591 4717 3679 4776 τοῖς
3702 4707 3779 4760 τού·

2310 4837 2416 4872 των
2440 4816 2615 4884 λόγοις
2633 4815 2921 4884 συγκατιθε
2929 4814 3122 4885 μένων,
3137 4815 3250 4868 ἀλλ’
3267 4815 3551 4884 ἐπεχόντων
3564 4807 3619 4860 τά
3632 4801 3778 4876 πρῶτα.

2312 4908 2484 4963 εἰσότε
2532 4905 2880 4978 πληρέστατα
2907 4906 3000 4959 καὶ
3037 4906 3280 4977 ἐναργῶς
3308 4902 3524 4974 τάληθὲς
3551 4893 3780 4964 ἐπιγνόντες

2311 5002 2480 5054 εἰπεῖν
2509 4997 2780 5069 δυνηθεῖεν
2804 4998 3051 5068 ὕστερον·
3089 5017 3106 5047 ι
3147 4997 3211 5048 Ὃ
3239 4991 3305 5066 ἦν
3338 4995 3428 5048 ἀπ’
3451 4991 3621 5064 ἀρχῆς,
3648 4985 3777 5047 δάκηο

2313 5094 2540 5163 κόαμεν,
2587 5092 2615 5144 ὃ
2657 5091 2980 5163 ἑωράκαμεν
3007 5091 3118 5151 τοῖς
3143 5087 3430 5158 ὀφθαλμοῖς
3456 5085 3608 5157 ἡμῶν,
3633 5075 3778 5167 δέθεας

2312 5182 2542 5254 σάμεθα,
2590 5183 2682 5235 καὶ
2725 5183 2781 5235 αί
2823 5183 3002 5251 χεῖρες
3043 5179 3197 5249 ἡμῶν
3226 5178 3561 5248 ἐψηλάφησαν
3598 5167 3776 5238 περὶτω

2308 5253 2479 5341 Λόγου
2511 5275 2610 5345 τῆς
2637 5270 2797 5343 ζωῆς.
2836 5292 2852 5322 ι
2894 5273 3044 5340 Ἒχοι
3072 5271 3115 5322 δ’
3142 5269 3206 5324 ἂν
3246 5272 3338 5323 καὶ
3367 5269 3542 5337 ἑτέραν
3571 5253 3777 5314 Etim“

2304 5365 2486 5428 τόπος.
2509 5365 2662 5418 Εἴποι
2689 5365 2796 5437 γὰρ
2830 5363 2894 5416 ἄν
2923 5381 3004 5426 τις
3025 5363 3105 5415 ὅτι
3131 5365 3249 5425 ταῖς
3283 5354 3692 5429 ἀπαγγελλούσαις

2307 5455 2448 5519 Va“?-
2470 5456 2568 5527 τὴν
2595 5456 2886 5510 ἀνάστασιν
2936 5453 3029 5507 τοῦ
3065 5454 3332 5525 Σωτῆρος,
3362 5451 3434 5514 ὡς
3469 5450 3522 5514 ἐξ
3551 5445 3682 5511 ἀκοῆς
3703 5451 3775 5486 των

2307 5548 2579 5618 ὀφθέντων
2606 5548 2791 5611 αὑταῖς
2825 5545 2917 5600 δύο
2943 5545 3150 5620 ἀνδρῶν
3181 5545 3321 5598 κατὰ
3351 5543 3435 5595 τὸν
3478 5536 3654 5593 Λουκᾶν
3708 5535 3775 5578 ουι

2371 5851 2484 5925 (64)
2525 5853 2660 5913 Cod.
2693 5857 2758 5925 A,
2790 5855 2829 5912 f.
2863 5855 2986 5924 512,
3016 5855 3074 5912 b.
