3954 6510
129 452 247 508 989

1011 448 1517 506 SUPPLEM'ENTA
1556 448 2036 519 QUIESTIONUM
2075 447 2167 504 AD
2206 444 2549 503 MARINUM.

3298 444 3403 502 990

132 566 467 621 ἐπίστευσαν
499 563 548 617 oi
574 561 784 627 ἕνδεκα,
810 562 868 616 ὲν
899 556 980 627 οἷς
1008 558 1146 635 ἦσαν
1167 567 1258 619 καὶ
1286 565 1547 637 ὁοῙΙέτρος
1578 568 1671 621 καὶ
1696 568 1725 620 6

1836 572 2086 635 tanquam
2109 578 2176 618 ex
2209 560 2398 616 auditu
2428 560 2661 616 duorum
2711 562 3061 614 ostensorum
3092 557 3230 629 ipsis
3263 557 3406 613 viro-

146 658 429 729 Ἰωάννης,
465 655 601 727 μηδὲ
661 654 815 709 αὐτοὶ
862 656 1306 719 πεπιστευκότες.
1342 658 1420 729 Τῇ
1448 658 1505 711 δὲ
1534 659 1721 730 Μαρίᾳ

133 749 281 804 κατὰ
307 747 401 801 τὸν
443 745 696 818 Ἰωάννην
734 745 963 820 είπούσῃ
984 747 1089 813 ὅτι,
1121 766 1139 799 ι
1171 742 1353 820 Ἦραν
1395 748 1488 802 τὸν
1520 750 1722 821 Κύριόν

131 859 243 914 μου
278 844 346 895 ὲκ
381 838 478 895 τοῦ
527 840 826 911 μνήματος,
870 858 888 890 ι
920 840 982 894 οὺ
1032 840 1294 913 πρότερον
1332 842 1655 896 ἐπίστευσαν
1675 844 1721 895 οἱ

131 935 231 989 δύο
265 931 511 1005 μαθηταὶ
530 930 689 986 τοῦτο
722 931 874 997 αὐτὸ,
902 931 963 986 τὸ
993 928 1161 1005 ἦρθαι
1192 933 1285 988 τὸν
1319 936 1565 1007 Σωτῆρα,
1596 936 1723 1008 πρὶν

132 1028 315 1081 ἐλθεῖν
366 1028 449 1089 εἰς
487 1024 579 1079 τὶν
626 1024 789 1079 τόπον
836 1025 929 1077 καὶ
979 1022 1126 1096 ἔργῳ
1165 1025 1323 1079 τοῦτο
1368 1027 1721 1098 παραλαϐεῖν.

134 1119 271 1171 Ὅτε
292 1115 428 1187 γοῦν
444 1114 693 1186 εἰσῆλθον
717 1111 861 1167 οὗτοι
894 1115 976 1177 εἰς
1007 1114 1068 1167 τὸ
1098 1116 1311 1187 μνῆμα,
1344 1118 1436 1169 καὶ
1455 1117 1523 1171 τὰ
1541 1118 1723 1171 ὀθόνια

134 1206 278 1263 εἶδον
308 1209 468 1281 μόνα,
513 1208 577 1261 τὸ
628 1207 684 1261 δὲ
733 1208 890 1277 σῶμα
912 1208 1167 1279 οὐδαμοῦ,
1203 1210 1323 1262 τότε
1356 1211 1682 1265 ἐπίστευσαν
1706 1229 1718 1241 ο

132 1302 242 1355 τίνι
272 1301 332 1353 δὲ
376 1299 723 1365 ἐπίστευσαν,
768 1298 881 1352 ἀλλ’
915 1298 947 1369 ἢ
974 1299 1050 1370 τῷ
1077 1300 1175 1371 τῆς
1206 1301 1425 1373 Μαρίας
1455 1301 1596 1373 λόγῳ
1622 1304 1723 1374 φή-

140 1412 322 1459 σαντι,
360 1389 575 1466 «Ἦραν
609 1393 699 1446 τὸν
723 1392 927 1465 Κύριόν
961 1410 1061 1463 μου
1088 1410 1103 1458 ;
1129 1394 1265 1447 ι’Διδ
1296 1395 1534 1464 ἐπιλέγει
1566 1395 1720 1466 sas;-

144 1507 162 1538 ι
187 1486 362 1541 Οὖπω
409 1487 519 1558 γὰρ
560 1486 784 1558 ᾔδεισαν
825 1487 921 1559 τὴν
959 1487 1201 1559 Γραφὴν,
1229 1487 1309 1540 δτι
1337 1488 1417 1541 δεῖ
1466 1488 1625 1542 αὑτὸν
1662 1491 1725 1543 ὲκ

137 1577 353 1650 νεκρῶν
374 1578 695 1649 ἀναστῆναι.
735 1596 755 1630 ι

835 1849 846 1855 “
904 1862 977 1914 A'.

1825 673 1970 721 rum,
2002 663 2063 711 ut
2109 656 2185 710 ait
2215 654 2424 717 Lucas,
2462 669 2569 708 non
2618 651 2922 708 credidisse
2969 651 3273 722 discipulos
3303 667 3409 705 un-

1824 751 2022 814 decim,
2041 765 2178 819 quos
2201 749 2343 802 inter
2365 754 2523 802 erant
2545 746 2708 801 etiam
2728 744 2923 801 Petrus
2941 760 3004 800 ac
3024 742 3288 810 Joannes,
3313 746 3408 816 qui

1824 844 2027 915 pariter
2085 840 2544 897 discrediderunt.
2627 837 3013 894 Verumtamen
3072 837 3292 906 Mariae,
3350 845 3411 893 ut

1822 935 2062 991 Joannes
2091 942 2302 997 narrat,
2331 932 2575 988 dicenti:
2618 950 2636 981 ι
2670 930 2957 986 Dominum
2996 946 3175 986 meum
3221 931 3288 985 de
3324 945 3411 985 se-

1826 1028 2014 1099 pulcro
2045 1025 2415 1091 abstulerunt;
2482 1044 2499 1076 ι
2542 1022 2685 1078 haud
2732 1031 2858 1077 ante
2904 1023 3259 1079 crediderunt
3301 1022 3411 1077 duo

1824 1117 2079 1188 discipuli
2104 1117 2350 1187 rapinam
2383 1114 2691 1171 Servatoris
2717 1114 2885 1170 fuisse
2906 1123 3204 1184 peractam,
3224 1128 3409 1184 quam,

1826 1211 1891 1266 ad
1916 1210 2094 1265 locum
2132 1208 2381 1279 profecti,
2409 1223 2524 1262 rem
2556 1208 2730 1261 oculis
2752 1208 2866 1263 suis
2899 1212 3253 1275 usurparunt.
3274 1203 3412 1259 Cum

1826 1302 1881 1357 hi
1914 1317 2045 1372 ergo
2074 1310 2487 1357 monumentum
2520 1301 2752 1370 ingressi
2795 1299 3115 1353 linteamina
3165 1298 3282 1355 sola
3332 1298 3413 1352 vi—

1825 1391 2045 1455 derunt,
2078 1398 2213 1445 tunc
2258 1391 2632 1446 crediderunt.
2668 1390 2900 1445 Cuinam
2932 1389 3009 1443 rei
3042 1405 3204 1460 porro
3235 1388 3415 1444 credi-

1827 1483 2059 1543 derunt,
2099 1481 2208 1535 nisi
2247 1480 2429 1535 Maria:
2475 1480 2696 1535 verbis:
2743 1498 2760 1530 ι
2798 1478 3065 1535 Tulerunt
3119 1479 3409 1535 Dominum

1827 1572 2043 1625 meum?
2078 1591 2096 1623 ι
2118 1570 2409 1640 Propterea
2464 1586 2588 1624 mox
2619 1571 2765 1625 addit
2787 1569 3065 1627 Joannes:
3103 1590 3121 1623 ι
3160 1571 3412 1627 Nondum

1828 1660 1973 1713 enim
2006 1661 2256 1715 sciebant
2292 1658 2629 1729 Scripturam
2652 1699 2667 1725 ,
2722 1660 2867 1730 quod
2916 1670 3192 1731 oporteret
3222 1677 3345 1717 eum
3382 1677 3415 1716 a

1829 1748 2064 1803 mortuis
2097 1764 2401 1820 resurgere.
2443 1768 2461 1801 ι

2578 1862 2668 1917 lV.

207 1973 325 2046 (65)
356 1973 433 2027 T6
464 1974 524 2028 δὲ
555 1972 674 2038 πῶς
714 1972 806 2028 δύο
851 1972 1000 2045 παρά
1038 1972 1127 2026 τὸν
1165 1972 1418 2045 Ἰωάννην
1471 1972 1728 2047 μαθητῶν

1906 1979 2190 2047 Quomodo
2235 1987 2415 2035 autem
2463 1978 2571 2034 duo
2621 1977 2880 2053 dicantur
2922 1991 2952 2030 a
2995 1975 3205 2033 Joanne
3248 1976 3417 2033 disci-

135 2068 406 2123 ἐλθόντων
432 2070 513 2132 εἰς
539 2066 600 2121 τὸ
649 2069 943 2138 μνημεῖον,
990 2065 1198 2138 Πέτρου
1251 2067 1345 2120 καὶ
1401 2068 1667 2131 Ἰωάννου,
1699 2070 1727 2122 6

136 2161 355 2224 Λουκᾶς
384 2159 483 2213 ἕνα
514 2159 672 2229 μόνον
706 2157 869 2231 φησιν
896 2156 1291 2229 ἀπηντηκέναι,
1334 2157 1506 2225 οὕτως
1539 2160 1605 2213 ἂν
1636 2160 1728 2215 λυ-

137 2252 280 2322 θείη.

205 2344 388 2408 Πολὺς
438 2340 508 2415 ἦν
540 2342 568 2395 6
623 2345 825 2415 Πέτρος
870 2346 957 2400 ἀεὶ
989 2350 1053 2419 τῇ
1098 2347 1405 2420 προθυμία,
1449 2343 1522 2410 ὡς
1568 2346 1727 2415 μόνον

138 2438 293 2507 παρά
316 2438 449 2501 τοὺς
480 2437 809 2503 ἀποστόλους
833 2440 1005 2493 εἰπεῖν
1030 2440 1107 2511 τῷ
1133 2440 1343 2511 Σωτῆρι
1373 2458 1387 2471 ’
1428 2459 1447 2491 ι
1488 2440 1605 2494 Κᾶν
1633 2440 1725 2511 δέῃ

140 2544 204 2598 με
237 2529 342 2581 σὺν
375 2528 459 2581 σοὶ
486 2528 792 2592 ἀποθανεῖν,
819 2530 879 2582 ού
919 2531 991 2599 μή
1030 2547 1087 2581 σε
1117 2530 1531 2601 ἀπαρνήσομαιο
1570 2548 1589 2580 ι
1634 2530 1728 2582 καὶ

141 2621 304 2690 μόνον
328 2620 495 2673 πάλιν
517 2620 774 2692 ἐπιϐῆναι
803 2625 915 2686 τοῖς
943 2621 1183 2694 κύμασιν
1212 2623 1441 2687 ἀξιῶσαι
1464 2640 1476 2653 ι
1508 2624 1600 2677 καὶ
1634 2623 1728 2694 μό-

139 2727 225 2765 νον
273 2712 681 2784 ἀποκρίνασθαι
713 2714 808 2767 καὶ
836 2715 1013 2767 εἰπεῖν
1052 2715 1201 2785 αὐτῷ
1232 2733 1246 2747 ⁸
1291 2736 1308 2767 ι
1345 2717 1417 2769 Σὺ
1449 2712 1498 2768 εἷ
1528 2716 1556 2767 6
1591 2718 1726 2788 Χρι-

140 2804 261 2868 στὸς
279 2806 311 2857 6
336 2804 467 2867 Υἱὸς
491 2804 585 2857 τοῦ
611 2804 746 2859 Θεοῦ
769 2805 862 2859 τοῦ
894 2806 1093 2870 ζῶντος
1115 2824 1127 2837 ·
1167 2828 1184 2859 ι
1213 2808 1291 2861 διὸ
1323 2810 1416 2862 καὶ
1441 2808 1596 2879 μόνος
1620 2808 1729 2861 τῶν

141 2898 405 2969 μαθητῶν
430 2898 617 2951 ἀκούει
636 2915 647 2926 ’
686 2918 703 2949 ι
724 2900 1011 2971 Μακάριος
1040 2896 1109 2965 εἴ,
1140 2901 1321 2971 Σίμων
1350 2900 1460 2973 Βὰρ
1501 2902 1670 2954 Ἰωνᾶ.
1704 2921 1721 2954 ι

137 2989 225 3042 Διὸ
252 2988 353 3042 καὶ
386 2989 600 3059 πρῶτος
630 2988 803 3060 τολμᾷ
843 2989 1188 3054 εἰσιέναι·είς
1225 2991 1288 3044 τὸ
1323 2994 1603 3062 μνημεῖον,
1633 2992 1729 3045 σὺν

134 3080 210 3151 τῷ
239 3081 423 3152 ἑτέρῳ
459 3079 674 3152 μαθητῇ
722 3081 780 3134 ὃν
814 3080 985 3150 ἐφίλει
1039 3084 1068 3135 6
1113 3082 1319 3154 Ἰησοῦς
1363 3081 1555 3147 ἐλθὼν,
1589 3082 1730 3137 κατὰ

136 3172 223 3225 τὸν
270 3173 532 3243 Ἰωάννην
552 3190 565 3202 ο
597 3172 733 3226 ἀλλά
761 3174 881 3227 τότε
917 3174 1013 3244 μὲν
1040 3174 1190 3246 παρά
1225 3175 1325 3245 τῆς
1366 3176 1729 3248 Μαγδαληνῆς

136 3258 306 3333 ἧρθαι
334 3264 399 3315 τὸ
432 3262 589 3334 σῶμα
613 3262 705 3315 τοῦ
734 3264 941 3335 Κυρίου
976 3264 1082 3318 ἀπὸ
1106 3263 1200 3317 τοῦ
1253 3266 1516 3337 μνημείου
1548 3283 1727 3337 μεμα-

1836 2073 1947 2144 puli
1983 2072 2050 2127 ad
2083 2080 2497 2127 monumentum
2535 2070 2773 2135 venisse,
2812 2068 3008 2124 Petrus
3043 2076 3205 2139 atque
3246 2067 3415 2125 Joan-

1834 2180 1966 2227 nes,
1998 2163 2176 2219 Lucas
2210 2156 2340 2217 vero
2384 2180 2550 2217 unum
2588 2163 2717 2217 illuc
2763 2176 3116 2232 progressum
3148 2160 3375 2218 affirmet
3396 2201 3414 2228 ,

1833 2256 2064 2328 quaestio
2098 2257 2173 2310 ita
2202 2256 2546 2310 dissolvitur.

1906 2347 2104 2418 Magno
2136 2362 2353 2417 semper
2393 2355 2511 2402 erat
2563 2346 2775 2401 fervore
2812 2344 3037 2411 Petrus;
3078 2345 3280 2415 quippe
3319 2345 3414 2415 qui

1836 2441 1987 2497 solus
2018 2441 2389 2510 apostolorum
2421 2438 2619 2493 dixerit
2648 2435 2926 2491 Servatori
2962 2456 2973 2490 :
3013 2455 3031 2486 ι
3071 2436 3299 2491 Etiamsi
3330 2452 3418 2491 me

1834 2535 2139 2606 oportuerit
2172 2533 2307 2587 mori
2338 2540 2539 2592 tecum,
2580 2545 2687 2584 non
2734 2537 2785 2583 te
2828 2528 3037 2599 negabo
3068 2528 3147 2594 ⁸³;
3190 2548 3207 2580 ι
3267 2529 3419 2584 solus

1834 2630 1963 2684 item
1987 2627 2220 2681 voluerit
2240 2640 2403 2694 supra
2433 2623 2631 2676 lluctus
2654 2621 2933 2676 ambulare
2962 2638 2975 2687 ;
3007 2620 3158 2675 solus
3185 2635 3418 2691 reSpon-

1833 2720 1995 2780 derit,
2027 2717 2331 2784 dixeritque
2362 2712 2489 2768 Jesu
2524 2733 2537 2768 :
2576 2731 2593 2763 ι
2633 2711 2713 2765 Tu
2743 2728 2801 2766 es
2830 2712 3083 2766 Christus
3116 2710 3285 2765 Filius
3320 2709 3415 2766 Dei

1833 2811 1942 2866 vivi
1970 2812 2013 2842 ⁸⁹
2053 2826 2066 2863 :
2110 2829 2128 2861 ι
2166 2808 2398 2875 ideoque
2450 2814 2504 2861 et
2553 2806 2703 2859 solus
2752 2804 3146 2872 discipulorum
3182 2802 3357 2856 audiit
3398 2821 3412 2858 :

1840 2924 1859 2956 ι
1891 2904 2091 2959 Beatus
2143 2917 2226 2967 es,
2288 2899 2475 2954 Simon
2519 2897 2624 2951 Bar
2660 2896 2797 2951 Jona
2819 2897 2886 2950 9°.
2962 2915 2980 2946 ›
3041 2893 3410 2961 Quamobrem

1834 2996 2045 3067 primus
2076 3008 2294 3064 quoque
2341 2989 2505 3045 audet
2565 2990 2619 3043 in
2680 2995 3097 3042 monumentum
3161 2987 3414 3052 introire,

1836 3102 1959 3141 cum
1990 3088 2162 3142 altero
2185 3084 2455 3153 discipulo
2494 3082 2621 3135 illuc
2654 3080 2933 3152 profectus
2966 3096 3127 3150 quem
3160 3080 3421 3151 diligebat

1834 3179 2025 3242 Jesus,
2046 3185 2106 3232 ut
2133 3177 2207 3231 ait
2239 3175 2498 3230 Joannes.
2543 3172 2648 3228 Sed
2684 3180 2815 3227 tunc
2854 3172 3074 3242 quidem
3126 3178 3417 3242 postquam

1837 3268 2085 3324 audierat
2116 3283 2180 3321 ex
2240 3265 2555 3335 Magdalene
2615 3263 2891 3319 sublatum
2930 3262 2999 3316 de
3064 3272 3422 3317 monumento

140 3353 347 3427 θηκὼς,
385 3355 601 3427 ἀπήντα
634 3356 749 3424 ἅμα
773 3355 851 3427 τῷ
885 3358 1058 3429 ἑτέρῳ
1095 3357 1309 3430 μαθητῇ
1332 3376 1345 3389 ’
1380 3355 1496 3411 εἶτα
1527 3358 1731 3428 ἀνεχώ-

1839 3376 2041 3430 corpus
2074 3358 2308 3420 Domini,
2343 3359 2517 3411 iverat
2557 3370 2681 3409 cum
2725 3355 2898 3409 altero
2949 3354 3240 3424 discipulo.
3294 3352 3417 3409 Mox

142 3462 219 3515 ρει
251 3446 354 3499 σὺν
386 3445 554 3517 αὐτῷ,
590 3445 658 3499 τὰ
682 3445 861 3499 ὀθόνια
891 3447 1020 3501 εἴσω
1050 3446 1145 3500 τοῦ
1175 3450 1454 3519 μνήματος
1477 3447 1732 3517 τεθεαμέ-

139 3556 224 3602 νος
255 3538 357 3591 καὶ
383 3537 697 3602 πιστεύσας.
728 3538 884 3592 Κατὰ
909 3539 964 3592 δὲ
1001 3540 1235 3600 Λουκᾶν,
1263 3539 1369 3591 τῶν
1402 3538 1573 3592 ἄλλων
1604 3541 1731 3592 ἀπι-

141 3630 415 3685 στούντων
451 3629 728 3701 μαθητῶν,
767 3632 927 3701 μόνος
957 3630 1118 3694 αὐτὸς
1150 3629 1309 3683 πάλιν
1344 3628 1587 3682 πιστεύει
1611 3632 1731 3691 ταῖς

141 3718 430 3792 λεγούσαις
456 3725 577 3786 ταῖς
604 3722 848 3791 γυναιξὶν
876 3722 1180 3793 ἑωρακέναι
1205 3722 1331 3783 τοὺς
1346 3719 1609 3788 ὀφθέντας
1632 3721 1731 3787 ἀγ-

141 3814 369 3884 γέλους·
416 3814 477 3867 ού
537 3814 644 3885 γάρ
679 3815 988 3886 ἀπιστήσας
1040 3814 1097 3868 δὲ
1148 3817 1267 3876 ταῖς
1296 3813 1404 3867 τῶν
1458 3811 1731 3881 γυναικῶν

144 3904 500 3978 μαρτυρίαις,
557 3906 980 3978 παλινδρομαῖος
1018 3906 1109 3959 ἐπὶ
1162 3906 1223 3959 τὸ
1281 3908 1543 3977 μνημεῖον
1572 3904 1731 3975 μόνος

140 3999 542 4071 παραγίνεται·
574 4000 667 4052 xal.
698 3995 854 4063 αὖθις
882 3999 1211 4071 παρακύψας
1240 3999 1423 4069 βλέπει
1451 3998 1518 4051 τά
1552 3996 1733 4050 ὀθόνια

147 4091 281 4161 μόνα
317 4091 397 4154 ὡς
430 4092 523 4144 καὶ
554 4090 614 4143 τὸ
649 4092 944 4164 πρότερον*
979 4087 1098 4145 εἶτα
1131 4092 1331 4163 ἀπῄει,
1367 4091 1503 4163 πρὸς
1544 4090 1732 4144 ἑαυτὸν

144 4182 443 4254 Θαυμάξων
473 4182 533 4235 τὸ
561 4184 781 4251 γεγονός
803 4199 814 4209 ·
849 4184 944 4237 καὶ
980 4182 1074 4236 νῦν
1104 4185 1201 4255 μὲν
1228 4184 1393 4255 ἀπῄει
1439 4183 1733 4255 θαυμάζων

144 4273 200 4329 τὸ
224 4275 475 4343 γεγονὸς,
504 4276 625 4328 ἐπεὶ
642 4276 697 4329 δὲ
723 4275 887 4339 πολὺς
906 4272 974 4348 ἦν
995 4279 1061 4349 τῇ
1088 4276 1366 4348 προθυμία⁵
1390 4276 1483 4329 καὶ
1514 4275 1732 4328 πλείονα

145 4367 385 4438 σπουδὴν
417 4366 570 4439 παρὰ
600 4369 807 4431 πάντας
832 4368 1199 4430 ἐπεδείκνυτο,
1227 4368 1473 4422 σπεύδων
1508 4369 1600 4421 καὶ
1634 4384 1733 4420 πε-

146 4460 431 4531 ριτρέχων,
459 4462 551 4514 καὶ
572 4460 746 4532 πάντη
774 4472 863 4514 τον
887 4461 1117 4533 Σωτῆρα
1141 4460 1333 4531 περιαθ
1345 4460 1449 4532 ρῶν
1473 4460 1733 4528 ἀνεωγόσι

145 4553 253 4614 τοῖς
289 4550 392 4619 τῆς
421 4549 599 4621 ψυχῆς
631 4550 863 4621 ὄμμασι,
898 4550 1173 4621 πανταχοῦ
1204 4551 1261 4603 δὲ
1295 4551 1472 4622 ζητῶν
1518 4553 1611 4605 καὶ
1638 4569 1732 4623 ’ξτε-

149 4642 558 4711 ριὸλεπόμενος,
588 4644 688 4695 ούκ
714 4642 953 4714 ἠτύχησε
978 4643 1076 4715 τῆς
1106 4643 1336 4707 ἐλπίδος,
1364 4642 1498 4695 ἀλλὰ
1528 4645 1621 4696 καὶ
1644 4645 1733 4698 αύ-

147 4736 230 4799 τὸς
257 4734 503 4800 ἀξιοῦται
538 4735 638 4805 τῆς
673 4736 836 4789 αὐτοῦ
867 4736 1187 4805 θεοφανείας
1208 4750 1220 4763 ⁸
1250 4736 1440 4789 τούτου
1475 4738 1682 4808 μάρτυς
1704 4740 1731 4790 6

144 4828 301 4890 αὐτὸς
334 4826 727 4897 εύαγγελιστὴς
760 4829 976 4890 Λουκᾶς
1007 4820 1108 4880 ὧδέ
1144 4846 1217 4899 πη
1258 4827 1458 4899 προῖὼν
1486 4829 1610 4898 ἑξῆς
1640 4830 1731 4882 καὶ

148 4919 320 4989 λέγων
348 4921 430 4973 ὅτι
458 4920 628 4983 ὅντως
657 4920 864 4993 ἠγέρθη
891 4923 918 4974 ὁ
951 4920 1153 4993 Κύριος
1183 4921 1276 4973 καὶ
1298 4920 1452 4991 ὤφθη
1502 4920 1728 4990 Σίμωνι.

148 5012 535 5083 Συμμαρτυρεῖ
556 5012 613 5065 δὲ
640 5012 787 5084 αύτῴ
816 5013 910 5067 καὶ
934 5015 960 5066 6
993 5013 1133 5085 ἱερὸς
1151 5013 1468 5074 Ἀπόστολος
1492 5006 1593 5065 ὦδε
1621 5014 1729 5065 Κο-

149 5104 370 5173 ρινθίοις
389 5106 635 5175 γράφων,
661 5106 740 5159 ὅτι
772 5106 980 5178 ιὨφθη
1007 5107 1184 5177 Κεφᾷ,
1214 5102 1328 5158 εἶτα
1347 5109 1457 5169 τοῖς
1482 5104 1725 5158 ἕνδεκα.»

150 5197 338 5268 Κεφᾶς
367 5196 425 5251 δὲ
452 5198 613 5262 αὐτὸς
641 5194 709 5269 ἦν
743 5198 923 5270 Σίμων
954 5201 982 5252 6
1016 5199 1109 5251 καὶ
1145 5199 1369 5269 Πέτρος,
1401 5192 1445 5265 ᾧ
1485 5198 1575 5251 καὶ
1624 5199 1730 5269 πρὸ

150 5287 255 5340 τῶν
288 5289 487 5343 ἕνδεκα
531 5290 690 5359 μόνος
738 5291 884 5361 μόνῳ
934 5289 1087 5361 ῶερθη
1120 5293 1149 5343 6
1195 5291 1407 5360 Σωτὴρ,
1440 5288 1540 5358 τῆς
1581 5291 1729 5361 παρά

150 5379 354 5442 πάντας
379 5380 825 5453 ὑπερϐαλλούσης
854 5380 1021 5436 αὐτοῦ
1048 5384 1208 5455 χάριν
1249 5383 1500 5454 σπουδῆς.

912 5497 988 5550 E’.

218 5580 353 5653 (65‘)
376 5583 497 5635 Ἔτι
520 5584 803 5655 ζητήσειεν
825 5585 889 5639 ἄν
918 5603 999 5649 τις
1028 5587 1142 5650 πῶς
1173 5587 1321 5659 παρὰ
1350 5590 1447 5660 μὲν
1476 5588 1554 5659 τῷ
1582 5590 1707 5643 Ματ

1835 3467 1959 3505 cum
1992 3450 2182 3505 eodem
2217 3446 2482 3513 recessit,
2516 3446 2649 3499 visis
2691 3446 2833 3499 intra
2869 3453 3282 3500 monumentum
3315 3446 3419 3499 lin-

1832 3541 2185 3603 teaminibus,
2236 3539 2424 3607 reique
2472 3552 2613 3589 vera:
2652 3538 2856 3590 certior
2909 3534 3107 3591 factus.
3149 3533 3219 3589 At
3254 3550 3406 3599 vero,

1834 3633 2133 3689 secundum
2158 3630 2387 3692 Lucam,
2424 3627 2547 3682 aliis
2578 3627 2863 3697 discipulis
2898 3644 3007 3682 non
3039 3628 3413 3695 credentibus,

1834 3722 1982 3778 solus
2027 3721 2144 3791 ipse
2185 3719 2360 3775 credit
2394 3719 2684 3773 mulierum
2718 3717 3062 3771 allirmationi
3118 3716 3416 3772 dicentium

1834 3830 1894 3870 se
1931 3814 2153 3885 angelos
2200 3811 2425 3868 vidisse.
2479 3810 2690 3865 Etenim
2754 3809 3045 3863 mulierum
3102 3808 3419 3863 testimonio

1834 3922 1945 3962 non
1974 3905 2313 3970 discredens,
2348 3920 2544 3959 rursus
2576 3903 2640 3955 ad
2675 3908 3093 3956 monumentum
3138 3902 3291 3956 solus
3319 3916 3415 3956 ve-

1834 4000 1916 4054 nit
1941 4013 2277 4069 :rursusque
2308 3994 2721 4066 introspiciens,
2747 3992 2863 4047 sola
2895 3992 3211 4047 linteamina
3237 4000 3294 4047 ut
3320 4008 3420 4048 an-

1835 4103 1917 4147 tea
1948 4090 2103 4145 vidit.
2138 4089 2343 4145 Deinde
2373 4088 2526 4151 abiit,
2563 4100 2750 4141 secum
2800 4084 2918 4154 ipse
2950 4099 3065 4139 rem
3112 4083 3414 4141 demirans.

1837 4181 2059 4238 Scilicet
2088 4197 2202 4236 rem
2229 4188 2437 4251 gestam
2470 4180 2670 4234 tacitus
2706 4176 3103 4242 admirabatur,
3142 4178 3272 4248 quia
3307 4179 3429 4233 fera

1834 4273 1959 4327 vida
1991 4281 2172 4327 mente
2197 4279 2332 4336 erat,
2375 4270 2786 4341 plurimumque
2816 4268 3059 4323 studium
3095 4284 3207 4339 pra:
3237 4269 3420 4325 omni-

1836 4367 1941 4422 bus
1975 4365 2408 4428 demonstrabat,
2454 4371 2711 4436 satagens
2763 4371 2925 4435 atque
2967 4366 3323 4431 discurrens;
3364 4372 3421 4419 et

1836 4459 2038 4528 ubique
2077 4457 2421 4512 Servatorem
2467 4458 2670 4526 apertis
2718 4457 2937 4513 intuens
2988 4456 3183 4511 animae
3210 4456 3410 4522 oculis,

1836 4564 2247 4621 quaqueversus
2321 4547 2587 4618 indagans
2655 4556 2709 4606 et
2781 4551 3268 4622 circumspiciens,
3323 4567 3421 4622 spe

1837 4661 1934 4702 sua
1979 4659 2088 4699 non
2117 4643 2338 4707 excidit,
2376 4643 2470 4698 sed
2504 4653 2557 4699 et
2591 4644 2709 4715 ipse
2753 4644 2939 4700 divina
2974 4628 3419 4703 manifestatione

1836 4737 2036 4806 dignus
2071 4736 2188 4790 fuit.
2222 4736 2319 4791 Rei
2352 4738 2507 4792 testis
2541 4735 2682 4791 idem
2713 4737 3047 4809 evangelista
3083 4737 3282 4803 Lucas,
3326 4739 3421 4810 qui

1835 4829 1889 4884 in
1923 4830 2385 4900 subsequentibus
2423 4829 2578 4893 dicit,
2627 4846 2816 4885 revera
2867 4832 3181 4889 surrexisse
3230 4831 3420 4887 Domi-

1834 4938 1989 4987 num,
2025 4930 2078 4976 et
2118 4924 2441 4993 apparuisse
2486 4921 2719 4977 Simoni.
2767 4922 3050 4979 Consonat
3105 4925 3234 4980 huic
3274 4925 3421 4981 sacri

1837 5015 2087 5085 Apostoli
2141 5016 2517 5071 testimonium
2549 5017 2615 5070 ad
2674 5017 2990 5075 Corinthios
3061 5020 3353 5075 scribentis
3403 5040 3417 5075 :

1845 5128 1863 5161 ι
1910 5110 2069 5165 Visus
2099 5118 2183 5165 est
2211 5110 2428 5181 Cephaz,
2465 5120 2519 5166 et
2552 5112 2749 5168 deinde
2778 5114 3030 5169 undecim
3059 5114 3127 5170 °‘.
3160 5133 3179 5165 ι
3207 5114 3421 5183 Cepbas

1840 5212 2021 5258 autem
2052 5203 2173 5273 ipse
2203 5200 2393 5257 Simon
2428 5214 2512 5261 est
2553 5222 2615 5261 ac
2666 5204 2895 5273 Petrus;
2950 5206 3041 5261 cui
3099 5206 3261 5262 etiam
3295 5217 3420 5262 ante

1838 5295 1974 5350 alios
2006 5292 2260 5348 undecim
2294 5296 2443 5351 solus
2471 5297 2572 5352 soli
2602 5297 2855 5369 apparuit
2885 5295 3163 5362 Servator,
3196 5305 3418 5368 [ποριεῖ

1835 5398 2106 5437 summam
2140 5386 2259 5453 ejus
2290 5389 2588 5456 praeommb
2613 5406 2655 5442 .s
2678 5390 3037 5447 seculitatem.

2596 5498 2659 5553 V.

1915 5588 2137 5659 insuper
2177 5590 2374 5659 aliquis
2400 5591 2769 5646 sriscitabitnr
2796 5591 3067 5663 quomodo
3096 5590 3240 5664 apud
3272 5589 3410 5648 Mat-

218 5740 263 5771 ⁸⁸
305 5738 497 5795 Matth.
534 5758 698 5810 xxvi,
735 5742 823 5797 55.
902 5742 946 5775 "
987 5741 1176 5802 Matth.
1214 5760 1340 5817 xvt,
1384 5746 1468 5803 l6.
1546 5748 1591 5781 '°
1635 5746 1763 5803 ibid.
1807 5744 1890 5802 l7.
1968 5747 2008 5777 "
2054 5745 2220 5800 lCor.
2265 5762 2355 5813 xv,
2392 5747 2444 5800 5.

210 5893 331 5969 κθδ)
368 5894 506 5953 Cod.
533 5897 603 5980 Α,
633 5894 673 5954 ι.
698 5897 823 5969 312,
854 5899 910 5957 b.

1902 5900 2038 5976 (δεῖ)
2077 5902 2189 5961 Cod
2230 5904 2295 5971 Α,
2329 5902 2365 5959 ι.
2400 5902 2523 5960 5:3.
