3954 6534
624 447 726 505 991

1234 468 1243 477 ·
1292 443 1565 501 EUSEBll
1605 436 2096 500 CxESARlENSlS
2125 443 2279 502 OPP.
2312 444 2491 502 PARS
2530 443 2619 500 Ill.
2660 473 2729 485 —-
2765 438 3178 497 EXEGETICA.
3713 442 3789 497 992

622 569 823 625 thaeum
864 563 1032 619 Maria
1065 558 1385 632 Magdalene
1416 551 1819 631 cum'cjusdem
1848 561 2083 617 nominis
2110 563 2191 616 al-

2294 563 2428 635 θαίῳ
2452 565 2483 634 ή
2516 558 2845 631 Μαγδαληνὴ
2869 557 3055 628 Μαρία
3087 553 3221 626 μετὰ
3249 554 3350 626 τῆς
3376 553 3637 626 ὁμωνύμου
3662 557 3790 629 ἑωρα-

622 669 740 715 tera
767 644 968 712 vidisse
1001 660 1157 710 extra
1209 659 1622 706 monumentum
1670 651 1996 708 insidentem
2028 652 2193 723 lapidi

622 764 793 807 unum
845 742 1226 800 tantummodo
1277 743 1531 813 angelum
1584 741 1846 797 dicatur:
1894 742 2193 796 secundum

618 839 884 898 Joannem
918 845 1096 891 autem
1150 834 1295 888 intra
1330 840 1739 887 monumentum
1782 833 2005 903 angelos
2049 832 2191 890 duos

621 931 874 989 sedentes
905 926 1177 999 aspexerit
1210 944 1224 980 :
1251 931 1306 978 at
1349 940 1479 979 vero
1517 925 1819 979 secundum
1855 923 2059 979 Lucam
2087 925 2196 979 duo

620 1022 722 1077 viri
768 1020 1093 1075 mulieribus
1142 1015 1486 1072 occurrerint
1541 1034 1553 1068 :
1610 1015 1844 1085 denique
1892 1015 2194 1070 secundum

620 1111 870 1167 Marcum
900 1108 1121 1178 juvenis
1152 1108 1222 1162 ab
1263 1107 1396 1177 ipsis
1427 1113 1754 1175 conspectus
1786 1104 1987 1159 fuerit?

692 1203 975 1258 Dictorum
1031 1200 1174 1271 apud
1220 1198 1484 1254 Joannem
1525 1207 1688 1267 atque
1725 1196 2035 1251 Matthazum
2082 1196 2196 1252 lucc

621 1305 742 1350 esto
771 1295 990 1350 solutio.
1041 1292 1296 1346 Arbitror
1338 1291 1482 1347 enim
1542 1289 1888 1359 praecessisse
1933 1304 2018 1353 ea,
2075 1304 2197 1358 quae

622 1391 811 1439 narrat
837 1381 1102 1449 Joannes,
1132 1381 1201 1437 iis
1229 1394 1351 1450 (μιω
1385 1379 1703 1445 Matthzeus;
1736 1385 1793 1432 et
1821 1377 2195 1448 Magdalenam

618 1474 677 1533 in
709 1476 888 1546 primo
926 1473 1162 1528 adventu
1193 1472 1413 1541 angelos
1443 1470 1582 1525 duos
1616 1470 1757 1524 intra
1787 1479 2194 1524 monumentum

622 1566 878 1621 sedentes
904 1563 1129 1618 vidisse.
1171 1561 1367 1617 Postea
1407 1560 1475 1614 ad
1496 1559 1746 1615 eumdem
1779 1560 1956 1614 locum
2003 1574 2196 1615 rursus

618 1671 963 1727 progressam
993 1670 1115 1710 cum
1140 1655 1247 1708 alia
1274 1653 1461 1716 Maria,
1490 1651 1814 1707 insidentem
1845 1650 2008 1721 lapidi
2034 1666 2195 1721 ange-

623 1748 734 1801 lum
760 1746 1131 1816 spectavisse;
1165 1745 1251 1800 vel
1283 1745 1446 1799 etiam
1479 1742 1712 1797 fortasse
1758 1742 1899 1796 alius
1944 1748 2025 1796 est
2055 1739 2196 1811 apud

622 1837 935 1893 Matthazum
997 1837 1246 1907 angelus,
1297 1835 1443 1890 aliud
1494 1843 1710 1905 tempus
1762 1833 2027 1902 locusque
2088 1846 2196 1901 quo

2295 652 2446 705 κέναι
2476 650 2630 713 ἐκτὸς
2656 649 2749 702 τοῦ
2784 649 3064 719 μνήματος
3085 642 3482 716 ἐπικαθήμενον
3502 644 3575 714 τῷ
3598 645 3705 713 λίθῳ
3720 650 3788 701 ἕνα

2297 744 2456 815 μόνον
2478 741 2701 812 ἄγγελον
2736 741 2947 812 εἴρηται
2971 755 2986 768 '
3011 736 3153 792 κατὰ
3191 737 3247 791 δὲ
3293 737 3386 790 τὸν
3442 736 3662 809 Ἰωάννην
3696 740 3788 793 εἴδω

2294 836 2384 891 τοῦ
2414 838 2690 908 μνήματος
2714 834 2975 903 ἀγγέλους
2999 831 3091 885 δύο
3113 830 3307 901 θεωρεῖ
3325 829 3669 901 καθημένουςο
3688 835 3787 885 uti

2294 931 2349 984 δὲ
2376 930 2466 983 τὸν
2500 930 2712 982 Δουκᾶν
2763 927 2857 981 δύο
2904 924 3094 997 ἄνδρες
3144 925 3405 993 ἀπήντων
3450 926 3561 986 ταῖς
3603 925 3784 992 γυναιξί·

2294 1021 2432 1075 κατὰ
2461 1021 2517 1075 δὲ
2540 1021 2633 1074 τὸν
2657 1019 2880 1092 Μάρκον
2906 1017 3184 1080 νεανίσκος
3209 1011 3278 1087 ἦν
3308 1015 3488 1079 αὐτοῖς
3509 1015 3749 1085 ὁρώμενος.

2364 1207 2446 1260 Τὰ
2481 1207 2578 1277 μὲν
2607 1203 2756 1276 παρὰ
2780 1203 2858 1275 τῷ
2899 1202 3120 1276 Ἰωάννῃ
3152 1203 3245 1256 καὶ
3271 1200 3528 1271 Ματθαίῳ
3558 1200 3726 1265 λύσεως
3745 1203 3787 1256 ἂν

2293 1298 2444 1370 τύχοι
2469 1296 2759 1367 τοιαύτης’
2796 1295 3030 1366 ἡγοῦμαι
3074 1295 3179 1365 γὰρ
3227 1292 3578 1365 προηγεῖσθαι
3627 1294 3702 1363 μὲν
3722 1295 3787 1363 τήν

2300 1387 2448 1457 παρά
2470 1385 2546 1456 τῷ
2580 1386 2796 1456 Ἰωάννη
2835 1382 3095 1454 ἱστορίαν,
3128 1383 3227 1451 τῆς
3258 1380 3411 1451 παρά
3449 1379 3524 1450 τῷ
3569 1380 3787 1449 Ματθαίῳ,

2295 1476 2389 1528 καὶ
2418 1474 2515 1545 τὴν
2543 1472 2903 1545 Μαγδαληνὴν
2947 1472 3009 1526 τὸ
3052 1471 3268 1544 πρῶτον
3304 1471 3555 1525 ἐλθοῦσαν
3589 1473 3691 1535 τοὺς
3726 1472 3790 1524 δύο

2295 1558 2570 1635 ἀγγέλους
2607 1567 2736 1619 εἴσω
2784 1565 2877 1620 τοῦ
2933 1567 3212 1637 μνήματος
3260 1564 3634 1634 καθεζομένους
3674 1565 3787 1617 ἰδεῖν*

2298 1659 2434 1730 μετά
2472 1658 2527 1711 δὲ
2567 1657 2740 1712 ταῦτα
2782 1655 3031 1728 δεύτερον
3073 1658 3376 1710 ἐπιστᾶσαν
3417 1654 3495 1725 τῷ
3530 1654 3654 1725 αὐτῷ
3684 1655 3789 1725 τόπῳ

2299 1750 2434 1820 μετὰ
2474 1750 2571 1821 τῆς
2612 1749 2776 1821 ἄλλης
2802 1748 3018 1820 Μαρίας
3043 1748 3134 1801 τὸν
3173 1747 3566 1817 ἐπικαθήμενον
3607 1746 3671 1816 τῷ
3696 1746 3789 1815 λίθῳ

2295 1840 2520 1909 ἄγγελον
2544 1839 2863 1911 ἑωρακέναι.
2890 1840 2960 1891 Ἦ
2988 1839 3129 1909 τάχα
3155 1837 3347 1908 ἕτερος
3375 1836 3471 1907 μὲν
3500 1837 3527 1888 6
3553 1834 3677 1904 παρὰ
3692 1836 3791 1888 Ma:-

620 1931 846 2000 angelus
877 1931 1027 1986 visus
1059 1928 1164 1984 fuit
1196 1946 1210 1982 :
1240 1928 1333 1982 alii
1360 1928 1489 1982 item
1522 1926 1699 1997 angeli
1745 1924 1886 1995 apud
1913 1940 2037 1978 eum
2073 1938 2191 1976 mu—

2294 1933 2426 2004 θαίῳ
2446 1933 2693 2003 ἄγγελος,
2717 1933 2814 1986 ’ἒτε
2824 1950 2912 2003 ρος
2937 1932 2993 1985 δὲ
3023 1932 3117 1984 καὶ
3138 1933 3167 1984 6
3198 1931 3391 2002 χρόνος
3418 1930 3509 1990 καί
3528 1932 3552 1982 6
3574 1930 3786 1998 1:67:03?“-

618 2023 848 2080 lieribus
879 2023 1051 2079 oblati
1084 2042 1097 2078 :
1137 2012 1451 2092 pariterque
1492 2021 1602 2076 duo
1639 2019 1782 2090 apud
1812 2017 2074 2073 Joannem
2102 2031 2194 2071 an-

619 2117 725 2189 geli
754 2118 897 2170 intra
938 2121 1353 2170 monumentum
1389 2112 1666 2176 sedentes,
1697 2110 1898 2167 diversi
1931 2109 2191 2164 credendi

620 2215 749 2264 sunt
779 2209 847 2261 ab
870 2207 962 2261 illo
999 2208 1092 2277 qui
1120 2215 1275 2261 extra
1313 2212 1730 2260 monumentum
1766 2201 1930 2273 lapidi
1984 2202 2192 2257 inside-

620 2299 734 2363 bat,
784 2306 843 2354 ut
872 2308 1061 2353 narrat
1094 2297 1401 2352 Matthaeus.
1433 2295 1570 2351 Nam
1601 2297 1670 2360 si,
1722 2310 1847 2351 cum
1904 2295 2191 2349 Matthaeus

619 2392 766 2449 dicat
796 2406 920 2448 sero
946 2390 1333 2453 Sabbatorum,
1367 2404 1646 2459 unumque
1680 2396 1806 2445 ante
1847 2389 2045 2445 ostium
2076 2403 2192 2442 mo-

619 2486 866 2540 numeati
893 2485 1171 2541 sedentem
1198 2484 1251 2537 in
1279 2483 1478 2554 lapide,
1496 2481 1739 2538 Joannes
1760 2481 1949 2536 eodem
1982 2488 2192 2535 retento

620 2588 865 2648 tempore
908 2591 966 2631 ac
1000 2577 1142 2640 loco,
1175 2576 1427 2638 dixisset,
1488 2589 1613 2630 sero
1651 2573 2038 2637 Sabbatorum,
2067 2579 2194 2627 ante

616 2671 820 2726 ostium
861 2668 1201 2723 monumenti
1248 2667 1387 2723 duos
1420 2666 1587 2737 lapidi
1631 2666 1933 2721 insidentes
1960 2679 2191 2734 conspe-

618 2771 759 2825 ctos,
791 2776 919 2817 vere
959 2768 1235 2831 oporteret
1272 2759 1671 2815 dissonantiam
1714 2758 1951 2813 causari.
1983 2757 2111 2813 ltem
2146 2758 2192 2813 si

618 2854 907 2908 Matthaaus
935 2867 1088 2923 aeque
1115 2866 1178 2906 ac
1212 2850 1453 2906 Joannes
1489 2852 1811 2905 matutinam
1835 2849 2024 2904 horam
2048 2847 2193 2903 amr-

618 2957 801 3007 mans,
833 2944 980 2997 intra
1033 2936 1447 2997 monumentum
1490 2941 1606 3010 ipse
1644 2956 1863 3011 quoque
1903 2955 2014 2994 non
2056 2940 2193 2995 duos

618 3033 844 3103 angelos
876 3032 972 3088 sed
1013 3047 1183 3087 unum
1229 3031 1406 3087 visum
1443 3032 1754 3094 aﬂirmaret,
1800 3030 2077 3087 contraria
2107 3032 2193 3084 vi-

617 3125 841 3179 deretur
884 3123 1077 3178 merito
1130 3121 1392 3178 scribere.
1450 3121 1937 3177 Verumenimvero
1999 3122 2046 3177 si
2088 3121 2196 3177 dis-

619 3216 898 3270 tinxerunt
932 3212 1279 3283 evangelista:
1306 3220 1573 3283 tempora,
1608 3220 1663 3268 et
1686 3212 1900 3278 modos,
1930 3220 1985 3267 et
2007 3227 2196 3283 perso-

2286 2026 2387 2098 ⁴τοῦ
2421 2025 2650 2094 ἀγγέλου
2678 2024 2844 2089 θέας’
2894 2023 3069 2096 ἕτεροι
3108 2024 3167 2076 δὲ
3211 2025 3310 2078 καὶ
3343 2022 3554 2090 ἄγγελοι
3594 2019 3721 2073 αὑτοῦ
3753 2024 3785 2073 οἱ

2296 2118 2430 2189 πρὸς
2479 2117 2576 2179 τὰς
2632 2119 2923 2186 γυναῖκας’
2950 2104 3210 2178 ὡσαύτως
3263 2114 3323 2167 δὲ
3348 2113 3442 2168 καὶ
3483 2114 3532 2166 oi
3578 2112 3699 2183 παρὰ
3732 2112 3784 2179 τῷ

2306 2209 2525 2281 Ἰωάννῃ
2552 2208 2645 2261 δύο
2676 2208 2895 2277 ἄγγελοι
2921 2210 2967 2260 οί
3001 2207 3130 2260 εἵσω
3158 2205 3251 2259 τοῦ
3292 2208 3563 2277 μνήματος
3599 2205 3787 2272 ὀφθέντες

2292 2302 2468 2373 ἕτεροί
2499 2304 2604 2355 είσι
2626 2301 2773 2375 παρὰ
2793 2302 2883 2355 τὸν
2910 2300 3012 2368 ἔξω
3037 2300 3141 2371 πρὸ
3178 2301 3458 2372 μνήματος
3497 2299 3580 2351 ἐπὶ
3599 2298 3661 2368 τῷ
3695 2297 3785 2366 λίθῳ

2293 2394 2652 2466 καθεζόμενον
2674 2395 2823 2466 παρά
2841 2393 2919 2464 τῷ
2943 2393 3226 2463 Ματθαίῳ.
3253 2394 3318 2446 Et
3344 2392 3441 2462 μὲν
3467 2391 3566 2463 γὰρ
3589 2388 3665 2442 τοῦ
3684 2390 3785 2442 Mar.

2293 2488 2443 2541 θαίου
2474 2487 2571 2557 ὀψὲ
2599 2487 2888 2541 Σαόϐἀτων
2921 2484 3220 2557 εἰρηκότος,
3264 2483 3362 2537 καί⁵
3385 2484 3476 2536 ἕνα
3508 2481 3600 2552 πρὸ
3625 2480 3702 2549 τῆς
3723 2479 3783 2531 θί-

2297 2598 2395 2652 ρας
2425 2579 2517 2633 τοῦ
2548 2578 2807 2651 μνημείου
2837 2576 3138 2648 καθήμενον
3177 2577 3273 2631 ἐπὶ
3311 2575 3390 2647 τῷ
3426 2574 3549 2645 λίθῳ
3576 2574 3785 2643 ίστορηκὸ·

2293 2690 2404 2737 τος,
2446 2672 2682 2742 φυλάξας
2721 2674 2750 2725 6
2793 2671 3041 2741 Ἰωάννης
3087 2670 3178 2723 τὸν
3206 2668 3374 2722 αὐτὸν
3424 2668 3597 2739 καιρὸν
3624 2667 3696 2719 καὶ
3720 2665 3781 2717 τὸν

2294 2766 2454 2819 αὐτὸν
2505 2765 2666 2818 τόπον
2699 2765 2910 2835 εἰρήκει
2954 2764 3051 2833 ὀψὲ
3084 2762 3379 2816 Σαϐϐάτων
3399 2803 3414 2826 ,
3449 2761 3545 2833 πρὸ
3567 2760 3648 2829 τῆς
3666 2758 3780 2828 θύρας

2293 2856 2387 2910 τοῦ
2423 2857 2701 2928 μνήματος
2748 2855 2839 2909 ἐπὶ
2868 2854 2946 2926 τῷ
2992 2854 3124 2926 λίθῳ
3163 2854 3258 2906 δύο
3311 2852 3671 2923 καθεζομένους
3696 2850 3781 2919 όρᾶ-

2295 2949 2438 3013 σθαι,
2461 2945 2528 3020 ἦν
2547 2948 2762 3020 ἀληθῶς
2784 2948 3075 3017 διαφωνίαν
3099 2946 3397 3001 αἰτιᾶσθαι.
3421 2946 3523 3000 Καὶ
3540 2948 3565 2999 6
3582 2942 3781 3001 Ματθαῖος

2293 3042 2552 3106 ὡσαύτως
2588 3044 2636 3095 εί
2665 3042 2863 3112 ὁμοίως
2907 3040 3126 3113 Ἰωάννῃ
3165 3039 3267 3111 τὴν
3314 3038 3548 3110 πρωῖνήν
3576 3036 3695 3106 ὤραν
3715 3050 3781 3102 τη·

2298 3132 2485 3201 ρήσας,
2509 3131 2637 3184 εἴσω
2668 3130 2758 3183 τοῦ
2793 3130 3068 3201 μνήματος
3092 3128 3185 3182 καὶ
3209 3128 3377 3192 αὐτὸς
3402 3130 3460 3181 οὐ
3488 3127 3571 3179 δύο
3592 3123 3781 3192 ἀγγέλους

2293 3221 2408 3275 ἀλλ’
2441 3222 2539 3276 ἕνα
2571 3221 2738 3292 ἔφησε
2768 3220 3158 3293 τεθεωρῆσθαι,
3189 3222 3455 3277 τάναντία
3479 3219 3632 3284 ἔδοξεν
3657 3216 3705 3270 ἂν
3733 3215 3782 3266 εξ-

619 3318 722 3359 nas
769 3302 1157 3374 spectantium,
1235 3318 1451 3357 necnon
1523 3303 1837 3373 angelorum
1891 3317 2191 3367 sermones,

2298 3315 2470 3378 κότως
2524 3314 2877 3385 συγγράφειν.
2914 3315 2976 3366 Εἰ
3007 3314 3052 3367 δ’
3080 3313 3367 3384 ἀφώρισαν
3393 3315 3442 3366 οί
3490 3306 3782 3379 εύαγγελισταὶ

619 3410 782 3452 nemo
810 3394 1211 3449 rationabiliter
1244 3394 1642 3451 dissonantiam
1687 3394 1985 3465 Scriptura:
2028 3410 2191 3450 accu-

620 3486 783 3547 sabit,
811 3500 938 3540 cum
970 3486 1202 3557 singula:
1243 3487 1586 3541 narrationes
1631 3499 1732 3541 suo
1770 3496 2001 3555 quaz‘que
2028 3482 2191 3538 modo

619 3592 762 3633 vera:
787 3577 919 3641 sint,
947 3584 1003 3633 et
1033 3578 1375 3633 diversarum
1410 3592 1592 3632 rerum
1644 3575 1848 3629 faciant
1894 3575 2191 3645 expositio-

619 3684 767 3723 nem.
802 3666 908 3723 Sed
932 3669 1075 3739 apud
1102 3670 1236 3725 istos
1259 3670 1621 3739 evangelislas
1648 3670 1665 3739 (
1691 3668 1877 3721 Matth.
1911 3676 1964 3722 et
1994 3667 2188 3737 Joan.)

621 3760 818 3827 angeli,
862 3770 916 3814 et
964 3758 1272 3814 Servatoris
1314 3768 1437 3829 post
1486 3761 1944 3814 resurrectionem
1979 3760 2191 3828 appari-

622 3851 819 3911 tiones,
847 3850 988 3918 apud
1018 3851 1119 3906 bos
1149 3850 1369 3919 inquam
1394 3851 1564 3910 solos.
1594 3834 1739 3905 velut
1760 3850 1896 3919 apud
1930 3851 2188 3920 potiores,

621 3948 677 3996 et
710 3941 887 4010 ipsius
920 3939 1230 3995 Servatoris
1278 3948 1615 4011 spectatores
1652 3948 1707 3996 et
1737 3940 2019 3996 auditores
2043 3942 2189 3996 rela-

622 4042 713 4097 tae,
755 4033 901 4088 hunc
931 4032 1178 4089 ordinem
1210 4042 1450 4091 teneant.
1494 4034 1612 4090 Duo
1655 4049 1783 4089 vero
1816 4035 1957 4105 apud
1989 4034 2189 4089 Lucnm

624 4126 726 4181 viri
778 4126 834 4179 in
866 4135 1013 4181 vaste
1069 4125 1308 4195 fulgente
1364 4126 1491 4190 visi,
1545 4126 1909 4181 solemnitatis
1948 4125 2189 4196 symbola

624 4222 733 4278 sint
770 4240 783 4275 :
819 4221 1056 4290 itemque
1077 4219 1297 4289 juvenis
1326 4221 1468 4289 apud
1500 4220 1743 4273 Marcum
1787 4220 1924 4274 stola
1958 4217 2189 4271 candida

620 4317 675 4364 et
714 4309 832 4380 ipse
862 4318 1185 4380 coopertus,
1233 4310 1288 4363 in
1343 4311 1532 4365 dextra
1574 4325 1687 4364 non
1735 4320 1913 4364 autem
1966 4309 2190 4364 sinistra

622 4408 778 4470 parte
819 4409 1167 4471 conspectus,
1202 4401 1322 4455 heta
1353 4409 1407 4457 et
1436 4403 1627 4458 dextra
1683 4400 2002 4455 mulieribus
2050 4416 2191 4454 nun-

622 4494 804 4559 tians;
836 4499 890 4547 et
944 4492 1021 4559 hi,
1062 4493 1307 4563 inquam,
1341 4494 1541 4548 diversi
1589 4494 1891 4548 habeantur
1925 4501 2037 4545 tum
2071 4506 2100 4544 a
2132 4507 2191 4547 se

621 4584 874 4649 invicem,
898 4593 1008 4637 tum
1038 4598 1067 4637 a
1096 4585 1304 4654 primis.
1337 4584 1701 4651 Quamobrem
1731 4600 1799 4639 ne
1825 4584 2045 4653 angelos
2070 4584 2191 4653 qui-

2296 3405 2389 3457 καὶ
2419 3403 2544 3468 τοὺς
2577 3404 2798 3474 χρόνους
2824 3402 2918 3456 καὶ
2942 3405 3067 3466 τοὺς
3093 3405 3352 3474 τρόπους,
3381 3404 3471 3457 καὶ
3505 3403 3565 3455 τά
3590 3399 3781 3472 πρόσωπα

2294 3496 2403 3551 τῶν
2426 3495 2732 3565 θεωμένων,
2760 3495 2853 3550 καὶ
2879 3497 3004 3559 τοὺς
3038 3496 3144 3549 τῶν
3160 3496 3411 3563 ἀγγέλων
3437 3495 3621 3560 λόγους,
3644 3490 3719 3543 οὐκ
3737 3488 3781 3539 ἄν

2296 3606 2378 3652 τις
2406 3588 2642 3656 εὐλόγως
2689 3588 2963 3659 μέμψαιτο
3004 3587 3302 3656 διαφωνίαν
3328 3589 3427 3659 τῆς
3466 3585 3667 3657 Γραφῆςν
3691 3580 3783 3647 in?

2297 3681 2559 3752 θευούσης
2594 3680 2828 3752 ἑκάστης
2855 3680 2998 3734 κατὰ
3026 3681 3116 3733 τὸν
3147 3680 3356 3744 οἰκείας
3405 3678 3620 3749 ἱστορίας
3655 3673 3780 3738 λόγων

2295 3772 2565 3843 διαφόρων
2592 3789 2651 3825 τε
2681 3773 3020 3843 πραγμάτων
3044 3773 3318 3842 ὑφήγησιν
3339 3771 3602 3842 δηλούσης.
3631 3762 3781 3818 Ἀλλ’νξ

2301 3864 2398 3933 μὲν
2431 3864 2579 3933 παρά
2610 3864 2785 3916 τοῖσδε
2807 3867 2918 3927 τοῖς
2950 3865 3364 3932 εύαγγελισταίς
3391 3861 3611 3930 ἄγγελοι,
3631 3848 3779 3909 καὶτοῦ

2297 3955 2545 4026 Σωτῆρος
2573 3957 2626 4008 αἱ
2654 3955 2790 4025 μετά
2807 3955 2907 4026 τὴν
2928 3957 3219 4010 ἀνάστασιν
3245 3955 3562 4025 θεοφάνειαι,
3584 3946 3699 4018 παρὰ
3716 3944 3778 4014 μά

2296 4062 2407 4107 νοις
2456 4045 2662 4108 τούτοις
2714 4046 2789 4108 ὡς
2839 4045 2904 4099 ἂν
2936 4045 3087 4116 παρὰ
3139 4045 3413 4117 κρείττοσι
3458 4045 3540 4096 καί
3566 4036 3696 4093 αύτοῦ
3715 4030 3777 4086 τοῦ

2298 4136 2546 4206 Σωτῆρος
2573 4134 2866 4199 αύτόπταις
2891 4153 2950 4189 τε
2968 4137 3061 4191 καὶ
3088 4137 3376 4206 αύτηκόοις
3407 4122 3778 4205 φερόμεναινταιλ

2295 4245 2395 4298 την
2425 4226 2644 4291 σῴζοιεν
2671 4226 2737 4280 ἂν
2760 4226 2857 4297 τὴν
2879 4227 3220 4281 ἀκολουθίαν.
3243 4229 3307 4280 Oi
3334 4228 3388 4281 δὲ
3417 4224 3555 4295 παρὰ
3571 4220 3633 4291 τῷ
3649 4211 3778 4280 Λουιξ

2295 4320 2389 4374 δύο
2420 4319 2608 4391 ἄνδρες
2639 4320 2696 4371 ἑν
2724 4318 2910 4389 ἑσθῆτι
2943 4318 3326 4392 ἀστραπτούσῃ
3358 4316 3618 4385 ὀφθέντες,
3646 4308 3712 4362 διὰ
3732 4302 3779 4355 τὰ

2296 4414 2394 4481 τῆς
2428 4413 2620 4480 ἑθρτῆς
2663 4410 2905 4480 σύμὸολα
2925 4429 2937 4441 ·
2978 4411 3072 4464 καὶ
3101 4413 3129 4464 6
3160 4410 3311 4481 παρὰ
3340 4410 3414 4480 τῷ
3452 4407 3633 4477 Μάρκῳ
3655 4393 3778 4451 νεανί-

2299 4515 2425 4559 σκος
2450 4497 2646 4567 λευκὴν
2679 4497 3136 4567 περιϐεϐλημένος
3173 4499 3267 4552 καὶ
3312 4498 3467 4560 αὐτὸς
3512 4493 3692 4559 στολὴν,
3718 4485 3776 4535 δεσ

2300 4586 2408 4650 ξιός
2437 4604 2494 4639 τε
2520 4586 2633 4640 ἀλλ’
2664 4588 2764 4640 ούκ
2790 4588 3074 4659 ἀριστερὸς
3106 4590 3434 4660 ἑωραμένος,
3456 4586 3526 4656 τῷ
3562 4599 3612 4635 τε
3636 4570 3777 4647 φαιδρὰ

623 4675 743 4729 dem
780 4675 888 4730 hos‘
924 4676 1362 4741 nominaverunt,
1396 4693 1573 4746 neque
1616 4675 1921 4730 Servatoris
1954 4675 2191 4730 visiones

2296 4679 2390 4731 καὶ
2416 4677 2562 4744 δεξιὰ
2598 4681 2715 4741 ταῖς
2742 4678 2983 4747 γυναιξὶν
3022 4680 3476 4748 εὐαγγελίζεσθαι,
3499 4674 3633 4729 πάλιν
3654 4670 3779 4734 ἕτεροι

620 4775 1034 4831 memorarunt,
1104 4768 1199 4822 sed
1265 4769 1572 4838 potioribus
1667 4782 1727 4822 se
1808 4765 2061 4821 Matthaeo
2127 4781 2191 4820 ac

617 4857 814 4914 Juanni
861 4860 1073 4928 potiora
1125 4860 1369 4916 scribere
1406 4867 1461 4915 et
1518 4859 1759 4915 historia:
1805 4859 2191 4915 commendare

616 4956 985 5023 permiserunt
1021 4971 1034 5007 :
1069 4952 1171 5022 ipsi
1202 4967 1334 5007 vero
1374 4952 1615 5008 secunda
1644 4960 1957 5016 narrarunt,
1985 4959 2041 5005 et
2070 4968 2190 5022 quae

617 5053 739 5114 post
769 5045 953 5115 priora
986 5051 1206 5097 narrata
1234 5051 1529 5097 evenerant
1560 5061 1572 5097 :
1600 5042 1821 5098 omissis
1855 5051 2034 5097 autem
2067 5060 2188 5113 quae

619 5142 786 5192 testes
830 5136 1065 5191 visuales
1096 5134 1210 5203 jam
1252 5135 1525 5198 dixerant,
1584 5134 1688 5204 ipsi
1720 5133 1788 5188 ab
1837 5133 1923 5189 bis
1972 5135 2189 5189 silentio

617 5230 889 5298 prasterita
916 5227 1338 5299 suppleverunt;
1366 5241 1485 5296 quae
1501 5226 1720 5295 quidem
1741 5225 1981 5282 secunda
2007 5234 2185 5291 erant,

618 5322 901 5394 multoque
947 5323 1129 5393 priore
1174 5320 1401 5377 historia
1451 5319 1712 5374 inferiora
1758 5338 1771 5374 :
1809 5320 1890 5375 sic
1930 5318 2185 5373 nimirum

618 5422 809 5469 sancto
852 5413 1060 5485 Spiritu
1100 5429 1371 5486 congruas
1423 5412 1655 5484 singulis
1698 5421 2021 5481 suggerente
2068 5426 2188 5465 nar-

618 5506 879 5561 rationes.

2293 4770 2359 4825 ἂν
2393 4767 2500 4823 εἷεν
2551 4772 2645 4824 καὶ
2699 4771 2872 4835 αὐτοὶ,
2908 4771 3151 4841 ἀλλήλων
3198 4789 3257 4825 τε
3300 4773 3391 4825 καὶ
3427 4769 3527 4822 τῶν
3558 4761 3679 4834 παρά
3701 4756 3778 4814 τοῖς

2293 4859 2540 4931 πρώτοις.
2592 4861 2681 4913 Διὸ
2727 4860 2846 4914 οὐδὲ
2890 4860 3153 4930 ἀγγέλους
3198 4862 3266 4913 αύ
3280 4863 3393 4924 τοὺς
3417 4859 3513 4912 οἶδε
3539 4852 3771 4921 ὠνόμασαν.

2290 4952 2410 5003 ἐπεὶ
2439 4951 2572 5021 μηδὲ
2601 4954 2709 5006 τῶν
2732 4952 2823 5006 τοῦ
2860 4954 3109 5025 Σωτῆρος
3150 4954 3421 5007 ὀπτασιιῖω
3448 4944 3773 5020 ἐμνημόνευσαν

2290 5044 2401 5105 τοῖς
2428 5045 2728 5113 κρείττοσιν
2753 5044 2785 5116 ἧ
2820 5044 2941 5097 καθ’
2966 5045 3195 5108 ἑαυτοὺς
3228 5044 3483 5113 Ματθαίῳ
3508 5039 3589 5094 κει)⁵
3614 5030 3772 5093 Ἰωάννη

2292 5135 2361 5188 τὰ
2391 5136 2670 5206 κρείττονα
2694 5136 2925 5206 γράφειν
2956 5136 3049 5191 καὶ
3068 5139 3298 5209 ἱστορεῖν
3319 5121 3773 5209 παρακεχωρηκότεῗ

2295 5229 2447 5281 αὐτοὶ
2475 5228 2532 5281 δὲ
2564 5229 2632 5281 τὰ
2668 5229 2896 5300 δεύτερα
2927 5206 3299 5301 διηγούμενοι,
3337 5206 3520 5294 καὶτῷ
3727 5206 3773 5259 τὰ

2298 5319 2434 5390 μετὰ
2459 5319 2557 5390 τὴν
2579 5320 2686 5373 τῶν
2723 5320 2952 5391 πρώτων
2985 5300 3203 5393 μνήμην
3226 5320 3442 5391 ὕστερον
3469 5300 3771 5393 πεπραγμένα.

2297 5389 2576 5482 παρῄεσαν
2631 5411 2729 5480 μὲν
2761 5389 2827 5465 τὰ
2863 5389 3011 5483 παρά
3233 5389 3512 5467 αύτόπταις
3557 5389 3770 5483 Et”???

2295 5503 2730 5575 ἀντανεπλήρουν
2754 5503 2809 5557 δὲ
2834 5503 2903 5556 τὰ
2936 5506 3063 5576 παρ’
3088 5504 3314 5566 ἐκείνοις
3346 5492 3656 5565 σεσιγημένα”
3676 5479 3705 5534 ἃ
3728 5473 3772 5540 δὴ

620 5593 845 5668 δεύτερα
897 5592 965 5669 ἦν
996 5597 1089 5651 καὶ
1119 5595 1313 5669 μακρῷ
1368 5596 1664 5666 λειπόμενα
1704 5594 1801 5664 τῆς
1834 5592 1940 5647 τῶν
1980 5593 2258 5664 προτέρων
2297 5594 2569 5668 ἱστορίαν
2604 5596 2745 5649 οὓτω
2778 5597 2871 5651 τοῦ
2927 5598 3082 5666 ἁγίου
3136 5595 3440 5666 Πνεύματος
3481 5577 3769 5646 timele

621 5689 720 5754 τὰς
753 5692 1066 5759 πρεπούσας
1095 5694 1308 5764 ἑκάστῳ
1340 5694 1434 5747 καὶ
1462 5690 1826 5763 καταλλήλους
1850 5689 2153 5761 διηγήσεις.

1361 5808 1443 5862 Vl.

698 5901 827 5970 Qua:
874 5900 1037 5973 igitur
1083 5903 1225 5974 apud
1270 5901 1473 5958 Lucun
1506 5900 1662 5958 valde
1706 5914 1865 5957 mane
1904 5897 1972 5954 ad
2000 5913 2194 5957 monu-

2366 5895 2430 5950 ΔΞ
2450 5893 2577 5964 γοῦν
2611 5893 2756 5967 παρὰ
2780 5893 2855 5969 τῷ
2875 5800 3276 5967 Λουκξξζρθρου
3290 5889 3465 5965 βαθέος
3480 5881 3556 5938 ἐπὶ
3570 5876 3615 5931 τδ
3633 5865 3764 5944 Pii“
