3954 6502
102 346 202 398 995

951 339 1462 411 SUPPLEMENTA
1502 339 1987 406 ρυίΕΕΤΙΟΝυΜ
2027 341 2118 394 ΑΒ
2157 338 2504 397 MARINUM.

3240 344 3342 402 994

100 452 337 505 ἐλθοῦσαι
390 451 645 518 γυναῖκες
679 449 772 503 καὶ
828 449 1092 522 φέρουσαι
1117 451 1481 524 ἃήτοίμασαν
1523 451 1665 524 ἀρώ-

1768 461 2010 508 mentum
2059 463 2326 509 venerunt
2368 455 2661 521 mulieres,
2709 462 2898 525 parata
2952 454 3190 512 ferentes
3217 471 3344 512 aro-

102 559 267 613 ματα,
327 540 515 613 ἕτεραι
559 540 626 594 ἂν
690 537 800 595 εἷεν
837 541 946 596 τῶν
991 544 1139 615 παρά
1170 543 1247 615 τῷ
1279 542 1540 615 Ματθαίῳ
1574 544 1666 597 καὶ

110 638 336 707 Ἰωάννῃ.
385 638 460 688 Οὐ
501 635 609 707 γὰρ
650 634 714 689 ἂν
744 636 857 707 ἔχοι
893 636 1050 705 λόγον
1071 636 1170 700 τὰς
1209 637 1446 691 τοσαῦτα
1473 654 1668 709 προτε-

98 727 357 798 θεαμένας
391 727 612 798 Μαρίας
655 726 780 798 ἄρτι
812 726 1026 798 πρῶτον
1055 726 1324 800 ἀρώματα
1353 728 1559 799 φέρειν,
1592 727 1669 790 ὡς

100 821 255 888 μήπω
294 817 392 888 τὴν
427 818 720 873 ἀνάστασιν
760 818 1275 890 προμεμαθηκυίας.
1329 820 1523 889 Σαφῶς
1559 821 1668 890 γὰρ

97 910 155 963 δι’
179 903 251 961 ὧν
277 926 408 979 φησι
440 908 677 962 δείκνυσι
702 910 782 961 ὅτι
812 911 904 962 καὶ
931 911 980 962 οἱ
1001 909 1275 978 ὀφθέντες,
1310 911 1484 982 ἕτεροι
1518 910 1667 982 παρά

97 1002 214 1063 τοὺς
260 999 567 1071 ἔμπροσθεν
619 999 1057 1071 δεδηλωμένους·
1092 1002 1187 1055 καὶ
1245 1005 1273 1056 6
1325 1003 1487 1066 τόπος
1538 1002 1667 1055 ἔνθα

96 1092 344 1162 ὤφθησαν
372 1078 583 1162 ἕτερος·
619 1089 741 1144 οὕτε
764 1092 873 1164 γὰρ
906 1093 1036 1145 εἴσω
1066 1091 1161 1145 τοῦ
1192 1094 1473 1164 μνήματος
1504 1089 1663 1164 ἦσαν.

97 1184 164 1246 ὡς
198 1186 226 1236 6
265 1184 518 1252 Ἰωάννης
547 1181 803 1246 ἐδίδαξεν,
839 1182 961 1235 οὔτε
1000 1183 1093 1235 ἐπὶ
1125 1184 1215 1235 τὸν
1251 1183 1396 1235 λίθον
1436 1180 1666 1247 καθεζό-

100 1293 259 1346 μενοι,
290 1274 365 1338 ὼς
412 1277 440 1328 6
473 1275 624 1346 παρὰ
651 1274 725 1345 τῷ
775 1275 1038 1346 Ματθαίῳ
1094 1275 1323 1345 ἄγγελος
1343 1292 1356 1305 ο
1407 1274 1520 1329 ἀλλ’
1543 1274 1665 1327 οὐδὲ

97 1370 223 1432 ὅλως
253 1368 537 1438 ὠνόμασεν
563 1369 830 1437 ἀγγέλους
865 1369 893 1421 6
933 1370 1147 1431 Λουκᾶς
1172 1409 1186 1433 ,
1236 1367 1328 1420 δύο
1359 1368 1414 1421 δὲ
1447 1367 1662 1438 ἄνδρας,

99 1462 223 1532 πλὴν
251 1460 387 1514 ἀλλὰ
420 1461 513 1513 καὶ
538 1461 736 1523 αὐτοὺς
759 1462 815 1512 ἐν
840 1459 1027 1531 ἐσθῆτι
1053 1459 1459 1530 ἀστραπτούσῃ,
1493 1459 1581 1511 διὰ
1600 1458 1665 1511 τά

98 1555 185 1622 τῆς
226 1554 419 1626 ἑορτῆς
456 1552 729 1622 σύμϐολα·
765 1554 857 1607 καὶ
886 1556 934 1606 οἱ
972 1554 1118 1622 λόγοι
1150 1553 1204 1606 δὲ
1237 1553 1415 1606 αὐτῶν
1448 1554 1497 1606 οἰ
1531 1553 1664 1623 πρὸς

98 1645 182 1706 τας
209 1648 473 1711 γυναῖκας
505 1646 763 1709 ίδιάζουσι
787 1662 799 1674 ·
835 1646 930 1698 καὶ
975 1646 1029 1698 αί
1070 1647 1322 1713 γυναῖκες
1357 1645 1413 1697 δὲ
1450 1643 1663 1707 πλείους

94 1730 242 1804 ἦσαν,
274 1733 390 1785 ἀλλ’
425 1734 524 1804 οὐχ
554 1735 587 1804 ἡ
617 1734 769 1806 παρὰ
798 1734 875 1805 τῷ
900 1733 1161 1804 Ματθαίῳ
1184 1734 1277 1786 δύο
1301 1735 1532 1805 Μαρίαι,
1551 1733 1662 1787 ἀλλ’

1768 553 1937 608 mata,
1970 546 2196 601 diversa:
2224 547 2293 601 ab
2322 547 2388 601 iis
2415 557 2576 602 erunt
2605 564 2729 618 quae
2759 547 2903 619 apud
2936 547 3246 603 Matthaaum
3279 563 3345 604 ac

1766 634 2030 692 Joannem
2063 647 2459 695 memorantur.
2487 638 2676 710 Neque
2705 641 2852 695 enim
2885 640 3209 695 rationabile
3235 648 3343 706 est,

1768 727 1969 785 Marias
1999 746 2121 800 qua!
2146 731 2277 785 talia
2309 739 2437 787 ante
2466 732 2739 796 viderant,
2773 732 3182 802 nunc,primum
3215 748 3343 789 aro-

1766 829 1913 876 mata
1942 822 2177 886 delerre,
2211 824 2377 892 quasi.
2392 823 2634 878 nondum
2666 824 3123 880 resurrectionem
3156 826 3346 882 novis-

1767 919 1910 967 sent.
1984 911 2275 968 Maniieste
2323 913 2576 968 videlicet
2627 913 2711 968 his
2754 931 2874 984 qua:
2918 914 3051 968 dicit
3099 913 3344 980 denotat,

1765 1002 1913 1073 quod
1946 1010 2001 1059 et
2032 996 2343 1078 visi'angeli
2365 1005 2567 1059 diversi
2604 1004 2807 1059 fuerint
2837 1005 2905 1059 ab
2935 1012 3096 1061 antea
3127 1014 3342 1077 specta-

1763 1095 1876 1160 tis;
1931 1102 1983 1148 et
2013 1095 2164 1150 locus
2194 1095 2284 1149 ubi
2335 1105 2463 1149 sunt
2494 1098 2618 1161 \isi,
2668 1099 2797 1152 item
2841 1097 3127 1166 diversus;
3170 1111 3344 1168 neque

1765 1186 1910 1239 enim
1943 1185 2089 1238 intra
2115 1166 2527 1240 monumentum
2563 1196 2741 1251 erant,
2779 1197 2836 1242 ut
2861 1188 3101 1244 Joannes
3124 1190 3340 1255 docuit;

1766 1292 1943 1346 neque
1975 1276 2140 1347 lapidi
2171 1276 2495 1341 insidentes,
2531 1286 2588 1332 ut
2615 1279 2705 1333 ille
2738 1281 2880 1350 apud
2905 1279 3216 1336 Mattbmum
3240 1296 3342 1336 an-

1766 1372 1919 1442 gelus
1945 1391 1957 1426 :
1992 1386 2170 1440 neque
2197 1371 2422 1441 angelos
2456 1371 2660 1427 diserte
2683 1373 2974 1443 appellavit
3018 1390 3112 1431 eos
3142 1371 3342 1441 Lucas,

1765 1463 1860 1517 sed
1893 1462 2031 1517 duos
2080 1463 2251 1526 viros,
2301 1478 2616 1533 quanquam
2650 1465 2800 1534 ipsos
2848 1481 3065 1535 quoque
3095 1467 3148 1520 in
3197 1476 3344 1523 veste

1767 1551 2027 1622 fulgente,
2073 1552 2144 1607 ob
2195 1552 2560 1607 solemnitatis
2615 1554 2877 1609 indicium
2924 1575 2937 1610 :
2989 1557 3116 1611 item
3148 1558 3343 1613 horum

1765 1658 2050 1699 sermones
2082 1640 2151 1698 ad
2177 1645 2437 1700 mulieres
2466 1652 2596 1700 sunt
2624 1648 2928 1715 peculiares
2962 1668 2977 1703 :
3013 1651 3345 1705 etmulieres

1766 1735 1947 1803 plures
1982 1751 2211 1790 numero
2254 1746 2419 1802 sunt,
2465 1753 2627 1807 quam
2670 1738 2792 1792 dua:
2834 1740 2978 1809 apud
3032 1741 3344 1797 Mattltmunt

95 1825 420 1889 ἁπαξαπλῶς
463 1829 518 1879 αἱ
555 1826 905 1879 συνελθοῦσαι
933 1826 1082 1898 αὐτῷ
1116 1829 1178 1880 ὲκ
1212 1828 1309 1897 τῆς
1347 1827 1653 1889 Γαλιλαίας·

1766 1824 1963 1887 Mariae,
2013 1827 2107 1881 sed
2142 1827 2247 1881 illae
2293 1828 2517 1883 omnino
2549 1845 2669 1898 quae
2702 1829 2885 1885 .‘esum
2917 1832 3189 1887 comitata:
3221 1832 3343 1888 fue-

97 1917 335 1988 ὀλίγωροι
371 1916 430 1969 δὲ
478 1917 573 1969 καὶ
628 1910 808 1981 αὗται,
839 1917 957 1970 οὐδὲ
987 1922 1252 1987 τοσαύτην
1297 1917 1662 1987 ἐνδειξάμεναι

100 2010 315 2080 σπουδὴν
348 2011 482 2080 ὅσην
514 2011 569 2061 αί
604 2009 691 2063 διὰ
716 2009 905 2073 νυκτὸς
933 2011 1337 2081 καρτερήσασαι
1361 2011 1454 2062 καὶ
1492 2028 1666 2081 παρα-

99 2101 336 2170 αείνασαι
366 2101 443 2172 τῷ
474 2101 743 2173 μνημείῳ.
774 2102 1058 2174 Μαρτυρεῖ
1086 2103 1215 2171 γοὺν
1246 2104 1272 2155 6
1300 2101 1573 2166 Ματθαῖος
1595 2106 1662 2174 τῇ

96 2195 418 2266 Μαγδαληνῇ
451 2196 544 2249 καί¹
572 2198 638 2267 τῇ
670 2194 803 2268 ἄλλῃ
840 2195 1029 2267 Μαρίᾳ
1049 2196 1293 2249 εὐτονίαν
1320 2196 1521 2266 πολλὴν
1573 2198 1666 2250 καὶ

96 2289 428 2359 παραμονὴν,
482 2287 654 2356 λέγων
713 2287 850 2358 μετά
906 2288 966 2341 τὸ
1021 2288 1193 2352 πάθος
1253 2289 1421 2342 αὑτοῦ
1456 2290 1661 2343 ταῦτα’

101 2401 114 2429 ι
147 2376 246 2433 Ἦν
274 2381 335 2432 δὲ
368 2382 487 2433 ἐκεῖ
519 2377 705 2451 Μαρία
737 2381 769 2450 ἡ
805 2379 1136 2450 Μαγδαληνὴ
1160 2381 1254 2433 καὶ
1282 2380 1414 2453 ἄλλη
1455 2382 1663 2449 Μαρία,

98 2472 389 2544 καθήμεναι
412 2472 671 2526 ἀπέναντι
706 2472 799 2524 τοῦ
822 2472 994 2540 τάφου
1018 2488 1030 2500 ·
1066 2491 1083 2522 ι
1118 2472 1230 2526 ἀλλ’
1276 2468 1435 2527 αὗται
1475 2475 1572 2544 μὲν
1598 2477 1663 2544 τῇ

98 2566 261 2636 ἡτέρα
308 2566 410 2635 τῆς
459 2565 820 2636 Παρασκευῆς
865 2565 1248 2635 παρεκάθηντο
1295 2566 1520 2635 ἀντικρὺ
1573 2566 1663 2619 τοῦ

100 2661 367 2730 μνήματος
389 2674 404 2688 ·
431 2657 512 2711 διὸ
541 2658 633 2710 καὶ
659 2657 852 2711 θᾶττον
882 2657 1048 2730 ὁρῶσι
1076 2656 1291 2729 πρῶτον
1323 2658 1421 2727 μὲν
1446 2658 1533 2710 τὸν
1557 2656 1665 2709 τῶν

99 2750 297 2818 ἀγαθῶν
328 2750 581 2819 ἄγγελον,
617 2746 734 2805 εἶτα
766 2751 859 2803 καὶ
882 2750 1041 2803 αὐτὸν
1066 2750 1155 2802 τὸν
1180 2749 1278 2819 τῆς
1324 2749 1470 2818 ζωῆς
1502 2751 1667 2819 ἀρχη-

98 2846 195 2910 γόν.
236 2844 306 2896 Ἡ
327 2842 385 2895 δὲ
418 2842 568 2914 παρὰ
588 2841 665 2914 τῷ
702 2843 920 2915 Ἰωάννῃ
945 2881 960 2906 ,
995 2844 1088 2895 καὶ
1121 2841 1260 2911 αὕτη
1288 2842 1349 2894 τὸ
1378 2842 1474 2913 μὲν
1509 2841 1663 2913 πρῶ-

99 2956 172 2989 τον
211 2939 339 3001 τοὺς
390 2936 677 3005 ἀγγέλους,
729 2937 865 3006 μετά
896 2935 951 2988 δὲ
989 2935 1211 2999 τούτους
1264 2937 1357 2989 καὶ
1389 2936 1549 2989 αὑτὸν
1574 2935 1665 2987 τὸν

100 3030 312 3103 Σωτῆρα
340 3030 537 3099 θεωρεῖ
556 3045 568 3059 ο
604 3028 662 3081 οὐ
697 3027 801 3099 μὴν
830 3026 1098 3098 ἀρώματα
1120 3027 1312 3099 ἔφερον
1341 3020 1524 3091 αὗται,
1543 3026 1663 3079 οὐδὲ

100 3121 209 3191 περὶ
231 3120 438 3190 ταύτην
466 3117 810 3186 κατεγίνοντο
832 3118 931 3187 τὴν
964 3116 1219 3187 σπουδήν.
1253 3117 1318 3168 Αἱ
1343 3116 1399 3168 δὲ
1434 3115 1540 3169 ἀπὸ
1564 3115 1662 3186 τῆς

101 3212 368 3276 Γαλιλαίας
390 3210 822 3281 ἀκολουθήσασαι
844 3207 992 3279 αὖτῷ
1006 3212 1281 3276 γυναῖκες,
1302 3207 1490 3261 πολλαὶ
1507 3205 1662 3262 οὖσαι

100 3305 220 3359 κατά
246 3303 341 3358 τὸν
366 3303 601 3365 Λουκάν,
630 3304 696 3372 τῇ
725 3300 821 3371 μὲν
853 3300 1181 3370 Παρασκευῇ
1231 3298 1660 3370 ὑποστρέψασαι,

99 3396 385 3466 ἡτοίμασαν
413 3393 481 3446 τά
504 3390 792 3463 ἀρώματα,
826 3389 919 3443 ἆτε
960 3390 1022 3461 δὴ
1068 3389 1232 3461 μηδὲν
1271 3389 1496 3460 μηδέπω
1541 3407 1666 3460 προ-

101 3487 351 3558 μαθοῦσαι
382 3486 512 3558 περὶ
536 3502 636 3556 της
675 3484 1040 3546 ἀναστάσεως.
1065 3481 1155 3535 Διό
1186 3481 1411 3545 ταύταις
1452 3481 1551 3552 μὲν
1573 3481 1664 3534 δύο

98 3581 271 3653 ἄνδρες
294 3580 353 3633 ὲν
378 3578 566 3648 ἐσθῆτι
596 3575 979 3648 ἀστραπτούσῃ
1000 3573 1386 3643 φαίνονταικαὶ
1414 3572 1513 3643 τὴν
1543 3573 1666 3626 ἀνά-

100 3690 269 3727 στασιν
322 3668 787 3740 εὐαγγελίζονται.
836 3667 1030 3722 Οὐκέτι
1084 3665 1141 3718 δὲ
1172 3665 1361 3729 αὐταῖς
1403 3665 1431 3716 6
1477 3662 1664 3734 Σωτὴρ

99 3765 254 3837 ὤφθη,
290 3764 443 3818 ὥσπε
453 3780 484 3835 ρ
506 3757 597 3815 οὖν
623 3763 686 3832 τῇ
714 3758 862 3831 παρά
888 3758 964 3829 τῷ
999 3757 1220 3831 Ἰωάννη
1240 3757 1334 3811 καλ⁹
1364 3758 1482 3820 ταῖς
1516 3755 1663 3826 παρὰ

100 3858 164 3930 τῷ
199 3857 503 3927 Ματθαίῳο
561 3854 701 3908 ὥστε
748 3852 1049 3916 ἰδιάζουσαν
1101 3850 1350 3922 ἡγεῖσθαι
1400 3849 1664 3921 προσήκει

102 3952 181 4021 τὴν
210 3950 474 4021 ἱστορίαν.
510 3945 667 4000 Κατά
688 3945 743 3999 δὲ
770 3945 861 3998 τὸν
892 3945 1116 4015 Μάρκον
1147 3942 1266 3997 λίαν
1297 3940 1439 4015 πρωῒ
1465 3944 1529 4013 τῇ
1566 3942 1666 4012 μιᾷ

101 4044 191 4097 τῶν
212 4042 511 4097 Σαδϐἀτων
540 4039 786 4110 ἔρχονται
815 4037 907 4089 ἐπὶ
929 4036 989 4090 τὸ
1008 4054 1112 4108 μνη
1122 4038 1269 4107 μεῖον
1290 4034 1665 4096 ἀνατείλαντος

100 4138 179 4191 τοῦ
223 4138 381 4211 ἡλίου
426 4134 585 4189 ἀλλαι
639 4131 799 4185 πάλιν
832 4126 1011 4194 αὗται,
1068 4133 1157 4186 καὶ
1188 4133 1245 4183 ὲν
1284 4130 1456 4200 ἑτέρῳ
1488 4126 1663 4199 καιρῷ

102 4231 267 4298 πάλιν,
307 4232 366 4285 αἶ
406 4231 500 4284 καὶ
541 4229 721 4297 ἔλεγον
754 4227 887 4298 πρὸς
916 4224 1134 4287 ἑαυτὰς,
1171 4242 1189 4273 ‹
1230 4223 1323 4285 Τίς
1348 4220 1664 4275 ἀποκυλίσει

102 4325 214 4393 ἡμῖν
244 4323 338 4377 τὸν
358 4321 537 4386 λίθον;
579 4340 596 4371 ι
618 4320 711 4373 καὶ
739 4319 1006 4390 ἔρχονται,
1039 4316 1131 4368 καὶ
1164 4313 1508 4384 εὑρίσκουσιν
1538 4310 1665 4363 ἀπο-

100 4412 493 4484 κεκυλισμένον,
527 4410 622 4465 καὶ
646 4408 980 4463 εἰσελθοῦσαι
1009 4402 1145 4459 εἶδον
1190 4404 1467 4458 νεανίσκον
1490 4421 1503 4434 ε
1536 4401 1663 4456 ἔνθα

1763 1926 1889 1972 rant
1937 1936 2000 1972 ex
2045 1917 2288 1976 Galilaea.
2321 1919 2386 1972 Et
2418 1920 2499 1975 liae
2571 1922 2787 1991 quidem
2834 1925 3135 1993 segniores,
3168 1940 3345 1995 neque

1765 2026 1863 2079 par
1888 2010 2127 2064 studium
2164 2026 2274 2082 prae
2301 2026 2360 2066 se
2396 2010 2632 2067 ferentes
2666 2012 2772 2069 illis
2801 2002 2923 2083 quae
2954 2021 3119 2067 noctu
3155 2030 3345 2084 perse«

1766 2108 2090 2154 veraverant
2130 2100 2274 2170 apud
2329 2102 2643 2171 sepulcrum
2694 2104 2950 2158 assiduae.
2991 2104 3345 2162 Contestatur

1767 2203 1897 2242 vero
1926 2188 2209 2245 Mattlueus
2248 2189 2581 2260 Magdalente
2607 2200 2661 2247 et
2685 2193 2843 2248 alteri
2891 2193 3073 2250 Maria:
3103 2197 3343 2267 vigorem

1769 2281 1999 2334 multum
2027 2291 2189 2352 atque
2218 2284 2608 2348 constantiam,
2642 2284 2833 2341 dicens
2866 2294 2991 2357 post
3034 2287 3345 2345 Servatoris

1768 2372 2077 2440 passionem
2105 2372 2186 2426 sic
2218 2391 2230 2426 :
2270 2392 2287 2423 ι
2327 2372 2456 2427 Erat
2486 2382 2666 2427 autem
2699 2375 2772 2429 ibi
2797 2374 2964 2430 Maria
3000 2376 3340 2449 Magdalene,

1764 2469 1819 2513 et
1847 2461 2014 2515 altera
2063 2462 2257 2526 Maria,
2294 2464 2545 2519 sedentes
2578 2472 2769 2519 contra
2816 2466 3148 2536 sepulcrum.
3179 2488 3198 2520 ι
3236 2468 3344 2526 Sed

1765 2553 1847 2608 lue
1875 2553 2094 2625 quidem
2124 2557 2241 2626 ipsa
2277 2557 2364 2612 die
2393 2556 2726 2614 Parasceves
2750 2559 3013 2614 sedebant
3037 2576 3221 2615 coram
3257 2578 3346 2619 se-

1764 2647 1956 2715 pulcro
2000 2666 2012 2701 :
2065 2648 2294 2718 ideoque
2342 2658 2395 2703 ct
2443 2650 2677 2705 celerius
2720 2650 2905 2706 vident
2943 2652 3072 2707 boni
3117 2661 3345 2709 eventus

1766 2739 2044 2797 nuntium.
2079 2739 2276 2794 deinde
2321 2755 2499 2810 Ipsum
2552 2741 2675 2796 vitae
2731 2753 3032 2798 auctorem.
3097 2744 3187 2799 llIa
3214 2759 3345 2800 vero

1764 2829 1909 2900 apud
1959 2829 2249 2895 Joannem,
2282 2840 2336 2887 et
2367 2833 2485 2902 ipsa
2528 2849 2748 2904 quoque
2787 2837 2965 2906 primo
2992 2835 3140 2892 videt
3179 2851 3347 2907 ange-

1744 2922 1867 2987 olos,
1900 2930 1952 2976 et
1978 2932 2167 2992 postea
2200 2921 2545 2978 Servatorem
2588 2926 2766 2996 ipsum
2802 2946 2815 2981 :
2852 2942 3028 2997 neque
3051 2928 3132 2984 hae
3158 2935 3347 2983 tamen

1765 3023 2010 3069 aromata
2040 3014 2308 3079 ferebant,
2336 3032 2513 3087 neque
2536 3017 2607 3071 ob
2635 3032 2753 3072 eam
2783 3034 2897 3073 rem
2915 3020 3211 3075 curandam
3238 3021 3349 3078 ive-

1763 3114 1907 3161 rant.
1943 3105 2047 3162 Sed
2079 3108 2183 3161 illa;
2211 3107 2430 3161 demum
2454 3123 2575 3178 qua:
2599 3123 2663 3163 ex
2687 3107 2904 3164 Galilzea
2932 3108 3118 3165 Jesum
3151 3112 3346 3169 subse-

1770 3206 1909 3252 cutae
1941 3198 2176 3266 fuerant,
2210 3201 2503 3270 multaeque
2529 3201 2673 3270 apud
2696 3200 2900 3256 Lucam
2930 3202 3204 3272 feruntur,
3248 3206 3339 3261 die

1768 3289 2103 3346 Parasceves
2133 3290 2201 3346 de
2242 3291 2364 3346 loco
2407 3307 2660 3356 reversae,
2710 3302 3040 3363 paraverunt
3074 3304 3341 3361 aromata,

1765 3384 1965 3453 quippe
1995 3398 2116 3453 qua:
2155 3385 2365 3438 nullum
2416 3388 2839 3441 resurrectionis
2862 3387 3121 3441 indicium
3141 3402 3346 3459 Cogno-

1764 3482 1976 3528 verant.
2012 3472 2222 3529 Ideirco
2248 3474 2334 3529 his
2355 3475 2464 3529 duo
2481 3476 2581 3529 viri
2614 3476 2671 3530 in
2702 3484 2856 3530 veste
2875 3476 3112 3547 fulgente
3137 3488 3342 3540 astant,
3390 3518 3395 3523 η

1764 3566 2128 3636 nuntiantque
2183 3568 2666 3622 resurrectionem.
2726 3567 2982 3623 Nondum
3023 3569 3111 3626 his
3158 3578 3345 3626 tamen

1767 3656 2027 3712 Servatur
2058 3658 2332 3728 apparuit,
2366 3658 2509 3714 sicut
2547 3660 2622 3714 illi
2657 3668 2980 3730 apparuerat
3005 3660 3146 3732 apud
3177 3660 3345 3717 Joan-

1764 3764 1911 3814 nem,
1958 3757 2013 3805 et
2056 3750 2165 3805 illis
2215 3751 2358 3823 apud
2403 3750 2748 3819 Matthaeum;
2799 3752 2869 3806 ita
2911 3760 2972 3807 ut
3011 3754 3342 3823 peculiarem

1764 3840 1907 3895 hanc
1960 3848 2206 3910 oporteat
2256 3841 2541 3896 historiam
2574 3842 2910 3898 existimare.
2962 3843 3209 3915 Denique
3254 3860 3344 3902 sc-

1766 3933 2008 3989 cundum
2049 3932 2291 3989 Marcum
2327 3934 2485 3990 valde
2511 3950 2671 3991 mane
2715 3952 2821 3991 una
2855 3935 3217 3991 Sabbatorum
3247 3952 3343 3992 ve--

1764 4026 1922 4078 niunt
1950 4024 2017 4079 ad
2046 4031 2461 4079 monumentum
2493 4033 2615 4079 orto
2637 4025 2751 4094 jam
2785 4026 2919 4081 sole.
2973 4025 3107 4081 Aliae
3140 4027 3344 4098 pariter

1765 4118 1847 4172 Ira).
1876 4125 2039 4182 sunt,
2068 4118 2286 4189 alioque
2317 4119 2521 4189 pariter
2546 4128 2823 4189 tempore;
2856 4135 2979 4188 qua:
3005 4130 3059 4175 et
3087 4119 3357 4177 dicebant-

1764 4212 1829 4266 ad
1859 4212 2090 4266 invicem
2127 4231 2141 4266 :
2189 4229 2207 4262 ι
2246 4210 2380 4277 Quis
2410 4212 2651 4266 revolvet
2676 4212 2835 4265 nobis
2886 4211 3157 4281 lapidem?
3193 4230 3213 4265 ι
3249 4228 3343 4269 re-

1764 4304 2053 4375 niuntque,
2090 4310 2144 4359 et
2175 4307 2480 4359 revolutum
2504 4304 2868 4375 comperiunt,
2898 4311 2952 4358 et
2977 4303 3344 4375 ingresszju-

1765 4413 1958 4455 venem
1985 4397 2207 4460 vident;
2244 4399 2318 4450 ita
2346 4404 2405 4451 ut
2448 4397 2562 4452 hare
2590 4398 2756 4452 etiam
2785 4396 3014 4451 diversae
3041 4396 3119 4451 rei
3150 4411 3344 4449 narra-

100 4505 240 4558 πάλιν
265 4505 362 4557 ἐπὶ
404 4500 498 4554 τοῦ
538 4499 722 4554 Λουκά
748 4498 935 4564 ἄνδρες
968 4494 1080 4548 ἀλλ’
1109 4495 1208 4547 οὐκ
1247 4492 1497 4562 ἄγγελοι,
1524 4492 1665 4546 οὕτω

1768 4490 1844 4544 tio
1875 4491 1967 4553 sit,
2004 4498 2058 4545 et
2092 4490 2234 4544 alius
2260 4490 2354 4558 qui
2385 4490 2539 4545 visus
2564 4496 2670 4552 est,
2692 4497 2746 4543 et
2768 4488 2888 4543 alite
2906 4504 3026 4558 qua:
3051 4495 3339 4550 venerunt,

98 4596 161 4659 ὡς
192 4597 283 4649 καί
304 4595 402 4647 νῦν
431 4593 532 4646 οὐκ
554 4590 783 4660 ἄγγελος
807 4589 1139 4660 ὠνόμασται,
1174 4584 1308 4638 ἀλλά
1350 4586 1629 4647 νεανίσκος
1647 4601 1660 4615 ο

98 4686 220 4740 ὥστε
266 4686 361 4738 καὶ
399 4682 605 4753 ταύτην
647 4677 1036 4752 ἀφωρισμένην
1082 4672 1346 4745 εἶναιτὴν
1393 4674 1661 4745 διήγησιν,

100 4778 179 4830 καὶ
205 4778 298 4831 τὸν
325 4774 563 4845 ὀφθέντα
586 4773 771 4843 ἕτερον
791 4810 804 4833 ,
836 4769 928 4821 καὶ
963 4767 1060 4829 τὰς
1104 4763 1436 4834 ἀφικομένας
1476 4762 1661 4826 ἄλλας,

100 4870 180 4921 καὶ
206 4869 294 4922 τὸν
323 4866 518 4938 καιρὸν
546 4863 745 4935 ὁμοίως
777 4861 869 4915 τὸν
914 4856 1052 4930 μετὰ
1080 4855 1233 4927 ἡλίου
1268 4853 1528 4917 ἀνατολάς
1546 4870 1560 4883 ’
1607 4853 1664 4916 ὃς

99 4962 140 5011 εἰ
164 4961 252 5032 μὲν
286 4961 384 5013 καὶ
418 4957 569 5029 παρά
594 4954 671 5026 τῷ
704 4953 887 5024 Λουκᾷ
915 4950 1197 5021 τερήτητο,
1225 4945 1458 5025 εὐλόγως
1484 4945 1547 4999 ἄν
1579 4963 1663 5011 τις

97 5055 207 5117 τοὺς
235 5053 369 5125 παρ’
400 5049 550 5120 αὐτῷ
574 5047 666 5101 δύο
698 5046 894 5118 ἄνδρας
929 5042 1146 5113 ἀπῄτει,
1178 5040 1273 5092 καὶ
1310 5038 1437 5100 τοὺς
1468 5038 1663 5102 αὐτοὺς

1767 4591 1822 4638 et
1855 4585 2106 4639 similiter
2135 4582 2241 4638 diei
2267 4593 2482 4652 tempus
2504 4589 2626 4652 post
2648 4582 2781 4637 solis
2804 4588 2985 4637 ortum
3022 4598 3035 4635 :
3066 4596 3187 4650 qua:
3204 4588 3342 4635 tem-

1764 4675 1915 4744 poris
1938 4674 2148 4727 notatio
2180 4673 2226 4728 si
2261 4673 2447 4728 eadem
2472 4671 2615 4742 apud
2642 4670 2844 4725 Lucam
2875 4673 3057 4735 Iieret,
3085 4679 3228 4726 recte
3261 4670 3340 4726 Ie-

1765 4775 1885 4821 ctor
1919 4781 1948 4820 a
1985 4766 2170 4821 Marco
2203 4766 2507 4836 requireret
2550 4772 2607 4819 et
2649 4764 2799 4818 viros
2828 4763 3001 4827 duos,
3037 4769 3091 4817 et
3118 4762 3340 4819 eosdem

1766 4873 2064 4913 sermones.
2123 4856 2278 4912 Nune
2321 4873 2445 4911 eum
2475 4856 2654 4912 Lucas
2678 4857 2784 4911 diei
2814 4856 3000 4913 horam
3031 4864 3158 4910 ante
3207 4854 3341 4911 solis

1766 4958 1945 5005 ortum
1993 4953 2404 5021 praeoccuparit,
2438 4951 2633 5006 merito
2680 4957 2735 5003 et
2782 4949 2907 5004 illos
2952 4949 3049 5017 qui
3079 4947 3179 5002 visi
3212 4951 3344 5000 sunt

1768 5040 1907 5095 duos
1938 5042 2085 5096 viros
2110 5042 2243 5096 dicit
2267 5082 2281 5106 ,
2315 5058 2424 5097 non
2450 5048 2633 5096 autem
2662 5054 2826 5094 unum
2854 5039 3108 5108 juvenem
3132 5043 3339 5090 narrat.

98 5151 290 5219 λόγους.
314 5151 382 5204 Εἰ
407 5149 452 5201 δ’
475 5150 502 5201 6
525 5146 739 5208 Λουκᾶς
767 5143 862 5197 τὸν
897 5141 1002 5214 πρὸ
1050 5138 1213 5209 ἡλίου,
1236 5133 1500 5205 ἀνατολῆς
1546 5136 1734 5207 καιρὸν
1772 5135 2096 5208 προῦλασεν,
2137 5138 2359 5201 εἰκότως
2397 5138 2491 5191 καὶ
2521 5138 2646 5200 τοὺς
2670 5135 2788 5190 τότε
2816 5133 3078 5202 ὀφθέντας
3121 5130 3215 5185 δύο
3250 5128 3343 5185 ἄν.

98 5247 236 5319 δρας,
267 5248 387 5304 ἀλλ’
418 5246 478 5299 οὐ
508 5245 598 5298 τὸν
629 5242 905 5298 νεανίσκον
931 5239 1148 5310 ἱστορεῖ.

196 5322 203 5329 ’
845 5358 920 5409 Ζι.

162 5453 266 5525 (66)
289 5453 580 5524 Τεττάρων
610 5450 668 5504 δὲ
692 5449 861 5503 ὄντων
878 5446 987 5501 τῶν
1008 5440 1403 5514 εὐαγγελιστῶν
1420 5482 1435 5507 ,
1484 5441 1660 5514 ίσάρι-

102 5543 214 5614 θμοι
238 5545 444 5600 τούτων
468 5544 563 5598 καὶ
583 5545 641 5597 αἱ
668 5540 801 5613 πρὸς
824 5538 1002 5593 αὐτῶν
1022 5538 1419 5609 ἀναγραφεῐσαι
1449 5536 1664 5605 φαίνον-

101 5652 181 5693 ται
223 5637 480 5692 ὀπτασίαι
501 5653 514 5667 ·
551 5636 605 5689 οἴ
655 5652 716 5689 τε
750 5632 934 5707 καιροὶ
958 5631 1252 5708 τέσσαρες..
1303 5630 1398 5685 καὶ⁸
1442 5629 1491 5684 οἱ
1539 5627 1659 5684 καθ’

174 5798 281 5874 (τι)
320 5797 458 5856 Cod.
490 5797 559 5865 Α,
591 5795 778 5855 [515.

2500 5343 2614 5399 VII.

1836 5443 1955 5498 Jam
1990 5442 2120 5513 quia
2154 5448 2393 5512 quatuor
2420 5434 2766 5507 evangelista
2794 5439 2943 5496 sunt,
2965 5444 3084 5501 part
3116 5440 3342 5482 numero

1765 5533 2131 5604 comperimus
2165 5531 2307 5601 apud
2339 5531 2489 5599 ipsos
2518 5526 2752 5596 scriptas
2785 5522 3060 5585 visiones;
3094 5525 3344 5587 tempora

1766 5627 1896 5682 item
1926 5632 2196 5696 quatuor;
2238 5629 2294 5678 et
2339 5620 2416 5677 illi
2450 5619 2578 5674 item
2613 5614 2711 5688 qui
2739 5611 2972 5685 singulis
3000 5609 3351 5680 temporibus
