3954 6518
611 369 715 430 995

1315 365 1582 424 EUSEBll
1619 363 2096 422 CAESARIENSIS
2127 363 2276 421 OPP.
2318 364 2494 422 PARS
2529 365 2624 420 lll.
2662 395 2732 406 -—
2779 362 3194 420 EXEGETICA.
3713 371 3788 428 996

607 495 1014 562 apparuerunt,
1053 487 1362 560 singulares
1391 495 1518 542 sunt
1551 506 1564 542 :
1604 485 1834 542 diversae
1861 499 2079 556 quoque
2105 484 2189 540 vi-

2297 487 2521 540 ἕκαστον
2554 485 2744 556 καιρὸν
2767 483 3042 553 ὀφθέντες,
3075 482 3368 547 ἰδιάζοντες
3391 498 3404 513 ·
3443 481 3626 554 ὁμοίως
3659 485 3790 544 δὲκαὶ

607 585 800 640 dentes
831 583 1109 646 mulieres,
1135 589 1190 636 et
1213 579 1590 651 apparentium
1629 578 1765 650 ipsis
1791 593 2072 636 sermones
2095 593 2190 633 va-

607 678 774 731 riant.
817 675 1062 729 Primum
1101 673 1202 728 fuit
1245 685 1461 744 tempus
1490 671 1634 742 quod
1665 671 1856 727 scribit
1883 669 2187 734 Matthaeus,

609 783 733 823 sero
763 765 1132 821 Sabbatorum
1157 765 1369 821 dicens.
1397 763 1664 830 Quartum
1685 772 1740 819 et
1765 763 2018 817 ultimum
2047 760 2191 832 apud

611 859 850 913 Marcum
879 867 1002 912 orto
1033 857 1144 927 jam
1181 856 1296 912 sole
1329 857 1650 912 decurrens.
1697 854 1872 909 Media
1898 861 2026 910 sunt
2055 862 2194 908 tem-

607 966 740 1022 pora
768 950 910 1021 apud
944 948 1210 1004 Joannem
1245 957 1408 1018 atque
1432 948 1656 1004 Lucam.
1685 948 1978 1020 Propjerea
2007 953 2061 1002 et
2087 945 2192 1002 visi

609 1041 791 1112 angeli
827 1041 1134 1112 peculiares
1163 1048 1313 1096 sunt.
1354 1040 1489 1094 Nam
1517 1055 1640 1095 sero
1671 1038 2059 1104 Sabbatorum,
2095 1053 2195 1092 an-

607 1134 764 1203 gelus
789 1148 932 1187 unus
966 1147 1032 1186 ex
1063 1139 1439 1198 monumento,
1473 1138 1596 1202 post
1645 1145 1802 1201 quem
1831 1139 1886 1185 et
1919 1130 2034 1200 ipse
2067 1126 2195 1184 Ser-

613 1233 785 1279 vator.
838 1223 996 1278 Mane
1019 1230 1200 1278 autem
1227 1223 1358 1278 dum
1390 1223 1627 1278 tenebrae
1655 1223 1836 1276 adhuc
1867 1227 2075 1284 essent,
2111 1221 2196 1274 in-

613 1323 698 1370 tra
727 1323 1142 1371 monumentum
1171 1317 1348 1386 angeli
1375 1315 1514 1382 duo;
1553 1325 1673 1386 post
1697 1331 1836 1386 quos
1856 1315 2037 1370 denuo
2069 1315 2198 1370 Ser-

611 1419 795 1468 vator.
835 1409 1004 1466 Valde
1035 1425 1197 1465 mane
1231 1425 1364 1466 vero
1393 1411 1482 1465 alii
1523 1411 1826 1468 secundum
1849 1410 2050 1467 Lucam
2088 1411 2197 1466 duo

612 1502 717 1556 viri
745 1502 1045 1565 nominati,
1083 1501 1231 1556 haud
1273 1503 1416 1556 intra
1449 1511 1862 1559 monumentum
1892 1503 2194 1573 conspecti.

611 1593 843 1649 Demum
873 1600 1185 1664 postremus
1215 1594 1460 1649 omnium
1489 1595 1710 1664 juvenis
1731 1597 1825 1667 qui
1851 1595 2197 1652 venientibus

613 1693 739 1740 orto
768 1685 884 1740 sole
913 1685 1236 1742 mulieribus
1269 1703 1329 1743 se
1355 1688 1574 1742 obtulit.
1616 1687 1672 1742 Si
1705 1703 1836 1758 ergo
1865 1704 2034 1743 unum
2061 1704 2187 1743 cun-

615 1779 691 1832 cti
718 1777 972 1847 idemque
1005 1785 1223 1848 tempus
1253 1780 1629 1850 scripsissent,
1661 1780 2024 1850 eumdemque
2053 1779 2188 1836 desi-

2290 580 2347 630 αἰ
2396 576 2686 649 θεώμεναι,
2717 576 2991 648 διάφορον
3019 577 3110 630 καὶ
3156 577 3207 628 οἰ
3235 575 3348 628 τῶν
3379 575 3629 646 ὀφθέντων
3659 579 3792 646 αὐτοῖς

2290 670 2457 739 λόγοι,
2484 669 2907 732 διαλλάττοντες.
2952 668 3171 742 Πρῶτος
3203 668 3306 739 μὲν
3337 665 3445 741 γάρ
3487 663 3549 738 ἦν
3591 671 3743 740 καιρὸς
3773 675 3792 724 6

2292 764 2442 834 παρά
2476 764 2554 833 τῷ
2585 761 2848 832 Ματθαίῳ
2877 761 2972 831 ὀψὲ
3001 761 3298 815 Σαϐϐάτων
3329 761 3628 832 λεγόμενος·
3653 765 3792 836 τέταρ-

2291 871 2384 918 τος
2410 854 2465 906 δὲ
2495 855 2590 907 καλ⁹
2611 852 2920 915 τελευταῖος
2950 853 2978 904 6
3006 851 3158 924 παρὰ
3183 852 3265 920 τῷ
3303 853 3510 923 Μάρκῳ
3549 853 3676 923 ἡλίου
3701 855 3793 907 ἀνα·

2293 948 2566 1010 τείλαντος
2593 945 2896 1017 ίστορηθείς
2913 963 2926 976 ·
2963 945 3116 1015 μέσοι
3149 943 3204 998 δὲ
3233 945 3262 997 ὅ
3283 961 3342 996 τε
3367 943 3512 1015 παρὰ
3531 943 3600 1014 τῷ
3631 945 3790 1020 Ἰωάννῃ

2295 1040 2390 1094 καλ⁸
2417 1043 2445 1094 6
2466 1038 2615 1112 παρά
2633 1039 2710 1110 τῷ
2741 1039 2924 1109 Λουκᾷ
2941 1055 2955 1071 ο
2983 1037 3064 1090 διὸ
3095 1038 3188 1092 καὶ
3213 1039 3264 1089 οἱ
3287 1035 3536 1104 ὀφθέντες
3573 1039 3688 1092 κατὰ
3709 1057 3792 1092 και-

2298 1133 2388 1205 ρὸν
2417 1133 2724 1196 ἰδιάζοντες.
2769 1131 2895 1201 Ὀψὲ
2927 1129 3024 1202 μὲν
3053 1129 3161 1200 γὰρ
3192 1127 3486 1183 Σαϐϐάτων
3516 1129 3706 1197 ἄγγελος
3741 1127 3794 1195 εἷς

2296 1225 2360 1277 ὲκ
2387 1223 2479 1276 τοῦ
2513 1225 2820 1295 μνήματος·
2853 1223 2970 1294 μεθ’
2996 1224 3055 1277 ὃν
3090 1223 3183 1276 καὶ
3210 1221 3378 1285 αὐτὸς
3403 1224 3430 1275 6
3470 1222 3665 1292 Σωτήρο
3695 1225 3794 1292 πρωϊ

2295 1315 2352 1369 δὲ
2375 1315 2453 1370 ἔτι
2481 1317 2698 1380 σκοτίας
2725 1314 2910 1388 οὔσης,
2942 1317 3072 1370 εἵσω
3097 1314 3188 1368 τοῦ
3215 1317 3498 1386 μνήματος
3518 1314 3701 1382 ἄγγελοι
3715 1313 3793 1368 δύο·

2301 1408 2418 1479 μεθ’
2436 1407 2528 1472 οὓς
2561 1408 2718 1463 πάλιν
2747 1411 2774 1462 ὀ
2795 1408 2958 1472 αὐτὸς
2973 1409 3183 1480 Σωτήρ.
3207 1407 3346 1480 Ὅρθ
3359 1423 3448 1477 ρου
3469 1405 3522 1459 δὲ
3543 1407 3700 1477 βαθέος
3717 1408 3798 1461 ἓτε-

2302 1517 2382 1571 ροι
2417 1501 2558 1554 κατὰ
2583 1501 2675 1554 τὸν
2719 1501 2934 1554 Λουκᾶν
2971 1499 3065 1553 δύο
3097 1501 3292 1571 ἄνδρες
3343 1498 3686 1568 ὠνομασμένοι
3728 1499 3796 1552 οὐκ

2297 1591 2428 1648 εἴσω
2453 1591 2548 1646 τοῦ
2586 1594 2865 1664 μνήματος
2889 1591 3165 1661 ὀφθέντες.
3201 1587 3318 1644 Εἶθ’
3367 1589 3580 1661 ὕστερον
3607 1591 3798 1644 ἁπάντων

2298 1686 2328 1736 ὀ
2355 1683 2635 1746 νεανίσκος
2658 1721 2673 1745 ,
2711 1683 2739 1735 6
2774 1683 2892 1743 ταῖς
2916 1679 3069 1751 ἡλίου
3097 1677 3476 1740 ἀνατείλαντος
3518 1676 3798 1748 ἀφικομέναις

2298 1775 2644 1844 τεθεαμένος.
2707 1775 2771 1828 Εἰ
2838 1773 2938 1845 μὲν
2981 1770 3075 1828 οὖν
3133 1771 3230 1826 ἕνα
3291 1771 3482 1842 καιρὸν
3523 1771 3798 1840 εἰρηκότεςοὶ

617 1877 880 1939 gnassent
905 1869 1086 1924 locum
1107 1909 1122 1934 ,
1151 1885 1328 1940 neque
1356 1877 1536 1925 tamen
1568 1871 1788 1927 easdem
1829 1873 2195 1942 apparitioues

2301 1867 2500 1932 πάντες
2559 1867 2650 1920 καὶ
2698 1866 2790 1920 τὸν
2856 1865 3018 1919 αὑτὸν
3064 1864 3482 1936 ἀναγράψαντες
3545 1863 3712 1926 τόπον,
3755 1861 3798 1915 oi

615 1961 1020 2031 exposuissent,
1035 1963 1232 2018 merito
1257 1961 1491 2018 fortasse
1515 1963 1716 2034 aliquis
1732 1979 2022 2020 censuram
2042 1979 2199 2020 exer-

616 2061 783 2108 ceret.
835 2050 943 2106 Sed
973 2067 1100 2106 cum
1123 2059 1370 2124 tempora
1396 2052 1752 2110 distinxerim
1773 2097 1788 2123 ,
1821 2065 1875 2112 et
1904 2056 2200 2126 unicuique

617 2143 848 2214 tempori
869 2143 1049 2198 locum
1075 2147 1357 2216 proprium
1381 2147 1938 2212 accommodaverint,
1953 2148 2201 2218 sequitur

615 2241 680 2288 ut
735 2233 980 2290 diversas
1048 2250 1268 2305 quoque
1332 2235 1711 2305 apparitiones
1773 2235 2196 2307 descripserint.

617 2324 774 2380 Sicut
798 2333 1013 2390 contra,
1043 2326 1090 2380 si
1127 2342 1290 2381 unam
1320 2327 1509 2382 cuncti
1535 2327 1934 2397 apparitioncm
1965 2342 2201 2383 comme-

616 2423 946 2481 morassent,
999 2433 1280 2488 unumque
1327 2417 1603 2474 dixissent
1647 2419 1934 2488 angelum,
1969 2426 2062 2473 aut
2089 2418 2199 2474 duo

617 2504 968 2560 concorditer
998 2505 1245 2574 angelos,
1279 2507 1365 2562 vel
1393 2506 1522 2562 item
1555 2506 1696 2562 duos
1731 2508 1897 2572 viros,
1927 2517 2020 2563 aut
2039 2509 2198 2580 juve-

617 2609 742 2650 nem
793 2607 1004 2656 unum;
1040 2601 1156 2649 tum
1195 2595 1396 2651 deinde
1437 2605 1688 2668 tempora
1722 2597 2057 2664 variassent,
2097 2614 2198 2654 nec

618 2699 789 2738 unum
841 2683 1200 2740 denotassent
1254 2687 1474 2752 locum,
1508 2688 1584 2742 ita
1631 2704 1852 2758 quoque
1899 2689 2198 2759 reprehen—

619 2776 760 2832 sioni
791 2777 948 2832 locus
989 2785 1156 2832 esset.
1185 2775 1340 2832 Nunc
1366 2793 1550 2834 sermo
1585 2780 1897 2850 praecipuus
1945 2788 2000 2835 et
2047 2780 2193 2836 inva-

618 2865 832 2920 riabilis
874 2873 1080 2931 manet,
1121 2867 1359 2924 diversis
1425 2869 1772 2940 temporibus
1819 2870 2064 2940 locisque
2105 2885 2198 2924 va-

619 2956 828 3010 riantes
878 2956 1119 3012 visiones
1172 2957 1399 3024 sistens,
1452 2967 1508 3014 et
1555 2959 1750 3014 harum
1799 2961 2195 3030 spectatrices,
2249 2943 2268 2962 ⁸

619 3047 754 3102 item
803 3047 1079 3115 diversas,
1111 3049 1249 3105 duas
1306 3051 1430 3106 illas
1485 3051 1698 3122 priores
1748 3052 1998 3109 diversas
2031 3068 2062 3107 a
2108 3069 2195 3109 se-

619 3137 824 3202 cunda,
855 3139 1156 3210 tertiasque
1205 3140 1464 3197 similiter
1515 3157 1546 3196 a
1593 3144 1810 3214 quartis
1861 3144 2194 3201 differentes.

619 3228 891 3286 Nimirum
943 3239 1066 3303 post
1111 3232 1334 3303 juvenis
1379 3248 1506 3289 cum
1547 3237 1840 3304 postremis
1874 3237 2197 3292 mulieribus

619 3321 976 3394 colloquium,
1006 3340 1240 3396 quarum
1277 3327 1500 3381 nomina
1531 3329 1977 3399 non‘ponuntur,
2022 3329 2198 3401 pergit

619 3411 802 3470 dicere
829 3413 1048 3471 Marcus
1082 3435 1096 3472 :
1137 3436 1154 3468 ι
1183 3415 1305 3482 Quo
1348 3418 1538 3474 audito
1581 3418 1858 3490 fugerunt,
1891 3431 1944 3477 et
1991 3423 2196 3478 nemini

619 3503 919 3574 quidquam
960 3505 1240 3570 dixerunt,
1277 3507 1548 3564 timebant
1600 3511 1770 3566 enim.
1806 3530 1824 3563 ι
1860 3510 1954 3566 lla:
2001 3528 2199 3584 nempe

621 3595 843 3650 fuerunt
887 3597 1181 3666 ejusmodi,
1214 3599 1427 3670 pavida:
1472 3615 1538 3656 ac
1584 3603 1752 3659 nimis
1807 3603 2195 3670 formidolosae,

621 3685 678 3741 in
697 3693 910 3741 tantum
946 3695 1003 3742 ut
1039 3705 1106 3743 ne
1131 3688 1321 3759 juveni
1351 3691 1571 3761 quidem
1607 3693 1974 3750 auscultarint
1995 3696 2196 3752 dicenti

620 3778 703 3835 eis
739 3795 753 3832 :
793 3799 812 3832 ι
841 3779 920 3834 lte
948 3789 1003 3835 et
1037 3779 1206 3837 dicite
1247 3783 1538 3853 discipulis
1573 3785 1692 3855 ejus
1722 3794 1776 3842 et
1813 3786 1978 3844 Petro
2008 3807 2021 3844 :
2054 3788 2197 3848 Ecce

621 3871 883 3942 praecedit
911 3887 1009 3926 vos
1040 3873 1096 3926 in
1127 3871 1428 3931 Galilaeam.
1461 3895 1480 3928 ι
1525 3875 1622 3934 His
1664 3879 1809 3933 enim
1841 3880 2044 3936 auditis
2083 3897 2199 3938 ser-

621 3959 902 4024 monibus,
953 3962 1291 4015 contrarium
1321 3963 1593 4021 fecerunt.
1643 3967 1713 4020 At
1757 3967 1862 4023 illae
1899 3971 2044 4041 apud
2085 3971 2195 4027 Lu-

622 4063 769 4114 cam,
799 4050 867 4106 de
909 4061 1268 4108 monumento
1313 4069 1578 4122 reversae,
1637 4060 2030 4117 nuntiaverunt
2080 4063 2198 4118 haec

623 4143 810 4198 omnia
848 4145 1122 4202 undecim.
1159 4145 1423 4204 Similiter
1446 4159 1500 4204 et
1529 4152 1672 4222 apud
1700 4152 1968 4210 Joannem
2002 4157 2197 4212 mulier

624 4236 774 4291 venit
818 4235 887 4291 ad
923 4237 1246 4310 discipulos,
1301 4255 1484 4296 rerum
1521 4259 1657 4314 quas
1710 4243 1923 4301 viderat
1977 4247 2192 4303 nuntia.

625 4325 770 4384 Solae
797 4329 902 4384 ille
942 4329 1086 4400 apud
1133 4330 1378 4386 Marcum
1407 4343 1694 4405 postrema:
1723 4339 2192 4408 supervenientes,

625 4433 865 4490 vereque
897 4421 1173 4490 scrotinaa,
1217 4424 1291 4478 ita
1323 4432 1382 4478 ut
1410 4438 1537 4496 post
1564 4435 1746 4482 ortum
1773 4427 1903 4484 illuc
1935 4445 2196 4501 pervene-

621 4512 740 4566 rint
772 4551 787 4578 ,
819 4527 998 4582 neque
1027 4512 1372 4571 Servatorem
1401 4517 1588 4574 videre
1621 4519 1798 4592 digna:
1827 4519 2069 4587 fuerunt,
2098 4539 2195 4579 ne-

622 4615 734 4672 que
775 4617 948 4656 unum
989 4601 1290 4674 fulgentem
1328 4609 1602 4678 angelum,
1649 4626 1826 4681 neque
1867 4611 2005 4668 duos
2053 4614 2198 4668 intra

623 4703 1065 4762 monumentum,
1107 4713 1286 4768 neque
1329 4700 1454 4757 illos
1487 4717 1625 4772 quos
1663 4703 1811 4760 viros
1830 4703 1963 4762 dicit
1985 4705 2196 4765 Lucas:

621 4785 918 4856 quemdam
967 4791 1351 4846 tantummodo
1391 4791 1647 4861 juvenem
1689 4806 2020 4866 aspexerunt
2065 4815 2198 4856 can-

623 4875 754 4932 dida
781 4879 924 4934 stola
955 4893 1278 4954 coapertum
1306 4924 1320 4948 ,
1350 4898 1652 4955 congruam
1702 4886 1913 4958 exigua:
1955 4890 2198 4960 ipsarum

622 4969 796 5026 menti
821 4970 1089 5028 visionem
1122 4981 1431 5030 consecutae
1463 4994 1477 5030 :
1517 4986 1571 5031 et
1618 4976 1766 5033 hunc
1789 4979 2032 5036 albatum
2071 4981 2196 5040 festi

621 5077 792 5120 causa
822 5071 1138 5133 spectantes
1160 5106 1176 5131 ,
1212 5073 1396 5122 tamen
1429 5068 1714 5126 admiratur.
1747 5081 1911 5142 sunt;
1934 5075 2014 5130 sic
2049 5077 2196 5132 enim

621 5153 690 5210 de
745 5153 834 5211 his
881 5155 1100 5213 Marcus
1153 5166 1428 5228 testatur;
1457 5177 1771 5234 quanquam
1817 5165 1874 5221 in
1917 5167 2196 5238 prioribus

620 5247 774 5301 nulla
802 5249 1046 5318 stuporis
1079 5252 1284 5306 mentio
1316 5259 1420 5308 est.
1456 5253 1572 5325 Age
1610 5271 1764 5324 vero,
1819 5257 2193 5330 Magdalenam

619 5347 944 5396 constanter
968 5341 1022 5396 in
1047 5342 1169 5398 loco
1197 5354 1663 5415 perseverantem,
1691 5348 1955 5406 credibile
1979 5361 2064 5408 est
2087 5368 2195 5407 non

621 5430 836 5500 priores
868 5439 1084 5489 tantum
1117 5436 1488 5506 apparitiones
1514 5439 1721 5496 vidisse
1757 5443 2077 5513 angelorum
2099 5445 2194 5514 qui

621 5523 730 5578 sibi
773 5523 870 5578 uni
897 5535 1278 5594 occurrerant,
1311 5529 1406 5585 sed
1451 5537 1505 5586 et
1557 5531 1708 5587 illum
1757 5534 1901 5604 apud
1949 5534 2193 5590 Marcum

623 5615 854 5687 reliquis
901 5619 1226 5678 mulieribus
1277 5633 1636 5692 conspectum
1697 5625 1976 5697 juvenem.
2042 5628 2192 5683 Idem

621 5707 780 5764 dicas
833 5710 962 5766 licet
1001 5713 1168 5768 etiam
1211 5715 1280 5772 de
1326 5715 1558 5772 historia
1615 5719 1760 5790 apud
1819 5717 2042 5790 Lucam,
2097 5722 2192 5793 qui

622 5809 750 5874 post
779 5801 1075 5872 multarum
1119 5807 1410 5866 mulierum
1459 5807 1775 5882 adventum,
1807 5821 2010 5887 etpost
2055 5815 2193 5872 duo-

2229 4569 2276 4630 υ

2297 1958 2400 2024 τὰς
2461 1958 2632 2022 αὐτὰς
2689 1959 3010 2029 ἐπιφανείας
3051 1957 3276 2029 ἐδήλουν
3301 1996 3316 2019 ,
3367 1956 3470 2010 κᾶν
3522 1956 3716 2024 εὐλόγως
3751 1955 3797 2008 ἄν

2298 2067 2382 2114 τις
2425 2049 2731 2122 ἐμέμψατο.
2771 2049 2834 2102 Εἰ
2867 2049 2912 2102 δ’
2945 2048 3227 2121 ἀφώρισαν
3273 2047 3406 2111 τοὺς
3437 2047 3664 2118 χρόνους,
3703 2044 3794 2098 ἐνει-

2303 2141 2410 2212 μάν
2478 2159 2538 2194 τε
2611 2140 2732 2195 καθ’
2795 2141 3025 2194 ἕκαστον
3084 2140 3282 2212 χρόνον
3343 2141 3438 2192 καὶ
3511 2138 3650 2192 τόπον
3703 2137 3792 2190 ἰδιά-

2300 2233 2460 2298 ζοντα
2481 2273 2495 2298 ,
2533 2232 2840 2297 ἀκολούθως
2890 2232 2948 2286 δὲ
2993 2232 3283 2304 διαφόρους
3337 2231 3432 2286 καὶ
3479 2233 3568 2294 τὰς
3600 2229 3796 2292 ὀπτασίας

2297 2325 2632 2396 ἀνέγραψαν.
2679 2326 2764 2388 Ὠς
2797 2325 2956 2398 εἴπερ
2985 2321 3122 2398 ἦσαν
3156 2325 3290 2396 μιᾶς
3323 2325 3422 2396 μὲν
3456 2325 3688 2387 οίπάντες
3711 2313 3794 2375 ἔτι·

2301 2417 2525 2486 φανείας
2573 2419 3065 2490 μνημονεύσαντες,
3099 2420 3192 2473 καὶ
3243 2419 3346 2472 ’ἐνα
3405 2417 3590 2486 φάντες
3629 2415 3793 2484 ἄγγελον

2299 2504 2478 2579 ὦφθαι
2508 2511 2541 2582 ἢ
2579 2511 2673 2565 δύο
2718 2512 3024 2582 συμφώνως
3064 2512 3338 2582 ἀγγέλους
3386 2510 3664 2582 εἰρηκότες,
3695 2503 3788 2578 ἢσῦ

2301 2601 2462 2656 πάλιν
2491 2602 2584 2657 δύο
2611 2603 2809 2675 ἄνδρας
2833 2603 2865 2674 ἢ
2896 2604 3175 2658 νεανίσκον
3202 2604 3303 2656 ’ένα
3322 2620 3336 2634 ο
3367 2598 3480 2655 εἶτα
3499 2603 3612 2664 τοὺς
3633 2599 3791 2670 καιροὺς

2297 2695 2643 2767 διήλλαττον,
2683 2695 2716 2767 ἢ
2763 2697 2836 2768 μὴ
2868 2697 2998 2759 τοὺς
3043 2696 3240 2760 αὐτοὺς
3281 2696 3497 2765 ἐδήλουν
3541 2686 3788 2760 τόπους,ἦν

2297 2785 2364 2840 ἂν
2395 2785 2488 2838 καὶ
2530 2785 2671 2838 οὕτω
2729 2783 3065 2855 μέμψασθαι.
3115 2784 3228 2837 Νῦν
3265 2784 3311 2836 δ’
3363 2786 3390 2837 ὀ
3439 2782 3582 2850 λόγος
3623 2777 3787 2849 ἀκριϐὴς

2303 2877 2451 2948 μένει
2506 2877 2598 2930 καὶ
2656 2875 2975 2947 ἀδιάϐλητος
3035 2876 3128 2928 ἐπὶ
3189 2877 3404 2946 καιροῖς
3453 2873 3685 2944 διαφόροις
3725 2871 3787 2920 καὶ

2297 2969 2484 3033 τόποις
2511 2967 2934 3032 ὲναλλαττούσας
2962 2966 3059 3031 τὰς
3085 2968 3356 3030 ὀπτασίας
3379 2967 3611 3034 εἰσάγων,
3633 2962 3703 3016 καὶ
3722 2959 3788 3020 τὰς

2299 3062 2501 3114 τούτων
2536 3060 2773 3132 θεωροὺς
2820 3061 2980 3114 πάλιν
3009 3061 3338 3132 διαφόρους,
3389 3059 3565 3130 ἑτέρας
3612 3055 3689 3127 μὲν
3723 3053 3787 3112 τάξ

2299 3151 2393 3205 δύο
2426 3151 2669 3224 πρώτας,
2713 3153 2862 3224 παρὰ
2891 3153 2990 3225 τὴν
3017 3151 3311 3223 δευτέραν·
3353 3151 3445 3205 καὶ
3475 3149 3564 3213 τὰς
3587 3147 3728 3218 τρίτας
3750 3141 3787 3194 δὲ

2304 3243 2564 3308 ὡσαύτως
2590 3243 2784 3316 ἐτέρας
2811 3244 2920 3296 τῶν
2955 3244 3248 3316 τετάρτων.
3305 3244 3508 3297 Αὐτίκα
3528 3243 3566 3294 δ’
3593 3236 3666 3294 οὖν
3693 3236 3786 3309 μεῖᾶ

2305 3336 2404 3409 τὴν
2424 3335 2516 3389 τοῦ
2533 3336 2814 3390 νεανίσκου
2848 3336 2983 3409 πρὸς
3010 3336 3107 3400 τὰς
3131 3336 3448 3400 τελευταίας
3465 3335 3684 3404 γυναῖκας
3707 3332 3788 3398 όμι·

2303 3429 2445 3493 λίαν,
2466 3423 2540 3482 ὧν
2560 3429 2628 3482 τὰ
2655 3429 2892 3500 ὀνόματα
2922 3429 3020 3482 ούκ
3039 3429 3394 3501 ὲμφέρονται,
3413 3425 3658 3494 ἐπιλέγειὸ
3681 3420 3786 3489 Μὰρ·

2305 3535 2420 3584 κος·
2451 3539 2468 3570 ι
2493 3519 2604 3574 Καὶ
2637 3519 2936 3573 ἀκούσασαι
2970 3517 3189 3588 ἔφυγον,
3225 3521 3323 3574 καὶ
3339 3520 3503 3574 οὐδενί
3527 3516 3650 3571 οὐδὲν
3665 3507 3783 3568 εἷπον.

2303 3611 2597 3683 ἐφοϐοῦντο
2632 3611 2770 3683 γάρ·
2805 3631 2824 3664 ιι
2859 3607 3017 3666 αὗται
3041 3611 3138 3683 μὲν
3152 3608 3244 3666 οὖν
3258 3612 3500 3666 τοιαῦται
3515 3603 3784 3678 καὶὲμφοεδιν

2304 3705 2400 3759 καὶ
2431 3705 2551 3758 λίαν
2570 3703 2761 3769 δειλαὶ,
2775 3703 2850 3768 ὡς
2871 3704 3004 3775 μηδὲ
3029 3705 3320 3778 πεισθῆναι
3337 3703 3414 3776 τῷ
3431 3704 3660 3770 νεανίσκῳ
3673 3697 3782 3766 φάντι

2305 3793 2440 3866 πρὸς
2475 3793 2643 3856 αὐτάς
2661 3811 2675 3825 ⁸
2722 3811 2740 3844 ι
2779 3793 3046 3862 Ὑπάγετε
3095 3795 3188 3848 καὶ
3233 3793 3426 3849 εἴπατε
3460 3795 3561 3856 τοῖς
3591 3787 3781 3860 μαθηταῖς

2302 3885 2466 3940 αὐτοῦ
2499 3887 2593 3939 καὶ
2635 3883 2713 3956 τῷ
2769 3884 2994 3956 Πέτρῳ,
3032 3884 3162 3938 Ἰδοὺ
3203 3886 3435 3958 προάγει
3465 3883 3591 3954 ὑμᾶς
3630 3879 3690 3939 εἷς
3719 3872 3783 3942 τὴν

2303 3975 2622 4029 Γαλιλαίαν·
2670 3993 2689 4026 ι
2735 3973 2940 4028 τούτων
2990 3975 3098 4046 γάρ
3151 3975 3453 4029 ἀκούσασαι
3508 3971 3602 4026 τῶν
3645 3965 3779 4034 λόγων,

2301 4065 2610 4121 τούναντίον
2641 4065 3000 4138 διεπράξαντο
3023 4084 3036 4098 ·
3073 4069 3128 4120 αἰ
3155 4067 3211 4120 δὲ
3245 4067 3396 4139 παρὰ
3422 4065 3494 4136 τῷ
3513 4061 3664 4132 Δουκᾷ
3690 4059 3778 4110 ἀπθ-

2305 4159 2603 4230 στρέψασαι
2666 4159 2774 4214 ἀπὸ
2830 4159 2924 4213 τοῦ
2980 4162 3260 4232 μνήματος
3313 4157 3626 4234 ἀπήγγειλαν
3664 4149 3780 4204 ταῦτα

2301 4253 2477 4308 πάντα
2498 4255 2610 4316 τοῖς
2636 4252 2849 4307 ἕνδεκα.
2878 4251 3106 4324 Ὁμοίως
3129 4253 3186 4307 δὲ
3209 4255 3302 4308 καὶ
3329 4257 3360 4327 ή
3383 4252 3524 4326 παρά
3541 4248 3604 4320 τῷ
3626 4243 3778 4311 Ἰωάννη

2301 4346 2519 4418 ἔρχεται
2553 4345 2687 4418 πρὸς
2711 4345 2838 4408 τοὺς
2870 4345 3116 4417 μαθητὰς
3139 4346 3542 4415 ἀπαγγέλλουσα
3563 4341 3592 4395 ἃ
3611 4335 3778 4408 ἑώρακε-

2300 4439 2474 4494 Μόναι
2507 4437 2565 4491 δὲ
2594 4439 2652 4492 αἰ
2689 4437 2838 4510 παρὰ
2863 4437 2941 4509 τῷ
2969 4439 3184 4511 Μάρκῳ
3217 4439 3406 4492 πασῶν
3435 4437 3628 4491 ὕσταται
3650 4422 3779 4481 ἐλθώ-

2303 4541 2414 4590 σαι,
2451 4525 2546 4579 καὶ
2574 4524 2788 4596 ἀληθῶς
2813 4526 3138 4596 ὀψισθεῖσαι,
3166 4527 3241 4592 ὡς
3266 4526 3404 4599 μετᾶ
3434 4521 3658 4590 ἀνατολὴν
3675 4515 3778 4588 ἡλίου

2303 4620 2610 4688 ἐπιστῆναι,
2631 4617 2753 4672 οὕτε
2782 4619 2872 4672 τὸν
2901 4619 3129 4692 Σωτῆρα
3151 4621 3442 4676 θεάσασθαι
3467 4609 3775 4681 καταξιοῦνται.

2301 4707 2426 4762 οὔτε
2447 4709 2539 4762 τὸν
2572 4709 2800 4780 ἄγγελον
2831 4709 2921 4764 τὸν
2952 4709 3410 4784 έξαστράπτοντα,
3443 4709 3554 4764 οὗτε
3590 4707 3687 4766 τοὺς
3717 4697 3778 4750 δύο

2299 4801 2426 4864 τοὺς
2451 4800 2583 4854 εἴσω
2631 4801 2726 4855 τοῦ
2761 4803 3059 4874 μνήματος,
3109 4803 3234 4858 οὔτε
3264 4807 3388 4869 τοὺς
3421 4802 3508 4858 δύο
3547 4799 3650 4858 τοὺς
3675 4783 3774 4856 τιρά

2298 4893 2378 4964 τῷ
2421 4894 2604 4966 AW”?
2651 4893 2849 4966 ἄνδρας
2871 4911 2884 4925 ·
2927 4895 3082 4966 ψιλὸν
3131 4895 3186 4949 δέ
3237 4913 3360 4952 τινα
3407 4893 3649 4950 νεανίσκον
3681 4877 3774 4934 εἶδον

2299 4985 2758 5058 περιϐεϐλημένον
2811 4989 3000 5061 στολὴν
3053 4991 3251 5064 λευκὴν
3269 5032 3285 5056 ,
3325 4989 3580 5055 ἀναλόγως
3617 4979 3665 5048 τῇ
3709 4971 3773 5036 τῆς

2297 5077 2533 5142 διανοίας
2581 5079 2762 5134 αὐτῶν
2815 5083 3139 5155 σμικρότητι
3191 5085 3290 5157 τὴν
3331 5079 3572 5136 ὀπτασίαν
3599 5068 3768 5157 ίδοῦσαξ⁶

2297 5169 2392 5222 καὶ
2418 5169 2608 5224 τοῦτον
2637 5171 2693 5224 δὲ
2741 5151 3190 5246 λευγείμονατῆς
3241 5151 3430 5246 iam;
3458 5171 3596 5242 χάριν
3631 5151 3771 5213 θεασά-

2300 5279 2480 5332 μεναις
2513 5263 2662 5334 ὅμως
2693 5264 3142 5339 ἐθαυμάσθησαν
3171 5267 3328 5321 τοῦτο
3357 5265 3458 5338 γάρ
3478 5253 3768 5332 ἐμαρτύρησεν

2297 5353 2488 5418 αὐταῖς
2514 5357 2543 5408 ὀ
2585 5357 2838 5428 Μάρκος·
2895 5358 3136 5429 καίτοιγε
3178 5360 3270 5414 ἐπὶ
3300 5359 3406 5414 τῶν
3440 5349 3672 5428 προτέρων
3697 5351 3769 5429 [θ’

2295 5443 2468 5515 δαμοῦ
2495 5445 2588 5499 τοῦ
2632 5423 2874 5518 θάμϐους
2919 5423 3326 5522 ὠνομασμένου.
3353 5447 3456 5520 Τὴν
3480 5423 3767 5522 ’Μαγδαληῆν

2294 5537 2354 5592 δὲ
2383 5537 2747 5610 σχολάζουσαν
2769 5542 2863 5596 καὶ
2890 5519 3418 5615 ’τιτροσκαραι-φοῦρκαν9
3440 5533 3566 5595 εῑκδς
3589 5519 3768 5622 οὐᾼμόνον

2293 5631 2393 5696 τὰς
2427 5630 2648 5702 πρώτας
2685 5631 2836 5703 ὀψεις
2873 5611 3160 5688 τεθεᾶσθαι
3189 5611 3300 5688 τῶν
3343 5634 3470 5702 αὐτῇ
3501 5625 3610 5698 μόνῃ
3631 5611 3765 5703 Wo"?

2293 5741 2435 5790 των,
2481 5725 2618 5779 ἀλλὰ
2649 5702 2741 5780 καί
2786 5727 2880 5782 τὸν
2933 5727 3082 5800 παρά
3126 5728 3204 5799 τῷ
3231 5729 3434 5800 Μάρκῳ
3476 5720 3576 5780 ταῖς
3614 5702 3764 5763 λοιπαξ

2293 5817 2541 5888 γυναιξὶν
2579 5819 2892 5892 ἑωραμένον
2923 5799 3220 5878 νεανίσκον.
3251 5799 3448 5875 Ταύτδν
3483 5813 3522 5870 δ’
3553 5807 3606 5864 ἂν
3643 5799 3762 5854 siros;
