3954 6532
189 395 293 450 997

1059 369 1565 445 sumentium
1603 385 2080 454 QUAESTIONUM
2122 385 2213 441 AD
2252 386 2601 443 MARINUM.

3327 384 3439 440 998‘

188 512 282 565 καὶ
313 510 405 561 ἑπὶ
434 510 535 571 τῆς
569 504 712 559 κατά
749 506 838 559 τὸν
868 507 1082 561 Λουκᾶν
1118 509 1377 579 ἱστορίας,
1403 507 1460 569 ὃς
1502 506 1638 575 μετὰ
1667 504 1762 575 τὴν

1868 519 1988 557 rum
2020 504 2262 556 virorum
2296 505 2426 573 ipsis
2456 504 2763 558 oblatorum
2814 499 3081 555 visionem
3102 537 3118 562 ,
3149 499 3324 569 pergil
3348 500 3431 554 di—

188 600 366 670 ᾶφιξιν
392 598 505 652 τῶν
535 598 743 652 πολλῶν
776 597 1070 667 γυναικῶν,
1094 598 1190 652 καὶ
1220 600 1353 669 μετά
1380 597 1475 668 τὴν
1504 598 1630 651 θέαν
1655 596 1762 649 τῶν

188 690 344 759 ὀρθέν
359 706 461 741 ξων
492 688 681 750 αὐταῖς
728 686 820 740 δύο
850 686 1056 757 ἀνδρῶν
1083 686 1343 757 διηγεῖται
1377 686 1570 754 λέγων·
1602 704 1620 737 ι
1655 686 1764 738 Καὶ

186 780 603 850 ἀποστρέψασαι
648 778 754 832 ἀπὸ
791 778 884 831 τοῦ
928 779 1191 849 μνημείου
1225 778 1563 847 ἀπήγγειλαν
1593 777 1763 831 ταῦτα

186 874 362 926 πάντα
383 874 498 933 τοῖς
526 870 732 922 ἕνδεκα·
757 889 773 922 ι
798 867 878 932 οἷς
906 865 1394 941 ἑπιφέρει,‹⁷Ησαν
1420 869 1475 922 δὲ
1492 872 1523 940 ἡ
1540 869 1763 937 Μαγδα-

184 966 315 1035 ληνὴ
344 962 558 1034 Μαρία,
586 982 602 1013 ι
631 964 723 1015 καὶ
750 963 818 1015 τὰ
840 963 987 1031 ὲξῆς.
1019 964 1131 1015 Οὐκ
1159 962 1386 1025 ἀπεικὸς
1416 963 1511 1033 μὲν
1535 961 1642 1033 γὰρ
1671 957 1759 1032 ἦν,

185 1050 276 1102 καὶ
301 1050 399 1102 νῦν
435 1051 596 1104 πάλιν
620 1051 716 1121 τὴν
744 1052 1107 1122 Μαγδαληνὴν
1138 1052 1302 1104 πάλαι
1346 1052 1760 1122 προαφιγμένην

182 1140 276 1194 καὶ
312 1142 735 1212 παραμείνασαν
764 1142 995 1205 εὐτόνως
1030 1144 1178 1213 παρά
1216 1143 1293 1214 τῷ
1328 1146 1570 1215 μνήματι
1597 1143 1761 1213 εὑρῆ-

186 1231 306 1284 σθαι
331 1272 347 1295 ,
403 1233 495 1284 ὅτε
548 1231 736 1285 πολλαὶ
785 1233 891 1285 ἀπὸ
940 1236 1037 1305 τῆς
1081 1233 1364 1298 Γαλιλαίας
1413 1233 1759 1287 συνελθοῦσαι

184 1326 445 1391 γυναῖκες
488 1324 741 1394 ἀπήντων
775 1325 867 1377 ἐπὶ
894 1325 984 1378 τὸν
1012 1325 1181 1395 τάφον
1222 1326 1477 1397 φέρουσαι
1514 1325 1581 1378 τὰ
1615 1324 1758 1396 ἀρώ-

186 1429 352 1481 ματα,
392 1412 536 1466 ῶστε
577 1416 670 1468 καὶ
715 1415 881 1481 αὐτὴν
916 1415 1032 1486 ἆμα
1080 1419 1200 1479 ταῖς
1240 1418 1450 1480 λοιπαῖς
1500 1418 1627 1481 τοὺς
1668 1418 1759 1470 δύο

182 1502 381 1573 ἄνδρας
416 1504 722 1566 τεθεᾶσθαι,
755 1506 981 1558 καὶτῶν
1006 1505 1179 1573 λόγων
1213 1504 1389 1557 αὐτῶν
1428 1504 1753 1575 ἀκηκοέναιο

182 1592 296 1647 εἶτα
332 1598 432 1649 σὺν
462 1599 583 1659 ταῖς
604 1597 825 1660 πολλαῖς
849 1595 1158 1651 ἐπανελθεῖν
1193 1599 1287 1653 καὶ
1320 1597 1623 1668 διηγεῖσθαι
1646 1600 1759 1661 τοῖς

180 1688 395 1742 ἕνδεκα.
422 1690 652 1743 Δύναται
677 1691 733 1743 δὲ
766 1693 860 1745 καὶ
888 1692 1059 1755 ἄλλως
1084 1693 1111 1744 6
1134 1692 1311 1761 λόγος,
1344 1693 1412 1746 τὰ
1443 1692 1541 1762 μὲν
1566 1691 1758 1763 πρῶτα

180 1785 297 1846 ταῖς
348 1784 460 1837 ἀπὸ
494 1784 591 1854 τῆς
629 1784 916 1848 Γαλιλαίας
961 1784 1207 1853 γυναιξὶν
1243 1787 1570 1855 ἀπονεῖμαι,
1613 1784 1758 1854 λέγω

177 1875 239 1945 δὴ
265 1876 371 1944 τὴν
409 1878 491 1939 είς
518 1876 577 1929 τὸ
617 1876 805 1947 μνῆμα
836 1877 1038 1946 ἄφιξιν,
1067 1878 1160 1931 καὶ
1185 1878 1281 1949 τὴν
1313 1877 1420 1930 τῶν
1454 1877 1757 1948 ἀρωμάτων

179 1968 433 2038 κομιδὴν,
467 1970 566 2040 τήν
609 1986 667 2022 τε
710 1970 1007 2040 γενομένην
1052 1972 1241 2034 αὑταῖς
1268 1969 1373 2023 τῶν
1413 1969 1505 2023 δύο
1550 1969 1759 2041 ἀνδρῶν

178 2058 525 2128 ἐπιφάνειαν,
549 2060 641 2112 καί
668 2062 792 2123 τοὺς
816 2060 1019 2114 τούτων
1050 2062 1183 2133 πρὸς
1215 2060 1384 2124 αύτὰς
1414 2060 1603 2130 λόγους
1623 2078 1636 2090 ·
1661 2058 1759 2130 τὴν

180 2150 277 2219 μὲν
335 2144 433 2203 οὖν
471 2150 808 2218 ἀπαγγελίαν
851 2152 948 2223 τὴν
978 2151 1114 2223 πρὸς
1166 2152 1290 2211 τοὺς
1332 2151 1521 2204 ἑνδεκα
1564 2151 1759 2222 μηκέτι

174 2242 312 2313 παρ’
348 2241 529 2296 αὐτῶν
565 2243 723 2312 μόνον
753 2243 1101 2315 γεγενῆσθαι,
1137 2242 1251 2295 ἀλλ’
1284 2242 1420 2313 ὁμοῦ
1453 2242 1605 2311 παρά
1649 2259 1758 2294 πα-

174 2332 309 2398 σῶν,
341 2332 580 2403 ἑκάστης
624 2334 659 2388 ἃ
704 2334 925 2389 τεθέατο
968 2335 1331 2406 διηγημένης·
1376 2337 1432 2386 ὲν
1478 2329 1564 2398 αἷς
1599 2334 1757 2387 πάλιν

170 2427 271 2496 τὴν
316 2424 686 2496 Μαγδαληνὴν
718 2421 854 2478 εἶναι
891 2426 1028 2496 μετά
1059 2426 1168 2478 τῶν
1211 2425 1411 2478 λοιπῶν
1463 2426 1557 2478 καὶ
1591 2426 1757 2497 αὐτὴν

172 2520 287 2581 τοῖς
342 2517 611 2588 μαθηταῖς
654 2519 1103 2587 ἀπαγγέλλουσαν
1143 2518 1213 2574 τὰ
1264 2519 1409 2582 ίδίως
1441 2519 1573 2590 μόνῃ
1615 2521 1753 2590 αὐτῇ

174 2610 491 2681 ἑωραμένα.

924 2750 1005 2800 H'.

245 2859 360 2927 (67)
407 2858 546 2926 Ἐγὼ
577 2859 633 2911 δὲ
687 2859 906 2911 κάκεῖνο
946 2856 1121 2927 ζητῶ,
1168 2856 1284 2920 πῶς
1331 2855 1482 2929 παρὰ
1529 2857 1625 2927 μὲν
1675 2856 1751 2928 τῷ

169 2953 392 3023 Μάρκῳ
432 2953 669 3023 εἴρηται,
700 2952 775 3015 ὡς
804 2952 911 3024 ἄρα
942 2952 1318 3022 διαγενομένου
1350 2949 1442 3003 τοῦ
1473 2950 1749 3005 manu

169 3047 477 3115 ἡτοίμασαν
512 3044 814 3115 ἀρώματα,
863 3045 1011 3117 παρά
1060 3045 1115 3098 δὲ
1144 3044 1222 3114 τῷ
1268 3046 1446 3116 Λουκᾷ
1497 3045 1603 3115 πρὸ
1653 3044 1747 3097 τοῦ

168 3136 454 3189 Σαὸἦάτου
487 3136 630 3189 τοῦτ’
662 3136 901 3209 ἔπραξαν
934 3139 991 3189 ἑν
1024 3138 1160 3208 αὐτῇ
1192 3140 1255 3207 τῇ
1290 3138 1639 3208 Παρασκευῇ.

1864 610 2008 657 cere,
2039 592 2183 664 quod
2232 609 2494 663 regressae
2547 595 2614 648 de
2661 600 3036 652 monumento,
3087 590 3201 644 haec
3247 592 3433 645 omnia

1864 684 2301 740 renuntiaverint
2349 684 2637 756 discipulis
2692 683 2965 739 undecim.
2997 681 3126 737 Post
3152 697 3271 752 qua:
3306 683 3379 736 ait
3415 700 3427 734 :

1869 794 1887 826 ι
1934 776 2101 829 Erant
2172 785 2353 831 autem
2436 776 2605 830 Maria
2662 774 2995 846 Magdalene,
3032 792 3050 825 ι
3089 781 3145 828 et
3199 773 3429 842 reliqua.

1863 865 2074 938 Quippe
2106 867 2251 923 haud
2276 876 2360 923 est
2399 867 2776 930 inverisimile,
2812 881 2958 920 nunc
2992 866 3186 920 iterum
3214 864 3433 933 Ma‘gda-

1864 961 2039 1014 lenam
2072 962 2214 1029 (quae
2263 968 2423 1014 antea
2469 960 2646 1030 prima
2694 957 2865 1013 iverat
2895 996 2910 1020 ,
2962 957 3285 1026 fortiterque
3321 957 3433 1010 illic

1864 1050 2330 1120 perseveraverat)
2363 1051 2503 1119 apud
2531 1059 2944 1105 monumentum
2983 1049 3154 1103 fuisse
3181 1063 3433 1116 comper-

1862 1150 1995 1206 tam,
2028 1157 2153 1197 cum
2185 1143 2289 1196 illae
2328 1144 2512 1210 plures
2542 1157 2604 1196 ex
2637 1140 2857 1196 Galilrea
2885 1142 3270 1195 convenientes
3319 1154 3434 1193 mu—

1862 1234 2021 1288 lieres
2052 1232 2117 1287 ad
2148 1235 2458 1303 sepulcrum
2490 1240 2755 1287 venerunt
2786 1240 3031 1287 aromata
3060 1232 3319 1297 ferentes,
3349 1233 3427 1287 ita

1864 1334 1921 1379 ut
1972 1326 2088 1394 ipsa
2136 1341 2351 1395 quoque
2393 1340 2516 1378 cum
2563 1325 2776 1379 cazteris
2828 1325 2967 1379 duos
3012 1324 3158 1379 viros
3206 1325 3427 1391 viderit,

1859 1431 2159 1486 eorumque
2180 1418 2344 1470 verba
2379 1415 2649 1470 audiverit
2678 1432 2692 1479 ;
2727 1424 2781 1469 et
2810 1415 3007 1469 deinde
3034 1430 3156 1469 cum
3191 1415 3299 1469 illis
3344 1430 3429 1469 re-

1860 1523 2046 1578 gressa
2096 1523 2210 1561 rem
2257 1508 2511 1563 undecim
2542 1508 2898 1561 enarraverit.
2953 1506 3336 1562 Verumtamen
3374 1516 3427 1563 et

1860 1601 2016 1655 aliter
2056 1600 2285 1675 preponi
2340 1600 2653 1670 explanatio
2726 1608 2943 1669 potest:
2978 1615 3170 1668 nempe
3221 1607 3280 1653 ut
3340 1615 3427 1654 res

1862 1694 2068 1762 priores
2097 1692 2417 1747 mulieribus
2466 1690 2705 1745 Galil-.eis
2756 1692 3088 1754 tribuamus,
3132 1690 3425 1745 adventum

1811 1769 1835 1797 ’
1860 1785 1984 1839 dico
2019 1786 2085 1839 ad
2118 1785 2453 1854 sepulcrum,
2505 1792 2559 1838 et
2607 1790 2908 1837 aromatum
2944 1781 3339 1844 advectionem,
3374 1789 3427 1833 et

1790 1904 1829 1957 Β
1859 1877 2094 1930 oblatam
2125 1876 2258 1946 ipsis
2288 1878 2521 1931 duorum
2549 1874 2794 1927 virorum
2824 1873 3112 1936 visionem,
3143 1882 3198 1925 et
3231 1872 3425 1925 horum

1861 1968 1927 2020 ad
1956 1967 2105 2037 ipsas
2136 1981 2441 2022 sermones.
2474 1964 2543 2018 At
2570 1966 2820 2019 nuntium
2848 1962 3133 2033 discipulis
3169 1962 3425 2016 undecim

1860 2055 2097 2110 delatum
2131 2070 2472 2125 nequaquam
2508 2056 2576 2111 ab
2606 2054 2692 2109 liis
2720 2053 2934 2108 feminis
2955 2054 3088 2108 solis
3113 2052 3301 2115 fuisse,
3330 2054 3427 2107 sed

1859 2162 1889 2200 a
1922 2146 2136 2201 cunctis
2181 2148 2366 2210 simul,
2419 2147 2546 2200 dum
2598 2161 2934 2216 unaquaeque
2963 2161 3026 2199 ea
3057 2159 3180 2215 quae
3209 2145 3435 2211 viderat

1859 2238 2124 2306 referret;
2155 2254 2292 2309 quas
2347 2242 2508 2304 inter,
2555 2238 2883 2294 credendum
2912 2246 2996 2293 est
3046 2237 3423 2307 Magdalenam

1859 2331 2050 2397 fuisse,
2089 2347 2213 2386 cum
2262 2332 2489 2402 reliquis
2519 2341 2575 2386 et
2608 2332 2783 2401 ipsam
2832 2330 3121 2400 discipulis
3161 2329 3423 2383 nuntian-

1857 2430 1965 2477 tem
1997 2437 2060 2476 ea
2101 2436 2221 2492 quae
2252 2423 2508 2478 solitatim
2538 2429 2591 2478 et
2612 2420 2964 2493 singulariter
2992 2420 3223 2475 viderat.

2558 2733 2693 2790 Vill.

1923 2841 2035 2919 Ego
2068 2864 2197 2905 vero
2225 2857 2279 2905 et
2304 2849 2434 2903 illud
2467 2863 2671 2920 quaero,
2703 2847 2983 2918 quomodo
3006 2846 3150 2917 apud
3182 2843 3423 2900 Marcum

1850 2938 2055 2994 dictum
2103 2941 2195 3007 sit,
2245 2940 2390 3012 quod
2431 2955 2555 2994 cum
2590 2937 3263 3001 Sabbatum'transiisset,
3296 2950 3421 2989 aro-

1850 3043 1995 3087 mata
2023 3034 2381 3103 paraverint;
2425 3033 2566 3103 apud
2612 3030 2814 3086 Lucam
2865 3046 2995 3085 vero
3042 3039 3167 3085 ante
3216 3027 3424 3083 Sabba-

1850 3132 1966 3177 tum
2002 3123 2056 3178 id
2087 3132 2271 3195 agant,
2300 3125 2420 3194 ipsa
2449 3124 2778 3178 Parasceves
2809 3122 2915 3177 die.

241 3249 357 3301 Καὶ
391 3248 548 3300 τοῦτο
572 3247 628 3300 δὲ
668 3250 780 3311 τοῖς
816 3246 1100 3318 προτέροις
1136 3247 1621 3317 συμπεπλεγμένον
1650 3244 1747 3317 ζη-

1920 3237 2045 3292 Haec
2068 3252 2285 3308 quoque
2307 3236 2685 3307 superioribus
2708 3234 2973 3305 implicita
2996 3233 3419 3305 quaestionibus.

163 3342 415 3411 τήμασι,
468 3338 566 3407 τῆς
609 3337 802 3407 ὁμοίας
840 3336 1067 3397 ἐκείνοις
1119 3336 1269 3406 τύχοι
1320 3336 1385 3388 ἂν
1418 3335 1748 3407 ἑρμηνείαςο

166 3430 607 3484 ἀποδεικνύντων
634 3430 690 3482 δὲ
712 3429 867 3499 ἡμῶν
887 3428 958 3499 μὴ
991 3424 1125 3481 εἶναι
1151 3427 1247 3491 τὰς
1276 3427 1464 3491 αὑτὰς,
1494 3427 1606 3482 ἀλλ’
1632 3427 1750 3480 ἑτέ-

167 3539 273 3594 ρας
311 3523 412 3591 μὲν
452 3522 549 3584 τὰς
581 3520 686 3592 πρὸ
722 3520 814 3573 τοῦ
858 3519 1137 3573 Σαδὸἀτου
1194 3522 1251 3573 ἑν
1279 3520 1417 3590 αὐτῇ
1467 3521 1532 3589 τῇ
1569 3520 1752 3588 Παρα-

166 3608 367 3685 exsilii,
407 3614 527 3667 καθ’
559 3615 624 3685 ἢν
651 3614 912 3667 πέπονθεν
944 3616 971 3666 6
1006 3612 1213 3683 Σωτὴρ,
1243 3613 1370 3682 περὶ
1400 3612 1497 3682 τὴν
1530 3611 1750 3681 κηδείαν

162 3707 580 3778 ἀσχοληθείσας,
619 3708 807 3779 ἑτέρας
834 3706 889 3759 δὲ
927 3706 1024 3770 τὰς
1060 3705 1198 3776 μετά
1229 3706 1289 3757 τὸ
1319 3705 1591 3758 Σάϐϐατον
1611 3722 1623 3733 ·
1655 3721 1749 3756 σα-

164 3802 284 3871 φῶς
317 3800 429 3870 γὰρ
479 3800 680 3862 ταύτας
729 3801 939 3861 Λουκᾶς
987 3798 1377 3868 μεμαρτύρηκε
1426 3797 1545 3850 κατ’
1579 3796 1748 3866 αὐτὴν

166 3896 269 3966 τὴν
306 3894 519 3967 ἡμέραν
541 3894 634 3946 τοῦ
666 3892 868 3955 πάθους
900 3890 1070 3944 ταῦτα
1098 3890 1474 3960 πεποιηκέναι,
1498 3887 1747 3959 οὐδαμῶς

163 3990 433 4060 ὀνόματος
456 3987 729 4055 γυναικῶν
766 3984 1160 4056 μνημονεύσας,
1187 3983 1299 4037 ἀλλ’
1328 3983 1511 4047 ἀπλῶς
1560 3986 1746 4051 γυναῖ-

162 4100 269 4146 κας
296 4080 466 4135 εἰπὼν
495 4081 594 4144 τὰς
618 4079 974 4142 συνελθούσας
998 4077 1146 4148 αὐτῷ
1175 4076 1283 4129 ἀπὸ
1305 4076 1405 4145 τῆς
1425 4074 1740 4135 Γαλιλαίας·

159 4178 188 4228 6
216 4174 278 4227 δὲ
327 4173 555 4244 Μάρκος
602 4172 860 4242 ὀνομαστὶ
907 4171 1057 4241 τρεῖς
1103 4168 1266 4239 μόνας
1307 4165 1579 4236 ἀνέγραψε
1622 4163 1742 4217 καθ’

158 4266 366 4329 ἑαυτὰς
400 4266 653 4337 πρόνοιαν
684 4263 1057 4334 πεποιημένας
1091 4260 1196 4314 τῶν
1229 4260 1554 4331 ἀρωμάτων,
1591 4257 1649 4309 ού
1674 4258 1739 4326 τῇ

159 4361 529 4430 Παρασκευῇ,
583 4356 717 4410 ἁλλά
771 4355 911 4426 μετὰ
942 4352 1279 4421 διαγενέσθαι
1312 4352 1371 4404 τὸ
1423 4349 1698 4403 Σάϐϐατον
1724 4364 1737 4378 °

156 4453 359 4524 ἑτέρας
397 4450 452 4502 δὲ
498 4445 634 4502 εἶναι
666 4447 865 4509 ταύτας
896 4445 1046 4516 παρά
1089 4446 1186 4507 τὰς
1236 4442 1386 4513 παρὰ
1424 4439 1503 4510 τῷ
1535 4439 1735 4509 Λουκᾷ,

1858 3346 2041 3400 parem
2095 3330 2203 3384 illis
2251 3329 2690 3400 explanationem
2742 3327 3021 3382 sortietur.
3064 3328 3274 3381 Etenim
3321 3321 3422 3380 nos

1852 3424 2371 3485 demonstravimus,
2406 3422 2550 3475 haud
2579 3419 2795 3474 easdem
2814 3433 2958 3481 esse,
2993 3418 3084 3472 sed
3111 3418 3267 3483 alias,
3300 3432 3422 3487 qua:

1853 3523 1978 3570 ante
2014 3514 2309 3568 Sabbatum
2341 3513 2458 3583 ipsa
2506 3511 2836 3565 Parasceves
2871 3510 2979 3571 die;
3021 3523 3127 3578 qua
3158 3507 3421 3562 Dominus

1853 3621 2048 3676 passus
2080 3613 2186 3670 est,
2222 3605 2287 3657 ad
2311 3619 2432 3659 eam
2458 3617 2644 3656 curam
2667 3602 3071 3663 incubuerunt;
3101 3599 3237 3654 alias
3265 3613 3415 3661 vero,

1849 3713 1969 3767 qua:
2025 3704 2145 3766 post
2194 3694 2489 3749 Sabbatum
2524 3714 2537 3749 :
2576 3693 2865 3763 perspicue
2907 3691 3049 3746 enim
3101 3690 3200 3745 has
3242 3687 3419 3744 Lucas

1849 3794 2083 3860 testatur
2128 3786 2244 3854 ipsa
2289 3785 2376 3839 die
2414 3783 2694 3839 Passionis
2738 3783 2790 3836 id
2826 3783 3023 3852 egisse,
3052 3782 3255 3836 nullius
3299 3796 3420 3835 mu-

1848 3860 1997 3932 lieris
2026 3883 2328 3930 memorato
2358 3875 2602 3938 nomine,
2629 3873 2724 3929 sed
2751 3872 3073 3944 simpliciter
3095 3869 3418 3925 mulieribus

1846 3968 2185 4033 memoratis,
2234 3983 2355 4038 quae
2398 3982 2523 4022 cum
2570 3965 2699 4022 Jesu
2751 3972 3015 4020 venerant
3056 3963 3125 4018 de
3174 3961 3414 4017 Galilaea.

1848 4061 2063 4118 Marcus
2109 4070 2291 4117 autem
2331 4069 2445 4116 tres
2488 4062 2634 4118 solas
2662 4058 2984 4114 nominatim
3019 4056 3263 4137 scripsit,
3291 4068 3417 4110 aro-

1846 4162 2049 4208 matum
2077 4154 2240 4209 simul
2265 4169 2449 4208 curam
2484 4160 2757 4223 gerentes,
2782 4149 2927 4205 haud
2952 4149 3040 4203 die
3064 4147 3412 4208 Parasceves,

1844 4245 1939 4301 sed
1966 4246 2077 4315 jam
2122 4245 2361 4300 Sabbato
2394 4245 2765 4315 praeterlapso.
2806 4241 2917 4298 Has
2964 4255 3127 4311 porro
3169 4239 3414 4293 diversas

1843 4353 1966 4393 esse
1994 4338 2063 4391 ab
2086 4338 2194 4393 illis
2235 4336 2414 4399 Lucae,
2442 4335 2727 4405 sequentia
2763 4348 2981 4405 quoque
3008 4331 3410 4385 demonstrant.

1843 4428 1935 4485 lla)
1974 4430 2234 4485 nimirum
2272 4428 2415 4499 apud
2466 4428 2707 4481 Marcum
2748 4425 3005 4481 mulieres
3042 4424 3294 4492 juvenem
3328 4421 3412 4473 vi-

156 4512 269 4595 καὶ.
302 4512 373 4594 τά
426 4539 551 4609 ἑξῆς
593 4535 906 4607 ὲπαγόμενα
947 4512 1236 4588 δείκνυσιν.
1274 4512 1441 4587 Abeat
1498 4530 1595 4601 μὲν
1646 4525 1738 4583 οὖν

1852 4524 1971 4579 dent
2019 4524 2072 4576 in
2122 4521 2313 4576 dextra
2362 4528 2517 4590 parte
2563 4519 2866 4581 sedentem,
2898 4516 2992 4587 qui
3045 4523 3098 4569 et
3143 4513 3252 4568 illis
3286 4512 3406 4565 ait:

156 4636 421 4703 γυναῖκες
457 4605 609 4700 παρά
641 4628 718 4698 τῷ
744 4605 956 4700 Μάρκῳ
983 4626 1073 4680 τὸν
1104 4624 1382 4678 νεανίσκον
1412 4621 1581 4693 ὁρῶσι
1606 4619 1737 4673 καθ-

1852 4638 1863 4668 ι
1901 4616 2081 4670 Nolite
2115 4616 2334 4679 timere;
2367 4612 2552 4669 Jesum
2592 4611 2835 4680 quaeritis
2881 4608 3258 4671 Nazarennm;
3289 4618 3410 4659 sur-

158 4729 367 4798 ήμενον
403 4724 461 4775 ἑν
492 4724 604 4784 τοῖς
660 4719 870 4785 δεξιοῖς,
901 4719 958 4782 ὃς
988 4717 1081 4770 καί
1126 4732 1289 4786 φησιν
1335 4715 1554 4776 αὑταῖς⁹
1592 4731 1610 4764 ι
1640 4711 1731 4783 Μὴ

156 4809 447 4887 φοϐεῖσθεο
492 4813 699 4884 Ἰησοῦν
740 4811 952 4883 ζητεῖτε
982 4809 1069 4862 τὸν
1113 4806 1462 4875 Ναζαρηνὸνο
1501 4803 1730 4875 ἠγέρθη,

153 4910 257 4961 οὐκ
296 4906 443 4958 ἔστιν
472 4896 596 4957 ὦδε.
619 4920 636 4954 ι
670 4901 801 4963 Ταῖς
835 4899 890 4952 δὲ
922 4896 1071 4969 παρά
1104 4895 1179 4966 τῷ
1217 4897 1398 4965 Λουκᾷ
1425 4893 1518 4947 δύο
1543 4893 1733 4964 ἄνδρες

154 5002 467 5067 ἐπέστησαν
502 4998 559 5049 ὲν
590 4993 774 5063 ἐσθῆτι
808 4989 1213 5063 ἀστραπτούσῃ,
1247 4988 1341 5042 καὶ
1369 4987 1559 5059 ἐτέρας
1601 5002 1734 5056 προ-

155 5095 415 5166 φέρονται
461 5087 644 5159 φωνὰς
696 5087 977 5155 λέγοντες⁸
1010 5102 1028 5136 ι
1059 5083 1124 5136 Τί
1158 5081 1373 5152 ζητεῖτε
1424 5079 1514 5132 τὸν
1562 5076 1736 5142 ζῶντα

157 5184 298 5254 μετὰ
320 5182 431 5235 τῶν
452 5178 695 5251 νεκρῶν;
725 5198 741 5229 ι
779 5179 873 5230 καὶ
902 5176 970 5229 τὰ
1012 5174 1137 5245 ἑξῆς
1162 5192 1174 5204 ·
1213 5175 1307 5226 καὶ
1346 5173 1402 5225 αἱ
1436 5172 1534 5243 μὲν
1583 5171 1731 5242 παρά

152 5279 229 5350 τῷ
260 5278 475 5349 Μάρκῳ
516 5272 816 5329 ἀκούσασαι
848 5273 957 5334 τοῖς
1005 5269 1273 5340 μαθηταῖς
1317 5265 1635 5335 ἑπαγγεῖλαι
1662 5262 1731 5315 τὰ

154 5367 584 5443 παρηγγελμένα
608 5383 622 5398 ο
670 5364 844 5419 οὐδενὶ
874 5362 1025 5416 οὐδὲν
1072 5358 1222 5414 εἷπον
1244 5375 1257 5391 ·
1286 5360 1342 5412 αί
1374 5357 1428 5411 δὲ
1473 5355 1621 5426 παρά
1652 5354 1728 5424 τῷ

150 5461 335 5531 Δουκᾷ
373 5457 721 5529 πορευθεῖσαι
748 5451 1087 5524 ἀπήγγειλαν
1119 5455 1235 5515 τοῖς
1259 5450 1469 5503 ἕνδεκα·
1526 5447 1600 5510 ὡς
1637 5445 1727 5499 διὰ

1842 4709 2005 4773 rexit,
2037 4723 2146 4762 non
2176 4714 2261 4762 est
2291 4706 2397 4761 hic.
2442 4726 2459 4758 ι
2497 4704 2610 4759 lilis
2640 4712 2819 4759 autem
2861 4700 3001 4771 apud
3054 4697 3255 4752 Lucam
3300 4694 3409 4750 duo

1844 4804 1945 4859 viri
1986 4805 2274 4857 astiterunt
2302 4802 2356 4855 in
2388 4809 2541 4856 veste
2571 4800 2811 4867 fulgente
2838 4836 2852 4861 ,
2896 4806 2951 4850 et
2993 4794 3099 4849 alia
3138 4791 3301 4847 verba
3326 4791 3407 4844 di-

1841 4902 2015 4949 cunt:
2057 4913 2074 4944 ι
2114 4894 2224 4949 Cur
2274 4893 2522 4962 quaeritis
2569 4892 2846 4944 viventem
2891 4888 3033 4940 inter
3059 4880 3350 4937 mortuos?
3384 4900 3401 4930 ι

1842 4996 1896 5041 et
1924 4986 2155 5056 reliqua.
2200 4985 2265 5039 Et
2300 4986 2403 5039 illae
2433 4982 2574 5054 apud
2604 4980 2845 5035 Marcum
2891 4976 3112 5031 monita:
3153 4971 3405 5025 mandata

1844 5081 2098 5134 nuntiare
2142 5078 2448 5148 discipulis,
2481 5074 2683 5130 nemini
2709 5070 3006 5142 quidquam
3035 5067 3306 5121 dixerunt.
3337 5060 3405 5112 At

1839 5174 1945 5228 illa:
1984 5171 2144 5225 Lucze
2184 5171 2440 5241 profectae
2475 5167 2871 5221 nuntiaverunt
2906 5157 3191 5228 discipulis
3234 5154 3405 5206 unde-

1836 5263 1965 5317 cim.
1999 5240 2273 5327 Quareiex
2299 5260 2385 5314 his
2409 5258 2664 5311 omnibus
2695 5252 2993 5323 colligitur,
3016 5245 3160 5301 haud
3185 5240 3403 5297 easdem

1837 5354 2008 5409 fuisse
2032 5354 2310 5415 mulieres,
2341 5352 2572 5421 ideoque
2608 5364 2709 5403 nec
2744 5361 2857 5400 uno
2896 5353 3139 5411 tempore
3175 5351 3239 5391 ea
3283 5348 3404 5404 qua:

1837 5446 1889 5500 in
1913 5445 2135 5516 scriptis
2167 5452 2473 5507 sunt,.esse
2502 5447 2741 5511 peracta.

148 5524 355 5608 τούτων
400 5524 653 5606 ἁπάντων
701 5547 1046 5615 συνάγεσθαι,
1082 5547 1156 5618 μὴ
1202 5546 1300 5608 τὰς
1335 5542 1501 5606 αύτάς
1548 5537 1715 5594 εἶναι·
1756 5540 1836 5593 διὸ
1900 5540 2032 5612 μηδὲ
2086 5540 2173 5609 ὑφ’
2199 5539 2293 5593 ἕνα
2332 5535 2521 5607 καιρὸν
2556 5528 2910 5602 πεπληιὲαι
2956 5525 3025 5580 τὰ
3058 5524 3405 5591 ἀναγεγραμ·

156 5644 311 5714 μένα.

222 5824 334 5896 (67)
373 5821 509 5881 Cod.
538 5823 605 5888 Α,
639 5820 677 5874 ι.
712 5819 916 5884 515,1).
