3954 6524
1093 9 1383 18 ___.~—-_———

190 339 320 396 1091

1045 345 1556 403 SUPPLEMENTA
1593 345 2076 416 QUESTIONUM
2112 346 2204 400 AD
2241 344 2592 402 MARINUM.

3310 350 3334 404 Ι
3345 350 3450 406 002

180 469 246 522 γε
294 453 404 527 μὴν
451 454 655 521 ἔδειξεν
702 454 886 518 αὐτοῖς
918 455 1017 520 τὰς
1051 460 1238 530 χεῖρας
1269 459 1364 512 καὶ
1392 459 1491 530 τήν
1525 456 1764 529 πλευρὰν

1869 473 2028 512 suum
2056 456 2366 512 ostendisse
2396 456 2585 514 Jesum
2623 463 2860 514 testatur
2891 455 3154 522 Joannes,
3187 475 3452 519 consonat

174 545 350 601 αὑτοῦ
380 549 738 620 μαρτυρήσας
784 550 814 602 ὁ
849 547 1121 620 Ἰωάννης,
1158 549 1444 620 σύμφωνος
1478 551 1543 604 ἂν
1573 551 1658 622 εἴη
1693 550 1771 621 τῷ

173 637 273 693 xi!
334 640 437 711 τὴν
489 640 668 694 αἰτίαν
720 638 1102 710 παραθεμένῳ.
1139 639 1360 705 Τούτοις
1414 640 1562 712 ἑξῆς,
1592 645 1620 696 ὁ
1673 644 1770 714 μὲν

170 731 398 794 Λουκᾶς
434 747 619 800 φησιν,
649 749 667 783 ‹
705 731 824 787 τΕτο
854 730 908 783 δὲ
930 728 1301 785 ἀπιστούντων
1329 733 1504 786 αὐτῶν
1528 734 1634 788 ἀπὸ
1673 736 1771 806 τῆς

168 826 360 896 χαρᾶς
405 825 501 878 καὶ
542 824 950 896 Θαυμαζόντων,
993 820 1146 879 εἶπεν
1193 826 1412 890 αὐτοῖς,
1479 827 1670 897 Ἔχετέ
1717 844 1770 881 τι

169 914 462 988 βρώσιμον
522 917 748 982 ὲνθάδες
813 920 875 972 Οἱ
924 918 982 971 δὲ
1034 915 1320 972 ἀπέδωκαν
1365 915 1514 990 αὐτῷ
1589 918 1769 990 ἰχθύος

164 1009 348 1062 ὀπτοῦ
403 1009 589 1082 μέρος.
634 1029 652 1062 ι
689 1008 876 1065 Ταῦτα
920 1010 977 1063 δὲ
1015 1010 1266 1082 Ἰωάννης
1296 1011 1358 1064 ού
1408 1011 1764 1084 συνέγραψεν.

168 1103 354 1158 Ἔνθα
404 1102 720 1173 γενομένοις
769 1103 1060 1173 ἐπιστῆσαι
1093 1105 1359 1175 προσήκει
1393 1103 1484 1156 τὸν
1516 1102 1662 1170 νοῦν,
1691 1104 1767 1168 ὡς

164 1195 268 1251 καὶ
313 1197 372 1249 ἐν
421 1196 533 1258 τοῖς
574 1194 808 1258 λοιποῖς,
834 1193 934 1258 τὰς
976 1194 1307 1266 σεμνοτέρας
1354 1195 1448 1248 καὶ
1493 1194 1767 1266 θειοτέρας

165 1285 416 1358 πράξεις
456 1301 517 1338 τε
559 1284 656 1338 καὶ
687 1283 1035 1347 διδασκαλίας
1065 1283 1160 1337 τοῦ
1193 1283 1446 1357 Σωτῆρος
1489 1285 1646 1356 ήμῶν
1679 1285 1767 1339 διὰ

161 1377 262 1433 τοῦ
305 1378 556 1432 Ἰωάννου
590 1376 653 1431 τὸ
677 1376 900 1448 Πνεῦμα
921 1372 982 1432 τὸ
1014 1376 1167 1446 ἅγιον
1196 1379 1668 1450 ἀπεμνημόνευσε,
1698 1379 1763 1432 τὰ

160 1469 222 1525 δὲ
264 1469 739 1541 ἀνθρωπινώτερα
765 1468 854 1522 διὰ
878 1467 988 1524 τῶν
1019 1468 1222 1523 λοιπῶν
1250 1470 1605 1545 συνέγραψεν,
1642 1471 1670 1525 ὃ
1701 1469 1764 1542 δὴ

163 1560 265 1614 καὶ
292 1558 394 1612 νῦν
429 1559 748 1630 πεποίηκεν.
765 1559 855 1623 Ὠς
878 1558 986 1631 γὰρ
1015 1560 1273 1631 ἐνόμισαν
1295 1562 1344 1613 οἰ
1372 1560 1613 1633 μαθηταὶ
1640 1561 1766 1615 ἰδόν-

161 1671 260 1717 τες
291 1653 389 1707 τὸν
423 1653 671 1724 Σωτῆρα,
699 1653 774 1724 μὴ
806 1653 968 1706 αὐτὸν
1001 1651 1224 1725 θεωρεῖν
1250 1653 1384 1707 ἀλλὰ
1415 1653 1649 1724 πνεῦμα,
1670 1653 1764 1705 καὶ

160 1747 244 1810 ὡς
267 1745 542 1818 ἠπίστουν
569 1745 740 1817 αὐτῷ,
759 1745 852 1800 καὶ
879 1744 1018 1818 μετὰ
1045 1746 1106 1799 τὸ
1127 1747 1297 1812 δεῖξαι
1325 1747 1506 1810 αὐτοῖς
1533 1746 1631 1810 τάς
1659 1750 1765 1817 χεῖ-

1874 551 2064 620 utique
2095 549 2170 604 illi
2194 549 2287 620 qui
2321 550 2397 604 rei
2427 565 2648 606 causam
2688 551 2893 605 attulit.
2927 550 3056 606 Post
3101 553 3238 616 haec,
3275 554 3453 613 Lucas

1873 642 2094 713 quidem
2125 643 2221 708 ait,
2252 643 2432 697 adhuc
2460 658 2568 696 non
2600 642 2951 698 credentibus
2983 644 3089 698 illis
3116 661 3227 715 prae
3252 649 3453 716 gaudio

1872 741 1927 789 et
1960 733 2310 798 mirantibus,
2345 733 2551 790 dixisse
2583 734 2692 789 illis
2723 751 2736 787 :
2777 755 2795 786 ‹
2832 734 3055 794 Habetis
3107 738 3194 792 hic
3247 741 3450 810 aliquid

1872 826 2016 899 quod
2043 827 2439 883 manducetur?
2461 848 2478 878 ι
2511 829 2632 883 illos
2655 837 2835 885 autem
2862 840 3071 899 partem
3091 833 3197 886 assi
3220 836 3385 902 piscis
3401 837 3452 892 ei

1871 921 2156 976 obtulisse.
2213 919 2339 976 Ηαξο
2403 919 2643 977 Joannes
2703 923 2906 978 omisit.
2958 923 3040 977 Ad
3087 925 3234 979 hunc
3271 927 3452 982 locum

1872 1011 2146 1081 progressi
2171 1018 2406 1066 mentem
2425 1010 2685 1066 debemus
2705 1011 3008 1076 intendere,
3032 1021 3094 1067 ut
3113 1015 3274 1068 etiam
3298 1017 3449 1080 alibi,

1869 1099 2216 1172 angustiores
2267 1113 2332 1154 ac
2379 1099 2682 1156 diviniores
2730 1112 2888 1156 actus
2936 1102 3246 1160 Servatoris
3275 1108 3452 1161 nostri

1869 1197 2032 1260 atque
2084 1189 2368 1245 doctrinas
2410 1189 2672 1259 Spiritum
2739 1201 2988 1247 sanetum
3043 1210 3140 1264 per
3185 1193 3451 1251 Joannem

1871 1297 2174 1338 memorare
2208 1283 2412 1350 solere;
2452 1284 2804 1339 humaniores
2851 1294 3030 1340 autem
3068 1303 3165 1355 per
3211 1289 3450 1359 reliquos

1867 1376 2234 1444 evangelistas
2277 1377 2607 1445 scripsisse;
2645 1377 2789 1447 quod
2837 1385 2894 1432 et
2937 1379 3041 1432 hoc
3086 1381 3206 1433 loco
3259 1397 3451 1450 reapse

1869 1465 2016 1521 fecit.
2046 1466 2183 1532 Quia
2211 1467 2354 1521 enim
2373 1466 2650 1536 discipuli.
2680 1477 2976 1537 conspecto
3006 1469 3316 1534 Servatore,
3352 1488 3453 1541 pu-

1869 1558 2057 1611 tabant
2095 1573 2203 1612 non
2251 1559 2428 1629 ipsum
2463 1560 2559 1614 sed
2599 1561 2849 1632 spiritum
2884 1577 2944 1617 se
2996 1563 3202 1627 videre,
3236 1572 3289 1618 et
3320 1566 3451 1635 quia

1868 1649 2136 1703 nondum-
2169 1649 2218 1705 ei
2279 1648 2607 1715 credebant,
2655 1652 2871 1706 etiamsi
2933 1668 3130 1708 manus
3177 1656 3452 1726 pedesque

1865 1739 2202 1804 ostenderat,
2258 1743 2569 1798 necessario
2617 1751 2838 1813 propter
2867 1760 3057 1799 eorum
3108 1727 3449 1815 pervicacem

162 1858 276 1910 ρας
309 1838 408 1893 καὶ
441 1840 567 1903 τοὺς
593 1839 759 1904 πόδας
793 1839 1126 1910 ἀναγκαίως,
1157 1839 1236 1893 ἔτι
1269 1839 1642 1894 ἀπιστούντων
1669 1841 1765 1892 αύ-

1869 1830 2327 1898 incredulitatem,
2362 1833 2690 1901 postulatam
2729 1849 2912 1889 escam
2941 1852 3126 1891 coram
3163 1839 3270 1893 illis
3305 1856 3452 1894 man-

157 1933 304 1994 τῶν,
340 1933 573 2002 αἰτήσας
619 1949 672 1984 τι
723 1931 1019 2004 βρώσιμον,
1053 1931 1255 2001 ἔφαγεν
1301 1931 1530 1986 ἐνώπιον
1561 1932 1762 1988 αὐτῶν.

159 2022 364 2076 Ταῦτα
393 2021 453 2075 δὲ
487 2020 920 2092 σωματικώτερα
960 2020 1107 2086 ὄντα,
1145 2021 1238 2075 καὶ
1285 2021 1483 2093 πολλὴν
1508 2022 1764 2075 ἀπιστίαν

156 2115 276 2168 τῶν
308 2113 629 2168 ἀποστόλων
654 2114 1085 2186 κατηγοροῦντα,
1112 2114 1277 2167 αὐτοῦ
1307 2132 1366 2167 τε
1399 2113 1492 2166 τοῦ
1515 2115 1762 2184 Σωτῆρος

163 2205 623 2279 συμπεριφορὰν,
680 2205 958 2268 πείθοντος
1001 2206 1198 2269 αύτούς
1243 2206 1338 2258 καὶ
1381 2205 1568 2274 σαφῶς
1619 2221 1762 2275 παρ-

159 2299 437 2360 ιστῶντος
468 2297 545 2361 ὡς
585 2297 695 2368 ἄρα
725 2297 886 2360 αὐτὸς
907 2297 1015 2366 εἴη,
1047 2297 1124 2366 τῷ
1149 2298 1332 2368 Λουκᾷ
1368 2296 1442 2360 ὡς
1473 2297 1536 2350 ἂν
1582 2297 1766 2349 ὑποδε-

154 2390 379 2464 εστέρῳ
412 2389 523 2459 (69)
550 2390 780 2460 γράφειν
803 2389 862 2441 τὸ
883 2388 1105 2459 Πνεῦμα
1130 2388 1364 2441 ὑπέϐαλε
1384 2405 1397 2417 ·
1428 2388 1493 2441 τά
1515 2388 1571 2441 δὲ
1592 2389 1766 2459 κρείτ-

157 2501 298 2537 τονα
354 2483 455 2536 καὶ
504 2481 787 2550 δυνάμεως
852 2481 1035 2534 ἐνθέου
1096 2480 1481 2552 παραστατικά
1535 2481 1623 2532 διὰ
1668 2481 1761 2533 τοῦ

168 2573 435 2629 Ἰωάννου
471 2573 732 2645 παρίστη,
769 2571 1071 2644 γράφοντος
1095 2573 1189 2625 καὶ
1208 2571 1371 2626 αὐτοῦ
1405 2572 1531 2642 έξῆς
1570 2573 1764 2635 ταῦτα,

162 2685 181 2715 ‹
208 2665 531 2735 Ἐχάρησαν
563 2658 656 2716 οὖν
679 2663 731 2714 οἱ
762 2661 1001 2732 μαθηταὶ
1034 2661 1233 2725 ἰδόντες
1254 2662 1343 2714 τὸν
1367 2661 1570 2733 Κύριον
1592 2679 1605 2692 ⁸
1640 2681 1656 2713 ι
1686 2657 1763 2714 εἷ-

161 2774 269 2811 πεν
326 2753 425 2810 οὖν
469 2756 654 2818 αὐτοῖς
703 2754 901 2819 πάλιν,
935 2773 954 2803 ι
986 2755 1190 2826 Εἰρήνη
1226 2754 1385 2824 ὑμῖν
1434 2753 1615 2817 καθὼς
1656 2756 1763 2808 ἀπ-

155 2849 406 2911 ἑσταλκέ
450 2867 518 2920 με
546 2849 575 2900 ὀ
613 2848 824 2920 Πατὴρ,
864 2845 1020 2914 κάγὼ
1045 2847 1246 2918 πέμπω
1274 2847 1449 2916 ὑμᾶς·
1486 2847 1577 2899 καὶ
1609 2847 1764 2899 τοῦτο

154 2943 342 2998 εἰπὼν
374 2941 706 3014 ἀνεφύσησε,
739 2962 757 2994 ι
793 2940 887 2995 καὶ
919 2940 988 2994 τά
1018 2939 1161 3011 ἑξῆς.
1181 2938 1333 3009 Ἔχοι
1367 2939 1413 2992 δ’
1445 2937 1510 2992 ἂν
1536 2939 1761 2992 ἀκολου-

153 3039 288 3092 θίαν
325 3038 355 3089 ὁ
385 3035 518 3105 παρ’
545 3034 876 3106 ἀμφοτέροις
900 3033 1076 3103 λόγος,
1102 3036 1150 3086 εἰ
1177 3032 1245 3086 τὰ
1271 3033 1420 3103 παρὰ
1460 3032 1538 3103 τῷ
1580 3033 1761 3104 Λουκᾷ

160 3130 370 3202 πρῶτα
401 3126 718 3200 πεπρᾶχθαι
756 3125 1136 3197 λογισαίμεθα,
1159 3121 1259 3177 εἷθ’
1285 3125 1457 3188 οὕτως
1487 3124 1603 3196 μετ’
1623 3127 1760 3177 ἐκεῖ·

154 3193 218 3273 νᾶ
259 3193 671 3288 ,τυνόιψομεντά
697 3193 847 3288 παρά
870 3215 948 3286 τῷ
978 3193 1359 3286 ’ἸωάννηἜτι
1387 3193 1615 3285 μὲν-γὰρ
1637 3214 1759 3267 ἀπι-
1786 3193 1830 3252 c

152 3310 444 3366 στούντων
489 3308 668 3361 αὐτῶν
701 3309 794 3362 καὶ
824 3307 1028 3379 τροφὴν
1055 3307 1193 3378 ᾔτει,
1226 3308 1318 3360 καὶ
1364 3306 1436 3378 μὴ
1468 3306 1758 3380 ἀρκεσθεὶς

149 3407 219 3476 τῇ
280 3401 490 3474 βρώσει
520 3400 615 3454 τοῦ
655 3399 856 3472 ἰχθύος,
893 3401 986 3452 καὶ
1031 3399 1220 3468 λόγους
1252 3399 1449 3462 αὐτοὺς
1492 3400 1755 3470 στηρίξει,

149 3496 259 3568 τῆς
282 3495 563 3566 προτέρας
579 3494 774 3556 αὐτοὺς
798 3493 1227 3564 ὑπομιμνήσκων
1247 3491 1591 3554 διδασκαλίας
1616 3491 1757 3545 κατά

148 3589 246 3642 τὸν
271 3587 654 3642 Λουκᾶν.”οτε
685 3585 741 3637 δὲ
766 3583 948 3638 λοιπὸν
976 3583 1289 3646 πεισθέντες
1310 3581 1758 3654 ἐπληροφορήθη-

151 3701 260 3736 σαν
295 3680 466 3733 αὑτὸν
489 3674 626 3733 εἶναι
660 3677 896 3750 ἀληθῶς,
933 3678 1026 3731 καὶ
1061 3676 1244 3730 λοιπὸν
1279 3677 1449 3747 χαρᾶς
1487 3670 1626 3746 ἦσαν
1661 3692 1755 3745 με·

153 3771 304 3837 στοὶ,
336 3770 462 3824 τότε
487 3769 746 3841 δευτέραν
778 3769 963 3832 αὐτοῖς
996 3769 1219 3840 εἰρήνην
1249 3767 1442 3838 ἑτέραν
1464 3766 1559 3820 καὶ
1583 3767 1758 3838 κρείτο

149 3883 293 3920 τονα
330 3861 488 3934 παρά
527 3862 624 3934 τὴν
669 3861 941 3935 προτέραν
973 3861 1175 3925 δίδωσι,
1204 3860 1297 3914 καὶ
1323 3859 1754 3932 παρακελεύεται

149 3959 424 4030 ἑτοίμους
449 3949 588 4009 εἶναι
627 3957 707 4018 εἰς
737 3954 836 4026 τὴν
868 3951 1192 4024 ἀποστολὴν,
1222 3952 1504 4022 μονονουχὶ
1538 3951 1755 4022 ὁμοίους

150 4050 314 4122 αύτῷ
342 4047 442 4103 καὶ
463 4049 663 4111 αὐτοὺς
696 4045 913 4100 ἔσεσθαι
943 4044 1032 4099 διὰ
1064 4042 1157 4097 τοῦ
1184 4043 1367 4115 ὁμοίου
1391 4042 1550 4115 ἔργου
1579 4045 1754 4110 ἐπαγ-

149 4142 510 4213 γειλάμενος.
543 4134 656 4192 Εἴθ’
688 4136 813 4209 ἑξῆς
857 4136 952 4191 καὶ
1001 4133 1310 4198 ἀκολούθως
1349 4135 1549 4206 ὲμπνεῖ
1571 4132 1754 4196 αὐτοῖς

148 4235 249 4290 τοῦ
277 4233 446 4304 ἁγίου
474 4228 811 4302 Πνεύματος,
842 4227 918 4293 ὡς
952 4227 1018 4282 ἂν
1046 4226 1319 4298 δεομένοις
1338 4225 1527 4279 τούτου
1555 4225 1633 4288 εἰς
1655 4223 1753 4296 τὴν

151 4324 292 4395 ἑξῆς
327 4320 736 4393 ὲπιφερομένην
763 4318 1096 4388 ἐπαγγελίαν
1114 4333 1127 4346 ·
1161 4316 1299 4388 αὕτη
1326 4317 1384 4370 δὲ
1408 4312 1475 4388 ἦν
1501 4315 1561 4369 τὸ
1593 4314 1752 4369 δύνα-

152 4415 285 4470 σθαι
318 4412 542 4483 ἀφιέναι
575 4411 850 4483 ἁμαρτίας
873 4409 961 4463 διά
989 4408 1090 4478 τῆς
1128 4407 1222 4461 τοῦ
1248 4407 1406 4477 ἁγίου
1435 4406 1750 4478 Πνεύματος

1868 1920 2108 1976 ducavit.
2137 1921 2262 1977 l~la2c
2286 1924 2458 1995 magis
2481 1926 2790 1995 corporalia
2813 1942 2936 1981 cum
2963 1930 3091 1991 sint,
3119 1946 3450 2000 gravemque

1868 2015 2238 2084 apostolorum
2271 2017 2704 2073 incredulitatem
2729 2028 3010 2083 accusent,
3035 2031 3088 2075 et
3117 2022 3289 2091 ipsius
3314 2025 3446 2079 Ser-

1869 2106 2072 2160 vatoris
2109 2107 2500 2178 indulgentiam
2548 2120 2796 2181 arguant,
2831 2114 3211 2182 persuadentis
3257 2116 3340 2170 eis
3384 2131 3449 2172 ac

1867 2197 2295 2255 demoostrantis
2327 2217 2386 2255 se
2415 2217 2558 2267 esse,
2601 2202 2762 2258 Lucae
2800 2215 2983 2273 utp0le
3026 2207 3250 2260 secundi
3294 2207 3445 2262 ordi-

1867 2289 1956 2344 nis
1989 2289 2195 2344 homini
2233 2293 2524 2348 seribenda
2557 2294 2793 2362 Spiritus
2815 2297 3092 2353 commisit
3122 2317 3139 2354 :
3164 2300 3256 2354 sed
3288 2302 3446 2357 nobi-

1867 2380 2004 2434 liora
2038 2390 2093 2436 et
2128 2383 2367 2438 divinam
2393 2387 2650 2441 virtutem
2689 2391 3119 2458 comprobantia,
3153 2407 3248 2461 per
3274 2392 3445 2448 Joan-

1870 2487 1992 2526 nem
2010 2474 2278 2536 exhibuit,
2300 2477 2461 2545 quiet
2485 2478 2599 2546 ipse
2628 2494 2751 2532 mox
2780 2480 2969 2534 scribit
3003 2501 3014 2535 :
3054 2500 3073 2532 ι
3108 2481 3292 2538 Gavisi
3317 2494 3446 2540 sunt

1865 2579 1996 2635 ergo
2031 2565 2308 2636 discipuli,
2345 2569 2462 2622 viso
2513 2568 2765 2624 Domino.
2805 2589 2823 2622 ι
2859 2571 3006 2625 Dixit
3043 2589 3174 2642 ergo
3216 2575 3296 2629 eis
3344 2577 3447 2631 ite-

1866 2673 2030 2712 rum:
2070 2677 2088 2708 (
2131 2657 2240 2713 Pax
2277 2661 2448 2716 vobis.
2488 2659 2642 2716 Sicut
2683 2664 2834 2719 misit
2887 2680 2972 2719 me
3014 2664 3192 2729 Pater,
3245 2675 3299 2722 et
3345 2682 3446 2739 ego

1866 2751 2022 2804 mitto
2050 2767 2170 2805 vos.
2203 2751 2266 2806 Et
2296 2768 2418 2807 cum
2444 2754 2556 2807 haec
2579 2754 2826 2819 dixisset,
2856 2757 3170 2821 insulﬂavit,
3197 2778 3214 2808 ι
3243 2769 3293 2813 et
3317 2761 3449 2815 reli-

1864 2857 1993 2910 qua.
2028 2841 2260 2897 Habebit
2305 2853 2486 2899 autem
2537 2862 2735 2900 nexum
2766 2848 3054 2919 utriusque
3095 2851 3445 2921 evangelista:

1863 2934 2061 2996 oratio,
2099 2935 2145 2989 si
2177 2951 2298 3005 qua:
2328 2936 2464 2992 dicit
2505 2935 2700 3001 Lucas,
2731 2938 2884 3008 prius
2926 2950 3047 2993 acta
3081 2948 3441 3010 reputemus;

1867 3042 1990 3082 mox
2020 3038 2244 3082 narrata
2295 3030 2396 3084 abs
2427 3029 2640 3087 Joanne
2689 3033 3025 3102 copulemus.
3075 3034 3268 3089 Adhuc
3297 3036 3441 3088 enim

1865 3123 1973 3179 illis
2002 3138 2112 3177 non
2147 3122 2519 3188 credentibus,
2553 3140 2737 3180 escam
2789 3125 3122 3195 postulavit;
3155 3142 3332 3197 neque
3359 3129 3444 3196 pi-

1863 3217 1974 3272 scis
2002 3233 2102 3272 esu
2131 3225 2448 3281 contentus,
2480 3233 2763 3273 sermones
2787 3233 2920 3274 suos
2945 3219 3255 3284 contirmat,
3292 3221 3444 3289 prio-

1861 3323 1976 3362 rem
2001 3307 2081 3363 eis
2110 3324 2232 3379 quae
2263 3316 2347 3364 est
2389 3310 2532 3379 apud
2562 3308 2762 3364 Lucam
2798 3310 3102 3365 doctrinam
3150 3311 3438 3367 refricans.

1861 3396 2158 3469 Postquam
2182 3415 2310 3455 vero
2331 3400 2640 3467 credentes,
2667 3401 2846 3469 ipsum
2877 3415 3005 3455 vere
3038 3415 3163 3458 esse
3190 3401 3292 3455 sibi
3321 3416 3445 3469 per-

1860 3499 2172 3554 suaserant,
2194 3491 2417 3561 jamque
2443 3491 2644 3563 gaudio
2668 3492 2997 3554 dillluerent,
3031 3503 3164 3546 tunc
3196 3491 3441 3547 secundo

1858 3582 1940 3638 eis
1973 3597 2184 3653 pacem,
2227 3583 2506 3638 meliorem
2541 3583 2750 3640 scilicet
2785 3584 2957 3654 prima
2985 3584 3292 3653 impertitus
3317 3593 3438 3650 est,

1860 3682 2024 3744 atque
2050 3680 2109 3726 ut
2137 3672 2464 3742 apostolatui
2491 3675 2666 3744 parati
2693 3682 2879 3730 essent
2907 3673 3207 3738 mandavit,
3231 3675 3441 3730 similes

1858 3764 2251 3837 propemodum
2306 3766 2392 3821 sui
2441 3764 2656 3822 futuros
2690 3767 2760 3822 ob
2795 3769 2978 3839 operis
3023 3767 3437 3824 similitudinem

1859 3857 2154 3930 spondens.
2193 3858 2314 3915 Mox
2361 3866 2729 3915 consentanee
2772 3857 3034 3930 Spiritum
3078 3869 3330 3915 sanctum
3382 3863 3437 3915 in

1855 3965 1952 4006 eos
1983 3951 2292 4021 inspiravit,
2326 3959 2514 4023 utpote
2543 3952 2689 4007 illius
2722 3951 2940 4023 indiges
2975 3952 3042 4007 ad
3090 3968 3217 4008 mox
3245 3954 3435 4007 αἰθρη-

1855 4044 1981 4098 dam
2015 4043 2502 4102 denuntiationem.
2544 4044 2672 4100 Haac
2718 4053 2898 4100 autem
2935 4052 3073 4108 erat,
3108 4059 3271 4115 posse
3314 4045 3437 4100 illos

1855 4145 2081 4207 peccata
2119 4138 2394 4194 dimittere
2419 4152 2518 4208 per
2545 4138 2721 4194 sancti
2753 4137 2990 4206 Spiritus
3024 4137 3304 4192 virtutem.
3339 4140 3438 4190 At-

1854 4244 1960 4298 que
2006 4228 2080 4282 ita
2135 4244 2203 4284 ex
2255 4229 2520 4284 ambobus
2552 4229 2900 4299 evangelistis
2943 4243 3088 4282 unus
3125 4229 3434 4285 communis

1854 4320 2170 4391 perficietur
2201 4336 2418 4388 sermo;
2459 4321 2587 4375 dum
2619 4321 2764 4376 dicta
2795 4321 2935 4391 apud
2978 4319 3204 4386 Lucam,
3241 4328 3432 4375 tacen-

1853 4421 1945 4466 tur
1986 4412 2132 4483 apud
2182 4411 2482 4479 Joannem;
2520 4413 2876 4482 vicissimque
2920 4414 2974 4466 in
3021 4411 3248 4466 Joannis
3295 4413 3435 4467 scri—

147 4507 464 4580 δυνάμεως.
500 4505 609 4558 Καὶ
648 4502 820 4567 οὕτως
867 4501 926 4567 ἐξ
972 4501 1296 4572 ἀμφοτέρων
1327 4498 1436 4552 τῶν
1467 4499 1748 4567 εὐαγγελι-

1864 4515 2016 4573 ptura
2086 4505 2397 4567 traduntur,
2465 4520 2586 4574 quae
2645 4505 2865 4558 silentio
2929 4503 3105 4559 Lucas
3169 4505 3364 4572 premit
3414 4521 3428 4556 :

148 4601 304 4656 στῶν
353 4594 436 4661 εἰς
483 4594 738 4658 κοινωνὸς
781 4592 1248 4666 ἀπαρτισθήσεται
1287 4591 1464 4660 λόγος,
1496 4589 1604 4644 τῶν
1649 4591 1746 4660 μὲν

363 4691 444 4763 τῷ
483 4691 668 4761 Λουκᾷ
693 4688 1051 4758 λελεγμένων,
1081 4683 1461 4756 σιωπηθέντων
1487 4683 1638 4754 παρά
1669 4681 1748 4752 τῷ

159 4785 402 4856 Ἰωάννῃ
420 4798 434 4810 ·
464 4780 572 4834 τῶν
594 4780 652 4834 δὲ
677 4779 782 4833 ὑπὸ
811 4778 903 4832 τοῦ
931 4778 1176 4832 Ἰωάννου
1199 4778 1383 4848 γραφῇ
1418 4774 1749 4848 παραδοθέν-

146 4895 285 4941 των,
319 4877 449 4947 σιγῇ
492 4871 894 4944 ταμιευθέντων
934 4867 1088 4941 παρὰ
1110 4867 1188 4939 τῷ
1219 4869 1431 4940 Λουκᾷ·
1467 4867 1561 4920 καὶ
1599 4864 1744 4938 πρώ·

1855 4595 2033 4666 primo
2065 4595 2208 4660 loco,
2242 4606 2300 4648 ut
2322 4595 2583 4660 diximus,
2617 4611 2739 4666 quae
2766 4604 2893 4650 sunt
2922 4594 3082 4649 Lucae
3116 4597 3430 4662 collocatis;

1855 4681 2054 4736 deinde
2086 4697 2207 4751 qum
2240 4679 2479 4736 Joannes
2508 4683 2604 4746 ait,
2649 4681 2910 4736 subnexis
2939 4698 2952 4747 ;
2997 4681 3242 4736 eamdem
3278 4697 3433 4734 men-

1857 4781 1964 4828 tem
1995 4787 2346 4844 sensumque.
2378 4789 2498 4843 quae
2533 4782 2661 4828 sunt
2693 4773 2834 4843 apud
2857 4783 3172 4841 utrumque,
3208 4788 3434 4827 servan-

1857 4865 2025 4919 tibus.
2053 4866 2230 4934 Atqne
2259 4865 2374 4919 hzec
2403 4865 2476 4919 ita
2507 4881 2566 4921 se
2598 4867 2820 4919 habent.

144 4991 261 5028 των
318 4971 422 5042 μὲν
469 4967 578 5021 τῶν
629 4966 778 5038 παρὰ
819 4967 896 5037 τῷ
942 4967 1121 5036 Δουκᾷ
1152 4963 1511 5034 λελεγμένων,
1538 4961 1664 5032 ἑξῆς
1696 4960 1752 5013 δὲ
1781 4959 2010 5022 ἐκείνοις
2072 4960 2491 5031 συναπτομένων
2531 4959 2640 5014 τῶν
2681 4958 2832 5029 παρά
2864 4957 2943 5028 τῷ
2992 4958 3242 5027 Ἰωάννῃ·
3291 4955 3435 5008 οὕτω

142 5088 207 5125 τε
239 5069 343 5122 ’ἕνα
377 5065 502 5121 νοῦν
548 5065 643 5118 καὶ
688 5063 819 5134 μίαν
864 5062 1100 5116 διάνοιαν
1136 5059 1414 5124 σωζόντων
1459 5057 1566 5110 τῶν
1613 5059 1740 5128 παρ’
1779 5055 2128 5127 ἀμφοτέροις.
2156 5055 2337 5109 Ταῦτα
2374 5057 2472 5128 μὲν
2502 5056 2692 5130 ταύτῃ.

932 5178 988 5236 I'.

222 5304 346 5375 (70)
387 5301 515 5365 Πῶς
560 5299 619 5354 δὲ
664 5296 817 5370 παρά
847 5297 944 5369 μὲν
971 5296 1050 5367 τῷ
1078 5295 1343 5366 Ματθαίῳ
1373 5293 1603 5364 ἄγγελος
1651 5294 1747 5363 όφ-

143 5399 270 5461 θεὶς
301 5398 422 5458 ταῖς
448 5390 664 5462 γυναιξί¹
689 5387 1052 5461 παρήγγειλεν
1075 5387 1405 5457 ἀπαγγεῖλαι
1429 5386 1541 5448 τοῖς
1568 5383 1743 5455 μαθη-

141 5493 275 5553 ταῖς
295 5485 487 5549 αὑτοῦ,
505 5486 609 5548 ὅτι,
627 5481 866 5556 Ἠγέρθη
887 5481 996 5535 ἀπὸ
1013 5480 1123 5533 τῶν
1141 5479 1370 5551 νεκρῶν,
1397 5478 1488 5532 καὶ
1512 5475 1742 5550 προάγει

141 5584 303 5653 ὑμᾶς
353 5581 436 5643 είς
478 5577 576 5650 τήν
609 5574 918 5638 Γαλιλαίαν,
954 5574 1069 5625 ὲκεῖ
1094 5571 1253 5625 αὑτὸν
1277 5570 1504 5641 όψεσθε,
1544 5569 1742 5641 ὁμοίως

223 5757 344 5829 (69)
380 5750 1070 5829 Minoris_ord_inis_l.ncas
1105 5757 1158 5803 et
1193 5747 1430 5829 Marcus,
1464 5755 1736 5829 quatenus

144 5832 203 5888 bi
228 5818 347 5886 im
371 5826 595 5882 fuerunt
616 5824 831 5879 Domini
852 5822 979 5878 Jesn
1003 5828 1338 5890 spectatores
1359 5828 1412 5874 et
1436 5818 1732 5872 auditores.

404 5927 661 5986 PATBOL
730 5921 850 5983 Gn.
938 5918 1146 5981 XXII.

2612 5173 2679 5226 Χ.

1926 5286 2212 5353 Quomodo
2251 5286 2394 5357 apud
2426 5285 2740 5340 Matthaenm
2770 5285 2989 5355 quidem
3021 5283 3248 5354 angelus
3279 5284 3430 5337 visus

1849 5382 2176 5437 mulieribus
2248 5381 2527 5435 mandavit
2583 5382 2842 5435 nuntiare
2894 5378 3183 5448 discipulis
3238 5375 3425 5431 Jesum

1850 5475 2254 5537 resurrexisse,
2299 5472 2532 5542 illosque
2569 5485 2968 5541 prtecessurum
3014 5471 3067 5522 in
3109 5467 3423 5530 Galilaeam,

1850 5568 2035 5637 ibique
2090 5565 2208 5621 fore
2251 5565 2648 5637 conspicuum,
2697 5563 2951 5620 similiter
2995 5559 3138 5632 apud
3185 5558 3427 5613 Marcum

1916 5745 2030 5819 (το)
2071 5744 2204 5800 Cod.
2241 5744 2304 5808 Α,
2338 5743 2376 5798 r.
2409 5743 2532 5812 διδ,
2563 5745 2614 5798 b.
