3954 6496
192 351 337 410 1005

931 471 1036 529 Μ’.

259 559 378 631 (72)
419 561 556 635 Φαίη
586 560 633 616 δ’
656 561 850 628 ἇντις,
877 563 994 628 πῶς
1023 567 1054 620 ό
1079 566 1176 637 μὲν
1192 567 1465 634 Ματθαῖος
1492 570 1781 642 πορευθέν-

181 669 286 719 τας
313 655 445 720 τώς
470 655 663 710 ἕνδεκα
689 656 769 720 είς
797 655 858 709 τὸ
883 655 1009 729 ὅρος
1034 660 1132 729 τῆς
1163 659 1450 725 Γαλιλαίας
1475 663 1779 735 ἑωρακέναι

183 749 331 820 φησὶ
357 747 450 802 τὸν
488 747 717 820 Ἰησοῦν,
746 750 776 802 6
823 749 880 802 δὲ
917 751 1168 822 Ἰωάννης
1207 753 1342 824 μετά
1371 754 1469 819 τὰς
1495 754 1585 828 δύο
1611 756 1780 810 όπτα-

185 839 318 901 σίας
357 841 457 906 τάς
486 843 544 894 ἐν
573 844 639 912 τῇ
678 842 1031 914 Ἰερουσαλὴμ
1075 844 1135 897 τὸ
1175 846 1358 917 τρίτον
1389 840 1567 916 ὦφθαι
1616 850 1778 904 αὑτὸν

180 934 292 987 οὐκ
322 935 381 987 ἐν
413 933 492 1005 τῷ
516 934 631 1005 ὄρει
659 933 758 1005 τῆς
783 934 1092 1000 Γαλιλαίας,
1115 937 1250 991 ἀλλά
1281 939 1428 1010 παρά
1453 940 1550 1011 τὴν
1581 940 1779 995 θάλασ-

182 1040 290 1079 σαν
313 1024 418 1094 τῆς
442 1023 733 1089 Γαλιλαίας
765 1025 999 1099 ἱστορεῖ;

255 1116 460 1187 Τρίτον
497 1118 593 1187 μὲν
645 1117 861 1189 ἀληθῶς
889 1119 1045 1175 τοῦτο
1076 1121 1330 1194 σύμφημι
1361 1125 1455 1177 καὶ
1484 1125 1646 1190 αὐτὸς
1684 1126 1774 1182 τδν

180 1206 428 1278 Σωτῆρα
475 1201 655 1277 ὦφθαι
701 1213 816 1272 τοῖς
852 1211 1137 1282 μαθηταῖς,
1174 1215 1235 1267 τὸ
1277 1215 1377 1286 μὲν
1411 1216 1625 1287 πρῶτον
1654 1221 1773 1276 κατ’

177 1300 361 1371 αὐτὴν
392 1300 491 1371 τὴν
515 1301 728 1373 ἡμέραν
753 1302 850 1374 τῆς
881 1304 1250 1370 ἀναστάσεως,
1278 1307 1397 1363 καθ’
1428 1310 1494 1380 ἢν
1522 1312 1711 1383 Μαρία
1739 1314 1772 1383 ἡ

178 1392 526 1464 Μαγδαληνὴ
576 1397 790 1466 πρωῖας
849 1397 1011 1452 αὑτὸν
1069 1397 1281 1470 ἑώρακε
1303 1417 1314 1430 ·
1343 1401 1543 1473 ταύτην
1586 1403 1642 1456 δέ
1675 1406 1772 1476 τὴν

179 1482 418 1555 πρώτην
476 1484 744 1540 ὀπτασίαν
798 1488 892 1541 καὶ
955 1489 1169 1554 Λουκᾶς
1236 1493 1454 1563 ἱστορεῖ.
1489 1493 1771 1567 οΔεύτερον

176 1575 240 1630 δὲ
273 1575 402 1646 μεθ’
427 1577 638 1650 ἡμέρας
657 1578 820 1644 ὀκτὼ,
840 1579 1038 1652 δηλαδὴ
1065 1585 1127 1652 τῇ
1167 1582 1326 1656 ἑτέρᾳ
1357 1586 1630 1657 κυριακῇ,
1650 1587 1768 1640 καθ’

175 1666 247 1738 ἠν
270 1662 435 1730 αὖθις
459 1669 744 1738 ἐπιφανεὶς
765 1671 793 1723 ό
821 1669 1013 1744 Σωτὴρ
1040 1673 1131 1726 τὸν
1161 1673 1363 1746 Θωμᾶν
1387 1676 1488 1746 τῆς
1515 1678 1771 1744 ἀπιστίας

174 1758 506 1830 θεραπεύει,
538 1761 719 1827 δείξας
751 1763 899 1834 αύτῷ
921 1765 1017 1835 τὴν
1044 1765 1280 1838 πλευράν
1313 1768 1406 1820 καὶ
1432 1768 1530 1832 τὰς
1557 1772 1765 1841 χεῖρας.

1025 360 1530 418 δῦΡΡιΕΜΕΝτΑ
1568 360 2045 430 QU£STIONUM
2084 368 2176 422 AD
2217 370 2565 428 MARINUM.

1805 479 1854 536 Δ

3310 385 3446 440 1006

1954 568 2108 626 Dicet
2148 573 2312 629 etiam
2356 574 2588 645 aliquis,
2622 579 2898 648 quomodo
2941 581 3224 641 Mattheus
3267 587 3449 656 proic-

1881 665 2000 716 ctos
2031 661 2279 718 undecim
2311 663 2367 718 in
2398 662 2630 722 Galilaate
2671 676 2909 723 montem
2955 670 3103 726 dicat
3133 675 3333 731 vidisse
3357 672 3450 732 Je-

1883 764 2004 805 sum
2030 791 2045 816 ,
2093 750 2334 808 Joannes
2382 764 2738 828 autem'pust
2786 759 2924 816 duas
2962 761 3104 816 intra
3144 762 3444 821 Jerusalem

1879 843 2248 912 apparitiones
2269 887 2284 910 ,
2317 849 2478 904 tertio
2505 850 2679 904 visunt
2709 864 2831 907 esse
2860 851 3044 908 Jesum
3089 869 3198 910 non
3242 857 3297 910 in
3337 855 3448 910 Ga-

1879 931 2032 988 liltea:
2060 932 2262 1003 monte,
2292 938 2388 994 sed
2417 941 2558 1010 apud
2589 957 2741 998 mare
2765 941 2997 999 Galilm
3023 946 3244 1001 narret?

1948 1113 2133 1170 Tertio
2156 1115 2498 1174 Servatorem
2525 1122 2843 1192 apparuisse
2865 1138 2989 1178 vere
3011 1122 3312 1194 discipulis,
3346 1141 3445 1196 ego

1877 1219 2088 1274 quoque
2120 1205 2453 1274 conﬁtebor;
2503 1210 2699 1279 primo,
2732 1206 2846 1280 ipsa
2877 1214 3296 1269 resurrectionis
3328 1213 3438 1276 dic.

1875 1308 1998 1347 cum
2035 1310 2192 1350 mane.
2222 1297 2371 1349 illum
2397 1295 2562 1350 Maria
2588 1297 2899 1368 Magtlalcne
2930 1301 3082 1357 vidit.
3104 1303 3282 1374 Atque
3300 1304 3441 1358 hanc

1876 1386 2104 1456 primam
2138 1388 2403 1444 visionem
2448 1388 2624 1445 Lucas
2668 1405 2885 1461 quoque
2919 1405 3121 1446 narrat.
3153 1393 3438 1458 Secundo,

1876 1487 1999 1549 post
2025 1479 2139 1535 dies
2173 1488 2318 1539 octo.
2343 1481 2599 1535 nimirum
2636 1483 2806 1536 altera
2849 1482 2937 1538 die
2976 1482 3252 1541 Dominica
3286 1528 3301 1552 ,
3334 1505 3439 1559 qua

1874 1574 2070 1625 iterum
2105 1585 2373 1642 apparens
2427 1571 2682 1628 Servator
2734 1565 3170 1632 incredulitatem
3219 1579 3440 1635 Thomze

1874 1662 2120 1726 sanavit,
2172 1671 2394 1719 ostenso
2443 1665 2493 1719 ei
2527 1665 2695 1719 latere
2734 1681 2798 1720 ac
2832 1667 3102 1722 manibus.
3131 1666 3268 1734 Quia
3313 1685 3443 1725 vero

1869 1758 2010 1827 jussi
2040 1758 2254 1814 fuerant
2282 1761 2337 1816 in
2361 1759 2634 1815 Galilaeam
2664 1761 2824 1815 simul
2849 1746 3145 1832 proﬁcisci,
3177 1763 3441 1819 fecerant-

185 1852 353 1906 Ἐπεὶ
381 1852 437 1906 δέ
469 1854 884 1924 κεκελευσμένοι
905 1851 1044 1927 ἦσαν
1069 1857 1158 1910 ἐπὶ
1313 1836 1598 1914 Γαλιλαίαν
1629 1836 1765 1932 όμοῢ

1869 1865 1976 1920 qne
2005 1851 2257 1922 discipuli
2314 1851 2565 1908 undecim
2618 1853 2934 1907 mandatum
2986 1868 3110 1907 cum
3171 1855 3438 1925 reliquis;

173 1943 456 2016 ἀωντᾷν,
486 1945 753 2016 ἔπραττόν
795 1964 852 2000 τε
883 1946 1019 2017 μετά
1049 1947 1158 2001 τῶν
1178 1947 1381 2003 λοιπῶν
1409 1951 1457 2004 οἱ
1491 1951 1680 2006 ἕνδεκα
1705 1953 1766 2007 τὸ

1867 1942 1995 1998 dum
2041 1945 2240 2015 singuli
2273 1946 2627 2017 colliguntur,
2660 1945 2901 2000 nondum
2930 1947 3182 2001 undecim
3212 1963 3440 2017 congre-

173 2035 496 2100 κελευσθὲν,
527 2038 620 2090 καὶ
650 2038 680 2090 ό
728 2037 913 2102 καθείς
954 2039 1131 2094 αύτῶν
1185 2043 1560 2113 ἐπισυνήγετο,
1599 2045 1766 2115 μήπω

170 2131 290 2184 τῶν
323 2130 520 2183 ἕνδεκα
545 2130 939 2202 ἡθροισμένων,
960 2132 1073 2186 ἀλλ’
1096 2132 1174 2186 ἔτι
1212 2133 1532 2204 μελλόντων,
1561 2138 1621 2190 τὸ
1647 2137 1764 2209 τρί-

167 2240 268 2277 τον
299 2223 454 2292 παρά
486 2223 584 2293 τὴν
618 2222 892 2276 θάλασσαν
922 2225 1019 2295 τῆς
1054 2225 1362 2289 Γαλιλαίας,
1390 2227 1452 2279 ού
1482 2231 1592 2291 τοῖς
1617 2228 1764 2283 ἐνδε-

169 2330 248 2367 κα
301 2312 577 2381 φαίνεται,
613 2311 748 2364 ἀλλὰ
804 2313 984 2382 μόνοις
1037 2315 1176 2368 ἑπτά
1209 2318 1322 2380 τοῖς
1359 2316 1463 2370 ὑπὸ
1515 2318 1759 2373 Ἰωάννου

169 2405 574 2475 δεδηλωμένοις
593 2421 608 2436 ·
633 2399 778 2458 οὗτοι
817 2405 872 2458 δέ
909 2401 1050 2478 ἦσαν
1087 2408 1291 2480 Πέτρος
1318 2411 1410 2463 καὶ
1442 2409 1642 2482 Θωμᾶς
1667 2413 1760 2467 καὶ

172 2497 497 2568 Ναθαναὴλ,
525 2497 616 2549 δύο
645 2514 704 2550 τε
730 2500 777 2550 οἱ
814 2500 919 2552 υἱοὶ
939 2499 1248 2562 Ζεϐεδαίου,
1275 2503 1368 2554 καὶ
1387 2501 1535 2556 ἄλλοι
1561 2505 1625 2556 ἐκ
1652 2504 1759 2556 τῶν

172 2591 441 2662 μαθητῶν
473 2591 637 2645 αύτοῦ
666 2591 784 2646 δύο·
807 2591 964 2646 τοῦτο
989 2592 1052 2664 δὴ
1083 2589 1174 2646 οὖν
1200 2595 1381 2664 τρίτον
1404 2594 1616 2660 τούτοις
1637 2597 1760 2668 ἀλη-

167 2682 283 2749 θῶς
305 2682 486 2752 ὤφθη,
506 2682 656 2737 οὔπω
683 2685 876 2738 ’ἐνδεκα
907 2687 1277 2757 συνηγμένων.
1296 2688 1496 2761 Διόπερ
1517 2690 1758 2761 ἀκριϐῶς

165 2777 273 2832 ούκ
301 2777 608 2832 ἀποκλείων
636 2779 731 2831 καὶ
758 2780 885 2839 τοὺς
917 2779 1136 2843 λοιποὺς
1165 2782 1194 2832 ό
1245 2782 1497 2853 Ἰωάννης
1526 2784 1628 2854 τῆς
1658 2785 1755 2838 τοῦ

163 2869 433 2938 Σωτῆρος
464 2869 746 2934 ὀπτασίας,
790 2871 1194 2942 ἐπεσημήνατο,
1231 2872 1367 2943 μετά
1395 2873 1492 2945 τὴν
1534 2874 1755 2947 πρώτην

163 2960 265 3012 καὶ
303 2959 564 3028 δευτέραν
591 2961 874 3024 ὀπτασίαν,
909 2962 1004 3032 τὴν
1035 2963 1224 3034 τρίτην
1255 2964 1434 3034 μόνοις
1469 2969 1577 3029 τοῖς
1622 2984 1754 3019 κατ-

161 3051 584 3122 ωνομασμένοις
623 3052 954 3122 πεπσιῆσθαι
996 3055 1158 3107 αὑτὸν
1205 3056 1297 3108 ἐπὶ
1333 3057 1430 3127 τῆς
1479 3057 1754 3128 θαλάσσης

163 3144 268 3215 τῆς
304 3143 615 3208 Γαλιλαίας.
651 3145 764 3198 Οὐκ
797 3146 1023 3210 ἀπεικὸς
1054 3147 1110 3199 δὲ
1154 3147 1292 3218 μετὰ
1318 3147 1490 3202 ταῦτα
1534 3152 1626 3203 καὶ
1666 3153 1753 3205 τέ·
1779 3173 1822 3231 c

161 3252 371 3308 ταρτον
397 3236 490 3288 καὶ
520 3236 792 3306 πέμπτον,
823 3238 917 3290 καὶ
949 3237 1134 3291 ἄλλοτε
1169 3241 1263 3292 καὶ
1295 3239 1548 3303 πολλάκις
1575 3236 1752 3310 ὦφθαι

164 3327 373 3382 αὑτόν·
424 3327 504 3380 διὸ
550 3327 669 3381 οὐδὲ
721 3331 1050 3400 περιγράφει
1095 3331 1123 3382 ὁ
1167 3332 1420 3404 Ἰωάννης
1451 3334 1629 3398 πάσας
1656 3337 1752 3390 τοῦ

163 3416 426 3489 Σωτῆρος
451 3418 549 3480 τὰς
575 3417 821 3489 πράξεις’
855 3417 1056 3488 προῖὼν
1082 3420 1136 3473 δὲ
1163 3421 1288 3492 ἑξῆς
1313 3440 1464 3493 φησι,
1486 3425 1593 3477 Καὶ
1618 3425 1752 3480 ἄλλα

161 3509 345 3565 πολλά
374 3510 673 3582 ἐποίησενό
708 3509 912 3582 Ἰησοῦς
931 3528 946 3542 ο
975 3512 1111 3583 μετά
1132 3513 1262 3581 γοῦν
1293 3515 1353 3568 τὺ
1387 3509 1566 3584 ὦφθαι
1591 3519 1751 3573 αὑτὸν

159 3602 330 3657 τοῦτο
373 3603 555 3672 τρίτον
587 3607 695 3667 τοῖς
741 3604 1052 3677 είρημένοις
1084 3606 1243 3669 ἐπτά,
1288 3609 1552 3680 τετάρτην
1582 3611 1750 3664 ὀπτα-

161 3695 294 3750 σίαν
321 3695 422 3748 ούκ
456 3695 522 3748 ἂν
553 3695 817 3767 ἁμάρτοις
851 3696 948 3767 τὴν
980 3697 1128 3769 παρὰ
1159 3698 1235 3768 τῷ
1264 3699 1528 3771 Ματθαίῳ
1572 3703 1752 3772 φήσας

160 3782 329 3846 εἶναι,
360 3788 429 3857 ἢν
458 3789 516 3839 ἐν
543 3786 620 3856 τῷ
642 3788 758 3859 ὄρει
784 3790 895 3852 τοῖς
935 3788 1126 3842 ἕνδεκα
1165 3791 1489 3862 πεποιῆσθαι
1513 3793 1749 3867 ἀνέγρα-

158 3879 255 3948 ψε.
307 3879 420 3933 Καὶ
470 3880 608 3950 μετά
645 3881 866 3946 τούτους
907 3884 1006 3936 ούκ
1045 3881 1111 3936 ἃν
1151 3885 1410 3956 σφαλείης
1442 3887 1577 3957 όμοῦ
1608 3888 1750 3944 κοιτά

159 3972 365 4026 ταυτὸν
399 3973 759 4044 συνηγμένοις
803 3976 916 4046 ἅμα
949 3981 1060 4041 τοῖς
1091 3977 1284 4031 ἕνδεκα
1320 3979 1414 4033 καὶ
1453 3983 1564 4044 τοῖς
1597 3981 1747 4035 ἐϐδο-

164 4065 421 4136 μήκοντα
475 4066 634 4120 αὐτὸν
687 4061 866 4134 ὦφθαι
894 4067 1080 4120 εἰπών.
1117 4068 1175 4121 Ὀ
1212 4068 1269 4122 δὲ
1302 4068 1512 4134 Παῦλος
1541 4073 1636 4125 καὶ
1668 4072 1747 4125 ἔτι

158 4157 374 4211 τούτων
397 4157 638 4210 πλείοσιν
665 4159 937 4230 ἑωρᾶσθαι
967 4159 1056 4213 τὸν
1075 4161 1303 4232 Σωτῆρα
1333 4161 1471 4230 μετὰ
1492 4164 1591 4234 τὴν
1622 4165 1748 4218 ἀνά-

162 4265 357 4303 στασιν
404 4250 625 4319 ἱστορεῖ,
668 4248 825 4302 τοῦτο
859 4252 987 4321 παρ’
1033 4250 1233 4323 ἐτέρων
1267 4251 1482 4321 μαθὼν
1517 4271 1534 4302 ι
1569 4253 1744 4326 Ὠφθη

158 4341 296 4414 γὰρ,
325 4341 482 4412 φησὶ,
507 4341 686 4411 Κεφᾷ,
720 4337 838 4394 εἶτα
870 4344 982 4406 τοῖς
1011 4341 1217 4395 δώδεκα
1248 4341 1379 4412 (75),
1403 4341 1592 4396 ἔπειτα
1616 4361 1744 4398 πεν-

159 4432 459 4496 τακοσίοις,
503 4431 693 4486 ἔπειτα
747 4431 1007 4503 Ἰακώϐῳ,
1050 4433 1240 4486 ἔπειτα
1283 4436 1394 4497 τοῖς
1430 4434 1745 4500 ἀποστόλοις

161 4526 352 4586 πᾶσιν,
375 4523 600 4593 ἔσχατον
625 4522 682 4576 δὲ
715 4522 950 4583 πάντων,
978 4523 1128 4594 φησὶ,
1167 4523 1348 4593 κάμοί.
1379 4542 1396 4573 ι
1428 4523 1589 4595 Ὁρᾷς
1621 4524 1748 4577 ὁσά-
1777 4511 1822 4566 Ῑ)

161 4634 251 4680 κις
281 4616 378 4670 καὶ
422 4615 568 4678 ὅσοις
599 4613 755 4685 ὤφθη
805 4613 940 4685 μετά
969 4615 1066 4686 τὴν
1100 4613 1432 4678 ἀνάστασιν;
1463 4614 1618 4668 Οὕτω
1651 4615 1745 4669 καὶ

157 4711 275 4772 τοῖς
319 4708 379 4761 ἐν
435 4706 791 4778 Ἰερουσαλὴμ
839 4705 1232 4778 κρυπτομένοις
1279 4703 1468 4775 ὦφθηο
1513 4705 1607 4758 καὶ
1639 4705 1745 4776 πρὸ

159 4798 350 4855 αὐτῶν
398 4801 512 4862 τοῖς
556 4797 684 4869 περὶ
729 4796 978 4850 Κλεόπαν
1010 4796 1261 4851 ἀπιοῦσιν
1293 4798 1385 4850 ἐπὶ
1429 4795 1737 4868 Ἐμμαοῦν-

161 4890 260 4943 καὶ
285 4888 396 4962 πρό
420 4905 484 4958 γε
507 4889 742 4950 πάντων,
763 4887 971 4958 ἀνδρῶν
1009 4886 1104 4957 μὲν
1132 4887 1356 4957 Σίμωνι,
1387 4887 1658 4956 γυναικῶν
1683 4886 1741 4942 δὲ

159 4985 228 5054 τῇ
269 4979 627 5052 Μαγδαληνῇ.
661 4979 852 5033 Ἔνθεν
891 4981 920 5034 ό
961 4980 1173 5043 Λουκᾶς
1205 4982 1264 5033 ἐν
1295 4982 1415 5043 ταῖς
1449 4979 1740 5051 Πράξεσιν,

161 5074 290 5130 ἐπεὶ
324 5072 583 5136 πολλάκις
603 5071 792 5125 ἑαυτὸν
822 5071 1028 5126 ἐδείκνυ
1054 5074 1164 5136 τοῖς
1187 5069 1744 5143 μαθηταῖς,ἐπιτηρεί

159 5164 362 5234 λέγων,
380 5164 456 5228 ὡς
478 5163 588 5236 ἄρα
619 5162 686 5216 δι’
711 5161 934 5234 ἡμερῶν
952 5161 1354 5234 τεσσαράκοντα
1374 5161 1739 5231 ὀπτανόμενος
1789 5181 1792 5184 ·

157 5259 346 5321 αὐτοῖς
379 5257 474 5312 καὶ
517 5254 989 5327 συναυλιζόμενος,
1030 5255 1100 5309 τά
1148 5254 1276 5324 περὶ
1313 5252 1412 5324 τῆς
1463 5252 1738 5323 βασιλείας

1863 5254 2043 5311 Iudaeis
2089 5265 2214 5311 ante
2245 5269 2438 5310 omnes
2475 5255 2812 5319 doctrinam;
2846 5269 3023 5323 neque
3058 5253 3193 5308 urbe
3221 5253 3411 5307 absce-

156 5350 254 5404 τοῦ
288 5349 428 5405 Θεοῦ
460 5349 742 5422 παρεδίδου
773 5348 1094 5420 μαθήματα,
1111 5334 1342 5418 παρῄνει
1371 5363 1430 5402 τε
1451 5348 1628 5418 ὁρμᾷν
1658 5349 1738 5411 είς

1863 5347 2051 5412 lerent,
2078 5347 2179 5404 sed
2210 5354 2590 5417 exspectarent
2621 5345 3036 5416 promissionem
3061 5342 3260 5408 Patris,
3286 5360 3307 5396 ι
3344 5343 3410 5397 de

153 5445 256 5517 τήν
291 5442 669 5517 Ἰερουσαλὴμ,
695 5444 855 5500 κάκεῖ
877 5440 1164 5512 κηρύττειν
1207 5439 1474 5503 Ἰουδαίοις
1501 5437 1736 5510 πρώτοις

1863 5453 1945 5510 [ua
1976 5453 2080 5493 nus
2113 5438 2274 5508 paulo
2311 5445 2434 5506 post
2461 5435 2814 5490 disseremus.
2885 5493 2892 5500 ,

153 5540 247 5594 τὸν
290 5539 479 5606 λόγον’
527 5536 662 5608 μηδὲ
708 5534 969 5606 πρότερον
1019 5533 1318 5603 ἀναχωρεῖν
1356 5530 1456 5600 τῆς
1504 5529 1730 5595 πόλεως,
1773 5529 1909 5584 ἀλλὰ
1942 5531 2254 5604 περιμένειν
2291 5527 2389 5598 τὴν
2427 5526 2755 5594 ἐπαγγελίαν
2781 5525 2874 5578 τοῦ
2915 5527 3144 5598 Πατρὸς,
3178 5525 3305 5596 περὶ
3343 5518 3407 5596 ἧς

156 5632 358 5705 μικρὸν
385 5631 610 5704 ὕστερον
640 5624 1010 5698 διαληψόμεθα
1040 5625 1167 5695 (74).

233 5725 280 5756 ⁸³
320 5722 339 5776 l
375 5724 507 5778 Cor.
544 5738 635 5785 av,
666 5719 782 5774 5-8.

227 5818 342 5887 ne)
379 5817 518 5873 Cod.
552 5817 619 5874 A.
654 5813 694 5868 ι.
725 5812 848 5867 517.

223 5889 338 5961 (75)
380 5891 458 5943 Ita
491 5889 614 5942 cod.

1865 2037 2028 2106 satis,
2066 2038 2159 2092 sed
2219 2038 2398 2094 adhuc
2449 2039 2817 2109 exspectatis,
2876 2039 3039 2094 tertio
3090 2037 3248 2095 Jesns
3297 2041 3438 2111 apud

1865 2143 2018 2183 mare
2046 2127 2298 2190 Galilaete,
2330 2130 2476 2184 haud
2525 2133 2742 2187 cunctis
2789 2130 3036 2185 undecim
3065 2171 3080 2196 ,
3119 2132 3211 2186 sed
3245 2131 3312 2187 iis
3351 2147 3437 2186 se-

1864 2227 2008 2290 ptem
2041 2222 2419 2276 tantummodo
2449 2223 2702 2292 apparuit
2741 2238 2880 2293 quos
2925 2221 3165 2278 Joannes
3200 2239 3436 2280 commc-

1863 2321 2040 2365 morat
2063 2330 2075 2366 :
2097 2312 2258 2378 hique
2286 2322 2442 2367 erant
2473 2312 2669 2369 Petrus
2701 2329 2762 2368 ac
2792 2313 3051 2379 Thomas,
3077 2322 3131 2369 et
3159 2312 3434 2368 Nathana-

1861 2404 1910 2458 el
1932 2444 1948 2469 ,
2001 2413 2054 2460 ct
2086 2405 2180 2459 lilii
2207 2406 2314 2459 duo
2351 2404 2617 2470 Zebedmi,
2652 2406 2851 2476 aliique
2882 2416 3142 2476 praeterea
3182 2407 3434 2478 discipuli

1861 2494 1991 2551 duo.
2039 2495 2224 2552 Tertio
2265 2498 2450 2567 itaque
2487 2497 2574 2554 his
2619 2512 2807 2552 revera
2855 2498 3144 2568 apparuit,
3190 2498 3430 2552 nomium

1863 2588 2115 2643 undecim
2169 2591 2533 2660 congregatis.
2600 2589 2942 2661 Quapmpter
3002 2589 3148 2644 haud
3213 2592 3434 2645 omnino

1859 2682 2154 2736 cxcludens
2196 2682 2436 2752 reliquos
2481 2698 2512 2735 a
2562 2681 2865 2738 Servatoris
2898 2684 3108 2739 visione
3155 2681 3431 2743 Joannes.

1858 2783 1979 2844 post
2012 2776 2242 2844 primam
2287 2776 2622 2845 alteramque
2674 2775 2962 2839 visionem,
2997 2776 3213 2831 tertiam
3265 2775 3434 2829 adno-

1858 2866 1991 2920 tavit
2050 2867 2325 2936 pr-cedictis
2381 2867 2758 2922 tantummodo
2805 2869 3043 2922 oblatam
3073 2869 3231 2935 juxta
3284 2883 3434 2921 mare

1857 2956 2109 3014 Galilazae.
2132 2957 2387 3029 Nihilque
2410 2959 2591 3013 obstat
2613 2959 2906 3028 quominus
2936 2960 3213 3029 posthinc,
3240 2967 3434 3028 quatto

1855 3050 2016 3104 etiam
2039 3057 2093 3104 et
2113 3051 2324 3119 quinto,
2360 3058 2414 3106 ct
2446 3051 2646 3120 smpius
2690 3059 2860 3106 semet
2889 3051 3242 3120 spectandum
3267 3051 3431 3104 dede-

1857 3141 1927 3195 rit
1951 3161 1963 3195 :
1991 3141 2222 3212 ideoque
2249 3141 2488 3197 Joannes
2513 3143 2663 3196 nullo
2692 3144 2925 3198 termino
2943 3141 3253 3197 Servatoris
3277 3151 3431 3197 actus

1857 3233 2258 3290 circumscribit
2289 3253 2301 3288 :
2334 3236 2442 3290 imo
2487 3251 2718 3306 pergens
2765 3251 2927 3306 porro
2957 3236 3032 3289 ait
3080 3235 3184 3288 alia
3216 3249 3431 3305 quoque

1855 3331 2021 3385 multa
2043 3329 2226 3386 Jesum
2265 3331 2481 3387 fecisse.
2515 3331 2647 3387 Post
2676 3333 2815 3386 hanc
2854 3347 2983 3401 ergo
3036 3331 3312 3403 przedictis
3341 3346 3428 3386 sc-

1854 3431 1998 3494 ptem
2038 3424 2321 3494 discipulis
2343 3425 2557 3479 tertiam
2588 3425 3007 3493 apparitionem,
3043 3424 3189 3477 haud
3225 3439 3255 3478 a
3286 3424 3427 3479 veri-

1853 3524 1962 3571 tate
1987 3517 2212 3572 abludes
2240 3517 2287 3571 si
2318 3527 2566 3585 quartam
2611 3517 2762 3571 dicas
2804 3517 2948 3570 illam
2979 3531 3141 3584 quam
3170 3514 3421 3570 undecim

1853 3608 1908 3662 in
1959 3618 2142 3664 monte
2196 3609 2476 3678 praebitam
2525 3605 2809 3664 Matthazus
2864 3608 3126 3677 scriptum
3182 3607 3421 3678 reliquit.

1851 3698 1982 3755 Post
2007 3700 2107 3756 hos
2129 3716 2277 3763 vero,
2295 3701 2501 3770 absque
2515 3715 2700 3757 errore
2721 3698 3013 3754 aliirmabis
3036 3713 3065 3752 a
3081 3699 3293 3753 cunctis
3315 3714 3419 3751 una

1850 3790 2217 3861 congregatis,
2250 3790 2499 3846 undecim
2528 3790 2778 3844 videlicet
2815 3796 2870 3844 ct
2901 3789 3024 3844 aliis
3083 3789 3420 3858 septuaginta

1848 3880 2034 3936 Jesnm
2063 3881 2231 3938 fuisse
2261 3889 2633 3952 conspectum.
2665 3881 2779 3936 imo
2807 3878 3008 3934 Paulus
3044 3894 3072 3933 a
3108 3879 3278 3933 multo
3302 3879 3421 3949 pltt~

1848 3973 2004 4029 ribus
2033 3973 2208 4028 visum
2243 3971 2587 4029 Servaturem
2645 3979 2770 4045 post
2803 3969 3260 4028 resurrectionem
3293 3984 3418 4022 nar-

1848 4074 1968 4130 rat,
2018 4083 2180 4138 quam
2209 4083 2320 4121 rem
2368 4068 2438 4120 ab
2471 4067 2593 4122 aliis
2632 4065 2822 4121 auditu
2853 4070 3156 4135 acceperat.
3197 4080 3218 4112 ι
3256 4059 3420 4115 Visus

1845 4168 1950 4221 est,
1983 4160 2182 4230 inquit,
2212 4159 2428 4229 Cephae,
2459 4159 2656 4215 deinde
2686 4157 2996 4218 duodecim,
3029 4163 3216 4226 postea
3265 4157 3420 4226 quin-

1847 4250 2045 4320 gentis,
2079 4259 2194 4304 tum
2223 4249 2449 4316 Jacobo,
2480 4252 2605 4306 exin
2651 4250 2912 4316 apostolis
2941 4250 3187 4309 cunctis,
3242 4249 3422 4301 novis-

1849 4339 1985 4394 sime
2028 4349 2205 4395 autem
2259 4342 2501 4395 omnium
2537 4340 2701 4394 etiam
2737 4338 2868 4392 mihi
2898 4338 2966 4392 ⁸³.
3008 4357 3026 4390 ι
3065 4337 3259 4405 Viden,
3287 4347 3420 4408 quot

1849 4430 2157 4487 hominibus
2191 4442 2247 4487 et
2276 4434 2488 4503 quoties
2515 4439 2638 4502 post
2669 4431 3124 4486 resurrectionem
3154 4444 3419 4500 apparue-

1851 4523 1960 4577 rit?
1991 4522 2083 4579 Sic
2114 4524 2278 4578 ctiam
2310 4525 2603 4580 latentibus
2632 4523 2776 4578 intra
2813 4519 3113 4577 Jerusalem
3139 4523 3416 4592 apparuit;

1850 4625 1904 4671 et
1926 4622 2053 4670 ante
2089 4614 2190 4670 hos
2211 4616 2426 4686 Cleopaa
2456 4615 2715 4683 socioque
2737 4614 3110 4670 Emmauntem
3139 4613 3416 4678 euntibus;

1849 4717 1902 4763 et
1930 4707 2105 4778 primo
2128 4707 2366 4762 virorum
2389 4707 2605 4777 quidem
2629 4704 2858 4768 Simoni,
2878 4703 3202 4761 feminarum
3234 4712 3412 4759 autem

1849 4800 2196 4872 Magdalcnaz.
2221 4798 2358 4856 Hinc
2386 4798 2564 4854 Lucas
2589 4799 2644 4852 in
2684 4796 2934 4859 Actibus,
2985 4795 3241 4865 quoniam
3275 4808 3418 4864 sape

1847 4887 2008 4946 Jesus
2049 4905 2107 4945 se
2139 4889 2426 4959 discipulis
2453 4885 2920 4948 manifestaverat,
2947 4883 3288 4943 considerate
3330 4881 3415 4936 di.

1848 4983 1964 5036 cit:
2000 5000 2019 5030 ι
2057 4981 2160 5037 Pcr
2209 4982 2327 5037 dies
2375 4980 2730 5051 quadraginta
2782 4993 3053 5050 apparens
3114 4977 3196 5032 eis
3253 4990 3414 5048 atque

1846 5090 2198 5135 conversaris.
2231 5076 2379 5147 regni
2422 5073 2515 5129 Dei
2573 5071 2914 5142 disciplinam
2951 5069 3237 5132 tradebat;
3293 5081 3415 5122 mo-

1845 5166 2072 5234 nuitque
2097 5175 2157 5220 ut
2183 5164 2486 5220 Jerusalem
2510 5171 2813 5234 pergerent,
2844 5162 3027 5232 ibique
3054 5159 3414 5233 praedicarent

1907 5801 2019 5873 (74)
2056 5784 2526 5873 Nempe-inferius
2557 5813 2614 5854 n.
2655 5799 2711 5865 9,
2755 5799 2845 5864 lt),
2892 5797 2984 5854 ubi
3035 5793 3238 5854 Christi
3287 5807 3408 5851 sce-

1835 5872 2028 5928 mdnes
2058 5879 2113 5926 et
2139 5872 2279 5925 dona
2310 5878 2434 5925 ante
2464 5873 2854 5927 ascensionem.
