3954 6516
171 478 340 536 1009
1096 483 1596 539 SUPPLEMENTA
1631 482 2107 550 QUASSTIONUM
2142 480 2234 536 AD
2271 479 2611 538 MARINUM.
3318 484 3455 542 1010

555 621 644 678 ΠΙ.
680 622 760 679 Ea:
787 623 1002 678 Possiui
1031 624 1234 681 Catena
1263 626 1316 680 in
1349 625 1616 694 Marcum,
1643 645 1695 698 p.
1720 628 1845 694 545,
1866 627 1954 681 ubi
1974 628 2037 682 de
2066 628 2317 698 Cyrenae
2348 641 2552 679 crucem
2575 623 2789 678 Domini
2812 622 3098 695 bajulante.

243 768 333 832 γ’.
375 760 450 816 Οὐ
484 761 593 833 γάρ
623 757 690 831 ἦν
722 761 870 825 ἄξιός
902 779 985 825 τις
1013 763 1068 814 ἐν
1090 765 1156 833 τῇ
1191 763 1343 816 πόλει
1385 763 1670 828 Ἰουδαίων,
1703 764 1757 816 ὣς

1953 766 2006 820 3.
2031 754 2215 833 Neque
2241 767 2382 818 enim
2413 761 2724 816 Iudaeorum
2759 763 3046 832 quisquam
3101 763 3154 816 in
3211 763 3343 818 urbe
3369 765 3454 820 di-

163 871 359 925 φησιν
384 851 642 914 Εὐσέϐιος
677 851 953 922 κεφαλαίῳ
982 858 1047 920 ιγ’
1081 852 1191 922 (78)
1215 854 1368 920 Πρὸς
1393 853 1678 920 Μαρῖνον,
1707 855 1757 906 τὶ

1871 872 2008 926 gnus
2032 865 2166 919 erat,
2201 862 2258 907 ut
2291 854 2366 908 ait
2414 853 2681 908 Eusebius
2715 857 2892 925 capite
2946 855 3011 908 15
3042 853 3109 907 ad
3149 853 3444 922 Marinum,

166 948 341 1000 κατὰ
367 945 462 1000 τοῦ
487 945 730 998 διαϐόλου
765 946 1154 1018 τρόπαιον,τὸν
1191 947 1422 1016 σταυρὸν
1463 948 1757 1018 βαστάσαιί

1871 950 1963 1018 qui
1995 948 2295 1017 troplimum
2354 947 2419 1001 de
2468 947 2701 1018 diabolo,
2735 962 2952 1000 crucem
3005 947 3231 1011 scilicet,
3267 948 3448 1004 ferret.

158 1039 297 1090 ἀλλ’
337 1042 365 1092 6
403 1038 464 1106 ἐξ
511 1039 705 1110 ἀγροῦ,
745 1039 803 1102 ὃς
847 1039 1010 1110 μηδὲν
1040 1039 1495 1111 ἐπικεκοινὼνηκε
1528 1045 1593 1112 τῇ
1632 1041 1757 1094 κατὲ

1875 1041 2055 1108 Quare
2077 1040 2322 1093 delectus
2356 1039 2443 1092 ille
2481 1047 2564 1092 est
2597 1039 2688 1109 qui
2717 1055 2783 1092 ex
2813 1054 2941 1109 agro
2977 1040 3245 1108 veniebat,
3274 1057 3450 1112 neque

159 1131 425 1202 Χριστοῦ
463 1131 746 1202 μιαιφονίᾳ
778 1130 913 1200 (79).

1879 1131 1991 1185 ullo
2022 1130 2182 1186 modo
2219 1130 2275 1183 in
2305 1128 2510 1183 Christi
2541 1144 2728 1184 necem
2755 1130 3189 1200 conspiraverat.

1080 1267 1166 1323 iV.
1205 1269 1285 1323 Ea:
1319 1269 1560 1326 Corderii
1591 1271 1792 1326 Catena
1821 1270 1877 1325 in
1901 1267 2188 1333 Joannem,
2218 1283 2338 1339 pag.
2363 1266 2488 1322 436.

239 1405 315 1458 δ’.
359 1405 621 1469 Εὐσέϐιος
649 1407 678 1458 6
722 1406 1052 1476 Καισαρεὺς,
1102 1409 1130 1460 6
1173 1407 1460 1476 Παμφίλου
1506 1424 1776 1478 προσαγο-

166 1496 502 1567 ρευόμενος,
529 1499 586 1550 ἐν
613 1496 741 1562 ταῖς
758 1497 908 1565 πρὸς
931 1497 1195 1565 Μαρῖνον
1211 1499 1302 1550 ἐπὶ
1325 1498 1419 1550 τοῦ
1452 1498 1562 1568 (80)
1592 1500 1776 1568 Σωτη-

163 1590 299 1654 ρίου
338 1586 453 1656 (81)
486 1586 689 1649 πάθους
710 1587 803 1640 καὶ
831 1587 930 1657 τῆς
964 1587 1311 1652 ἀναστάσεως
1345 1588 1648 1656 Ζητήσεσι
1680 1592 1774 1644 καὶ

161 1677 486 1743 ἐπιλύσεσι,
514 1680 605 1732 καὶ
643 1678 813 1732 ταῦτα
842 1679 1150 1751 προῦθηκεν
1176 1683 1254 1745 εἰς
1294 1681 1558 1746 ἐξέτασιν,
1582 1682 1642 1735 τὸ
1682 1683 1757 1738 τοι

1877 1682 2083 1737 scilicet
2107 1681 2435 1751 evangelista
2453 1678 2666 1734 Marcus
2697 1679 2793 1740 ait,
2822 1678 2954 1732 hora
2982 1676 3139 1729 tertia
3167 1673 3444 1728 Christum

165 1769 280 1840 μὲν
333 1769 479 1825 θεῖον
526 1772 918 1843 εὐαγγελιστὴν
967 1773 1193 1844 Μάρκον
1246 1776 1420 1828 εἰπεῖν
1451 1773 1598 1846 ὤραν
1632 1771 1757 1829 εἶναε

1875 1775 2046 1831 Deum
2071 1790 2133 1830 ac
2163 1777 2509 1830 Servatorem
2545 1773 2692 1828 cruci
2722 1772 2891 1827 fuisse
2921 1768 3204 1835 suliixum;
3238 1767 3447 1822 theolo-

156 1863 372 1935 τρίτην
397 1863 520 1917 καθ’
551 1864 618 1934 ῆν
639 1863 958 1936 ἐσταυρώθη
986 1867 1218 1937 Χριστὸς
1244 1867 1272 1918 6
1301 1866 1432 1930 Θεὸς
1461 1869 1553 1920 καὶ
1581 1866 1757 1939 Σωτὴρ

1872 1883 1974 1939 {us
2003 1875 2180 1922 autem
2212 1883 2459 1922 summus
2487 1864 2724 1920 Joannes
2751 1864 2882 1918 hora
2914 1867 3066 1918 sexta
3099 1861 3174 1913 ait
3212 1859 3446 1913 Pilatum

1947 1411 2002 1465 4.
2034 1409 2301 1466 Eusebius
2320 1409 2694 1470 Caesariensis,
2715 1409 2806 1479 qui
2832 1407 3095 1478 Pamphili
3126 1405 3444 1476 appellatur,

1887 1500 1941 1554 in
1977 1499 2370 1564 Quaestionibus
2392 1497 2459 1550 ad
2478 1496 2749 1550 Marinum
2768 1495 2834 1550 de
2859 1494 3164 1550 Servatoris
3193 1492 3449 1563 passione

1878 1605 1940 1644 ac
1970 1589 2395 1651 resurrectione,
2425 1589 2526 1643 hoc
2559 1603 2774 1658 quoque
2815 1582 3252 1657 expendit,quod
3285 1582 3446 1636 divus

159 1955 374 2026 ἡμῶν·
432 1956 525 2008 τὸν
574 1955 630 2008 δέ
680 1954 1131 2023 θεολογικώτατον
1173 1957 1424 2028 Ἰωάννην
1476 1957 1617 2011 κατὰ
1669 1958 1770 2028 τὴν

158 2049 345 2118 ’ἑκ-την
374 2048 526 2119 ὥραν
561 2047 674 2119 (8'2)
703 2049 908 2119 γράψαι
951 2049 1388 2119 προκαθεσθῆναι
1420 2051 1512 2102 τὸν
1537 2050 1766 2107 Πιλάτον

1873 1961 2082 2015 sedisse
2111 1975 2209 2030 pro
2251 1959 2509 2013 tribunali
2558 1958 2612 2012 in
2647 1958 2767 2011 loco
2829 1955 2922 2025 qui
2977 1951 3351 2023 appellabatur
3378 1949 3448 2006 li-

1870 2055 2171 2109 thostrotos
2193 2053 2260 2106 ad
2290 2051 2573 2108 dicendam
2602 2051 2862 2104 adversus
2882 2045 3066 2102 Jesum
3097 2045 3445 2104 sententiam.

159 2141 265 2192 ἐπὶ
295 2138 397 2193 τοῦ
432 2140 674 2212 βήματος
709 2143 765 2194 ἐν
809 2140 886 2211 τῷ
914 2140 1258 2213 λιθοστρώτῳ
1296 2143 1376 2212 τῷ
1421 2142 1757 2214 καλουμένῳ,

1871 2146 2036 2202 Porro
2081 2145 2349 2200 Eusebius
2391 2143 2688 2206 contendit,
2726 2141 3078 2195 amanuensis
3109 2139 3162 2194 id
3199 2153 3321 2194 esse
3358 2152 3448 2192 er-

158 2233 261 2287 καὶ
287 2233 606 2304 ἀνακρίνειν
639 2233 729 2286 τὸν
775 2232 980 2305 Ἰησοῦν
1000 2251 1012 2263 ο
1043 2232 1135 2288 καί
1166 2251 1298 2304 φησι
1327 2235 1596 2306 γραφικὸν
1624 2232 1762 2288 εἶναι

156 2324 332 2380 τοῦτο
374 2327 617 2396 σφάλμα,
656 2325 966 2397 παροραθέν
999 2326 1150 2398 παρὰ
1177 2327 1286 2380 τῶν
1325 2327 1382 2393 ἐξ
1427 2327 1598 2398 ἀρχῆς
1629 2329 1763 2380 ἀπο-

157 2415 543 2490 γραψαμένων
571 2415 640 2468 τά
668 2417 990 2486 Εὑαγγέλια·
1017 2417 1110 2470 τοῦ
1140 2417 1238 2488 μὲν
1260 2419 1367 2489 γὰρ
1392 2418 1590 2488 γάμμα
1615 2435 1760 2471 στοι-

157 2508 317 2580 χείου
350 2508 451 2580 τὴν
475 2507 667 2580 τρίτην
693 2506 845 2579 ὤραν
877 2509 1252 2579 σημαίνοντος,
1281 2509 1373 2562 τοῦ
1401 2509 1457 2561 δὲ
1488 2511 1760 2580 ἐπισήμου

153 2600 262 2672 τὴν
304 2601 495 2672 ἕκτην,
528 2601 622 2655 καὶ
671 2600 870 2671 πολλὴν
909 2600 1204 2671 ἐμφέρειαν
1239 2602 1468 2670 ἐχόντων
1505 2600 1641 2669 πρὸς
1674 2601 1762 2654 ἁλ-

154 2693 364 2764 λὴλους
405 2691 609 2746 τούτων
659 2691 764 2744 τῶν
811 2694 1210 2764 χαρακτήρων,
1269 2691 1410 2744 κατά
1451 2691 1657 2761 πλάνην
1702 2692 1761 2745 τὸ

156 2785 370 2854 γάμμα
402 2786 661 2854 στοιχεῖον
687 2783 747 2836 τὸ
781 2784 878 2854 τῆς
904 2783 1095 2854 τρίτης
1121 2783 1269 2854 ὥρας
1298 2783 1612 2853 δηλωτικὸν,
1633 2801 1763 2856 κυρ-

156 2876 440 2946 τωθείσης
469 2878 566 2947 τῆς
599 2877 1056 2948 ἀποτεταμμένης
1096 2878 1175 2939 είς
1220 2877 1392 2946 μῆκος
1417 2875 1652 2941 εὐθείας,
1683 2878 1761 2939 είς

156 2967 262 3039 τὴν
296 2966 395 3020 τοῦ
421 2967 698 3038 ἐπισήμου
746 2965 1133 3038 μεταχωρῆσαι
1179 2965 1472 3036 σημασίαν,
1517 2965 1612 3018 τοῦ
1659 2966 1760 3035 τῆς

155 3060 334 3131 ἕκτης
355 3059 508 3130 ὧρας
526 3059 824 3129 δηλωτικοῦ
845 3076 858 3088 ο
888 3057 995 3110 τῶν
1018 3059 1125 3131 γάρ
1147 3059 1312 3130 τριῶν
1336 3057 1757 3126 ετῦαγγελιστιῦν,

159 3153 257 3206 τοῦ
295 3169 354 3205 τε
385 3151 669 3206 Ματθαίου
703 3151 796 3205 καὶ
827 3152 1075 3224 Μάρκου,
1097 3152 1188 3204 καὶ
1217 3150 1310 3203 τοῦ
1335 3151 1518 3203 Λουκῖι
1543 3147 1762 3220 συμφώ-

158 3264 272 3309 νως
299 3246 589 3314 λεγόντων,
607 3245 680 3308 ὼς
702 3245 810 3299 ἀπὸ
833 3244 1000 3316 ἕκτης
1029 3245 1176 3317 ὥρας
1208 3246 1397 3310 σκότος
1427 3245 1640 3314 ἐγένετο
1662 3246 1728 3314 ἐφ
1746 3244 1759 3263 ’

161 3339 298 3409 ὅλην
330 3339 433 3408 τὴν
482 3338 587 3408 γῆν
619 3338 724 3402 ἕως
757 3339 906 3410 ὥρας
939 3339 1133 3408 ἐνάτης
1179 3340 1312 3409 (83),
1350 3338 1612 3410 πρόδηλον
1637 3339 1711 3402 ὡς
1731 3340 1758 3390 ὁ

159 3431 374 3504 Κίριος
419 3431 512 3483 καὶ
557 3430 689 3494 Θεὸς
731 3430 935 3501 Ἰησοῦς
966 3431 1072 3502 πρὸ
1107 3431 1204 3501 τῆς
1246 3431 1409 3501 ἕκτης
1434 3430 1582 3502 ὧρας
1623 3429 1754 3502 (84),

161 3523 272 3595 πρὸ
301 3522 399 3576 τοῦ
425 3521 676 3592 γενέσθαι
720 3522 780 3574 τὸ
814 3522 1023 3588 σκότος,
1057 3523 1386 3594 ἐσταύρωτο,
1423 3522 1623 3592 δηλαδὴ
1653 3540 1756 3576 κα-

161 3619 232 3668 τὰ
256 3613 362 3686 τὴν
395 3613 583 3686 τρίτην
605 3613 774 3684 ὤραν,
807 3614 881 3678 ὡς
905 3615 933 3667 ὁ
961 3615 1186 3686 Μάρκος
1222 3614 1473 3684 ἱστόρησε
1493 3631 1505 3643 ·
1540 3614 1634 3667 καὶ
1663 3613 1755 3666 τοῦ

174 3706 428 3760 Ἰωάννου
475 3706 566 3761 τὸν
618 3707 804 3776 ὅμοιον
849 3706 1049 3777 τῷπον
1090 3707 1188 3778 τὴν
1229 3706 1376 3778 ὥραν
1405 3706 1594 3777 τρίτην
1619 3701 1758 3757 εἶναι

165 3800 680 3870 ἐπισημηναμένου,
713 3800 806 3854 καὶ
833 3798 941 3851 τῶν
971 3798 1446 3871 ἀπογραψαμένων
1474 3798 1533 3852 τὸ
1559 3797 1757 3868 γάμμα

166 3890 514 3959 μεταθέντων
540 3892 619 3955 είς
648 3892 709 3943 τὸ
741 3889 1036 3962 ἐπίσημον.

1863 2245 2063 2304 ratum,
2089 2235 2235 2308 quod
2262 2236 2299 2290 ii
2351 2235 2444 2300 qui
2491 2234 2762 2306 principio
2819 2231 3109 2302 Evangelia
3139 2231 3445 2298 exscripse-

1863 2338 1992 2384 runt
2023 2328 2168 2383 haud
2199 2329 2493 2384 senserint.
2523 2326 2659 2380 Nam
2689 2343 2817 2381 cum
2845 2326 3023 2378 littera
3084 2337 3297 2394 gamma
3357 2321 3440 2393 (Γ)

1864 2424 2076 2477 tertiam
2096 2421 2368 2493 significet
2403 2421 2631 2486 horam;
2660 2419 2942 2488 episemon
2972 2415 3072 2487 (ς)
3104 2422 3286 2470 autem
3317 2427 3441 2468 sea:-

1865 2523 2018 2582 tam;
2073 2530 2308 2584 cumque
2370 2513 2423 2566 hi
2456 2513 2801 2566 characteres
2855 2509 3178 2579 permultam
3208 2507 3442 2562 habeant

1864 2609 2005 2662 inter
2035 2623 2094 2662 se
2124 2606 2566 2672 similitudinem,
2591 2604 2847 2660 mendose
2863 2584 3188 2658 elementum
3202 2615 3440 2671 gamma,

1862 2712 1971 2768 quo
2001 2697 2412 2753 demonstratur
2433 2696 2564 2750 hora
2587 2696 2748 2751 tertia
2800 2696 3068 2767 (curvata,
3099 2706 3220 2762 qua:
3264 2689 3441 2760 porri-

1863 2791 2091 2859 gebatur
2132 2791 2184 2844 in
2227 2798 2533 2852 extensum,
2585 2787 2777 2859 recta,)
2814 2787 2880 2840 ad
2931 2785 3157 2856 episemi
3211 2783 3440 2855 ﬁguram

1863 2883 2144 2937 redactum
2175 2881 2308 2948 fuit,
2333 2881 2477 2951 quod
2534 2889 2740 2935 sextam
2797 2879 3003 2933 indicat
3031 2878 3246 2933 horam.
3296 2873 3442 2930 Sane

1861 2990 2027 3044 quum
2073 2975 2417 3044 evangelistae
2471 2981 2604 3034 tres,
2667 2971 2974 3034 Mattltzeus,
3018 2969 3236 3024 Marcus
3276 2974 3440 3036 atque

1862 3065 2039 3120 Lucas
2067 3064 2408 3119 concorditer
2432 3062 2718 3126 allirment,
2752 3051 2822 3117 ab
2849 3061 2981 3114 hora
3008 3067 3164 3114 sexta
3188 3059 3441 3114 tenebras

1863 3157 2034 3213 factas
2055 3172 2176 3212 esse
2202 3156 2258 3210 in
2294 3157 2550 3210 universa
2580 3163 2724 3210 terra
2777 3169 2950 3223 usque
2986 3153 3053 3206 ad
3076 3166 3308 3219 nonam,
3339 3166 3434 3220 pa-

1859 3260 1935 3307 tet
1957 3253 2199 3313 omnino,
2234 3249 2519 3304 Dominum
2563 3262 2627 3301 ac
2667 3247 2834 3300 Deum
2873 3244 3057 3300 Jesum
3095 3251 3219 3299 ante
3248 3243 3438 3299 horam

1861 3353 2102 3409 sextam,
2135 3343 2451 3412 priusquam
2486 3340 2695 3394 scilicet
2727 3337 2917 3392 tierent
2949 3337 3205 3402 tenebrae,
3232 3335 3286 3388 in
3313 3350 3440 3389 cru-

1861 3451 1977 3492 cem
2003 3452 2126 3492 essc
2146 3437 2442 3500 sublatum,
2469 3448 2661 3502 nempe
2688 3432 2834 3485 circa
2877 3431 3068 3484 horam
3103 3431 3342 3493 tertiam,
3378 3437 3437 3484 ut

1859 3529 2075 3584 Marcus
2094 3534 2298 3582 narrat.
2319 3525 2498 3592 Quare
2518 3534 2572 3578 et
2590 3522 2828 3578 Joannes
2843 3537 2996 3592 aeque
3017 3522 3228 3577 tertiam
3244 3521 3434 3575 horam

1862 3620 2136 3693 prodidit;
2165 3633 2476 3689 quanquam
2520 3625 2707 3686 postea
2738 3628 3101 3670 amanuenses
3136 3626 3348 3684 gamma
3375 3611 3436 3667 in

1863 3713 2142 3784 episemon
2157 3717 2436 3766 commuta
2446 3716 2657 3766 verunt.

1165 4028 1231 4086 ν.
1262 4029 1346 4084 Ea:
1372 4030 1583 4087 Possim”
1602 4031 1807 4087 Catena
1844 4029 1899 4084 in
1926 4027 2195 4096 Marcum,
2220 4042 2273 4098 p.
2308 4025 2431 4082 364.

231 4175 295 4223 ε’.
334 4169 542 4240 Ἐφάνη
585 4169 801 4240 πρῶτον
842 4169 1030 4243 Μαρίᾳ
1055 4173 1120 4242 τῇ
1152 4171 1512 4243 Μαγδαληνῇ·
1545 4171 1749 4241 ταύτην

161 4259 426 4323 Εὒσέϐιος
448 4262 505 4313 ἐν
538 4263 649 4322 τοῖς
674 4260 829 4328 Πρὸς
852 4261 1114 4330 Μαρῖνον
1142 4261 1334 4333 ἑτέραν
1354 4262 1502 4330 λέγει
1535 4263 1750 4333 Μαρίαν

160 4354 315 4426 παρὰ
348 4352 448 4424 τὴν
483 4353 828 4424 θεασαμένην
853 4355 943 4407 τὸν
976 4355 1288 4409 νεανίσκων
1322 4355 1354 4426 ἢ
1392 4355 1485 4408 καὶ
1508 4354 1750 4425 ἀμφότε-

161 4463 253 4515 ραι
282 4448 348 4498 ἐκ
376 4445 475 4514 τῆς
502 4445 862 4516 Μαγδαληνῆς
888 4441 1047 4518 ἦσαν.

234 4626 348 4695 (78)
389 4625 674 4680 Notandus
698 4637 780 4681 est
806 4627 1097 4697 vigilanter
1124 4628 1314 4682 lectori
1345 4629 1434 4682 hic
1467 4643 1748 4692 numerus,
1783 4633 1827 4686 D

161 4712 268 4764 quo
289 4698 558 4756 docemur
578 4698 980 4768 quodammodo
1012 4699 1140 4766 (nisi
1161 4708 1244 4752 est
1271 4700 1524 4754 mendum
1557 4699 1750 4768 κεφαλ.

165 4773 229 4838 if
259 4784 360 4837 pro
389 4767 722 4838 Καισαρεύς)
753 4776 954 4836 quanta
993 4785 1120 4837 pars
1152 4770 1334 4837 operis
1366 4767 1654 4826 Euschiani
1680 4769 1748 4823 ad

162 4835 441 4891 Marinum
475 4835 634 4893 nobis
668 4835 810 4892 desit
839 4849 964 4894 ante
985 4835 1104 4893 illas
1137 4835 1441 4908 pestremas
1472 4841 1537 4894 de
1567 4857 1750 4895 resur—

164 4910 411 4978 rectione
435 4909 788 4978 quaestiones.
832 4909 994 4965 Certe
1043 4909 1342 4964 Eusebium
1378 4913 1481 4965 hoc
1513 4911 1652 4964 libro
1680 4911 1748 4963 ad

163 4976 812 5059 liarinumcomplexum
856 4979 1024 5040 fuisse
1057 4981 1390 5059 quaestiones
1426 4997 1533 5036 non
1569 4982 1746 5059 solum

163 5052 310 5103 circa
360 5051 844 5116 resurrectionem,
891 5066 1081 5106 verum
1128 5052 1292 5106 etiam
1341 5055 1488 5108 circa
1541 5053 1750 5121 passio-

163 5137 310 5184 nem,
343 5122 631 5190 perspicue
658 5123 1045 5190 cognoscimus
1073 5137 1139 5176 ex
1170 5133 1433 5192 sequente
1459 5123 1749 5178 Corderia-

163 5207 244 5265 ne
269 5192 492 5265 Catenae
522 5193 662 5246 loco.
695 5192 809 5265 Nisi
836 5191 974 5246 forte
1000 5191 1271 5263 StISpicari
1299 5197 1496 5265 placet,
1531 5193 1746 5250 Eusebii

163 5263 308 5317 istud
336 5264 404 5318 de
427 5261 689 5334 Cyrenaeo
718 5262 924 5318 dictum
952 5261 1128 5318 obiter
1150 5261 1331 5334 potins
1357 5265 1665 5321 occurrisse
1693 5266 1747 5320 in

165 5343 439 5406 postrema
472 5335 666 5403 quavis
693 5334 1016 5406 quiestionc.
1051 5334 1237 5405 Neque
1276 5353 1408 5390 sane
1448 5336 1748 5406 intelligere

164 5405 290 5459 licet
321 5419 386 5457 eo
418 5419 649 5476 numero
693 5404 859 5458 Marci
909 5404 1233 5475 capitulum,
1265 5407 1408 5476 quod
1441 5404 1658 5475 quidem
1693 5407 1748 5458 in

164 5483 346 5527 vctere
377 5475 758 5530 stichomelria
786 5483 871 5530 est
892 5490 1077 5538 ccvm,
1114 5477 1169 5529 in
1196 5475 1333 5531 nova
1366 5477 1636 5531 divisione
1665 5482 1749 5530 est

164 5558 252 5598 xv.
286 5542 453 5598 Certe
484 5545 576 5598 ubi
614 5546 668 5598 in
698 5555 886 5600 nostra
925 5547 1026 5599 hac
1051 5545 1289 5602 editione
1312 5547 1447 5600 dicit
1483 5546 1748 5601 Eusebius

167 5613 216 5686 in
259 5614 386 5667 libri
427 5614 658 5686 exordio
687 5614 996 5686 ﬁpu’nag6s
1032 5616 1268 5686 πρῶτον,
1315 5618 1528 5671 cavebit
1567 5616 1750 5669 admo-

164 5683 292 5757 dum
323 5685 576 5757 eruditus
610 5683 780 5740 lector
819 5701 886 5757 ne
918 5683 1184 5757 intelligat
1218 5688 1446 5757 primam
1485 5687 1656 5740 fuisse
1678 5687 1747 5757 li-

168 5753 248 5808 bri
280 5752 353 5827 σει
380 5753 654 5827 Marinum
688 5755 1042 5827 quazstionem
1073 5752 1368 5827 illam'quze
1397 5759 1644 5827 sequitur
1670 5756 1748 5810 De

167 5840 282 5879 sero
301 5823 682 5881 Sabbatorum.
708 5823 994 5880 Breviator
1027 5823 1546 5896 quippcfresecat'a,
1587 5837 1641 5881 ut
1669 5829 1747 5880 vi-

169 5896 351 5977 detur,
390 5896 804 5977 ingenti__priore
830 5905 1004 5967 parte,
1038 5895 1105 5952 ad
1128 5895 1416 5969 postrema
1449 5898 1629 5970 eperis
1663 5914 1747 5955 ca-

171 5974 281 6036 pita
313 5974 642 6038 properavit.

1928 4171 1982 4225 5.
2006 4170 2270 4240 Apparuit
2319 4169 2495 4238 primo
2528 4165 2711 4221 Mariae
2760 4165 3108 4237 Magdalenaa.
3141 4163 3292 4218 Hanc
3324 4162 3434 4216 Eu-

1859 4265 2043 4320 sebius
2079 4265 2132 4318 in
2157 4280 2319 4334 opere
2348 4262 2427 4316 Ad
2448 4259 2720 4314 Marinum
2750 4259 3020 4316 diversam
3053 4274 3174 4314 esse
3220 4258 3295 4312 ait
3320 4255 3434 4310 Ma-

1856 4357 1994 4410 riam
2014 4357 2081 4411 ab
2143 4357 2233 4410 illa
2267 4371 2387 4424 qua:
2436 4354 2693 4423 juvenem
2719 4352 2872 4409 vidit.
2922 4351 3017 4406 Vel
3046 4351 3208 4406 etiam
3261 4346 3435 4404 ambte

1859 4445 2107 4518 Magdalo
2129 4445 2373 4502 oriunda:
2407 4455 2582 4500 erant.

1932 4627 2039 4698 (79)
2081 4625 2299 4698 Eusebii
2333 4625 2479 4698 hunc
2523 4625 2710 4698 locum
2733 4624 2991 4698 exprimit
3020 4623 3339 4698 Ambrosius
3374 4624 3429 4680 in

1853 4693 2060 4758 Comm.
2097 4697 2166 4750 ad
2201 4696 2327 4749 Luc.
2374 4696 2470 4768 lib.
2517 4695 2710 4768 x,7107
2745 4713 2757 4748 :
2796 4693 2918 4749 Non
2955 4693 3180 4749 Judrcus
3220 4705 3297 4750 est
3342 4699 3429 4768 qui

1856 4786 2060 4828 crucem
2093 4778 2290 4836 portat,
2325 4765 2412 4820 sed
2439 4767 2734 4835 alienigena
2763 4768 3268 4836 atqueperegrinus.

1926 4841 2038 4918 (80)
2071 4835 2213 4918 :I‘am
2264 4837 2452 4902 editio,
2499 4853 2662 4908 quam
2714 4838 2885 4891 codex
2926 4835 3298 4892 Vat.’habent
3337 4837 3431 4892 ἐπὶ

1849 4917 1970 4975 ταῖς
2003 4917 2118 4963 του.

1927 4983 2038 5054 (8|)
2083 4979 2419 5054 Vocabulum
2471 4977 2744 5054 Σωτήριος
2797 4977 2938 5054 apud
2991 4979 3284 5054 Eusebium
3329 4993 3429 5054 no-

1852 5049 2027 5109 strum
2057 5066 2166 5104 non
2192 5059 2300 5103 tam
2327 5049 2595 5117 adjectivo
2619 5064 2782 5104 sensu
2806 5050 3083 5113 salutaris,
3110 5065 3269 5120 quam
3301 5050 3429 5104 sub-

1852 5124 2092 5180 slanlivo
2117 5122 2338 5189 obliquo
2373 5121 2694 5182 Servatoris,
2725 5121 3044 5190 plerumque
3070 5136 3191 5174 esse
3221 5120 3426 5173 intelli-

1851 5193 2108 5267 genrlnni,
2143 5193 2397 5267 plurimis
2424 5191 2646 5267 inducis
2670 5197 2838 5267 patet.
2870 5189 2926 5267 Id
2959 5189 3092 5267 facit
3111 5191 3274 5267 etiam
3306 5191 3429 5267 Ani-

1851 5260 2069 5321 brosius
2098 5260 2240 5332 apud
2273 5277 2372 5315 nos
2405 5278 2454 5331 p.
2487 5261 2611 5325 304,
2643 5260 2738 5330 qui
2768 5263 2844 5313 ait
2879 5260 3092 5314 Domini
3131 5260 3423 5324 Salutat-is,

1850 5352 1948 5406 pro
1985 5334 2196 5406 Domini
2229 5332 2545 5406 Saluatoris.

1922 5406 2034 5478 (82)
2075 5404 2456 5478 Qua-stionem
2476 5404 2614 5456 hanc
2644 5401 2710 5478 de
2735 5401 2892 5478 tertia
2919 5409 2976 5478 _ct
3004 5401 3316 5478 sextauhora
3348 5400 3425 5478 le-

1851 5471 2040 5544 gebam
2074 5477 2234 5544 etiam
2263 5475 2318 5529 in
2341 5474 2528 5529 codice
2550 5471 2787 5541 quodam
2804 5471 3093 5544 ‘Vaticano,
3118 5473 3245 5526 olim
3269 5471 3420 5544 card.

1853 5541 2068 5611 Sirleti;
2125 5543 2266 5599 unde
2331 5546 2570 5613 aliquam
2627 5541 3062 5597 emendationem
3122 5543 3420 5608 acrrersivi;

1849 5632 2162 5687 quanquam
2195 5633 2260 5670 ne
2286 5617 2374 5670 hic
2403 5617 2517 5687 ipse
2546 5614 2764 5687 quidem
2796 5614 3115 5687 coilfx'sine
3134 5615 3248 5687 ullo
3278 5627 3425 5667 men-

1849 5683 1920 5740 do
1944 5683 2047 5741 est.
2081 5685 2281 5739 Eadem
2315 5683 2545 5756 quaistio
2567 5683 2774 5756 legitur
2805 5685 2856 5756 i_n
2885 5683 3176 5756 Parisiaﬁcis
3205 5698 3423 5756 quoque

1850 5758 2156 5819 codicibus,
2213 5753 2351 5813 teste
2405 5753 2652 5813 Harlesio
2705 5755 2759 5808 in
2805 5753 3039 5811 Fabricii
3076 5753 3420 5819 Biblibtheca,

1850 5837 1890 5881 t.
1929 5827 2037 5891 VII,
2074 5845 2128 5898 p.
2162 5827 2289 5882 402.

1923 5898 2036 5971 (85)
2075 5896 2211 5971 Male
2241 5899 2390 5971 cod.,
2423 5898 2774 5971 ἀναστάσεως
2805 5912 2903 5969 pro
2934 5896 3146 5971 ἐνάτης.

1925 5967 2037 6040 (84)
2083 5969 2238 6025 Deest
2262 5970 2314 6024 in
2351 5971 2470 6026 cod.
2505 5969 2672 6044 ὧρας.
