3954 6496
501 455 632 512 ιοιι

1251 455 1522 514 EUSEBII
1561 457 2038 518 CESARIENSIS
2057 462 2212 520 OPP.
2250 463 2430 520 PARS
2459 463 2547 520 Ill.
2571 493 2642 507 --
2677 463 3088 520 EXEGETICA.

3607 467 3736 524 ibi“!

505 601 593 656 Vl.
631 602 716 655 Ex
748 603 872 655 Joh.
905 598 1176 668 Xiphilino
1199 599 1532 668 patriarcha,
1561 601 1616 655 in
1647 600 1868 658 homilia
1891 603 2093 658 inedita
2116 621 2274 670 quam
2301 607 2484 660 habuit
2513 607 2566 660 in
2589 601 2857 659 dominica
2879 599 2945 656 de
2965 600 3276 656 mulieribus
3305 609 3548 656 aromata
3577 599 3708 670 [afen

1764 673 1928 736 tibus,
1953 672 2084 729 Cod.

2170 689 2248 740 at,
2283 693 2334 748 p.
2369 679 2493 738 16ορ

573 789 626 844 6.
665 788 933 843 Eusebius
949 801 1077 842 vero
1097 785 1456 844 Cassariensis
1479 789 1574 853 ait,
1609 787 1836 844 Mariam
1859 791 2078 862 quidem

2259 795 2331 862 ς’.
2373 793 2632 859 maesto;
2665 809 2830 863 φησιν
2861 793 2890 845 ὁ
2928 789 3288 861 Καισαρείας,
3319 789 3398 878 ὡς
3429 789 3608 860 Μαρία
3649 791 3736 861 μὲν

503 877 893 951 Magdalenem,
924 887 980 934 et
1003 878 1225 932 Mariam
1257 877 1444 934 Jacobi
1476 889 1750 951 unguenta
1769 885 2079 952 paravisse;

501 990 680 1044 neque
703 984 882 1026 tamen
907 971 1126 1026 easdem
1149 987 1272 1026 esse
1301 985 1422 1042 quae
1457 988 1617 1027 mane
1664 984 1930 1030 venerunt
1959 985 2082 1032 orto

498 1069 610 1137 jam
629 1067 763 1127 soie.
780 1065 872 1120 sed
892 1080 1192 1135 anonymas
1215 1065 1386 1120 alias:
1417 1067 1599 1120 multa:
1615 1067 1759 1128 enim
1780 1085 1844 1123 ex
1861 1068 2080 1124 Galilaea

503 1175 628 1215 cum
657 1159 946 1214 Servatore
973 1158 1355 1212 ascenderant.
1391 1158 1754 1224 Quamobrem
1790 1163 1874 1216 bas
1905 1178 2082 1232 neque

505 1259 670 1306 noctu
709 1252 836 1304 illnc
865 1250 1180 1310 adfuerunt,
1211 1249 1304 1303 sed
1337 1263 1530 1318 mane;
1565 1252 1877 1322 emdcmqne
1927 1271 2083 1308 man-

505 1344 634 1398 dato
658 1343 846 1396 audito
875 1351 936 1396 ιιι
960 1343 1246 1410 discipulis
1277 1341 1548 1412 Petroque
1595 1359 1706 1397 rem
1739 1345 2077 1410 nuntiarent,

508 1435 763 1504 fugerunt
793 1435 992 1488 nemini
1030 1435 1327 1506 quidquam
1357 1434 1604 1498 dictum,
1636 1435 1762 1506 quia
1806 1437 2079 1490 extinme-

509 1537 650 1583 rant.
678 1526 914 1582 Proinde
945 1526 1108 1580 etiam
1162 1527 1291 1595 quia
1335 1535 1457 1596 post
1475 1527 1607 1580 solis
1641 1535 1820 1579 ortum
1852 1528 2086 1581 advene—

511 1627 652 1682 rant,
675 1619 856 1672 videre
879 1615 1222 1672 Servatorcm
1255 1617 1398 1670 haud
1427 1619 1604 1687 digna:
1637 1616 1872 1673 fuerunt.
1899 1617 2086 1690 Neque

507 1711 725 1765 demum
755 1709 868 1763 ﬁeri
899 1710 1176 1779 potuit,ut
1206 1707 1522 1778 Magdalcne
1553 1721 1674 1779 post
1695 1719 1773 1764 tot
1797 1719 2090 1782 tantasque

509 1805 790 1866 visiones,
849 1803 964 1858 sole
1022 1813 1182 1866 orto,
1238 1803 1418 1856 adhuc
1473 1801 1774 1870 dubitaret,
1833 1805 2088 1860 nesciens

509 1896 762 1966 quisnam
786 1893 1019 1964 lapidem
1048 1893 1186 1948 foret
1207 1895 1576 1950 revoluturus.

2185 887 2220 958 ἡ
2269 885 2596 956 Μαγδαληνὴ
2647 884 2740 937 καὶ
2819 881 3006 953 Μαρία
3065 882 3098 952 ἡ
3143 877 3400 932 Ἰακώϐου
3457 879 3736 950 ἡτοίμασαν

2183 975 2480 1048 ἀρώματα·
2517 977 2618 1030 οὐκ
2643 973 2802 1030 αὐταὶ
2827 973 2881 1026 δέ
2911 975 3045 1026 εἰσιν
3076 975 3130 1025 αἱ
3165 971 3309 1043 πρωῒ
3348 969 3594 1024 ἐλθοῦσαι
3621 971 3737 1030 ἁνα-

2184 1049 2458 1134 τείλαντος
2502 1069 2594 1122 τοῦ
2647 1069 2820 1140 ἡλίου,
2867 1067 2979 1120 ἀλλ’
3007 1066 3162 1121 ἄλλαι
3215 1055 3518 1135 ἀνώνυμοι·
3565 1065 3738 1120 πολλαὶ

2183 1161 2292 1234 γὰρ
2313 1159 2452 1234 ἦσαν
2484 1163 2540 1215 αἱ
2577 1161 2946 1214 συναναὸἄσαι
2976 1159 3053 1228 τῷ
3083 1159 3294 1228 Σωτῆρι
3335 1159 3444 1210 ἀπὸ
3475 1157 3570 1228 τῆς
3601 1157 3740 1211 Γαλι-

2184 1253 2372 1318 λαίας·
2407 1255 2527 1308 ὅθεν
2575 1253 2694 1307 οὐδὲ
2727 1252 2896 1306 νύκτα
2947 1253 3356 1322 παραγίνονται,
3387 1249 3524 1304 ἀλλὰ
3575 1251 3739 1321 πρωῒ·

2187 1347 2282 1399 καὶ
2309 1346 2614 1400 ἀκούσασαι
2637 1345 2970 1414 ἀπαγγεῖλαι
3001 1347 3110 1408 τοῖς
3141 1344 3406 1414 μαθηταῖς
3433 1343 3530 1402 καὶ
3553 1343 3628 1412 τῷ
3651 1341 3742 1397 Πέ-

2185 1455 2316 1510 τρῳ,
2349 1438 2566 1508 ἔφυγον,
2596 1437 2689 1492 καὶ
2717 1438 2887 1491 οὐδενὶ
2919 1435 3069 1490 οὐδὲν
3103 1430 3274 1488 εἶπον·
3307 1433 3594 1504 ἐφοϐοῦντο
3617 1434 3740 1506 γάρ’

2186 1530 2262 1594 ὼς
2309 1530 2417 1602 γὰρ
2469 1531 2606 1602 μετὰ
2653 1529 2914 1598 ἀνατολὴν
2957 1529 3108 1601 ἡλίου
3159 1530 3450 1582 ἐπιστᾶσαι
3511 1528 3628 1582 οὐδὲ
3664 1527 3746 1581 τὴν

2191 1623 2419 1695 Σωτῆρα
2451 1621 2746 1677 θεάσασθαι
2771 1621 3178 1688 καταξιοῦνταιο
3207 1620 3330 1682 οὐδὲ
3359 1617 3472 1674 οἷόν
3501 1637 3558 1674 τε
3579 1615 3644 1692 ἦν
3657 1619 3744 1691 τὴν

2191 1715 2555 1786 Μαγδαληνὴν
2593 1713 2730 1785 μετὰ
2774 1715 3042 1778 τοσαύτας
3089 1713 3234 1776 θέας,
3267 1713 3420 1784 ἡλίου
3457 1712 3748 1774 ἀνατείλῃ·

2189 1824 2300 1874 τος,
2329 1807 2553 1879 ἀπορεῖν
2579 1807 2674 1860 καὶ
2695 1807 2911 1876 ἀγνοεῖν
2943 1806 3027 1870 τίς
3057 1805 3376 1860 ἀποκυλίσει
3409 1805 3502 1860 τὸν
3533 1803 3668 1860 λίθον

1537 2010 1651 2068 V'll.
1685 2011 1769 2068 Ea:
1788 2013 2076 2070 Anastasio
2104 2015 2336 2080 Sinaita,
2363 2023 2552 2086 quam.
2575 2030 2726 2071 cun.

587 2131 636 2184 7.
663 2128 879 2184 Eusebii
907 2145 973 2184 ea:
997 2147 1148 2198 opere
1169 2129 1236 2184 ad
1265 2129 1558 2185 Marinum.
1585 2131 1722 2188 Tres
1774 2134 1936 2204 igitur
1973 2151 2084 2190 om-

2257 2133 2322 2198 ζ’.
2363 2135 2660 2189 Εὑσεϐἰου
2701 2133 2770 2187 ἐκ
2813 2131 2932 2187 τῶν
2975 2133 3125 2202 πρὸς
3150 2134 3418 2202 Μαρῖνον
3446 2133 3578 2204 (85).
3611 2133 3750 2206 τρεῖς

515 2225 646 2278 nino
685 2224 884 2279 Marias
915 2225 1158 2294 passioni
1191 2225 1394 2278 Christi
1425 2240 1548 2279 cum
1581 2223 1797 2282 feminis
1817 2227 1938 2282 aliis
1961 2243 2094 2298 pra:-

515 2323 699 2370 sentcs
728 2316 1231 2386 deprehendimus;
1277 2317 1505 2387 primam
1537 2315 1846 2387 Deiparam,
1898 2335 2093 2376 secun-

514 2407 639 2462 dam
673 2407 835 2476 hujus
859 2423 1104 2464 sororem
1128 2407 1350 2462 Mariam
1373 2405 1608 2479 Cleopaz,
1633 2412 1848 2465 tertiam
1875 2411 2094 2484 Magda-

513 2501 712 2554 lenem.
745 2500 974 2568 Quidam
1026 2519 1156 2558 vero
1209 2504 1534 2575 interpretes
1594 2507 1745 2560 aiunt
1787 2507 1924 2561 duas
1971 2522 2096 2562 esse

519 2591 864 2663 Magdaleuas
901 2635 916 2658 ,
961 2611 1124 2650 unam
1171 2611 1290 2667 qua:
1347 2613 1471 2652 sero
1519 2598 1880 2653 Sabbatorum
1949 2599 2092 2668 apud

519 2685 855 2750 llattbzrum.
880 2689 1107 2744 alteram
1162 2707 1282 2762 qurc
1340 2693 1482 2763 apud
1509 2691 1775 2746 Joannem
1811 2707 1970 2746 mane
2026 2691 2094 2746 ad

516 2788 928 2836 monumentum
959 2783 1137 2850 venit;
1186 2784 1429 2838 eamdem
1467 2784 1606 2838 hanc
1631 2800 1774 2846 esse,
1806 2784 1872 2839 de
1899 2801 2008 2854 qua.
2040 2792 2094 2840 et

519 2869 733 2926 Marcus
757 2873 1015 2942 loquitur,
1038 2873 1184 2928 etde
1216 2889 1321 2944 qua
1359 2874 1624 2930 dmmonia
1675 2885 1880 2946 septem
1921 2879 2094 2944 ejecta

518 2961 756 3018 fuerant.
779 2963 1026 3034 Namque
1056 2967 1238 3026 aliam,
1270 2967 1446 3036 inquit
1477 2965 1765 3030 Eusebius,
1797 2985 1904 3022 non
1931 2969 2092 3032 banc,

523 3051 892 3124 Magdalenem
923 3071 1034 3126 pra:
1059 3059 1250 3114 .oculis
1277 3059 1484 3114 habens
1513 3059 1728 3118 Marcus
1755 3063 1828 3114 ait
1855 3081 1868 3114 :
1907 3081 1926 3108 ε
1957 3060 2093 3115 Cum

519 3153 701 3200 autem
726 3148 1073 3212 surrexisset,
1101 3165 1259 3206 mane
1293 3167 1400 3205 una
1429 3153 1792 3208 Sabbatorum
1839 3158 2094 3226 apparuit

520 3239 696 3307 primo
721 3237 900 3294 Maria:
943 3239 1294 3311 Magdalenm,
1343 3245 1410 3300 de
1461 3263 1568 3316 qua
1597 3257 1802 3316 septem
1827 3247 2094 3303 daemonia

517 3333 773 3400 ejecerat.
801 3350 820 3382 ι
851 3333 1025 3403 Atque
1073 3335 1186 3390 hate
1245 3337 1462 3392 videtur
1487 3353 1609 3409 qum
1658 3339 1852 3404 audiit,
1883 3339 1961 3395 Ne
2011 3357 2097 3396 me

519 3435 731 3494 tangas,
765 3439 872 3478 non
903 3441 1023 3496 qua:
1052 3429 1194 3496 apud
1223 3427 1556 3486 Matlbwum.
1583 3429 1718 3484 Nam
1756 3439 1816 3485 ut
1871 3433 2096 3488 verissi-

2191 2227 2322 2297 γοῦν
2349 2227 2445 2290 τὰς
2472 2227 2654 2290 πάσας
2685 2227 2902 2296 Μαρίας
2939 2227 3016 2297 τῷ
3047 2227 3204 2280 πάθει
3233 2227 3326 2280 τοῦ
3353 2227 3588 2300 Χριστοῦ
3635 2227 3754 2298 μετὰ

2189 2319 2299 2374 τῶν
2332 2319 2504 2374 ἄλλων
2550 2318 2824 2388 γυναικῶν
2867 2321 3225 2392 εὑρίσκομεν·
3259 2319 3483 2390 πρώτην
3517 2321 3613 2389 μὲν
3639 2319 3752 2374 Θεο-

2193 2412 2370 2474 τόκον,
2399 2411 2660 2482 δευτέραν
2705 2411 2762 2465 δὲ
2808 2410 2905 2482 τὴν
2945 2411 3176 2482 ἀδελφὴν
3215 2411 3386 2480 αὐτῆς
3432 2411 3646 2482 Μαρίαν

2191 2504 2283 2557 τοῦ
2317 2504 2574 2564 Κλεωπᾶ,
2613 2505 2707 2568 καί
2747 2504 2937 2575 τρίτην
2983 2504 3080 2575 τὴν
3117 2503 3484 2572 Μαγδαληνήν
3506 2519 3520 2532 ο
3547 2505 3684 2564 τινὲς
3705 2497 3754 2556 δέ

2193 2612 2358 2665 φασιν
2401 2595 2460 2661 ἐξ
2503 2593 2684 2648 αὐτῶν
2731 2593 2824 2646 δύο
2869 2589 3010 2646 εἶναι
3053 2591 3445 2660 Μαγδαληνάς·
3487 2591 3618 2661 μίαν
3651 2589 3756 2661 μὲν,

2193 2689 2291 2760 τὴν
2324 2689 2422 2758 ὀιίνὲ
2457 2687 2746 2742 Σαδδάτων
2769 2687 2920 2758 παρᾶ
2947 2685 3025 2756 τῷ
3047 2685 3308 2756 Ματθαίῳ
3331 2725 3344 2748 ,
3375 2685 3576 2757 ἑτέραν
3599 2685 3654 2738 δὲ
3673 2684 3757 2756 τὴν

2193 2779 2347 2852 παρὰ
2379 2780 2458 2850 τῷ
2485 2780 2705 2852 Ἰωάννη
2733 2779 2946 2850 πρωίας
2983 2777 3073 2830 ἐπὶ
3100 2777 3158 2831 τὸ
3195 2781 3458 2848 μνημεῖον
3491 2777 3760 2840 ἐλθοῦσαν,

2193 2874 2402 2943 ταύτην
2433 2872 2492 2925 δὲ
2535 2868 2672 2926 εἶναι
2713 2871 2803 2942 τὴν
2846 2873 2937 2924 καὶ
2967 2869 3178 2942 Μάρκῳ
3209 2871 3568 2942 δηλουμένην,
3593 2870 3682 2938 ἀφ’
3703 2865 3761 2942 ἧς

2195 2966 2516 3036 ὲκϐεόλήκει
2547 2963 2688 3018 ἑπτὰ
2715 2963 2966 3034 δαιμόνια
2987 2979 2998 2993 ·
3029 2963 3104 3027 ὡς
3125 2963 3231 3035 γὰρ
3257 2962 3422 3034 οὔσης
3444 2964 3540 3016 καὶ
3567 2963 3761 3034 ἑτέρας,

2197 3057 2382 3129 φησιν,
2415 3058 2476 3110 ού
2509 3057 2764 3128 τοιαύτης
2799 3055 3181 3126 Μαγδαληνῆς,
3217 3057 3480 3126 ἐτήρησεν
3501 3057 3532 3108 ὁ
3557 3055 3763 3134 Μάρκος

2195 3147 2351 3202 τοῦτο
2377 3145 2571 3201 εἰπών·
2605 3167 2624 3198 ι
2647 3147 2908 3210 Ἀναστὰς
2939 3145 2997 3200 δὲ
3032 3145 3174 3217 πρωῒ
3195 3147 3260 3214 τῇ
3303 3145 3403 3214 μιᾷ
3427 3143 3536 3196 τῶν
3565 3143 3762 3196 2:666-

2196 3258 2304 3294 των
2333 3241 2506 3310 ἐφάνη
2535 3242 2725 3312 Μαρίᾳ
2761 3239 2978 3311 πρῶτον
3001 3243 3064 3310 τῇ
3096 3237 3450 3308 Μαγδαληνῇ,
3485 3237 3580 3305 ἀφ’
3599 3233 3664 3318 ἧς
3693 3239 3767 3289 ὲκ-

2197 3333 2449 3406 6εϐλήκει
2479 3333 2616 3387 ἑπτὰ
2641 3333 2912 3410 δαιμόνια.
2945 3353 2962 3384 ι
2985 3333 3096 3386 Καὶ
3123 3331 3329 3402 ταύτην
3351 3331 3484 3396 ἴσως
3513 3327 3653 3384 εἶναι
3679 3329 3764 3400 τὴν

2197 3429 2526 3492 ἀκούσασαν,
2555 3431 2642 3501 Μή
2677 3447 2778 3500 μου
2804 3431 2994 3492 ἅπτου,
3012 3427 3123 3482 ἀλλ’
3143 3429 3204 3481 οὐ
3233 3429 3331 3500 τὴν
3359 3427 3509 3500 παρὰ
3539 3427 3618 3498 τῷ
3639 3427 3772 3481 Ματ-

519 3533 666 3569 mum
697 3518 766 3571 sit
799 3518 946 3571 illam
1003 3535 1221 3590 quoque
1265 3519 1511 3591 Magdalo
1566 3522 1736 3579 fuisse
1779 3524 2090 3590 oriundum,

2199 3521 2348 3594 θαίῳ.
2377 3525 2438 3577 Εἰ
2461 3523 2567 3594 γὰρ
2589 3499 2684 3576 καὶ
2701 3523 2768 3576 τὰ
2791 3523 3022 3593 μάλιστα
3051 3499 3411 3592 κάκείιιηνάπὸ
3437 3499 3538 3591 τῆς
3555 3519 3766 3590 Μαγδα-

521 3605 666 3660 haud
696 3615 876 3663 tamen
917 3611 1068 3680 paria
1115 3611 1312 3681 probra
1352 3611 1420 3667 de
1469 3629 1532 3669 ea
1585 3612 2092 3686 narratScriptura.

521 3697 676 3767 Quod
698 3701 741 3754 si
783 3715 944 3755 unam
977 3703 1331 3774 eamdemque
1361 3702 1730 3774 Magdalenem
1771 3707 1894 3776 quis
1925 3707 2094 3772 dicat,

523 3791 701 3846 adhuc
725 3801 904 3848 tamen
929 3793 1168 3848 veridica
1208 3805 1336 3852 sunt
1369 3812 1526 3852 sacra
1573 3796 1889 3868 Evangelia,
1921 3815 2100 3870 neque

523 3883 636 3936 ullo
667 3883 832 3938 modo
859 3886 1002 3939 inter
1030 3901 1090 3941 se
1141 3887 1491 3955 discrepant;
1545 3889 1816 3959 siquidem
1847 3889 2096 3946 eamdem

521 3977 780 4033 exhibent
817 3976 1043 4034 Mariam
1097 3978 1468 4050 Magdalenem
1521 3990 1578 4044 et
1640 3998 1762 4040 non
1787 3991 2098 4054 tangentem

523 4070 700 4140 primo
730 4067 915 4125 Jesum
941 4085 1064 4125 cum
1082 4079 1198 4126 erat
1231 4071 1532 4134 incredula.
1556 4081 1610 4130 et
1642 4075 1839 4130 deinde
1871 4085 2102 4146 tangem

525 4171 631 4218 tem
666 4162 849 4218 statim
878 4179 942 4218 ac
995 4163 1152 4234 jussa
1196 4173 1280 4220 est
1326 4165 1562 4235 gaudere
1591 4182 1714 4222 cum
1766 4167 1872 4222 alia
1909 4166 2098 4222 Maria.

523 4251 901 4324 Quippeillum
941 4263 1220 4326 postremo
1255 4267 1314 4310 ut
1343 4255 1514 4313 Deum
1544 4256 1812 4320 adoravit,
1857 4275 1968 4313 non
1999 4257 2100 4316 ho—

525 4347 688 4403 minis
715 4348 888 4404 instar
912 4349 1124 4414 habuit,
1161 4349 1312 4404 velut
1337 4350 1491 4406 initio
1537 4366 1663 4406 cum
1693 4351 1852 4407 ﬂebat
1873 4359 2102 4422 eratque

523 4441 820 4496 incredula.

2200 3613 2366 3685 ληνῆς
2415 3613 2658 3685 ὡρμᾶτο,
2690 3611 2803 3665 ἀλλ’
2831 3613 2890 3666 ού
2940 3611 3008 3666 τὰ
3040 3613 3199 3683 ὃμοια
3233 3613 3325 3664 καὶ⁴
3363 3611 3534 3680 αὐτῆς
3587 3611 3620 3680 ἡ
3662 3608 3766 3662 θεία

2205 3707 2499 3776 κατηγορεῖ
2531 3705 2719 3775 Γραφή
2741 3721 2754 3735 ·
2787 3705 2836 3758 εἰ
2869 3705 2925 3759 δὲ
2960 3705 3089 3776 μίαν
3117 3704 3212 3758 καὶ
3241 3704 3340 3774 τὴν
3361 3703 3530 3774 αὐτὴν
3559 3701 3768 3770 Μαγδα-

2207 3797 2372 3868 ληνὴν
2391 3797 2500 3868 (86)
2525 3796 2749 3868 φήσειέν
2776 3815 2880 3862 τις,
2906 3799 3000 3850 καὶ
3023 3795 3195 3859 οὕτως
3211 3793 3467 3868 ἀληθεύοι
3485 3793 3551 3848 ἂν
3569 3793 3638 3846 τὰ
3661 3791 3764 3863 ἱερὰ

2207 3890 2532 3959 Εὑαγγέλια,
2563 3893 2681 3945 κατ’
2713 3890 2900 3944 οὺδένα
2937 3889 3092 3959 λόγον
3119 3889 3490 3958 διαφωνοῦντα
3509 3903 3522 3918 ·
3557 3887 3656 3958 τὴν
3685 3885 3768 3939 αύ-

2206 3982 2303 4053 τὴν
2333 3982 2388 4035 δὲ
2421 3983 2639 4054 Μαρίαν
2663 3983 2762 4054 τὴν
2789 3981 3154 4054 Μαγδαληνὴν
3185 3982 3495 4048 εἰσάγονται
3525 3979 3602 4050 μὴ
3626 3979 3752 4030 om

2207 4073 2374 4143 μένην
2407 4073 2666 4146 πρότερον
2697 4073 2791 4127 τοῦ
2826 4073 3050 4144 Κυρίου,
3084 4073 3172 4126 ὅτε
3197 4071 3378 4126 ἔκλαιε
3411 4072 3506 4125 καὶ
3529 4069 3764 4138 ἠπίστει·

2205 4163 2300 4218 καὶ
2347 4165 2661 4236 ἁπτομένην
2707 4165 2896 4229 αὑτοῦ,
2925 4165 3012 4218 ὅτε
3059 4165 3272 4237 χαίρειν
3322 4163 3457 4234 μετὰ
3495 4161 3595 4232 τῆς
3619 4161 3766 4232 ἄλλης

2204 4257 2424 4328 Μαρίας
2475 4257 2567 4310 ὑπ’
2595 4257 2763 4311 αὐτοῦ
2815 4255 3128 4310 κελεύεται·
3177 4257 3362 4326 ἐπειδὴ
3397 4255 3506 4326 γὰρ
3547 4254 3622 4318 ὡς
3653 4251 3766 4306 Θεὸν

2205 4349 2366 4402 αὑτὸν
2401 4349 2806 4424 προσεκύνησεν
2839 4347 3086 4420 ἔσχατον,
3120 4349 3214 4402 καὶ
3235 4349 3331 4419 οὐχ
3379 4347 3454 4410 ὠς
3477 4345 3768 4416 ἄνθρωπον,

2205 4441 2280 4506 ὡς
2307 4443 2568 4514 πρότερον
2599 4443 2688 4510 ὅτε
2717 4441 2896 4508 ἐκλαιε
2923 4441 3016 4495 καὶ
3051 4441 3289 4512 ἠπίστει.

1780 4559 1913 4616 Vill.
1941 4559 2025 4614 Ex
2050 4559 2234 4620 eodem
2257 4561 2568 4620 Anastasio.

591 4675 649 4730 8.
679 4675 894 4730 Eusebii
925 4693 990 4733 ea:
1029 4693 1180 4744 opere
1209 4679 1278 4733 ad
1311 4678 1604 4734 Marinum.
1649 4677 1770 4735 Jam
1803 4678 1948 4749 quod
1975 4693 2098 4732 am-

521 4765 746 4837 bigitur,
775 4769 1054 4836 quomodo
1071 4769 1354 4835 iiattbzeus
1381 4771 1560 4825 visum
1597 4779 1784 4824 narret
1810 4769 2100 4840 discipulis

2278 4679 2350 4750 η’.
2391 4679 2690 4734 Εὑσεόίου
2711 4678 2780 4732 ἐκ
2807 4676 2926 4732 τῶν
2949 4676 3098 4758 πρὸς
3119 4675 3412 4746 Μσρῖνον.
3453 4673 3592 4746 Περὶ
3617 4671 3674 4726 δὲ
3693 4669 3776 4726 τιὸ

2210 4773 2507 4843 ὲπαπορεῖν
2538 4771 2718 4835 πάλιν,
2737 4769 2855 4836 πῶς
2877 4769 3024 4842 παρά
3055 4767 3131 4840 τῷ
3157 4767 3416 4837 Ματθαίῳ
3443 4767 3524 4830 εἰς
3557 4767 3658 4838 τὴν
3683 4765 3776 4820 Γα-

521 4855 812 4911 Dominum
847 4859 901 4912 in
937 4859 1168 4916 Galilzna:
1197 4873 1416 4928 monte,
1439 4861 1680 4919 Joannes
1717 4869 1900 4916 autem
1951 4861 2093 4916 circa

2211 4863 2422 4918 λιλαίαν
2449 4856 2628 4934 ὦφθαι
2661 4863 2750 4918 τὸν
2780 4863 2984 4935 Κύριον
3015 4864 3126 4925 τοῖς
3159 4859 3424 4932 μαθηταῖς
3449 4859 3508 4951 εν
3539 4857 3778 4951 ὄρει,

522 4965 674 5006 mare
698 4949 1036 5020 Tiberiadis,
1071 4954 1159 5010 aio
1190 4955 1442 5026 equidem
1471 4997 1485 5020 ,
1519 4955 1664 5011 haud
1701 4955 1868 5010 semel
1901 4962 1955 5010 et
2005 4955 2103 5010 ite-

521 5057 666 5106 rum,
702 5043 796 5098 sed
830 5047 1105 5102 multoties
1133 5045 1320 5102 Jesum
1363 5063 1486 5103 esse
1513 5057 1890 5119 conspectum.
1921 5046 2105 5114 Quare

523 5134 748 5190 minime
796 5137 1006 5191 errabis
1061 5139 1106 5192 si
1156 5147 1410 5209 quartam
1467 5139 1734 5195 visionem
1782 5153 1906 5196 esse
1953 5139 2100 5192 illam

522 5229 824 5296 putaveris,
875 5243 996 5300 quae
1037 5230 1182 5300 apud
1225 5230 1538 5286 Mattbazum
1571 5234 1646 5286 tit.
1703 5231 1854 5286 lianc
1901 5232 2104 5303 quippe

521 5319 663 5376 haud
685 5323 830 5377 circa
862 5338 1010 5380 mare
1051 5323 1286 5379 Galilaea:
1332 5327 1706 5396 spectantibus
1736 5341 1882 5390 eum,
1905 5324 2000 5381 sed
2047 5325 2104 5378 in

521 5419 708 5467 monte
748 5411 1038 5485 discipulis
1086 5415 1337 5473 undecim
1391 5417 1692 5487 contigisse
1738 5417 1931 5472 scribit
1965 5415 2104 5470 Mat-

519 5503 697 5560 thazus
731 5523 744 5558 :
775 5523 796 5557 ι
837 5505 1099 5562 Undecim
1141 5517 1323 5564 autem
1361 5509 1618 5580 discipuli
1656 5503 2100 5580 perrexeruntin

521 5603 784 5662 montem,
828 5609 988 5670 prout
1034 5602 1360 5657 condixerat
1417 5603 1526 5658 illis
1555 5601 1748 5666 Iesus,
1804 5617 1965 5674 quem
2025 5602 2100 5656 ibi

519 5698 875 5760 conspectum
907 5693 1296 5750 adoraverunt.
1335 5715 1355 5748 ι
1391 5693 1524 5750 Post
1575 5696 1691 5750 haec
1741 5695 1862 5752 sine
1909 5709 2099 5750 errore

575 5843 704 5922 δεδδ)
745 5845 894 5922 Hanc
951 5865 1171 5922 quorum
1223 5851 1681 5922 quaestiunculam
1729 5865 1853 5906 cum
1902 5851 2094 5909 codice

521 5919 898 5982 bolumncnsi,
929 5919 1388 5988 nunc'Vaticano,
1432 5923 1636 5978 utiliter
1668 5923 1896 5978 contuli.

2211 4955 2362 5029 παρὰ
2379 4955 2436 5009 δὲ
2464 4953 2542 5026 τῷ
2566 4955 2788 5028 Ἰωάννῃ
2814 4954 2964 5027 παρὰ
2990 4953 3088 5026 τὴν
3117 4953 3388 5032 θάλασσαν
3417 4949 3521 5020 τῆς
3537 4947 3780 5019 Τιϐεριά-

2207 5049 2316 5114 δος,
2345 5046 2468 5122 ἐροῦ
2477 5065 2575 5119 μεν
2602 5049 2684 5102 ὅτι
2711 5049 2772 5102 ού
2799 5048 2956 5120 μόνον
2990 5046 3133 5113 ἅπαξ
3159 5045 3250 5098 καὶ
3267 5044 3368 5108 δὶς,
3391 5043 3530 5096 ἀλλὰ
3557 5043 3652 5096 καὶ
3673 5041 3780 5096 πο).-

2207 5141 2366 5206 λάκις
2403 5135 2584 5210 ὦφθαι
2613 5141 2796 5196 αὐτόν.
2815 5141 2906 5194 Διὸ
2927 5139 3191 5210 τετάρτην
3211 5135 3474 5190 ὀπτασίαν
3493 5135 3594 5206 οὐχ
3615 5133 3780 5204 ἁμαρ-

2209 5252 2322 5299 τοις
2359 5235 2456 5306 τὴν
2491 5235 2643 5307 παρᾶ
2679 5233 2756 5304 τῷ
2773 5232 3034 5304 Ματθαίῳ
3065 5233 3244 5304 φήσας
3275 5227 3434 5292 εἶναι,
3455 5229 3522 5300 ἣν
3553 5229 3615 5282 ού
3645 5229 3778 5299 παρὰ

2209 5325 2308 5398 τὴν
2344 5324 2619 5380 θάλασσαν
2643 5323 2740 5395 τῆς
2769 5323 3075 5386 Γαλιλαίας,
3099 5321 3218 5375 οὐδὲ
3237 5323 3351 5384 τοῖς
3377 5319 3774 5390 ὀπτανομὲνοις,

2359 5419 2417 5471 ἐν
2443 5413 2520 5486 τῷ
2554 5417 2667 5487 δρει
2699 5417 2812 5479 τοῖς
2839 5415 3031 5480 ἕνδεκα
3065 5413 3388 5483 πεποιῆσθαι
3421 5405 3776 5482 ἁνὲγραψενὸ

2209 5508 2508 5572 Ματθαῖος,
2541 5505 2710 5562 εἰπών
2729 5524 2744 5539 ·
2777 5526 2796 5558 ι
2829 5507 2892 5560 Οἱ
2919 5506 2974 5559 δὲ
3005 5505 3198 5560 ἕνδεκα
3221 5507 3460 5576 μαθηταὶ
3487 5497 3776 5571 ἐπορεύθη·

2209 5619 2308 5656 σαν
2360 5603 2442 5665 εἰς
2487 5601 2548 5664 τὸ
2597 5601 2742 5673 ὅρος.
2776 5595 2837 5655 οὗ
2872 5600 3097 5666 ἐτάξατο
3130 5599 3310 5662 αὐτοῖς
3349 5599 3378 5650 ὁ
3415 5593 3664 5666 Ἰησοῦςε
3692 5591 3774 5644 καὶ

2210 5693 2409 5758 ἰδόντες
2442 5693 2602 5752 αὐτὴν
2635 5691 3066 5765 προσεκύνησαν.
3106 5710 3126 5744 ι
3163 5689 3274 5744 Καὶ
3321 5687 3456 5760 μετὰ
3501 5683 3662 5742 τοῦτο
3687 5681 3774 5740 οὐκ

2277 5852 2390 5926 (86)
2431 5850 2592 5910 Deest
2631 5854 2702 5914 in.
2720 5851 2910 5914 codice
2941 5846 3294 5910 Columneasi
3327 5843 3706 5917 Μαγδαληνήν.
