3954 6516
231 465 372 524 1013

1087 464 1613 530 δυΡΡιΕΜεΝτΑ”
1629 474 1794 543 QUAS
1803 475 2134 551 STIONUM_
2151 478 2243 536 AD
2280 479 2548 539 MARINU
2557 481 2628 540 Μ.

3357 491 3498 546 1014

219 582 292 638 ἂν
314 582 782 684 σφαλείηςμείπὼν
829 587 965 658 ὁμοῦ
1008 590 1127 644 κατ’
1157 592 1288 646 αὐτὸ
1331 593 1688 666 συνηγμένοις
1718 598 1806 650 αὑ-

1918 598 2091 666 dices,
2133 601 2329 658 iisdem
2360 603 2622 684 undecim,
2647 603 2932 677 discipulis
2967 606 3334 679 congregatis,
3366 624 3499 667 uec~

215 675 333 738 τοῖς
365 677 480 738 τοῖς
513 674 706 730 ἕνδεκα
729 677 997 749 μαθηταῖς
1030 679 1146 748 ἅμα
1170 681 1263 734 καὶ
1296 685 1411 746 τοῖς
1446 683 1817 758 ἐϐδομήκοντα

218 761 401 837 ὦφθαι
434 770 618 824 αὐτόν.
637 771 694 823 Ὀ
723 769 779 824 δέ
821 771 1143 837 Ἀπόστολος
1171 775 1264 826 καὶ
1286 774 1365 828 ἔτι
1397 775 1599 831 τούτων
1633 777 1816 831 ’τελείο⁹

218 877 305 914 σιν
331 862 614 932 ἑωρᾶσθαι
641 862 731 915 τὸν
757 856 960 934 Κύριον
982 867 1117 934 μετὰ
1143 870 1238 938 τὴν
1255 868 1550 922 ἀνάστασιν
1581 871 1807 942 ἱστορεῖ,

214 951 426 1022 λέγων’
465 956 620 1008 (Ὅτι
654 957 950 1028 ἐγήγερται
998 961 1063 1028 τῇ
1107 959 1268 1032 τρίτῃ
1311 961 1492 1033 ἡμέρα
1534 963 1674 1016 κατὰ
1715 965 1814 1028 τάς

215 1043 464 1116 Γραφάς,
497 1050 588 1100 καὶ
612 1048 766 1118 ὢρθη
802 1051 986 1121 Κηφᾷ,
1014 1051 1104 1104 ἕπε
1117 1070 1201 1104 ιτα
1222 1056 1332 1116 τοῖς
1365 1053 1590 1118 δώδεκα,
1615 1057 1804 1110 ἔπειτα

214 1135 375 1207 ὤφθη
406 1140 594 1194 ἐπάνω
624 1144 1001 1206 πεντακοσίοις
1050 1144 1298 1213 ἀδελφοῖς
1337 1147 1572 1214 ἐφάπαξ.
1603 1168 1620 1198 ι
1641 1149 1804 1220 Ὁρᾷς

207 1229 403 1292 ὁσάκις
453 1234 545 1284 καὶ
596 1233 740 1295 ὅσοις
769 1233 922 1306 ὧεθη
964 1235 1101 1306 μετὰ
1143 1236 1239 1308 τὴν
1283 1239 1612 1304 άνάστασιν;
1646 1240 1800 1294 Οῦτω

209 1320 305 1372 καὶ
334 1325 444 1384 τοῖς
488 1325 543 1376 ἐν
587 1323 937 1396 Ἰερουσαλὴμ
967 1329 1435 1399 κρυπταζομένοις
1459 1329 1546 1382 διὰ
1579 1330 1671 1382 τὸν
1703 1330 1799 1399 (ξό-

209 1411 304 1467 6ον
329 1413 440 1467 τῶν
469 1416 756 1478 Ἰουδαίων,
782 1419 876 1470 καὶ
901 1420 1005 1489 πρό
1032 1437 1094 1486 γε
1119 1423 1334 1475 πάντων
1363 1421 1571 1493 ἀνδρῶν
1599 1422 1801 1491 Σίμωνι

206 1503 287 1574 τῷ
323 1505 538 1576 Πέτρῳ.
576 1508 848 1575 γυναικῶν
871 1509 926 1562 δὲ
953 1513 1076 1573 ταῖς
1109 1513 1250 1582 ἀμφὶ
1280 1512 1378 1584 τὴν
1411 1512 1796 1584 Μαγδαληνήν·

205 1595 330 1648 ὅθεν
363 1597 456 1650 καί¹
489 1599 517 1650 ὁ
547 1600 758 1662 Λουκᾶς
789 1617 920 1669 φησι
940 1618 953 1630 ο
993 1621 1010 1652 ι
1041 1604 1116 1656 Δι’
1147 1603 1370 1676 ἡμερῶν
1391 1605 1798 1676 τεσσαράκοντα

205 1687 580 1761 ὀπτανόμενος
622 1693 716 1745 καὶ
748 1693 1197 1764 συναυλιζόμενος
1230 1699 1432 1763 αύτιῖς,
1466 1698 1534 1752 τά
1568 1698 1669 1769 τῆς
1697 1699 1799 1769 βα-

210 1778 421 1846 σιλείας
453 1780 551 1838 τοῦ
581 1782 715 1836 Θεοῦ
743 1784 1026 1857 παρεδίδου
1060 1787 1386 1860 μαθήματα.»
1409 1809 1445 1856 »η

1917 707 2025 747 non
2049 694 2172 748 aliis
2207 696 2574 766 septuaginta,
2605 694 2791 752 Iesum
2825 703 3164 769 apparuisse.
3204 702 3315 758 lmo
3347 702 3494 774 Aph-

1916 787 2091 840 stolus
2115 788 2286 841 multo
2322 790 2500 844 adlmc
2535 789 2786 860 pluribus
2819 794 3001 846 visum
3050 810 3174 850 esse
3205 795 3492 852 Dominum

1915 887 2038 949 post
2070 882 2526 961 resurrectionem
2566 883 2650 938 Itis
2682 885 2863 939 verbis
2893 895 3118 942 narrat:
3149 906 3166 939 ι
3207 887 3344 954 Quia
3370 907 3494 943 sur-

1911 973 2053 1026 rexit
2086 974 2355 1029 tertiadie
2380 975 2682 1034 secundum
2713 975 3049 1047 Seripturas,
3086 980 3345 1050 visusque
3390 979 3490 1036 Pe-

1915 1072 2003 1118 tro
2037 1074 2142 1128 est,
2181 1074 2292 1120 tum
2325 1067 2637 1130 duodecim,
2670 1069 2869 1124 deinde
2895 1073 3017 1140 plus
3045 1072 3360 1141 quingentis
3385 1073 3494 1127 fra-

1913 1157 2092 1213 tribus
2126 1159 2372 1214 simul".
2415 1180 2434 1212 ι
2468 1159 2893 1230 Viden,quotics
2923 1169 3139 1232 ctgquot
3175 1165 3490 1222 hominibus

1911 1261 2036 1322 post
2079 1253 2538 1307 resurrectionem
2588 1262 2918 1324 conspectus
2963 1255 3165 1311 fuerit?
3195 1256 3285 1312 Sic
3339 1260 3488 1317 enim

1911 1342 2165 1410 apparuit
2217 1342 2560 1398 latitantibus
2611 1343 2751 1396 intra
2809 1341 3237 1414 Hierosolymam
3268 1353 3490 1416 propter

1910 1441 2112 1488 tnetum
2149 1449 2176 1486 a
2205 1432 2405 1488 Iuda-is
2425 1453 2450 1502 ;.
2478 1443 2532 1490 ct
2563 1435 2740 1505 primo
2771 1437 3014 1489 virorum
3058 1435 3265 1492 Simoni
3302 1438 3485 1504 Petro,

1907 1524 2233 1579 feririnarum
2259 1537 2440 1581 autem
2477 1527 2824 1598 Magdalcme.
2862 1527 3042 1594 Quare
3075 1536 3129 1584 et
3159 1528 3333 1584 Lucas
3361 1531 3436 1585 ait
3467 1549 3481 1586 :

1912 1637 1930 1670 ι
1965 1618 2065 1672 Per
2107 1620 2225 1675 dies
2276 1619 2638 1690 quadraginta
2689 1636 2960 1692 apparens
2993 1624 3097 1686 eis,
3134 1639 3260 1678 cum
3305 1625 3484 1696 iisque

1907 1724 2244 1770 convcrsans
2276 1712 2584 1768 doctrinam
2613 1712 2681 1770 de
2709 1729 2879 1786 regno
2913 1714 3006 1771 Dei
3035 1715 3280 1771 tradidit.
3330 1734 3350 1769 ι

1261 1933 1353 1988 ιχ.
1392 1933 1476 1989 Ex
1505 1935 1687 1991 eodem
1717 1937 2032 2005 Anastasio,
2058 1948 2248 2012 qua'st.
2276 1941 2396 1998 MS.

272 2045 338 2101 θ’.
387 2050 681 2105 Εὐσεόίου
700 2050 769 2104 ἐκ
801 2051 906 2107 τοῦ
935 2052 1085 2123 πρὸς
1125 2053 1392 2124 Μαρῖνον
1419 2057 1553 2128 (87).
1595 2058 1705 2111 Καὶ
1732 2057 1792 2111 τὸ

1967 2059 2020 2114 9.
2063 2059 2277 2114 Eusebii
2310 2077 2375 2114 ex
2400 2076 2549 2130 opere
2579 2061 2648 2115 ad
2674 2059 2965 2116 Marinum.
2991 2060 3228 2132 Spiritus
3251 2069 3478 2120 sanctus

201 2139 305 2209 μὲν
339 2141 446 2194 ὑπὸ
472 2141 708 2213 Χριστοῦ
740 2145 1076 2215 ἐμπνευσθέν
1101 2147 1323 2218 Πνεῦμα
1344 2148 1497 2217 ἆγιον
1523 2152 1636 2212 τοῖς
1661 2149 1795 2202 ἁπο-

198 2229 432 2296 στόλοις,
461 2231 680 2287 λυτικὸν
726 2236 818 2288 καὶ
874 2239 1284 2308 συγχωρητικδν
1334 2235 1402 2310 ἦν
1440 2239 1550 2310 (88)
1610 2240 1794 2311 πάσης

197 2321 510 2394 ἁμαρτίας·
555 2327 614 2381 τὸ
665 2327 720 2380 δέ
774 2329 1180 2399 ἐπηγγελμένον
1224 2331 1286 2384 τὸ
1330 2331 1792 2402 βαπτισθήσεσθαι

193 2416 399 2480 αὐτοὺς
444 2419 500 2472 ἐν
545 2419 686 2492 ἁγίῳ
722 2421 1018 2492 Πνεύματι,
1053 2424 1145 2476 καὶ
1196 2427 1482 2494 μετασχεῖν
1509 2423 1792 2495 δυνάμεως

192 2507 608 2579 ἐνεργημάτων,
657 2514 1016 2584 ἐνεργητικῆς
1061 2514 1161 2584 μὲν
1210 2513 1318 2567 τῶν
1375 2515 1672 2585 μελλόντων
1723 2515 1789 2568 δι’

191 2602 379 2655 αὐτῶν
426 2603 805 2659 ἀποτελεῖσθαι
855 2605 1172 2678 θαυμάτων,
1228 2607 1548 2678 ἐνστατικῆς
1595 2609 1651 2662 δέ
1697 2609 1790 2662 καὶ

191 2696 534 2766 καρτερικῆς
561 2696 670 2749 τῶν
702 2697 1005 2767 μελλόντων
1036 2699 1221 2762 αὐτοῖς
1249 2699 1639 2753 ἐπανίστασθαι
1676 2719 1789 2754 κιν-

189 2785 387 2841 δύνων.
428 2787 541 2858 Πρδ
573 2788 680 2858 γὰρ
708 2789 912 2862 ταύτης
941 2790 1040 2860 τῆς
1068 2790 1350 2862 δυνάμεως
1374 2790 1664 2862 κηρύττειν
1692 2793 1789 2845 αύ-

187 2877 319 2941 τοῦς
351 2880 466 2941 τοῖς
497 2878 707 2932 ἔθνεσιν
753 2882 854 2934 οὐκ
901 2881 1170 2946 ἐϐούλετο,
1209 2883 1321 2936 ἀλλ’
1351 2883 1666 2954 ἐκδέχεσθαι
1693 2885 1787 2938 καὶ

194 2969 517 3040 περιμένειν
545 2971 714 3042 αὐτὴν
743 2973 800 3040 ἐξ
827 2973 992 3044 ῦψους
1025 2979 1334 3048 μετασχεῖν.
1368 2975 1538 3029 Τοῦτο
1559 2976 1613 3029 δὲ
1646 2977 1737 3029 καὶ
1759 2979 1801 3029 ὁ·

203 3062 529 3128 ’Λπὸστολος
577 3065 638 3118 τὸ
687 3067 933 3138 χάρισμα
966 3068 1111 3128 ἰδίως
1135 3067 1408 3139 ἀφορίζων
1448 3068 1556 3120 τῶν
1585 3067 1786 3122 λοιπῶν

188 3155 488 3226 ἐνεργειῶν
509 3156 602 3210 τοῦ
625 3159 780 3225 ἁγίου
806 3160 944 3212 Πνεύ
954 3177 1122 3230 ματος
1145 3160 1387 3214 ἐδίδασκε
1408 3160 1597 3230 λέγων·
1625 3179 1643 3211 ι
1659 3160 1787 3212 Ἀλ-

185 3243 264 3316 λῳ
296 3247 354 3300 δέ
389 3249 740 3320 ἐνεργήματα
771 3249 1067 3320 δυνάμεων.
1098 3271 1114 3301 ι
1143 3253 1251 3304 Καὶ
1341 3254 1647 3325 προφητεία
1681 3272 1784 3325 φη-

188 3338 241 3392 σί
262 3355 276 3368 ο
305 3359 323 3388 ι
351 3339 557 3410 Κύριος
585 3340 745 3394 δώσει
780 3344 930 3413 ῥῆμα
961 3348 1071 3408 τοῖς
1096 3343 1599 3417 εύαγγελιζομένοις
1618 3347 1778 3401 δυνά-

1898 2163 1928 2201 a
1971 2149 2192 2205 Christo
2247 2151 2300 2206 in
2327 2153 2610 2222 apostolos
2642 2169 2739 2223 per
2773 2152 2958 2208 ﬂatum
3007 2154 3310 2218 immissus,
3343 2169 3476 2225 pec-

1895 2245 2008 2296 cati
2051 2245 2232 2300 omnis
2279 2245 2524 2300 solvendi
2579 2243 3001 2315 dimittendique
3047 2245 3156 2299 vim
3213 2245 3470 2302 habebat.

1895 2324 2015 2381 Jam
2041 2331 2359 2399 promissio,
2392 2330 2509 2388 fore
2559 2341 2618 2386 ut
2666 2331 3078 2403 baptizarentur
3123 2342 3317 2390 sancto
3347 2334 3474 2406 Spi-

1893 2432 2027 2490 ritu,
2059 2424 2402 2496 signilieabat
2445 2431 2725 2494 compotes
2769 2441 2865 2480 eos
2910 2424 3124 2481 futuros
3179 2426 3457 2484 facultatis

1893 2533 2076 2574 rerum
2114 2516 2500 2586 gerendarum,
2531 2515 2690 2584 cujus
2733 2529 2835 2584 ope
2881 2517 3150 2584 patraturi
3181 2527 3339 2572 erant
3367 2519 3475 2572 mi~

1893 2611 2102 2672 raeula.
2139 2610 2361 2678 vimque
2388 2609 2552 2663 etiam
2587 2609 2862 2678 recepturi
2897 2617 3061 2679 atque
3098 2610 3469 2666 constantiam

1893 2704 2158 2758 adversus
2201 2718 2264 2758 ca
2313 2718 2434 2772 qua:
2491 2701 2771 2756 instabant
2819 2702 3084 2771 pericula.
3134 2703 3274 2758 Ante
3321 2703 3468 2758 enim

1892 2797 2036 2852 hanc
2069 2803 2346 2865 acceptam
2377 2793 2633 2848 virtutem
2664 2793 2840 2848 noluit
2865 2809 2961 2850 eos
2985 2796 3239 2865 gentibus
3273 2794 3470 2864 praedi-

1892 2904 2040 2952 care,
2085 2887 2178 2943 sed
2253 2887 2557 2958 prmstolari
2597 2887 2765 2956 jussit
2800 2894 2963 2957 atque
2993 2902 3249 2952 manere,
3293 2887 3469 2942 donec

1887 2996 2006 3035 eam
2038 2996 2102 3035 ex
2138 2981 2250 3034 alto
2281 2981 2606 3050 reciperent.
2640 2977 2852 3033 Donum
2891 2980 2994 3034 hoc
3020 2980 3187 3034 etiam
3233 2978 3470 3049 Aposto-

1889 3071 1975 3127 lus
2023 3073 2156 3127 satis
2203 3087 2231 3124 a
2262 3072 2490 3140 reliquis
2537 3071 2711 3126 sancti
2765 3071 3004 3141 Spiritus
3057 3071 3467 3141 operationibus

1890 3163 2205 3219 discernere
2239 3179 2298 3218 se
2329 3164 2598 3233 signiﬁcat
2630 3162 2759 3216 dum
2792 3166 2866 3216 ait
2897 3181 2910 3217 :
2948 3183 2966 3214 ‹
2997 3163 3100 3217 Alii
3127 3165 3468 3233 operationea

1887 3256 2228 3310 virzutum”.
2264 3276 2282 3307 ι
2304 3253 2440 3307 Tum
2474 3254 2757 3324 prophetia
2789 3253 2917 3308 dicit
2945 3273 2957 3308 :
2989 3274 3006 3304 ι
3034 3253 3298 3309 Dominus
3317 3252 3467 3308 dabit

1887 3347 2114 3400 verbum
2170 3345 2678 3414 cvangelizantibus
2726 3344 2930 3398 virtute
2985 3343 3235 3397 multa".
3286 3363 3302 3394 ι
3347 3342 3467 3409 Qua

190 3447 280 3502 μει
317 3430 507 3502 πολλῇ.
540 3427 674 3496 »Ἦς
700 3433 980 3504 δυνάμεως
1011 3437 1099 3490 ὅτε
1129 3438 1295 3508 μήπω
1321 3442 1588 3510 μετεῖχον,
1613 3440 1780 3509 ἠρνή-

1896 3439 2089 3494 virtutc
2117 3453 2251 3492 cum,
2274 3435 2516 3490 nondum
2549 3445 2703 3489 erant
2738 3435 2918 3503 potiti,
2958 3441 3293 3503 negaverunt
3337 3449 3464 3488 eum

190 3539 356 3576 σαντο
389 3524 554 3576 αὑτὸν
580 3527 628 3578 οἱ
652 3526 850 3591 πάντες
882 3531 975 3582 καὶ
1001 3529 1497 3601 ἐσκανδαλίσθησαν
1528 3532 1668 3585 κατὰ
1692 3535 1783 3587 τὸν

186 3615 385 3687 καιρὸν
432 3616 526 3670 τοῦ
576 3618 810 3683 πάθους⁸
841 3621 927 3674 ὅτε
973 3621 1035 3674 δέ
1074 3623 1332 3692 μετέσχον
1361 3615 1548 3693 α’ύτῆς,
1584 3625 1783 3690 πάντες

184 3709 306 3769 ταῖς
329 3707 474 3780 ὑπὲρ
498 3709 733 3781 Χριστοῦ
769 3713 1096 3784 μαρτυρίαις
1125 3731 1184 3766 τε
1226 3715 1319 3766 καὶ
1361 3714 1670 3784 ὁμολογίαις
1701 3717 1784 3770 δι-

186 3799 468 3872 έπρειζνανο
503 3803 867 3868 ἀνακαινίζων
892 3806 1000 3876 γὰρ
1039 3804 1128 3858 τὸν
1167 3805 1451 3877 ἄνθρωπον
1487 3809 1516 3859 ὁ
1557 3807 1780 3878 Κύριος,

183 3891 277 3945 καὶ
307 3892 378 3962 ἥν
409 3893 655 3948 ἀπώλεσε
681 3895 842 3966 χάριν
871 3899 934 3951 ἐκ
962 3899 1055 3952 τοῦ
1091 3900 1485 3969 ἐμφυσήματος
1504 3897 1598 3951 τοῦ
1621 3898 1782 3964 Θεοῦ,

182 3979 390 4054 ταύτην
421 3983 582 4037 πάλιν
617 3985 920 4050 ἀποδιδοὺς,
956 3989 1286 4056 ἐνεφύσησεν
1311 3990 1390 4051 εἰς
1416 3987 1484 4042 τά
1511 3988 1778 4059 πρόσωπα

184 4070 294 4127 τῶν
328 4071 588 4145 μαθητῶν
621 4075 816 4145 λέγων,
859 4097 877 4128 ι
905 4077 1113 4131 Λάϐετε
1143 4078 1370 4150 Πνεῦμα
1399 4079 1572 4148 άγιον.
1609 4099 1628 4132 ι

1888 3545 2103 3591 omnes,
2145 3536 2197 3583 et
2228 3527 2489 3581 seandalo
2526 3526 2802 3596 passionis
2831 3533 3082 3594 tempore
3115 3525 3256 3596 lapsi
3298 3532 3462 3580 sunt:

1888 3623 1979 3676 illa
2020 3628 2201 3676 autem
2234 3621 2542 3690 impetrata,
2605 3619 2784 3673 cuncti
2817 3619 3070 3688 protinus
3100 3618 3466 3674 confessioni-

1887 3711 2461 3780 hnstestimouiisque
2489 3724 2586 3780 pro
2614 3708 2836 3764 Christo
2863 3709 3028 3763 editis
3064 3710 3462 3764 inclaruerunt.

1887 3804 2133 3860 lienovat
2192 3804 2338 3858 enim
2388 3803 2664 3857 hominem
2703 3801 2847 3857 Deus
2886 3843 2900 3866 ,
2935 3802 3008 3856 ita
3043 3810 3102 3855 ut
3141 3817 3302 3872 quam
3338 3816 3467 3871 gra-

1892 3895 2021 3949 tiam
2053 3894 2216 3948 homo
2240 3893 2522 3955 amiserat,
2568 3890 2666 3944 Dei
2711 3892 2842 3946 olim
2889 3891 3248 3960 inspiratione
3291 3889 3464 3942 colla-

1886 3995 2024 4049 tam,
2061 3984 2236 4038 eidem
2271 3982 2415 4036 hanc
2461 3997 2658 4036 rursus
2701 3979 2848 4035 Deus
2898 3979 3230 4039 attribuerit,
3285 3978 3339 4032 in
3383 3975 3466 4032 ia-

1885 4078 2024 4130 cicm
2052 4074 2451 4144 discipulorum
2490 4073 2768 4145 inspirans
2803 4073 2889 4128 bis
2915 4073 3094 4128 verbis
3128 4090 3141 4126 :
3179 4089 3196 4123 ι
3220 4069 3466 4140 Accipite

1893 4165 2160 4238 Spiritum
2194 4175 2469 4220 sanctum.
2510 4182 2530 4216 ι

488 4291 557 4348 Χ.
588 4291 672 4348 Ea:
704 4293 929 4351 Macarii
957 4295 1369 4368 Cltrysoceplmli
1401 4299 1512 4371 (83))
1545 4298 1862 4371 Florilegio,
1890 4300 2032 4370 apud
2063 4299 2435 4362 Villoisouum,
2459 4297 2724 4354 Anecdot.
2751 4307 2790 4353 t.
2827 4297 2912 4362 II,
2944 4315 2998 4367 p.
3035 4298 3119 4351 7i.

256 4417 308 4464 ι’.
354 4409 613 4476 Εύσέὗιος
645 4411 700 4464 δέ
734 4413 762 4465 ὁ
793 4413 1084 4483 Παμφίλου
1124 4415 1182 4466 ἐν
1215 4417 1282 4486 τῇ
1329 4415 1779 4490 πρὸςρΜαρῖνον

183 4503 441 4575 ἐπιστολῇ
471 4503 583 4571 (90)
612 4503 786 4568 οὕτως
813 4505 1089 4577 ἐξηγεῖται
1117 4507 1177 4560 τὸ
1208 4507 1490 4579 προτεθὲν,
1527 4508 1607 4561 ὅτι
1641 4508 1779 4563 διαι-

188 4594 367 4665 ρέσεις
401 4595 756 4665 χαρισμάτων
782 4595 890 4646 εἰσὶ
929 4594 1070 4648 κατὰ
1110 4595 1202 4648 τὸν
1247 4595 1588 4660 Ἀπόστολον,
1621 4597 1682 4650 τὸ
1720 4597 1777 4650 δὲ

1958 4415 2044 4471 l0.
2082 4414 2355 4470 Eusebius
2411 4412 2679 4486 Pamphili
2728 4414 2783 4468 in
2829 4414 3063 4484 epistola
3087 4412 3158 4467 ad
3191 4411 3464 4466 Marinum

1886 4509 2245 4581 quaestionem
2291 4507 2372 4562 sic
2416 4507 2672 4577 explicat,
2723 4505 2869 4576 quod
2921 4520 3116 4574 nempe
3166 4503 3464 4559 divisiones

1884 4604 2188 4676 gratiarum
2221 4609 2370 4661 sunt.
2404 4609 2463 4655 ut
2493 4600 2569 4654 ait
2603 4599 2922 4670 Apostolus,
2946 4597 3089 4653 idem
3121 4605 3301 4652 autem
3340 4595 3464 4665 Spi-

183 4686 316 4740 αὐτὸ
350 4685 593 4756 Πνεῦμα.
633 4687 740 4739 Καὶ
767 4686 927 4740 πάλιν
950 4704 963 4718 ο
995 4687 1210 4757 ἑκάστῳ
1236 4686 1434 4740 δίδοται
1468 4690 1500 4759 η
1532 4686 1778 4760 φανέρω-

1896 4697 2048 4751 ritus.
2110 4695 2456 4763 Rursusque.
2493 4691 2640 4762 quod
2688 4691 2988 4761 unicuique
3039 4690 3254 4752 lumen,
3303 4697 3464 4760 prout

184 4796 266 4844 σις
290 4779 428 4848 πρὸς
457 4779 517 4831 τδ
545 4779 843 4850 συμφέρονο
880 4799 899 4831 ι
933 4773 1004 4851 ᾯ
1030 4780 1130 4851 μὲν
1157 4779 1266 4851 γὰρ
1290 4779 1376 4832 διὰ
1404 4779 1497 4833 τοῦ
1523 4781 1775 4854 Πνεύμα-

180 4891 271 4940 τος
298 4873 503 4928 δίδοται
527 4873 682 4943 λόγος
705 4875 914 4944 σοφίας,
939 4875 1081 4946 ἄλλῳ
1105 4875 1160 4928 δὲ
1185 4874 1341 4944 λόγος
1360 4874 1612 4944 γνώσεως
1634 4878 1775 4932 κατὰ

181 4970 240 5023 τδ
268 4968 404 5023 αὐτὸ
429 4967 653 5038 Πνεῦμα
673 4985 685 4997 ·
718 4969 888 5041 ἐτέρῳ
919 4970 976 5024 δὲ
1013 4970 1192 5034 πίστις
1223 4971 1280 5022 ἐν
1309 4969 1384 5040 τῷ
1418 4969 1565 5041 αύτῷ
1603 4970 1775 5024 Πνεύ-

186 5079 338 5134 ματι,
370 5061 515 5132 ἄλλῳ
547 5061 602 5115 δὲ
649 5063 1012 5133 ἐνεργήματα
1039 5062 1148 5131 (9|)
1195 5061 1498 5132 δυνάμεων,
1536 5061 1681 5133 ἄλλῳ
1715 5062 1772 5116 δὲ

185 5157 534 5227 προφητεῖαι,
568 5153 712 5224 ἄλλῳ
737 5153 792 5207 δὲ
814 5153 1113 5226 διακρίσεις
1141 5153 1490 5225 πνευμάτων,
1517 5156 1689 5228 ἑτέρῳ
1714 5156 1774 5210 δέ

255 5311 303 5344 ’⁸
341 5311 361 5366 l
397 5309 527 5368 Cor.
563 5327 657 5377 xv,
690 5310 746 5368 4.

255 5493 372 5568 (ετ)
415 5492 591 5568 Yerba
615 5495 687 5568 ἐκ
717 5493 824 5550 τοῦ
855 5495 1005 5566 πρὸς
1041 5496 1314 5568 Μαρῖνον
1348 5499 1548 5554 desunt
1579 5499 1634 5554 in
1666 5514 1761 5554 co-,

185 5563 305 5619 dice
334 5563 714 5619 Colttmneusi.

256 5634 369 5704 (88)
415 5633 573 5710 Deest
598 5630 666 5707 ἦν
700 5637 752 5689 in
783 5635 1008 5710 codice.
1028 5635 1133 5693 Sed
1164 5646 1346 5694 tamen
1377 5649 1568 5694 caetera
1592 5640 1772 5710 plera-

189 5718 295 5777 que
345 5706 570 5777 Ineliora
611 5706 772 5777 psunt
801 5707 858 5759 in
892 5708 1080 5761 codice
1113 5726 1276 5777 quam
1320 5713 1373 5764 in
1417 5706 1770 5764 Gretsériaua

189 5773 470 5831 Anastasii
492 5774 753 5842 editione,
787 5792 909 5851 quae
937 5773 1188 5847 plurimis
1215 5781 1337 5836 heu.
1353 5783 1564 5837 mendis
1583 5783 1595 5835 !
1616 5782 1770 5838 labo-

192 5854 291 5900 rat.

262 5915 379 5986 (89)
423 5914 518 5971 Est
547 5917 636 5973 hic
665 5917 806 5974 idem
838 5917 1112 5976 Macarius
1145 5919 1646 5996 Chrysocephalus,
1679 5923 1772 5996 qui

1884 4804 2026 4859 opus
2051 4785 2571 4848 fuerit,attribuitur
2599 4803 2611 4838 :
2646 4803 2664 4835 ι
2688 4783 2792 4837 Alii
2822 4782 3042 4854 quidem
3075 4797 3256 4837 sermo
3283 4782 3464 4838 scicn-

1883 4883 1973 4936 tia:
2005 4880 2307 4935 secundum
2347 4877 2599 4932 eumdem
2634 4875 2934 4947 Spiritum;
2972 4875 3067 4930 alii
3113 4875 3246 4930 lidcs
3293 4875 3345 4928 in
3369 4889 3463 4930 eo-

1882 4971 2004 5027 dem
2073 4969 2306 5042 Spiritu,
2363 4969 2454 5023 alii
2509 4967 2882 5038 prodigiorum
2946 4967 3142 5030 virtus,
3205 4967 3292 5019 alii
3337 4979 3465 5035 pro-

1881 5063 2099 5136 phetiae.
2155 5063 2244 5116 alii
2295 5061 2660 5119 discretiones
2715 5061 3034 5131 spirituum,
3095 5061 3186 5114 alii
3248 5060 3462 5129 lingua-

1879 5170 2004 5213 rum
2030 5153 2329 5212 multitudo
2365 5173 2378 5208 :
2410 5171 2532 5226 quae
2565 5163 2746 5208 tamen
2781 5151 2965 5208 omnia
3013 5162 3273 5222 operatur
3320 5164 3463 5205 unus

823 5310 932 5364 ’⁷1
965 5311 1094 5369 Cor.
1131 5327 1250 5379 xu,
1288 5311 1378 5368 10.
1449 5313 1497 5347 ’⁸
1537 5312 1681 5370 Psal.
1707 5329 1892 5379 Lavit,
1931 5313 2027 5374 ιε,

1869 5499 2001 5553 mihi
2039 5497 2095 5553 S.
2128 5497 2314 5572 Cyrilli
2356 5496 2656 5572 fragmenta
2689 5496 3215 5572 Commentariorum
3237 5493 3328 5572 _ad
3360 5490 3462 5572 Lat:

1875 5587 1991 5625 cam
2049 5563 2602 5624 non'ronterunetula
2653 5569 2868 5622 obtulit.
2923 5567 3177 5633 Ejusdem
3237 5563 3462 5633 Macarii

1875 5641 2028 5695 locos
2059 5641 2398 5710 dogmaticos
2444 5640 2642 5708 protuli
2685 5631 2978 5694 identidem
3023 5639 3077 5691 in
3110 5635 3246 5691 meis
3264 5635 3330 5690 ad
3363 5631 3458 5690 Ni-

1875 5713 2174 5781 cephorum
2208 5710 2454 5764 seboliis.

1947 5771 2060 5852 '(90)
2102 5780 2416 5850 Xipbilinus
2464 5781 2517 5834 in
2561 5779 2844 5852 Dominica
2879 5779 3124 5852 Thomas,
3173 5775 3296 5833 cod.
3331 5771 3451 5831 Vat.

1875 5868 1930 5925 p.
1958 5851 2443 5925 71749,_I_'ec_itat4ltoo
2474 5853 2651 5925 ipsqu
2685 5851 2904 5908 Eusebii
2941 5851 3327 5922 fragmentum.

1950 5924 2060 5993 (9t)
2099 5922 2288 5993 Xipb.,
2316 5923 2672 5995 ἐνεργήματι.
