3954 6504
160 472 312 536 ’1017
931 482 1227 541 ECLOGA]
1266 485 1749 546 PROPHETICIE.
1776 521 1846 531 —
1870 489 1961 544 DE
1992 489 2243 547 CODICE
2277 490 2390 545 MS.
2431 489 2704 549 VINDOB.
3298 493 3435 554 1018

2154 706 2161 715 ο

762 912 1624 1097 EUSEBII
1785 908 2855 1092 PAMPHILI

1328 1265 1685 1327 EPISCOPI
1750 1262 2282 1327 CESABIENSIS

866 1476 1534 1606 ECLOGIE
1628 1477 2726 1607 PBOPHETICIE.

240 1736 301 1797 E
342 1735 563 1821 codice
592 1742 1026 1821 manuscripto
1054 1740 1445 1803 bibliotheca:
1473 1742 1769 1821 Ctesarew
1810 1741 2301 1821 Vindobonensis
2350 1760 2516 1803 nunc
2544 1743 2822 1821 primum
2854 1740 3053 1803 edidit
3091 1742 3355 1803 Thomas

364 1816 721 1895 Gnsronn,
752 1820 818 1882 S.
856 1816 933 1883 ΤΣ
960 1821 1063 1898 Ρ.,
1096 1821 1245 1883 tedis
1274 1821 1515 1884 Christi
1543 1820 1816 1883 decanus
1845 1839 2089 1883 necnon
2116 1820 2351 1900 linguae
2379 1816 2609 1884 ercw
2635 1822 2963 1901 professor
2989 1822 3226 1901 regius.

197 702 1621 733 Μ

1636 705 3417 740 ww

1159 2037 1354 2099 Oxonii,
1383 2050 1413 2087 e
1441 2038 1780 2100 typographeo
1807 2036 2118 2097 Academico,
2142 2033 2282 2099 1842,
2318 2037 2443 2088 in-8.

757 2355 1395 2421 ΜΒΤΗΟΙιΟΜΔΕΟ
1433 2358 1915 2420 ΚΟΡΙΤΑΒΙΟ
1956 2358 2302 2423 THOMAS

1268 2358 1395 2419 ίΕο
1433 2358 1915 2420 ΚΟΡΙΤΑΒΙΟ
1956 2358 2302 2423 THOMAS
2337 2360 2757 2423 GAISFORD
2782 2363 2829 2424 S

231 2544 396 2602 Redit
423 2546 494 2601 ad
527 2557 594 2612 te,
628 2549 707 2602 vir
738 2550 961 2620 egregie,
994 2565 1147 2618 quem
1181 2559 1229 2603 te
1277 2560 1597 2619 procurante
1623 2564 1687 2603 ex
1714 2550 2075 2619 manuscripto
2108 2552 2321 2622 inclyta:
2352 2551 2676 2608 bibliotheca
2697 2552 2957 2608 Caesarea:
2995 2552 3175 2608 codice
3211 2553 3447 2623 ﬁdeliter

167 2636 491 2709 descriptum
522 2640 734 2709 accepi,
782 2641 991 2697 libellus
1019 2643 1354 2698 Eusebianus
1380 2684 1395 2708 ,
1446 2644 1747 2698 litterarum
1799 2644 2048 2714 formulis
2075 2644 2377 2700 Academia:
2408 2654 2601 2700 nostrw
2631 2644 2921 2699 luculenter
2972 2646 3277 2716 impressus.
3332 2646 3445 2719 Qui

170 2748 279 2785 eum
317 2732 392 2787 ab
424 2735 769 2805 antiquarum
815 2754 989 2792 rerum
1025 2755 1087 2791 ac
1143 2740 1439 2808 prtesertim
1490 2738 1765 2809 theologia:
1809 2738 2064 2793 studiosis
2104 2740 2198 2792 diu
2246 2743 2571 2810 multumque
2600 2737 2930 2793 desideratus
2966 2739 3160 2808 fuerit,
3196 2755 3299 2793 non
3331 2753 3441 2792 me-

168 2826 334 2882 diocri
372 2828 565 2883 la’titia
594 2830 773 2898 επεννὶ
804 2847 886 2885 me
922 2832 1129 2901 fateor,
1190 2832 1275 2884 cui
1318 2847 1412 2900 per
1451 2831 1863 2886 benevolentiam
1903 2841 2050 2885 tuam
2085 2833 2363 2904 contigerit
2388 2848 2453 2886 ex
2483 2832 2780 2901 pluteorum
2808 2831 3032 2885 tenebris
3076 2840 3184 2884 tam
3237 2832 3442 2902 insigne

170 2922 348 2983 ceteris
383 2922 480 2975 teni
508 2933 900 2976 monumentum
925 2926 1231 2991 protrahere
1257 2940 1428 2993 posse.
1469 2923 1733 2980 therum
1768 2926 1822 2977 in
1856 2924 2054 2979 edendo
2085 2924 2221 2979 hanc
2279 2924 2406 2977 mihi
2460 2925 2620 2994 legem
2665 2924 2967 2993 prtescripsi
2988 2964 3004 2988 ,
3052 2933 3111 2976 ut
3167 2924 3442 2978 lectionem

170 3012 461 3082 apographi
486 3012 677 3083 ubique
703 3031 881 3082 presse
922 3032 1183 3085 sequerer,
1210 3017 1314 3071 nisi
1350 3017 1406 3070 in
1438 3018 1874 3084 interpunctione,
1912 3026 1960 3070 et
2007 3017 2063 3071 in
2094 3017 2364 3086 spiritibus
2388 3027 2435 3071 et
2464 3016 2786 3079 accentibus,
2825 3016 2914 3085 qui
2957 3014 3239 3069 admodum
3266 3015 3434 3087 negli-

169 3117 346 3174 genter
375 3107 538 3175 positi
563 3116 721 3170 sunt;
754 3124 914 3177 neque
938 3120 1121 3178 aperta
1146 3114 1391 3179 qutedam
1429 3109 1640 3163 librarii
1674 3110 1802 3163 vitia
1823 3150 1838 3175 ,
1876 3110 2037 3163 cuivis
2070 3109 2227 3179 facile
2269 3109 2579 3180 corrigenda
2598 3152 2613 3176 ,
2643 3106 2905 3163 servanda
2935 3108 3066 3162 duxi
3090 3122 3107 3161 :
3137 3126 3360 3180 quorum
3392 3109 3439 3164 si

167 3212 360 3267 pauca,
395 3217 557 3271 eaque
588 3200 888 3266 levissima,
923 3202 1081 3255 tacite
1103 3202 1432 3265 sustulerim,
1465 3202 1518 3255 in
1544 3201 1809 3273 plerisque
1839 3200 2180 3256 emendandis
2207 3203 2286 3256 ita
2316 3210 2551 3256 versatus
2574 3217 2722 3264 sum,
2750 3210 2806 3253 ut
2830 3216 2946 3271 qua:
2972 3201 3257 3254 resecando
3289 3216 3445 3271 eran;

172 3297 376 3357 uncinis
406 3294 686 3365 quadratis
720 3294 1126 3361 circumdarern,
1157 3312 1273 3365 qua’
1324 3295 1567 3350 addenda
1599 3296 1677 3351 vel
1728 3294 2010 3360 mutanda,
2034 3294 2255 3350 lunulis.
2314 3293 2417 3350 Sed
2471 3310 2631 3365 neque
2678 3294 3161 3364 interpretationem
3192 3292 3440 3347 Latinam

172 3406 330 3459 neque
366 3388 731 3443 adnotationis
775 3388 900 3458 quid
955 3389 1139 3443 addidi
1173 3392 1248 3461 (a)
1278 3406 1297 3444 :
1342 3408 1445 3445 non
1494 3392 1632 3445 enim
1681 3390 1824 3444 volui
1876 3390 2098 3443 nimiam
2150 3389 2321 3459 operis
2362 3404 2569 3442 moram
2598 3388 2855 3457 injicere:
2890 3389 2945 3443 in
2978 3388 3217 3459 margine
3268 3396 3444 3440 tamen

175 3483 398 3550 (praeter
444 3500 689 3537 numeros
735 3482 990 3552 foliorum
1040 3482 1235 3538 codicis
1282 3501 1382 3539 ms.
1422 3484 1490 3538 ad
1547 3486 1824 3540 sinistram
1865 3482 2185 3555 collocatos)
2237 3498 2406 3536 sacra:
2446 3480 2738 3549 Scriptura:
2790 3496 3180 3551 paucorumque
3210 3478 3443 3533 aliorum

172 3577 489 3646 scripton
517 3578 584 3630 ab
609 3576 837 3632 Eusebio
862 3579 1145 3633 citatorum
1173 3578 1287 3631 loca
1323 3578 1565 3647 apposui,
1602 3595 1666 3632 ne
1696 3579 1749 3631 in
1780 3575 1967 3632 iisdem
1990 3574 2250 3630 rimandis
2272 3583 2321 3630 et
2344 3572 2678 3645 conferendis
2714 3574 2880 3628 lector
2912 3574 3181 3645 ingratum
3203 3570 3439 3628 laborem

175 3680 524 3736 consumeret,
553 3678 666 3735 aut,
693 3686 787 3740 per
823 3668 1083 3724 desidiam
1105 3669 1200 3723 hoc
1231 3669 1485 3740 neglecto,
1524 3677 1747 3724 mentem
1784 3667 2018 3723 auctoris
2047 3667 2221 3720 minus
2259 3675 2397 3720 recte
2427 3663 2704 3734 aliquoties
2732 3662 3035 3732 perciperet.
3087 3660 3236 3716 Vale.

310 3825 525 3879 Dabam
548 3842 613 3880 ex
649 3824 760 3881 atde
790 3826 995 3881 Christi
1018 3826 1073 3881 d.
1102 3825 1238 3879 Maii
1268 3826 1330 3881 51
1389 3824 1545 3881 1849..

236 3996 315 4066 (a)
358 3996 866 4068 lnterpretationem
902 3994 1129 4050 latinam
1163 3991 1537 4049 adornandam
1569 3991 1906 4055 curavimus,
1939 3988 2097 4047 Et)th
2132 3986 2308 4044 Pun.

2968 4187 3404 4205 -———“

272 4346 397 4424 EX
465 4346 541 4421 Β.
602 4344 1033 4410 ιΑΜΒΕσιΙ
1095 4336 2521 4484 (3οΜΜΕΝΤΑΒὲῧΝὲξνΞξΙΒΙΛΟΤΗΕΟΑ
2582 4332 2984 4398 σιΕδΑΒΕΑ
3056 4329 3340 4396 VINDO-

1319 4572 1449 4638 (Lib.
1478 4588 1546 4633 in,
1578 4580 1613 4622 t.
1638 4587 1685 4636 p.
1711 4573 1798 4635 IlI,
1827 4588 1878 4637 p.
1898 4573 1985 4623 201
2014 4574 2097 4624 ed.
2120 4571 2332 4630 Kollar.)

1780 4733 1852 4747 -

238 4838 423 4897 Codex
461 4857 550 4906 ιν,
582 4842 828 4907 Graecus,
862 4845 1338 4910 membranaceus,
1369 4845 1792 4917 antiquissimus
1817 4884 1832 4910 ,
1870 4844 2090 4915 optima:
2137 4847 2303 4907 notae,
2332 4837 2589 4903 in-iolio,
2622 4840 2944 4903 constatque
2976 4829 3122 4885 foliis
3148 4825 3256 4882 249
3297 4830 3352 4881 et
3380 4822 3451 4879 ab

176 4933 236 4991 Α.
275 4935 586 4994 Busbeckio
612 4939 741 4995 olim
771 4939 875 5014 luit
902 4949 1253 5011 comparatus
1284 4940 1785 5011 Constantinopoli.
1822 4939 2194 4995 Continentur
2224 4951 2291 4992 eo
2316 4934 2433 4989 haec
2464 4952 2478 4987 :

236 5030 283 5084 Α
319 5028 417 5085 fol.
449 5032 709 5115 1,.usque
738 5033 805 5088 ad
836 5032 932 5090 fol.
962 5033 1054 5090 61.
1085 5031 1305 5090 Eusebii
1330 5033 1599 5106 Pamphili
1628 5035 1893 5091 Cresarea:
1920 5036 1976 5089 in
2010 5030 2305 5088 Palaestina
2338 5026 2584 5101 episcopi
2635 5023 2785 5079 Libri
2844 5030 3075 5095 quatuor
3125 5016 3449 5087 Eclogarum

176 5123 595 5192 propheticarum
618 5123 683 5179 de
705 5123 937 5192 Christo,
964 5126 1277 5183 Arianismo
1308 5126 1517 5191 iniecti,
1554 5134 1607 5183 et
1641 5128 1908 5182 hactenus
1954 5125 2168 5180 inediti.

242 5213 311 5273 In
345 5233 499 5287 quem
538 5218 710 5273 locum
738 5230 1124 5275 commentatus
1149 5220 1345 5276 esthoc
1370 5221 1523 5275 modo
1556 5219 1836 5275 Kollarius
1868 5235 1887 5274 :

237 5309 317 5366 De
345 5308 569 5366 ineditis
598 5309 867 5366 hactenus
895 5319 1133 5381 quatuor
1162 5311 1314 5368 hisce
1340 5311 1559 5368 Eusebii
1586 5311 1857 5383 Pamphili
1892 5311 2057 5366 libris
2098 5308 2380 5380 copiosius
2410 5306 2540 5361 alibi
2571 5306 2682 5377 egit
2717 5300 3077 5364 Lambecius;
3113 5311 3235 5367 quae
3264 5291 3449 5349 omnia

173 5417 315 5457 nunc
347 5402 628 5473 colligere,
662 5411 718 5457 et
747 5416 1028 5459 sacrarum
1049 5404 1355 5460 litterarum
1383 5405 1559 5474 gratia
1588 5406 1645 5459 in
1674 5419 1904 5460 examen
1930 5418 2128 5459 vocare
2154 5409 2424 5472 satagam.
2460 5394 2575 5451 Sub
2608 5394 2769 5449 ﬁnem
2805 5392 2937 5447 tomi
2969 5388 3117 5447 tertii
3146 5390 3450 5458 Apparatus

174 5496 252 5550 sui
287 5496 436 5551 sacri
463 5496 781 5568 vulgaverat
810 5498 941 5552 olim
968 5497 1305 5554 Possevinus
1336 5499 1643 5570 catalogum
1690 5498 2055 5570 qucrumdam
2102 5495 2607 5566 manuscriptorum
2658 5494 2997 5551 nostrorum,
3034 5485 3193 5553 cujus
3221 5486 3447 5538 exstan-

174 5591 309 5647 tiora
337 5598 520 5646 errata
548 5592 899 5647 emendatum
928 5592 1041 5648 ibat
1062 5590 1387 5650 Lambecius
1411 5592 1707 5650 Comment.
1746 5594 1843 5649 lib.
1878 5610 1917 5659 ι,
1945 5609 1999 5664 p.
2027 5592 2156 5648 ΞΗ.
2208 5608 2227 5643 t
2266 5588 2325 5644 In
2351 5587 2542 5646 eodem
2575 5581 2862 5639 Possevini
2886 5580 3136 5649 catalogo
3167 5575 3347 5629 littera
3367 5570 3437 5637 ὗ,

174 5682 313 5740 inter
351 5691 549 5740 caetera
580 5685 840 5756 leguntur
877 5685 1160 5756 sequentia
1195 5704 1208 5739 :
1254 5684 1470 5742 σπρεαδ
1517 5685 1681 5741 codex
1720 5683 1938 5740 mutilus
1970 5694 2110 5740 totus
2136 5682 2499 5739 enarrationes
2526 5678 2721 5732 habens
2753 5677 2807 5729 in
2831 5673 3033 5745 aliquot
3080 5669 3256 5739 capita
3285 5665 3451 5721 Gene—

174 5780 264 5833 sis.
307 5798 328 5831 ι
362 5777 497 5845 Quae
540 5777 868 5837 Lambecius
918 5781 1125 5852 virgula
1173 5781 1425 5838 censoria
1478 5780 1701 5842 feriens.
1733 5778 1925 5835 codice
1958 5777 2052 5832 illo
2079 5776 2305 5832 Eusebii
2346 5772 2619 5847 Pamphili
2668 5769 2992 5840 Eclogarum
3024 5763 3451 5835 propheticarun:

174 5871 342 5929 libros
374 5871 646 5927 contineri
676 5873 905 5943 pulchre
948 5876 1223 5931 ostendit:
1256 5876 1329 5932 ob
1355 5876 1499 5947 quod
1529 5874 1793 5931 indicium
1835 5873 2051 5930 laudem
2088 5871 2335 5944 profecto
2362 5870 2721 5927 commeritus
2760 5865 2954 5921 fuisset
2998 5877 3108 5918 non
3142 5859 3444 5929 vulgarem.

180 5970 243 6044 si,
276 5968 439 6042 gnavi
476 5978 529 6024 et
555 5967 753 6024 eruditi
785 5969 963 6026 critici
994 5986 1221 6029 munere
1260 5969 1503 6041 functus,
1541 5970 1760 6029 invictis
1795 5968 2133 6038 argumentis
2162 5972 2435 6025 assertum
2483 5979 2643 6022 suum
2681 5960 3011 6018 astruxissct
3035 5996 3049 6024 ,
3086 5952 3287 6025 quibus
3331 5958 3446 6007 tum
