3954 6496
580 479 718 535 ιιιιθ
1250 470 1520 530 EUSEBH
1554 469 2039 527 CESARIENSiS
2075 470 2225 527 OPP.
2264 470 2447 527 PARS
2483 470 2573 527 Ill.
2612 498 2681 511 --
2719 467 3132 525 EXEGETICA.
3667 470 3772 527 {020

579 601 813 654 naxime
838 615 974 669 opus
1000 606 1103 660 est,
1135 612 1260 651 cum
1298 594 1367 649 de
1394 592 1781 664 anepigraphis
1812 591 2148 663 perditisque
2177 594 2455 663 operibus,
2485 593 2785 664 percelebri
2826 590 3041 647 cuidam
3075 592 3331 661 scriptori
3369 590 3666 654 tribuendis,
3688 592 3773 661 agi-

578 700 687 747 tur.
734 689 930 745 Verum
971 691 1247 744 enimvero
1277 686 1601 741 Lambecius
1635 685 1803 739 libros
1834 684 1999 740 hosce
2041 684 2259 739 Eusebii
2290 683 2557 755 Pamphili
2587 700 2710 739 esse
2742 685 2817 738 ait
2849 686 2920 739 oh
2949 684 3149 755 stylum
3180 692 3232 737 et
3266 684 3569 737 methodum
3601 684 3771 737 tractati

578 784 883 855 argumenti
920 802 932 837 :
977 783 1264 843 familiare,
1294 788 1352 834 ut
1384 781 1616 841 videtur,
1640 778 1871 834 eruditis
1902 778 2083 832 saeculi
2109 778 2191 831 sui
2225 787 2630 847 argumentum,
2664 777 2809 847 quod
2846 785 3025 831 tauneu
3054 776 3166 846 jam
3198 776 3407 846 pridem
3441 777 3772 833 recentioribus

577 879 781 933 nostris
813 878 983 947 coepit
1004 892 1125 932 esse
1154 882 1493 945 suspectum.
1519 891 1625 943 qua
1657 873 1723 928 de
1760 889 1817 927 re
1853 873 1952 939 legi
1989 880 2227 925 lueretur
2255 870 2305 926 J.
2339 872 2398 926 (Σ.
2450 870 2645 942 Mylius
2681 872 2732 923 in
2768 869 3095 923 Bibliotheca
3119 886 3279 923 anan.
3304 878 3351 922 et
3386 866 3640 937 ρδειιόοιι..
3660 878 3773 935 parte

578 985 751 1043 pruna
781 972 1219 1032 schediaSiuaiis,
1258 985 1311 1038 p.
1349 968 1420 1020 30
1438 978 1492 1021 et
1522 968 1612 1023 ⁸58,
1635 997 1705 1007 -
1743 965 1849 1019 Sed
1886 965 2191 1034 argumenti
2227 965 2393 1032 hujus
2419 965 2502 1018 sui
2531 963 2900 1018 inlirmitatcm
2936 964 3203 1032 persensit
3230 963 3455 1030 ipsemet
3488 959 3770 1021 Lambecius,

574 1081 737 1134 quam
760 1066 923 1120 etiam
958 1067 1028 1117 uh
1057 1080 1280 1118 causam
1315 1064 1369 1116 in
1405 1063 1636 1131 appcud.
1667 1061 1760 1115 lib.
1794 1076 1887 1114 rm
1923 1061 2375 1123 additamentum,
2405 1060 2723 1113 melioribus
2758 1059 3061 1111 rationibus
3092 1057 3309 1116 fultum,
3335 1053 3493 1121 hujus
3523 1053 3613 1105 loci
3642 1055 3773 1122 gratia

576 1156 819 1225 scripsit.
852 1155 906 1208 In
937 1157 1102 1209 hocce
1138 1156 1513 1209 additamenta
1543 1154 1757 1209 duabus
1800 1154 1955 1209 novis
1996 1154 2303 1207 rationibus
2349 1153 2675 1207 sententiam
2706 1167 2859 1206 suam
2892 1151 3251 1219 comprobare
3311 1150 3489 1204 Sllldt'l
3513 1187 3527 1206 ,
3571 1154 3617 1199 cl
3644 1148 3773 1215 prima

576 1249 796 1319 quidem
833 1249 906 1302 Illi
940 1250 1007 1301 ab
1036 1250 1266 1319 ipsou'.et
1297 1248 1531 1302 Eusebio
1562 1251 1784 1317 petltur.
1817 1247 1961 1319 quod
1998 1248 2256 1301 nimirum
2290 1249 2335 1302 is
2390 1249 2559 1302 libros
2591 1246 2909 1316 Eclogarum
2942 1244 3367 1314 propheticarum
3396 1245 3462 1295 de
3489 1241 3681 1295 (Zhrisw
3706 1255 3775 1307 pro

576 1354 740 1409 opere
775 1355 875 1394 suo
913 1341 1279 1411 designarent
1316 1338 1458 1393 Hist.
1500 1339 1681 1393 ecclcs.
1717 1356 1756 1402 I,
1789 1356 1840 1394 c.
1884 1340 1940 1403 2,
1977 1341 2029 1393 in
2063 1356 2221 1408 quem
2272 1341 2448 1393 locum
2482 1340 2616 1393 satis
2646 1339 2875 1392 feliciter
2910 1336 3167 1391 incidisse
3210 1336 3550 1389 Lambecium
3577 1349 3651 1387 res
3691 1334 3773 1400 ipsa

580 1430 800 1491 fatetur,
826 1434 916 1501 qui
952 1440 1131 1485 tamen
1170 1432 1588 1502 haudquaquam
1615 1433 1851 1487 ericerat
1889 1432 2112 1502 Eclogm
2151 1432 2371 1487 Eusebii
2401 1432 2729 1500 propheticus
2766 1430 2829 1485 de
2859 1430 3069 1485 Christo
3113 1432 3166 1483 in
3212 1430 3339 1491 hoc,
3382 1427 3447 1482 de
3478 1441 3578 1495 quo
3605 1426 3773 1494 agitur,

576 1526 891 1582 Caesariano
927 1527 1113 1580 codice
1141 1526 1327 1580 haberi
1364 1545 1376 1581 :
1407 1544 1532 1581 eum
1570 1528 1802 1582 testibus
1831 1542 1975 1580 xerit
2004 1535 2058 1581 et
2093 1543 2259 1580 XLVIII
2288 1528 2571 1581 codicibus
2605 1543 2712 1582 non
2746 1529 2920 1582 solum
2956 1526 3250 1581 Eusebium
3296 1521 3630 1587 Ἀποδείξεις
3658 1538 3773 1574 eran-

577 1617 772 1688 gelicas
800 1618 897 1670 hac
922 1617 1179 1670 mcthodo
1202 1618 1494 1687 scripsisse
1528 1626 1763 1671 constet.
1790 1617 1872 1670 Ad
1903 1618 2128 1670 alterum
2156 1618 2420 1671 rationem
2454 1618 2601 1687 quod
2635 1619 2861 1680 attinet,
2910 1632 2973 1670 ra
3024 1619 3266 1687 profecto
3294 1616 3463 1686 priori
3492 1617 3635 1669 etiam
3664 1613 3773 1667 iutu-

578 1712 720 1763 raior
753 1716 835 1761 cst
861 1726 875 1773 ;
908 1724 971 1763 ex
998 1709 1293 1774 illisenim,
1327 1725 1450 1779 qua:
1473 1710 1655 1779 operis
1691 1709 1920 1778 hujusce
1950 1708 2201 1778 producit
2226 1710 2431 1773 verbis,
2465 1710 2596 1765 nihil
2623 1710 2770 1763 aliud
2796 1710 3077 1779 conjicias,
3102 1725 3265 1779 quam
3287 1723 3502 1777 gravem
3524 1707 3772 1776 quampiam

578 1801 822 1856 auctoris
854 1817 969 1855 aevo
989 1804 1279 1856 excitatam
1312 1805 1774 1873 persecutionem,
1805 1818 2147 1873 nequaquam
2178 1818 2309 1858 vero
2344 1804 2489 1861 illam
2522 1818 2642 1873 quae
2679 1820 2769 1858 an.
2805 1803 2909 1859 502
2940 1804 3045 1857 sub
3078 1804 3244 1873 impp.
3284 1802 3602 1855 Diocletiano
3622 1808 3665 1851 et
3694 1797 3775 1851 ιιι.

588 1893 829 1947 ximiano
864 1892 1119 1948 Herculio
1151 1896 1203 1949 in
1237 1896 1584 1951 Christianos
1642 1897 1924 1960 detonuit,
1979 1896 2214 1951 Eusebio
2247 1910 2483 1949 coaeram
2515 1914 2527 1949 :
2562 1912 2700 1966 quas
2726 1896 2888 1950 etiam
2940 1896 3181 1966 aliasque
3216 1895 3519 1965 persimilcs
3541 1893 3603 1947 ob
3626 1907 3774 1947 causas

582 2005 690 2043 non
722 1988 1013 2045 defuerunt
1045 1992 1143 2045 viri
1174 1992 1343 2054 docti,
1376 1995 1468 2062 qui
1514 2010 1654 2069 opus
1698 1994 1801 2049 hoc
1858 2004 2107 2050 nostrum
2163 1992 2401 2047 Eusebio
2440 1991 2706 2061 Pamphili
2757 1992 2829 2047 ob
2860 1992 3096 2046 nominis
3139 1990 3507 2045 celebritatem
3555 1984 3773 2039 subditum

580 2083 1047 2157 substitutumque
1074 2102 1195 2142 esse
1227 2086 1493 2142 dicerent.
1519 2088 1771 2145 Oudinus
1805 2100 1954 2146 certe
1978 2088 2360 2145 Commentarii
2392 2087 2476 2143 sui
2510 2096 2549 2141 t.
2577 2086 2616 2150 l,
2648 2087 2751 2141 col.
2778 2087 2901 2150 314,
2934 2086 3175 2141 scribere
3204 2100 3313 2138 non
3352 2080 3632 2135 dubitarit:
3663 2096 3679 2129 ι
3705 2076 3769 2137 At,

580 2176 780 2246 inquit,
811 2179 993 2232 nullus
1027 2178 1241 2239 dubito.
1273 2181 1404 2250 quin
1429 2197 1596 2251 opera
1629 2184 1731 2237 ista
1766 2182 2020 2246 Eusebio,
2046 2183 2117 2237 ob
2146 2181 2389 2237 nominis
2435 2180 2632 2236 famam
2682 2181 3063 2242 celeberrimo,
3102 2178 3402 2233 substituta
3438 2175 3577 2228 siut:
3622 2185 3767 2239 neque,

579 2266 629 2322 si
660 2283 782 2322 vera
836 2268 1087 2325 fuissent.
1121 2267 1446 2326 Lambecius
1475 2273 1544 2327 ab
1574 2274 1894 2343 evulgandis
1921 2275 2300 2333 abstinuisset,
2324 2277 2415 2343 qui
2449 2272 2678 2327 minoris
2717 2272 2873 2342 longe
2909 2270 3164 2325 momenti
3217 2269 3516 2339 fragmenta
3554 2264 3650 2319 suis
3676 2277 3764 2315 cum

579 2363 838 2431 scrupulo
865 2363 1115 2417 inseruit.
1160 2384 1178 2416 ι
1215 2363 1342 2419 Haec
1368 2366 1456 2420 ille
1478 2385 1503 2420 ες
1530 2368 1583 2420 in
1614 2370 1775 2437 cujus
1795 2385 1981 2424 errore
2019 2386 2105 2425 me
2135 2384 2355 2441 quoque
2377 2365 2766 2437 eomplusculis
2795 2365 2957 2421 annis
2988 2363 3210 2419 haesisse
3240 2364 3474 2434 ingenue
3500 2359 3663 2414 fateor.
3691 2355 3767 2409 Sco

577 2454 726 2513 enim
757 2458 1038 2514 verissima
1073 2466 1157 2514 est
1191 2459 1282 2513 illa
1309 2456 1662 2529 Xequhauis
1702 2466 1969 2517 sententia
1994 2502 2009 2527 ,

1455 2573 1537 2625 Οὔ
1568 2591 1653 2627 τοι
1687 2574 1785 2626 ἀπ’
1820 2574 2012 2643 ἀρχῆς
2040 2574 2237 2628 πάντα
2270 2573 2385 2629 θεοὶ
2413 2572 2651 2639 θνητοῖς
2689 2570 3028 2636 ἀπέδειξαν,

1476 2644 1665 2698 Ἂλλὰ
1694 2648 1890 2713 χρόνῳ
1922 2645 2236 2712 ζητοῦντες
2259 2646 2729 2715 ἐςευρίσκουσιν
2757 2643 3020 2712 ἄμεινον.

581 2751 713 2809 Nam
740 2770 863 2810 cum
892 2755 980 2811 die
1018 2755 1251 2825 quadam
1287 2755 1532 2811 codicem
1568 2756 1715 2811 hunc
1743 2758 1905 2811 volro
1934 2751 2126 2813 iterum
2160 2759 2512 2828 revolvoquc,
2544 2774 2607 2813 ex
2636 2758 2726 2811 vili
2759 2758 2977 2828 palliolo
3003 2772 3255 2827 magnum
3291 2755 3479 2825 agnovi
3510 2749 3760 2807 Eusebium-

580 2852 688 2908 Rcs
724 2854 794 2906 ita
824 2852 1043 2906 accidit.
1077 2852 1256 2914 Ciulex
1287 2851 1353 2905 de
1394 2867 1501 2921 quo
1537 2867 1682 2905 nunc
1711 2852 1944 2920 agimus,
1969 2854 2124 2907 theca
2171 2854 2298 2907 olim
2331 2870 2548 2915 carens,
2588 2852 2732 2906 foliis
2780 2852 3036 2922 utrinque
3068 2854 3184 2906 suis
3227 2853 3520 2923 tegebatur.
3552 2847 3759 2905 Primum.

580 2945 651 3000 ab
682 2945 832 2998 edaci
867 2952 1108 3013 tempore
1132 2946 1410 3014 multoque
1436 2962 1535 2999 usu
1572 2946 1809 3000 lacerum
1843 2960 1906 2999 ac
1944 2964 2079 3017 pene
2112 2947 2374 3008 deletum.
2407 2964 2507 3017 pro
2530 2948 2685 3001 theca
2717 2947 2924 3002 codicis
2956 2964 2983 3001 ιι
3018 2946 3312 3000 Larnliccio
3339 2947 3435 2999 fuit
3468 2944 3699 3002 habitum.
3724 2948 3762 2994 el

581 3052 699 3093 cam
732 3037 895 3089 etiam
921 3037 990 3089 oh
1018 3051 1238 3089 causam
1279 3038 1333 3091 in
1381 3039 1699 3093 recensione
1731 3040 1996 3093 omissum
2031 3042 2486 3109 neglectumque:
2529 3038 2693 3108 igitur
2732 3052 2856 3091 cum
2919 3035 3215 3107 ἀμηχανῶν
3252 3036 3535 3092 Eusebium
3567 3036 3610 3088 in
3638 3031 3760 3086 Ειιςεο

578 3131 670 3185 bio
700 3143 906 3198 quaero.
937 3127 1345 3181 similitmlinem
1378 3144 1595 3190 manus,
1629 3146 1734 3201 qua
1772 3131 2016 3201 reliquus
2052 3130 2225 3185 codex
2277 3133 2517 3201 scriptus
2561 3139 2679 3191 est,
2716 3129 2768 3183 in
2806 3131 2980 3200 primo
3010 3131 3102 3183 illo
3153 3131 3282 3184 folio
3313 3129 3678 3184 animadverto.
3703 3123 3763 3177 ln-

578 3220 837 3291 gienlium
877 3219 1181 3272 litterarum
1219 3219 1445 3289 vestigia
1484 3220 1622 3289 lego,
1656 3236 1720 3275 ac
1755 3221 1990 3292 dehique
2020 3223 2298 3293 comperio
2329 3225 2651 3293 prooemium
2706 3221 3018 3291 Eclogarum
3057 3222 3313 3285 Eusebii,
3357 3221 3602 3295 principio
3624 3216 3761 3273 etlinc

582 3312 863 3370 mutilum,
905 3310 1094 3366 eodem
1130 3309 1258 3365 lolio
1289 3312 1577 3366 contineri.
1608 3313 1697 3368 Sic
1732 3315 1876 3369 enim
1912 3315 1983 3369 ibi
2018 3316 2143 3370 intel

2194 3324 2372 3370 ξενίαι-ει
2408 3316 2636 3386 ipsemet
2661 3308 2945 3377 Eusebius,
2982 3314 3176 3367 ’ἰστέον
3196 3314 3239 3368 δ’
3272 3316 3351 3381 ὡς
3388 3294 3755 3386 inpii—invadam.

581 3406 730 3474 (Vill.
764 3406 918 3475 hujus
942 3404 1024 3459 ed.
1055 3406 1154 3459 col.
1184 3405 1343 3460 0'25.
1384 3406 1555 3476 l’crgit
1594 3405 1959 3479 Kullarius:)
1986 3407 2261 3465 Hactenus
2315 3409 2560 3481 prooemii
2590 3410 2877 3479 pcricope:
2912 3423 2977 3462 ex
3009 3409 3211 3478 quibus
3240 3426 3367 3464 cum
3401 3388 3527 3470 alia,
3573 3415 3663 3460 ιιιιιι
3703 3398 3759 3458 vel

580 3516 613 3554 ιι
640 3500 813 3555 axime
852 3500 961 3553 duo
997 3498 1252 3552 facillime
1281 3498 1628 3554 deducuntur
1656 3520 1669 3555 :
1708 3502 2004 3567 nimirum,
2034 3510 2088 3557 et
2133 3502 2425 3557 Eusebium
2458 3500 2726 3571 Pamphili
2756 3512 3034 3555 auctorem
3073 3502 3306 3572 hujusce
3339 3502 3571 3575 promoui
3600 3501 3763 3555 essc.ct

584 3591 807 3661 Eclogas
843 3591 910 3646 de
948 3590 1203 3654 Christo,
1246 3592 1495 3657 praesenti
1532 3592 1720 3647 codice
1755 3602 2062 3656 contentas,
2094 3594 2294 3647 nemini
2330 3593 2419 3647 alii
2456 3609 2618 3663 quam
2648 3592 2821 3646 eidem
2856 3590 3113 3655 Eusebio,
3144 3610 3306 3664 posse
3334 3594 3512 3648 tribui.
3545 3590 3762 3644 Enimvero

578 3686 870 3742 Eusebium
905 3686 1150 3755 prooemii
1185 3695 1461 3739 auctorem
1486 3703 1638 3749 esse,
1681 3690 1828 3742 clare
1858 3689 2037 3743 elucet
2066 3704 2129 3743 ex
2167 3689 2273 3743 illis
2322 3728 2337 3752 ,
2372 3690 2573 3758 quibus
2603 3689 2829 3750 indicat,
2863 3689 3011 3758 prius
3048 3704 3105 3743 se
3130 3728 3143 3752 ,
3192 3705 3357 3759 quam
3393 3689 3454 3742 ad
3485 3682 3756 3742 scribcniltm

578 3794 818 3850 prmsens
852 3793 988 3847 opus
1014 3778 1252 3831 animum
1288 3780 1531 3846 appulit,
1574 3780 1901 3848 Χρονικοὺς
1938 3782 2213 3847 Κανόνας
2245 3782 2569 3851 scripsisse,
2625 3788 2680 3834 et
2728 3795 2793 3835 ea
2828 3780 3047 3849 quidem
3082 3789 3261 3835 mente
3286 3822 3301 3844 ,
3348 3791 3406 3835 ut
3435 3778 3611 3850 bloysis
3651 3786 3760 3841 atque

578 3880 744 3942 atque
775 3874 1029 3937 aiiorum,
1061 3875 1151 3942 qui
1186 3885 1307 3944 post
1342 3891 1465 3931 eum
1507 3873 1678 3937 fuere,
1716 3874 2102 3946 prophetarum
2133 3882 2457 3931 vetustatem
2486 3874 2811 3929 vindicaret.
2843 3874 3073 3940 Quinam
3107 3891 3233 3930 vero
3264 3876 3318 3929 hi
3350 3872 3595 3945 Χρονικοὶ
3625 3864 3761 3922 Κανά·

578 3981 683 4032 rae
710 3967 820 4020 sint
846 4007 860 4030 ,
913 3964 1070 4021 facile
1105 3968 1466 4037 intelligitur:
1507 3966 1765 4020 nimirum
1800 3967 1874 4019 illi
1910 3967 2035 4036 ipsi,
2065 3982 2204 4036 quos
2244 3968 2491 4035 Scaliger
2522 3966 2575 4020 in
2606 3964 2873 4020 Thesauro
2904 3977 3191 4036 temporum
3220 3975 3370 4020 tomo
3394 3968 3552 4037 primo
3586 3955 3759 4030 vulgat"

581 4058 972 4112 Amstelodami
1011 4074 1098 4111 an.
1143 4058 1277 4112 l65i8
1310 4077 1323 4112 :
1356 4059 1556 4129 quippe
1592 4058 1643 4111 in
1677 4058 1822 4111 illius
1850 4058 2032 4127 operis
2077 4058 2343 4128 prommio
2384 4058 2523 4111 idem
2560 4056 2664 4109 hoc
2704 4054 2921 4112 Eusebii
2976 4060 3318 4128 propositum
3356 4060 3563 4129 legitur;
3598 4068 3647 4107 ex
3681 4062 3756 4118 quo

582 4151 805 4207 lectoris
857 4150 1031 4221 gratia
1091 4151 1338 4221 pluscula
1393 4150 1501 4206 huc
1545 4150 1916 4205 transcribere
1963 4152 2174 4220 placet,
2237 4151 2329 4205 sed
2362 4149 2553 4203 Latine
2585 4157 2818 4212 tamtum,
2854 4150 2982 4219 quia
3040 4148 3373 4222 Hieronymo
3402 4153 3759 4216 interprete:—

586 4262 605 4296 ι
640 4243 900 4315 Moysem,
936 4243 1131 4312 inquit,
1165 4246 1343 4312 gentis
1392 4242 1661 4307 Hebraeae,
1694 4244 1785 4313 qui
1826 4243 2039 4313 primus
2084 4242 2327 4297 omnium
2376 4242 2763 4312 propin-tarum
2812 4255 2937 4297 ante
2970 4242 3262 4298 adventum
3300 4243 3498 4298 Domini
3529 4230 3761 4293 Salvatoris

579 4338 792 4393 divinas
828 4338 969 4407 leges
1006 4338 1203 4393 litteris
1233 4339 1543 4409 explicavit,
1571 4336 1751 4391 Inachi
1791 4337 1963 4391 fuisse
1993 4337 2329 4405 temporibus
2354 4338 2709 4393 ermlilissimi
2738 4339 2836 4393 viri
2864 4339 3227 4400 tradiderunt,
3258 4355 3324 4393 ex
3361 4338 3548 4393 nostris
3568 4332 3763 4386 Clemens

577 4438 632 4485 et
665 4430 976 4488 Africanus.
1006 4437 1061 4482 ct
1092 4428 1387 4490 Tatiauus;
1420 4447 1481 4484 ex
1510 4428 1712 4483 Judaeis
1744 4426 2015 4497 Joscphus
2060 4438 2113 4481 ct
2146 4426 2359 4490 Justus,
2395 4431 2593 4484 veteiis
2621 4431 2863 4487 historiae
2909 4442 3257 4488 monumenta
3290 4434 3606 4502 replicantes.
3635 4424 3755 4475 Ρυττο

578 4522 813 4578 inachus
844 4523 1157 4593 quingentis
1196 4524 1354 4577 :nmis
1385 4522 1683 4591 Trojauum
1716 4523 1914 4579 bellum
1965 4522 2255 4577 auteced.t.
2298 4522 2373 4576 Ex
2403 4526 2637 4580 ethnicis
2679 4544 2805 4582 vero
2835 4530 3035 4598 impius
3073 4530 3162 4585 ille
3192 4528 3516 4601 Porphyrius
3544 4526 3588 4577 in
3616 4525 3756 4589 ιιυτιῖιθ

578 4618 761 4686 operis
786 4617 868 4670 sui
902 4617 1056 4673 libro.
1084 4614 1227 4685 quod
1262 4617 1550 4671 adversum
1587 4632 1686 4670 nos
1723 4631 1883 4669 casso
1908 4616 2091 4669 labore
2124 4618 2425 4674 contexuit.
2453 4627 2574 4686 post
2608 4619 2846 4691 .‘lloysem
2878 4622 3221 4678 Semirainim
3250 4627 3415 4681 fuisse
3442 4620 3752 4679 allii-mamilla?

578 4705 721 4774 apud
764 4706 1019 4776 Assyrios
1050 4720 1114 4758 cr.
1155 4714 1279 4759 ante
1314 4707 1575 4759 luat-hum
1609 4707 1851 4776 regnavit
1882 4720 2076 4758 annos.
2112 4704 2301 4776 Itaque
2353 4709 2508 4776 juxta
2563 4727 2684 4765 eum
2720 4726 2847 4766 nccc
2875 4731 3009 4783 pene
3041 4725 3095 4770 et
3132 4732 3161 4769 ι.
3217 4720 3377 4772 armis
3425 4714 3628 4781 Trojano
3654 4700 3752 4758 [κτηο

578 4798 791 4870 Νἶογειιε
822 4799 1006 4852 senior
1039 4799 1331 4852 invenitur.
1364 4798 1500 4853 Cum
1532 4800 1642 4852 haec
1671 4800 1742 4851 ita
1772 4814 1830 4852 se
1859 4800 2112 4862 habeant,
2139 4805 2507 4856 necessarium
2533 4803 2662 4858 duxi
2699 4809 2980 4863 veritatem
3006 4811 3321 4881 diligentius
3349 4808 3572 4883 persequi
3598 4823 3607 4858 :
3639 4808 3678 4855 ει
3701 4793 3749 4849 0b

579 4891 631 4946 id
658 4891 710 4944 in
739 4892 901 4961 priori
930 4891 1067 4945 libro
1091 4892 1245 4959 quasi
1270 4889 1557 4961 quamdam
1593 4890 1873 4943 materiam
1910 4892 2093 4944 futuro
2125 4895 2279 4962 Operi
2310 4896 2554 4949 ιιιιιιιίιιιιι
2592 4914 2774 4969 regum
2827 4902 2955 4954 mihi
2996 4912 3240 4973 tempora
3297 4900 3566 4974 pia-notavi
3590 4936 3603 4959 ν
3634 4889 3749 4947 ῧ¹¹³¹⁹

577 4986 839 5043 datorum.
873 4983 1244 5055 Assyriorum,
1281 4983 1583 5043 Medorum,
1622 4982 1937 5045 Persarum,
1972 4984 2271 5056 Lydorum,
2325 4988 2699 5053 Hebraeorum,
2738 4991 3143 5064 Ajgyptiorum,
3170 4998 3538 5057 Macedonum,
3589 4988 3747 5045 Laliilo‘

578 5092 721 5142 tum,
757 5078 846 5146 qui
876 5085 1061 5146 postea
1089 5075 1317 5131 Romani
1346 5075 1645 5144 uuncupati
1686 5086 1848 5141 sunt;
1882 5079 1932 5130 in
1960 5082 2210 5148 praesenti
2246 5092 2451 5144 autem,
2487 5084 2627 5151 slylo
2659 5086 2847 5140 eadem
2883 5098 3125 5159 tempora
3153 5100 3343 5145 contra
3374 5109 3428 5147 se
3470 5087 3746 5145 invicempo-

580 5186 737 5231 nens,
771 5180 823 5223 et
860 5170 1199 5238 singularum
1235 5169 1477 5239 gentium
1531 5183 1705 5223 annos
1749 5170 2131 5237 dinumerans,
2172 5182 2227 5226 ut
2258 5174 2387 5243 quid
2442 5185 2777 5232 coaetaneum
2825 5182 3023 5251 cuique
3072 5183 3206 5247 fuit,
3270 5186 3340 5239 ita
3374 5184 3568 5240 curioso
3606 5170 3744 5225 ordine

578 5264 845 5333 coaptavi.
884 5262 1069 5333 Neque
1103 5278 1187 5317 me
1220 5262 1354 5331 fugit
1396 5264 1449 5316 iu
1480 5260 1719 5318 Hebraeis
1744 5266 2029 5322 codicibus
2075 5268 2421 5323 dissouames
2451 5281 2667 5325 aetatum
2703 5288 2879 5328 aust
2928 5275 3180 5339 inveniri,
3215 5278 3437 5349 plusch
3483 5271 3553 5327 rel
3588 5264 3742 5319 minus.

580 5367 737 5430 prout
774 5359 1163 5429 iulerpretlbus
1194 5358 1367 5413 risum
1414 5366 1517 5419 est,
1549 5359 1823 5415 lectitari:
1859 5364 2309 5434 sequendumque
2360 5366 2489 5420 illud
2530 5370 2730 5436 potius,
2769 5371 2911 5439 quod
2944 5374 3396 5443 cxernplariorum
3434 5357 3670 5424 multitudo
3704 5350 3743 5443 ξι)

576 5454 735 5508 ﬁdem
773 5455 957 5507 traxit.
998 5451 1197 5508 Verum
1230 5462 1508 5524 utcunque
1538 5456 1663 5525 quis
1698 5456 1839 5510 volet
1889 5467 2190 5526 computet,
2222 5467 2277 5512 et
2316 5463 2548 5531 reperiet
2583 5460 2767 5517 Inachi
2820 5467 3178 5535 temporibus,
3208 5483 3366 5536 quem
3405 5464 3601 5535 primum
3630 5442 3743 5509 Artis

575 5562 833 5616 regnasse
857 5547 1030 5608 aiunt,
1062 5547 1428 5616 patriarcham
1460 5546 1810 5603 Hebraeorum
1842 5547 2011 5604 fuisse
2046 5548 2295 5605 lsraelem
2330 5570 2344 5606 a
2380 5568 2411 5607 a
2438 5568 2549 5624 quo
2596 5554 2884 5610 duodecim
2928 5556 3244 5615 Iudaeorum
3285 5560 3451 5613 trilms
3482 5544 3655 5605 lsraelis
3678 5547 3741 5584 ιο·

573 5638 829 5691 cabulmn
875 5639 1081 5693 sortitae
1108 5645 1278 5693 sunt:
1314 5637 1659 5694 Semiramim
1706 5649 1887 5696 autem
1927 5649 1980 5695 et
2024 5642 2295 5697 Abraham
2330 5649 2763 5715 contemporalcs
2818 5648 2984 5704 fuisse
3035 5652 3385 5705 manifestum
3423 5653 3514 5702 est.
3561 5634 3739 5694 Namque

574 5728 810 5798 Moyses,
831 5728 1016 5798 junior
1054 5729 1179 5785 licet
1211 5745 1375 5800 supra
1408 5730 1570 5785 dictis
1597 5732 1690 5793 sit,
1732 5732 1802 5787 ab
1832 5732 2088 5788 omnibus
2119 5742 2321 5799 tamen,
2354 5753 2495 5808 quos
2534 5737 2707 5793 Graeci
2738 5742 3152 5810 antiquissimos
3182 5752 3393 5813 putant,
3426 5725 3739 5793 scuiordel’m‘

578 5820 833 5873 heuditur
863 5839 875 5874 :
914 5818 1149 5876 Homero
1180 5821 1391 5879 scilicet
1448 5830 1502 5879 et
1536 5823 1773 5880 Hesiodo
1798 5866 1814 5891 ,
1860 5824 2208 5900 Trojanoque
2240 5831 2404 5894 bello,
2447 5846 2511 5886 ac
2558 5833 2732 5890 multo
2782 5836 3037 5906 superius
3071 5835 3324 5901 Hercule,
3361 5834 3570 5889 Musam.
3611 5813 3733 5869 [λίθον

574 5908 836 5978 ChirOne,
856 5910 1093 5982 Orpheo,
1129 5913 1377 5979 Castore,
1409 5913 1654 5985 Polluce,
1682 5916 2017 5990 (Esculapio,
2050 5920 2266 5991 Libero,
2304 5923 2596 5996 Mercurio,
2623 5926 2905 5999 Apolline,
2936 5928 3258 5999 caeterisque
3290 5929 3392 5984 diis
3422 5918 3646 5996 gentium.
3668 5909 3733 5957 ω’
