3954 6502
190 508 332 567 103!
1236 499 1535 593 Εοιοῦιι
1573 491 2058 558 ῐνιςσβιιετιοιε.
2103 525 2170 537 ——
2198 447 2338 552 .LIB.
2381 487 2456 552 ι.’
3335 481 3474 542 ιοειι

190 624 422 692 erisque
459 623 543 678 Vel
569 623 808 688 vatibus,
841 623 1015 693 ipsius
1046 618 1266 690 queque
1294 616 1446 673 Jovis
1476 616 1667 688 gestis,
1693 629 1856 684 quem
1890 611 2101 669 Gracia
2132 611 2186 666 in
2214 625 2343 666 arce
2367 606 2692 676 fdivinitatis
2719 605 3029 662 collocavit.
3060 603 3192 668 Hos,
3224 601 3475 673 inquam,

191 731 415 781 omnes,
452 732 594 788 quos
620 717 1087 782 enumeravimus,
1116 715 1278 770 etiam
1310 721 1435 785 post
1461 711 1758 782 Cecropem
1811 707 2100 781 Diphyem,
2131 709 2369 780 primum
2410 704 2605 759 Attica:
2628 717 2831 774 regem,
2862 701 3032 756 fuisse
3056 699 3473 756 convincimus:

188 808 504 879 Cecropem
531 820 712 864 autem
745 824 986 880 prmsens
1017 807 1245 864 historia
1282 803 1453 875 Moysi
1494 811 1831 858 coaetaneum
1863 800 2152 863 ostendet,
2191 806 2250 854 et
2270 795 2593 852 antecedere
2615 794 2915 864 'l'rojanum
2946 793 3145 848 b'ellum
3181 789 3340 846 anuis
3362 796 3476 845 tre-

189 899 386 953 centis
418 899 834 970 quinquaginta.
862 897 1018 966 Quod
1049 913 1116 954 ne
1145 897 1233 952 cui
1256 895 1482 950 dubium
1515 893 1782 955 videatur,
1808 891 2062 962 Frequens
2099 889 2240 944 ratio
2263 888 2342 944 sic
2374 887 2648 957 probabit,
2686 908 2706 939 ι
2731 895 2840 942 etc.
2871 885 3144 942 Hactenus
3167 885 3470 951 Eusebius;

189 1007 259 1046 ex
292 992 501 1061 quibus
533 991 884 1046 manifestum
917 990 1119 1054 evadit,
1149 988 1400 1044 eumdem
1443 986 1594 1041 illum
1625 995 1678 1042 et
1712 985 1966 1056 prooemii
2009 983 2210 1047 nostri,
2250 981 2462 1052 Eclugis
2485 981 2798 1050 propheticis
2835 980 3061 1051 praalixi,
3089 987 3144 1035 et
3169 975 3473 1048 Χρονικῶν

192 1086 492 1140 Κανόνω·
523 1093 801 1140 auctorem
841 1099 1003 1140 esse:
1037 1084 1179 1155 quod
1205 1081 1529 1152 prommium
1559 1094 1683 1134 cum
1717 1095 1816 1150 pro
1846 1078 2058 1150 Eclogis
2084 1120 2100 1143 ,
2151 1085 2205 1134 et
2233 1091 2340 1131 una
2381 1076 2682 1146 eademque
2720 1091 2907 1138 manu,
2929 1090 3036 1145 qua
3067 1075 3171 1128 illa:
3203 1075 3255 1128 in
3282 1071 3472 1127 codice

191 1183 468 1251 scriptum
493 1182 588 1243 sit,
615 1197 722 1236 non
756 1182 971 1246 dubito,
1004 1181 1136 1252 quin
1177 1181 1410 1235 lectores
1445 1177 1549 1231 mei
1580 1191 1688 1230 una
1717 1191 1931 1232 mecum
1961 1191 2061 1246 pro
2091 1188 2222 1229 vero
2252 1176 2644 1241 compertoque
2693 1169 2928 1223 habituri
2961 1169 3091 1231 sint,
3124 1167 3222 1223 has
3252 1182 3470 1238 quoque

193 1275 429 1344 Eclogas
465 1283 684 1329 nostras
733 1273 978 1342 ejusdem
1032 1272 1248 1328 Eusebii
1283 1270 1545 1339 Pamphili
1583 1271 1879 1341 genuinum
1929 1283 2070 1339 opus
2102 1283 2246 1323 esse.
2288 1263 2461 1319 Porro
2489 1276 2668 1318 autem
2699 1261 3091 1334 κριτικὼτατος
3125 1261 3368 1333 Scaliger
3414 1262 3469 1318 in

192 1366 469 1439 prooemio
502 1365 567 1418 ad
602 1363 644 1419 Τ
645 1365 930 1418 Itesaurum
960 1379 1119 1419 suum
1149 1363 1289 1418 ridet
1315 1360 1917 1434 Hieronynutm,quod,
1946 1360 2143 1430 inquit.
2177 1357 2365 1412 Graeca
2405 1356 2624 1412 Eusebii
2658 1371 2763 1410 non
2794 1366 3080 1410 assecutus
3107 1397 3122 1418 ,
3175 1353 3468 1410 Eusebium

189 1457 583 1514 Chronic-orum
618 1471 840 1513 suorum
887 1455 1155 1526 ἐπιτομήν
1189 1455 1590 1524 conscripsisse
1629 1453 1932 1508 arbitratus
1986 1452 2078 1506 sit.
2127 1449 2178 1505 ls
2215 1452 2366 1505 locus
2410 1451 2609 1520 legitur
2651 1449 2704 1502 in
2751 1450 2977 1519 prologo
3021 1447 3273 1503 llistoriw
3302 1449 3468 1504 cccle-

189 1555 432 1611 siastica:
464 1552 688 1610 Eus'sbii
718 1571 731 1606 :
767 1551 907 1623 Ἤδη
942 1551 1041 1622 μὲν
1073 1547 1164 1604 οὖν
1187 1550 1393 1605 τούτων
1426 1550 1520 1604 καὶ
1553 1552 1757 1622 πρότερ

1871 1551 1930 1602 ἐν
1955 1544 2036 1611 οἷς
2063 1545 2476 1616 διετυπὼσαμεν
2516 1543 2822 1614 Χρονικοῖς
2852 1545 3148 1609 [iur-datr,
3202 1545 3470 1619 ἐπιτομὴν

188 1648 666 1722 κατεστησάμηνο
723 1647 1104 1720 πληρεστάτην
1154 1647 1198 1700 δ’
1245 1643 1338 1702 οὖν
1376 1649 1525 1719 ὅμως
1573 1645 1756 1700 αὐτῶν
1808 1645 1900 1698 ἐπὶ
1959 1643 2054 1697 τοῦ
2107 1642 2373 1714 παρόντος
2425 1639 2691 1712 ὡρμήθην
2727 1640 2827 1712 τὴν
2859 1641 3137 1710 ἀφήγησιν
3175 1640 3466 1697 ποιεῖσθαι.

185 1752 324 1812 una:
356 1743 592 1799 Rutilius
620 1742 811 1798 Latine
841 1743 1112 1797 convertit
1138 1742 1218 1797 sic
1249 1760 1262 1796 :
1302 1741 1554 1808 Quamvis
1577 1741 1694 1810 jam
1718 1738 1781 1794 de
1811 1740 1892 1794 Itis
1927 1739 2054 1808 ipsis
2087 1736 2343 1791 nonnulla
2366 1735 2601 1789 etiamin
2631 1733 2918 1788 Cln'oaicis
2947 1732 3021 1799 (id
3050 1741 3126 1786 est
3154 1733 3206 1784 iu
3233 1749 3292 1785 eo
3319 1748 3470 1801 opere

185 1837 330 1910 quod
357 1838 425 1893 de
455 1847 746 1906 temporum
798 1837 1004 1890 ratione
1027 1836 1474 1905 conscripsimus;
1507 1834 1730 1889 breviter
1772 1834 2132 1902 succincteque
2179 1828 2608 1899 perstrinxerit»,
2657 1825 2862 1895 plenius
2907 1835 3080 1880 tamen
3123 1826 3176 1879 in
3219 1825 3468 1895 pra'senti

186 1945 341 2000 opere
371 1929 704 2000 singulorum
739 1930 1098 1982 narrationem
1130 1929 1334 1998 aperire
1374 1926 1717 1981 tentabimus.
1746 1925 1825 1980 Ad
1855 1941 1978 1996 qua:
2013 1923 2258 1992 Scaliger
2287 1940 2300 1976 :
2339 1939 2358 1972 ι
2403 1919 2602 1982 Recte,
2640 1919 2838 1990 inquit,
2875 1917 3108 1974 Ruﬁnus
3141 1937 3152 1973 :
3190 1918 3294 1973 nisi
3320 1915 3471 1988 quod

185 2023 282 2075 ἐπὶ
321 2021 420 2076 τοῦ
460 2022 727 2094 παρόντος
760 2022 1079 2076 vertendum
1107 2029 1223 2075 erat
1249 2021 1755 2089 imprwscntiarum,
1794 2019 1876 2072 vel
1912 2032 2069 2070 nunc.
2110 2035 2128 2067 ι
2165 2015 2290 2068 llaec
2323 2013 2452 2068 ille:
2487 2019 2543 2064 at
2563 2027 2681 2066 mea
2702 2011 2920 2078 quidem
2946 2011 3238 2072 sententia.
3262 2011 3471 2066 rectius

184 2111 376 2168 Grmca
416 2112 633 2168 Eusebii
673 2121 961 2176 assecutus
987 2122 1071 2168 est
1106 2112 1505 2185 Hieronymus,
1552 2129 1715 2183 quam
1773 2112 1857 2166 vel
1907 2109 2169 2172 Rufinus,
2215 2107 2299 2160 vel
2339 2109 2367 2160 6
2407 2109 2548 2160 πάνυ
2591 2105 2876 2175 Scaliger:
2930 2121 3055 2160 nam
3093 2105 3145 2158 in
3201 2104 3476 2174 prommio

185 2214 384 2262 nostro
415 2205 563 2263 clare
596 2205 913 2274 diserteque
945 2205 1019 2258 ait
1052 2203 1321 2259 Eusebius
1346 2247 1360 2270 ,
1422 2203 1754 2273 Χρονικοὺς

1861 2201 2160 2267 ιντάξαντες
2199 2198 2471 2264 Κανόνας
2495 2238 2509 2261 ,
2553 2199 2820 2268 ἐπιτομήν
2856 2213 2917 2250 τε
2954 2197 3163 2261 τούτοις
3201 2195 3471 2250 παντοδεια

183 2297 295 2367 τῆς
326 2295 572 2366 ἱστορίας
621 2296 887 2368 Ἐλλήνων
921 2314 981 2350 τε
1020 2297 1115 2350 καὶ
1162 2293 1454 2369 βαρϐάρων
1485 2299 1757 2370 ἁντιπαρα

1861 2312 1968 2359 τες,
2013 2312 2069 2349 κ.
2109 2311 2162 2346 τ.
2194 2293 2268 2354 λ..
2306 2307 2366 2348 se
2405 2290 2694 2347 Cltront'cos
2722 2291 2964 2346 Canones
2993 2291 3319 2362 scripsisse,
3352 2295 3466 2348 eis-

182 2389 426 2462 demque
455 2390 842 2461 compendium
893 2391 1057 2447 varia:
1116 2391 1362 2446 historiae
1411 2399 1520 2444 tam
1577 2390 1890 2446 Graecorum
1925 2404 2088 2460 quam
2135 2394 2189 2442 et
2221 2386 2454 2441 aliarum
2489 2386 2732 2455 gentium
2767 2401 2834 2439 ex
2869 2383 3097 2438 adverso
3154 2382 3404 2453 posuisse
3443 2401 3461 2438 :

183 2487 353 2537 trium
394 2484 540 2539 enim
580 2486 666 2540 hic
705 2484 1048 2540 diversorum
1088 2500 1317 2554 operum
1347 2499 1572 2540 suormn
1606 2484 1757 2539 metui

1884 2483 2154 2538 Eusebius
2187 2500 2200 2535 :
2241 2478 2427 2551 primi,
2461 2477 2865 2545 Παντοδαπῆς
2895 2477 3165 2546 ἱστορίας
3187 2492 3201 2506 ⁸
3235 2477 3469 2533 alterius

181 2578 500 2648 Χρονικῶν
526 2581 813 2635 Κανόνων
835 2595 849 2610 ⁸
893 2581 1059 2640 tertii.
1108 2580 1428 2650 Ἐπιτομῆς
1449 2581 1757 2636 nar-codem

1869 2582 2158 2648 ἱστορίας.
2191 2579 2432 2637 Primum
2466 2577 2758 2651 separatim
2788 2575 2961 2631 edidit
3002 2575 3303 2636 Eusebius.
3352 2575 3475 2630 duo-

183 2670 396 2740 reliqua
430 2670 792 2738 coniunctim,
819 2678 879 2725 ut
905 2671 991 2726 vel
1023 2670 1185 2727 hodie
1218 2673 1398 2727 solent
1433 2673 1644 2741 vulgari
1681 2691 1692 2725 :
1736 2687 1899 2742 quam
1935 2671 2098 2726 etiam
2131 2671 2202 2725 ob
2229 2687 2454 2730 causam
2491 2669 2849 2727 emendanda:
2881 2668 3012 2721 mihi
3045 2669 3302 2721 videntur
3345 2665 3464 2736 epi-

178 2763 408 2832 graphte
435 2776 464 2814 a
504 2759 783 2833 Scaligcro
813 2763 992 2831 editae,
1028 2777 1093 2818 ac
1132 2763 1368 2834 primum
1403 2763 1624 2834 quidem
1668 2762 1886 2819 Eusebii
1921 2778 2060 2833 opus
2087 2763 2328 2831 titulum,
2361 2773 2422 2819 ut
2457 2764 2693 2824 videtur,
2727 2760 2870 2816 ferre
2909 2761 3170 2826 deberet,
3229 2763 3467 2813 Παντοα

177 2852 388 2920 δαπῆς
423 2855 696 2922 ἱστορίας
733 2854 948 2926 (cujus,
1013 2864 1107 2909 aut
1155 2857 1452 2927 persimilis
1499 2856 1825 2928 epigraphes
1863 2856 2070 2913 Gellius
2117 2873 2334 2928 quoque
2382 2857 2626 2912 meminit
2677 2857 2728 2910 in
2781 2854 3098 2925 priefatione
3153 2854 3219 2908 ad
3264 2852 3463 2909 Noctes

178 2946 444 3016 Atticas.)
471 2955 584 3009 aut,
621 2955 678 3001 ut
713 2948 766 3002 in
821 2950 1118 3020 exemplari
1156 2965 1256 3004 suo
1289 2951 1418 3018 legit
1460 2951 1750 3022 llteronym

1894 2951 2192 3005 Εὐσεϐίου
2231 2949 2338 3006 τοῦ
2373 2950 2689 3021 Παμφίλου
2735 2947 3170 3017 Χρονογραςςία.
3211 2947 3459 3000 Alterun

178 3056 343 3106 vero,
387 3040 949 3110 ΧρονικοὶΚανόνες
986 3043 1111 3098 σὺν
1137 3043 1393 3114 ἐπιτομῇ
1435 3044 1757 3100 παντοδαπί

1861 3046 2146 3116 ἱστορίας.
2193 3043 2301 3102 Sed
2341 3045 2457 3101 haec
2487 3044 2566 3100 illi
2592 3042 2937 3100 discutienda
2969 3042 3325 3113 relinquimus
3361 3037 3459 3112 qui

179 3141 247 3198 au
279 3130 495 3190 edenda
527 3132 748 3189 Eusebii
786 3150 952 3206 opera
986 3137 1229 3191 animum
1265 3139 1559 3208 appulerit.

968 3507 1578 3686 ECLOG/E
1657 3501 2664 3622 PROPHETIC/E.

1345 3747 1710 3837 LIBER
1781 3744 2274 3838 PRIMUS.

168 4148 232 4219 (ί,
255 4149 309 4217 1)
328 4147 492 4218 λόγου
520 4165 578 4202 τε
597 4149 692 4216 καὶ
717 4147 830 4220 βίου
854 4147 1245 4222 διεξοδευθεῖσα
1266 4149 1364 4216 τὰς
1384 4150 1622 4222 περὶτοῦ
1654 4152 1760 4203 Κυ-

171 4244 287 4314 ι-ἐου
320 4242 418 4296 καὶ
453 4243 705 4315 Σωτῆρος
744 4243 906 4314 ἡμῶν
953 4243 1125 4314 Ἰησοῦ
1161 4243 1395 4314 Χριστοῦ
1431 4243 1755 4315 μαρτυρίας,

167 4333 234 4386 δι’
258 4334 512 4405 ἐναργῶν
532 4335 626 4388 καὶ
651 4334 882 4405 πιστῶνι
898 4333 991 4394 καὶ
1006 4334 1220 4406 ἀληθῶν
1241 4321 1564 4400 ἀποδείξεών
1583 4352 1639 4388 τε
1665 4335 1759 4387 καὶ

169 4425 547 4498 συλλογισμῶν
583 4426 891 4495 ἐπηιστοῦτο,
923 4425 1206 4498 βραχείαις
1251 4428 1446 4499 κομιδῇ
1492 4430 1612 4490 ταῖς
1652 4426 1760 4480 ἀπὸ

166 4519 274 4572 τῶν
302 4519 463 4592 παρά,
479 4537 537 4573 τε
554 4519 827 4584 Ἰουδαίοις
857 4519 950 4573 καὶ
976 4522 1106 4591 ἡμῖν
1129 4520 1578 4592 πεπιστευμένων
1601 4518 1759 4573 θείων

168 4601 403 4684 Γραφῶν
445 4612 540 4665 ἐπὶ
573 4611 717 4667 τέλει
751 4613 1072 4684 χρησαμένη
1125 4593 1485 4684 μαρτυρίαις·
1525 4613 1646 4676 ἐπεὶ
1685 4613 1759 4685 μὴ

166 4703 221 4757 δὲ
252 4703 414 4769 ἄλλος
457 4704 578 4785 ᾕρει
613 4705 771 4774 λόγος
802 4707 915 4769 τοῖς
957 4695 1038 4770 ἔτι
1065 4707 1243 4776 πάντη
1273 4709 1390 4772 ταῖς
1426 4705 1598 4770 θείαις
1632 4695 1760 4764 ἀπι-

171 4792 390 4847 στοῦσιν
435 4795 680 4866 Γραφαῖς
732 4795 974 4866 δαψιλεῖς
1023 4795 1082 4862 ἐξ
1128 4795 1307 4858 αὐτῶν
1362 4798 1759 4870 παρατίθεσθαι

164 4886 263 4952 τὰς
324 4888 636 4952 συστάσεις.
685 4889 768 4942 Τά
810 4905 874 4958 γε
917 4889 1023 4961 μὴν
1064 4890 1120 4941 ἐν
1160 4890 1345 4962 χερσὶν
1388 4875 1500 4955 τοῖς
1547 4893 1612 4944 ἐκ
1661 4890 1760 4960 τῆς

166 4979 395 5034 ἐκείνων
436 4980 765 5048 ἀποδείξεως
795 4974 884 5036 οἶα
915 4981 980 5059 δὴ
1029 4972 1201 5046 θείαις
1231 4981 1332 5053 ἥδη
1369 4983 1462 5036 καὶ
1500 4982 1757 5036 θεοπνεύ-

165 5089 315 5136 στοις
364 5072 644 5126 πιστεύειν
695 5073 972 5143 ὀφείλουσι
1016 5076 1136 5139 ταῖς
1186 5075 1357 5146 ἱεραῖς
1408 5075 1651 5146 Γραφαῖς
1679 5075 1758 5128 τὸ

163 5160 349 5216 λεῖπον
371 5162 610 5228 ἐκείναις
632 5163 1053 5235 ἀποπληροῦντα
1075 5164 1401 5236 ἐπεπόνητο,
1427 5164 1758 5236 Συναγωγὴν

163 5253 491 5324 περιέχοντα
531 5252 835 5325 συλλήϐδην
911 5291 926 5308 .
1007 5293 1022 5307 .
1103 5291 1120 5309 .
1199 5292 1217 5311 .
1297 5294 1312 5318 .
1395 5295 1408 5309 .
1487 5254 1756 5328 περὶτοῦ

1863 4147 2130 4204 Sermone
2177 4158 2232 4204 et
2261 4150 2371 4204 vita
2418 4159 2678 4206 accurate
2720 4149 2972 4206 discussa
3009 4148 3076 4205 de
3127 4148 3357 4207 Domino
3395 4157 3452 4208 et

1863 4241 2148 4298 Salvatore
2181 4252 2372 4297 nostro
2413 4239 2541 4298 Jesu
2574 4243 2795 4298 Christo
2831 4243 3171 4304 lcslitltOtIia,
3218 4259 3310 4315 per
3345 4244 3454 4301 cla-

1862 4350 1973 4398 ras,
2021 4335 2319 4403 ﬁdelesque
2366 4341 2420 4388 et
2458 4350 2615 4390 veras
2649 4334 3153 4390 demonstr..tinues
3181 4342 3236 4388 ct
3281 4336 3452 4390 ratio-

1861 4428 2171 4484 cinationes
2211 4425 3248 4496 conﬁrmabatur,brevibusdiligeutcr
3302 4423 3452 4480 Scri-

1863 4533 2144 4595 pturarum
2177 4523 2512 4585 divinartun,
2535 4535 2657 4591 quae
2682 4520 2824 4590 apud
2855 4517 3074 4574 Judaros
3107 4532 3158 4575 et
3182 4519 3323 4590 apud
3349 4534 3450 4576 nos

1862 4616 2184 4678 creduntur,
2237 4621 2512 4684 postremo
2565 4627 2665 4667 usa
2718 4611 3082 4678 testimoniis;
3147 4625 3270 4666 cum
3327 4612 3451 4682 qui-

1862 4708 1984 4763 dem
2023 4723 2131 4762 nou
2165 4707 2270 4761 alia
2327 4714 2474 4761 esset
2516 4705 2680 4767 ratio,
2741 4703 3054 4758 divinarum
3104 4704 3282 4760 adhuc
3331 4720 3451 4758 0m-

1862 4800 1997 4855 nino
2030 4798 2442 4869 scripturarum
2485 4795 2786 4852 incredulis
2824 4796 3031 4866 largam
3078 4811 3142 4852 cx
3181 4797 3248 4854 iis
3278 4803 3451 4852 ntale-

1861 4894 2027 4948 riam'
2059 4890 2400 4948 confercndi.
2459 4889 2592 4958 Qua:
2652 4890 2820 4960 igitur
2868 4889 2921 4942 in
2956 4904 3122 4944 manu
3155 4898 3338 4952 erant,
3381 4887 3450 4944 iis

1860 4985 1954 5057 qui
2016 4992 2240 5056 propter
2308 4984 2503 5038 horum
2571 4982 3095 5036 demonstrationem
3174 4983 3256 5036 vel
3310 4981 3451 5036 divi-

1861 5077 1972 5139 nis,
2029 5078 2116 5133 vel
2163 5077 2430 5132 divinitus
2484 5076 2682 5131 adlatis
2728 5074 2954 5130 credere
2998 5074 3197 5130 debent
3241 5074 3449 5130 sanctis

1864 5169 2190 5239 Seripturis,
2221 5185 2342 5239 qua:
2377 5169 2485 5222 illis
2530 5167 2733 5229 desunt
2773 5169 3129 5239 complentia,
3170 5167 3451 5224 elaborata

1861 5269 2039 5327 erant,
2068 5260 2412 5334 Synagogam
2448 5275 2557 5316 uno
2597 5261 2767 5314 verbo
2813 5259 3329 5330 comprehendi-utin
3372 5302 3386 5316 .

161 5344 370 5418 Κυρίου
404 5347 498 5399 καὶ
541 5345 795 5418 Σωτῆρος
842 5347 998 5420 ἡμῶν
1037 5347 1213 5421 Ἰησοῦ
1256 5346 1496 5421 Χριστοῦ
1542 5365 1756 5431 προςηέ

1865 5393 1880 5408 .
1926 5369 1941 5410 ;
1986 5393 2001 5407 .
2047 5394 2063 5409 .
2108 5396 2122 5410 .
2167 5395 2186 5424 .,
2228 5392 2243 5408 .
2289 5392 2304 5406 .
2352 5395 2366 5409 .
2412 5392 2427 5406 .
2472 5395 2486 5408 .
2528 5352 2596 5407 de
2623 5351 2857 5406 Domino
2882 5351 3451 5410 ctSalvatorenostro

158 5433 429 5499 τεέαν,ἂς
460 5434 690 5490 ἀπὸπ.
772 5478 786 5492 .
865 5475 882 5493 .
962 5479 975 5492 .
1056 5479 1070 5493 .
1145 5455 1176 5492 τ
1254 5480 1268 5494 .
1348 5456 1380 5493 σ
1457 5478 1474 5494 .
1551 5439 1756 5494 παλαιὰ

1861 5443 1989 5504 .Icsu
2023 5444 2245 5501 Christo
2289 5444 2651 5516 prophetiam,
2697 5457 2838 5512 quas
2880 5459 2911 5496 ει
2954 5486 2969 5500 .
3013 5485 3027 5500 .
3073 5483 3086 5497 .
3134 5486 3148 5501 .
3193 5486 3208 5502 .
3254 5487 3268 5502 .
3312 5487 3326 5502 .
3371 5484 3387 5500 .
3431 5486 3448 5502 .

162 5527 438 5599 Διαθήκης
469 5530 558 5598 ὑφ’
588 5529 647 5584 ἓν
682 5535 1010 5602 συναγαγεῖν
1039 5533 1214 5599 ἔδοξεν
1237 5551 1250 5566 ³
1278 5534 1308 5598 δ
1349 5574 1362 5590 .
1444 5576 1459 5590 .
1541 5578 1555 5604 .
1639 5575 1654 5590 .
1737 5575 1752 5592 .

1864 5576 1881 5593 .
1928 5578 1941 5592 .
1989 5580 2002 5594 .
2049 5580 2064 5594 .
2108 5549 2292 5595 vetera
2331 5537 2667 5594 Tcstamenti
2703 5537 2757 5590 in
2796 5552 2964 5591 unmu
3008 5541 3337 5596 contrahere
3369 5538 3450 5597 vi-

159 5633 210 5670 τε
222 5635 346 5689 ρον·
380 5618 460 5691 πῆ
491 5620 547 5674 δὲ
580 5623 674 5675 καὶ
697 5622 763 5675 δι’
798 5624 1062 5682 ὑπονοιῶν
1099 5627 1169 5682 τὰ
1197 5629 1325 5700 περὶ
1357 5628 1523 5691 αὑτοῦ
1555 5646 1752 5702 προειρ

1861 5647 1979 5689 sum
2007 5641 2129 5699 est;
2173 5672 2188 5687 .
2233 5671 2252 5691 .
2416 5671 2432 5687 .
2478 5675 2493 5688 .
2541 5677 2555 5688 .
2599 5673 2615 5689 .
2659 5636 2953 5713 allegorice
2993 5634 3062 5691 de
3094 5635 3188 5690 illo
3213 5651 3322 5706 pra:
3364 5674 3378 5688 .
3426 5678 3444 5692 .

163 5749 178 5762 .
253 5751 272 5768 .
340 5738 370 5766 -.
452 5751 468 5766 .
543 5731 602 5766 ον
628 5715 790 5768 αὑτὸν
821 5716 917 5769 καί
945 5717 1043 5781 τὰς
1071 5719 1192 5772 κατ’
1222 5721 1387 5774 αὑτὸν
1415 5721 1748 5793 οἰκονομίας.

1861 5766 1872 5780 .
1919 5765 1932 5779 .
1977 5765 1992 5781 .
2037 5765 2050 5778 .
2098 5767 2113 5782 .
2157 5764 2172 5782 .
2219 5768 2234 5782 .
2267 5768 2281 5783 .
2315 5741 2438 5782 eum
2465 5735 2630 5808 atque
2649 5745 2878 5801 porcum
2897 5728 3447 5802 dispositioncs.t\'cn

160 5800 297 5907 Ουχὶ
326 5801 512 5907 femi.
554 5804 641 5857 είσ
717 5845 731 5859 .
812 5845 826 5860 .
909 5845 924 5860 .
1003 5847 1017 5860 .
1097 5809 1571 5885 μόζομεᾶπὲρας
1605 5813 1752 5886 εἱλη-

1861 5826 2115 5875 autemet
2141 5820 2194 5874 in
2238 5861 2254 5877 .
2298 5860 2315 5876 .
2361 5859 2377 5874 .
2416 5863 2431 5877 .
2475 5861 2492 5877 .
2535 5863 2550 5878 .
2591 5837 2714 5894 quae
2734 5825 3013 5895 accepisse
3034 5833 3419 5880 exnuinosten

161 5892 300 5959 ςὸτα
321 5892 621 5952 δείκνυται.
666 5897 778 5962 Τὰς
803 5898 859 5952 δὲ
881 5899 1105 5954 τοιαύτα
1159 5941 1172 5956 .
1254 5943 1268 5956 .
1350 5943 1366 5959 .
1446 5948 1460 5962 .
1541 5945 1556 5961 .
1638 5945 1654 5960 .
1736 5947 1749 5960 .

1861 5911 2079 5970 duntur.
2106 5912 2261 5969 Talia
2292 5929 2424 5971 vero
2463 5953 2480 5970 .
2527 5957 2541 5972 .
2699 5953 2719 5972 .
2766 5957 2781 5973 .
2947 5956 2962 5972 .
3007 5958 3022 5972 .
3063 5956 3077 5970 .
3117 5915 3440 5988 ilirigentx.

257 6024 270 6038 .
350 5985 628 6057 ἀρχούσας
649 6005 662 6018 ·
706 5991 799 6047 καὶ
832 5992 1110 6066 σποράδην
1147 5996 1208 6048 οὐ
1247 5995 1405 6068 μόνον
1446 5999 1750 6073 προφητεία

1855 6015 2020 6077 atque
2050 6006 2158 6062 huc
2203 6013 2256 6064 et
2299 6007 2429 6064 illuc
2474 6023 2581 6065 non
2616 6015 2825 6065 tantum
2856 6008 3143 6085 prophetia
3192 6045 3203 6069 ,
3246 6048 3260 6068 .
3305 6049 3315 6063 .
3366 6048 3380 6062 .
3420 6046 3437 6062 .
