3954 6528
485 495 628 554 1025
1126 491 1396 551 EUSEBll
1435 487 1927 548 CAESARIENSIS
1973 485 2111 548 )PP.
2154 481 2333 543 PARS
2370 480 2457 538 Ill.
2497 511 2566 522 —
2607 477 3020 542 EXEGETICA.
3601 481 3739 535 ιοει

486 601 520 676 .’
552 659 568 674 .
611 657 626 672 .
672 659 687 673 .
733 659 747 674 .
792 658 803 671 .
844 633 965 689 qure
995 615 1048 671 in
1085 615 1334 673 historiis
1373 613 1747 668 continentur.
1778 609 1895 665 Non
1930 624 2068 680 pau-

2181 645 2186 660 .
2269 646 2282 660 .
2362 644 2377 658 .
2456 644 2468 657 .
2533 619 2668 657 ουσα
2711 643 2724 657 .
2802 640 2818 656 .
2860 601 3124 672 ἱστορίαις
3159 599 3740 670 ἐναποκειμένας-οὑκ

487 711 570 767 eis
607 752 623 767 .
667 752 682 765 .
723 753 736 766 .
781 751 795 771 ρ
835 753 848 766 .
893 752 906 764 .
949 753 963 766 .
1005 719 1125 765 acta
1171 708 1288 763 fore
1339 705 1541 770 utiles;
1567 718 1692 759 cum
1737 717 1846 756 non
1886 700 2066 784 facile,

2181 698 2367 766 5λίγοις
2445 736 2458 750 .
2538 738 2552 751 .
2633 735 2646 748 .
2726 693 2952 765 αχθεῖσα
2984 691 3203 745 ἔσεσθαι
3250 692 3582 763 χρησίμους⁴
3618 693 3741 747 ἐπεὶ

486 803 584 861 sed
623 801 782 873 quasi
826 818 892 858 ex
935 840 952 857 .
997 840 1011 855 .
1057 839 1072 855 .
1117 843 1131 856 .
1177 843 1189 854 .
1238 841 1252 854 .
1299 839 1312 850 .
1360 839 1374 854 .
1419 795 1828 868 Scripturarum
1882 783 2067 847 Coram

2181 790 2248 862 μὴ
2279 791 2458 863 ῥᾴδιον
2482 789 2596 842 ἀλλ’
2628 788 2704 851 ὡς
2727 789 2790 840 ἐκ
2819 786 2920 856 τῆς
2998 823 3012 838 .
3091 823 3105 837 .
3181 784 3349 855 τάδην
3375 783 3484 837 τῶν
3516 783 3739 856 Γραφῶν

486 895 743 949 omnibus
789 892 1130 948 recitationis
1175 906 1367 950 onmes
1415 888 1703 960 subiacere
1733 887 1791 942 in
1825 901 1888 941 os
1921 894 1976 941 et
2014 885 2069 940 in

485 984 806 1040 memoriam
838 984 981 1040 ferre
1011 984 1344 1040 volentibus.

560 1075 856 1131 Sciendum
905 1086 990 1133 est
1038 1093 1161 1140 nos,
1202 1077 1522 1146 priusquam
1578 1072 1682 1131 hoc
1725 1070 2068 1143 propositum

484 1169 935 1240 aggrederemur,
964 1168 1254 1224 Chronico;
1279 1168 1519 1224 Canones
1543 1165 1857 1237 scripsisse,
1878 1163 2070 1233 eisque

489 1261 876 1331 compendium
912 1262 1079 1316 variae
1121 1260 1370 1316 historiae
1399 1269 1509 1314 tam
1553 1256 1868 1312 Graecorum
1903 1269 2066 1324 quam

427 1349 430 1352 ’
487 1363 542 1409 et
563 1353 795 1408 aliarum
829 1355 1074 1425 gentium
1103 1368 1170 1408 ex
1207 1352 1436 1407 adverso
1464 1349 1737 1422 posuisse,
1767 1347 1835 1401 ad
1867 1346 2069 1418 Moysis

491 1455 656 1516 atque
699 1447 956 1509 aliorum,
1005 1445 1098 1516 qui
1132 1453 1255 1515 post
1301 1460 1425 1500 eum
1471 1443 1642 1510 fuere,
1679 1441 2069 1512 prephetarum

489 1546 816 1594 vetustatem
861 1537 1269 1593 vindicandam.
1303 1536 1400 1592 llis
1431 1537 1588 1606 quasi
1634 1534 2070 1605 supplementum

488 1647 610 1703 quae
638 1631 799 1686 nobis
833 1631 887 1685 in
908 1645 1071 1684 manu
1097 1641 1255 1685 erant
1288 1631 1488 1702 passim
1522 1629 1861 1698 colligentes,
1889 1625 2072 1696 priore

490 1721 744 1778 absoluto
788 1721 856 1775 ad
909 1736 1149 1790 praesens
1199 1736 1337 1792 opus
1382 1735 1564 1775 rerum
1607 1731 1803 1773 natura
1849 1713 2070 1771 adducti

490 1829 704 1870 sumus.
737 1811 894 1879 Quod
939 1813 1064 1884 quis
1113 1813 1219 1868 cite
1262 1812 1526 1882 sapientis
1555 1810 1674 1881 apis
1706 1809 1942 1864 naturali
1981 1809 2069 1862 in-

488 1906 714 1962 dustria:
756 1906 1174 1975 comparaverit,
1222 1905 1291 1958 ad
1322 1919 1485 1974 quam
1535 1918 1636 1958 nos
1686 1900 1915 1956 remittit
1975 1915 2070 1955 sa-

2171 879 2624 952 συναναγνώσεως
2645 879 2744 944 τὰς
2765 879 2943 942 πάσας
2967 877 3293 931 ὑποπίπτειν
3314 879 3428 939 τοῖς
3449 876 3553 932 ἀνὰ
3572 875 3741 948 στόμα

2170 977 2263 1031 καὶ
2295 975 2383 1029 διὰ
2413 975 2632 1046 μνήμης
2661 973 2847 1044 φέρειν
2883 972 3052 1037 αὑτὰς
3078 970 3448 1042 βουλομένοις.

2254 1066 2451 1122 Ἰστέον
2481 1065 2528 1118 δ’
2557 1065 2634 1129 ὡς
2667 1065 2773 1143 πρὸ
2806 1065 2903 1135 τῆς
2943 1062 3224 1135 παρούσης
3257 1060 3568 1123 ὑποθέσεως
3603 1061 3742 1127 Χρο-

2168 1159 2380 1226 νικοὺς
2419 1157 2776 1226 συντάξαντες
2816 1156 3108 1222 Κανόνας,
3141 1153 3410 1224 ἐπιτομήν
3439 1168 3502 1204 τε
3540 1149 3742 1214 τούτοις

2170 1250 2513 1321 παντοδαπῆς
2543 1248 2782 1320 ἱστορίας
2827 1246 3091 1317 Ἑλλήνων
3120 1261 3180 1298 τε
3211 1245 3306 1300 καί
3341 1241 3630 1314 βαρϐάρων
3651 1240 3744 1296 ἀϊ-

2170 1339 2586 1412 τιπαραθέντες,
2614 1338 2717 1410 τὴν
2747 1335 3027 1398 Μωΰσέως
3056 1335 3149 1388 καὶ
3174 1333 3282 1386 τῶν
3315 1333 3375 1399 ἐξ
3418 1331 3585 1385 αὑτοῦ
3616 1347 3742 1402 «pp-

2172 1431 2357 1504 φητῶν
2390 1430 2725 1504 ἀρχαιότητα
2752 1429 2817 1482 δι’
2848 1426 3029 1482 αὑτῶν
3052 1426 3515 1498 παρεστήσαμενι
3546 1419 3626 1486 οἷς
3647 1423 3743 1494 τὴν

2175 1523 2311 1596 μετά
2353 1526 2543 1596 χεῖρας
2587 1521 2862 1593 σποράδην
2913 1515 3205 1578 ἀκόλουθον
3251 1512 3742 1585 ὑπολαμϐάνοντες,

2171 1615 2398 1679 εἰκότως
2443 1615 2561 1686 μετ’
2589 1612 2803 1684 ἐκείνην
2835 1609 2928 1662 ἐπὶ
2965 1608 3063 1679 τὴν
3089 1605 3368 1676 παροῦσαν
3412 1602 3742 1672 ἐληλύθαμεν

2173 1707 2553 1780 πραγματείαν
2574 1723 2590 1738 ο
2618 1707 2684 1777 ἢν
2704 1705 2797 1761 καὶ
2820 1704 3118 1777 χαριέντως
3147 1704 3210 1757 ἀν
3238 1718 3320 1763 τις
3343 1699 3423 1770 τῷ
3450 1697 3556 1768 τῆς
3584 1695 3742 1765 σοφῆς

2177 1800 2429 1872 μελίττης
2455 1798 2804 1853 ἀπεικάσειεν
2845 1795 3056 1866 φυσικῷ
3090 1794 3490 1863 σπουδάσματι,
3524 1788 3655 1860 πρὸς
3679 1788 3742 1857 ἣν

2174 1893 2513 1964 ἀναπέμπων
2545 1891 2694 1962 ἡμᾶς
2735 1893 2764 1944 ὁ
2805 1891 2864 1943 ἐν
2893 1888 3221 1960 Παροιμίαλις
3266 1885 3410 1958 ἱερὸς
3455 1883 3612 1952 λόγος
3643 1898 3740 1951 φης

486 2013 582 2054 cer
619 2013 802 2053 sermo
849 1997 906 2050 in
951 1996 1263 2052 Proverbiis
1309 1995 1500 2051 dicens
1530 2014 1542 2049 :
1574 2013 1592 2046 ι
1623 1992 1773 2049 Vade
1795 1993 1862 2047 ad
1883 2008 2064 2063 apem,

2181 1990 2280 2052 σὶν,
2322 2005 2340 2038 ι
2386 1987 2458 2040 "H
2481 1983 2774 2057 πορεύθητι
2805 1981 2939 2052 πρὸς
2970 1982 3068 2052 τὴν
3099 1980 3371 2052 μέλιτταν,
3402 1977 3502 2030 καὶ
3532 1973 3608 2026 ἴδε
3635 1971 3742 2034 πῶς

487 2099 542 2146 et
565 2089 688 2145 vide
709 2105 872 2160 quam
901 2104 1133 2160 Operosa
1161 2090 1253 2153 sit,
1284 2103 1559 2159 quamque
1589 2087 1866 2157 egregium
1899 2084 2072 2138 conﬁ-

487 2184 597 2236 ciat
621 2197 800 2252 opus;
830 2182 951 2252 ejus
980 2183 1221 2237 laborem
1258 2197 1415 2251 reges
1456 2191 1509 2236 et
1545 2179 1743 2251 privati
1771 2178 1837 2234 ad
1871 2178 2073 2233 sanita-

487 2286 595 2332 tem
628 2275 958 2342 comedunt;
989 2283 1144 2346 grata
1187 2281 1273 2330 est
1323 2274 1603 2340 omnibus,
1636 2281 1805 2344 atque
1839 2271 2069 2343 inclyta,

485 2368 592 2425 etsi
642 2368 855 2423 viribus
907 2368 1141 2433 debilis,
1198 2367 1524 2438 sapientiam
1573 2365 1756 2420 colere
1808 2363 2074 2436 praedica-

485 2471 578 2516 tur
603 2463 642 2517 ¹.
675 2483 692 2511 ι
738 2461 1209 2529 Quemadmodum
1267 2459 1416 2515 enim
1462 2459 1578 2513 haec
1623 2457 1809 2528 opifex
1846 2457 2072 2528 sapient-

484 2559 617 2614 tiam
671 2558 853 2612 colere
925 2555 1120 2618 fertur,
1174 2553 1483 2610 ﬂorentium
1547 2551 1858 2622 germinum
1922 2549 2074 2604 colli-

485 2664 620 2720 gens
655 2649 831 2713 utilia,
866 2655 920 2703 et
953 2646 1040 2701 his
1071 2646 1330 2702 omnibus
1360 2644 1608 2700 collectis
1633 2653 1796 2713 atque
1824 2641 2076 2696 elabora-

491 2741 586 2803 tis,
618 2739 842 2810 regibus
867 2745 921 2793 et
955 2736 1183 2808 privatis
1225 2736 1522 2799 salutares,
1552 2743 1609 2788 ut
1638 2733 1715 2786 ait
1765 2731 2071 2802 Scriptura,

486 2841 708 2904 prmstat
740 2831 953 2885 labores
993 2845 1146 2890 suos,
1179 2827 1322 2882 idem
1358 2827 1522 2881 etiam
1570 2826 1707 2880 istas
1749 2824 1816 2879 de
1853 2821 2076 2878 Christo

486 2922 836 2994 propheticas
863 2922 1021 2976 nobis
1051 2920 1305 2990 Eclogas,
1346 2934 1467 2989 quae
1506 2925 1636 2974 sunt
1679 2916 2011 2987 ﬁorilegium
2047 2931 2078 2970 e

487 3016 659 3086 pratis
683 3013 776 3069 Dei
796 3014 1156 3084 spiritalibus,
1193 3012 1692 3083 comprehcnsuras
1732 3023 1857 3064 esse
1888 3007 2079 3062 existi-

488 3121 598 3170 mo,
663 3107 863 3177 quippe
908 3121 1048 3160 cera:
1097 3102 1402 3174 opiﬁcium,
1453 3102 1684 3173 pulchre
1736 3101 2079 3157 elaboratum

487 3198 720 3254 sinceris
786 3196 964 3252 verbis
1015 3194 1294 3251 tradentes
1355 3193 1660 3250 sententias
1720 3208 1852 3249 vero
1897 3193 1971 3269 in_
2011 3193 2080 3248 iis

486 3290 801 3348 reconditas
831 3291 974 3346 sicut
1011 3289 1226 3345 dulcem
1269 3305 1334 3344 ac
1370 3287 1797 3344 saluberrimum
1836 3286 1958 3358 apis
1989 3302 2079 3343 sa-
2105 3321 2146 3375 ε

489 3385 690 3455 pientis
725 3384 962 3438 fructum
1003 3383 1058 3436 in
1099 3389 1313 3438 secreto
1351 3379 1614 3436 interiore
1645 3379 1768 3434 loco
1805 3377 2073 3435 condens.

487 3476 623 3545 Quis
659 3478 802 3532 enim
850 3475 1088 3530 ﬁdelium
1127 3489 1239 3529 non
1266 3473 1531 3529 fateretur
1563 3472 1631 3527 ab
1658 3472 1807 3527 omni
1825 3471 2074 3543 corporis

486 3570 764 3641 voluptate
803 3575 856 3623 et
882 3567 1115 3622 utilitate
1149 3564 1566 3637 incomparabili
1604 3563 1824 3620 diﬁ‘erre
1852 3564 2074 3636 praecel-

489 3662 655 3718 lentia
685 3661 954 3716 salutares
978 3659 1045 3716 de
1075 3657 1258 3714 Verbo
1290 3657 1384 3714 Dei
1409 3656 1754 3722 collationes,
1781 3656 1850 3711 ad
1876 3656 2075 3712 intelli-

488 3755 726 3825 gentiam
752 3751 1089 3807 orthodoxiae
1122 3749 1369 3816 idoneas,
1395 3750 1452 3804 in
1497 3749 1565 3805 iis
1587 3765 1710 3820 quae
1751 3765 1880 3804 vere
1919 3748 2073 3804 utilia

488 3853 542 3897 ct
580 3842 825 3896 salubria
871 3843 1034 3897 sunt!
1070 3839 1223 3896 Hanc
1272 3839 1527 3911 amplecti
1569 3854 1798 3896 necesse
1836 3847 1922 3895 est
1964 3854 2075 3896 non

489 3943 700 3989 tantum
772 3932 1039 4004 dignitate
1113 3933 1487 4004 praecellentes
1515 3971 1530 3997 ,
1600 3933 1695 4004 qui
1752 3948 1909 4004 reges
1975 3947 2076 3987 vo-

489 4031 707 4089 cantur,
762 4023 860 4078 sed
907 4030 963 4079 et
1011 4023 1310 4094 subjectos,
1359 4029 1413 4080 et
1444 4023 1683 4093 primum
1711 4039 1857 4078 nunc
1887 4022 2076 4079 divino

491 4117 836 4172 attendentes
899 4116 1088 4171 verbo.
1141 4115 1352 4180 Quibus
1389 4115 1607 4173 diverse
1656 4116 1929 4172 idoneum
1961 4115 2077 4172 lore

488 4209 746 4265 existimo
793 4207 992 4262 mentis
1029 4205 1314 4272 habitum,
1368 4213 1430 4260 ut
1478 4221 1806 4278 pernoscere
1863 4205 2077 4278 possint

488 4300 777 4355 veritatem
827 4312 1018 4354 eorum
1077 4297 1372 4352 verborum
1408 4336 1424 4363 ,
1487 4296 1555 4353 de
1621 4297 1822 4368 quibus
1873 4295 2076 4352 eruditi

488 4390 687 4455 sunt”;
737 4396 872 4462 tunc
907 4387 1143 4442 maxime
1184 4387 1419 4457 simplici
1477 4388 1806 4459 sinceraque
1841 4385 1945 4442 ﬁde
1983 4386 2077 4442 ﬁr-

489 4497 636 4536 mam
694 4490 1066 4552 consequente
1118 4481 1416 4547 ﬁduciam,
1461 4497 1588 4537 cum
1653 4481 2078 4536 ratiocinatione

489 4583 544 4630 et
581 4574 1049 4634 demonstratione
1086 4573 1448 4630 fundamenta
1476 4575 1722 4630 stabilita
1767 4575 1902 4638 sint,
1955 4589 2076 4628 cer-

440 4730 442 4733 .
491 4666 759 4722 tissimam
789 4681 973 4722 rerum
1004 4666 1341 4722 creditarum
1368 4665 1785 4738 intelligentiam
1807 4673 1863 4720 et
1893 4663 2076 4721 scien-

490 4759 621 4814 tiam
682 4758 749 4813 ad
790 4797 804 4812 .
851 4797 865 4811 .
908 4796 927 4817 .
970 4799 985 4814 .
1044 4797 1059 4813 .
1106 4801 1120 4815 .
1165 4796 1181 4813 .
1234 4797 1249 4814 .
1293 4797 1312 4815 .
1355 4801 1370 4814 .
1420 4800 1433 4814 .
1475 4757 1642 4830 igitur
1691 4771 1896 4824 causa,
1949 4754 2076 4812 dico

490 4855 674 4903 autem
714 4887 730 4904 .
771 4887 784 4902 .
829 4886 845 4901 .
894 4888 908 4902 .
951 4888 966 4904 .
1016 4889 1029 4902 .
1077 4890 1090 4904 .
1137 4889 1151 4904 .
1194 4888 1208 4902 .
1249 4863 1478 4905 necesse
1518 4863 1640 4904 esse
1673 4847 1898 4918 prodest
1937 4889 1951 4902 .
1997 4887 2013 4903 .
2057 4889 2073 4906 .

490 4957 509 4974 ο
553 4979 569 4996 .
613 4982 629 4998 .
671 4981 687 4996 .
735 4982 749 4996 .
794 4982 809 4998 .
855 4981 870 4996 .
915 4980 931 4996 .
975 4983 990 4999 .
1035 4949 1133 5010 ,ut
1169 4942 1226 4996 in
1260 4942 1516 5014 prommii
1548 4942 1712 4998 modo
1741 4942 2076 5014 interpreta-

491 5034 694 5089 tionem
723 5031 877 5088 brevi
918 5070 935 5087 .
982 5073 996 5087 .
1036 5073 1053 5090 .
1100 5073 1116 5089 .
1160 5073 1173 5086 .
1218 5070 1235 5088 .
1284 5073 1299 5088 .
1345 5071 1359 5086 .
1403 5071 1419 5087 .
1461 5073 1478 5089 .
1525 5074 1540 5088 .
1583 5032 1822 5087 maxime
1862 5031 2077 5090 brevis-

491 5127 685 5182 simam
733 5140 1040 5197 proponere
1086 5125 1155 5182 de
1197 5163 1210 5179 .
1257 5166 1273 5180 .
1320 5166 1335 5181 .
1379 5167 1392 5179 .
1439 5163 1453 5178 .
1513 5123 1736 5196 quidem
1785 5140 2077 5198 argumen-

490 5227 605 5274 tum
635 5219 745 5274 illis
766 5219 856 5290 qui
885 5217 1110 5274 credere
1141 5216 1302 5290 quasi
1325 5215 1528 5272 divinis
1571 5255 1587 5271 .
1633 5257 1646 5270 .
1692 5259 1706 5272 .
1750 5260 1764 5273 .
1817 5256 1833 5272 .
1879 5258 1894 5272 .
1941 5261 1954 5273 .
2000 5261 2014 5274 .
2061 5257 2076 5273 .

491 5311 791 5382 praedicant
835 5310 1176 5383 Scripturis;
1221 5325 1334 5366 non
1367 5309 1536 5381 igitur
1579 5350 1593 5364 .
1639 5349 1652 5362 .
1700 5351 1713 5364 .
1763 5351 1776 5364 .
1821 5348 1837 5364 .
1878 5350 1893 5364 .
1938 5350 1952 5363 .
1999 5352 2012 5366 .
2061 5350 2074 5364 .

488 5403 675 5460 Jesum
708 5405 869 5476 quasi
901 5405 1082 5476 ipsum
1130 5419 1292 5475 quem
1333 5401 1824 5474 prophetaverunt.
1868 5399 1928 5458 In
1975 5401 2078 5456 du-

490 5498 579 5552 bio
619 5538 633 5553 .
679 5539 693 5554 .
740 5540 754 5552 .
921 5537 937 5552 .
984 5540 997 5553 .
1044 5540 1058 5554 .
1105 5538 1118 5552 .
1162 5513 1278 5565 eos,
1324 5498 1535 5552 scilicet
1581 5495 1822 5563 Iudaeos,
1860 5511 2076 5552 necnon

489 5592 694 5645 electos
737 5631 751 5646 .
796 5630 811 5645 .
855 5630 869 5645 .
913 5629 928 5644 .
972 5631 990 5648 .
1034 5631 1050 5646 .
1096 5629 1110 5644 .
1155 5630 1171 5655 ,
1211 5598 1265 5644 et
1304 5588 1667 5645 refutationes
1715 5604 1907 5645 eorum
1955 5604 2076 5660 quae

491 5684 666 5752 magis
693 5683 856 5738 etiam
896 5683 1133 5754 mythica
1167 5694 1395 5753 possent
1423 5683 1629 5747 dicere,
1658 5683 1944 5739 exsolvere
1975 5697 2073 5737 co-

490 5772 602 5830 nati
630 5772 842 5829 divinas
876 5790 1059 5832 voces.
1091 5773 1210 5830 Erit
1239 5789 1460 5847 quoque
1499 5776 1682 5832 brevis
1710 5782 1764 5832 et
1793 5774 2074 5832 moderata

565 5950 580 5986 ¹
621 5950 781 6008 Prov.
819 5967 893 6018 vI,
929 5951 983 6007 8.
1062 5953 1081 5983 ’
1123 5949 1256 6007 Luc.
1297 5951 1360 6018 Ι,
1399 5950 1452 6010 ι.

2173 2079 2395 2153 ἐργάτις
2424 2078 2563 2143 ἐστὶ,
2591 2080 2692 2149 τήν
2723 2092 2782 2128 τε
2813 2073 3074 2148 ἐργασίαν
3100 2071 3174 2136 ὡς
3220 2068 3422 2140 σεμνὴν
3454 2061 3738 2137 ἐμπορεύε-

2172 2192 2260 2228 ται
2278 2191 2290 2203 °
2317 2169 2384 2245 ἧς
2407 2172 2534 2235 τοὺς
2554 2171 2751 2234 πόνους
2781 2167 3016 2239 βασιλεῖς
3039 2165 3136 2218 καὶ
3172 2162 3376 2217 ίδιῶται
3402 2160 3546 2230 πρὸς
3571 2155 3744 2225 ὑγείαν

2173 2265 2574 2338 προσφέρονται
2601 2279 2613 2292 ·
2651 2259 2872 2329 ποθεινὴ
2906 2275 2965 2312 τε
2992 2257 3138 2312 ἐστὶν
3163 2255 3325 2308 πᾶσιν
3361 2252 3457 2304 καὶ
3491 2246 3744 2311 ἐπίδοξος.

2174 2357 2375 2428 καίπερ
2403 2351 2535 2409 οὖσα
2561 2355 2626 2424 τῇ
2663 2350 2823 2424 ῥώμῃ
2845 2348 3098 2418 ἀσθενὴς,
3131 2346 3229 2416 τὴν
3254 2343 3446 2412 σοφίαν
3475 2340 3746 2411 τιμήσασα

2175 2451 2446 2525 προήχθη.
2487 2467 2504 2499 ι
2545 2449 2640 2501 Ὃν
2673 2445 2782 2516 γὰρ
2832 2444 3126 2516 ήηέργάτις
3173 2437 3358 2507 ἐκείνη
3403 2435 3614 2506 τρόπον
3658 2432 3746 2525 την

2177 2524 2365 2614 σοφίαν
2396 2541 2626 2614 τιμῆσαι
2655 2534 3095 2610 μαρτυρουμένη,
3116 2530 3224 2584 τῶν
3246 2527 3489 2582 εὑθαλῶν
3513 2524 3746 2596 βλαστῶν

2175 2635 2546 2707 ἀναλεγομένη
2575 2632 2644 2686 τά
2683 2630 2988 2704 πρόσφορα,
3024 2627 3087 2679 ἐκ
3110 2623 3210 2694 τῆς
3248 2621 3507 2676 ἁπάντων
3537 2621 3747 2671 ἐπισυν-

2177 2730 2400 2801 αγωγῆς
2458 2744 2518 2780 τε
2572 2725 2668 2779 καὶ
2713 2722 2974 2794 ἐργασίας
3038 2715 3314 2789 βασιλεῦσι
3370 2713 3467 2767 καὶ
3527 2709 3747 2770 ἰδιώταις

2178 2821 2467 2892 ὑγιεινοὺς,
2561 2833 2724 2888 φησιν
2755 2816 2789 2886 ἡ
2815 2809 3028 2884 Γραφὴ,
3057 2808 3358 2882 παρέχεται
3394 2804 3526 2866 τοὺς
3564 2800 3750 2871 ἑαυτῆς

2180 2917 2395 2979 πόνους,
2424 2910 2617 2965 ταυτόν
2642 2926 2693 2961 τι
2720 2908 2813 2961 καὶ
2845 2906 2940 2966 τάς
2972 2904 3102 2974 περὶ
3128 2899 3220 2954 τοῦ
3251 2895 3493 2970 Χριστοῦ
3521 2898 3750 2962 Προρης

2178 3007 2345 3074 τικὰς
2377 3007 2510 3078 ἡμῖν
2551 2999 2855 3070 Ἐκλογὰς,
2902 2995 3219 3066 άπάνθισμα
3246 2991 3356 3046 τῶν
3389 2989 3488 3043 τοῦ
3514 2985 3651 3078 Θεοέῦ
3674 2984 3751 3038 λιμ-

2179 3099 2351 3168 γικῶν
2397 3075 2678 3167 λειμώνων
2721 3088 3114 3160 τυγχανούσας,
3171 3081 3444 3156 περιέξειν
3496 3075 3750 3151 ἠγοῦμαι.

2179 3193 2279 3263 τὴν
2315 3190 2412 3262 μὲν
2435 3188 2545 3242 τῶν
2579 3184 2762 3259 κηρῶν
2790 3181 3091 3236 εὔπλαστον
3117 3174 3479 3249 δημιουργίαν
3502 3172 3564 3224 ἐν
3581 3168 3752 3239 ψιλαῖς

2181 3285 2299 3347 ταῖς
2326 3280 2532 3346 λέξεσιν
2564 3274 2975 3341 ἀποσωζούσας,
3023 3269 3094 3324 τά
3136 3268 3179 3322 δ’
3224 3270 3282 3321 ὲν
3313 3265 3463 3337 αὑτῷ
3496 3263 3755 3324 τεθησαυ-

2183 3373 2417 3448 ρισμένα
2448 3371 2696 3442 νοήματα
2726 3364 3044 3435 καταλλήλῳ
3073 3361 3150 3432 τῷ
3177 3359 3366 3430 γλυκεῖ
3395 3358 3489 3411 καὶ
3533 3358 3756 3425 ὑγιεινο-

2180 3468 2328 3538 τάτῳ
2358 3465 2458 3536 τῆς
2491 3461 2661 3532 σοφῆς
2710 3462 2767 3512 ἐν
2801 3456 3014 3528 ἐκείνης
3045 3455 3341 3524 γεννήματι
3383 3449 3516 3504 εἴσω
3566 3464 3668 3501 που
3690 3448 3753 3538 ira

2181 3534 2513 3629 ἀπορρήτοις
2552 3551 2964 3622 ταμιευόμενος.
3009 3543 3103 3607 Τίς
3143 3543 3249 3612 γὰρ
3296 3540 3361 3612 δὴ
3401 3539 3513 3592 τῶν
3554 3534 3753 3591 πιστῶν

2180 3651 2281 3703 οὑκ
2334 3648 2400 3702 ἂν
2431 3645 2760 3718 ὁμολογήσαι
2803 3641 2983 3711 πάσης
3029 3637 3116 3690 διὰ
3160 3633 3426 3704 σωμάτων
3467 3629 3658 3700 ἡδονῆς
3697 3642 3753 3679 τε

2183 3744 2277 3796 καὶ
2299 3739 2565 3812 ὠφελείας
2595 3734 2912 3808 ἀσυγκρίτῳ
2944 3729 3218 3800 διαφέρειν
3251 3727 3490 3796 ὑπεροχῇ
3523 3721 3624 3784 τάς

2180 3808 2400 3906 τηρίους
2427 3831 2556 3904 περὶ
2587 3827 2682 3882 τοῦ
2717 3826 2891 3894 Λόγου
2925 3821 3018 3877 τοῦ
3050 3818 3187 3873 Θεοῦ
3229 3813 3578 3906 παραθέσεις,
3615 3808 3751 3906 (τρε)

2184 3900 2519 3998 ἐπιτηδείους
2563 3921 2701 3993 πρὸς
2753 3915 3018 3988 ἀνάληψιν
3070 3908 3420 3984 ὑπαρχούσας
3460 3905 3579 3998 τῆς
3623 3900 3754 3998 κατᾶ

2183 3993 2441 4092 ἀλήθειαν
2493 4013 2768 4086 ὠφελίμου
2813 4010 2908 4064 καὶ
2961 4006 3205 4076 ὑγιεινῆς
3263 3997 3605 4092 ὀρθοδοξίας;
3659 3993 3754 4092 "BV

2185 4110 2466 4184 περιέπειν
2499 4107 2794 4176 ἀναγκαῖον
2823 4103 2885 4156 οὑ
2923 4100 3113 4172 μόνους
3138 4095 3264 4158 τοὺς
3292 4093 3388 4164 τὴν
3422 4090 3536 4156 ἕξιν
3563 4085 3748 4184 προδε-

2185 4176 2421 4274 6ηκότας
2454 4195 2694 4270 βασιλεῖς
2718 4188 3170 4263 ὀνομαζομένορς,
3198 4181 3332 4238 ἀλλά
3359 4179 3453 4233 καὶ
3479 4179 3606 4240 τοὺς
3633 4176 3756 4228 ὑπο-

2185 4266 2485 4366 ϐεϐηκότας
2510 4289 2604 4344 καὶ
2631 4286 2850 4359 πρῶτον
2867 4283 2990 4355 ἄρτι
3007 4279 3082 4351 τῷ
3105 4277 3232 4348 θείῳ
3250 4266 3747 4366 προσιόνταςλόγιρο

2183 4384 2264 4452 οἷς
2306 4358 2401 4441 καὶ
2431 4381 2792 4454 διαφερόντως
2825 4373 3138 4445 ἐπιτηδείαν
3166 4365 3381 4422 ἔσεσθαι
3429 4361 3635 4433 νομίζω
3665 4358 3751 4427 τὴν

2185 4451 2463 4540 ὑπόθεσιν,
2631 4473 2696 4528 ἂν
2746 4467 3005 4542 ἀκριϐοῦν
3047 4464 3105 4532 ἐξ
3150 4462 3316 4532 αὑτῆς
3369 4457 3620 4512 δύναιντο
3665 4451 3756 4523 τὴν

2185 4571 2314 4644 περὶ
2352 4563 2426 4624 ὧν
2466 4563 2858 4638 κατηχήθησαν
2891 4559 3065 4628 λόγων
3098 4553 3428 4644 ἀσφάλειανο
3466 4543 3754 4644 τότεμῦ-

2184 4633 2274 4714 λον
2301 4661 2401 4731 τῆς
2428 4633 3018 4726 ἁπλῆς-καῖίάκεραίου
3045 4645 3280 4706 πίστεως
3309 4642 3518 4709 πεῖσμα
3548 4633 3756 4731 pedum

2186 4725 2465 4824 ίσχούσης,
2505 4725 2723 4800 ἐπειδὰν
2764 4741 2842 4812 τῷ
2882 4736 3125 4808 λογισμῷ
3177 4735 3301 4796 τοὺς
3336 4731 3402 4824 διῗ
3440 4725 3758 4824 ἀποδείξεως

2185 4820 2682 4917 προεγκαταὸαλών
2705 4852 2790 4898 τις
2809 4830 3087 4904 θεμελίους
3113 4827 3212 4899 τὴν
3236 4823 3436 4895 ἀκριΘῆ
3609 4834 3760 4872 πεπι-

2186 4913 2496 5005 στευμένων
2546 4925 2850 4996 κατάληψίν
2892 4940 2952 4976 τε
3005 4920 3098 4975 καὶ
3149 4917 3350 4987 γνῶσιν
3383 4913 3521 4985 πρὸς
3568 4913 3757 4979 ἐπικτη

2188 5067 2202 5082 .
2281 5065 2296 5080 .
2377 5064 2392 5079 .
2472 5061 2486 5076 .
2556 5061 2570 5076 .
2609 5016 2794 5089 νγοῦν
2825 5016 3010 5069 ἕνεκεν
3039 5011 3182 5084 φημὶ
3210 5009 3266 5063 δὲ
3293 5007 3401 5061 τῶν
3431 5007 3494 5058 ὲτ
3535 5043 3552 5059 .
3597 5042 3613 5058 .
3652 5019 3758 5055 τοι·

2185 5119 2382 5192 χειὼσε
2459 5159 2472 5171 .
2555 5156 2569 5170 .
2652 5153 2665 5167 .
2746 5151 2761 5166 .
2843 5149 2856 5162 .
2937 5145 2954 5161 .
3028 5105 3319 5172 ἀναγκαῖον
3346 5095 3485 5152 εἶναι
3516 5096 3760 5169 παρέστη

2190 5187 2329 5284 μετά
2369 5208 2469 5280 τὴν
2510 5205 2747 5276 ἑκάστης
2801 5218 2908 5273 προ
2980 5237 2995 5254 .
3075 5235 3090 5251 .
3169 5234 3182 5248 .
3266 5235 3280 5249 .
3358 5209 3426 5256 ιν,
3457 5189 3535 5253 ὡς
3565 5189 3626 5284 ἐν
3655 5187 3761 5284 ἐίσ-

2185 5278 2411 5376 ἀγωγῆς
2428 5278 2629 5375 -τρόπιρ
2656 5299 2908 5370 διήγησιν
2941 5293 3112 5367 βραχυ
3155 5330 3170 5346 .
3250 5330 3264 5340 .
3341 5325 3356 5339 .
3435 5324 3451 5338 .
3531 5283 3615 5336 ενι
3665 5278 3762 5352 μάν

2185 5397 2342 5450 λιστα
2374 5391 2795 5466 συντομωτάτην
2824 5384 3164 5460 παραθέσθαι
3196 5379 3324 5452 περὶ
3365 5419 3379 5432 .
3455 5416 3470 5428 .
3555 5414 3570 5428 .
3653 5413 3670 5429 .
3743 5408 3757 5423 .

2189 5490 2286 5561 μὲν
2312 5488 2533 5559 ἔλεγχον
2555 5484 2665 5539 τῶν
2698 5480 2977 5537 πιστεύειν
3012 5477 3108 5550 μὲν
3141 5475 3216 5536 ὡς
3247 5471 3420 5533 θείαις
3460 5507 3476 5522 .
3556 5507 3571 5521 .
3654 5503 3670 5520 .
3741 5501 3754 5515 .

2189 5586 2305 5653 ραῖς
2325 5580 2638 5653 αὐχούντων
2660 5577 2930 5650 Γραφαῖς·
2962 5572 3036 5645 μὴ
3060 5569 3164 5642 μὴν
3186 5577 3482 5638 προσιεμεν
3507 5601 3522 5614 .
3549 5571 3688 5653 ,υτα
3707 5592 3720 5608 .
3738 5590 3754 5606 .

2479 5716 2491 5730 .
2570 5671 2646 5726 ὦν
2689 5667 2895 5740 Ἰησοῦν
2927 5665 3002 5730 ὡς
3045 5664 3111 5718 ἂν
3155 5659 3315 5716 αὑτὸν
3339 5656 3468 5710 ὄντα
3512 5651 3752 5740 totum:

2185 5770 2550 5844 φητευόμενον
2570 5783 2583 5798 ο
2619 5734 2966 5835 ἐπαπόρησιν
2999 5775 3039 5811 π
3067 5796 3080 5810 .
3125 5795 3139 5809 .
3183 5792 3196 5807 .
3241 5792 3254 5806 .
3296 5745 3514 5809 αὐτοὺς,
3543 5739 3683 5810 λέγω
3704 5734 3752 5790 δὲ
