3954 6530
249 392 385 448 ιοεδ

236 507 368 567 τοὺς
393 506 460 557 ὲκ
488 503 807 575 περιτομῆς,
838 502 930 556 καὶ
954 503 1079 567 τοὺς
1103 504 1212 558 ἀπὸ
1236 504 1343 558 τῶν
1362 506 1570 578 αἱρέσε.
1606 545 1621 560 .

239 591 311 653 δὲ’
342 598 442 651 καὶ
484 595 796 668 ἀνατροπὰς
845 588 921 648 ὧν
962 594 1028 649 ἂν
1056 595 1259 650 εἴποιεν
1288 597 1658 670 μυθικώτερον
1700 599 1821 651 ὲπι-

240 691 389 744 λύειν
420 688 752 760 πειρώμενοι
782 686 881 751 τάς
905 688 1052 752 θείας
1078 689 1279 757 φωνάς.
1310 691 1500 744 Ἔσται
1524 690 1580 744 δὲ
1618 691 1713 743 καὶ
1735 691 1823 745 διὰ

242 781 493 854 βραχέων
526 779 720 851 μετρία
748 796 834 842 τις
862 779 1019 849 ήμῶν
1046 778 1322 851 ἐξήγησις,
1357 781 1445 833 ὁτὲ
1475 781 1572 851 μὲν
1605 782 1820 835 ἀπόδει-

239 874 323 939 ξιν
356 870 682 942 περιέξουσα
708 867 801 921 τοῦ
824 866 967 921 κατὰ
1001 868 1159 939 μόνον
1181 868 1272 922 τὸν
1296 867 1564 939 ἡμέτερον
1594 869 1822 941 Σωτῆρα

1318 390 1615 447 ECLOGAE
1656 380 2137 447 PROPHETICE.
2176 421 2244 431 -—
2284 388 2412 444 LIB.
2448 386 2492 445 I.

3367 394 3503 449 I026

1661 546 1675 561 .
1721 506 1824 577 μοῦ
1854 514 1897 567 Α
1928 514 2115 561 nostra
2144 505 2476 575 explanatio,
2516 505 2631 560 sive
2677 521 2801 561 cum
2836 508 3066 577 probare
3094 507 3380 565 certabitur
3404 526 3501 583 per

1931 600 2110 654 solum
2151 597 2488 653 Salvatorem
2542 606 2791 654 nostrum
2820 601 3073 672 impletas
3104 602 3278 659 fuisse
3317 618 3506 661 sacras

1930 690 2024 746 Dei
2054 690 2457 762 praedictiones,
2495 692 2610 748 sive
2643 708 2768 747 cum
2799 701 3046 750 nostram
3077 694 3229 752 deiis
3254 712 3375 767 qua:
3405 712 3505 754 ex-

1929 799 2196 857 ponemus
2223 786 2549 841 sententiam
2580 787 2993 858 explicabimus.

240 964 638 1037 πεπληρῶσθαι
671 963 768 1027 τὰς
797 963 948 1035 ἱερὰς
979 962 1072 1016 τοῦ
1100 962 1234 1017 Θεοῦ
1264 964 1619 1036 προρρήσεις,
1647 964 1736 1018 ὁτὲ
1764 965 1819 1019 δὲ
1859 968 1957 1040 τὴν
1981 969 2255 1042 ἡμετέραν
2278 966 2503 1040 γνώμην
2527 968 2594 1040 ἢν
2634 968 2828 1041 ἔχομεν
2862 971 2990 1043 περί
3053 972 3159 1028 τῶν
3196 970 3503 1042 εὲκτεθησο-

240 1062 423 1134 μένων
459 1059 820 1131 σημαίνουσα.

322 1152 485 1205 Ἀλλά
516 1153 624 1224 γὰρ
668 1150 874 1206 τούτων
918 1151 1257 1221 ἐφάπτεσθαι
1310 1150 1624 1221 μέλλοντας,
1656 1153 1823 1222 ἀναγ-

238 1246 412 1309 καίως
442 1243 948 1317 προδιαστείλασθαι
975 1244 1051 1308 ὡς
1073 1244 1149 1314 πῆ
1186 1245 1283 1314 μὲν
1313 1245 1546 1315 προόντα
1576 1244 1637 1297 οὐ
1664 1243 1822 1315 μόνον

236 1337 339 1407 τῆς
379 1336 846 1407 ὲνανθρωπήσεως
883 1334 1020 1389 ἀλλά
1072 1337 1164 1389 καὶ
1198 1337 1378 1408 πάσης
1418 1336 1642 1407 γενετῆς
1690 1336 1823 1388 ὐπο-

238 1430 486 1493 στάσεως
519 1428 614 1481 τοῦ
641 1428 777 1481 Θεοῦ
808 1428 981 1497 Λόγον
1019 1428 1362 1483 διδάσκουσιν
1393 1431 1442 1482 oi.
1481 1430 1615 1499 ἱεροὶ
1646 1427 1816 1497 λόγοι,

233 1522 372 1574 Θεὸν
402 1564 418 1577 .
463 1560 478 1574 .
524 1560 537 1573 .
571 1520 732 1574 αὐτὸν
763 1520 901 1591 μετά
930 1520 1019 1574 τὸν
1052 1521 1271 1593 Πατέρα
1300 1521 1394 1574 καὶ
1426 1520 1627 1592 Κύριον
1654 1536 1821 1591 προσ-

236 1614 617 1686 αγορεύοντες,
643 1608 730 1668 οἷα
759 1614 820 1684 δὴ
854 1614 948 1666 καὶ
974 1613 1034 1666 τὸ
1069 1615 1329 1685 κήρυγμα
1358 1613 1418 1667 τὸ
1442 1613 1821 1683 ὲκκλησιαστι·

236 1705 333 1759 κὸν
384 1705 629 1777 περιέχει
683 1705 991 1768 ἀκολούθως
1041 1708 1106 1776 τῇ
1156 1705 1483 1776 εὐαγγελικῇ
1545 1704 1817 1777 μαρτυρίᾳ
1858 1744 1865 1754 .

236 1798 537 1871 (είπ)ούσῃ,
579 1818 597 1849 ι
640 1799 727 1851 Ἐν
780 1799 921 1869 ἀρχῇ
957 1792 1028 1868 ἦν
1057 1798 1086 1850 ὁ
1114 1796 1318 1866 Λόγος·
1362 1798 1456 1851 καὶ
1484 1799 1511 1850 ό
1556 1798 1726 1864 Λόγος
1751 1792 1818 1866 ἦν

234 1890 375 1962 πρὸς
396 1891 489 1944 τὸν
509 1890 661 1955 Θεὸν,
696 1890 790 1944 καὶ
812 1890 943 1955 Θεὸς
969 1887 1038 1962 ἦν
1058 1893 1086 1944 ό
1112 1891 1283 1960 Λόγος
1301 1908 1313 1921 °
1350 1891 1524 1943 πάντα
1556 1890 1621 1943 δι’
1652 1888 1817 1941 αὐτοῦ

1998 1149 2202 1206 Verum
2234 1156 2523 1219 antequam
2545 1147 2808 1219 quidquid
2832 1148 2898 1204 de
2919 1148 3005 1205 his
3033 1150 3385 1221 attingamus,
3404 1168 3502 1223 pro

1923 1250 2075 1299 certo
2088 1242 2290 1296 habere
2306 1253 2529 1294 necesse
2540 1249 2641 1304 est,
2656 1239 2799 1309 quod
2816 1239 3008 1309 partim
3028 1240 3380 1311 praeexistens
3394 1258 3503 1297 non

1925 1335 2102 1390 solum
2137 1331 2527 1396 incarnationi,
2559 1335 2654 1387 sed
2690 1340 2745 1387 et
2778 1332 2958 1387 omnis
2992 1332 3314 1388 substantiae
3358 1350 3505 1390 crea-

1924 1430 2062 1485 tioni
2086 1429 2181 1482 Dei
2201 1427 2442 1483 Verbum
2463 1429 2639 1484 sancti
2660 1427 2783 1482 libri
2801 1427 3202 1491 docent,Deum
3247 1471 3260 1484 .
3306 1468 3323 1483 .
3366 1470 3382 1485 .
3427 1472 3442 1486 .
3486 1468 3501 1483 .

1924 1538 2047 1577 eum
2080 1528 2204 1592 post
2247 1520 2463 1577 Patrem
2494 1529 2551 1576 et
2593 1519 2881 1575 Dominum
2921 1520 3296 1590 designantes,
3346 1532 3405 1576 ut
3449 1532 3504 1578 et

1923 1613 2300 1669 ecclesiastica
2346 1613 2451 1669 fert
2483 1612 2798 1683 praedicatio
2829 1626 3070 1681 congrue
3115 1627 3237 1666 cum
3269 1629 3503 1684 evange-

1926 1707 2033 1761 lico
2076 1705 2397 1761 testimonio
2437 1705 2697 1759 dicente:
2731 1721 2750 1754 ι
2782 1702 2841 1757 ln
2890 1704 3159 1774 principio
3205 1716 3325 1759 erat
3365 1698 3499 1762 Ver-

1926 1798 2075 1863 bum,
2113 1804 2167 1852 et
2216 1796 2454 1852 Verbum
2502 1804 2621 1852 erat
2666 1795 2808 1865 apud
2864 1794 3058 1856 Deum,
3093 1804 3149 1850 et
3200 1795 3344 1850 Deus
3384 1805 3501 1851 erat

1927 1890 2187 1947 Verbum.
2222 1889 2416 1944 Omnia
2449 1905 2544 1959 per
2577 1891 2755 1961 ipsum
2788 1887 2929 1942 facta
2959 1896 3107 1954 sunt,
3139 1897 3193 1943 et
3220 1888 3341 1944 sine
3382 1889 3502 1959 ipso

233 1982 480 2051 ἐγένετο·
520 1982 617 2036 καὶ
648 1982 817 2054 χωρὶς
846 1982 1009 2035 αὐτοῦ
1044 1983 1259 2051 ἐγένετο
1300 1982 1421 2035 οὐδὲ
1450 1982 1508 2034 ἓν
1533 1999 1545 2011 ·
1585 2000 1603 2033 ι
1759 1981 1814 2033 δὲ

1921 1981 2122 2036 factum
2177 1989 2261 2037 est
2316 1982 2453 2035 nihil
2478 1982 2517 2047 ³,
2553 2001 2571 2033 ι
2602 1981 2799 2051 partim
2846 1980 3213 2051 praenuntiant
3237 1980 3346 2035 duo
3381 1979 3500 2049 ejus

232 2076 333 2141 τὰς
380 2076 474 2129 δύο
522 2077 825 2148 παρουσίας
873 2077 1038 2133 αὐτοῦ
1092 2074 1569 2148 προαναφωνοῦσιο
1625 2076 1722 2145 τήν
1760 2092 1819 2127 τε

233 2169 536 2242 προτέραν,
568 2170 624 2222 έν
717 2172 853 2241 μήτε
882 2164 1021 2233 εἶδος
1060 2168 1223 2222 αὐτὸν
1264 2169 1401 2237 μήτε
1450 2166 1642 2231 κάλλος
1677 2166 1817 2231 ἕξειν

232 2263 642 2334 προύθεσπιζον
687 2262 987 2335 διαρρήδην
1033 2262 1108 2327 ὡς
1151 2262 1422 2333 πρόϐατον
1468 2262 1559 2313 ἐπὶ
1605 2260 1817 2331 σφαγὴν

232 2356 595 2430 ἀχθήσεσθαι,
640 2358 731 2411 καὶ
760 2356 946 2425 σαφῶς
977 2356 1148 2419 οὕτως
1179 2355 1288 2409 ἀπὸ
1316 2354 1423 2407 τῶν
1457 2353 1694 2423 ἀνομιῶν
1723 2352 1816 2406 τοῦ

232 2451 505 2523 προτέρου
543 2450 673 2504 λαοῦ
717 2452 816 2523 τὴν
856 2451 949 2503 ἐπὶ
996 2450 1210 2520 θανάτῳ
1253 2446 1817 2517 καταδικασθήσεσθαι

230 2542 515 2612 λέγοντεςο
552 2537 639 2596 οἷα
683 2542 747 2613 δὴ
796 2542 891 2595 καὶ
939 2540 1356 2595 ἀποδείκνυνται
1399 2542 1498 2610 τῆς
1547 2538 1817 2610 προτέρας

233 2632 404 2687 αὐτοῦ
437 2633 742 2704 παρουσίας
770 2634 824 2685 αἱ
867 2631 1009 2685 κατά
1036 2632 1160 2695 τοὺς
1197 2630 1449 2703 Τιϐερίου
1489 2631 1710 2702 χρόνους
1740 2632 1818 2683 οἰ-

233 2725 513 2797 κονομίαν
559 2726 650 2779 καὶ
676 2724 775 2796 τὴν
818 2725 1093 2796 δευτέραν,
1138 2723 1315 2777 οὐκέθ’
1350 2723 1538 2793 ὁμοίαν
1570 2726 1637 2793 τῇ
1681 2740 1815 2793 προ-

230 2816 392 2888 τέρα,
425 2816 700 2885 θειοτέραν
732 2814 787 2867 δὲ
820 2816 915 2868 καὶ
963 2815 1095 2867 πολὺ
1130 2816 1196 2885 τῇ
1238 2812 1364 2886 δόξῃ
1410 2812 1816 2883 παραλλάττου-

235 2925 357 2971 σαν,
406 2907 521 2977 μετ’
554 2904 851 2974 ἀγγελικῆς
883 2904 1208 2977 δορυφορίας
1253 2903 1347 2956 καὶ
1386 2902 1485 2972 τῆς
1516 2903 1609 2954 ἀπ’
1650 2903 1816 2976 οὐρα-

233 2998 342 3052 νῶν
377 2995 736 3068 παρατάξεως
772 2995 1173 3066 γενησομένην·
1210 2988 1290 3056 οἷς
1336 2993 1693 3063 εὐγνωμόνως
1724 2992 1816 3045 τὸν

232 3088 631 3158 ἐντυγχάνοντα
676 3084 851 3157 χρεὼν
900 3085 1097 3138 κανόνα
1146 3083 1334 3155 ὥσπερ
1379 3084 1471 3137 καὶ
1515 3084 1715 3137 σκοπὸν
1756 3082 1816 3135 τὸ

233 3183 499 3252 κήρυγμα
540 3178 792 3249 κατέχειν
822 3178 880 3230 τὸ
909 3175 1265 3230 ἀποστολικὸν
1294 3175 1474 3228 τέλεια
1505 3176 1599 3229 καὶ
1634 3176 1813 3249 ἀπαρ-

233 3274 530 3345 εγχείρητα
566 3272 634 3326 τά
663 3272 762 3343 τῆς
801 3271 1055 3342 ἀληθείας
1095 3269 1337 3339 δόγματα
1367 3269 1811 3338 διαφυλάττοντα,

232 3362 510 3417 τουτέστιν
539 3361 606 3415 τά
642 3364 768 3433 περὶ
795 3362 893 3432 τῆς
923 3359 1143 3432 πρώτης
1168 3360 1263 3412 καὶ
1292 3361 1554 3429 ἀγενήτου
1581 3359 1673 3411 τοῦ
1707 3360 1813 3413 τῶν

1921 3366 2162 3421 omnium
2203 3365 2501 3429 creatione,
2549 3364 2695 3418 sicut
2730 3364 2953 3417 verbum
3002 3405 3014 3416 .
3058 3405 3070 3417 .

232 3457 370 3510 ὅλων
403 3456 539 3508 Θεοῦ
569 3455 805 3525 φύσεως,
841 3454 934 3507 καὶ
966 3454 1033 3506 τὰ
1059 3453 1158 3522 τῆς
1182 3451 1275 3505 τοῦ
1310 3451 1452 3504 θείου
1479 3451 1654 3519 Λόγου
1683 3468 1814 3521 προ-

233 3550 588 3613 υποστάσεὼς
612 3567 671 3603 τε
716 3550 811 3602 καὶ
846 3548 1167 3619 ὑπουργίας,
1199 3546 1266 3617 ἢν
1293 3545 1385 3598 ἐπὶ
1422 3549 1488 3617 τῇ
1522 3546 1629 3598 τῶν
1656 3562 1815 3616 γενη-

230 3647 342 3702 τῶν
371 3646 627 3700 ἁπάντων
655 3644 1009 3715 δημιουργίᾳ,
1034 3636 1121 3695 οἷα
1152 3641 1215 3712 δὴ
1250 3639 1425 3709 λόγος.

234 3738 1742 3810 (r.5)............,.

237 3966 251 3979 ι
330 3962 347 3975 ο
427 3962 443 3977 ο
532 3962 545 3975 l
624 3959 639 3972 θ
720 3960 736 3977 ο
821 3959 835 3973 ο
918 3959 933 3973 ο
1015 3957 1031 3973 ο
1120 3956 1135 3971 ο
1211 3956 1225 3971 ο
1305 3961 1319 3971 ο
1408 3956 1420 3969 ο
1515 3955 1529 3970 ο
1609 3957 1624 3971 ο
1706 3956 1718 3968 ο
1798 3955 1811 3968 ο

234 4020 404 4090 χωρὶς
448 4017 557 4071 τῶν
603 4014 885 4087 τεσσάρων
921 4012 1201 4083 στοιχείων
1238 4011 1346 4064 τῶν
1375 4014 1503 4083 παρ’
1543 4010 1814 4082 Ἑϐραίοις

231 4110 654 4180 ἁνεκφωνήτων,
686 4101 761 4161 ὧν
805 4106 892 4159 διὰ
921 4106 1024 4176 τῆς
1054 4103 1353 4167 συνθέσεως
1387 4104 1445 4156 τὸ
1475 4101 1813 4175 σημαινόμε-

162 4209 166 4213 ’
233 4221 321 4257 νον
359 4204 530 4273 ὄνομα
566 4201 803 4273 ἄρρητον
846 4200 1108 4269 ὑπάρχον,
1146 4194 1723 4268 καταχρηστικώτερον
1756 4193 1813 4245 δὲ

238 4316 256 4348 ι
286 4296 495 4367 Κύριος
526 4314 543 4344 ι
578 4292 1027 4363 ἐπικαλούμενον,
1068 4290 1277 4344 οὐδέπω
1308 4290 1439 4342 ποτὲ
1468 4289 1559 4341 ἐπὶ
1592 4288 1813 4358 ἀγγελι-

233 4389 335 4461 κῆς
357 4386 725 4458 παρείληπται
752 4385 1055 4455 δυνάμεως,
1090 4384 1166 4448 ὡς
1194 4382 1519 4452 ἐπιστήσεις
1537 4380 1655 4434 καθ’
1687 4382 1815 4452 ὅλης

232 4479 333 4548 τῆς
367 4477 723 4531 θεοπνεύστου
756 4476 1001 4551 Γραφῆς,
1032 4476 1159 4530 ἔνθα
1197 4479 1226 4530 ό
1261 4476 1413 4541 Θεὸς,
1453 4476 1486 4547 ἢ
1526 4477 1555 4527 ὁ
1591 4473 1678 4528 διὰ
1718 4474 1813 4527 τοῦ

230 4576 658 4648 τετραγράμμου
686 4572 1014 4644 δηλούμενος
1044 4571 1247 4644 Κύριος
1288 4572 1699 4643 ἀναγέγραπται
1723 4585 1813 4621 κε-

232 4669 496 4741 χρηκέναι
535 4668 647 4720 τισί
672 4684 684 4697 σ
729 4666 957 4738 πότερον
990 4666 1081 4719 ἐπί
1128 4666 1228 4734 τὴν
1257 4664 1519 4737 ἀγένητον
1566 4662 1660 4716 τοῦ
1706 4660 1813 4714 τῶν
1848 4697 1890 4751 D

229 4762 369 4816 ὅλων
392 4758 529 4813 Θεοῦ
556 4759 717 4829 φύσιν
739 4758 1058 4813 ἀνενεκτέον
1089 4756 1157 4811 τὰ
1181 4756 1506 4828 δηλούμενα,
1534 4756 1568 4827 ἢ
1600 4754 1691 4808 ἐπὶ
1721 4754 1811 4807 τὸν

231 4853 422 4908 τούτου
454 4854 647 4922 Λόγον,
674 4852 732 4905 ὃν
759 4850 1010 4923 δεύτερον
1053 4849 1389 4920 τυγχάνοντα
1421 4848 1529 4902 τῶν
1561 4846 1697 4901 ὅλων
1729 4845 1814 4899 ατ-

230 4964 343 5000 τιον
371 4947 467 5000 καὶ
498 4944 631 4998 Θεὸν
672 4945 767 4999 καὶ
807 4945 1011 5009 Κύριον
1041 4941 1183 4996 κατά
1211 4942 1273 4994 τὸ
1323 4940 1718 5012 σημαινόμενον
1748 4940 1811 4991 ὲκ

230 5039 322 5092 τοῦ
357 5040 490 5110 παρ’
522 5037 791 5109 Ἑϐραίοις
826 5037 1067 5108 ἀρρήτου
1100 5034 1361 5105 ὀνόματος
1386 5030 1810 5104 προσαγορεύειν

232 5130 423 5184 εἴωθεν
454 5132 488 5201 ἡ
536 5130 656 5182 θεία
698 5129 909 5201 Γραφή.
956 5127 1067 5182 Καὶ
1109 5127 1245 5197 δῆτα
1278 5126 1370 5178 ἐπὶ
1405 5124 1497 5177 τοῦ
1544 5125 1811 5195 παρόντος

232 5224 505 5295 φήσαντος
534 5222 629 5276 τοῦ
660 5222 842 5290 λόγου,
871 5222 952 5275 ὃτι
974 5220 1058 5291 δή·
1086 5238 1104 5271 ι
1140 5217 1359 5289 Κατέϐη
1393 5217 1615 5288 Κύριος,
1642 5236 1660 5268 ι
1697 5215 1813 5279 καὶ,

237 5333 257 5367 ι
291 5311 459 5369 Εἶπεν
498 5314 722 5387 Κύριος,
771 5333 789 5363 ι
822 5312 892 5365 τὰ
936 5310 1422 5382 ἀναγεγραμμένα,
1472 5308 1702 5379 ζητήσαι
1745 5308 1812 5361 ἀν

232 5426 314 5473 τις
347 5409 583 5476 εὐλόγως
614 5408 723 5459 εἴτε
761 5406 853 5458 ὲπί
884 5421 1005 5458 τινα
1041 5403 1150 5456 τῶν
1182 5401 1453 5470 ἀγγέλων,
1489 5399 1597 5452 εἴτε
1631 5401 1723 5453 ἐπὶ
1750 5399 1810 5451 τὸ

232 5501 447 5573 πρῶτον
490 5500 663 5553 αἴτιον
712 5498 810 5570 τὴν
856 5494 1135 5568 ἀναφορὰν
1183 5495 1296 5565 ἔχει
1345 5493 1407 5546 τὸ
1462 5492 1806 5563 δηλούμενον.

243 5594 380 5647 Ἀλλ’
417 5594 511 5647 ἐπὶ
552 5594 653 5663 μὲν
678 5590 924 5661 ἀγγέλων
962 5588 1061 5658 οὐχ
1097 5583 1207 5641 οἶόν
1255 5604 1344 5640 τεο
1373 5584 1532 5639 τοῦτο
1577 5584 1696 5655 μὲν,
1728 5585 1810 5637 ὅτι

236 5686 508 5741 κάνταῦθα
536 5686 596 5740 τὸ
635 5706 653 5738 ι
682 5684 883 5755 Κύριος
913 5703 930 5735 ι
960 5682 1049 5736 διὰ
1081 5684 1180 5752 τῆς
1210 5680 1593 5751 ἀνεκφωνήτου
1619 5674 1813 5749 παρεί-

305 5866 323 5895 ³
360 5862 517 5919 Joan.
560 5881 612 5932 ι,
657 5866 705 5923 ί.

1922 2074 2187 2129 adventus
2247 2092 2259 2127 :
2314 2074 2573 2145 priorem,
2621 2075 2673 2127 in
2704 2088 2812 2145 quo
2848 2088 3024 2142 neque
3072 2072 3346 2144 speciem,
3404 2088 3503 2126 ne-

1923 2183 2031 2238 que
2091 2166 2342 2221 decorem
2407 2166 2694 2221 habiturus
2748 2165 3057 2221 ostenditur
3082 2164 3123 2229 δ,
3181 2164 3496 2227 manifeste,

1919 2261 2062 2314 sicut
2124 2274 2296 2331 agnus
2349 2259 2415 2313 ad
2467 2258 2801 2314 occisionem
2846 2256 3151 2321 ducendus,
3204 2269 3368 2328 atque
3424 2256 3497 2310 ita

1920 2360 2143 2423 propter
2172 2352 2372 2421 prioris
2405 2353 2589 2422 populi
2624 2350 2941 2421 iniquitates
2971 2350 3039 2404 ad
3078 2358 3309 2405 mortem
3348 2349 3500 2404 dam-

1919 2444 2177 2512 nandus;
2209 2460 2332 2513 qua:
2367 2443 2589 2515 quidem
2640 2444 2696 2498 in
2730 2442 2892 2513 primi
2927 2442 3045 2512 ejus
3074 2442 3364 2507 adventus,
3400 2440 3496 2497 Tié

1916 2537 2053 2592 berii
2078 2544 2345 2607 tempore,
2365 2537 2622 2608 passione
2654 2536 2864 2606 expleta
2888 2545 3048 2603 sunt;
3086 2536 3315 2591 alterum
3346 2550 3500 2602 vero,

1918 2630 2089 2703 priori
2134 2631 2293 2701 longe
2326 2629 2647 2686 dissimilem
2669 2671 2685 2696 ,
2710 2630 3036 2685 diviniorem
3071 2629 3351 2699 multoque
3383 2628 3499 2683 cla-

1917 2704 2140 2787 riorem,
2159 2722 2420 2811 angelicis
2437 2721 3043 2790 cohortibus,omnique
3058 2721 3322 2775 cmlorum
3342 2735 3498 2775 exer-

1919 2814 2032 2869 citu
2062 2813 2479 2867 circumdatum.
2516 2812 2726 2879 Quibus
2786 2812 2888 2867 rite
2934 2812 3499 2882 respondeatnecesse

1917 2912 2001 2960 est
2018 2904 2223 2975 regula,
2242 2906 2399 2975 quasi
2419 2904 2756 2975 propositum
2775 2904 2971 2959 habeat
2994 2904 3347 2974 apostolicam
3370 2918 3501 2973 pra:-

1917 2997 2269 3062 dicationem,
2293 3012 2413 3067 qute
2435 2997 2675 3067 perfecta
2704 2997 3110 3067 purissimaque
3132 2996 3377 3050 veritatis
3402 2999 3499 3049 do-

1916 3098 2095 3162 gmata
2158 3098 2481 3154 conservet,
2534 3090 2746 3144 scilicet
2796 3088 2864 3143 de
2923 3089 3097 3159 prima
3154 3097 3208 3143 et
3255 3089 3497 3142 increata

1918 3183 2304 3238 universorum
2357 3182 2449 3237 Dei
2498 3188 2713 3248 natura,
2759 3189 2813 3235 et
2856 3180 3028 3233 divini
3077 3179 3238 3234 Verbi
3294 3194 3501 3249 prmex-

1922 3275 2142 3330 istentia
2196 3282 2359 3345 atque
2411 3274 2742 3336 substantia,
2794 3286 2958 3341 quam
3020 3272 3075 3326 in
3123 3280 3497 3325 creaturarum

1920 3491 3496 3512 ..σου-ααοαοοοοοιοοοαοοοοοοο

1918 3583 3495 3603 0000.00.00.Ioco-ooooOoOOOOo

1916 3739 2113 3804 praeter
2155 3738 2391 3801 quatuor
2440 3729 2653 3784 litteras
2708 3728 2851 3799 apud
2898 3728 3154 3784 llebracos
3209 3728 3495 3795 infandas,

1797 3859 1813 3876 .
1916 3840 2150 3897 quarum
2208 3822 2603 3891 conjunctione
2650 3821 2923 3875 ineﬂ'abile
2981 3828 3201 3875 constat
3254 3836 3495 3885 nomen,

1917 3918 2200 3972 abusivius
2230 3931 2358 3970 vero
2394 3934 2411 3965 ι
2444 3914 2710 3968 Dominus
2742 3933 2759 3965 ›
2795 3914 3176 3980 nominatum;
3207 3929 3495 3984 nunquam

1917 4011 1985 4065 de
2015 4008 2261 4079 angelica
2299 4014 2569 4077 potestate
2619 4013 2944 4076 usurpatum
2984 4012 3093 4069 est,
3138 4014 3196 4059 ut
3245 4006 3499 4059 attendas

1916 4104 1973 4157 in
2002 4103 2149 4157 omni
2183 4100 2447 4155 divinitus
2480 4097 2747 4168 inspirata
2774 4095 3083 4167 Scriptura,
3119 4097 3209 4152 ubi
3237 4096 3381 4153 Deus
3408 4097 3493 4151 vel

1916 4212 2013 4266 per
2066 4200 2553 4265 tetragrammaton
2606 4191 2925 4262 designatus
2976 4189 3241 4245 Dominus
3296 4190 3497 4244 inscri-

1917 4297 2043 4360 ptus
2091 4296 2196 4351 est,
2249 4301 2373 4339 cum
2416 4282 2744 4354 quibusdam
2800 4283 3127 4336 collocutus.
3181 4280 3377 4335 Utrum
3429 4282 3496 4335 ad

1918 4384 2214 4437 increatam
2238 4378 2483 4432 omnium
2515 4375 2609 4429 Dei
2631 4382 2883 4427 naturam
2909 4370 3193 4427 referenda
3217 4381 3345 4427 sunt
3373 4388 3499 4442 (μω

1918 4472 2307 4532 ostenduntur,
2359 4467 2445 4522 vel
2476 4466 2545 4520 ad
2594 4464 2759 4531 hujus
2790 4461 3055 4526 Verbum,
3102 4460 3248 4532 quod
3299 4477 3498 4517 secun-

1919 4566 2043 4620 dam
2081 4562 2465 4617 universorum
2502 4569 2749 4619 causam,
2792 4560 2845 4608 et
2877 4552 3067 4620 Deum,
3098 4561 3152 4608 et
3183 4552 3495 4616 Dominum,

1920 4655 2223 4714 secundum
2271 4648 2565 4706 ineﬂ‘abilis
2608 4645 2754 4718 apud
2794 4645 3055 4701 Hebrzeos
3107 4646 3345 4701 nominis
3374 4660 3499 4701 sen-

1920 4765 2041 4806 sum
2090 4746 2367 4819 appellare
2398 4748 2541 4804 solet
2585 4746 2770 4801 divina
2809 4741 3118 4811 Scriptura.
3156 4738 3217 4792 Et
3254 4738 3501 4809 profecto

1920 4843 1976 4897 in
2017 4842 2123 4896 boc
2168 4850 2322 4896 textu
2377 4855 2487 4911 quo
2547 4838 2822 4906 scribitur.
2859 4855 2872 4891 :
2930 4852 2947 4884 ι
2979 4831 3271 4888 Descendit
3315 4830 3498 4884 Domi-

1920 4938 2096 5001 nus‘;
2131 4953 2149 4987 ι
2196 4943 2251 4989 et
2297 4953 2309 4988 :
2345 4952 2361 4983 ι
2396 4931 2545 4987 Dixit
2604 4928 2950 4995 Dominus“;
2988 4946 3006 4979 ι
3058 4925 3256 4980 merito
3298 4923 3500 4994 aliquis

1918 5036 2109 5101 posset
2148 5029 2428 5098 inquirere
2472 5042 2539 5080 an
2586 5026 2702 5079 haec
2750 5022 3019 5078 vocabula
3064 5019 3132 5073 ad
3177 5017 3498 5087 angelorum

1917 5121 2230 5191 quemdam,
2259 5119 2343 5172 vel
2392 5118 2457 5173 ad
2487 5119 2714 5188 primam
2764 5114 3007 5169 omnium
3044 5124 3266 5165 causam
3302 5106 3496 5163 referri

1920 5212 2175 5267 debeant.
2220 5209 2422 5264 Verum
2464 5209 2531 5264 de
2579 5208 2787 5279 angelis
2818 5205 2952 5260 illud
2988 5203 3211 5258 minime
3251 5201 3358 5256 dici
3398 5216 3497 5271 po-

1917 5310 2059 5365 teSI;
2092 5300 2329 5373 primum
2393 5299 2614 5370 quidem
2647 5296 2794 5368 quod
2835 5311 2938 5351 vox
2985 5295 3077 5347 illa
3126 5311 3145 5346 ι
3179 5291 3442 5347 Dominus
3472 5310 3493 5343 ι

1918 5393 2177 5450 ineffabili
2210 5394 2571 5464 appellatione
2597 5390 2946 5461 designetur;
2972 5386 3169 5443 deinde
3196 5384 3342 5457 quod
3374 5385 3499 5439 aliis

1919 5490 2023 5546 sibi
2054 5476 2325 5557 subjectis
2350 5485 2517 5540 verba
2550 5482 2731 5539 facere
2765 5482 3033 5537 videatur.
3068 5477 3287 5533 Rursus
3314 5486 3497 5532 autem

1918 5580 1984 5635 de
2003 5578 2166 5634 Patre
2199 5585 2254 5633 et
2275 5576 2518 5632 omnium
2557 5574 2664 5629 Deo
2688 5572 2989 5642 impropria
3018 5578 3165 5626 esset
3188 5568 3496 5632 sententia;

1921 5674 2067 5737 hunc
2108 5672 2253 5729 enim
2296 5684 2406 5726 non
2455 5667 2674 5726 deceret
2713 5665 2936 5722 dicere:
2970 5682 2988 5715 ι
3025 5662 3235 5727 Venite,
3267 5660 3491 5718 descen-

788 5863 805 5895 ‘
846 5864 927 5918 lsa
988 5877 1119 5929 un,
1146 5861 1209 5933 2.
1286 5861 1307 5892 ⁵
1346 5858 1481 5915 Gen.
1519 5875 1609 5921 xu.
1644 5856 1696 5914 5.
1776 5858 1795 5889 ⁵
1834 5855 1967 5915 ibid.
2003 5855 2059 5911 6.
