3954 6492
508 361 642 419 1027

1231 352 1502 411 EUSEBII
1538 350 2017 408 ωεεΑιιιεΝδιδ
2052 349 2205 409 OPP.
2246 348 2427 406 PARS
2464 348 2627 407 lll.—
2666 348 3077 408 EXEGETICA.

3630 352 3769 410 1323

497 476 694 534 damus
728 482 783 531 et
811 470 1215 529 confundamus
1265 470 1506 540 linguam
1552 483 1742 524 eorum
1768 469 1809 530 ⁷.
1841 488 1861 522 ι
1894 483 2064 537 neque

2175 466 2375 539 ληπται
2399 468 2793 540 προσηγορίας,
2818 466 2976 521 τοῦτο
3001 467 3077 531 δὲ,
3104 470 3185 522 ὅτι
3207 470 3417 543 ἑτέροις
3440 470 3579 544 παρ’
3607 469 3771 526 αὐτὸν

495 567 630 625 illud
658 585 672 621 :
702 586 721 617 ι
753 563 1043 620 Descendit
1077 561 1338 615 Dominus
1364 568 1421 614 ut
1447 560 1657 615 videret
1684 558 2024 623 civitatem',
2048 579 2067 611 ι

493 676 621 718 cum
651 661 976 713 auctoritate
1003 656 1277 725 congruit.
1311 652 1600 725 Reliquum
1642 662 1732 710 est
1762 654 1865 708 hoc
1890 652 1959 709 de
1991 653 2075 709 di-

492 752 623 807 vino
650 750 823 806 Verbo
852 748 1223 817 interpretari,
1257 747 1405 817 quod
1439 747 1658 816 quidem
1688 746 2073 817 consequenti-

492 844 598 901 bus
639 843 1068 899 demonstratur.
1125 838 1225 893 Hic
1272 839 1439 909 igitur
1486 840 1727 893 oumium
1777 842 2068 909 praesclen-

492 937 622 993 tiam
655 944 711 991 et
739 934 1140 989 ordinationem
1178 948 1305 987 cum
1337 948 1365 984 ιι
1395 930 1554 987 Patre
1595 932 1891 1002 acceperit,
1930 947 2069 985 unn—

491 1045 655 1101 quam
718 1031 957 1085 cessavit
1004 1043 1153 1081 nunc
1198 1024 1414 1097 quidem
1469 1041 1562 1095 per
1616 1026 1878 1095 seipsum,
1924 1040 2071 1079 nunc

488 1136 622 1177 vero
649 1136 743 1191 per
772 1121 1150 1175 ministrantes
1178 1117 1420 1188 angelos.
1463 1131 1583 1185 quae
1621 1116 1687 1170 ad
1718 1117 1948 1185 patriam
1973 1131 2072 1169 vo-

489 1214 756 1269 luntatem
822 1210 1231 1281 exsequendam
1291 1208 1359 1262 de
1409 1208 1653 1260 omnium
1712 1207 1951 1260 utilitate
2006 1219 2071 1258 ac

489 1305 669 1360 salute
709 1302 1054 1373 spectabant.
1093 1300 1338 1370 implere.
1372 1297 1505 1363 Qum
1543 1306 1722 1351 autem
1768 1296 1834 1349 ad
1880 1296 2067 1366 mysti-

484 1408 607 1448 cam
651 1400 705 1445 et
746 1389 1077 1446 ineffabilem
1129 1387 1560 1458 speculationem
1598 1388 1891 1457 pertinent,
1922 1400 2069 1441 nunc

486 1494 795 1555 Opportune
823 1480 1130 1552 explicandi
1159 1482 1311 1534 locus
1336 1494 1443 1533 non
1465 1486 1566 1534 est.

2184 560 2579 633 ύττοόεὸηκόσιν
2608 559 2862 631 ἐμφαίνει
2898 560 3227 633 πεποιῆσθαι
3255 564 3381 626 τοὺς
3407 563 3631 633 λόγους.
3663 563 3772 620 Ui-

2180 653 2262 707 λιν
2298 654 2343 707 δ’
2373 651 2440 708 αὖ
2472 655 2564 708 ἐπὶ
2607 654 2703 708 τοῦ
2745 654 2957 726 Πατρὸς
2990 656 3081 708 καὶ
3112 654 3247 709 Θεοῦ
3278 655 3387 709 τῶν
3428 656 3572 710 ὅλων
3621 654 3769 709 dvo!-

2182 762 2327 809 κειος
2357 748 2390 817 ἠ
2423 746 2631 801 διάνοια
2658 763 2670 775 ο
2705 748 2767 800 ού
2799 747 2908 816 γὰρ
2941 746 3006 817 δὴ
3047 746 3194 817 αύτῷ
3242 748 3443 819 πρέποι
3489 746 3562 801 ἂν
3594 746 3771 816 λέγειν

2175 838 2257 901 τὸ,
2290 856 2307 888 ι
2341 837 2529 900 Δεῦτε,
2563 839 2656 892 καὶ
2686 838 3021 901 καταίῖἁντες
3049 840 3369 910 συγχὲωμεν
3386 840 3485 910 τὴν
3514 837 3773 907 γὶῶσσαν

2178 928 2376 991 αὐτῶν,
2405 949 2421 978 ι
2444 929 2536 981 καὶ
2553 929 2631 993 τὸ,
2657 949 2672 979 ι
2700 930 2920 1000 Κατέδη
2944 930 3145 1001 Κύριος
3164 929 3288 982 ἰδεῖν
3300 931 3399 999 τὴν
3417 928 3600 989 πόλιν,
3633 947 3653 978 ι
3684 928 3769 982 c3-

2177 1017 2363 1090 δαμῶς
2410 1018 2475 1072 ἂν
2521 1018 2779 1091 ἁρμόττοι
2826 1021 2955 1090 περὶ
3001 1021 3098 1090 τῆς
3136 1020 3450 1081 αύθεντείας
3490 1017 3766 1085 λέγεσθαι.

2178 1111 2437 1165 Λείπεται
2468 1110 2532 1181 δὴ
2569 1112 2707 1162 νοεῖν
2744 1111 2835 1163 τὸν
2866 1111 3007 1165 θεῖον
3039 1111 3208 1179 Λόγον
3238 1113 3331 1164 καὶ
3365 1110 3454 1164 διὰ
3484 1112 3601 1164 τῶν
3645 1128 3715 1180 πρ
3728 1128 3770 1164 ιο

2179 1200 2446 1271 κειμένων
2464 1200 2777 1272 δηλοῦσθαι.
2806 1195 2973 1266 Οὗτος
3000 1202 3063 1272 δὴ
3091 1202 3188 1272 τὴν
3213 1202 3319 1254 τῶν
3351 1202 3617 1255 ἁπάντων
3646 1202 3770 1273 πρόι

2174 1295 2323 1347 νοιάν
2348 1312 2405 1347 τε
2442 1294 2536 1347 καὶ
2558 1294 2870 1364 οἰκονομίαν
2898 1294 3032 1367 προς
3061 1293 3155 1348 τοῦ
3183 1293 3397 1364 Πατρὸς
3429 1295 3771 1365 ἐπιτετραμ-

2177 1387 2337 1458 μένος
2371 1388 2431 1441 ού
2460 1388 2683 1442 πώποτε
2703 1388 2968 1442 διέλειπεν
3005 1389 3128 1442 τοτέ
3166 1391 3263 1459 μὲν
3297 1390 3364 1442 δι’
3395 1389 3623 1453 ἐαυτοῦ,
3653 1390 3771 1444 τοτὲ

2176 1478 2231 1533 δὲ
2270 1479 2336 1533 δι’
2370 1480 2657 1550 ὑπηρετῶν
2684 1480 2931 1548 ἀγγέλων
2958 1479 3036 1550 τῷ
3066 1480 3317 1551 πατρικῷ
3354 1480 3667 1552 βουλήματι
3706 1480 3769 1535 τά

487 1576 832 1631 συντείνοντα
873 1574 964 1627 ἐπὶ
1004 1576 1070 1644 τῇ
1117 1571 1225 1625 τῶν
1266 1571 1403 1625 ὅλων
1440 1570 1675 1641 ὠφελείᾳ
1722 1586 1781 1623 τε
1827 1570 1921 1624 καὶ
1968 1570 2211 1643 σωτηρία
2261 1570 2693 1643 διακονούμενος.
2737 1573 3021 1643 Μυστικῆς
3068 1571 3125 1625 δὲ
3154 1572 3246 1625 καὶ
3272 1573 3598 1644 ἀπορρήτου
3640 1572 3771 1627 Gate.

486 1670 612 1742 ριας
641 1669 876 1740 ἐχόμενα
899 1666 966 1720 τὰ
999 1666 1139 1719 κατά
1168 1666 1259 1718 τὸν
1288 1664 1452 1719 τόπον
1478 1665 1539 1718 ού
1571 1663 1664 1719 νῦν
1693 1664 2060 1719 ἀναπτύσσειν
2095 1665 2306 1736 καιρός.

1084 1778 1315 1836 CAPUT
1373 1778 1459 1836 Ill.

553 1893 739 1953 Prima
778 1904 957 1951 autem
1018 1895 1278 1950 revelatio
1325 1893 1462 1950 facta
1490 1894 1729 1950 traditur
1760 1893 2071 1951 Abraliamo

483 2002 609 2046 cum
633 1990 680 2043 ei
703 1990 840 2042 dixit
861 1988 1121 2042 Dominus
1144 2007 1156 2042 ι
1183 2007 1200 2038 ι
1228 1987 1495 2058 Egredere
1526 1988 1591 2041 de
1612 1996 1758 2041 terra
1787 1999 1877 2042 tua
1908 1999 1961 2044 et
2003 1989 2071 2043 de

485 2081 812 2151 cognatione
837 2089 1013 2146 tu:n,et
1046 2079 1112 2133 de
1133 2080 1295 2131 domo
1316 2079 1486 2146 patris
1513 2078 1613 2139 tui,
1644 2087 1699 2132 et
1725 2080 1842 2132 veni
1875 2078 1927 2131 in
1963 2086 2069 2131 ler~

487 2183 605 2224 ram
645 2186 807 2240 quam
845 2170 1163 2224 monstrabo
1203 2172 1332 2235 tibi;
1368 2170 1671 2239 faciamque
1697 2178 1749 2223 te
1776 2172 2067 2239 ingentem

481 2277 759 2332 magnam.
789 2269 841 2315 et
874 2261 1188 2315 benedicam
1220 2260 1340 2323 tibi,
1366 2270 1418 2314 et
1472 2260 1828 2330 magnilicabo
1869 2275 2067 2313 nomen

482 2361 663 2414 tuum,
695 2356 915 2421 erisque
950 2352 1304 2406 benedictus:
1358 2360 1412 2406 et
1468 2352 1784 2407 benedicam
1840 2351 2066 2405 benedi-

482 2446 736 2501 centibus
786 2446 882 2499 tibi
919 2445 962 2508 ’,
1005 2464 1022 2496 ι
1066 2454 1119 2499 et
1164 2454 1383 2499 caetera.
1426 2443 1702 2507 Secunda,
1734 2460 1856 2499 eum
1914 2445 2066 2499 visus

482 2545 569 2592 est
617 2539 665 2590 ei
705 2536 991 2598 Dominus,
1041 2535 1289 2605 dixitque
1343 2537 1390 2590 ci
1441 2554 1454 2590 :
1501 2556 1517 2586 ι
1562 2534 1767 2589 Semini
1804 2547 1894 2589 tuo
1925 2536 2065 2591 dabo

481 2638 684 2683 terram
740 2629 879 2681 hanc
924 2628 987 2679 ‘°.
1029 2647 1045 2677 ι
1082 2626 1289 2689 Tertia,
1336 2643 1459 2681 cum
1496 2646 1515 2678 ι
1564 2628 1877 2682 Abrahamo
1928 2629 2065 2682 dixit

481 2719 770 2783 Dominus,
808 2728 1091 2789 postquam
1121 2720 1330 2775 divisus
1359 2731 1440 2773 est
1473 2721 1540 2773 ab
1576 2736 1639 2775 oo
1667 2718 1761 2773 Lot
1784 2720 1848 2785 “,
1881 2740 1900 2772 ι
1944 2737 2065 2791 quae

477 2810 815 2866 referuntur.
859 2813 1083 2877 Quarta,
1134 2812 1185 2865 in
1222 2828 1326 2881 qua
1372 2811 1573 2865 dicitur
1615 2832 1627 2866 ι
1682 2831 1696 2861 ι
1742 2811 1836 2866 llis
1881 2815 2065 2881 itaque

477 2911 813 2967 transactis,
862 2904 1036 2957 laetus
1079 2913 1164 2958 est
1220 2920 1399 2958 sermo
1440 2902 1654 2956 Domini
1704 2905 1770 2957 ad
1822 2904 2065 2956 Abraha-

477 3010 649 3059 tuum,
678 3012 773 3064 per
799 2996 1061 3050 visionem
1094 2997 1283 3049 dicens
1315 3015 1327 3048 :
1364 2994 1481 3048 Noli
1510 2997 1725 3059 timere,
1766 2997 2061 3063 Abraham,

477 3104 583 3159 ego
613 3098 886 3158 protector
929 3096 1056 3142 tuus
1107 3103 1229 3143 sum
1269 3088 1342 3153 ¹¹;
1386 3111 1403 3139 ι
1442 3098 1496 3142 et
1530 3098 1650 3157 post
1697 3090 1803 3142 alia
1839 3108 1852 3143 :
1888 3109 1906 3141 ι
1951 3089 2062 3161 Ego

2715 1781 3111 1836 ΚΕΦΛΛᾹΙΟΝ
3153 1782 3226 1835 1".

2244 1895 2467 1967 Πρῶτος
2497 1895 2912 1968 ἀναγέγραπται
2945 1897 3235 1967 γενόμενος
3264 1896 3662 1969 χρηματισμδς
3691 1896 3765 1969 τῷ

2184 1988 2438 2060 Ἀϐραάμ
2463 1988 2551 2041 ὅτε
2591 1983 2743 2040 εἶπεν
2788 1987 2936 2058 αύτῷ
2976 1987 3206 2059 Κύριος·
3252 2008 3269 2039 ι
3303 1989 3531 2055 Ἔξελθε
3566 1993 3631 2043 ἐκ
3670 1991 3763 2062 τῆς

2170 2078 2273 2149 γῆς
2304 2094 2395 2131 σου
2427 2079 2518 2131 καὶ
2546 2080 2609 2131 ἐκ
2640 2079 2738 2148 τῆς
2765 2077 3083 2147 συγγενείας
3119 2098 3233 2141 σου,
3267 2082 3361 2135 καὶ
3389 2083 3456 2135 ἐκ
3491 2082 3590 2136 τοῦ
3616 2084 3762 2137 οἴκου

2168 2171 2263 2223 τοῦ
2310 2172 2514 2242 πατρός
2559 2188 2650 2225 σου
2698 2172 2777 2235 εἰς
2808 2172 2905 2242 τὴν
2950 2168 3053 2241 γῆν
3084 2173 3149 2244 ἧν
3192 2174 3256 2227 ἂν
3293 2191 3373 2227 σοι
3412 2173 3619 2240 δείξωο
3674 2174 3762 2229 καὶ

2171 2263 2382 2335 ποιήσω
2411 2281 2469 2316 σε
2498 2266 2576 2328 εἰς
2611 2264 2759 2326 ἔθνος
2796 2264 2956 2334 μέγα,
2993 2266 3085 2317 καὶ
3114 2263 3393 2336 εὐλογήσω
3428 2283 3517 2330 σε,
3549 2268 3646 2321 καὶ
3681 2284 3763 2337 μευ

2169 2352 2385 2422 γαλυνῶ
2414 2353 2474 2407 τὸ
2502 2354 2674 2423 ὅλομά
2714 2370 2829 2417 σου,
2872 2356 2965 2407 καὶ
2994 2354 3091 2427 ἔσῃ
3118 2354 3436 2425 εύ).ογητός”
3479 2356 3580 2409 καί⁵
3610 2358 3758 2412 εύλο-

2167 2449 2322 2518 γήσω
2357 2448 2480 2511 τοὺς
2510 2446 2868 2516 εύλογούντάς
2917 2448 2980 2514 (Γ.
3016 2448 3068 2518 ό)
3118 2465 3199 2509 σε,
3241 2469 3258 2501 ι
3311 2449 3404 2502 καὶ
3440 2450 3514 2502 τὰ
3556 2450 3762 2516 τούτοις

2169 2538 2316 2608 ἑξῆς.
2367 2538 2647 2608 Δεύτερος,
2680 2538 2766 2591 ὅτε
2809 2536 2964 2607 ὤφθη
3012 2538 3161 2608 αὑτῷ
3209 2538 3412 2611 Κύριος
3456 2541 3555 2594 καὶ
3608 2538 3757 2595 εἶπεν

2168 2628 2314 2700 αὐτῷ
2336 2647 2347 2659 ·
2392 2650 2410 2680 ι
2452 2628 2541 2699 Τῷ
2576 2628 2852 2700 σπέρματί
2888 2644 2979 2680 σου
3011 2627 3165 2680 δώσω
3199 2630 3295 2699 τὴν
3329 2634 3430 2698 γῆν
3458 2632 3693 2702 ταύτην.
3733 2652 3750 2683 ι

2168 2720 2279 2772 Καὶ
2326 2719 2524 2791 τρίτος,
2556 2720 2643 2771 ὅτε
2682 2737 2699 2767 ι
2740 2720 2767 2770 ὁ
2800 2718 2998 2787 Κύριος
3030 2714 3177 2770 εῗπεν
3214 2719 3293 2789 τῷ
3330 2718 3591 2791 Ἀϐραὰμ
3631 2723 3758 2793 μετὰ

2178 2810 2237 2864 τὸ
2277 2810 2698 2881 διαχωρισθῆναι
2742 2809 2831 2862 τὸν
2875 2808 2998 2862 Λὼτ
3040 2810 3133 2862 ἀπ’
3177 2810 3341 2863 αὑτοῦ
3382 2830 3400 2863 ι
3448 2812 3521 2865 τὰ
3564 2814 3756 2879 ἀναγε-

2166 2904 2477 2975 γραμμένα.
2498 2904 2785 2973 Τέταρτος,
2812 2905 2868 2955 ἐν
2902 2897 2945 2971 ᾧ
2978 2903 3212 2974 εἴρηται,
3242 2922 3259 2952 ι
3286 2902 3443 2956 Μετὰ
3481 2904 3541 2956 δὲ
3580 2906 3645 2957 τά
3673 2905 3754 2974 ρἠ

2170 3010 2315 3066 ματα
2355 2994 2525 3048 ταῦτα
2574 2995 2804 3065 ἐγενὴοη
2851 2998 3000 3065 ῥῆμα
3048 2995 3253 3064 Κυρίου
3318 2995 3455 3065 πρὸς
3503 2994 3751 3067 Ἀϐραάμ

2167 3091 2222 3142 ἐν
2266 3089 2499 3159 ὁράματι
2550 3090 2649 3158 τῆς
2681 3087 2873 3149 νυκτὸς
2922 3086 3114 3153 λέγων,
3154 3086 3246 3157 Μὴ
3281 3086 3473 3151 φοϐοῦ,
3506 3087 3749 3159 Ἄϐραμ.

479 3179 766 3244 Dominus,
800 3180 893 3251 qui
929 3181 1089 3235 eduxi
1123 3192 1174 3234 te
1216 3180 1283 3235 de
1337 3189 1481 3234 terra
1510 3178 1890 3234 Chaldzeoruzu
1927 3180 1991 3232 ⁸³.
2035 3200 2053 3233 ι

2172 3178 2276 3247 ἐγὼ
2301 3179 2658 3250 ὑπερασπίζω
2687 3195 2780 3230 σου
2802 3195 2814 3208 ·
2854 3200 2872 3228 ρ
2909 3180 3001 3230 καὶ
3037 3177 3155 3248 μεθ’
3190 3178 3381 3248 ἕτερα·
3412 3199 3431 3229 ι
3474 3178 3624 3247 Ἐγὼ
3659 3179 3755 3232 Κύ-

482 3272 707 3340 ρ;ι.ιιιιι.
736 3288 859 3326 cum
887 3274 1041 3326 visus
1070 3281 1155 3327 est
1191 3271 1453 3326 Dominus
1487 3271 1799 3325 Abrahamo
1841 3280 1894 3327 et
1920 3271 2059 3326 dixit

476 3365 529 3420 ei
563 3382 577 3421 :
612 3382 632 3415 ι
674 3362 784 3434 Ego
817 3379 940 3419 sum
986 3364 1128 3420 Deus
1161 3373 1311 3428 tuus,
1342 3365 1561 3417 ambula
1592 3379 1777 3417 coram
1812 3379 1896 3418 me
1928 3366 1991 3427 ιδ,
2037 3384 2055 3416 ι

478 3465 535 3511 et
600 3465 818 3510 caetera.
872 3454 1059 3521 Sexta,
1119 3457 1173 3510 in
1207 3473 1313 3525 qua
1364 3472 1561 3511 rursus
1625 3476 1643 3507 ι
1698 3457 1963 3527 Apparuit
2012 3458 2063 3513 ei

478 3545 747 3603 Dominus
788 3551 842 3603 in
882 3551 1131 3604 convalle
1180 3549 1419 3603 Mambre
1453 3550 1662 3604 sedenti
1700 3550 1753 3603 in
1796 3552 1939 3605 ostio
1991 3560 2064 3604 ta-

478 3638 763 3695 bernaculi
795 3640 880 3695 sui
914 3640 967 3693 in
1007 3640 1125 3709 ipso
1156 3638 1366 3693 fervore
1402 3640 1508 3693 diei
1538 3657 1551 3692 :
1586 3655 1826 3710 eumque
1854 3642 2060 3696 elevas-

481 3740 568 3787 set
619 3734 831 3794 Oculos,
869 3740 1241 3802 apparuerunt
1284 3732 1334 3785 ei
1368 3742 1478 3785 tres
1514 3732 1613 3786 viri
1656 3741 1866 3788 stantes
1898 3749 2065 3803 prope

479 3838 653 3879 eum:
694 3838 835 3894 quos
892 3838 1018 3877 cum
1074 3825 1325 3883 vidisset.
1377 3832 1621 3876 CUClll'l‘ll
1659 3824 1712 3877 in
1766 3840 2061 3879 occursuro

478 3932 670 3972 corum
709 3916 775 3969 de
807 3916 948 3968 ostio
980 3916 1346 3980 tabernaculi,
1377 3922 1432 3969 et
1459 3916 1703 3969 adoravit
1749 3918 1802 3971 in
1836 3926 2060 3982 terram,

480 4018 535 4064 et
567 4009 701 4062 dixit
732 4027 746 4062 :
782 4007 1035 4070 Domine,
1070 4008 1116 4061 si
1170 4008 1349 4063 iuveni
1377 4011 1613 4080 gratiam
1646 4011 1699 4065 in
1734 4013 1910 4067 oculis
1934 4013 2061 4076 tuis,

482 4115 558 4155 ne
599 4108 848 4155 transeas
871 4117 1088 4156 servum
1125 4109 1298 4165 tuum,
1350 4103 1442 4156 sed
1480 4102 1738 4156 all'eratur
1764 4106 2063 4175 pauxillum

482 4208 661 4264 aquze,
686 4200 739 4248 et
766 4194 946 4248 lavent
979 4194 1143 4263 pedes
1176 4204 1387 4249 vestros
1419 4197 1481 4249 ⁸³.
1533 4216 1551 4247 ι
1592 4195 1721 4251 Dein
1755 4198 1915 4266 paulo
1944 4206 2065 4267 post

482 4284 636 4337 addit
670 4302 683 4340 :
715 4302 734 4335 ι
772 4285 907 4339 Cum
939 4295 1118 4340 autem
1149 4288 1519 4342 surrexissent
1558 4289 1704 4353 inde,
1732 4290 2051 4346 direxoruut

480 4390 673 4447 oculos
701 4403 891 4445 contra
936 4389 1273 4446 Sodomam:
1326 4401 1379 4447 et
1408 4394 1681 4448 Abraham
1725 4396 1887 4449 simul
1930 4413 2060 4467 gra-

490 4493 767 4558 diebatur.
810 4494 1091 4551 deducens
1122 4513 1237 4553 eos.
1280 4497 1533 4569 Dixitque
1582 4499 1844 4557 Dominus
1874 4520 1888 4557 :
1922 4499 2059 4557 Num

481 4587 662 4642 celare
716 4594 905 4658 potero
957 4589 1229 4644 Abraham
1261 4606 1382 4661 quae
1415 4601 1671 4661 gesturus
1719 4594 1879 4648 sum?
1922 4594 2061 4649 Cum

483 4678 705 4735 futurus
735 4680 805 4734 sit
841 4681 894 4735 in
923 4690 1139 4752 gentem
1178 4699 1429 4754 Inagnam
1466 4699 1532 4739 ac
1588 4685 2054 4749 robustissimam,

481 4781 538 4829 et
561 4773 946 4829 benedicendre
972 4776 1081 4830 sint
1126 4776 1183 4830 in
1233 4776 1329 4830 illo
1373 4791 1563 4831 omnes
1598 4777 1850 4831 nationes
1880 4788 2059 4833 terrae.

483 4864 735 4921 Sciebam
764 4867 908 4921 enim
933 4866 1077 4937 quod
1113 4876 1482 4938 prmeepturus
1514 4869 1584 4922 sit
1603 4866 1727 4922 filiis
1758 4870 1873 4922 suis
1893 4876 1946 4922 et
1968 4868 2069 4924 do-

482 4959 597 5014 mui
620 4975 732 5015 suae
749 4968 871 5029 post
888 4976 966 5025 se,
992 4968 1050 5014 ut
1075 4959 1387 5015 custodiant
1400 4962 1513 5015 vias
1530 4960 1767 5025 Domini,
1787 4969 1840 5015 et
1864 4960 2065 5016 faciant

478 5049 749 5119 judicium
786 5058 840 5105 et
876 5052 1150 5120 justitiam
1183 5071 1197 5106 :
1232 5060 1291 5107 ut
1340 5052 1575 5108 adducat
1626 5052 1892 5109 Dominus
1932 5069 2061 5123 pro-

483 5149 607 5213 pter
636 5141 910 5196 Abraham
941 5144 1125 5197 omnia
1164 5158 1285 5214 quae
1308 5145 1523 5199 locutus
1549 5152 1634 5200 est.
1656 5145 1725 5200 ad
1747 5162 1894 5201 eum.
1918 5145 2065 5201 Dixit

483 5243 665 5289 autem
692 5233 988 5291 Dominus:
1022 5235 1242 5291 Clamor
1278 5234 1638 5291 Sodomorum
1659 5246 1714 5294 et
1744 5235 2061 5295 Gomorrha:

484 5340 881 5410 multiplicatus
901 5343 1074 5398 est“.
1117 5363 1135 5395 ι
1189 5342 1255 5396 Ει
1303 5342 1463 5413 paulo
1510 5351 1672 5414 post:
1709 5364 1727 5395 ι
1758 5343 2058 5401 Converte-

486 5450 727 5511 runlque
787 5458 847 5498 se
896 5443 1022 5498 inde
1070 5436 1181 5499 tres
1206 5444 1331 5507 viri,
1377 5452 1431 5500 et
1462 5445 1715 5499 abierunt
1742 5443 2061 5500 Sodomam.

487 5548 763 5604 Abraham
796 5566 925 5607 vero
955 5552 1134 5607 adhuc
1164 5552 1346 5607 stabat
1382 5567 1565 5607 coram
1599 5552 1850 5607 Domino.
1881 5551 1947 5607 Et
1970 5568 2065 5625 ap—

486 5657 867 5727 propinquans
891 5660 1003 5713 ait:
1040 5658 1312 5730 Numquid
1346 5661 1539 5731 perdes
1560 5660 1768 5729 justum
1804 5676 1925 5713 cum
1956 5660 2065 5714 im-

590 5766 871 5838 ἴϐεων,
910 5771 961 5831 'l.
1061 5772 1082 5804 ⁸
1123 5773 1251 5828 ibid.
1290 5772 1342 5833 5,
1452 5774 1473 5804 ⁸
1511 5772 1646 5828 Gen.
1684 5787 1794 5837 xu,
1831 5772 1945 5827 1-5.

480 5832 543 5895 ‘7.
621 5837 664 5869 ³⁵
701 5832 1006 5911 ϐειι.ἰνιι,
1046 5844 1093 5897 ί.
1174 5844 1215 5874 ⁸⁸
1258 5832 1389 5898 Gen.
1431 5858 1599 5908 xvnt,
1638 5843 1747 5897 1-4.

2026 5772 2069 5803 ¹⁰
2112 5773 2243 5829 ibid.
2278 5775 2331 5831 7.

1829 5844 1871 5873 “
1910 5842 2037 5899 ibid.
2078 5844 2251 5901 lii-9.0.

2169 3288 2280 3341 ριος
2314 3271 2342 3322 ό
2377 3268 2659 3337 ἐξαγαγών
2693 3286 2751 3321 σε
2785 3270 2847 3321 ἐκ
2884 3268 3066 3340 χώρας
3090 3269 3385 3323 Χαλδαίων.
3426 3289 3444 3321 ι
3473 3271 3751 3341 Πέμπτος,

2164 3362 2252 3416 ὅτε
2303 3361 2458 3432 ὤφθη
2516 3361 2717 3432 Κύριος
2781 3360 2860 3431 τῷ
2921 3361 3171 3430 Ἀϐραάμ
3225 3363 3315 3415 καὶ
3370 3357 3527 3414 εἶπεν
3586 3361 3749 3433 αύτῷ,

2172 3473 2191 3506 ι
2238 3452 2378 3522 Ἐγώ
2411 3455 2524 3523 εἰμι
2552 3455 2579 3504 ό
2611 3451 2742 3514 Θεὸς
2774 3469 2867 3504 σου
2892 3468 2904 3481 ·
2951 3454 3234 3522 εύαρέστει
3280 3452 3513 3505 ἐνώπιον
3545 3453 3701 3523 ἐμοῦ,
3729 3472 3745 3501 ι

2166 3546 2259 3599 καὶ
2311 3546 2378 3597 τὰ
2426 3545 2604 3597 λοιπά.
2660 3544 2877 3606 Ἕκτος,
2931 3545 2988 3595 ἐν
3038 3536 3081 3609 ᾧ
3132 3544 3291 3596 πάλιν
3339 3564 3357 3594 ι
3395 3546 3579 3614 Ὠφθη
3609 3544 3750 3613 αὐτῷ

2166 3638 2371 3710 Κύριος
2409 3638 2543 3708 πρὸς
2571 3640 2637 3708 τῇ
2677 3637 2799 3708 δρυῒ
2836 3640 2901 3707 τῇ
2948 3637 3215 3708 Μαμῦρῇ,
3248 3637 3566 3708 καθημένου
3593 3635 3749 3691 αύτιῦ

2167 3732 2257 3783 ἐπὶ
2284 3731 2380 3800 τῆς
2421 3730 2589 3800 θύρας
2616 3729 2716 3799 τῆς
2749 3728 2956 3799 σκηνῆς
2987 3730 3151 3781 αὐτοῦ
3192 3729 3540 3799 μεσημϐρίας
3561 3747 3575 3760 ’
3619 3731 3739 3783 ἁνα-

2167 3822 2369 3891 ϐλέιζρας
2397 3822 2453 3874 δέ
2479 3824 2590 3885 τοῖς
2621 3820 2915 3891 ὀφθαλμοῖς
2939 3821 3102 3874 αὐτοῦ
3135 3818 3291 3883 εἶδεν,
3335 3823 3427 3874 καὶ
3460 3822 3571 3874 ἰδοὺ
3606 3824 3747 3895 τρεῖς

2167 3913 2357 3984 ἄνδρες
2383 3914 2730 3984 εἱστήκεισαν
2758 3914 2941 3965 ἐπάνω
2961 3913 3123 3966 αὑτοῦ
3146 3932 3159 3944 ·
3185 3914 3277 3966 καὶ
3308 3912 3429 3965 ἰδὼν
3454 3912 3747 3985 προσέδραο

2170 4024 2269 4078 μεν
2296 4008 2375 4069 εἰς
2412 4007 2732 4078 συνάντησιν
2762 4008 2943 4068 αὐτοῖς
2976 4006 3082 4059 ἀπὸ
3114 4005 3213 4075 τῆς
3268 4005 3437 4077 θύρας
3465 4005 3569 4074 τῆς
3610 4022 3740 4076 σκηο

2168 4099 2263 4169 νῆς
2290 4098 2449 4151 αύτοῦ
2472 4116 2485 4129 ·
2522 4101 2615 4153 καὶ
2645 4084 3053 4169 προσεκύνησεν
3075 4099 3167 4150 ἐπὶ
3190 4098 3287 4169 τὴν
3317 4098 3421 4165 γῆν
3452 4098 3548 4149 καὶ
3572 4093 3739 4150 εἶπεν

2168 4192 2362 4261 Κύριε,
2390 4193 2437 4244 εί
2467 4186 2623 4264 εὖρον
2650 4192 2807 4263 χάριν
2836 4192 3075 4244 ἐναντίον
3102 4208 3216 4252 σου,
3240 4192 3313 4261 μὴ
3347 4190 3626 4262 παρέλθῃς
3660 4190 3745 4243 τὸν

2169 4282 2333 4336 παῖδά
2369 4299 2482 4345 σου,
2515 4282 2775 4354 ληφθήτω
2802 4282 2865 4353 δὴ
2898 4283 3089 4354 μικρὸν
3126 4272 3287 4354 ὕδωρ,
3316 4284 3408 4335 καὶ
3436 4283 3743 4352 νιψάτωσαν

2166 4378 2292 4438 τοὺς
2338 4376 2506 4439 πόδας
2555 4374 2725 4445 ὑμῶν.
2782 4394 2799 4425 ι
2856 4372 2991 4428 Εἶτα
3044 4376 3181 4447 μετά
3234 4392 3352 4428 τινα
3402 4376 3743 4446 ἐπιφέρεται,

2175 4486 2194 4519 ι
2233 4469 2355 4521 Ὅτι
2400 4467 2789 4531 ἐξαναστάντες
2834 4467 3041 4520 ἐκεῖθεν
3084 4468 3387 4535 ἐπέϐλεψαν
3437 4468 3531 4520 ἐπὶ
3580 4469 3740 4539 πρὸσο

2096 4558 2138 4613 D
2167 4578 2313 4614 ωπον
2348 4560 2625 4631 Σοδόμωνο
2671 4561 2925 4632 Ἀϐραάμ
2964 4560 3022 4613 δὲ
3058 4560 3449 4631 συνεπορεύετο
3490 4563 3610 4631 μετ’
3653 4562 3741 4615 αὖ·

2171 4650 2279 4703 τῶν
2312 4650 2766 4721 συμπροπέμπων
2796 4650 2991 4715 αύτούς
3014 4666 3027 4681 ο
3054 4652 3082 4704 ό
3112 4651 3168 4704 δὲ
3196 4651 3399 4721 Κύριος
3432 4647 3619 4704 εἷπεν’
3651 4651 3736 4721 Μὴ

2167 4741 2359 4814 κρύψω
2398 4739 2509 4809 ἐγὼ
2555 4742 2664 4796 ἀπὸ
2705 4741 2958 4814 Ἀϐραάμ
3010 4740 3103 4794 τοῦ
3156 4742 3344 4805 παιδός
3397 4758 3500 4812 μου
3552 4741 3590 4797 ἃ
3633 4738 3737 4811 ἐγὼ

2168 4834 2341 4898 ποιῶ;
2389 4833 2637 4906 Ἀϐραάμ
2673 4834 2730 4887 δὲ
2772 4835 3054 4905 γινόμενος
3102 4833 3253 4887 ἔσται
3298 4836 3377 4898 είς
3409 4834 3564 4899 ἔθνος
3606 4835 3739 4908 μέγα

2168 4928 2260 4980 καὶ
2301 4927 2457 4989 πολὺ,
2493 4928 2587 4980 καὶ
2633 4927 3117 4997 ἐνευλογηθήσεται
3158 4929 3215 4980 ἐν
3259 4928 3407 4998 αὐτῷ
3454 4930 3636 4982 πάντα
3679 4926 3738 4979 τὰ

2168 5019 2295 5090 ἐθνη
2327 5019 2427 5089 τῆς
2453 5020 2556 5087 γῆς
2576 5038 2589 5049 ·
2626 5019 2779 5090 ᾔδειν
2820 5019 2928 5091 γὰρ
2954 5022 3034 5073 ὅτι
3062 5020 3307 5087 συντάξει
3339 5023 3450 5084 τοῖς
3484 5024 3623 5085 υἱοῖς
3646 5021 3735 5075 αύ-

2166 5111 2259 5163 τοῦ
2303 5111 2397 5164 καὶ
2436 5112 2514 5181 τῷ
2547 5112 2680 5181 οἴκῳ
2707 5111 2873 5165 αὐτοῦ
2906 5113 3021 5182 μετ’
3059 5114 3257 5171 αὐτῶν,
3294 5114 3387 5166 καὶ
3418 5113 3737 5182 φυλάξουσιν

2166 5202 2265 5267 τὰς
2308 5203 2461 5268 ὁδοὺς
2510 5204 2735 5276 Κυρίου,
2778 5208 2950 5258 ποιεῖν
3004 5206 3349 5277 δικαιοσύνην
3397 5207 3492 5260 καὶ
3540 5206 3732 5277 κρίσιν.

2167 5296 2313 5359 ὅπως
2360 5296 2424 5350 ἂν
2458 5297 2711 5367 ἐπαγάγῃ
2745 5296 2947 5368 Κύριος
2995 5298 3087 5351 ἐπὶ
3128 5297 3375 5369 Ἀϐραὰμ
3414 5298 3450 5351 ἃ
3482 5297 3734 5367 ἐλάλησεν

2168 5387 2303 5455 πρὸς
2329 5387 2509 5441 αὐτόν.
2547 5384 2712 5441 Εἶπεν
2744 5387 2801 5440 δὲ
2843 5388 3067 5459 Κύριος·
3101 5388 3328 5461 Κραυγὴ
3361 5387 3613 5459 Σοδόμων
3653 5387 3734 5441 καὶ

2167 5480 2447 5553 Γομόρρας
2495 5480 2887 5549 πεπλήθυνται.
2926 5502 2944 5533 ο
3000 5482 3109 5536 Καὶ
3172 5484 3289 5552 μετ’
3337 5481 3523 5549 ὀλίγα·
3578 5500 3598 5531 ι
3636 5480 3732 5534 Καὶ

2166 5572 2610 5644 ἀποστρέψαντες
2646 5572 2852 5625 ἐκεῖθεν
2883 5576 2931 5627 οἱ
2967 5574 3156 5643 ἄνδρες
3194 5570 3358 5645 ἦλθον
3394 5576 3473 5635 εἰς
3501 5573 3725 5640 Σόδομα*

2180 5662 2429 5735 Ἀϐραάμ
2452 5662 2508 5717 δὲ
2549 5659 2618 5735 ἦν
2645 5662 2893 5735 ἑστηκὼς
2924 5664 3161 5718 ἐναντίον
3187 5663 3425 5735 Κυρίου’
3459 5662 3554 5716 καὶ
3586 5657 3725 5727 ἐγγί-

3517 5774 3562 5806 ¹³
3598 5770 3722 5825 ibid.

2412 5778 2450 5813 ⁸³
2492 5776 2625 5832 Gen.
2666 5793 2797 5843 xm,
2836 5776 2921 5830 Η.
3000 5777 3043 5809 ¹²
3082 5774 3213 5831 Gen.
3257 5792 3345 5842 xv,
3391 5776 3437 5831 Ι.
