3954 6530
261 387 420 448 1629

1311 395 1616 466 ,Εοιοσιε
1650 394 2133 455 ΡΒΟΡΗΕΤΙΟΛΕ.
2173 428 2241 440 -
2281 398 2407 455 LIB.
2441 399 2484 454 1.

3394 401 3533 456 δεδι)

257 528 373 580 σας
415 517 670 590 Ἀϐρααμ
707 514 880 584 εἶπεν,
929 520 1020 592 Μὴ
1069 522 1432 596 συναπολέσῃς
1469 524 1674 580 δίκαιον
1717 543 1823 596 μετα

1958 524 2081 595 pio?
2103 521 2250 579 Sitve
2265 523 2450 590 justus
2475 533 2533 578 ut
2551 523 2788 594 impius?
2815 517 2872 577 Si
2903 520 3106 576 fuerint
3134 520 3530 591 quinquaginta

253 607 508 674 ἀσεϐοῦς
529 627 543 640 ·
577 611 671 664 καὶ
701 610 852 666 ἔσται
880 613 909 666 6
947 612 1153 679 δίκαιος
1183 615 1260 680 ὼς
1301 618 1329 670 6
1372 617 1598 691 ἀσεϐής·
1629 618 1724 672 ἐὰν
1752 612 1854 672 ῶσι

253 702 617 772 πεντήκοντα
660 704 854 758 δίκαιοι
904 707 962 759 ἐν
1000 711 1067 778 τῇ
1104 709 1276 770 πόλει,
1307 710 1593 773 ἀπολέσεις
1621 710 1850 775 αὑτούς;

254 792 386 845 οὐκ
417 794 644 866 ἀνήσεις
662 795 838 849 πάντα
867 796 956 849 τὸν
981 797 1145 852 τόπον
1175 800 1359 852 ἕνεκεν
1384 800 1492 852 τῶν
1519 802 1852 870 πεντήκοντα

249 882 518 948 δικαίωνη
542 889 638 940 ἐὰν
667 882 799 942 ὦσιν
830 891 886 942 ἐν
915 891 1049 962 αὐτῇ
1073 908 1086 955 ;
1118 891 1396 962 Μηδαμῶς
1420 893 1483 945 σὺ
1516 894 1757 963 ποιήσεις
1778 892 1851 957 ῶς

250 978 321 1030 τὸ
359 978 518 1050 ῥῆμα
543 979 699 1034 τοῦτο
719 981 813 1035 τοῦ
846 983 1163 1037 ἀποκτεῖναι
1187 984 1394 1038 δίκαιον
1420 985 1556 1055 μετὰ
1588 983 1843 1048 ἀσεϐοῦς·

252 1073 362 1125 καί
395 1073 553 1128 ἔσται
585 1077 613 1128 6
645 1075 848 1139 δίκαιος
879 1075 954 1140 ὡς
991 1078 1018 1129 6
1055 1077 1287 1148 ἀσεϐής·
1323 1075 1586 1148 μηδαμῶς
1607 1093 1620 1107 ·
1657 1078 1684 1130 6
1729 1076 1847 1147 κρί-

253 1179 373 1217 νων
397 1168 580 1219 πᾶσαν
612 1166 709 1236 τὴν
738 1167 842 1236 γῆν
872 1167 932 1220 ού
980 1168 1228 1237 ποιήσεις
1267 1167 1480 1238 κρίσινς
1523 1188 1541 1220 ι
1587 1167 1694 1220 Καὶ
1725 1165 1842 1236 μεθ’

250 1255 434 1328 ἓτερά
467 1273 632 1327 φησιν
681 1259 713 1328 ἡ
764 1257 991 1329 Γραφήο
1058 1279 1076 1311 ι
1119 1258 1382 1329 Ἀπῆλθεν
1422 1258 1476 1311 δὲ
1521 1259 1722 1330 Κύριος
1767 1259 1844 1322 ὠς

252 1345 548 1401 ἐπαύσατο
575 1347 750 1400 λαλῶν
774 1349 851 1419 τῷ
886 1348 1151 1420 Ἀϐραάμ.
1186 1349 1445 1421 Είσῆλθον
1472 1350 1527 1404 δὲ
1559 1351 1652 1403 καὶ
1681 1351 1727 1403 οί
1751 1348 1844 1402 δύο

1954 615 2087 685 justi
2115 616 2167 669 in
2185 615 2423 678 civitate,
2457 615 2924 685 peribuutsimul‘.’
2977 615 3168 670 Nonne
3191 629 3384 684 parces
3407 615 3528 668 loco

1959 709 2035 762 illi
2078 719 2296 779 propter
2333 711 2724 780 quinquaginta
2764 711 2967 778 justos.
3013 711 3060 764 si
3108 711 3310 764 fuerint
3340 711 3394 764 in
3427 709 3527 764 eo?

1959 800 2119 854 Absit
2143 818 2170 852 a
2219 808 2271 855 te
2301 813 2358 854 ut
2390 818 2499 856 rem
2533 803 2673 856 banc
2706 803 2896 863 facias.
2947 809 3002 854 et
3042 802 3264 856 occidas
3307 803 3522 869 justum

1956 907 2079 945 cum
2113 893 2301 962 impio,
2336 893 2533 962 liatquc
2557 894 2741 961 justus
2763 894 2905 948 sicut
2931 894 3153 963 impius;
3174 910 3280 947 non
3310 903 3394 948 est
3419 897 3522 948 boc

1955 991 2129 1045 tuum,
2163 985 2492 1054 quijudicas
2521 1002 2734 1040 onmem
2779 997 2979 1042 terram
3015 1002 3030 1052 ;
3064 1003 3404 1058 nequaquam
3438 987 3519 1042 l‘a-

1951 1077 2062 1130 cies
2087 1077 2351 1146 judicium
2414 1078 2516 1132 boc
2555 1079 2622 1132 ¹⁷.
2655 1098 2672 1129 ι
2709 1076 2774 1132 ΕΙ.
2822 1088 2942 1148 post
2977 1094 3148 1148 pauca
3195 1080 3329 1133 dicit
3370 1076 3518 1134 Scri-

1949 1173 2105 1235 ptura
2124 1185 2135 1220 :
2151 1186 2168 1216 ι
2182 1168 2323 1221 Abiit
2339 1177 2517 1222 autem
2537 1166 3110 1240 Dominus.postquam
3127 1175 3359 1225 cessavit
3373 1171 3514 1242 loqui

1949 1258 2014 1311 ad
2031 1258 2304 1312 Abraham
2325 1259 2396 1322 ³⁸;
2427 1269 2798 1330 veneruntque
2826 1261 2934 1314 duo
2957 1263 3131 1332 angeli
3151 1264 3203 1316 in
3224 1261 3514 1318 Sodomam

1949 1365 2194 1418 vespere,
2227 1358 2281 1404 et
2311 1350 2534 1407 sedente
2565 1350 2666 1407 Lot
2696 1353 2751 1408 in
2783 1352 2990 1409 foribus
3010 1354 3248 1410 civitatis
3275 1355 3338 1410 ι’.
3376 1372 3396 1408 ι

251 1439 486 1510 ἄγγελοι
508 1443 587 1504 είς
619 1441 827 1513 Σόδομα
855 1443 1124 1515 ἑσπέρας·
1163 1443 1284 1498 Λὼτ
1318 1445 1374 1500 δὲ
1412 1444 1647 1514 ἐκάθητο
1690 1443 1840 1516 παρὰ
1875 1443 1973 1515 τὴν
2007 1443 2180 1518 πύλην
2207 1446 2472 1518 Σοδόμων.
2504 1466 2523 1500 ι

343 1537 670 1608 Ἐπιστῆσαι
706 1537 854 1604 ἄξιον
900 1539 1128 1611 πότερον
1172 1541 1398 1610 ἄγγελος
1433 1543 1462 1595 6
1489 1539 1665 1612 τυχὼν
1703 1541 1842 1594 κατά

252 1630 388 1694 τοὺς
411 1629 614 1695 τόπους
646 1631 900 1702 δηλοῦται
933 1636 961 1687 6
987 1634 1113 1697 τοὺς
1146 1636 1560 1706 χρηματισμοὺς
1587 1636 1722 1707 πρὸς
1749 1635 1840 1688 τὸν

261 1720 530 1795 ’Δϐραὰμ
558 1724 946 1796 πεποιημένος,
986 1726 1019 1797 ἢ
1049 1727 1210 1791 αὐτὸς
1246 1728 1274 1779 6
1319 1726 1429 1780 τῶν
1457 1727 1592 1781 ὅλων
1617 1728 1770 1792 Θεὸς,
1801 1727 1833 1800 ἦ

250 1815 445 1885 τρίτος
477 1833 561 1880 τις
592 1817 743 1888 παρὰ
780 1818 1000 1882 τούτους
1037 1821 1064 1872 6
1095 1819 1188 1872 τοῦ
1232 1817 1367 1872 Θεοῦ
1395 1820 1582 1889 Λόγος,
1608 1820 1666 1873 ὃν
1698 1819 1835 1891 μετὰ

247 1906 352 1960 σὺν
382 1907 645 1961 ἀνωτάτω
678 1909 896 1980 Πατέρα
922 1909 1016 1962 καὶ
1040 1908 1170 1962 Θεὸν
1208 1909 1314 1963 τῶν
1346 1911 1481 1964 ὅλων
1511 1911 1710 1982 Κύριον
1739 1912 1833 1964 καὶ

248 1997 392 2051 Θεὸν
427 2000 720 2063 ἀποκαλεῖν
745 2000 864 2065 ἒθος
887 2004 952 2072 τῇ
985 2003 1103 2073 ἱερᾷ
1131 2003 1348 2074 Γραφῇο
1380 2002 1458 2055 ἔτι
1489 2020 1546 2056 τε
1579 2002 1829 2073 ζητῆσαι,

247 2089 342 2153 τίς
375 2084 446 2160 ἦν
483 2093 513 2143 6
543 2090 652 2144 τῶν
681 2092 846 2162 τριῶν
883 2092 990 2145 τῶν
1038 2093 1306 2162 ὀφθέντων
1339 2093 1417 2163 τῷ
1461 2093 1708 2166 Ἀϐραὰμ
1742 2095 1834 2150 ἀν-

251 2179 424 2253 δρῶν,
464 2184 599 2253 πρὸς
625 2184 683 2236 ὃν
712 2185 872 2249 αύτός
901 2203 959 2238 τε
985 2181 1155 2248 εἶπεν,
1192 2208 1208 2235 ι
1244 2187 1435 2260 Κύριε,
1461 2190 1508 2241 εί
1535 2184 1689 2254 εῦρον
1734 2189 1833 2260 χά⁴

256 2287 344 2342 ριν
379 2273 622 2326 ἐναντίον
654 2291 745 2328 σου
771 2291 784 2305 ’
829 2295 847 2327 ι
883 2277 976 2329 καὶ
1005 2277 1184 2342 πάλιν,
1233 2297 1251 2329 ι
1293 2279 1570 2350 Μηδαμῶς
1595 2298 1608 2311 °
1645 2284 1673 2335 6
1713 2281 1832 2352 κρί-

248 2381 361 2417 νων
409 2369 588 2419 πᾶσαν
626 2366 723 2438 τὴν
765 2368 868 2438 γῆν
901 2370 962 2422 ού
1001 2372 1244 2441 ποιήσεις
1291 2373 1500 2444 κρίσιν·
1541 2394 1558 2424 ι
1596 2375 1723 2446 περὶ
1768 2367 1830 2428 οὗ

250 2457 348 2508 καὶ
370 2457 404 2526 ἠ
435 2455 554 2510 θεία
587 2458 775 2529 Γραφὴ
815 2461 876 2512 οὐ
913 2461 1069 2530 μόνον
1103 2462 1334 2533 πρῶτον,
1362 2464 1493 2518 ἀλλὰ
1521 2466 1613 2519 καὶ
1650 2466 1831 2520 δεύτε-

254 2561 348 2616 ρον
390 2547 487 2599 καὶ
534 2549 712 2613 τρίτον
765 2550 1046 2621 ἱστορικῶς
1091 2569 1272 2622 φησιν,
1309 2572 1327 2603 ι
1368 2555 1539 2626 Ὠφθη
1584 2555 1639 2608 δὲ
1683 2555 1829 2627 αύτῴ

250 2637 482 2709 Κύριος,
519 2660 536 2690 δ
585 2641 676 2693 ἐπὶ
705 2643 770 2712 τῇ
801 2643 864 2709 (1³.
905 2643 960 2708 5)
1000 2663 1015 2694 ι
1053 2644 1254 2715 Κύριος
1287 2665 1306 2697 ι
1351 2649 1691 2718 προσηγορίᾳ
1732 2647 1824 2701 τοῦ

249 2731 637 2803 ἁνεκςςωνήτου
671 2735 728 2787 ἐν
761 2734 838 2806 τῷ
878 2735 1150 2806 Ἐϐραῖκῷ
1179 2739 1509 2808 τεταγμένου
1545 2740 1824 2810 ὀνόματος,

246 2821 388 2892 ὅπερ
416 2823 758 2880 οὐδεπώποτε
801 2828 892 2881 ἐπὶ
926 2829 1219 2900 ἀγγελικῆς
1248 2830 1527 2900 δυνάμεως
1567 2832 1828 2904 παρείλη-

249 2929 408 2968 πται.
443 2915 577 2970 Ὀτε
607 2917 738 2985 γοῦν
767 2920 794 2972 6
833 2918 955 2973 Λὼτ
979 2924 1089 2985 τοῖς
1131 2923 1210 2985 είς
1237 2921 1440 2993 Σόδομα
1470 2923 1712 2978 ἐλθοῦσιν
1737 2927 1827 2993 αγ-

248 3008 430 3076 γέλοις
463 3010 876 3082 ἀναγέγραπται
898 3011 1090 3080 λέγων,
1125 3031 1143 3063 ι
1175 3013 1394 3083 Δέομαι,
1421 3014 1608 3086 Κύριε,
1637 3015 1822 3088 ἐπειδὴ

279 3096 305 3118 τ
355 3119 375 3130 ’
579 3106 599 3118 ε-
791 3105 810 3133 ς
1045 3105 1056 3120 ι
1496 3111 1515 3122 ο
1771 3110 1782 3124 ο

249 3116 410 3169 ευρεν
441 3103 470 3153 6
500 3120 628 3166 παις
673 3121 764 3156 σου
790 3104 934 3167 ιλεος
967 3106 1194 3159 ἐνωπιόν
1231 3125 1343 3169 σου,
1379 3127 1396 3158 ι
1431 3125 1604 3160 κειται
1634 3109 1732 3179 μὲν
1767 3125 1823 3162 εν

245 3190 324 3262 τῷ
354 3191 628 3264 Ἐϐραῖκῷ
661 3193 742 3256 τὸ,
771 3214 787 3244 ι
817 3194 1006 3266 Κύριε,
1034 3218 1049 3245 ι
1075 3195 1189 3248 ἀλλ’
1219 3197 1277 3249 οὐ
1300 3196 1385 3249 διὰ
1409 3197 1513 3250 τῶν
1545 3198 1822 3270 τεσσάρων

247 3285 528 3354 στοιχείων
568 3284 675 3338 τῶν
708 3287 836 3356 παρ’
877 3287 1147 3358 Ἑϐραίοις
1175 3289 1268 3340 ἐπὶ
1307 3287 1400 3342 τοῦ
1434 3291 1672 3360 ἀρρήτου
1701 3291 1820 3344 ὀνό-

247 3392 420 3445 ματος
452 3375 547 3429 τοῦ
593 3377 728 3430 Θεοῦ
774 3377 1368 3450 παραλαμϐανομένων,
1408 3380 1475 3433 δι’
1517 3382 1719 3452 ἐτέρων
1763 3382 1819 3435 δέ

246 3461 526 3521 συλλαϐῶν
556 3469 622 3522 δι’
653 3464 725 3523 ὗν
755 3471 847 3522 καὶ
873 3473 900 3523 6
926 3470 1054 3540 παρ’
1088 3471 1390 3543 ἀνθρώποις
1421 3472 1820 3543 ὀνομαζόμενος

241 3559 432 3630 κύριος
489 3559 596 3612 τῶν
629 3561 765 3632 πρός
786 3578 838 3614 τι
882 3563 1182 3632 τυγχάνων,
1211 3559 1321 3615 οἷον
1361 3564 1570 3616 οἰκέτου
1609 3564 1816 3636 κύριος,

242 3651 375 3722 παρ’
419 3652 690 3724 Ἑϐραίοις
724 3654 1120 3724 ἐγγέγραπταιο
1157 3654 1270 3707 ἀλλ’
1316 3654 1468 3708 οὐδέν
1517 3672 1578 3724 γε
1608 3655 1816 3718 τούτοις

241 3740 363 3812 ῐχον
395 3745 773 3816 παραπλήσιον
811 3746 872 3798 τὸ
919 3748 1010 3800 ἐπὶ
1055 3751 1154 3818 τῆς
1192 3747 1285 3800 τοῦ
1329 3745 1461 3799 Θεοῦ
1504 3746 1817 3834 αύθεντείαὲ

239 3833 330 3888 διὰ
359 3835 468 3888 τῶν
510 3840 788 3910 τεσσάρων
833 3841 1106 3910 στοιχείων
1154 3839 1713 3910 παραλαμϐανόμενον
1757 3833 1814 3892 ἓν

239 3941 298 3978 τε
329 3928 449 3989 ταῖς
472 3928 985 4000 ἀναγεγραμμέναις
1014 3930 1106 3983 τοῦ
1128 3929 1262 3983 Θεοῦ
1288 3931 1420 4002 πρὸς
1452 3930 1540 3983 τὸν
1569 3929 1815 4003 Ἀϐραὰμ

240 4018 528 4083 ὀπτασίαις
582 4022 949 4092 ἐμφερόμενον
1006 4023 1190 4091 σαφῶς
1241 4025 1566 4094 παρίστησιν
1599 4065 1614 4087 ,
1681 4023 1813 4094 μηδέ

240 4111 492 4181 ἄγγελον,
567 4114 700 4184 μηδέ
743 4115 906 4186 ὀλίγῳ
949 4115 1136 4170 τοῦτον
1183 4116 1653 4188 ἐπαναϐεϐηκυῖάν
1694 4135 1813 4169 τινα

239 4201 390 4256 Θείαν
434 4204 662 4275 δύναμιν
691 4206 838 4276 αὐτῷ
869 4209 1354 4279 κεχρηματικέναι,
1387 4208 1500 4260 ἀλλ’
1528 4209 1689 4261 αὑτὸν
1719 4207 1812 4260 τὸν

237 4295 392 4361 Θεὸν,
425 4293 486 4351 οῦ
513 4298 611 4368 τὴν
662 4299 895 4369 ἄρρητον
929 4299 1254 4370 ἐκφιῦνησιν,
1302 4299 1469 4368 αὐτὴν
1517 4300 1580 4371 δὴ
1608 4299 1810 4370 ταύτην

236 4389 379 4443 κατὰ
399 4391 526 4452 τοὺς
552 4390 749 4454 τόπους
779 4392 864 4444 διὰ
893 4391 998 4444 τῶν
1032 4394 1306 4464 τεσσάρων
1345 4391 1619 4461 στοιχείων
1643 4393 1810 4462 ἐμφε-

239 4482 496 4554 ρομένην,
523 4483 683 4552 μόνος
717 4484 743 4535 6
771 4483 1064 4553 ἀρχιερεὺς
1099 4484 1190 4536 ἐπὶ
1226 4483 1319 4536 τοῦ
1371 4482 1620 4552 μετώπου
1658 4499 1810 4553 περι-

2020 1538 2177 1596 Scire
2205 1549 2288 1596 est
2311 1557 2490 1612 opera:
2535 1541 2794 1612 pretium,
2845 1551 3030 1598 utrum
3069 1544 3140 1598 sit
3170 1544 3395 1616 angelus
3417 1544 3510 1615 qui

1945 1629 2030 1685 his
2081 1633 2136 1686 in
2195 1629 2493 1704 Scriptura:
2540 1634 2677 1688 locis
2722 1635 3036 1690 Abrabanio
3075 1636 3395 1706 apparuisse
3426 1651 3513 1692 os-

1938 1723 2200 1786 tenditur.
2232 1738 2301 1778 an
2332 1725 2448 1795 ipse
2475 1725 2718 1779 omnimn
2751 1725 2913 1788 Deus,
2949 1727 3033 1781 vel
3063 1726 3255 1780 tertius
3288 1726 3509 1796 aliquis,

1937 1811 2030 1867 Dei
2058 1813 2268 1868 scilicet
2286 1813 2541 1877 Verbum,
2568 1831 2728 1884 quem
2757 1822 2878 1885 post
2908 1815 3234 1870 altissimum
3257 1813 3499 1878 Patrem,

1934 1911 1988 1957 et
2018 1903 2181 1958 Deum
2207 1905 2446 1958 oapnium
2467 1904 2774 1969 Dmninum,
2799 1915 2852 1961 et
2876 1905 3040 1960 Deum
3064 1921 3258 1959 vocare
3275 1908 3327 1959 in
3351 1921 3509 1961 sacra

1939 1991 2223 2064 Scriptura
2303 1997 2509 2060 solent;
2561 2013 2772 2051 necnon
2840 1999 3116 2065 inquirere
3162 1997 3286 2068 quis
3361 2003 3508 2050 emet

1935 2087 2098 2139 trium
2133 2089 2394 2153 virorum,
2426 2090 2516 2158 qui
2555 2090 2864 2142 Abrahamo
2912 2089 3011 2141 visi
3059 2102 3207 2143 sunt.
3243 2085 3310 2139 ad
3342 2100 3502 2154 qtten‘

1933 2177 2024 2232 ille
2055 2179 2252 2233 dixerit
2283 2198 2296 2232 :
2335 2199 2352 2230 ι
2396 2179 2639 2243 Domine,
2677 2181 2721 2233 si
2772 2181 2948 2234 iuveni
2987 2179 3296 2250 gratiamin
3328 2177 3508 2234 oculis

1931 2270 2040 2323 tuis
2068 2269 2152 2335 ‘°;
2194 2289 2212 2320 ι
2247 2282 2298 2324 ct
2324 2287 2515 2327 rursus
2556 2292 2568 2327 :
2600 2291 2618 2323 t
2658 2270 2774 2325 Non
2815 2282 2894 2326 rsl
2925 2273 3025 2325 lmt:
3059 2283 3210 2324 tuutu
3247 2289 3259 2325 :
3293 2270 3386 2339 qui
3409 2269 3503 2338 ju-

1930 2360 2084 2416 dicas
2121 2378 2337 2415 omnem
2371 2373 2592 2419 terram.
2625 2379 2966 2432 nequaquam
3023 2363 3191 2417 facies
3232 2363 3499 2432 judicium

1929 2449 2032 2504 boc
2063 2451 2129 2505 ".
2169 2470 2188 2503 ›
2235 2448 2309 2504 De
2339 2468 2448 2521 quo
2479 2463 2531 2507 et
2581 2451 2764 2506 divina
2823 2453 3100 2522 Scriptura
3149 2468 3252 2506 non
3286 2461 3499 2504 tantum

1931 2542 2120 2607 semel,
2151 2544 2243 2597 sed
2280 2560 2472 2598 rursus
2506 2555 2560 2598 et
2612 2546 2771 2600 tertio
2828 2561 3020 2614 reapse
3065 2544 3244 2598 dixit:
3280 2561 3298 2592 ι
3336 2541 3499 2596 Visus

1929 2647 2106 2692 autem
2152 2640 2200 2694 ei
2250 2637 2512 2694 Dominus
2534 2643 2600 2702 ".
2645 2661 2664 2693 ι
2699 2642 2785 2695 ubi
2823 2659 2840 2690 t
2881 2640 3142 2696 Dominus
3184 2661 3201 2691 ι
3243 2626 3498 2695 iuellabili

1927 2732 2290 2800 appellatione
2346 2735 2400 2786 in
2455 2732 2726 2788 llebraico
2782 2741 2931 2786 texzu
2979 2733 3320 2802 designatur,
3378 2745 3501 2801 qua:

1928 2823 2136 2876 scilicet
2179 2839 2448 2894 nusquam
2484 2826 2549 2879 de
2589 2826 2831 2895 angelica
2879 2832 3144 2894 potestate
3178 2831 3495 2894 usurpatur.

1924 2913 2061 2968 Cum
2097 2915 2260 2985 igitur
2302 2917 2400 2972 Lot
2449 2919 2792 2973 venientibus
2845 2919 2898 2972 in
2954 2917 3244 2971 Sodomam
3283 2915 3494 2986 angelis

1925 3006 2128 3062 dixisse
2160 3008 2364 3064 fcrtur:
2398 3029 2416 3061 ι
2453 3009 2668 3077 Quaeso,
2718 3009 2940 3065 Domine
2981 3011 3076 3071 mi,
3109 3011 3238 3078 quia
3281 3009 3486 3062 invenit

1926 3110 2118 3152 servus
2147 3109 2274 3155 tuus
2301 3101 2528 3170 gratiam
2562 3117 2747 3156 coram
2795 3110 2849 3156 te
2895 3102 2964 3165 ”,
3031 3121 3050 3153 ι
3113 3102 3388 3155 invenitur
3437 3100 3494 3154 in

1851 3224 1891 3280 Ο
1928 3187 2194 3245 llebraico
2223 3201 2395 3255 textu,
2425 3213 2444 3244 ‹
2485 3193 2728 3254 Domine.
2764 3212 2782 3244 ι
2818 3194 2911 3248 εοιί
2949 3210 3055 3247 non
3090 3205 3323 3263 quatuor
3357 3193 3496 3246 litte-

1925 3282 2002 3337 ris
2036 3283 2356 3354 designatus
2410 3301 2530 3354 qua:
2582 3286 2723 3355 apud
2770 3285 3028 3340 llebreeos
3079 3285 3349 3339 inell'aliile
3397 3283 3490 3338 Dei

1923 3379 2487 3446 nomcncxprimunt,
2547 3377 2640 3433 sed
2699 3379 2802 3431 alia
2862 3379 3326 3440 denomiuatione.
3371 3391 3494 3448 qua:

1919 3467 2081 3535 ruigo
2103 3467 2246 3537 apud
2281 3467 2534 3523 Hebraeos
2567 3469 2632 3524 de
2659 3470 2893 3537 alicujus
2930 3470 3071 3523 inter
3109 3471 3353 3524 homines
3389 3467 3490 3522 d0-

1920 3559 2093 3623 tnino,
2125 3562 2289 3614 veluti
2317 3560 2384 3615 de
2416 3562 2556 3615 servi
2583 3560 2824 3622 domino,
2853 3571 3164 3629 usurpatur.
3191 3558 3333 3614 Nihil
3366 3573 3494 3613 vero

1918 3651 2027 3705 tale
2058 3652 2302 3706 invenias
2329 3652 2382 3705 in
2413 3651 2858 3706 deuominationc
2888 3666 3007 3720 qua:
3033 3649 3098 3704 ad
3131 3650 3222 3704 Dei
3249 3650 3490 3704 auctori-

1917 3754 2080 3799 tatem
2113 3753 2346 3814 spectat,
2385 3745 2438 3798 in
2469 3753 2919 3813 tetragrammalo
2971 3743 3199 3802 scilicet,
3246 3741 3391 3810 quod
3433 3739 3488 3795 in

1917 3836 2103 3890 relatis
2151 3834 2243 3889 Dei
2274 3837 2341 3888 ad
2371 3835 2739 3888 Abrabamum
2787 3833 3222 3903 apparitionibus
3257 3847 3506 3904 ιιειιψσ-

1916 3936 2026 3982 tur.
2055 3927 2168 3982 lloc
2207 3929 2389 3997 itaque
2416 3943 2514 3983 nec
2547 3929 2795 3998 angelus,
2845 3943 2944 3981 nec
2977 3926 3170 3995 angelo
3205 3925 3366 3995 paulo
3395 3939 3488 3978 su-

1915 4022 2097 4092 perior
2120 4023 2304 4091 aliqua
2334 4022 2516 4075 divina
2547 4029 2791 4091 potestas
2827 4019 3171 4088 designatur,
3204 4019 3296 4071 sed
3346 4016 3488 4073 Deus

1913 4113 2050 4182 ipse,
2081 4115 2239 4181 cujus
2269 4111 2536 4166 incllabile
2572 4128 2793 4173 nomen,
2851 4119 3038 4180 utpote
3065 4110 3322 4164 distincte
3351 4123 3488 4178 qua-

1911 4213 2036 4259 tuor
2087 4205 2284 4258 litteris
2325 4215 2628 4264 exaratum,
2685 4204 2835 4258 solus
2902 4217 3148 4257 summus
3217 4201 3482 4271 pontifex,

1911 4296 2090 4350 l't'onte
2149 4295 2396 4366 gestabat
2437 4297 2491 4349 in
2528 4296 2727 4348 lamina
2774 4309 2938 4349 aurea
2994 4309 3114 4362 quae
3172 4292 3483 4362 appellaba-

1910 4399 1998 4442 tur
2039 4405 2052 4441 :
2092 4406 2110 4438 ι
2171 4387 2430 4442 Caelatum
2480 4387 2742 4454 sigillum,
2784 4394 3032 4441 sanctum
3085 4383 3314 4437 Domino
3351 4383 3416 4438 “.
3459 4400 3481 4436 ν

1910 4465 2372 4536 Manifestumoest
2408 4467 2588 4532 autem
2619 4478 2860 4531 divinant
2883 4475 3222 4544 Scripturam
3255 4489 3360 4529 non
3398 4475 3480 4529 in-

236 4574 414 4627 έκειτο
462 4575 640 4645 φέρων
684 4575 776 4628 ἐπὶ
805 4574 897 4628 τοῦ
927 4574 1128 4646 χρυσοῦ
1163 4575 1394 4628 πετάλου
1439 4575 1497 4627 τὸ
1522 4574 1809 4646 λεγόμενον

1927 4573 2335 4628 liscriminatim
2377 4571 2518 4624 banc
2559 4570 2766 4641 angelis
2808 4569 3126 4622 attribuisse
3157 4567 3482 4622 denomina-

240 4683 258 4713 ι
281 4663 615 4734 Ἐκτύπωμα
649 4667 957 4738 σφραγίδος,
986 4665 1372 4737 άγιάσμαιτος]
1403 4666 1624 4736 Κυρίου.
1659 4686 1675 4716 ο
1704 4667 1813 4720 Καὶ

233 4755 315 4808 ὅτι
347 4771 413 4825 γε
439 4756 539 4809 οὐκ
577 4757 865 4829 ἀδιάφορόν
904 4761 1020 4812 ἐστι
1052 4762 1117 4829 τῇ
1143 4757 1262 4830 θεία
1299 4758 1488 4830 Γραφῇ
1527 4760 1612 4812 ἐπ’
1649 4759 1813 4827 ἀγγέ-

232 4845 340 4900 λων
386 4846 620 4919 χρῆσθαι
663 4851 728 4920 τῇ
771 4849 995 4922 τοιαύτῃ
1042 4850 1402 4920 προσηγορίᾳ,
1435 4849 1698 4921 πρόδηλον
1746 4851 1810 4903 ἐκ

232 4939 328 4992 τοῦ
359 4938 564 5011 σώρα
606 4941 1140 5012 παρατετηρημένως
1189 4939 1318 4993 ποτὲ
1363 4942 1462 5011 μὲν
1507 4940 1668 4992 αὐτὸν
1718 4939 1808 4993 τὸν

233 5030 364 5085 Θεὸν
386 5030 421 5102 ἦ
449 5031 539 5084 τὸν
563 5030 648 5086 δια
674 5031 768 5084 τοῦ
796 5033 1220 5103 τετραγράμμου
1249 5031 1572 5103 δηλούμενον
1606 5031 1808 5103 Κύριον

232 5116 413 5193 ὦφθαί
437 5141 496 5178 τε
520 5127 612 5179 καὶ
635 5125 960 5198 κεχρηκέναι
991 5127 1101 5188 τοῖς
1125 5125 1354 5187 δικαίοις
1394 5125 1646 5194 ἱστορεῖν,
1677 5123 1806 5176 ποτέ

230 5211 288 5266 δὲ
337 5213 600 5282 ἀγγέλους
648 5215 980 5286 ἀναγράφειν
1023 5214 1149 5276 τοὺς
1196 5214 1561 5286 ἐωραμένους.
1615 5214 1806 5283 Σαφῶς

229 5299 321 5358 οὖν
351 5305 382 5358 6
407 5307 476 5376 τῇ
504 5306 682 5378 Ἂγαρ
708 5306 965 5380 ἀλωμένη
997 5306 1284 5377 ἐπιφανεὶς
1317 5305 1546 5374 ἄγγελος
1577 5301 1642 5376 ἦν
1664 5320 1676 5333 ·
1713 5307 1806 5358 κα¹ι

228 5396 338 5467 γὰρ
369 5396 536 5469 ἐχρῆν
564 5398 747 5472 ἐκείνῃ
781 5399 901 5470 μὲν,
933 5400 1028 5454 ἆτε
1062 5399 1310 5453 πλεῖστον
1339 5400 1462 5452 ὅσον
1510 5395 1800 5450 ἀπολειπο-

229 5488 367 5562 μένῃ
397 5487 492 5543 τοῦ
543 5487 812 5562 Ἀϐραὰμ,
861 5491 955 5544 καὶ
1000 5491 1150 5544 οὐδέν
1187 5507 1239 5544 τι
1290 5489 1451 5543 πλέον
1504 5485 1798 5558 ὰγγελικῆς

226 5581 492 5646 ὀπτασίας
523 5581 747 5654 θεωρεῖν
787 5581 1078 5656 δυναμένη,
1114 5580 1445 5661 κατάλληλον
1483 5580 1580 5652 τὴν
1627 5582 1800 5634 όπταο

242 5693 893 5770 ε”ίξεηᾼιι-ιιιλῖ-ἓό.
991 5704 1295 5761 "'ibid.55.
1390 5700 1793 5770 ‘°Gen.m,l.

234 5763 430 5830 18,19.
523 5769 565 5800 ³”
581 5771 748 5825 Exod.
769 5788 959 5836 uvut,
975 5772 1065 5830 36.
1383 5798 1390 5807 ο

1871 5700 2070 5759 "Gen.
2089 5714 2243 5770 xvut,
2261 5699 2314 5756 5.

1911 4665 2134 4726 tionem,
2163 4665 2466 4734 przesertim
2496 4675 2621 4715 cmn
2658 4660 3071 4714 accuratissime
3106 4674 3250 4712 nunc
3301 4659 3480 4729 ipsum

1909 4756 2106 4819 Deum,
2143 4756 2222 4810 vel
2271 4762 2718 4824 tetragrammato
2749 4751 3159 4807 denominatum
3194 4749 3478 4804 Dominum

1911 4847 2232 4919 apparuisse
2255 4857 2307 4901 ct
2331 4862 2455 4900 cum
2476 4845 2644 4916 justis
2668 4851 3054 4899 conversatum
3085 4843 3254 4897 fuisse
3287 4841 3471 4896 memi-

1907 4942 2073 5004 nerit,
2108 4956 2254 4995 nunc
2279 4954 2410 4994 vero
2455 4942 2680 5009 angelos
2733 4937 2882 4992 visos
2939 4935 3128 4990 fuisse.
3194 4932 3479 4987 Manifeste

1907 5031 2076 5101 igitur
2106 5031 2332 5101 angelus
2363 5038 2502 5090 erat.
2543 5031 2638 5100 qui
2674 5029 2818 5098 Agar
2847 5026 3055 5082 erranti
3106 5025 3277 5079 visus.
3314 5022 3478 5076 Dece-

1906 5124 2000 5177 bat
2028 5122 2174 5177 enim
2207 5122 2335 5175 buic
2360 5121 2601 5192 quidem,
2633 5127 2796 5190 prout
2829 5118 2897 5172 ab
2919 5117 3231 5171 Abrabatuo
3261 5115 3478 5184 penitus

1902 5211 2195 5273 derelictas,
2234 5225 2335 5263 nec
2362 5209 2640 5279 quidpiam
2681 5207 2928 5277 angelica
2955 5206 3166 5260 visione
3186 5205 3362 5274 majus
3394 5206 3478 5260 in-

1902 5303 2042 5358 tueri
2072 5302 2296 5365 valenti,
2336 5303 2552 5356 obviam
2586 5301 2699 5355 ﬁeri
2733 5315 2831 5370 per
2872 5306 3190 5368 prtesentem
3226 5296 3477 5366 angelum

1901 5396 2191 5458 visionem,
2224 5393 2353 5446 dum
2395 5393 2708 5446 Abrabamo
2740 5389 2964 5452 clarior,
3002 5387 3096 5442 Dei
3139 5387 3349 5442 scilicet
3396 5386 3477 5456 ip-

1903 5488 2042 5546 sius.
2092 5484 2464 5541 manifestatio
2520 5485 2696 5538 ﬂeret.
2745 5479 2960 5551 Quippe
3009 5489 3206 5534 caetera
3251 5478 3370 5548 ipsa
3405 5475 3473 5530 ad

1903 5593 2028 5634 eum
2053 5575 2146 5633 Dei
2178 5578 2341 5634 verba
2372 5591 2563 5648 parum
2595 5589 2836 5647 congrua
2857 5582 3066 5637 essent,
3096 5574 3142 5626 si
3173 5574 3298 5641 quis
3319 5585 3383 5624 ea
3406 5571 3473 5624 ad

2393 5698 2433 5730 "
2453 5695 2587 5753 ibid.
2605 5693 2698 5752 ΞΒ.
2773 5695 2818 5727 ²²
2838 5691 2970 5751 ibid.
2993 5695 3044 5746 t.
3120 5690 3166 5724 ³³
3194 5687 3329 5746 Cen.
3360 5701 3473 5742 ιιι.
