3954 6502
503 312 637 374 1051

1209 313 1478 369 EUSEBII
1514 307 1986 370 C£SARIENSIS
2021 313 2172 370 OPP.
2215 313 2394 369 PARS
2431 314 2521 370 Ill.
2559 345 2629 358 -—-
2669 311 3081 370 EXEGETICA.

3602 318 3731 375 i032

501 437 728 505 angelos
753 433 963 490 referre
1008 439 1332 499 conaretur;
1381 433 1546 489 unius
1596 434 1744 489 enim
1800 433 1894 488 Dei
1952 443 2068 489 erat

2178 433 2296 488 σίαν
2327 433 2577 503 γενέσθαι
2606 432 2694 486 διά
2717 433 2816 504 τῆς
2849 432 2942 485 τοῦ
2973 431 3205 501 ἀγγέλου
3231 430 3550 504 παρουσίας,
3580 432 3652 502 τῷ
3682 434 3732 486 δὲ

505 527 625 584 haec
670 527 874 596 dicere,
907 524 1116 580 scilicet
1154 541 1167 577 :
1217 541 1235 573 ι
1281 521 1498 577 Fac’iam
1532 531 1584 578 te
1629 523 1683 578 in
1718 534 1931 593 gentem
1959 538 2074 577 ma-

503 635 690 691 gnam,
740 627 794 673 et
834 614 1154 671 benedicam
1197 613 1296 668 tibi
1315 615 1384 680 ",
1425 635 1444 667 ι
1491 622 1544 669 et
1575 615 1892 685 sequentia;
1933 616 2077 670 haec-

503 729 614 783 que
640 707 942 781 praesertim
967 727 979 759 :
1013 725 1032 758 ι
1069 706 1182 778 Ego
1213 705 1476 762 Dominus
1497 706 1590 778 qui
1615 705 1777 762 eduxi
1803 714 1856 760 te
1873 713 2073 762 eterra

503 799 883 856 Chaldaaorum
926 797 1002 863 ";
1057 815 1075 847 ι
1107 803 1162 851 et
1191 796 1284 850 illa
1333 815 1347 852 :
1392 815 1412 850 ι
1451 795 1563 868 Ego
1595 813 1716 853 sum
1753 795 1894 853 Deus
1923 806 2072 860 tuus,

516 891 736 948 ambula
773 904 960 945 coram
1003 904 1089 944 me
1141 889 1220 955 '7;
1284 907 1304 940 ι
1357 895 1412 943 et
1441 889 1671 959 reliqua.
1709 887 1901 945 Nullus
1929 890 2074 944 enim

503 993 616 1040 tam
646 983 801 1039 rudis
826 980 1027 1052 ingenii
1069 988 1238 1045 esset,
1269 980 1363 1050 qui
1409 979 1523 1035 haec
1565 980 1632 1034 ab
1686 981 1879 1052 angelo
1930 981 2075 1034 dicta

500 1077 799 1133 existimet.
851 1075 988 1130 Cum
1037 1072 1206 1144 igitur
1250 1071 1565 1128 Abrahamo
1626 1072 1731 1127 sub
1761 1072 1955 1128 arbore
1987 1088 2076 1127 se-

500 1168 651 1225 denti
681 1177 792 1225 tres
815 1169 918 1223 viri
940 1175 1336 1238 apparuerunt,
1361 1167 1455 1220 uni
1479 1165 1860 1222 tantummodo
1884 1181 2074 1220 eorum

500 1263 674 1318 dixit:
702 1282 720 1313 ι
753 1262 1003 1325 Domine,
1032 1261 1079 1316 si
1113 1259 1296 1314 inveni
1325 1258 1558 1330 gratiam
1579 1258 1634 1312 in
1651 1257 1825 1312 oculis
1849 1259 1955 1313 tuis
1971 1257 2069 1309 ".s

501 1355 570 1410 Et
599 1363 923 1411 caaterorum
975 1353 1161 1409 nullus
1211 1367 1336 1406 cum
1392 1350 1706 1406 Abrahamo
1769 1351 2075 1406 collocutus

499 1448 798 1514 inducitur,
823 1445 1090 1516 siquidem
1123 1461 1230 1500 non
1256 1443 1502 1509 decebat,
1551 1443 1784 1498 famulos
1803 1443 2075 1514 appellare

495 1540 771 1605 dominos,
790 1538 889 1595 sed
918 1537 1009 1592 ille
1042 1537 1196 1593 solus
1220 1536 1486 1593 Dominus
1519 1542 1767 1599 vocatur,
1793 1536 1884 1607 qui
1910 1534 2073 1590 etiam

496 1631 628 1687 dicit
680 1647 695 1684 :
754 1649 774 1682 ‹
831 1627 972 1684 Num
1029 1629 1434 1700 celare'potero
1484 1626 1855 1684 Abrahamum
1905 1626 2073 1683 ﬁlium

494 1739 678 1781 meum
701 1725 746 1757 ²⁹
796 1743 815 1777 ι
867 1733 922 1780 et
961 1730 1175 1778 cratera.
1213 1719 1417 1777 Deinde
1444 1723 1545 1778 viri
1576 1721 1864 1778 Dominum
1903 1721 2075 1777 comi-

2187 524 2436 597 Ἀϐραάμ
2474 524 2563 580 διὰ
2606 526 2705 596 τῆς
2741 525 2985 597 μείζονος
3030 523 3193 578 αὐτοῦ
3241 523 3337 577 τοῦ
3371 523 3510 577 Θεοῦ
3554 523 3733 594 ἐπιφαο

2174 615 2340 680 νείας.
2394 616 2506 672 Kal
2554 617 2602 669 oi
2641 616 2817 670 λοιποὶ
2861 616 2918 668 δὲ
2952 615 3106 669 αὐτοὶ
3133 614 3240 669 τῶν
3275 615 3413 686 πρὸς
3457 614 3613 669 αὑτὸν
3643 616 3729 669 τοῦ

2174 708 2310 762 Θεοῦ
2351 708 2522 778 λόγων
2573 709 2672 762 οὐκ
2714 708 2781 763 ἂν
2813 709 2910 780 μὲν
2948 707 3260 779 άρμόσειεν,
3292 709 3342 759 εἰ
3372 707 3465 759 ἐπὶ
3489 707 3735 776 ἀγγέλους

2173 818 2256 866 τις
2279 801 2473 864 αὐτοὺς
2502 799 2724 870 ἀνάγειν
2752 798 3010 871 πειρῷτο,
3045 799 3190 870 μόνῳ
3221 799 3278 852 δὲ
3312 797 3431 868 Θεῷ
3462 798 3652 869 πρέποι
3676 799 3735 851 ἂν

2175 893 2372 957 αὐτοὺς
2411 892 2610 962 λέγειν,
2658 887 2768 946 οἷον
2804 891 2886 958 τὸ,
2929 911 2947 943 ι
2983 891 3094 946 Kal
3142 892 3355 963 ποιήσω
3397 907 3454 943 σε
3489 892 3567 953 εἰς
3601 888 3735 952 ἔθνος

2177 978 2340 1057 μέγα,
2363 987 2457 1040 καί
2484 985 2760 1058 εὐλογήσω
2787 1003 2866 1050 σε,
2891 1005 2908 1037 ι
2927 985 3020 1039 καὶ
3043 983 3111 1038 τά
3135 982 3344 1047 τούτοις
3373 982 3731 1054 παραπλήσια·

2177 1079 2411 1150 μάλιστα
2441 1079 2498 1133 δὲ
2527 1079 2607 1145 τὸ,
2646 1099 2665 1132 ι
2717 1080 2858 1147 Ἐγὼ
2884 1078 3089 1151 Κύριος
3117 1078 3146 1130 ὁ
3171 1072 3452 1144 ἐξαγαγών
3483 1091 3540 1127 σε
3568 1076 3629 1127 ὲκ
3651 1074 3739 1143 χὼ-

2175 1187 2277 1241 ρας
2308 1169 2588 1224 Χαλδαίων
2608 1187 2622 1201 ·
2663 1191 2682 1223 ι
2730 1171 2824 1224 καὶ
2849 1170 2931 1233 τὸ,
2968 1190 2986 1222 ι
3023 1167 3162 1236 Ἐγώ
3187 1170 3301 1240 εἰμι
3329 1169 3358 1220 6
3384 1165 3535 1231 Θεὸς,
3562 1165 3738 1237 εὐαρέο

2175 1277 2291 1313 στει
2319 1261 2560 1315 ἐναντίον
2588 1260 2746 1333 ἐμοῦ,
2784 1281 2804 1313 ι
2853 1262 2948 1316 καὶ
2973 1261 3042 1315 τὰ
3081 1260 3208 1331 ἑξῆς
3232 1276 3245 1290 ’
3277 1260 3369 1313 καὶ
3399 1259 3575 1322 οὐδεὶς
3611 1258 3739 1310 οὕτω

2173 1351 2367 1420 γένοιτ’
2415 1351 2480 1407 άν
2531 1355 2650 1407 ποτ’
2703 1352 2910 1424 ἠλίθιος
2946 1351 3021 1417 ὡς
3063 1351 3292 1421 ἄγγελον
3323 1349 3465 1405 αὐτὰ
3508 1351 3738 1403 ὑπονοεῖν

2177 1442 2480 1514 εἰρηκέναι.
2513 1443 2625 1498 Kal
2666 1444 2756 1497 ὅτε
2797 1444 2929 1512 γοῦν
2977 1443 3115 1515 πρὸς
3145 1445 3211 1514 τῇ
3239 1441 3362 1513 δρυῒ
3401 1440 3740 1512 καθεζομένῳ

2173 1534 2251 1606 τῷ
2293 1535 2545 1610 Ἀϐραὰμ
2590 1539 2642 1591 οἰ
2688 1539 2838 1610 τρεῖς
2883 1536 3076 1608 ἄνδρες
3122 1535 3451 1606 ἐπέστησαν,
3504 1535 3738 1606 πρόσεισι

2177 1627 2276 1698 μὲν
2307 1629 2489 1692 αὐτοῖς
2513 1631 2540 1684 6
2577 1626 2850 1700 Ἀϐραὰμ,
2899 1627 3015 1682 ἀλλ’
3067 1627 3127 1680 οὐ
3183 1629 3294 1691 τοῖς
3340 1625 3545 1697 τρισὶν,
3578 1627 3657 1678 ἑνὶ
3690 1626 3739 1678 δὲ

2177 1718 2338 1790 μόνον
2382 1719 2463 1782 τὸ,
2505 1739 2523 1769 ι
2573 1719 2767 1792 Κύριε,
2797 1721 2846 1772 εἰ
2891 1713 3049 1792 εὗρον
3095 1718 3251 1789 χάριν
3295 1717 3540 1770 ἐναντίον
3572 1733 3680 1770 σου.
3718 1736 3734 1768 ι

492 1822 696 1880 tantes,
717 1818 898 1886 'prout
936 1814 1112 1886 angeli
1152 1814 1382 1885 (scilicet
1427 1814 1629 1887 missi),
1655 1815 1942 1875 abeuntes.
1972 1813 2068 1868 soli

2177 1809 2288 1863 Καὶ
2315 1808 2424 1863 τῶν
2471 1809 2566 1882 μὲν
2603 1810 2778 1864 ἄλλων
2824 1809 2934 1862 οὐδ’
2967 1807 3046 1872 εἷς
3073 1809 3152 1880 τῷ
3192 1805 3445 1878 Ἀϐραὰμ
3473 1807 3738 1876 εἰσάγεται

493 1915 760 1962 venerunt
799 1907 855 1961 in
882 1906 1070 1962 urbem
1101 1905 1414 1971 Sodomam,
1436 1913 1492 1960 et
1523 1905 1784 1962 Dominus
1814 1921 1924 1961 non
1957 1901 2073 1976 jam

493 2012 619 2052 cum
670 1997 738 2053 iis
779 2013 1020 2068 pmsens
1064 2006 1200 2052 erat.
1237 1996 1378 2068 (Quo
1426 1997 1570 2052 enim
1615 1996 1780 2052 mode
1809 1995 1924 2052 ﬁeri
1979 2010 2075 2066 po-

494 2091 692 2148 tuisset
731 2102 1074 2147 mansuetum
1145 2090 1666 2162 misericordemque
1727 2089 1893 2146 Deum
1929 2089 2072 2160 apud

494 2184 693 2255 impios
734 2185 1122 2255 commorari?)
1167 2183 1268 2241 Hic
1308 2201 1436 2240 vero
1478 2185 1532 2239 in
1565 2185 1981 2240 conversatione
2008 2199 2073 2239 ac

491 2278 765 2349 colloquio
794 2277 1033 2350 religiosi
1059 2277 1299 2348 justique
1328 2278 1431 2333 viri
1462 2292 1809 2348 permanens,
1843 2277 2073 2346 ejusque

490 2367 888 2424 Consuetudine
904 2367 1121 2438 gaudet,
1145 2383 1207 2422 ac
1224 2367 1455 2437 benigne
1477 2367 1598 2437 ejus
1623 2366 2070 2421 humanissimam

489 2457 940 2528 supplicationem
1001 2458 1221 2527 accipit,
1254 2458 1310 2512 in
1343 2473 1451 2528 qua
1491 2473 1615 2511 cum
1652 2477 1670 2508 r
1704 2456 1806 2524 Qui
1857 2457 2073 2525 judicas

488 2563 703 2604 omnem
722 2557 944 2612 terram.
967 2565 1311 2620 nequaquam
1339 2549 1506 2605 facies
1531 2549 1798 2620 judicium
1823 2552 1926 2606 hoc
1957 2551 2020 2615 ³⁸,
2049 2569 2066 2603 ι

487 2636 832 2693 Abrahamus
865 2638 1093 2703 diceret,
1141 2639 1550 2697 evidentissime
1578 2642 2071 2713 ostenditseipsum

489 2727 710 2797 pulchre
739 2744 902 2785 nosse
928 2730 1073 2800 quod
1109 2745 1209 2786 nec
1241 2733 1454 2802 angelo,
1481 2747 1582 2788 nec
1615 2734 1779 2789 alicui
1813 2736 2073 2805 subjecta!

485 2819 684 2875 divinae
713 2822 991 2891 potestati,
1021 2821 1116 2876 sed
1147 2823 1251 2893 ipsi
1286 2824 1394 2879 Deo
1427 2825 1770 2895 loquebatur.
1802 2827 2070 2882 Caeterum

484 2912 636 2968 brevi
667 2929 903 2984 sequens
941 2931 1126 2970 rerum
1166 2918 1408 2972 narratio
1447 2919 1736 2988 perspicue
1764 2920 1985 2990 angelos
2016 2921 2070 2975 in

488 3001 782 3060 Sodomam
831 3007 1241 3076 proﬁciscentes
1281 3009 1658 3076 demonstrat,
1721 3011 2064 3082 subjiciens:

491 3116 512 3150 ι
550 3095 829 3155 Venerunt
858 3101 968 3156 duo
1011 3101 1186 3172 angeli
1228 3103 1284 3157 in
1325 3100 1624 3157 Sodomam
1676 3121 1905 3174 vespere
1933 3107 1998 3161 ³¹.
2043 3126 2062 3158 ι

484 3187 691 3246 Deinde
728 3206 906 3262 neque
956 3192 1266 3257 Dominum,
1313 3191 1503 3264 neque
1537 3193 1706 3250 Deum
1754 3195 1858 3252 Lot
1883 3199 2062 3255 visum
2092 3239 2130 3264 ,ε

484 3286 580 3333 aut
639 3280 878 3336 locutum
925 3281 1118 3348 fuisse,
1163 3284 1260 3339 sed
1319 3286 1542 3356 angelos
1587 3288 1800 3344 scribit.
1851 3288 1927 3344 Ex
1977 3291 2062 3348 his
2093 3272 2133 3293 ’³

484 3367 653 3438 igitur
709 3371 972 3426 omnibus
1021 3380 1270 3442 apertum
1326 3382 1413 3428 est
1487 3372 1776 3428 Dominum
1833 3391 1956 3430 esse
1998 3391 2063 3430 ac.

483 3455 676 3524 Deum,
697 3477 804 3516 non
825 3478 954 3518 vero
982 3479 1310 3534 quemquam
1335 3466 1673 3536 angelorum,
1695 3483 1855 3538 quem
1891 3469 2062 3523 Abra-

482 3551 648 3608 hamo
677 3555 854 3608 visum
887 3556 1058 3612 fuisse
1095 3555 1381 3626 Scriptura
1412 3567 1668 3614 testatur.

2175 1900 2407 1972 ὁμιλῶν
2435 1902 2558 1954 ἐπεὶ
2597 1901 2732 1973 μηδὲ
2761 1901 2882 1973 ᾔρει
2913 1899 3070 1970 λόγος
3101 1901 3227 1964 τοὺς
3277 1899 3497 1962 οἰκέτας
3529 1900 3625 1951 ἐπὶ
3657 1898 3738 1952 τοῦ

2175 1991 2382 2062 Κυρίου
2425 1991 2779 2062 φθέγγεσθαι,
2819 1991 2977 2062 μόνος
3010 1990 3066 2044 δὲ
3103 1991 3130 2042 6
3164 1988 3366 2058 Κύριος
3398 1987 3736 2059 χρηματίζει.

2173 2085 2232 2148 ὂς
2281 2085 2373 2138 καί
2409 2103 2590 2156 φησιν,
2630 2104 2648 2136 ‹
2688 2084 2780 2156 Μὴ
2816 2083 3009 2157 κρύψω
3058 2083 3170 2147 ἐγὼ
3213 2084 3319 2138 ἀπὸ
3360 2083 3617 2156 Ἀϐραάμ
3659 2082 3738 2136 τοῦ

2179 2178 2369 2242 παιδός
2408 2196 2532 2249 μου,
2575 2198 2592 2230 ι
2629 2179 2721 2232 καὶ
2753 2177 2821 2230 τά
2850 2178 3031 2232 λοιπά.
3078 2175 3210 2231 Εἶτα
3235 2179 3286 2230 οί
3317 2178 3415 2248 μὲν
3458 2177 3567 2231 άνα
3597 2177 3738 2245 (ἃμα)

2174 2269 2252 2340 τῷ
2277 2270 2469 2342 Κυρίῳ
2502 2270 2717 2341 ἄνδρες,
2750 2269 2908 2341 δῆλον
2941 2271 2985 2323 δ’
3016 2271 3096 2323 ὅτι
3135 2272 3182 2323 οἰ
3211 2271 3454 2339 ἄγγελοι,
3488 2268 3742 2340 ἀποστρέ-

2178 2361 2398 2431 ψαντες,
2448 2361 2596 2432 μόνοι
2625 2361 2890 2432 κατῆλθον
2927 2362 3006 2422 εἰς
3033 2360 3263 2431 Σόδομα,
3293 2358 3388 2412 τοῦ
3432 2359 3642 2430 Κυρίου
3678 2358 3739 2428 μὴ

2180 2454 2558 2526 συμπαρόντος
2604 2456 2786 2518 αὐτοῖς
2807 2470 2818 2481 °
2869 2453 3008 2524 (πῶς
3041 2453 3148 2524 γὰρ
3177 2455 3269 2506 καὶ
3310 2446 3421 2506 οἶόν
3450 2470 3513 2505 τε
3555 2449 3624 2523 ἦν
3664 2452 3740 2504 τὸν

2173 2545 2379 2616 εὐμενῆ
2416 2547 2508 2598 καὶ
2555 2544 2682 2597 ἵλεω
2713 2545 2844 2598 Θεὸν
2882 2548 2994 2608 τοῖς
3044 2543 3296 2598 ἀσεϐέσιν
3330 2543 3738 2614 ἐνεπιδημεῖν;)

2171 2638 2199 2690 ὁ
2225 2636 2281 2689 δὲ
2308 2637 2582 2707 ἐπιμένων
2610 2639 2678 2708 τῇ
2711 2637 2846 2709 πρὸς
2873 2636 2963 2689 τὸν
2998 2637 3219 2707 θεοφιλῆ
3255 2637 3348 2689 καὶ
3385 2636 3599 2689 δίκαιον
3632 2652 3740 2687 συνο

2170 2728 2329 2801 ουσία
2360 2747 2419 2782 τε
2458 2730 2552 2783 καὶ
2579 2730 2852 2800 διατριϐῇ,
2883 2730 3061 2802 χαίρει
3103 2728 3205 2801 μὲν
3237 2728 3402 2782 αὐτοῦ
3444 2732 3516 2800 τῇ
3549 2727 3736 2800 ὁμιλίᾳ.

2171 2819 2602 2892 ὑπερασπίζεται
2646 2822 2702 2874 δὲ
2739 2824 2831 2876 καὶ
2874 2822 2972 2892 τὴν
3013 2821 3537 2895 φιλανθρωποτάτην
3570 2819 3737 2890 εὐχὴν,

2172 2911 2234 2981 (Γ.
2269 2913 2322 2982 6)
2361 2914 2418 2968 ἐν
2538 2915 2720 2967 καὶτὸ
2765 2934 2782 2965 ι
2818 2913 3093 2985 Μηδαμῶς
3123 2916 3151 2968 6
3192 2916 3394 2987 κρίνων
3431 2918 3616 2969 πᾶσαν
3655 2915 3738 2984 τήν

2169 3005 2294 3075 γῆν,
2333 3025 2351 3055 ι
2389 3005 2627 3076 εἰρηκὼς
2657 3007 2685 3058 ό
2725 3003 2976 3078 Ἀϐραὰμ
3019 3007 3391 3079 ἐναργέστατα
3426 3007 3739 3078 παρίστησιν

2169 3097 2358 3151 ἑαυτὸν
2385 3095 2442 3152 εὖ
2475 3099 2566 3152 καὶ
2599 3099 2839 3170 ἀκριϐῶς
2871 3099 3087 3163 εἰδέναι,
3118 3101 3199 3152 ὅτι
3245 3100 3318 3172 μή
3352 3099 3596 3172 ἀγγέλῳ,
3633 3099 3738 3170 μηδ’

2170 3188 2546 3262 ύποϐεϐηκυία
2598 3191 2716 3262 θείᾳ
2766 3190 3013 3263 δυνάμει,
3071 3192 3184 3245 ἀλλ’
3227 3193 3377 3264 αύτῷ
3411 3193 3534 3263 Θεῷ
3579 3192 3739 3246 διαλέ-

2169 3300 2337 3354 γοιτο.
2364 3279 2478 3337 Εἶθ’
2502 3282 2629 3355 ἑξῆς
2665 3283 2908 3355 ἀκριϐῶς
2932 3283 2998 3337 τά
3023 3285 3325 3357 πράγματα
3353 3286 3580 3357 διαιρῶν
3607 3283 3741 3339 ὁ·λώ

2168 3394 2264 3445 γος
2307 3379 2433 3440 τοὺς
2466 3378 2558 3431 ἐπὶ
2611 3378 2821 3448 Σόδομα
2875 3378 3196 3443 ἀνελθόντας
3248 3379 3434 3447 σαφῶς
3487 3379 3740 3448 ἀγγέλους

2168 3469 2586 3542 προσαγορεύει,
2632 3470 2922 3538 ἐπιλέγων,
2965 3473 3046 3524 ὅτι
3091 3472 3154 3544 δὴ
3195 3491 3212 3523 ι
3247 3467 3409 3541 ἦλθον
3445 3474 3496 3524 οἰ
3530 3471 3625 3524 δύο
3656 3472 3741 3536 ἆγ-

2166 3563 2313 3631 γελοι
2355 3566 2432 3628 εἰς
2465 3563 2672 3634 Σόδομα
2715 3564 2990 3636 ἑσπέρας’
3030 3583 3048 3614 ι
3096 3564 3188 3617 καὶ
3219 3567 3275 3618 ὲν
3318 3565 3428 3628 τοῖς
3473 3563 3605 3633 ἑξῆς
3630 3561 3738 3614 οῦτς

480 3643 683 3716 Κύριον
716 3645 839 3700 οὔτε
886 3647 1019 3702 Θεὸν
1073 3649 1407 3722 ὀφθῆναιτῴ
1437 3650 1581 3712 Λὼτ,
1626 3653 1658 3722 ἢ
1706 3653 1814 3706 ’καί
1871 3652 2244 3725 λελαληκέναι,
2310 3656 2446 3711 ἀλλὰ
2482 3658 2610 3722 τοὺς
2651 3656 2916 3725 ἀγγέλους
2954 3657 3296 3729 ἀναγράφει·
3332 3655 3462 3709 ὥστ’
3506 3659 3572 3709 ὲκ
3615 3673 3739 3708 mv-

478 3735 571 3800 τὸς
614 3738 900 3810 πρόδηλον,
948 3740 1031 3793 ὅτι
1077 3740 1280 3814 Κύριος
1346 3739 1414 3814 ῆν
1459 3743 1554 3796 καὶ
1585 3743 1738 3811 Θεὸς,
1767 3745 1882 3797 ἀλλ’
1925 3745 1986 3798 οῦ
2054 3765 2138 3812 τις
2175 3750 2444 3820 ἀγγέλων,
2488 3751 2517 3802 6
2562 3749 2639 3821 τῷ
2675 3749 2926 3821 Ἀϐραὰμ
2977 3743 3155 3819 ὦφθαι
3210 3748 3347 3819 πρὸς
3391 3751 3492 3819 τῆς
3530 3745 3739 3818 Γραφῆς

483 3829 944 3900 μαρτυρούμενος.

552 3922 754 3979 Omnes
789 3926 954 3995 igitur
970 3926 1183 3984 Veteris
1214 3944 1340 3983 cum
1367 3930 1518 3987 Novo
1548 3931 1898 3989 Testamento
1918 3949 2054 3989 con-

479 4012 725 4067 cordiam
758 4014 1035 4072 discutere
1063 4019 1328 4084 volentes,
1384 4021 1488 4078 hoc
1524 4039 1622 4094 pro
1649 4025 1803 4080 lucro
1835 4026 2056 4089 habent,

479 4103 609 4157 dum
664 4103 1041 4163 demonstrare
1096 4111 1416 4167 existimant
1461 4114 1629 4169 alium
1679 4131 1804 4172 csse
1852 4116 2057 4172 Christi

478 4190 718 4260 Patrem,
775 4213 938 4268 quem
1001 4199 1389 4258 invisibilem"
1444 4208 1794 4278 evangelista!
1853 4209 2054 4279 praedi-

478 4294 627 4352 cant,
662 4289 826 4343 alium
860 4289 1028 4348 Hosis
1055 4300 1110 4348 et
1161 4297 1556 4366 prophetarum
1583 4299 1776 4365 Deum,
1830 4301 2047 4359 diverse

477 4381 680 4474 visum,
713 4383 1218 4474 nunc‘Abrahamo,
1249 4405 1395 4444 nunc
1422 4388 1610 4446 ISaaco
1641 4393 1750 4474 (cui
1781 4401 1836 4447 et
1860 4392 2055 4448 eadem

477 4467 649 4526 ferme
673 4487 793 4542 quae
815 4470 1131 4530 Abrahamo
1154 4477 1422 4550 prwdixit)
1439 4519 1454 4542 ,
1475 4467 1723 4536 similitér
1751 4492 1806 4536 et
1823 4480 2052 4545 Iacobo,

477 4577 692 4620 necnon
771 4563 922 4620 Isaiae
990 4567 1194 4624 dicenti
1250 4589 1264 4626 :

2236 3929 2444 3992 Πάντες
2491 3928 2588 4000 μὲν
2632 3923 2725 3982 οῦν
2767 3929 2814 3981 οἱ
2847 3927 3157 3981 διακόπτειν
3205 3926 3479 3990 ἐθέλοντες
3519 3926 3620 3998 τὴν
3649 3925 3737 3996 τῆς

2167 4022 2410 4086 Παλαιᾶς
2445 4020 2581 4093 πρὸς
2607 4020 2705 4091 τὴν
2735 4020 2942 4091 Καινὴν
2976 4019 3250 4092 Διαθήκην
3283 4020 3605 4089 σύμπνοιαν,
3639 4018 3735 4072 ῶσ-

2166 4131 2272 4185 περ
2302 4113 2514 4184 ἑρμαίῳ
2549 4113 2660 4175 τοῖς
2688 4111 2876 4174 τόποις
2913 4110 3283 4173 ἐπιϐαίνοντες
3322 4109 3508 4178 σαφῶς
3538 4111 3603 4163 ὲκ
3630 4109 3737 4164 τού-

2165 4222 2274 4259 των
2321 4204 2650 4276 παριστάναι
2691 4203 2939 4256 δοκοῦσιν
2983 4203 3165 4274 ἑτέρον
3216 4202 3482 4274 ὑπάρχειν
3525 4201 3615 4255 τὲν
3651 4201 3732 4254 τοῦ

2165 4295 2399 4367 Χριστοῦ
2425 4295 2664 4368 Πατέρα,
2692 4295 2750 4349 ὃν
2773 4295 2867 4349 καὶ
2897 4295 3125 4364 ἀόρατον
3142 4295 3246 4348 ὑπὸ
3268 4296 3366 4366 τῆς
3383 4295 3736 4367 εύαγγελικῆς

2165 4389 2346 4458 φωνῆς
2371 4387 2769 4459 ὁμολογεῖσθαι,
2789 4386 2942 4458 παρά
2958 4387 3048 4440 τὸν
3069 4386 3347 4450 Μωῦσέως
3372 4388 3467 4440 καὶ
3486 4387 3595 4440 τῶν
3611 4403 3733 4458 προ-

2165 4481 2349 4552 φητῶν
2375 4481 2509 4534 Θεὸν
2537 4480 2810 4553 διαφόρως
2837 4479 3091 4550 ὀφθέντα,
3109 4482 3228 4534 τοτὲ
3247 4479 3446 4556 μὲνθτῷ
3472 4480 3730 4554 Ἀϐραὰμ,

1328 4589 1346 4622 ι
1389 4570 1518 4627 Vidi
1599 4572 1889 4628 Dominum
1954 4571 2057 4628 Sa-

2174 4572 2282 4625 τοτὲ
2307 4571 2364 4626 δὲ
2392 4569 2470 4642 τῷ
2512 4571 2700 4624 Ἰσαάκ
2733 4563 2810 4640 (ᾧ
2852 4571 2944 4622 καί
2977 4569 3125 4640 αύτῷ
3162 4569 3514 4641 χρηματίζων
3544 4570 3614 4623 τά
3641 4587 3731 4622 πα-

477 4644 644 4710 baoth
661 4657 729 4719 ³³,
773 4675 792 4709 ι
826 4659 1149 4730 caeterisque
1189 4663 1507 4733 prophetis;
1555 4680 1655 4720 nos
1713 4680 1863 4731 vero,
1913 4668 2060 4734 (cum

2174 4664 2438 4734 ραπλήσια
2466 4665 2577 4727 τοῖς
2592 4662 2684 4716 ἐπὶ
2708 4661 2801 4714 τοῦ
2843 4661 3095 4733 Ἀϐραὰμ
3122 4659 3522 4732 προθεσπίζει),
3546 4661 3732 4730 ὁμοίως

475 4753 532 4802 et
561 4747 616 4802 in
648 4747 784 4818 ipsis
810 4753 1087 4809 veteribus
1116 4751 1207 4809 Dei
1225 4755 1504 4826 prophetis
1529 4751 1807 4811 inducitur
1840 4757 2063 4827 aliquod

2174 4756 2217 4809 se
2271 4755 2367 4808 καὶ
2424 4753 2502 4825 τῷ
2549 4752 2740 4808 Ἰακὼϐ
2761 4792 2777 4817 ,
2814 4753 2952 4824 τάχα
2999 4753 3056 4807 δὲ
3115 4753 3208 4806 καὶ
3241 4752 3439 4824 Ἠσαῖᾳ
3487 4755 3730 4824 φήσαντι,

475 4839 722 4895 divinum
752 4843 1036 4898 oraculum
1095 4860 1126 4900 e
1184 4859 1418 4916 persona
1470 4845 1565 4902 Dei
1606 4847 1797 4902 dicens
1845 4863 1858 4900 :
1911 4847 2062 4918 «Ego

2174 4865 2185 4899 ι
2221 4842 2374 4901 Εἶδον
2402 4845 2494 4900 τὸν
2527 4845 2732 4917 Κύριον
2765 4845 3015 4910 Σαϐαὼθ,
3050 4864 3070 4898 ι
3108 4846 3336 4910 καὶτοῖς
3364 4845 3574 4910 λοιποῖς
3609 4863 3730 4918 προσ

473 4931 623 4986 enim
675 4931 943 4990 Dominus
997 4941 1054 4990 et
1103 4950 1215 4990 non
1262 4936 1542 5005 mutor“;
1574 4957 1592 4990 ι
1628 4945 1715 4993 et:
1762 4935 2059 5008 «Nunquid

2174 4940 2362 5011 Ῥήταις
2402 4937 2818 5010 παραπλησίως’
2854 4939 3017 5009 ἡμεῖς
3057 4937 3114 4992 δὲ
3145 4939 3287 5007 (ἐπεὶ
3324 4937 3418 4993 καὶ
3461 4941 3522 4991 ὲν
3563 4939 3733 5002 αὐτοῖς

475 5038 590 5080 non
640 5025 845 5080 caelum
892 5033 948 5082 et
1002 5034 1208 5083 terram
1260 5043 1363 5100 ego
1412 5029 1636 5100 impleo,
1687 5030 1822 5087 dicit
1873 5030 2060 5087 Domi-

2174 5034 2271 5096 τοῖς
2318 5031 2484 5084 πάλαι
2513 5029 2608 5084 τοῦ
2647 5028 2781 5083 Θεοῦ
2823 5031 3132 5101 προφήταις
3174 5029 3475 5102 ἐμφέρεται
3508 5049 3562 5085 τι
3607 5031 3732 5085 θεῖον

475 5115 712 5179 ausu?»
753 5114 891 5174 Mosi
924 5117 1090 5174 etiam
1123 5117 1292 5174 dicit:
1350 5118 1506 5188 gNon
1541 5121 1687 5174 enim
1731 5120 1937 5176 videbit
1969 5137 2056 5178 me

2174 5125 2337 5193 λόγιον
2365 5125 2429 5176 ὲκ
2457 5121 2765 5195 προσώπου,
2796 5121 2892 5176 τοῦ
2938 5121 3072 5175 Θεοῦ
3103 5121 3311 5191 φάσκον
3330 5139 3344 5152 ·
3403 5141 3423 5174 ι
3461 5123 3607 5176 Διότι
3637 5121 3734 5190 ἐγὼ

476 5208 640 5265 ἰιοιιιο
652 5216 710 5266 et
730 5210 871 5267 vivet
885 5211 930 5243 “
948 5229 964 5278 ;
985 5210 1032 5281 ι)
1050 5209 1117 5265 ad
1135 5210 1422 5283 praedictos
1445 5211 1716 5279 homines,
1732 5214 1896 5270 simul
1910 5223 1964 5268 et
1986 5212 2053 5268 ad

2174 5212 2362 5285 Κύριος
2389 5213 2418 5265 ό
2440 5212 2572 5276 Θεὸς
2589 5211 2742 5283 ὑμῶν
2771 5212 2866 5264 καὶ
2896 5211 2998 5264 οὐκ
3015 5210 3343 5282 ήλλοίωμαι.
3365 5231 3385 5263 ι
3415 5212 3562 5282 Καίοσ
3583 5231 3600 5263 ι
3615 5211 3732 5281 Οὐχὶ

473 5295 719 5362 Judaeos,
745 5298 988 5355 nondum
1012 5299 1310 5355 secundam
1337 5311 1535 5372 praeter
1561 5302 1860 5359 increatam
1893 5314 2054 5358 natu-

2174 5303 2243 5356 :6v
2274 5301 2500 5375 οὐρανὸν
2532 5301 2628 5355 καί¹
2655 5301 2751 5372 τὴν
2775 5299 2880 5370 γῆν
2905 5299 3014 5368 ἐγὼ
3031 5301 3250 5373 πληρῶ;
3285 5301 3432 5371 λέγει
3471 5303 3687 5373 Κύριος·
3709 5323 3724 5350 ι

476 5404 592 5444 ram
619 5391 1005 5461 preexsistere
1037 5391 1378 5447 divinitatem
1420 5391 1543 5448 Filii
1578 5395 2054 5466 comprehenden-

2174 5397 2248 5449 ιαὶ
2273 5394 2352 5466 τῷ
2378 5396 2601 5449 Μωῡσεῐ
2623 5393 2678 5447 δὲ
2701 5394 3052 5466 χρηματίζων
3081 5395 3244 5465 φησίν
3265 5411 3276 5422 ·
3303 5413 3321 5445 ι
3342 5395 3532 5458 Οὐδεὶς
3557 5387 3729 5463 ἀρεταί

471 5488 577 5545 tes,
598 5480 712 5537 haec
729 5482 983 5554 ambigua
1005 5483 1461 5554 examinabimus,
1477 5501 1584 5557 qua
1603 5487 1813 5542 scilicet
1836 5487 2048 5542 ratione

2174 5506 2256 5542 ιου
2284 5488 2342 5541 τὸ
2370 5488 2679 5560 πρόσωπον,
2711 5487 2803 5539 καὶ
2824 5484 3067 5559 ζήσεται*
3090 5488 3224 5559 ›)ιῖ›ς
3254 5489 3389 5560 πρὸς
3419 5491 3546 5552 τοὺς
3563 5500 3726 5558 προει-

547 5618 745 5697 "Gen.
790 5624 977 5697 κιιηί
1056 5626 1248 5684 "Gen.
1289 5646 1379 5694 xv,
1413 5629 1465 5684 7.
1543 5631 1589 5663 ’⁷
1625 5628 1763 5687 Gen.
1795 5646 1931 5694 xvn,
1971 5631 2022 5685 l.

2183 5631 2320 5687 Gen.
2356 5647 2521 5697 xvm,
2557 5633 2610 5686 5.
2689 5629 2733 5661 ²⁹
2772 5630 2902 5686 ibid.
2945 5630 3031 5684 l7.
3109 5631 3153 5661 ’°
3194 5630 3303 5686 ibid
3361 5631 3452 5686 25.
3489 5621 3714 5697 “ﬁdem

469 5703 594 5751 xix,
654 5693 704 5743 l.
813 5696 855 5727 ³³
897 5694 1056 5752 Jozui.
1099 5713 1152 5763 ι,
1189 5700 1299 5767 l8;
1344 5692 1430 5766 vi,
1467 5699 1554 5753 46.
1669 5700 1714 5734 ³³
1754 5699 1860 5757 lsa.
1895 5692 1947 5755 vi
1979 5741 1991 5766 ,
2029 5702 2062 5757 5

472 5773 664 5823 ixmil,
697 5763 785 5818 20.

2196 5703 2239 5736 ³⁸
2281 5692 2516 5757 Μοιαοιιξ
2549 5717 2643 5766 ιιι,
2683 5700 2735 5754 6.
2843 5702 2886 5732 ³³
2926 5699 3036 5756 Jcr.
3078 5717 3208 5755 xxm
3235 5740 3249 5765 ,
3285 5700 3374 5754 ει.
3479 5696 3524 5728 ⁸⁸
3562 5692 3712 5748 Exod-
