3954 6498
131 465 278 520 1055

1166 461 1462 519 ΕΕιΟΟίΕ
1496 460 1973 518 ΡΒΟΡΠΕΤΙΕᾹΞ.
2010 490 2079 499 -ρ-
2113 461 2242 516 LIB.
2279 463 2326 516 1.

3248 466 3388 522 1055

133 579 405 649 ρημένους
436 578 573 648 ὁμοῦ
603 581 693 632 καὶ
726 581 847 642 τοὺς
873 579 936 632 ὲκ
967 583 1289 653 περιτομῆς,
1310 583 1388 634 ἔτι
1416 600 1475 636 τε
1501 584 1625 646 τοὺς
1646 582 1712 654 μὴ

1824 579 1922 649 qui
1967 578 2266 633 secundum
2308 579 2429 633 illas
2470 580 2792 650 prophetias
2835 581 3191 638 immutabilis
3211 591 3264 638 et
3305 585 3391 638 in-

131 671 528 742 προσιεμένους
541 671 690 724 δευτέ
699 690 795 744 ραν
815 671 951 743 μετά
961 673 1056 743 τὴν
1073 675 1331 746 ἀγένητον
1343 676 1502 746 φύσιν
1518 681 1719 749 προῦπ-

133 766 324 842 ἀρχειν
353 762 582 836 θεότητα
609 765 699 818 τοῦ
739 765 888 828 Υἱοῦ,
921 766 1091 819 ταῦτα
1127 770 1567 841 ἑπαπορήσομεν,
1601 771 1717 834 πῶς

129 860 156 909 6
204 865 305 909 καὶ
347 855 557 927 (κατὰ)
604 855 807 920 ταύτας
839 857 937 920 τὰς
967 859 1302 929 προφητείας
1342 860 1713 923 ἀναλλοίωτος,

131 959 225 1001 και
260 949 552 1018 ἄτρεπτος,
579 950 672 1001 καὶ
703 948 864 1002 πάλιν
896 949 987 1002 τὸν
1008 951 1232 1022 οὐρανὸν
1258 953 1348 1005 καὶ
1377 953 1474 1022 τὴν
1501 956 1604 1024 γῆν
1632 954 1716 1006 λέ-

129 1059 240 1114 γων
259 1040 501 1111 πληροῦν
537 1041 697 1111 μόνος
725 1041 876 1107 Θεὸς,
893 1042 1077 1112 σαφῶς
1099 1061 1159 1097 τε
1180 1045 1276 1097 καὶ
1301 1048 1422 1098 κατ’
1451 1047 1608 1100 αὐτὸν
1625 1047 1716 1100 τὸν

129 1134 298 1203 νόμον
323 1133 510 1203 σχεδὸν
526 1133 754 1206 ἀόρατος
775 1131 916 1188 εἶναι
941 1136 1288 1208 δηλούμενος,
1312 1138 1452 1192 κατά
1470 1140 1552 1192 τόε
1573 1160 1591 1192 ι
1614 1142 1717 1194 Οὑ-

123 1225 240 1287 651;
261 1223 456 1294 ὄψεταί
482 1242 582 1295 μου
619 1224 681 1277 τὸ
713 1225 1005 1296 πρόσωπον
1043 1229 1136 1281 καὶ
1165 1229 1442 1302 ζήσεται,›
1477 1231 1716 1286 ἀλλοιού-

131 1334 298 1385 μενος
344 1317 527 1382 πάλιν,
574 1319 667 1372 καὶ
707 1319 784 1382 ὡς
816 1320 1161 1392 περιτρέπων
1188 1321 1286 1394 τὴν
1319 1323 1479 1388 αὐτὸς
1522 1326 1713 1378 ἑαυτοῦ

128 1407 320 1461 ούσίαν
360 1409 440 1474 είς
469 1409 571 1480 (ἐν)
604 1414 820 1482 μικροῖς
849 1429 957 1464 τισι
985 1412 1196 1484 μορίοις
1221 1417 1320 1485 τῆς
1344 1415 1450 1486 γῆς
1469 1417 1714 1487 χωρητὸς

129 1501 402 1569 ἐγίγνετο,
440 1502 534 1555 καὶ
568 1504 777 1574 ἑωρᾶτο
807 1504 927 1557 τοτὲ
957 1505 1057 1575 μὲν
1087 1505 1166 1577 τῷ
1207 1507 1475 1580 Ἀδραὰμ,
1505 1510 1626 1562 τοτὲ
1656 1510 1715 1562 δὲ

127 1596 240 1657 τοῖς
276 1595 460 1658 ἄλλοις
505 1597 852 1667 προφήταις;
901 1596 1069 1650 Ταυτὶ
1117 1598 1225 1670 γὰρ
1263 1601 1312 1653 εί
1351 1601 1444 1653 ἐπὶ
1483 1602 1571 1656 τὸν
1608 1602 1713 1655 τῶν

128 1687 264 1740 ὅλων
297 1688 624 1759 ἀναφέροιτο
645 1688 796 1752 Θεὸν,
834 1690 893 1743 οὐ
923 1691 1080 1762 μόνον
1112 1694 1177 1763 τῇ
1209 1693 1533 1765 εύαγγελικῇ
1562 1698 1711 1765 φωνῇ

127 1780 276 1848 δόξαι
301 1781 368 1835 ἂν
399 1781 704 1850 διαφωνεῖν,
732 1781 868 1836 ἀλλά
893 1784 987 1837 καὶ
1011 1787 1133 1848 ταῖς
1164 1789 1542 1858 προφητικαῖς,
1569 1787 1713 1857 ἀχώ-

129 1891 294 1946 ρητον
329 1876 425 1928 καὶ
454 1875 808 1930 ἀναλλοίωτον
835 1878 996 1932 αὐτὸν
1027 1879 1121 1931 καὶ
1144 1879 1371 1950 ἀόρατον
1406 1880 1712 1950 ἀνθρώποις

127 1964 599 2036 ἀποφηναμέναις·
637 1967 686 2019 εί
709 1967 782 2038 μὴ
814 1968 922 2039 ἄρα
957 1969 1091 2041 μηδὲ
1135 1968 1313 2040 ωφΘαί
1342 1988 1426 2034 τις
1452 1972 1592 2024 εἴποι
1614 1972 1711 2024 αύ-

124 2057 214 2110 τδν
245 2057 340 2110 τὸν
374 2046 506 2110 Θεὸν
531 2060 643 2122 τοῖς
679 2059 1208 2132 ἀναγεγραμμένοις,
1251 2061 1622 2132 φαντασιῶσαι
1657 2063 1712 2116 δὲ

126 2149 325 2211 αὐτοὺς
362 2149 497 2202 αὐτὸ
531 2149 712 2219 μόνον,
746 2149 821 2214 ὡς
847 2151 1024 2206 δοκεῖν
1053 2153 1151 2223 μὲν
1173 2155 1304 2225 όρᾷν
1341 2155 1436 2208 καὶ
1467 2155 1708 2218 ἀκούειν,

125 2236 182 2287 ού
210 2235 320 2306 μὴν
338 2237 436 2288 καὶ
463 2237 678 2308 ἀληθῶς
691 2256 742 2291 τι
759 2240 865 2293 τῶν
894 2240 1265 2311 νομιζομένων
1286 2243 1568 2312 φαίνεσθαι
1588 2244 1714 2299 Θεω-

129 2329 260 2397 ρεῖν,
290 2327 418 2382 οὐδὲ
449 2328 553 2400 μὴν
596 2330 814 2383 ἀκούειν
845 2333 964 2385 κατ’
1005 2333 1284 2405 ἀλήθειαν,
1319 2336 1712 2408 ἀπατωμένους

119 2420 180 2472 δὲ
212 2421 312 2474 καὶ
342 2422 403 2473 ὲν
430 2423 641 2486 τούτοις
663 2422 902 2494 νομίζειν
925 2467 940 2490 ,
969 2426 1060 2478 καὶ
1088 2425 1264 2479 δοκεῖν
1289 2426 1505 2481 ἀκούειν
1524 2470 1538 2493 ,
1575 2430 1714 2500 ὅπερ

125 2511 395 2564 ἀνοίκειόν
410 2531 468 2566 τε
493 2516 584 2567 καὶ
610 2515 886 2586 ἀλλότριον
909 2517 1142 2589 ὑπάρχει
1166 2521 1265 2590 τῆς
1287 2519 1348 2588 (l'.
1376 2520 1428 2588 7‘)
1452 2521 1714 2588 ἀψευδοῦς

125 2599 214 2651 καὶ
246 2601 529 2665 ἀπλανοῦς
560 2603 655 2656 τοῦ
678 2603 786 2658 τῶν
811 2606 948 2660 ὅλων
978 2607 1112 2661 Θεοῦ
1150 2609 1365 2678 φύσεως
1385 2629 1397 2640 ·
1431 2611 1512 2664 ἔτι
1538 2611 1594 2665 δὲ
1620 2615 1714 2666 καὶ

126 2692 431 2747 ἀσύστατον
456 2695 516 2748 ὃν
543 2695 815 2751 δείκνυται
847 2700 911 2753 ἐκ
941 2700 1035 2753 τοῦ
1062 2701 1240 2770 λέγειν
1260 2703 1586 2776 ἱστορεῖσθαι
1613 2709 1711 2760 αύ-

124 2785 211 2839 τὸν
237 2788 336 2841 τὸν
368 2789 500 2842 Θεὸν
540 2792 669 2863 περὶ
709 2791 804 2845 τοῦ
839 2793 1088 2866 Ἀϐραὰμ
1120 2796 1199 2848 τόο
1223 2815 1242 2849 ι
1280 2796 1462 2869 ᾜδειν
1497 2797 1605 2870 γὰρ
1633 2801 1713 2853 ὅτι

130 2880 383 2944 συντάξει
399 2885 512 2945 τοῖς
536 2885 672 2946 υἱοῖς
692 2884 856 2937 αὐτοῦ
872 2887 963 2939 καὶ
989 2886 1066 2956 τῷ
1087 2886 1220 2958 οίκῳ
1241 2889 1405 2942 αὑτοῦ
1421 2891 1538 2961 μετ’
1553 2891 1713 2946 αὑτὸν

126 2968 214 3020 καὶ
231 2971 563 3038 φυλάξουσιν
576 2971 673 3036 τάς
683 2973 834 3037 ὁδοὺς
849 2975 930 3028 Κυ
940 2975 1053 3047 ρίου
1069 2978 1240 3028 ποιεῖν
1253 2976 1596 3049 δικαιοσύνην
1622 2980 1714 3032 καὶ

125 3059 330 3127 κρίσιν,
350 3063 500 3127 ὅπως
522 3064 588 3117 ἂν
616 3066 871 3137 ἐπαγάγῃ
902 3067 1105 3138 Κύριος
1131 3068 1223 3121 ἐπὶ
1257 3068 1504 3142 Ἀϐραὰμ
1522 3070 1558 3126 ἃ
1588 3072 1712 3125 ἐλά-

125 3150 254 3221 ληισε
314 3155 454 3225 πρὸς
487 3157 668 3212 αὐτόν.
714 3178 732 3210 ι
783 3159 1223 3230 Ἀναμφιλέκτως
1259 3161 1390 3232 γοῦν
1433 3164 1606 3219 ταῦτα
1638 3165 1713 3229 ὡς

127 3244 253 3315 περὶ
279 3246 467 3317 ἐτέρου
506 3249 710 3320 Κυρίου
745 3252 907 3318 αὐτὸς
938 3256 966 3308 6
999 3255 1198 3328 Κύριος
1232 3255 1565 3327 διαλέγεται·
1596 3257 1711 3323 πῶς

123 3335 211 3390 οὖν
253 3341 374 3393 ἐστι
414 3337 526 3396 οἷόν
563 3363 621 3398 τε
651 3346 742 3400 τὸν
773 3347 881 3400 τῶν
917 3350 1054 3403 ὅλων
1087 3354 1333 3406 ὑπονοεῖν
1369 3353 1500 3406 Θεὸν
1538 3353 1706 3407 ταῦτα

124 3430 430 3499 εἰρηκέναε;
466 3434 601 3509 Περὶ
635 3437 788 3490 ποίου
811 3438 918 3512 γὰρ
951 3443 1137 3514 ἐτέρου
1173 3445 1301 3515 παρ’
1326 3445 1488 3499 αὐτὸν
1505 3446 1710 3517 Κυρίου

124 3522 346 3577 δύναται
380 3525 630 3595 λέγεσθαι
672 3530 741 3584 τά
773 3533 1099 3604 ἐγκείμενα;
1150 3537 1308 3590 Ἀλλά
1333 3538 1442 3610 γὰρ
1469 3540 1614 3608 σαφῆ
1648 3542 1712 3592 ἐκ

126 3617 331 3671 τούτων
365 3620 445 3672 ὅτι
481 3623 616 3692 μηδὲ
650 3623 727 3694 τῷ
762 3625 870 3678 τῶν
910 3627 1045 3679 ὅλων
1075 3628 1195 3699 Θεῷ
1241 3632 1537 3701 προσήκειν
1569 3629 1712 3683 ἔοικε

127 3706 190 3759 τὰ
222 3707 551 3780 δηλούμεναο
586 3713 921 3769 δέδεικταιδὲ
957 3717 1037 3769 ὅτι
1063 3717 1197 3788 μηδὲ
1230 3721 1294 3790 τῇ
1324 3718 1434 3771 τῶν
1466 3720 1713 3789 ἀγγέλων

129 3797 306 3865 siser
344 3797 452 3854 οἶδε
499 3805 650 3871 γοῦν,
688 3805 762 3870 ὡς
795 3807 952 3878 ἔφην,
989 3811 1017 3861 6
1049 3808 1205 3878 λόγος
1228 3811 1588 3882 ἐπαληθεύειν
1620 3815 1713 3868 ἐπὶ

126 3897 186 3965 τῇ
224 3896 338 3950 τῶν
377 3898 625 3966 ἀγγέλων
655 3901 966 3973 ἐπιφανείᾳ,
1006 3904 1192 3971 σαφῶς
1221 3907 1714 3978 ὲπισημαινόμενος

126 3985 218 4050 τὰς
244 3988 312 4040 δι’
347 3989 525 4043 αὐτῶν
552 3993 836 4058 ὀπτασίας.
870 3996 931 4048 EE
959 3995 1022 4066 δὴ
1048 3992 1141 4049 οῦν
1165 3999 1288 4068 μήτ’
1320 4000 1584 4072 ἀγγελικῇ
1615 4003 1714 4070 φύ-

128 4091 204 4128 σει
243 4079 384 4148 μήτε
406 4081 471 4150 τῇ
502 4081 764 4135 ἀνωτάτω
785 4085 878 4136 καλ⁵
907 4085 1156 4158 ἀγενήτῳ
1181 4087 1274 4140 τοῦ
1297 4087 1403 4142 τῶν
1425 4089 1559 4142 ὅλων
1575 4090 1711 4144 Θεοῦ

129 4165 295 4219 ταῦτα
333 4168 507 4222 ἔοικεν
538 4172 850 4242 ἁρμόττειν,
876 4173 1100 4228 λείποιτ’
1125 4176 1191 4230 ἂν
1223 4178 1427 4232 τούτων
1453 4181 1551 4250 μία
1576 4181 1710 4252 μόνη

129 4252 300 4318 λύσις,
331 4264 380 4306 ει
416 4262 474 4306 τὸ
508 4262 605 4326 μὲν
638 4263 994 4319 ἀναλλοίωτον
1015 4269 1108 4321 καὶ
1131 4269 1397 4340 ἄτρεπτον
1430 4271 1523 4323 καὶ
1550 4271 1713 4341 ἀόρα-

128 4363 218 4401 τον
248 4347 343 4400 ἐπὶ
370 4345 470 4438 τὴν
499 4348 756 4420 ἀγένητον
782 4357 1235 4431 διαφυλάττωμεν
1275 4363 1485 4425 οὐσίαν,
1515 4365 1638 4429 τοὺς
1668 4365 1712 4418 δ’

131 4440 654 4511 ἀναγεγραμμένους
687 4443 761 4505 ὡς
785 4445 847 4496 ὲκ
876 4444 1010 4498 Θεοῦ
1046 4457 1464 4525 χρηματισμοὺς
1501 4457 1594 4509 ἐπὶ
1623 4457 1712 4509 τὸν

132 4533 219 4586 τοῦ
262 4532 399 4586 Θεοῦ
432 4534 602 4602 Λόγον
637 4536 1171 4610 μεταλαμϐάνοιμεν,
1205 4545 1266 4597 ὃν
1309 4548 1582 4619 διαφόρως
1621 4553 1712 4604 καὶ

136 4627 236 4697 πρὸ
285 4629 386 4697 τῆς
435 4628 899 4701 ἐνανθρωπήσεως
935 4634 1075 4706 ὑπὲρ
1115 4640 1214 4708 τῆς
1255 4639 1362 4692 τῶν
1409 4641 1712 4714 ἀνθρώπων

137 4719 406 4790 σωτηρίας
425 4719 655 4791 ὀφθῆναί
680 4738 736 4772 τε
771 4724 866 4775 καλ⁸
905 4725 1000 4788 τάς
1031 4727 1088 4777 ἐν
1119 4731 1236 4792 ταῖς
1263 4729 1434 4794 Θείαις
1472 4732 1712 4803 Γραφαῖς

133 4807 510 4879 ἐμφερομένας
549 4811 858 4882 οἰκονομίας
900 4816 1178 4870 ἐκτελέσαι
1234 4821 1708 4894 πεπιστεύκαμεν·

134 4902 222 4954 ἐπὶ
251 4903 415 4972 μόνου
441 4902 497 4955 δὲ
532 4903 719 4957 τούτου
752 4907 891 4976 μετά
923 4908 1011 4961 τὸν
1040 4911 1147 4963 τῶν
1181 4913 1317 4966 ὅλων
1338 4914 1468 4969 Θεὸν
1493 4917 1586 4970 καὶ
1613 4917 1711 4988 τὴν

133 4997 556 5068 τετράγραμμον
585 5002 951 5073 προσηγορίαν
995 5005 1253 5078 κειμένην
1299 5007 1566 5080 εὕρομεν,
1615 5011 1710 5064 ἆτε

133 5087 430 5156 Μονογενεῖ
452 5094 544 5144 καὶ
577 5093 894 5167 κληρονόμῳ
937 5097 1030 5150 τοῦ
1067 5099 1282 5171 Πατρδς
1331 5103 1712 5174 ἁρμοττούσης

133 5179 225 5232 καί
261 5180 465 5252 ταύτης
505 5187 606 5256 τῆς
648 5185 833 5259 θεῐκῆς
877 5192 1137 5257 ἐπινοίας.
1180 5191 1253 5248 Εὖ
1304 5195 1435 5264 γοῦν
1480 5197 1636 5262 είδὼς
1685 5200 1713 5250 ὁ

144 5270 418 5342 Ἀϐραὰμ,
435 5274 528 5326 ἆτε
553 5277 714 5345 σοφὸς
736 5277 811 5333 ὢν
835 5282 929 5334 καὶ
951 5284 1087 5355 πρὸς
1113 5285 1278 5339 αὑτοῦ
1303 5286 1399 5339 τοῦ
1418 5286 1555 5342 Θεοῦ
1582 5306 1714 5360 προ-

133 5369 310 5433 φήτης
345 5361 485 5419 εἶναι
523 5371 985 5442 μαρτυρούμενος,
1009 5375 1084 5440 ὡς
1134 5379 1214 5431 ὃτι
1243 5381 1425 5434 πᾶσαν
1451 5381 1550 5453 τὴν
1592 5381 1712 5453 κρί-

135 5472 216 5507 σιν
246 5456 448 5511 ἒδωκεν
482 5458 558 5529 τῷ
593 5460 732 5531 Υἱῷ,
769 5471 1065 5534 προσκυνεῖ
1100 5486 1158 5522 τε
1181 5471 1379 5536 αὑτὸν,
1425 5474 1518 5526 καὶ
1565 5475 1712 5544 μόνῳ

134 5549 280 5600 παρὰ
305 5549 436 5612 τοὺς
459 5549 650 5615 ἄλλους
683 5554 846 5625 φησὶν
873 5557 954 5608 τό·
985 5576 1003 5608 ‹
1021 5559 1299 5630 Μηδαμῶς
1326 5563 1355 5614 6
1382 5565 1581 5635 κρίνων
1608 5568 1712 5619 πᾶ-

135 5653 231 5692 σαν
252 5646 354 5711 τήν
379 5641 484 5712 γῆν
512 5643 574 5695 ού
603 5645 848 5713 ποιήσεις
887 5647 1086 5716 κρίσιν.
1121 5669 1138 5699 ι
1173 5651 1351 5722 Ὅπερ
1381 5653 1598 5724 ἀγγέλῳ
1622 5653 1713 5706 τὸν

132 5728 272 5786 Θεῖον
301 5734 475 5804 Λόγον
506 5735 869 5808 ὑποὸεὸηκότι
899 5738 1149 5807 λέγεσθαι
1172 5745 1411 5814 νομίζειν
1448 5726 1712 5800 ἀύοίκειόν

167 5911 209 5944 ³¹
249 5911 386 5971 Gen.
423 5930 594 5979 xvm,
631 5917 716 5972 19.
792 5917 838 5951 ³⁸
873 5916 1032 5973 Joan.
1069 5937 1120 5986 ν,
1155 5921 1243 5977 ‘22.

409 6011 685 6075 Panos.
717 6015 833 6077 Gn.
865 6014 1070 6076 XXII.

1831 671 2105 737 flexibilis,
2135 673 2340 742 quique
2372 687 2566 728 rursus
2596 673 2794 727 omium
2831 681 2884 727 et
2932 683 3133 730 terram
3188 676 3392 732 dicitur

1827 763 2051 836 implere
2081 765 2232 819 solus
2259 763 2422 829 Deus,
2452 763 2736 820 manifeste
2779 764 2997 836 quidem
3015 777 3069 822 et
3092 769 3394 827 secundum

1826 857 1995 927 legem
2014 857 2267 912 cominus
2294 856 2583 912 invisibilis
2598 857 3027 922 demonstratur,
3051 859 3136 915 bis
3164 861 3346 917 verbis
3367 878 3387 914 .:

1821 947 1994 1003 Nemo
2027 948 2221 1004 faciem
2276 963 2452 1004 meam
2494 949 2698 1004 videbit
2753 957 2806 1004 et
2839 949 3035 1017 vivet,»
3083 966 3230 1006 nunc
3257 957 3389 1007 veru

1822 1045 2066 1094 mutatus
2127 1047 2180 1094 et
2245 1039 2403 1110 quasi
2471 1038 2589 1108 ipse
2630 1054 2784 1095 suam
2830 1041 3104 1095 invertens
3135 1042 3394 1098 substan«

1828 1131 1982 1196 tiam,
2034 1130 2090 1186 in
2137 1131 2464 1202 quibusdam
2499 1131 2682 1202 parvis
2731 1139 2888 1188 terra:
2917 1134 3200 1204 particulis
3254 1153 3381 1191 con-

1824 1225 1986 1280 tineri
2037 1231 2271 1294 poterat,
2328 1223 2614 1294 fueratque
2658 1226 2810 1282 visus
2857 1241 3002 1281 nunc
3058 1227 3424 1293 Abrahamo,-

1819 1332 1968 1372 nunc
2011 1317 2132 1372 aliis
2161 1316 2478 1387 prophetis?
2514 1315 2652 1382 Quae
2679 1318 2898 1389 quidem
2933 1319 2980 1374 si
3017 1320 3141 1390 quis
3167 1320 3237 1376 ad
3269 1323 3394 1377 uni—

1823 1425 2104 1466 versorum
2136 1408 2306 1464 Deum
2325 1409 2545 1474 referat,
2575 1426 2685 1465 non
2715 1417 2925 1465 tantum
2958 1411 3233 1484 Evangelii
3269 1429 3394 1468 ver-

1820 1502 1903 1557 bis
1952 1502 2199 1557 videatur
2255 1501 2558 1565 dissonare,
2619 1500 2713 1556 sed
2760 1509 2814 1557 et
2847 1501 3257 1572 prophetarum,
3292 1503 3394 1559 im-

1830 1609 2079 1650 mensum
2134 1594 2303 1659 hunc,
2353 1603 2406 1648 et
2454 1592 2873 1660 immutabilem,
2912 1608 3011 1648 nec
3077 1594 3392 1652 hominibus

1821 1685 2178 1756 conspicuum
2245 1684 2680 1755 pra‘dicantium.
2741 1685 2797 1739 Si
2848 1701 2974 1741 vero
3023 1701 3133 1740 non
3213 1687 3392 1742 visum

1822 1777 1994 1833 fuisse
2026 1777 2151 1849 quis
2175 1776 2320 1832 dicat
2367 1777 2545 1847 ipsum
2587 1776 2754 1831 Deum
2799 1778 2866 1833 iis
2919 1779 3012 1848 qui
3051 1778 3388 1846 referuntur,

1817 1884 2022 1940 eosque
2086 1868 2463 1924 tantummodo
2531 1867 2876 1925 existimasse
2953 1886 3014 1926 se
3072 1871 3258 1927 videre
3340 1881 3395 1927 et

1743 1961 1783 2018 Β
1812 1961 2021 2024 audire,
2072 1960 2201 2016 dum
2249 1961 2429 2032 reipsa
2481 1961 2618 2016 nihil
2678 1977 2867 2016 eorum
2903 1977 3023 2033 quae
3051 1947 3236 2019 videre
3285 1980 3389 2034 pu-

1818 2053 2028 2116 tabant,
2073 2067 2202 2108 vere
2249 2052 2583 2122 aspicerent,
2614 2053 2752 2107 nihil
2795 2069 2924 2108 vere
2965 2055 3239 2119 audirent,
3290 2056 3392 2108 fal-

1816 2158 1877 2198 sa
1935 2142 2193 2214 opinione
2262 2143 2543 2215 deceptos,
2604 2144 2734 2198 dum
2793 2147 2984 2202 audire
3045 2147 3386 2213 viderentur,

1820 2235 1953 2305 quid
1997 2235 2384 2292 abborrentius
2429 2237 2714 2308 magisque
2757 2239 2991 2294 alienum
3025 2239 3094 2294 ab
3143 2241 3388 2296 omnium

1816 2325 1911 2383 Dei
1932 2337 2151 2394 natura,
2174 2327 2444 2384 mendacii
2466 2343 2531 2384 ac
2559 2330 2766 2385 erroris
2790 2331 3082 2386 admodum
3115 2331 3345 2386 immuni
3367 2333 3390 2387 ξ

1814 2415 1930 2472 Hoc
1959 2419 2125 2473 etiam
2155 2435 2221 2475 eo
2253 2420 2552 2476 absurdum
2603 2424 3032 2487 demonstratur,
3065 2425 3213 2494 quod
3247 2425 3387 2495 legi-

1814 2526 1938 2566 mus
1977 2511 2043 2566 de
2065 2511 2375 2568 Abrahamo
2417 2513 2587 2568 Deum
2636 2517 2811 2586 ipsum
2851 2515 3109 2572 dicere”
3137 2515 3386 2572 Sciebam

1814 2603 1958 2657 enim
1990 2603 2134 2674 quod
2159 2595 2534 2676 praecepturus
2561 2606 2634 2663 sit
2660 2609 2788 2662 filiis
2821 2609 2937 2663 suis
2967 2617 3022 2663 et
3063 2609 3251 2664 domui
3276 2626 3389 2666 suae

1815 2702 1938 2763 post
1965 2710 2025 2749 se
2056 2703 2115 2749 ut
2144 2695 2459 2751 custodiant
2503 2699 2646 2750 viam
2698 2697 2914 2752 Domini
2970 2707 3023 2753 et
3056 2697 3260 2753 faciant
3292 2699 3383 2770 ju-

1816 2785 2018 2840 dicium
2051 2794 2106 2842 et
2129 2786 2406 2857 justitiam
2436 2806 2450 2854 ;
2507 2796 2565 2842 ut
2605 2786 2844 2842 adducat
2870 2787 3134 2845 Dominus
3165 2798 3390 2860 propter

1814 2877 2090 2932 Abraham
2130 2879 2315 2933 omnia
2338 2895 2460 2950 quae
2492 2881 2707 2935 locutus
2739 2888 2822 2935 est
2850 2881 2916 2935 ad
2957 2897 3081 2936 eum
3106 2881 3207 2936 ".i
3251 2881 3388 2937 Pro-

1816 2970 1905 3024 cul
1934 2970 2104 3026 dubio
2151 2972 2266 3026 haec
2311 2973 2469 3042 quasi
2513 2973 2579 3027 de
2635 2973 2745 3028 alio
2795 2973 3026 3028 Domino
3056 2975 3172 3044 ipse
3205 2974 3393 3030 Domi-

1816 3079 1931 3119 nus
1965 3064 2262 3134 eloquitur.
2307 3063 2594 3131 Quomodo
2655 3066 2820 3137 igitur
2848 3066 3156 3121 existimari
3203 3075 3392 3138 potest

1818 3157 2063 3212 omnium
2115 3156 2283 3212 Deum
2341 3157 2454 3212 haec
2506 3158 2750 3213 dixisse?
2799 3157 2873 3213 De
2928 3173 3036 3230 quo
3087 3159 3232 3212 enim
3283 3160 3390 3212 alio

1820 3258 2018 3321 praater
2061 3265 2186 3305 eum
2225 3249 2453 3305 Domino
2497 3252 2778 3321 pra'citala
2813 3253 2980 3306 verba
3011 3251 3160 3306 dicta
3211 3253 3386 3308 fuisse

1816 3340 2086 3410 possunt?
2124 3339 2322 3395 Verum
2357 3340 2646 3396 manifeste
2683 3349 2832 3411 patet
2866 3359 2931 3396 ex
2973 3343 3041 3398 iis
3080 3343 3240 3397 verba
3277 3343 3391 3397 haec

1814 3433 2060 3486 omnium
2120 3430 2293 3486 Deum
2346 3447 2458 3486 non
2519 3432 2734 3488 decere.
2815 3432 3257 3489 Demonstratum
3306 3442 3393 3490 est

1825 3534 2005 3578 autem
2038 3538 2149 3578 non
2201 3524 2519 3596 angelorum
2571 3536 2782 3580 natura:
2825 3527 3141 3581 convenire.
3189 3527 3392 3597 Aperte

1821 3613 1989 3677 enim,
2021 3621 2079 3666 ut
2109 3613 2242 3678 dixi,
2275 3615 2342 3668 de
2369 3614 2686 3684 angelorum
2720 3615 3161 3672 manifestatione
3191 3632 3392 3671 narra-

1817 3708 1893 3761 tio
1927 3706 2227 3778 eloquitur,
2279 3723 2469 3763 eorum
2521 3709 2951 3780 apparitionibus
3009 3709 3246 3766 dilucide
3297 3712 3392 3763 dc-

1815 3801 2057 3871 scriptis.
2113 3799 2168 3854 Si
2200 3802 2368 3872 igitur
2396 3817 2572 3871 neque
2604 3803 2944 3874 angelorum,
3002 3819 3179 3874 neque
3233 3804 3390 3858 altis—

1813 3896 1937 3950 simi
1969 3905 2022 3950 et
2051 3895 2281 3949 increati
2317 3895 2561 3949 omnium
2600 3894 2696 3951 Dei
2741 3904 2953 3950 naturae
2985 3896 3100 3950 hzec
3134 3896 3392 3952 videntur

1815 3998 2208 4053 consentanea,
2247 4005 2355 4044 una
2385 4007 2576 4047 eorum
2618 3997 2868 4060 superest
2913 3990 3138 4052 solutio,
3174 3991 3220 4044 si
3266 3991 3390 4061 qui-

1816 4082 1939 4137 dem
1995 4083 2523 4148 immutabilitatem,
2577 4090 2632 4138 et
2680 4081 3158 4147 inﬂexibilitatem,
3201 4092 3255 4137 et
3306 4083 3393 4137 in-

1816 4174 2190 4229 visibilitatem
2269 4175 2525 4230 increatae
2619 4189 2962 4229 reservemus
3047 4174 3390 4238 substantiae.

1816 4271 2018 4321 relatas
2049 4283 2179 4321 vero
2211 4266 2304 4320 Dei
2337 4267 2809 4322 manifestationes
2842 4266 2936 4320 Dei
2972 4265 3152 4321 Verbo
3183 4261 3394 4322 tribua-

1817 4378 1961 4424 mus,
2009 4364 2152 4431 quod
2218 4359 2490 4414 interdum
2534 4368 2586 4414 et
2631 4368 2755 4414 ante
2806 4361 3239 4414 incarnationem
3293 4375 3392 4428 pro

1817 4451 2098 4506 hominum
2133 4453 2314 4507 salute
2358 4451 2535 4504 visum
2565 4465 2708 4512 esse,
2748 4449 3135 4520 descriptaque
3188 4450 3244 4503 in
3302 4465 3392 4504 sa-

1816 4544 1928 4599 cris
1973 4542 2273 4615 Scripturis
2329 4542 2516 4597 munia
2561 4551 2879 4596 exsecutum
2914 4539 3274 4596 credidimus.
3316 4538 3392 4592 De

1750 4664 1789 4716 D
1820 4638 1925 4693 hoc
1973 4639 2117 4692 enim
2169 4637 2286 4692 solo
2329 4644 2451 4707 post
2482 4633 2726 4689 omnium
2761 4632 2932 4689 Deum
2973 4641 3392 4703 tetragramma-

1818 4740 1912 4786 tor.
1975 4729 2474 4786 denominationem
2532 4728 2863 4792 invenimus,
2917 4734 2976 4780 ut
3008 4725 3301 4797 Unigenito
3331 4735 3387 4780 et

1823 4823 2022 4879 hacredi
2054 4821 2234 4877 Patris
2264 4820 2499 4875 maxime
2541 4826 2991 4874 consentaneam.
3048 4815 3261 4888 Optime
3291 4815 3394 4886 igi-

1817 4921 1912 4968 tur
1947 4921 2174 4967 noverat
2200 4910 2547 4965 Abrahamus
2581 4927 2704 4981 qua:
2747 4911 2985 4981 sapiens,
3026 4917 3081 4963 et
3129 4906 3393 4979 prepheta

1820 5005 1886 5060 de
1933 5005 2126 5060 eodem
2179 5003 2289 5059 Deo
2347 5012 2579 5058 testatus
2627 5014 2736 5068 est,
2790 5019 2952 5056 omne
3005 5001 3216 5056 scilicet
3245 4996 3391 5068 quod

1813 5099 2088 5170 judicium
2131 5099 2280 5154 dedit
2331 5097 2471 5152 Filio
2532 5099 2716 5160 suo”,
2753 5096 2947 5152 adorat
2999 5111 3124 5150 eum
3178 5101 3232 5148 et
3270 5086 3387 5141 ‘soli

1820 5200 2018 5263 prater
2058 5191 2198 5247 alios
2242 5193 2377 5248 dicit
2409 5211 2422 5245 :
2459 5211 2476 5243 ι
2505 5191 2608 5259 Qui
2645 5191 2862 5262 judicas
2915 5199 3128 5243 omnem
3163 5191 3388 5241 terram,

1817 5301 2164 5355 nequaquam
2205 5285 2376 5342 facies
2415 5285 2686 5354 judicium
2719 5283 2880 5338 hoc”9
2906 5301 2954 5350 ;›
2993 5276 3140 5351 quod
3169 5272 3388 5344 quidem

1815 5379 1882 5432 ad
1907 5378 2160 5450 angelum
2195 5377 2381 5432 divino
2414 5375 2598 5433 Verbo
2645 5375 2953 5444 subjectum
3011 5371 3218 5425 dictum
3267 5379 3390 5420 esse

1815 5471 2029 5539 opinari
2058 5469 2284 5524 minime
2311 5467 2520 5537 justum
2549 5477 2644 5522 aut
2676 5461 3004 5524 verisimile;
3030 5459 3196 5514 unius
3244 5459 3389 5513 enim

1815 5563 1985 5616 divini
2043 5560 2208 5616 Verbi
2263 5559 2500 5613 maxime
2557 5553 2837 5627 proprium
2873 5560 3012 5615 erat,
3061 5552 3202 5606 inter
3261 5548 3390 5616 alia,

1817 5652 1932 5706 haec
1963 5652 2185 5724 dicere:
2241 5648 2421 5704 «Num
2455 5649 2634 5703 celare
2685 5653 2874 5716 potero
2905 5642 3182 5697 Abraham
3219 5639 3390 5695 filium

1817 5761 1997 5801 meum
2043 5759 2164 5816 quae
2209 5750 2467 5816 gesturus
2498 5739 2717 5797 sum“?
2744 5758 2762 5791 ι
2821 5745 2984 5809 atque
3014 5733 3179 5807 illud;
3223 5732 3392 5788 cScio

1323 5925 1364 5958 ³³
1407 5923 1541 5980 Gen.
1578 5939 1743 5991 xvnr,
1776 5922 1871 5982 25.
1946 5923 1992 5958 ⁸³
2029 5923 2161 5981 ibid.
2200 5923 2285 5978 l7.

3065 5975 3145 6072 33
