3954 6526
623 506 764 564 ΙΟδὸ

1363 497 1628 552 ElFSl-iBll
1670 494 2147 552 CACSARIENSIS
2181 493 2329 552 OPP.
2375 493 2558 551 PARS
2597 493 3170 553 lll.—-EXECETIC:\.
3721 509 3819 560 ξιξ,ιῖ

621 627 766 684 etaim
814 622 957 694 quod
1016 625 1384 690 przcccpturus
1418 618 1488 674 sit
1535 617 1660 672 filiis
1707 618 1842 678 suis.
1897 625 1950 671 et
1998 617 2179 671 domui

2291 633 2348 668 τε
2381 617 2470 668 καὶ
2501 615 2934 679 ἀπιθανώτατον,
2972 618 3115 688 μόνῳ
3139 617 3194 670 δὲ
3225 617 3302 688 τῷ
3335 617 3464 690 θείῳ
3493 619 3640 691 Λόγῳ
3662 627 3816 678 οἰκειό-

623 733 736 774 suze
765 723 888 786 post
913 729 992 780 se,
1031 721 1088 767 ut
1119 710 1434 767 custodiant
1468 709 1610 764 viam
1641 707 1878 772 Domini,
1907 717 1959 762 et
1991 707 2179 764 faciant

2296 723 2454 760 τατον
2495 707 2560 760 ἂν
2581 707 2664 777 εἴη
2701 707 2838 777 μετά
2867 708 2974 760 τῶν
3008 708 3181 761 ἄλλων
3217 710 3445 778 φάσκειν
3479 714 3569 766 καὶ
3596 715 3680 766 τό·
3715 717 3816 786 «Elii:

618 807 886 879 judicium
941 814 995 859 ct
1039 803 1343 874 justitiam:
1401 811 1458 856 ut
1493 801 1729 857 adducat
1767 800 2029 857 Dominus
2059 815 2184 871 pro-

619 911 739 971 pter
771 897 1042 954 Abraham
1077 912 1196 967 quae
1223 896 1438 951 locutus
1467 902 1550 950 est
1580 894 1648 948 ad
1677 893 1882 949 eum“.
1911 912 1928 946 ι
1979 892 2189 964 Quippe

621 997 798 1060 ipsum
835 991 949 1046 haec
979 990 1208 1045 decebat
1237 988 1442 1054 dicere,
1480 987 1768 1042 docentem
1810 986 1958 1055 quod
2001 986 2184 1040 omnia

619 1088 686 1138 ab
734 1083 1045 1140 hominibus
1083 1081 1336 1152 religiose
1385 1079 1526 1134 facta
1585 1079 1650 1132 ad
1706 1078 1877 1132 solam
1925 1079 1979 1130 in
2019 1075 2186 1132 Deum

615 1175 1234 1246 Patremque‘omnium
1263 1173 1470 1230 referre
1494 1172 1704 1242 justum
1753 1178 1868 1226 crat
1907 1171 2182 1240 pietatem,

561 1259 566 1264 ’
617 1285 714 1339 per
771 1283 930 1339 quem
981 1267 1036 1320 in
1081 1273 1226 1321 terra
1270 1271 1700 1318 commorantcm
1745 1261 2007 1330 quidquid
2057 1259 2185 1314 boni

617 1362 724 1430 piis
780 1362 834 1416 in
895 1361 1183 1415 utilitatem
1222 1366 1385 1428 atque
1419 1357 1651 1411 salutem
1719 1354 1981 1424 procedit.
2061 1351 2184 1406 llaec

619 1459 800 1508 autem
833 1451 1078 1506 divinum
1119 1450 1361 1520 loquitur
1387 1446 1627 1502 Verbum
1655 1447 1803 1500 velut
1833 1446 1898 1500 de
1936 1445 2041 1498 alio
2071 1443 2184 1497 Do-

619 1543 786 1606 mino,
823 1542 994 1611 ipsius
1036 1540 1242 1594 scilicet
1274 1538 1434 1592 Patre
1467 1537 1720 1592 edocens.
1771 1533 1940 1600 Quem
1979 1541 2031 1588 et
2069 1535 2186 1586 sui-

620 1641 728 1688 met
755 1632 1044 1687 Dominum
1081 1632 1244 1686 simul
1276 1638 1330 1685 et
1359 1629 1528 1684 Deum
1560 1627 1850 1697 discipulis
1903 1627 2019 1683 suis
2052 1641 2184 1682 con-

617 1731 820 1790 fitetur,
859 1725 1086 1780 dicens:
1140 1722 1432 1778 «Ascendo
1494 1720 1560 1774 ad
1613 1719 1830 1776 Patrem
1877 1735 2082 1784 meum,
2131 1727 2184 1774 et

599 1819 829 1872 ‘Patrem
849 1827 1106 1882 vestrum,
1133 1814 1302 1870 Deum
1325 1827 1526 1874 meum.
1547 1823 1599 1868 ct
1615 1811 1782 1868 Deum
1803 1820 2044 1867 vestrum
2065 1811 2130 1864 δ’.
2159 1830 2176 1863 ι

595 1907 778 1961 'Plena
808 1916 890 1962 est
917 1914 1097 1960 autem
1129 1907 1234 1972 lex,
1270 1905 1558 1975 omnisque
1605 1903 1897 1974 Scriptura
1951 1903 2182 1974 hujusce

2285 799 2487 870 κρύψω
2509 799 2618 866 ἐγὼ
2645 801 2748 852 ἀπὸ
2779 799 3025 871 Ἀϐραὰμ
3051 799 3145 852 τοῦ
3177 801 3362 865 παιδός
3385 820 3487 872 μου
3507 803 3652 872 ἀὲγὼ
3669 809 3812 868 ποῇς.

2295 893 2389 946 καὶ
2451 893 2510 944 τό
2538 908 2550 920 ·
2587 911 2605 944 ι
2646 893 2831 964 ’ᾙδειν
2875 893 2984 964 γάρ
3015 894 3096 946 ὅτι
3127 893 3374 961 συντάξει
3399 899 3510 958 τοῖς
3545 899 3664 960 υἱοῖς
3693 900 3816 951 uitri.

2295 985 2387 1038 καὶ
2437 984 2512 1056 τῷ
2553 985 2686 1055 οἴκῳ
2730 984 2895 1037 αὐτοῦ
2943 985 3058 1056 μετ’
3091 984 3272 1050 αὐτὸν,
3320 987 3412 1039 καὶ
3455 987 3721 1056 φυλάξουσι
3747 991 3816 1051 τὰς

2295 1075 2446 1138 ὁδοὺς
2472 1075 2678 1147 Κυρίου
2706 1078 2880 1129 ποιεῖν
2908 1075 3250 1146 δικαιοσύνην
3273 1078 3366 1132 καὶ
3393 1079 3591 1149 κρίσιν,
3625 1081 3750 1142 ὅπως
3772 1081 3818 1132 ἂν

2296 1167 2547 1239 ἐπαγάγῃ
2573 1167 2775 1240 Κύριος
2803 1169 2894 1221 ἐπὶ
2923 1167 3173 1239 Ἀϐραὰμ
3193 1168 3228 1222 ἃ
3253 1169 3481 1241 ὲλάλησε
3508 1171 3818 1241 «meum.

2299 1263 2404 1318 Καὶ
2437 1263 2635 1336 πρέπει
2663 1281 2726 1333 γε
2760 1263 2906 1335 αὐτῷ
2929 1263 3102 1317 ταῦτα
3139 1264 3316 1334 λέγειν
3351 1265 3668 1328 παιδεύοντι,
3689 1268 3754 1318 ὅτι
3775 1267 3822 1336 δὴ

2295 1358 2470 1411 πάντα
2491 1357 2560 1410 τὰ
2585 1356 2644 1424 ἐξ
2670 1356 2970 1428 ἀνθρώπων
2999 1358 3160 1422 ὁσίως
3183 1357 3432 1431 δρώμενα
3461 1361 3544 1421 είς
3577 1360 3726 1430 μόνην
3751 1361 3825 1428 τὴν

2291 1447 2382 1502 τοῦ
2417 1447 2552 1502 Θεοῦ
2582 1449 2674 1501 καὶ
2701 1449 2912 1520 [ἰατρὸς
2933 1449 3039 1502 τῶν
3067 1450 3202 1502 ὅλων
3227 1449 3520 1520 ἀναφέρειν
3535 1449 3684 1520 θέμις
3704 1451 3824 1504 εὖτέ-

2294 1543 2465 1606 ὄειαν,
2502 1543 2630 1612 παρ’
2673 1535 2733 1595 οὗ
2764 1543 2856 1594 ἐπὶ
2888 1542 2992 1612 γῆς
3011 1541 3162 1603 ὖντος
3185 1539 3292 1594 τῶν
3321 1539 3546 1609 ἀγαθῶν
3577 1540 3644 1594 τά
3685 1541 3826 1594 πάντα

2289 1633 2402 1694 τοῖς
2425 1631 2700 1686 εὑσεϐἐσιν
2723 1633 2802 1695 είς
2824 1631 3088 1700 ὠφέλειάν
3105 1649 3165 1684 τε
3199 1631 3292 1684 καὶ
3315 1631 3592 1702 σωτηρίαν
3619 1635 3826 1702 χορηγεῖ-

2289 1739 2378 1776 ται
2405 1739 2416 1752 ·
2450 1722 2624 1776 ταῦτα
2642 1723 2699 1776 δὲ
2719 1725 2746 1776 6
2780 1723 2921 1787 θεῖός
2951 1740 3085 1794 φησι
3107 1723 3274 1792 Λόγος
3294 1722 3370 1787 ὡς
3387 1723 3518 1793 περὶ
3539 1724 3716 1791 ἑτέρου
3739 1725 3826 1776 Κε-

2292 1813 2406 1884 ρίου
2441 1813 2533 1866 τοῦ
2574 1813 2768 1868 ἑαυτοῦ
2801 1814 3014 1887 Πατρός
3035 1813 3321 1868 διδάσκων·
3353 1814 3448 1868 καὶ
3475 1815 3586 1886 γὰρ
3612 1815 3699 1867 καί
3733 1817 3830 1867 ἐξιν-

2288 1905 2382 1958 τοῦ
2418 1903 2620 1977 Κύριόν
2661 1922 2722 1958 τε
2757 1905 2849 1959 καὶ
2891 1905 3024 1960 Θεὸν
3059 1905 3221 1959 αὐτὸν
3263 1905 3518 1976 ὁμολογεῖ
3553 1907 3686 1977 πρὸς
3735 1909 3828 1969 τοὶς

615 1998 828 2053 Domini
861 2016 879 2048 ι
908 1998 1294 2062 οὶιονοηιενίεμ
1334 1996 1575 2058 scilicet,
1602 1995 1771 2051 divini
1801 1994 1985 2062 Verbi,
2012 1996 2174 2064 quasi

2287 1997 2448 2061 ἰδίους
2487 1997 2754 2068 μαθητὰς,
2780 2015 2798 2048 ι
2822 1997 3166 2070 Ἀνέρχομαι,
3195 1998 3440 2067 φάσκων,
3483 2000 3618 2071 πρὸς
3639 2001 3721 2054 τὸν
3743 2002 3828 2053 Il:-

613 2093 681 2146 de
719 2091 825 2146 alio
853 2090 1086 2145 Domino
1109 2090 1406 2160 loquentis,
1431 2089 1524 2161 qui
1554 2089 1716 2144 Pater
1744 2087 1864 2159 ejus
1895 2087 2179 2144 manifeste

2287 2091 2421 2162 τὲρα
2441 2107 2544 2161 μου
2581 2089 2673 2142 καὶ
2709 2088 2930 2160 Πατέρα
2957 2089 3131 2160 ὑμῶν,
3167 2091 3262 2143 καὶ
3289 2091 3422 2144 Θεόν
3457 2108 3560 2162 μου
3599 2093 3688 2146 καὶ
3713 2092 3816 2144 Θεὸν

610 2192 714 2240 est.
745 2183 876 2252 Quae
907 2184 1125 2254 quidem
1163 2199 1288 2239 cum
1317 2183 1486 2238 multa
1513 2189 1568 2238 et
1609 2181 2044 2253 profundissima
2074 2182 2179 2238 sint

2291 2184 2463 2254 ὑμῶν.
2499 2203 2518 2236 ι
2553 2184 2916 2256 Πεπλήρωται
2939 2184 2984 2237 δ’
3017 2185 3044 2238 ὅ
3077 2201 3134 2237 τε
3167 2183 3330 2254 νόμος
3361 2185 3456 2240 καὶ
3493 2187 3642 2241 πᾶσα
3673 2187 3826 2256 Γραφῇ

609 2277 962 2334 meditatione
1013 2277 1206 2349 digna,
1255 2276 1323 2332 ad
1368 2291 1610 2348 praesens
1655 2276 1997 2347 propositum
2047 2275 2179 2333 satis

2291 2278 2384 2331 τοῦ
2427 2278 2632 2332 τοιοῦδε
2674 2278 3019 2350 χαρακτῆρος
3047 2278 3140 2332 τοῦ
3175 2279 3404 2351 Κυρίου,
3429 2278 3577 2332 τοῦτ’
3601 2279 3734 2332 ἐστιν
3761 2277 3828 2329 τε]

611 2385 733 2425 esse
759 2370 974 2439 opinor.

2293 2369 2436 2423 θείου
2471 2369 2664 2437 Λόγου,
2711 2369 2788 2432 ὼς
2827 2370 2955 2441 περὶ
2989 2369 3176 2441 ἑτέρου
3217 2369 3421 2442 Κυρίου
3463 2368 3824 2439 διαλεγομένου.

611 2465 672 2537 (f.
706 2463 760 2537 8)
786 2465 944 2536 δῆλον
968 2465 1013 2518 δ’
1043 2464 1124 2518 ὅτι
1145 2463 1238 2517 τοῦ
1269 2463 1500 2534 Πατρός.
1526 2461 1732 2534 Πολλῆς
1760 2463 1816 2517 δὲ
1839 2461 1932 2516 καὶ
1951 2457 2255 2533 βαθυτάτης
2281 2464 2548 2536 δεομένων
2580 2465 2809 2537 θεωρίας
2872 2464 2980 2518 τῶν
3000 2465 3140 2519 κατὰ
3201 2465 3295 2518 τὸν
3339 2463 3536 2532 τόπον,
3571 2463 3718 2516 ἱκανά
3759 2469 3826 2516 καὶ

605 2557 780 2612 ταῦτα
812 2557 949 2628 πρὸς
973 2556 1070 2628 τὴν
1101 2553 1380 2626 παροῦσαν
1417 2554 1690 2608 ὑπόθεσιν.

1211 2667 1439 2724 CAPUT
1497 2669 1585 2724 ιν.

677 2787 703 2820 .‹
733 2767 800 2820 Et
833 2765 968 2838 fugit
1022 2767 1167 2838 Agar
1197 2781 1230 2818 a
1269 2763 1407 2819 facie
1457 2766 1576 2835 ejus
1603 2766 1670 2830 ",
1711 2785 1729 2818 δ
1766 2763 1923 2820 Sal-ai
1956 2765 2186 2828 scilicet,

606 2866 668 2912 ut
695 2856 1046 2912 manifestum
1098 2865 1204 2922 est,
1249 2872 1272 2906 ι
1311 2870 1546 2924 cumque
1576 2855 1880 2910 invenisset
1939 2869 2057 2909 eam
2088 2869 2188 2908 an-

603 2950 758 3020 gelus
806 2948 1018 3002 Domini
1070 2947 1222 3018 juxta
1279 2949 1484 3002 fontem
1533 2962 1688 3016 aqua:
1712 2947 1778 3000 “.
1817 2967 1836 2998 ι
1874 2944 2184 3001 Secundum

607 3041 837 3110 lea-,imus
871 3040 926 3093 in
952 3042 1018 3094 iis
1044 3057 1165 3110 qua:
1196 3047 1535 3110 sequuntur:
1575 3057 1592 3090 ι
1617 3037 1763 3092 Dixit
1791 3039 1856 3091 ad
1909 3038 2056 3091 illam
2091 3053 2184 3090 an-

2819 2665 3212 2720 ΚΕΦΔΛΑΙΟΝ
3265 2667 3338 2720 Δ’.

2367 2779 2385 2809 ι
2427 2761 2537 2813 Καὶ
2559 2759 2768 2830 ἀπέδρα
2798 2760 2974 2831 Ἀγαρ
3001 2759 3111 2813 ἀπὸ
3133 2759 3424 2831 προσώπου
3451 2761 3637 2830 αὐτῆς,
3665 2778 3682 2810 ι
3703 2757 3824 2828 ﬁfty.

2289 2851 2370 2901 δτι
2403 2851 2502 2921 τῆς
2531 2849 2746 2923 Σάρῥας
2762 2869 2775 2881 ⁶
2825 2871 2842 2902 ι
2868 2845 2995 2924 εὗρε
3025 2852 3082 2904 δὲ
3103 2852 3272 2923 αὐτὴν
3295 2853 3526 2922 ἄγγελος
3547 2851 3731 2923 Κυρίου
3755 2849 3824 2900 ἐπὶ

2291 2943 2386 3013 τῆς
2422 2943 2604 3014 πηγῆς
2649 2942 2744 2996 τοῦ
2783 2943 3004 3006 ὓδατος·
3044 2963 3062 2995 ι
3108 2945 3202 2998 καὶ¹
3233 2945 3290 2998 ὲν
3322 2948 3436 3008 τοῖς
3473 2943 3598 3015 ἑξῆς
3621 2943 3826 3010 δεύτερον

2290 3033 2526 3104 εἴρηται·
2563 3054 2581 3086 ι
2607 3031 2773 3090 Εἶπεν
2829 3035 2888 3090 δὲ
2915 3037 3054 3108 αὐτῇ
3093 3039 3124 3090 6
3165 3037 3392 3106 ἄγγελος
3439 3037 3658 3109 Κυρίουθ
3685 3055 3704 3086 ι
3749 3033 3826 3084 καὶ

605 3133 761 3202 gelus
791 3131 1014 3186 Domini
1044 3131 1134 3199 ης
1175 3150 1194 3182 ι
1224 3139 1279 3186 et
1337 3132 1558 3186 tertium
1587 3148 1602 3185 :
1640 3148 1659 3181 ι
1686 3129 1833 3184 Dixit
1875 3131 1924 3185 ei
1959 3129 2179 3201 angelus

2287 3131 2470 3202 τρίτον
2495 3129 2571 3182 δέ·
2603 3149 2620 3181 ι
2641 3125 2807 3184 Εἶπεν
2841 3129 2976 3201 αὐτῇ
3002 3130 3031 3181 6
3064 3129 3291 3198 ἄγγελος
3313 3118 3542 3201 Κυρίου·
3573 3125 3822 3198 mnam»

605 3225 864 3280 Domini:
897 3223 1264 3295 Multiplicans
1341 3221 1718 3293 multiplicabo
1757 3237 1942 3278 semen
2001 3229 2178 3286 tuum,

602 3327 657 3372 et
687 3331 795 3373 non
826 3317 1204 3371 numerabitur
1255 3330 1368 3388 prae
1397 3313 1746 3371 multitudine
1768 3315 1835 3370 ⁸⁸.
1883 3334 1900 3367 ι
1955 3313 2020 3368 Et
2053 3330 2180 3369 rur-

2285 3221 2539 3292 πληθυνῶ
2565 3222 2626 3274 τὸ
2656 3221 2878 3292 σπέρμα
2901 3238 3016 3286 σου,
3047 3221 3142 3274 καὶ
3165 3221 3264 3273 οὐκ
3301 3215 3824 3292 ἀριθμηθήσετριιάπέν

2281 3313 2375 3368 τοῦ
2406 3314 2659 3386 πλήθους·
2687 3334 2704 3366 ι
2738 3315 2832 3367 καὶ
2861 3310 3036 3379 αὖθις·
3070 3310 3264 3368 «Εἶπεν
3283 3314 3417 3385 αὐτῇ
3441 3315 3472 3366 6
3494 3313 3708 3382 ἄγγελος
3731 3311 3824 3363 ϊο-

603 3419 727 3460 um
759 3421 773 3458 :
806 3424 824 3456 ι
861 3403 1006 3459 Dixit
1030 3405 1080 3460 ei
1113 3407 1339 3476 angelus
1397 3403 1613 3459 Domini
1646 3419 1660 3456 :
1689 3403 1828 3460 Ecce
1879 3404 2179 3475 concepisti

2286 3409 2422 3479 ρίου’
2461 3407 2589 3461 Ἰδοὺ
2627 3409 2690 3460 σὺ
2721 3409 2776 3460 ὲν
2803 3407 3002 3478 γαστρὶ
3021 3407 3183 3472 ἕξεις,
3211 3407 3304 3460 καὶ
3336 3406 3470 3479 τέξῃ
3491 3406 3620 3470 υἱὸν,
3649 3403 3734 3457 καὶ
3747 3419 3826 3454 xa-

603 3505 656 3550 et
683 3495 861 3566 paries
893 3495 1061 3548 filium
1098 3510 1110 3545 :
1145 3496 1475 3563 vocabisqne
1499 3509 1696 3549 nomen
1716 3493 1837 3563 ejus
1867 3493 2080 3559 lsmael,
2115 3509 2179 3548 eo

2286 3499 2462 3562 λέσεις
2488 3498 2548 3552 τὸ
2573 3499 2742 3570 ὄνομα
2780 3497 2943 3551 αὑτοῦ
2977 3497 3219 3568 Ἰο-μαήλ·
3242 3497 3322 3550 ὅτι
3354 3499 3620 3568 ἐπήκουσε
3649 3496 3820 3565 Κύριος

601 3584 750 3655 quod
794 3583 1028 3640 audierit
1089 3583 1351 3639 Dominus
1416 3583 1766 3638 aﬂlictionem
1789 3591 1938 3637 tuam
1961 3584 2028 3638 δ’.
2059 3603 2078 3635 ›
2115 3583 2179 3638 Et

2286 3594 2348 3662 τῇ
2389 3589 2714 3644 ταπεινώσει
2747 3607 2862 3644 σου·
2897 3608 2916 3641 ι
2951 3588 3044 3642 καὶ
3081 3587 3219 3660 μετὰ
3253 3587 3462 3651 πάντας
3501 3588 3624 3649 τοὺς
3657 3585 3816 3652 λόγους

598 3691 854 3734 sermone
895 3677 1146 3732 absoluto
1185 3676 1423 3730 dicitur:
1463 3695 1478 3726 ι
1513 3674 1735 3731 Vocavit
1773 3687 1956 3730 autem
1980 3691 2179 3732 nomen

2286 3683 2515 3754 εἴρηται·
2554 3702 2572 3733 ι
2601 3683 2709 3736 Καὶ
2729 3683 2988 3737 ἐκάλεσεν
3012 3681 3074 3734 τὸ
3099 3681 3268 3752 ὄνομα
3294 3680 3500 3752 Κυρίου
3521 3679 3614 3732 τοῦ
3639 3675 3822 3730 λαλοῦν-

601 3765 842 3832 Domini,
878 3767 974 3836 qui
1011 3767 1334 3836 loquebatur
1385 3767 1450 3820 ad
1490 3781 1647 3822 eam:
1676 3766 1759 3820 Tu
1790 3765 1934 3822 Deus
1972 3767 2066 3838 qui
2105 3767 2179 3822 vi-

2286 3791 2372 3837 τος
2401 3773 2539 3846 πρὸς
2575 3775 2762 3846 αὐτήν·
2799 3775 2870 3827 Σὺ
2895 3773 3028 3836 Θεὸς
3069 3775 3098 3826 6
3146 3771 3342 3826 ἐπιδών
3385 3789 3472 3843 με.
3518 3770 3618 3824 »Εἰ
3653 3769 3720 3842 μὴ
3743 3767 3816 3818 καὶ

600 3858 730 3914 disti
769 3873 856 3912 me
886 3857 953 3910 ‘3.
986 3877 1005 3910 ι
1048 3857 1276 3912 Etiamsi
1337 3871 1438 3911 nec
1501 3858 1554 3912 in
1598 3865 1803 3913 sanctae
1847 3858 2178 3915 narrationis

2286 3867 2390 3922 ἀπὸ
2434 3865 2727 3938 προσώπου
2769 3867 2868 3936 τῆς
2903 3867 3052 3937 ἱερεῖς
3095 3865 3316 3938 Γραφῆς
3340 3865 3546 3936 Κύριος
3582 3863 3826 3932 ὠνόμαστῦ

591 3950 762 4004 initio
810 3949 1072 4005 Dominus
1122 3951 1435 4004 nominatus
1481 3948 1677 4006 fuisset
1707 3951 1854 4023 Agar
1883 3951 2039 4006 visus
2091 3966 2179 4007 er-

2286 3961 2350 4029 τῇ
2393 3957 2570 4028 Ἀγαρ
2597 3956 2883 4027 ἐπιφανεὶς
2911 3955 3165 4030 ἀλωμένη
3201 3959 3258 4010 ὲν
3293 3955 3391 4028 τῷ·
3429 3975 3448 4006 ι
3475 3955 3584 4008 Καὶ
3609 3953 3824 4007 ἐκάλεσεν

601 4042 770 4106 ranti,
799 4060 817 4093 ι
849 4044 1058 4098 vocavit
1098 4052 1279 4097 autem
1311 4059 1506 4097 nomen
1539 4041 1754 4098 Domini
1793 4045 1887 4114 qui
1917 4044 2179 4114 loqueba-

2286 4051 2339 4101 τὸ
2355 4047 2526 4120 ὄνομα
2541 4047 2744 4121 Κυρίου
2767 4048 2860 4102 τοῦ
2880 4047 3164 4111 λαλοῦντος
3187 4048 3322 4120 πρὸς
3343 4047 3534 4117 αὐτὴν,
3565 4066 3583 4097 ι
3628 4045 3720 4098 κᾶν
3737 4043 3822 4094 ὺπ-

591 4140 694 4186 tur
726 4132 790 4187 ad
813 4147 955 4200 eam,
989 4153 1006 4184 ι
1043 4132 1087 4188 si
1110 4133 1233 4203 quis
1257 4134 1586 4190 contendere
1626 4135 1752 4189 velit
1799 4135 1869 4188 ab
1907 4135 2049 4205 Agar
2079 4149 2177 4188 an-

2286 4139 2436 4193 ἐλαϐέ
2455 4158 2539 4204 τις
2562 4141 2659 4211 τὴν
2684 4141 2860 4212 Ἀγαρ
2872 4140 3002 4194 Θεὸν
3025 4140 3372 4210 ὲσφαλμένως
3402 4137 3736 4210 ὑπειληφέναι
3751 4133 3822 4180 τῦν

584 4225 779 4296 gelum
805 4224 942 4279 falso
973 4226 1128 4294 quasi
1158 4225 1324 4281 Deum
1357 4227 1596 4280 habitum
1628 4241 1782 4292 esse;
1821 4241 1966 4280 nunc
1994 4234 2176 4280 autem

2286 4231 2528 4300 Ξὶγγελον·
2563 4231 2680 4285 νυνὶ
2707 4231 2764 4284 δὲ
2793 4233 2826 4302 ἡ
2863 4231 3053 4303 Γραφὴ
3092 4235 3378 4305 μαρτυρεῖ,
3401 4233 3484 4284 ὅτι
3505 4231 3692 4296 Κύριος
3717 4217 3772 4292 ἦν
3799 4223 3822 4272 δ

601 4325 834 4372 testatur
899 4317 1185 4388 Scriptura
1251 4317 1538 4374 Dominum
1579 4335 1720 4384 esse,
1758 4321 1848 4388 qui
1900 4333 1995 4389 per
2039 4332 2177 4388 prae-

2286 4321 2363 4374 Ξιά
2385 4321 2480 4374 τοῦ
2507 4323 3003 4394 προωνομασμένου
3037 4321 3392 4396 χρηματίζων
3421 4316 3673 4385 ἀγγέλου,
3691 4315 3746 4368 δι’
3771 4305 3822 4366 οὗ

591 4409 806 4464 dictum
830 4409 1080 4481 angelum
1113 4411 1263 4466 visus
1313 4419 1453 4474 erat,
1495 4427 1590 4482 per
1628 4427 1789 4482 quem
1823 4419 1882 4463 ut
1911 4410 2174 4465 Dominus

2286 4412 2373 4464 its
2405 4413 2610 4494 Κύριος
2640 4414 2736 4467 καὶ
2765 4413 2897 4478 Θεὸς
2933 4414 3008 4466 ὢν
3039 4411 3352 4480 πρεπόντως
3381 4408 3560 4480 ἑαυτῷ
3594 4409 3728 4476 ἔλεγε
3751 4405 3818 4457 τέ’

597 4512 653 4556 et
704 4500 867 4568 Deus,
902 4511 961 4556 ut
1018 4504 1193 4574 ipsum
1248 4504 1490 4566 decebat,
1535 4503 1709 4558 dixit:
1749 4523 1765 4550 ι
1805 4501 2175 4573 Multiplicans

2286 4523 2300 4554 ι
2343 4487 2632 4573 Πληθῦνων
2682 4501 2938 4574 πληθυνῶ
2969 4500 3032 4554 τὸ
3067 4501 3286 4572 σπέρμα
3323 4516 3437 4554 σου·
3493 4519 3515 4554 ι
3559 4501 3706 4554 τοῦτο
3731 4497 3820 4565 γὰρ

597 4593 976 4663 multiplicabo
1021 4610 1204 4650 semen
1252 4605 1426 4648 tuum.
1461 4615 1478 4645 ι
1537 4592 1650 4649 Hoc
1705 4595 1850 4650 enim
1884 4593 1978 4649 Dei
2013 4595 2175 4648 unius

2286 4594 2396 4664 Θεῷ
2425 4595 2567 4665 μόνῳ
2593 4594 2822 4665 ἁρμόζοι
2847 4593 2913 4647 ἂν
2941 4592 3136 4661 λέγειν,
3169 4591 3350 4644 οὐκέτι
3377 4591 3434 4645 δὲ
3471 4593 3568 4644 καὶ
3607 4589 3818 4658 ἀγἸαξλιξ)⁹

601 4693 748 4739 esset
794 4685 998 4752 dicere,
1042 4702 1152 4741 non
1196 4688 1308 4756 jam
1363 4688 1559 4758 angeli.
1609 4687 1726 4754 Qua
1763 4688 1984 4757 quidem
2040 4701 2173 4742 voce

2286 4685 2450 4756 τούτῳ
2476 4687 2521 4740 δ’
2550 4683 2618 4739 αὖ
2651 4685 2728 4756 τῷ
2759 4685 2964 4756 ῥήματι
2989 4685 3082 4736 καὶ
3109 4683 3208 4754 τὴν
3237 4681 3417 4754 ’Δγαρ
3457 4683 3604 4748 εἰκὸς
3631 4681 3818 4746 ἐπιστή-

599 4775 795 4831 edocta
825 4777 969 4849 Agar
1014 4779 1116 4834 sibi
1174 4795 1300 4834 cum
1341 4779 1451 4835 Deo
1511 4779 1628 4836 solo
1675 4779 1783 4834 tale
1835 4778 2170 4848 colloquium

2286 4797 2470 4844 τασαν,
2500 4779 2750 4832 συνεῖσάν
2769 4797 2828 4832 τε
2854 4780 2935 4832 ὅτι
2959 4777 3120 4848 μόνου
3138 4776 3272 4830 Θεοῦ
3293 4777 3489 4846 γένοιτ’
3505 4777 3614 4849 ἂνῆ
3629 4775 3816 4837 τοιαύτη

597 4883 740 4932 esse,
770 4887 788 4919 ι
826 4867 908 4924 Tu
935 4868 1100 4933 Deus.
1147 4871 1242 4934 ait,
1297 4871 1388 4941 (ιοί
1405 4869 1594 4925 vidisti
1625 4884 1733 4924 me.
1773 4889 1792 4920 ι
1820 4867 1926 4924 Sed
1959 4877 2014 4925 et
2043 4885 2168 4923 rur-

597 4975 716 5026 sus,
742 4973 866 5015 cum
923 4958 1061 5030 fugit
1093 4975 1277 5015 secum
1318 4961 1525 5016 habens
1552 4959 1722 5014 ﬁlium
1749 4959 2014 5029 scripturn
2039 4969 2124 5013 est
2157 4980 2170 5010 :

601 5069 622 5100 ι
657 5050 990 5123 Vocavitque
1023 5055 1247 5123 angelus
1295 5051 1390 5106 Dei
1419 5052 1562 5123 Agar
1597 5051 1666 5107 de
1687 5051 1828 5107 caelo
1851 5052 1917 5118 ",
1957 5069 1976 5102 ι
2003 5049 2171 5104 dixit-

597 5158 706 5214 que
733 5148 782 5199 ei
811 5163 929 5216 qua:
951 5145 1282 5210 referuntur,
1311 5149 1364 5200 in
1385 5146 1582 5216 quibus
1611 5155 1664 5199 et
1689 5144 1820 5199 illud
1853 5161 1866 5196 :
1899 5163 1917 5195 ι
1955 5143 2014 5198 1η
2041 5158 2174 5214 gen-

599 5243 708 5288 tem
741 5249 992 5306 magnam
1027 5237 1219 5292 faciam
1256 5253 1378 5291 eum
1416 5237 1460 5269 ³ο
1487 5259 1500 5304 ;
1537 5257 1555 5291 i
1584 5247 1833 5309 apertum
1851 5247 1934 5293 est
1963 5238 2078 5292 haec
2105 5237 2172 5291 de

599 5341 770 5394 puero
795 5325 1014 5396 dicere;
1045 5331 1190 5400 quod
1222 5331 1290 5384 ab
1319 5331 1510 5400 angelo
1559 5330 1768 5384 dictum
1799 5329 2024 5384 minime
2055 5342 2172 5382 cre-

599 5417 857 5482 dendum,
890 5417 980 5471 Dei
1003 5423 1144 5475 enim
1181 5423 1399 5492 propria
1459 5421 1802 5476 denuntiatio
1859 5429 1963 5475 est.
1998 5417 2172 5486 Cujus

599 5510 764 5579 igitur
795 5509 1008 5566 Domini
1031 5525 1230 5564 nomen
1265 5515 1476 5569 vocavit
1523 5515 1706 5585 Agar:
1742 5534 1759 5564 ι
1797 5513 1875 5566 Tu
1909 5513 2050 5566 Deus
2080 5511 2172 5580 qui

599 5599 782 5654 vidisti
811 5614 914 5664 me,
940 5619 958 5650 ι
979 5615 1102 5654 cum
1131 5605 1184 5654 et
1208 5599 1280 5654 ibi
1305 5597 1651 5654 Hebraeorum
1683 5605 2170 5670 tetragrammaton

600 5689 882 5760 Scriptura
937 5689 1136 5747 referat
1178 5693 1410 5748 nomen?
1459 5691 1740 5748 Prmdictis
1766 5693 1964 5764 quippe
1996 5690 2171 5745 manis

2275 4868 2445 4937 φωνὴ,
2483 4870 2780 4941 εἰρηκέναι·
2819 4869 2968 4922 «Ὅτι
2999 4869 3061 4920 σὺ
3094 4868 3224 4931 Θεὸς
3252 4869 3280 4920 6
3308 4867 3509 4921 ἐπιδών
3545 4887 3630 4938 με·
3665 4887 3682 4919 ι

2273 4961 2366 5012 καὶ
2393 4960 2673 5031 δεύτερον.
2706 4961 2794 5014 ὅτε
2825 4959 3210 5032 ἀποδιδράσκει
3254 4959 3374 5030 μεθ’
3411 4961 3610 5029 ἑαυτῆς
3655 4959 3818 5024 ἔχοντα

2277 5051 2368 5103 τὸν
2401 5051 2534 5115 υἱὸν,
2563 5053 2892 5122 γέγραπται·
2918 5071 2934 5102 ι
2977 5051 3260 5105 Ἐκάλεσεν
3279 5051 3334 5104 δὲ
3353 5051 3580 5122 ἄγγελος
3596 5045 3682 5099 τοῦ
3699 5040 3814 5096 Θεοῦ

2275 5145 2374 5215 τὴν
2407 5147 2585 5219 Ἀγαρ
2613 5149 2677 5201 ἐκ
2705 5147 2798 5200 τοῦ
2829 5145 3084 5216 οὐρανοῦ,
3115 5165 3131 5196 ι
3175 5145 3266 5196 καὶ
3296 5137 3448 5196 εἶπεν
3475 5142 3608 5211 αὐτῇ
3629 5138 3688 5191 τά
3709 5137 3820 5188 ἀναν

2277 5239 2658 5309 γεγραμμένα,
2696 5240 2755 5292 ὲν
2797 5233 2878 5300 οἷς
2929 5240 3074 5290 ἐστιν
3113 5237 3206 5290 καὶ
3250 5235 3334 5288 τόδ
3361 5225 3402 5286 ἰ
3450 5236 3544 5298 Εἰς
3567 5231 3666 5300 γάρ
3687 5227 3816 5286 ἒθνεις

2279 5330 2490 5399 ποιήσω
2520 5329 2672 5382 αὑτόε
2703 5349 2722 5380 ι
2761 5330 2998 5404 δῆλά-δ’δ’
3025 5332 3104 5384 ὅτι
3146 5331 3205 5382 τὸ
3237 5329 3466 5382 παιδίον
3499 5329 3630 5395 ὅπερ
3657 5322 3818 5375 οὐκέτι

2277 5418 2368 5472 τὸν
2402 5419 2632 5488 ἄγγελον
2663 5419 2976 5488 ἀξιόπισττν
3007 5421 3072 5472 ἂν
3111 5420 3195 5487 εἴη
3223 5417 3428 5486 λέγειν,
3449 5415 3578 5468 Θεοῦ
3605 5415 3700 5482 γάρ
3729 5411 3816 5462 πά-

2279 5511 2362 5563 λιν
2385 5515 2417 5582 ἡ
2441 5513 2762 5580 ἐπαγγελία.
2795 5515 2950 5576 Τίνος
2981 5507 3073 5564 οὖν
3103 5511 3306 5581 Κυρίου
3331 5509 3580 5562 ἐκάλεσεν
3603 5509 3634 5576 ὴ
3663 5508 3818 5570 Ἅγαρ

2277 5601 2534 5672 τοῦνομα·
2581 5623 2598 5652 ι
2638 5605 2708 5657 Σὺ
2737 5607 2765 5656 6
2791 5603 2922 5666 Θεὸς
2967 5605 2995 5656 6
3039 5601 3236 5654 ἐπιδών
3265 5619 3352 5672 με,
3391 5621 3408 5653 ι
3453 5596 3708 5654 κάνταῦθα
3733 5593 3818 5654 ti;

2281 5693 2504 5764 Γραφῆς
2536 5695 2629 5748 ἐπὶ
2687 5697 2780 5749 τοῦ
2843 5696 3046 5766 Κυρίου
3105 5695 3168 5748 τὸ
3227 5697 3638 5764 τετράγραμμον
3703 5687 3819 5756 παρ’

665 5867 714 5944 ’.ι’
751 5867 1070 5944 (ξιιιι.-Χν’1ξ[.
1101 5867 1198 5944 19.
1273 5867 1316 5900 ⁸³
1355 5867 1510 5944 Joan.
1553 5885 1644 5944 xit.
1681 5871 1791 5944 ῃ.-
1843 5869 2058 5944 {Gem
2092 5885 2178 5930 xw

2361 5877 2404 5906 “
2439 5873 2572 5929 ibid.
2609 5875 2659 5928 7.
2737 5875 2782 5908 “
2820 5875 2950 5930 ibid.
2985 5873 3039 5930 9.
3117 5873 3163 5906 ’⁵⁸
3192 5871 3431 5928 ibid.iO.
3507 5871 3547 5905 "
3587 5865 3700 5923 ibid.
3741 5863 3818 5916 11.

595 5937 638 5970 ⁸⁸
679 5937 809 5992 ibid.
849 5937 934 5992 15.
1011 5938 1056 5968 δ’
1095 5935 1230 5993 Gen.
1273 5955 1394 6004 ut,
1431 5939 1516 5994 17.
1595 5941 1642 5971 ⁸ο
1685 5939 1815 5995 ibid.
1857 5941 1945 5996 18.
