3954 6506
229 421 252 473 Ι
264 417 368 475 03⁸3

1263 409 1554 468 ῘΞΕιΟΟΛΕ
1600 408 2081 465 ΡΒΟΡΠΕΉΟᾹΞ.
2126 441 2191 448 -——
2235 407 2359 459 LlB.
2407 407 2442 460 Ι.

3347 415 3476 470 1038

227 534 708 608 Ἐϐραιοὶςόνσμα
761 533 1152 603 περιεχούσης;
1193 532 1224 602 ἢ
1260 532 1414 603 δῆλον
1455 533 1516 584 ἐκ
1540 530 1649 584 τῶν
1681 548 1811 602 προ-

1919 529 2115 587 festum
2140 540 2222 586 est
2254 531 2398 589 hunc
2434 545 2552 585 esse
2609 528 2869 596 Verbum,
2923 533 2976 585 in
3032 531 3298 602 prn.cipio
3335 535 3477 605 apud

213 628 651 698 αποδεδομένων,
681 625 848 695 ὁτιδὴ
873 624 964 676 τοῦ
998 625 1054 676 ὲν
1085 626 1224 695 ἀρχῇ
1257 623 1392 695 πρὸς
1412 623 1503 676 τὸν
1540 622 1670 676 Θεὸν
1700 622 1803 675 Λό-

215 735 340 786 γου,
376 717 435 781 ὃς
468 716 882 787 ὲπιπαρὼν,κα“ι
911 715 979 767 τά
1012 714 1132 767 κατ’
1181 713 1500 786 ἀνθρώπους
1530 713 1588 778 ἐξ
1629 713 1805 785 ἀρχῆς

213 813 437 884 ἐφορῶν
457 829 517 864 τε
539 812 633 864 καὶ
651 809 966 880 οἰκονομῶν,
989 811 1097 870 τοῖς
1127 807 1226 878 μὲν
1251 805 1688 877 ⁴ἐπαναϐεϐηκόσι
1710 804 1804 856 καὶ

212 904 448 967 τελείοις
477 903 753 973 ἀνδράσιν,
789 899 899 964 οἷος
935 896 1002 971 ἦν
1041 900 1068 952 ὅ
1103 917 1160 951 τε
1205 897 1454 970 Ἀϐραὰμ
1482 897 1576 950 καὶ
1621 895 1805 949 Ἰσαὰκ

215 994 314 1045 καὶ
347 992 565 1057 Ἰακὼϐ,
597 992 760 1055 αὐτὸς
781 991 847 1044 δι’
875 989 1070 1044 ἑαυτοῦ
1089 990 1378 1062 παρείχετο
1402 989 1499 1052 τὰς
1521 989 1801 1053 ὀπτασίας

212 1089 328 1149 τοῖς
353 1085 407 1138 δὲ
435 1086 537 1156 τῆς
565 1085 769 1138 τούτων
800 1085 1001 1156 ἀρετῆς
1025 1083 1362 1147 ἀποδέουσιν,
1387 1078 1498 1146 οἷος
1524 1078 1593 1154 ἦν
1615 1081 1802 1147 όΛὼτ,

214 1177 311 1230 καὶ
339 1177 391 1227 οἱ
424 1177 480 1228 ὲν
505 1178 618 1238 τοῖς
638 1176 868 1244 Κριταῖς
891 1173 1096 1228 Γεδεών
1121 1191 1180 1227 τε
1210 1174 1302 1227 καὶ
1321 1172 1540 1236 Μανωὲ,
1575 1171 1668 1224 καὶ
1692 1173 1805 1225 ὅσοι

211 1267 431 1330 τούτοις
455 1267 781 1338 ὲμφέρονται
816 1265 1207 1338 παραπλήσιοι,
1239 1266 1564 1336 λειτουργοῖς
1580 1266 1672 1317 καὶ
1693 1263 1807 1318 δια-

213 1357 402 1420 κόνοις
433 1360 544 1420 τοῖς
573 1355 662 1408 ὑπ’
690 1356 850 1409 αὐτὸν
879 1355 1040 1419 θείοις
1065 1354 1315 1422 ἀγγέλοις
1333 1353 1613 1424 χρώμενος
1643 1353 1805 1406 πολυ-

214 1450 409 1521 μερῶς
445 1449 539 1502 καὶ
591 1449 942 1518 πολυτρόπως
1003 1448 1296 1518 παρείχετο
1359 1447 1424 1500 δι’
1477 1447 1654 1502 αὐτῶν
1710 1447 1808 1508 τὰς

215 1542 575 1610 ἐπαγγελίας.
610 1541 794 1612 Ταύτῃ
828 1539 956 1608 γοῦν
997 1541 1089 1592 καὶ
1118 1542 1183 1610 τῇ
1226 1541 1406 1610 Ἀγαρ
1428 1582 1441 1606 ,
1473 1539 1565 1591 ἅτε
1614 1538 1688 1609 μὴ
1721 1538 1808 1609 οἵα

213 1649 278 1684 τε
305 1631 445 1704 οὔσῃ
483 1649 568 1684 πω
595 1631 694 1702 τὴν
722 1630 883 1683 αὑτοῦ
915 1629 1008 1682 τοῦ
1042 1629 1188 1682 θείου
1221 1629 1393 1697 Λόγου
1425 1631 1622 1700 χωρεῖν
1642 1631 1808 1682 ὀπτα-

217 1725 368 1788 σίαν,
405 1725 492 1776 διὰ
520 1724 615 1777 τοῦ
663 1724 892 1793 ἀγγέλου
931 1723 998 1776 τὰ
1036 1723 1501 1794 ἀναγεγραμμένα
1533 1721 1804 1786 θεσπίζειο

215 1819 271 1868 εί
306 1815 432 1886 (ἔτι)
462 1815 517 1868 δὲ
565 1815 658 1867 καὶ
700 1814 779 1880 τῷ
813 1812 1006 1868 Ἰακὼϐ
1036 1813 1104 1866 δι’
1150 1813 1395 1882 ἀγγέλων
1434 1814 1804 1882 ἐπιφαίνεται·

1909 621 2099 688 Deum,
2136 623 2281 693 quod
2343 622 2655 687 adveniens,
2695 639 2891 694 resque
2946 625 3223 680 hominum
3264 642 3294 680 a
3337 629 3482 698 prin-

1908 717 2051 788 cipio
2087 716 2382 786 inspiciens
2445 725 2606 786 atque
2661 717 2992 788 gubernans,
3053 720 3482 789 praicellentibus

1908 808 2435 881 perfectioribusque
2476 811 2634 875 viris,
2680 811 2871 880 quales
2911 821 3065 866 erant
3117 811 3480 881 Abrahamus,

1907 901 2127 958 lsaacus
2157 910 2319 972 atque
2339 900 2598 967 Iacobus,
2651 917 2745 972 per
2786 902 3025 972 seipsum
3075 903 3481 959 manifestatum

1907 998 2014 1047 est.
2046 992 2119 1046 lis
2147 1005 2277 1046 vero
2293 992 2386 1060 qui
2437 1000 2598 1046 tanta:
2632 991 2818 1045 virtuti
2875 992 3112 1062 impares
3135 1001 3309 1056 erant,
3343 994 3483 1047 sicut

1907 1091 2026 1139 erat
2049 1083 2172 1148 Lot,
2221 1092 2277 1140 et
2304 1083 2360 1138 in
2407 1082 2695 1140 Judicibus
2728 1082 2947 1139 Gedeon
2979 1093 3034 1140 et
3063 1081 3275 1150 Manoe,
3329 1092 3485 1139 certe-

1907 1175 2301 1252 risqueoeorum
2341 1175 2632 1239 similibus,
2685 1175 2959 1230 ministris
2982 1175 3292 1246 legatisque
3324 1189 3483 1246 ange-

1908 1269 1978 1325 lis
2005 1269 2102 1340 qui
2134 1268 2238 1323 sibi
2271 1268 2500 1337 subjecti
2531 1274 2689 1322 erant
2748 1283 2904 1332 usus,
2934 1266 3166 1322 diversis
3201 1268 3484 1338 variisque

1909 1361 2086 1417 modis
2109 1376 2205 1430 per
2231 1375 2326 1416 eos
2355 1359 2612 1413 mandata
2643 1373 2742 1414 sua
2773 1358 3152 1414 denuntiabat.
3188 1358 3326 1416 Huic
3383 1361 3484 1432 igi-

1911 1462 2000 1509 tur
2033 1454 2196 1526 Agar,
2227 1469 2351 1509 cum
2399 1452 2572 1523 ipsius
2617 1452 2787 1507 divini
2846 1451 3008 1508 Verbi
3056 1451 3318 1509 visionem
3345 1454 3487 1509 ferre

1911 1546 2184 1616 nequiret,
2211 1561 2307 1614 per
2357 1545 2610 1616 angelum
2667 1559 2787 1616 quae
2809 1544 2979 1598 relata
3026 1553 3154 1600 sunt
3186 1545 3480 1617 signiﬁcat.
3509 1603 3518 1649 '

1909 1636 2114 1693 Iacobo
2168 1636 2333 1694 etiam
2385 1652 2482 1708 per
2535 1638 2758 1708 angelos
2818 1636 3231 1701 manifestatur;
3293 1652 3483 1692 verum

1913 1730 2285 1786 animadverte
2312 1730 2457 1801 quod
2487 1731 2582 1785 tali
2634 1730 2796 1787 modo
2827 1730 2954 1784 huic
2997 1730 3149 1785 visus
3178 1738 3282 1796 est,
3311 1731 3488 1787 adhuc

1914 1823 2234 1879 infirmioris
2265 1823 2530 1889 virtutis;
2584 1837 2709 1877 cum
2756 1830 2934 1878 autem
2977 1823 3268 1894 profecerit
3314 1830 3367 1880 et
3418 1824 3486 1878 ad

215 1909 337 1962 ἀλλ’
365 1909 468 1982 ὅρα
497 1908 577 1960 ὅτι
606 1908 697 1961 καὶ
723 1907 879 1960 τοῦτο
903 1909 1021 1960 κατ’
1045 1907 1218 1978 ἀρχὰς
1251 1908 1348 1978 μὲν
1387 1906 1461 1970 ὡς
1496 1906 1561 1960 ἂν
1595 1907 1674 1959 ἔτι
1703 1909 1811 1959 εἱσ-

1919 1916 2304 1986 perfectionem
2361 1916 2702 1986 pervenerit,
2760 1916 2905 1971 nuda
2955 1886 3010 1971 εἰ
3063 1925 3248 1986 aperta
3289 1917 3491 1975 suimet

215 2000 481 2070 αγομένῳ
507 1999 693 2053 τοῦτον
708 1999 1034 2070 χρηματίζει
1055 1999 1143 2052 τὸν
1171 1999 1390 2070 τρόπον,
1412 1997 1742 2070 προκόψαντι
1759 1997 1813 2050 δὲ

217 2095 321 2148 καὶ
355 2095 438 2157 είς
480 2093 794 2163 τελειότητα
831 2092 1064 2146 ἐπιδόντι
1099 2093 1312 2163 γυμνῆς
1344 2091 1436 2144 καὶ
1488 2091 1815 2145 ἀνεπικαλύ-

216 2203 360 2239 πτου
385 2184 484 2255 τῆς
513 2185 648 2247 ἰδίας
677 2183 1026 2253 μεταδίδωσιν
1050 2183 1285 2252 ὁμιλίας,
1303 2181 1484 2234 οὐκέτι
1509 2180 1606 2250 μὲν
1626 2180 1692 2233 δι’
1719 2180 1814 2249 ἀγ-

217 2278 402 2346 γέλων
424 2279 518 2331 καὶ
545 2279 612 2330 δι’
647 2277 949 2350 ἑρμηνέων,
982 2276 1140 2340 αὐτὸς
1160 2275 1218 2329 δὲ
1244 2275 1308 2328 δι’
1335 2273 1529 2328 ἑαυτοῦ
1554 2276 1584 2327 ό
1611 2273 1815 2346 Κύριος

218 2371 322 2426 καὶ
341 2370 479 2434 Θεὸς
511 2369 705 2438 Λόγος,
735 2370 763 2421 ό
789 2369 857 2422 τὰ
888 2369 1167 2440 δευτερεῖα
1181 2367 1281 2439 τῆς
1310 2367 1583 2440 πατρικῆς
1606 2365 1817 2436 ἐπέχων

221 2461 503 2531 θεότητος,
541 2460 640 2530 τῆς
678 2458 813 2523 ἰδίας
842 2459 1004 2512 αὐτὸν
1038 2457 1310 2520 καταξιῶν
1345 2456 1626 2519 ὀπτασίας.

674 2574 1073 2630 ΚΕΦΑΛΑΙΟΝ
1113 2573 1168 2627 E'
1201 2572 1266 2642 (ι.
1301 2572 1376 2643 9).
1536 2621 1564 2647 ,

299 2691 321 2722 ι
345 2672 404 2723 '0
419 2669 567 2740 ἣλιος
593 2668 811 2740 ἐξῆλθεν
839 2670 932 2721 ἐπὶ
959 2667 1191 2738 τὴνγῆν,
1209 2668 1302 2720 καὶ
1326 2665 1446 2720 Λὼτ
1473 2664 1716 2736 εἰσῆλθεν
1739 2668 1817 2724 εἰς

217 2762 444 2833 Σηγώρ.
475 2764 584 2816 Καὶ
611 2761 815 2829 Κύριος
840 2759 1058 2829 ἔϐρεξεν
1085 2759 1178 2812 ἐπὶ
1204 2759 1408 2828 Σόδομα
1448 2759 1541 2810 καὶ
1567 2758 1816 2827 Γόμορρα

222 2855 368 2907 θεῖον
410 2854 503 2906 καὶ
537 2853 648 2924 πῦρ
677 2852 827 2923 παρὰ
866 2852 1073 2921 Κυρίου
1125 2851 1188 2902 ὲκ
1223 2849 1315 2903 τοῦ
1365 2847 1616 2919 Γ-ύρεινοῖκ
1657 2868 1675 2900 ι
1704 2848 1818 2901 Οὐκ

217 2942 380 3016 οἶμαί
413 2963 534 2998 τινα
567 2944 675 2997 τῶν
711 2942 858 3007 ἅπαξ
889 2943 1333 2996 πεπιστευκότων
1366 2941 1519 3013 ἱεράς
1566 2941 1661 2994 καὶ
1703 2939 1818 2992 θεο-

222 3035 530 3100 πνεύστους
570 3037 837 3108 ὑπάρχειν
866 3035 965 3099 τὰς
999 3037 1160 3103 ἁγίας
1199 3034 1418 3105 Γραφὰς
1449 3035 1816 3107 εὑρεσιλογεῖν

223 3147 278 3181 τι
317 3133 397 3194 είς
420 3131 547 3193 τοὺς
581 3130 800 3193 τόπους,
835 3127 1135 3196 ἀντιλέγειν
1174 3125 1512 3199 πειρώμενον
1547 3130 1660 3190 τοῖς
1689 3126 1816 3198 περὶ

1918 2005 2336 2062 conversatione
2367 2004 2621 2077 dignatur
2652 2021 2798 2072 eum,
2857 2020 2958 2061 nec
2999 2005 3110 2075 jam
3144 2021 3241 2076 per
3265 2007 3489 2078 angelos

1919 2107 2083 2170 atque
2107 2099 2455 2168 interpretes,
2493 2098 2590 2154 sed
2629 2098 2746 2170 ipse
2798 2114 2895 2169 per
2933 2099 3177 2170 seipsum
3224 2099 3490 2156 Dominus

1919 2199 1973 2246 et
2003 2190 2148 2248 Deus
2199 2189 2462 2256 Verbum,
2519 2191 2792 2248 srcundas
2844 2193 2898 2248 in
2943 2201 3168 2263 paterna
3207 2193 3491 2250 divinitate

1918 2288 2104 2348 partes
2159 2280 2388 2346 habens,
2423 2283 2701 2352 prepriam
2745 2282 2813 2337 ad
2865 2297 2986 2339 eum
3019 2284 3285 2341 visionem
3314 2288 3492 2341 mani-

1921 2367 2099 2424 festat.

2532 2568 2760 2625 CAPUT
2792 2570 2854 2626 ν.

2003 2683 2021 2714 ι
2068 2663 2158 2719 Sol
2187 2680 2441 2736 egressus
2473 2675 2558 2723 est
2591 2682 2756 2738 super
2771 2675 2974 2723 terram
3009 2677 3061 2724 et
3092 2668 3193 2725 Lot
3213 2673 3495 2742 ingressus

1921 2765 2004 2812 est
2027 2757 2215 2828 Segor.
2245 2758 2415 2828 Igitur
2445 2757 2706 2817 Dominus
2739 2760 2877 2830 pluit
2931 2777 3095 2831 super
3121 2761 3411 2818 Sodomam
3439 2773 3496 2820 et

1921 2848 2282 2904 Gomorrharn
2359 2851 2591 2920 sulphur
2655 2861 2712 2906 et
2780 2853 2958 2924 ignem
3027 2870 3058 2908 a
3123 2854 3358 2913 Domino
3423 2857 3493 2913 de

1919 2943 2060 2995 coelo
2095 2941 2160 2995 ⁵¹.
2196 2961 2214 2994 ι
2248 2940 2369 2996 Non
2417 2944 2614 3012 opinor
2645 2944 2881 3015 aliquem
2912 2960 3098 3002 eorum
3121 2988 3136 3014 ,
3203 2948 3297 3019 qui
3328 2948 3496 3005 semel

1919 3030 2272 3087 crediderunt
2297 3046 2486 3091 sacras
2514 3042 2568 3090 et
2601 3035 2864 3093 divinitus
2897 3038 3195 3109 inspiratas
3217 3056 3341 3098 esse
3365 3056 3498 3098 sal-

1919 3131 2040 3179 ctas
2067 3121 2404 3196 Scripturas,
2428 3128 2612 3183 verbis
2634 3128 2889 3186 haesitare
2908 3130 2996 3186 his
3012 3131 3067 3185 in
3093 3133 3248 3200 locis,
3271 3148 3501 3205 respon.

222 3223 323 3275 τοῦ
349 3223 521 3291 Λόγου
543 3221 636 3275 τοῦ
660 3220 795 3275 Θεοῦ
815 3221 1294 3294 παραδεδομένοις,
1312 3221 1393 3274 ὅτι
1420 3238 1479 3273 τε
1499 3220 1672 3292 προτῆν
1695 3219 1811 3273 ὑπό-

1919 3215 2050 3271 dere
2087 3227 2417 3288 quaerentem
2450 3221 2517 3274 iis
2548 3237 2670 3291 qua).
2717 3223 2784 3277 de
2809 3221 2987 3279 Verbo
3019 3223 3127 3280 Deo
3153 3234 3496 3291 asseruntur,

221 3329 421 3366 στασιν
470 3313 602 3366 ἰδίαν
643 3313 802 3383 ἔχων,
824 3314 916 3366 καὶ
954 3313 1036 3366 ὅτι
1068 3314 1174 3384 πρὸ
1211 3311 1308 3382 τῆς
1349 3312 1812 3384 ὲνανθρωπήσεως

211 3403 325 3468 τὰς
369 3405 449 3468 εἰς
483 3402 802 3474 ἀνθρώπους
837 3403 1147 3474 οἰκονομίας
1180 3402 1378 3454 ἐτέλει·
1421 3400 1515 3454 δύο
1548 3401 1657 3471 γὰρ
1699 3403 1812 3453 Κυ-

223 3493 378 3566 ρίους
405 3492 639 3547 ἐνταῦθα
662 3493 846 3561 σαφῶς
871 3495 904 3564 ἡ
929 3491 1117 3563 Γραφὴ
1137 3493 1483 3562 παρίστησιν,
1515 3490 1568 3542 εί
1585 3507 1650 3558 γε
1673 3491 1815 3543 «Κύ-

225 3601 345 3656 ριος
372 3584 592 3655 ἔϐρεξεν
615 3585 763 3656 παρὰ
793 3584 1017 3656 Κυρίου.
1059 3603 1077 3634 ι
1104 3584 1176 3635 Τὸ
1203 3583 1246 3634 δ’
1271 3584 1453 3653 ὅμοιον
1469 3581 1612 3634 ἐστιν
1635 3583 1814 3653 εὑρεῖν

224 3675 385 3746 παρά
416 3676 493 3747 τῷ
537 3676 667 3747 ἱερῷ
702 3675 1006 3746 Ἀποστόλῳ
1047 3675 1279 3746 φήσαντι
1300 3692 1313 3705 ο
1347 3693 1365 3724 ‹
1400 3674 1520 3744 Δῴη
1557 3675 1584 3727 ό
1612 3674 1815 3745 Κύριος

220 3770 376 3833 ἔλεος
402 3771 480 3840 τῷ
521 3769 872 3840 Ὀνησιφόρου
896 3768 1048 3837 οἴκῳ·
1080 3784 1097 3817 ι
1134 3767 1247 3820 καί·
1283 3765 1432 3836 εΔῴη
1465 3765 1613 3836 αὑτῴ
1637 3769 1815 3837 εὑρεῖν

222 3864 377 3926 ἔλεος
399 3861 549 3934 παρὰ
571 3863 774 3932 Κυρίου
799 3863 854 3915 ὲν
890 3859 1071 3931 ἐκείνῃ
1102 3862 1169 3932 τῇ
1213 3858 1415 3930 ἡμέρᾳ.
1449 3877 1468 3910 ι
1515 3857 1673 3911 Ἀλλά
1706 3858 1815 3929 γὰρ

219 3958 282 4011 ἐν
308 3956 523 4020 τούτοις
556 3955 685 4026 περὶ
726 3955 936 4024 Πατρός
967 3955 1059 4008 καὶ
1103 3953 1234 4006 Υἱοῦ
1274 3951 1562 4024 διαρθροῦν
1601 3951 1812 4018 λόγους,

219 4048 304 4118 τῷ
339 4048 437 4118 μὲν
466 4049 713 4118 ἀγενήτῳ
741 4048 835 4100 καὶ
864 4047 1038 4118 ῐΙατρὶ
1066 4046 1172 4100 τῶν
1207 4045 1342 4099 ὅλων
1371 4046 1470 4116 τὴν
1501 4043 1641 4098 κατά
1676 4043 1814 4096 πάν-

221 4152 338 4189 των
360 4137 456 4189 καὶ
477 4139 594 4189 κατ’
612 4137 776 4191 αὑτοῦ
805 4137 897 4190 τοῦ
926 4136 1056 4188 Υίοῦ
1085 4137 1278 4208 κυρίαν
1293 4153 1352 4189 τε
1379 4136 1474 4190 καὶ
1501 4135 1816 4188 αύθεντείαν

225 4225 618 4295 ἀνατιθέντας,
647 4228 726 4299 τῷ
761 4229 818 4282 δὲ
846 4228 923 4299 τῷ
960 4228 1118 4298 Λόγῳ
1151 4228 1219 4281 τὰ
1247 4227 1526 4299 δευτερεῖα
1561 4226 1699 4297 μετά
1726 4228 1815 4279 τὸν

226 4316 454 4387 Πατέρα
479 4321 574 4386 τῆς
607 4321 749 4374 κατὰ
781 4321 996 4374 πάντων
1017 4320 1127 4373 τῶν
1152 4320 1530 4390 γεγενημένων
1553 4321 1726 4392 ἀρχῆς
1756 4338 1816 4373 τε

226 4408 327 4459 καὶ
351 4406 667 4471 δεσποτείας
686 4409 1074 4482 ἀπονέμοντας.
1102 4413 1192 4475 Δὶς
1215 4410 1272 4465 δὲ
1296 4411 1531 4466 ἐνταῦθα
1562 4411 1818 4484 ὀνομαζο-

229 4498 396 4570 μένου
428 4498 523 4552 τοῦ
555 4500 779 4570 Κυρίου,
806 4502 947 4555 κατά
972 4504 1064 4557 τό⁶
1104 4503 1382 4572 Ἔϐρεξεν
1402 4505 1618 4572 Κύριος
1657 4505 1818 4573 παρὰ

1918 3309 2065 3378 quod
2092 3313 2506 3381 prazexsistebat
2538 3315 2903 3370 substantiam
2934 3318 3209 3387 propriam
3267 3319 3495 3383 habens,

1917 3412 1971 3457 et
2003 3410 2130 3458 ante
2164 3403 2596 3460 incarnationem
2632 3409 2794 3463 rebus
2831 3410 3115 3464 hominum
3146 3409 3495 3467 moderandis

1917 3505 2168 3564 praeerat.
2200 3493 2300 3550 Hic
2320 3497 2466 3550 enim
2505 3496 2646 3552 duos
2682 3507 2870 3567 aperte
2920 3499 3180 3555 Dominos
3216 3498 3497 3571 Scriptura

1917 3585 2207 3657 designat:
2249 3606 2267 3638 ι
2305 3587 2450 3642 Pluit
2477 3589 2806 3648 Dominus...
2843 3606 2871 3644 a
2920 3591 3169 3650 Domino.
3204 3620 3224 3649 ι
3289 3597 3499 3652 Similia

1917 3681 2156 3748 reperire
2206 3688 2292 3735 est
2326 3680 2468 3752 apud
2524 3690 2774 3738 sarctum
2827 3685 3152 3756 ApoStolum
3185 3690 3491 3745 dicentem:

1924 3789 1941 3821 ι
1969 3770 2065 3826 Det
2093 3771 2359 3829 Dominus
2377 3773 2809 3830 misericordiam
2834 3776 3162 3850 Onesiphori
3185 3780 3369 3837 domui
3393 3783 3495 3848 ⁸¹;ι

1914 3871 1968 3917 et
1998 3880 2010 3916 :
2048 3880 2066 3911 ι
2106 3861 2200 3918 Det
2228 3863 2306 3917 illi
2327 3863 2586 3920 Dominus
2615 3864 2858 3921 invenire
2875 3868 3306 3924 misericordiam
3330 3884 3362 3924 a
3387 3867 3499 3929 Do-

1920 3954 2070 4009 mino
2092 3957 2146 4008 in
2175 3955 2267 4009 illa
2297 3955 2387 4011 die
2414 3953 2482 4008 ⁸³.
2514 3976 2532 4008 ι
2563 3955 2854 4013 Enimvero
2879 3958 3038 4014 facile
3064 3969 3147 4017 est
3168 3962 3224 4016 in
3254 3961 3363 4017 illis
3379 3977 3500 4033 qua:

1918 4047 1985 4102 ad
2008 4046 2246 4114 Patrem,
2273 4065 2394 4120 qua:
2426 4049 2493 4106 ad
2511 4049 2706 4108 Filium
2728 4060 2998 4122 spectant,
3020 4055 3309 4126 perspicue
3327 4069 3502 4112 secer-

1917 4155 2047 4196 nere
2073 4141 2251 4208 verba,
2277 4158 2398 4213 quae
2418 4143 2662 4200 increato
2679 4143 2933 4216 Patrique
2960 4147 3200 4202 omnium
3227 4148 3284 4203 in
3309 4163 3502 4204 omnes

1919 4242 2082 4304 atque
2105 4236 2155 4288 in
2184 4236 2362 4305 ipsum
2415 4235 2612 4290 Filium
2665 4237 3097 4296 dominationem
3123 4249 3178 4295 et
3207 4242 3500 4297 auctorita-

1921 4333 2026 4380 tem
2083 4327 2354 4390 tribuunt,
2417 4327 2592 4384 Verbo
2647 4337 2826 4386 autem
2885 4333 3156 4388 secundas
3213 4341 3335 4403 post
3395 4330 3500 4386 Pa-

1918 4426 2057 4473 trem
2126 4429 2310 4489 partes
2370 4421 2655 4496 assignant
2710 4424 2765 4477 in
2820 4425 3062 4480 omnium
3121 4431 3498 4480 creaturarum

1923 4509 2233 4580 principatu
2269 4517 2432 4582 atque
2477 4513 2732 4582 imperio.
2762 4513 2861 4568 Hic
2885 4523 3066 4571 autem
3098 4515 3184 4571 bis
3222 4513 3502 4570 nominato

228 4594 510 4671 Kvplqv,»
533 4593 613 4657 δὶς
631 4594 769 4647 κατά
792 4595 852 4647 τὸ
880 4596 1165 4667 Ἐϐραῖκὸν
1183 4599 1276 4650 καὶ
1302 4596 1362 4649 τὸ
1391 4596 1811 4668 τετράγραμμον

1927 4604 2176 4669 Domino,
2208 4606 2510 4662 secundum
2539 4608 2670 4662 illud
2703 4629 2714 4662 :
2749 4629 2767 4658 ι
2797 4608 2941 4664 Pluit
2992 4609 3325 4666 Dominus...
3353 4623 3383 4662 a
3405 4607 3504 4661 Do-

226 4684 552 4756 ὲμφὲρεται,
586 4685 660 4749 ὡς
685 4687 1001 4756 σαφέστατα
1033 4686 1479 4758 ἀνομολογεῖσθαι
1505 4687 1566 4741 τὸ
1595 4687 1687 4739 ἐπὶ
1725 4687 1818 4740 δύο

227 4775 559 4849 προσώπων,
598 4778 756 4849 δῆλον
798 4779 842 4832 δ’
879 4781 960 4832 ὅτι
999 4779 1092 4833 τοῦ
1141 4781 1275 4834 Θεοῦ
1317 4781 1412 4833 καὶ
1451 4780 1664 4852 [ἰατρὸς
1708 4780 1818 4834 τῶν

224 4870 370 4923 ὅλων
391 4869 486 4922 καὶ
515 4869 608 4923 τοῦ
643 4871 816 4940 Λόγου
851 4873 1042 4935 αὐτοῦ,
1070 4875 1172 4946 τὴν
1205 4873 1444 4944 ἄρρητον
1472 4873 1678 4944 ταύτην
1713 4890 1816 4926 πα-

231 4961 676 5032 ραλαμϐάνεσθαι
723 4964 1052 5034 σημείωσινο
1117 4965 1192 5028 ὡς
1244 4965 1434 5036 μηκέτ’
1499 4965 1815 5035 ἀμφιϐόλως

226 5053 396 5124 ἔχειν,
428 5055 481 5107 εῖ
501 5072 602 5108 που
631 5056 697 5110 ἂν
718 5057 933 5127 φέροιτο
950 5059 983 5128 ἡ
1003 5058 1226 5130 τοιαύτη
1253 5057 1346 5110 ἐπὶ
1361 5057 1457 5111 τοῦ
1487 5057 1622 5111 Θεοῦ
1643 5076 1810 5130 προσ-

226 5144 450 5216 ηγορία,
494 5145 569 5216 μὴ
611 5146 770 5215 μόνον
816 5149 908 5201 ἐπὶ
946 5150 1045 5220 τῆς
1075 5149 1341 5217 ἀγενήτου
1393 5147 1608 5222 φύσεως
1640 5147 1810 5217 αὐτὴν

231 5235 778 5306 παραλαμϐάνεσθαι,
822 5237 956 5292 ἀλλά
996 5238 1090 5293 καὶ
1133 5239 1224 5291 ἐπὶ
1265 5237 1358 5290 τοῦ
1396 5239 1454 5289 ὲν
1492 5239 1632 5310 ἀρχῇ
1678 5239 1811 5310 πρὸς

227 5326 322 5382 τὸν
352 5326 484 5379 Θεὸν
515 5328 665 5392 ὄντος
687 5330 880 5398 Λόγου.

763 5534 1160 5587 ΚΕΦΑΛΑῘΟΝ
1201 5536 1292 5600 ς’.

315 5621 401 5674 Ἐν
459 5625 522 5694 τῇ
570 5624 706 5694 πρὸς
751 5625 842 5676 τὸν
888 5625 1078 5678 Ἰακὼϐ
1124 5625 1343 5696 εὐλογία
1376 5625 1404 5677 ὁ
1450 5625 1630 5678 Ἰσαάκ
1683 5643 1813 5693 φησι

231 5712 371 5784 μετά
397 5729 516 5766 τινα
542 5714 636 5767 καὶ
664 5714 832 5768 ταῦτα
854 5733 865 5743 ’
902 5735 918 5766 ι
948 5716 1057 5770 Καὶ
1081 5716 1520 5770 δουλευσάτωσὰν
1548 5732 1628 5768 σοι
1655 5716 1782 5786 ἔθνη
1799 5735 1811 5746 ·

301 5872 343 5904 ³¹
386 5871 520 5929 Gen.
560 5889 670 5932 nx,
705 5875 793 5930 25.
871 5875 915 5907 ⁸²
957 5873 999 5928 11
1039 5873 1176 5930 Tim.
1217 5891 1263 5940 ι,
1303 5875 1384 5928 16.
1465 5875 1510 5906 ⁸⁸
1553 5871 1681 5927 ibid.
1727 5872 1813 5928 18.

1923 4697 2092 4763 mino,
2133 4718 2150 4748 ι
2184 4697 2270 4752 bis
2313 4698 2616 4753 secundum
2661 4699 2991 4754 Hebraicum
3017 4709 3071 4756 et
3093 4707 3504 4770 tetragramma-

1921 4796 2017 4844 ton
2038 4789 2297 4857 refertur,
2331 4793 2398 4846 ad
2449 4808 2809 4862 personarum
2856 4793 3176 4850 dualitatem
3207 4794 3504 4850 evidentis-

1922 4883 2060 4936 sime
2083 4883 2561 4953 distinguendam;
2607 4884 2955 4939 manifestum
3001 4895 3086 4941 est
3118 4892 3301 4940 autem
3331 4883 3424 4938 Dei
3451 4892 3505 4937 et

1918 4974 2164 5028 omnium
2195 4973 2400 5040 Patris,
2440 4984 2606 5045 atque
2663 4976 2783 5045 ejus
2843 4975 3006 5033 Verbi
3046 4979 3344 5034 discrimen
3401 4977 3504 5030 hac

1922 5066 2181 5121 ineffabili
2210 5067 2655 5124 denominatione
2671 5071 2970 5140 designari,
3004 5080 3062 5124 ut
3083 5086 3152 5125 ne
3177 5071 3264 5125 cui
3297 5071 3365 5124 sit
3393 5082 3503 5120 am-

1922 5160 2168 5230 biguum,
2205 5160 2250 5215 si
2288 5159 2427 5216 forte
2461 5160 2574 5214 lucc
2606 5163 2820 5230 uspiam
2853 5162 2920 5216 de
2945 5161 3053 5217 Deo
3085 5156 3375 5229 appellatio
3406 5155 3503 5208 ad-

1921 5253 2192 5314 hibeatur,
2253 5269 2360 5306 non
2404 5261 2614 5306 tantum
2667 5253 2735 5307 de
2782 5255 3023 5308 increata
3077 5259 3273 5304 natura
3308 5249 3503 5304 intelli-

1923 5347 2153 5416 gendum
2177 5360 2318 5407 esse,
2349 5344 2446 5400 sed
2479 5345 2642 5398 etiam
2669 5343 2736 5398 de
2789 5344 2967 5400 Verbo
2990 5343 3134 5414 quod
3165 5351 3248 5397 est
3272 5343 3326 5395 in
3356 5341 3501 5412 prin-

1923 5438 2066 5506 cipio
2090 5437 2232 5507 apud
2271 5437 2459 5492 Deum,

2534 5530 2762 5587 CAPUT
2803 5529 2888 5582 Vl.

1997 5621 2055 5675 ln
2081 5620 2271 5678 Jacobi
2299 5623 2680 5679 benedictione
2703 5621 2819 5674 haec
2851 5620 2992 5672 inter
3023 5618 3128 5672 alia
3157 5616 3380 5676 lsaacus
3409 5613 3498 5668 di-

1926 5719 1998 5772 cit
2038 5739 2049 5773 :
2093 5739 2110 5772 ‹
2154 5717 2216 5773 Et
2251 5721 2495 5778 serviant
2517 5719 2613 5776 tibi
2651 5719 2830 5790 populi
2857 5727 2911 5772 et
2945 5717 3176 5773 adorent
3206 5723 3259 5772 te
3285 5714 3499 5772 tribus:
