3954 6526
527 487 548 540 l
561 485 665 541 059

1261 466 1536 526 EUSEBll
1577 457 2056 521 CIESARIENSIS
2085 455 2235 513 OPP.
2278 450 2460 552 PAROS
2493 450 2577 507 ΙΙΙ.
2618 481 2685 490 ——
2719 443 3126 502 EXEGETICA.

3632 441 3756 499 103G

521 613 636 658 esto
653 599 904 656 dominus
927 595 1154 649 fratrum
1180 591 1491 650 tuorum,ct
1517 584 1872 638 incurventur
1898 587 2023 633 ante
2047 585 2097 632 te

2213 581 2292 633 ιαὶ
2325 569 2790 650 προσκυνήσουσίν
2834 585 2915 621 σοι
2958 567 3215 639 ἄρχοντες
3236 580 3248 592 ο
3282 563 3375 616 καὶ
3413 561 3559 630 γίνου
3590 562 3757 633 κύριος

523 695 616 750 lilii
637 691 806 763 patris
832 689 910 743 tui
925 688 989 741 ⁸³.
1011 705 1029 736 ι
1052 683 1174 740 Haec
1191 679 1350 752 quasi
1361 677 1428 732 ad
1442 675 1700 732 Iacobum
1717 673 1863 728 dicta
1881 671 2104 727 minime

522 801 682 857 posse
697 782 951 838 videntur
970 776 1036 832 ad
1059 790 1182 830 eum
1194 770 1590 838 referri,neque
1608 766 1673 821 ad
1685 764 1942 836 populum
1959 778 2024 818 ex
2037 777 2102 816 eo

519 855 704 932 natum
721 917 736 942 ,
757 873 1014 945 populum
1046 862 1500 923 circumcisionis.
1515 860 1619 927 Qui
1633 859 1775 916 enim
1798 855 1982 928 populi
2009 871 2104 909 un-

517 984 680 1040 quam
693 967 743 1022 ei
759 964 1066 1022 servierunt
1088 959 1228 1014 ?Aut
1243 971 1365 1029 quae
1383 954 1557 1009 tribus
1568 967 1692 1009 eum
1705 948 2105 1006 adoraverunt?

516 1076 680 1132 quem
721 1055 1066 1114 adorabant?
1102 1049 1320 1123 quando
1349 1061 1589 1117 unquam
1613 1045 1671 1099 in
1699 1043 1921 1098 fratrem
1942 1055 2102 1096 suum

517 1130 952 1206 dominationem
984 1143 1268 1203 exercuit?
1292 1140 1395 1208 Qui
1420 1146 1602 1194 autem
1625 1136 1797 1208 patris
1810 1134 1982 1206 ipsius
2006 1130 2102 1186 filii

517 1244 610 1315 qui
639 1258 762 1299 eum
795 1238 1075 1296 adoraturi
1098 1233 1402 1292 dicuntur?
1453 1231 1662 1300 Quippe
1707 1227 1875 1282 alium
1906 1238 2099 1295 quem-

519 1338 645 1391 dam
676 1342 872 1407 praater
913 1331 1181 1387 Iacobum
1213 1327 1382 1382 lilium
1433 1321 1693 1380 habuisse
1745 1318 1966 1376 lsaacus
1991 1330 2101 1371 non

518 1430 837 1493 invenitur,
899 1427 1006 1482 nisi
1053 1425 1277 1479 Esaum.
1326 1418 1608 1488 Quomodo
1659 1415 1826 1487 igitur
1876 1411 2102 1484 plurali—

517 1530 602 1575 ter
650 1519 889 1574 dicitur:
923 1535 941 1568 ι
980 1516 1338 1570 lncurventur
1364 1519 1490 1564 ante
1525 1517 1576 1564 te
1605 1506 1703 1561 lilii
1738 1505 1910 1577 patris
1933 1501 2052 1558 tui?
2075 1520 2095 1554 ι

521 1613 646 1667 Haec
674 1619 857 1666 autem
915 1606 1226 1663 notavimus
1282 1610 1570 1674 propterea
1611 1596 1758 1669 quod
1790 1595 1993 1666 saepius
2042 1592 2102 1648 in

520 1705 819 1778 prophetiis
842 1718 939 1775 per
957 1700 1220 1757 Iacobum
1246 1697 1497 1754 Christus
1514 1684 1872 1765 significatur,
1897 1695 1956 1744 ut
1976 1702 2102 1760 pro-

524 1800 655 1869 priis
677 1798 992 1854 ostendetur
1031 1793 1189 1857 locis,
1228 1790 1576 1861 suspicantes
1610 1800 1797 1840 annon
1827 1783 1970 1838 forte
1993 1781 2099 1836 ista

520 1889 578 1944 in
610 1888 730 1959 ejus
757 1887 1126 1945 testimonium
1164 1881 1412 1953 adaptari
1443 1885 1687 1950 possent.
1726 1874 1898 1930 Simili
1955 1871 2100 1929 enim

2207 669 2299 725 τοῦ
2342 665 2569 737 ἀδελφοῦ
2607 682 2719 727 σου,
2768 663 2862 716 καὶ
2901 656 3362 731 προσκυνήσουσίν
3417 671 3498 707 σοι
3542 654 3643 708 υἱοὶ
3674 654 3758 708 τοῦ

2208 760 2412 834 πατρός
2447 777 2559 812 σου.
2603 777 2622 810 ι
2662 754 2743 809 Τά
2771 753 3037 823 λεγόμενα
3068 750 3142 812 ὡς
3183 746 3319 819 πρὸς
3364 746 3454 799 τὸν
3498 745 3680 799 Ἰακὼϐ
3706 750 3756 798 οὗ

2210 855 2350 908 πάνυ
2377 868 2427 905 τι
2454 850 2699 920 φαίνεται
2733 842 2990 899 δύνασθαι
3020 842 3105 895 ἐπ’
3129 839 3290 894 αὐτὸν
3319 835 3634 906 ἀνάγεσθαι,
3655 838 3759 889 οὐδὲ

2209 945 2315 1018 μὴν
2344 945 2438 998 ἐπὶ
2481 942 2571 996 τὸν
2616 939 2673 1006 ἐξ
2719 935 2882 992 αὐτοῦ
2915 935 3200 1006 γενόμενον
3236 931 3361 986 λαὸν
3405 930 3497 984 τὸν
3535 931 3595 983 ἐκ
3627 946 3759 1000 περι-

2206 1038 2378 1108 τομῆς
2401 1051 2414 1065 ·
2449 1035 2576 1086 ποῖα
2607 1029 2716 1102 γὰρ
2754 1028 2878 1098 ἐθνη
2931 1026 3024 1080 καὶ
3069 1024 3199 1077 πότε
3251 1020 3562 1075 ἐδούλευσεν
3597 1020 3757 1089 αὺτῴς

2206 1129 2240 1200 ἢ
2278 1127 2421 1190 τινες
2465 1125 2722 1196 ἄρχοντες
2777 1117 2926 1189 αὐτῷ
2970 1116 3418 1190 προσεκύνησαν;
3453 1114 3528 1176 ὡς
3562 1113 3676 1164 τίνα
3714 1111 3760 1164 δὲ

2207 1222 2300 1275 καὶ
2329 1217 2720 1291 προσεκύνουν;
2767 1213 2897 1267 πότε
2943 1212 2999 1265 δὲ
3039 1211 3133 1264 καὶ
3178 1208 3465 1280 ἐκυρίευσε
3498 1204 3590 1259 τοῦ
3631 1204 3760 1258 ἀδελ-

2206 1313 2309 1386 φοῦ
2341 1310 2540 1376 αὐτοῢ;
2571 1310 2605 1382 ἢ
2639 1308 2779 1371 τίνες
2807 1307 2856 1359 οἱ
2910 1303 3003 1358 τοῦ
3032 1303 3236 1375 πατρὸς
3279 1299 3444 1355 αὐτοῦ
3481 1301 3585 1352 υἱοὶ
3613 1300 3657 1350 οξ
3687 1297 3761 1349 λε-

2206 1406 2423 1476 γόμενοι
2457 1399 2854 1472 προσκυνήσειν
2901 1393 3080 1464 αὑτῷ;
3119 1394 3228 1447 Καὶ
3268 1392 3373 1462 μὴν
3406 1390 3504 1459 οὐχ
3537 1388 3762 1458 εὑρίσκει

2205 1496 2294 1550 ταί
2324 1511 2387 1564 γε
2415 1495 2442 1547 ό
2482 1490 2668 1546 Ἰσαὰκ
2697 1489 2881 1562 ἕτερόν
2908 1505 3026 1540 τινα
3072 1485 3222 1556 παρά
3266 1484 3356 1536 τὸν
3399 1479 3591 1536 Ἰακὼϐ
3622 1481 3762 1551 ἐσχη-

2206 1587 2316 1652 κὼς
2341 1587 2375 1658 ἢ
2410 1587 2569 1658 μόνον
2593 1583 2684 1637 τὸν
2728 1579 2897 1636 Ἠσαῦ
2918 1595 2931 1608 '
2966 1579 3082 1642 πῶς
3106 1574 3198 1631 οὖν
3231 1572 3604 1648 πληθυντικῶς
3629 1573 3761 1642 εἴρη-

2205 1699 2294 1736 ται
2315 1681 2397 1746 τὸ,
2419 1699 2437 1732 ι
2463 1674 2902 1750 Προσκυνήσουσί
2932 1690 3012 1725 σοι
3037 1673 3086 1725 οί
3117 1669 3222 1723 υίοὶ
3246 1668 3340 1722 τοῦ
3369 1667 3574 1738 πατρός
3603 1682 3714 1729 σου;
3741 1683 3757 1713 ι

2207 1772 2390 1827 Ταῦτα
2423 1770 2466 1824 δ’
2504 1764 2959 1840 ἐσημειωσάμεθα
2991 1762 3079 1817 διὰ
3125 1763 3185 1815 τὸ
3240 1758 3502 1821 πολλάκις
3547 1757 3638 1810 καὶ
3677 1758 3763 1807 ἰα-

2206 1862 2322 1919 κὼϐ
2350 1863 2440 1916 τὸν
2483 1860 2716 1932 Χριστὸν
2749 1859 2806 1911 ἐν
2845 1858 2964 1918 ταῖς
3008 1850 3364 1923 προφητείαις
3407 1843 3759 1918 χρηματίζειν,

523 1935 732 2036 ratione
789 1994 886 2052 per
934 1976 1178 2034 lsaacum
1224 1935 1510 2030 Christum
1544 1976 1770 2026 sanctus
1819 1964 2108 2037 Apostolus

2213 1957 2285 2021 ὡς
2327 1958 2385 2009 ἐν
2423 1956 2534 2017 τοῖς
2576 1949 2796 2014 οἰκείοις
2836 1945 3174 2018 δειχθήσεται
3200 1943 3406 2004 τόποις,
3439 1935 3762 1997 ὑπονοοῦντες

527 2071 727 2137 innuit,
746 2072 962 2126 dicens:
984 2089 1003 2120 ι
1033 2068 1343 2124 Abrahamo
1379 2065 1538 2121 dictae
1560 2070 1687 2119 sunt
1709 2060 2102 2133 promissiones

521 2174 576 2220 et
593 2165 784 2221 semini
803 2165 944 2236 ejus.
962 2161 1082 2218 Non
1105 2161 1238 2218 dicit
1253 2169 1308 2215 et
1324 2160 1644 2223 seminibus,
1674 2155 1830 2228 quasi
1856 2155 1913 2208 in
1951 2153 2096 2208 mul-

521 2257 595 2314 tis
626 2257 759 2313 :sed
791 2257 948 2326 quasi
977 2256 1034 2310 in
1063 2269 1173 2310 uno
1204 2274 1217 2309 :
1249 2261 1304 2309 et
1331 2253 1527 2309 semini
1558 2259 1677 2315 tuo,
1704 2249 1799 2320 qui
1833 2254 1918 2303 est
1950 2245 2110 2301 Chri-

526 2359 645 2406 stus
666 2351 732 2406 ⁸⁸.
757 2371 776 2403 ι
795 2349 930 2405 Vide
953 2349 1119 2420 igitur
1141 2347 1187 2403 si
1207 2347 1275 2402 ad
1299 2344 1550 2401 eumdem
1565 2342 1786 2398 modum
1807 2348 1861 2396 et
1885 2355 2006 2411 qua:
2021 2339 2110 2392 hic

524 2440 780 2497 dicuntur
803 2438 1090 2510 de_Jacobo
1117 2453 1227 2493 non
1251 2436 1446 2492 melius
1468 2433 1689 2489 Christo
1715 2431 2102 2492 convenirent;

2208 2051 2280 2122 μή
2310 2067 2387 2120 πη
2427 2046 2522 2101 καὶ
2565 2043 2737 2098 ταῦτα
2775 2041 2996 2095 δύναται
3029 2040 3147 2100 ταῖς
3197 2034 3326 2106 περὶ
3369 2031 3537 2086 αὑτοῦ
3581 2046 3762 2100 μαρτδ-

2211 2120 2350 2216 ρίαις
2380 2137 2660 2212 ἁρμόζειν.
2690 2135 2902 2205 Ὥσπερ
2924 2131 3054 2202 γοῦν
3089 2131 3183 2184 καὶ
3213 2129 3281 2181 τὰ
3309 2125 3451 2185 κατὰ
3479 2125 3570 2178 τὸν
3605 2120 3763 2176 Ἰσαὰκ

2207 2214 2286 2300 είς
2310 2235 2400 2289 τὸν
2433 2230 2665 2305 Χριστὸν
2709 2226 3028 2299 μετείληφεν
3070 2226 3098 2278 ό
3149 2221 3293 2293 ἱερὸς
3324 2216 3640 2279 Ἀπόστολκ
3675 2214 3763 2283 φή.

2212 2345 2329 2392 σαςο
2367 2343 2387 2378 t
2422 2324 2512 2396 Τῷ
2540 2323 2596 2377 δὲ
2637 2319 2887 2392 Ἀϐραὰμ
2928 2316 3187 2388 ἐδόθησαν
3225 2317 3280 2368 αἱ
3324 2309 3646 2380 ἐπαγγελίαι
3686 2307 3763 2359 καὶ

2209 2417 2287 2489 τῷ
2319 2417 2588 2488 σπέρματι
2612 2411 2775 2466 αὑτοῦ
2795 2426 2806 2439 ·
2834 2410 2894 2463 οὑ
2918 2409 3064 2478 λέγει
3091 2406 3185 2461 καὶ
3214 2408 3324 2468 τοῖς
3357 2404 3678 2474 σπέρμασιν,
3701 2398 3764 2459 ὡς

525 2547 646 2602 quae
678 2501 898 2603 quidem
931 2531 979 2586 si
1013 2532 1087 2584 ita
1145 2529 1341 2583 habeat
1364 2528 1446 2582 vir
1493 2524 1794 2586 studiosus,
1826 2536 2099 2592 quamque

2213 2512 2296 2564 ἐπὶ
2330 2507 2559 2571 πολλῶν,
2587 2504 2700 2559 ἀλλ’
2728 2503 2802 2568 ὡς
2835 2502 2919 2570 ἐφ’
2949 2500 3086 2563 ἐνὸς,
3120 2497 3214 2552 καὶ
3247 2496 3324 2568 τῷ
3366 2493 3636 2565 σπέρματί
3666 2508 3760 2552 σου,

524 2624 809 2680 lectionem
837 2621 1110 2692 allegoriae
1142 2619 1354 2690 legibus
1386 2617 1640 2674 conferre
1676 2614 1906 2670 noverit.

2197 2606 2256 2667 ὃς
2291 2598 2680 2672 ἐστιοΧριστός·
2717 2616 2734 2648 ι
2767 2597 2867 2667 ὅρα
2889 2595 2936 2646 εί
2965 2594 3039 2664 μὴ
3059 2592 3149 2645 τὸν
3181 2589 3342 2646 αὐτὸν
3369 2587 3569 2660 τρόπον
3598 2585 3683 2638 καὶ
3707 2583 3763 2635 τὰ

523 2679 755 2770 ἐνταῦθα
779 2713 853 2778 ὡς
878 2679 1007 2784 περὶ
1032 2707 1126 2764 τοῦ
1169 2679 1360 2764 ’ᾗκὼϐ
1389 2709 1650 2782 εἰρημένα
1678 2705 1876 2778 μᾶλλον
1907 2701 2133 2775 ἁρμόζοι
2170 2699 2235 2752 ἂν
2262 2695 2340 2766 τῷ
2407 2691 2469 2761 (f.
2500 2690 2586 2760 10)
2617 2687 2854 2761 Χριστῷ,
2896 2687 3038 2757 ἆπερ
3071 2687 3119 2738 εί
3151 2682 3323 2746 οὕτως
3358 2681 3469 2752 ἐχοι
3499 2681 3528 2733 ό
3561 2679 3763 2750 φιλομα,

1121 2917 1350 2975 CAPUT
1384 2917 1494 2972 Vll.

603 3033 623 3067 ε
664 3015 862 3072 Mansit
911 3021 1092 3069 autem
1121 3011 1293 3068 Jacob
1323 3013 1474 3068 solus
1511 3019 1606 3066 :et
1657 3023 1786 3066 ecce
1816 3010 1897 3065 vir
1928 3010 2099 3065 lucta-

430 2832 437 2840 ·
524 2807 621 2879 θὴς
663 2807 896 2877 ἑκάστην
934 2803 1076 2869 λέξιν
1111 2803 1291 2874 νόμοις
1335 2801 1658 2873 ἀλληγορίας
1699 2798 1955 2864 ἐξετάσας
1991 2795 2210 2849 εἵσεται.

2726 2897 3122 2957 ΚΕΦΑΛΑῙΟΝ
3173 2899 3248 2951 Z'.

2275 3020 2292 3052 ι
2325 2995 2654 3066 ’Υπελείφθη
2677 2994 2734 3047 δὲ
2758 2991 2950 3046 Ἰακὼϐ
2981 2989 3138 3061 μόνος
3153 3005 3166 3018 ·
3191 2987 3566 3043 καὶνέπάλαιεν
3582 2985 3761 3056 ἀνθρω-

526 3110 690 3166 batur
712 3122 838 3164 cum
884 3122 949 3163 eo
1006 3120 1181 3176 usque
1231 3120 1391 3160 mane
1421 3104 1488 3157 ⁵⁸.
1532 3122 1552 3157 ι
1589 3101 1727 3159 Dein
1770 3110 1895 3173 post
1927 3117 2101 3173 pauca

2213 3109 2302 3156 πος
2337 3092 2450 3162 μετ’
2486 3086 2651 3144 αὑτοῦ
2697 3085 2802 3150 ἓως
2843 3082 3007 3155 πρωί.
3051 3099 3072 3133 ι
3111 3076 3242 3138 Εἶτα
3280 3081 3417 3152 μετά
3479 3078 3671 3151 βραχέα
3701 3078 3764 3129 εί-

527 3199 734 3255 Jacobo
762 3198 980 3253 dicente
1009 3213 1022 3250 :
1065 3213 1083 3246 ι
1120 3192 1239 3249 Non
1264 3193 1537 3249 dimittam
1563 3199 1619 3249 te
1651 3192 1761 3248 nisi
1810 3192 2103 3249 benedixe-

533 3293 612 3346 ris
648 3291 820 3358 mihi,
841 3289 980 3344 dixit
1005 3287 1072 3342 ad
1098 3301 1224 3342 eum
1255 3305 1270 3341 :
1314 3285 1471 3352 Quod
1500 3299 1696 3341 nomen
1719 3292 1803 3340 est
1831 3284 1972 3340 tibi?
1997 3281 2104 3339 Re-

2203 3183 2394 3244 πόντος
2438 3178 2532 3232 τοῦ
2572 3174 2782 3239 Ἰακὼϐ,
2824 3192 2842 3225 ι
2884 3174 2958 3226 Οὐ
3003 3173 3076 3244 μή
3124 3188 3184 3224 σε
3215 3170 3521 3225 ἀποστείλω
3563 3169 3652 3224 ἐὰν
3696 3169 3760 3238 μή

2208 3293 2274 3346 με
2299 3273 2602 3343 εὐλογήσῃς
2619 3310 2633 3334 ,
2661 3289 2679 3321 ι
2713 3269 2874 3339 φησὶν
2904 3267 3042 3340 πρὸς
3067 3265 3248 3320 αὐτόν·
3273 3285 3292 3318 ι
3321 3265 3386 3318 Τί
3412 3264 3581 3336 δνομά
3597 3280 3668 3316 σοι
3685 3280 3698 3327 ;
3715 3261 3765 3315 '0

531 3383 755 3454 spondit
779 3354 1016 3437 :tJacob.
1043 3379 1114 3434 At
1137 3379 1264 3434 ille:
1289 3376 1666 3449 Nequaquam,
1711 3377 1911 3448 inquit,
1935 3375 2103 3432 Jacob

2213 3367 2261 3420 δὲ
2283 3361 2457 3427 εἶπεν,
2488 3361 2700 3416 Ἰακώϐ.
2733 3356 2901 3414 Εἶπεν
2929 3360 2985 3414 δὲ
3016 3360 3182 3431 αὐτῷ·
3212 3358 3408 3414 Οὐκέτι
3438 3354 3625 3411 Ἰακὼϐ
3650 3355 3765 3423 κλη-

531 3471 895 3544 appellabitur
925 3485 1126 3526 nomen
1156 3476 1334 3536 tuum,
1367 3467 1464 3523 sed
1522 3465 1693 3522 Israel
1727 3486 1739 3522 :
1772 3466 2030 3539 quoniam
2063 3465 2111 3522 si

528 3567 723 3615 contra
742 3558 911 3616 Deum
938 3559 1100 3615 fortis
1134 3557 1308 3624 fuisti,
1334 3564 1542 3627 quanto
1584 3557 1760 3630 magis
1791 3563 1982 3611 contra
2011 3554 2114 3609 ho-

531 3654 710 3708 mines
731 3652 1142 3724 praevalebis"!
1191 3671 1207 3703 ι
1230 3650 1297 3704 Et
1327 3659 1453 3721 post
1477 3663 1692 3720 pauca:
1723 3667 1742 3700 ι
1771 3646 1995 3704 Vocavit
2020 3644 2115 3701 Ja-

533 3745 638 3798 cob
671 3759 870 3800 nomen
893 3744 999 3800 loci
1054 3744 1203 3798 illius
1231 3740 1477 3798 Phanuel
1510 3742 1686 3813 (visus
1727 3739 1846 3812 Dei)
1873 3739 2065 3795 dicens
2094 3753 2108 3790 :

533 3833 657 3888 Vidi
688 3834 977 3889 Dominum
1021 3833 1162 3888 facie
1203 3833 1270 3887 ad
1297 3833 1494 3888 faciem
1527 3841 1583 3887 et
1642 3832 1794 3887 salva
1843 3830 1987 3886 facta
2031 3838 2115 3886 est

532 3925 713 3979 anima
742 3940 864 3980 mea
880 3925 946 3979 ⁵⁸.
981 3943 1000 3975 ι
1030 3923 1242 3990 Quibus
1267 3922 1418 3978 addit
1445 3921 1768 3994 Scriptura:
1794 3939 1811 3973 ι
1841 3919 2114 3990 Ortusque

535 4023 621 4070 est
649 4015 699 4070 ei
733 4016 922 4071 statim
949 4016 1052 4080 sol,
1084 4021 1373 4086 postquam
1439 4021 1824 4084 transgressus
1853 4019 1938 4068 est
1973 4010 2116 4064 Pha-

534 4107 664 4162 nuel
700 4106 874 4178 (visus
898 4105 1017 4177 Dei)
1048 4106 1115 4158 ⁸⁸.
1152 4125 1172 4158 ι
1228 4105 1544 4161 Abrahamo
1604 4105 1822 4175 quidem
1879 4105 2113 4174 primum

536 4198 748 4253 somnio
778 4196 1044 4254 Dominus
1079 4197 1490 4266 manifestatur,
1514 4206 1570 4253 et
1598 4198 1797 4268 sapius
1851 4195 2116 4265 colloqui-

537 4294 666 4354 tur;
701 4296 784 4343 ter
812 4287 935 4343 dein
970 4289 1019 4344 ei
1054 4290 1208 4345 visus
1263 4288 1520 4356 refertur,
1569 4303 1678 4344 non
1710 4289 1766 4342 in
1798 4295 1978 4352 nocte,
2022 4287 2114 4341 sed

538 4393 638 4450 per
694 4379 976 4435 meridiem
1036 4381 1225 4448 visus;
1273 4381 1329 4436 in
1363 4383 1527 4439 tertia
1571 4382 1720 4438 enim
1779 4381 2116 4452 apparitione

536 4470 656 4539 ipso
680 4468 982 4526 meridiano
1019 4478 1264 4542 tempore
1295 4473 1417 4543 ejus
1446 4473 1746 4544 hospitium
1775 4472 1992 4542 excipit.
2025 4470 2118 4525 Ja-

535 4559 675 4615 cobo
709 4567 889 4615 autem
921 4562 1160 4630 primum
1214 4562 1435 4632 quidem
1500 4569 1625 4634 post
1672 4561 1807 4618 solis
1859 4576 2115 4618 occasum

536 4649 716 4706 media
743 4659 907 4707 nocte
929 4653 985 4706 in
1011 4655 1243 4710 somniis
1267 4661 1514 4725 apparet,
1575 4655 1633 4708 in
1667 4653 2112 4725 Mesopotamiam

535 4739 913 4806 descendenti,
949 4757 1072 4798 cum
1127 4760 1221 4814 per
1254 4759 1508 4800 somnum
1564 4745 1780 4815 aspexit
1832 4747 2112 4801 cmlestem

536 4830 765 4901 scalam,
815 4834 1146 4904 angelosque
1186 4837 1240 4888 in
1274 4837 1392 4905 ipsa
1421 4835 1782 4891 ascendentes
1810 4844 1864 4892 et
1891 4837 2120 4893 descen-

535 4922 750 4990 dentes,
787 4924 1106 4996 audivitque
1157 4926 1450 4982 Dominum
1508 4928 1759 4983 innixum
1807 4930 1970 4985 scalae
2011 4929 2117 4985 sibi

534 5013 807 5069 dicentem
840 5035 853 5071 :
892 5035 910 5066 ι
951 5016 1063 5087 Ego
1093 5033 1218 5073 sum
1247 5017 1512 5074 Dominus
1541 5019 1686 5076 Deus
1724 5021 2000 5076 Abraham
2020 5037 2118 5092 pa-

537 5105 641 5161 tris
663 5109 744 5163 tui
768 5110 837 5173 ⁶⁰,
879 5129 897 5162 ι
935 5118 988 5164 et
1013 5111 1249 5181 reliqua,
1295 5127 1417 5181 quae
1441 5111 1801 5181 sequentibus
1831 5128 1930 5184 per
1955 5127 2120 5183 ange-

535 5187 649 5252 lum
681 5197 730 5251 ei
758 5195 904 5252 dicta
936 5199 1106 5257 fuisse
1137 5201 1619 5269 demonstrantur;
1676 5203 1914 5259 secunda
1938 5203 2116 5258 mani-

537 5287 757 5344 festatio
783 5290 838 5345 in
876 5290 1264 5363 Mesopotamia
1313 5295 1456 5348 facta
1504 5303 1610 5359 est,
1659 5310 1786 5350 cum
1837 5295 1888 5351 ei
1940 5293 2115 5350 adfuit

539 5381 785 5452 dixitque
841 5381 1127 5449 Dominus,
1166 5393 1226 5439 ut
1285 5392 1772 5457 tetragrammaton
1821 5385 2110 5442 ostendit:

544 5491 564 5525 ι
599 5471 889 5530 Revertere
921 5474 976 5529 in
998 5484 1202 5530 terram
1235 5486 1452 5548 patrum
1496 5487 1742 5544 tuorum,
1773 5487 1826 5535 et
1856 5479 1922 5534 ad
1950 5493 2089 5550 gene

540 5565 808 5621 rationem
833 5575 1002 5629 tuam,
1032 5576 1086 5621 et
1106 5583 1202 5622 cro
1234 5576 1414 5624 tecum
1447 5571 1514 5624 ⁶¹.
1550 5590 1568 5622 ι
1605 5570 1663 5625 In
1690 5572 1898 5627 somnis
1928 5571 1976 5626 ei
2001 5570 2115 5626 haec

540 5662 594 5710 et
622 5670 719 5725 per
741 5656 994 5727 angelum
1027 5657 1277 5713 elocutus
1310 5667 1416 5715 est.
1453 5659 1523 5715 Ut
1548 5668 1602 5715 et
1630 5661 1745 5731 ipse
1762 5661 1922 5717 docet
1950 5659 2112 5716 Jaco-

612 5835 658 5866 ⁸⁸
695 5833 833 5889 Gen.
867 5850 1050 5900 uvu,
1088 5835 1179 5890 29.
1255 5838 1302 5870 ⁸⁸
1340 5836 1519 5892 Galat.
1554 5853 1651 5898 ιιι.
1707 5836 1795 5892 16.

542 5905 632 5960 3|.
707 5907 751 5937 ⁸ο
790 5903 926 5961 Gen.
964 5923 1164 5973 xxvm,
1201 5907 1289 5962 15.
1365 5909 1407 5939 ⁶¹
1448 5907 1582 5962 Gen.
1626 5924 1792 5975 χχχι,
1827 5909 1879 5962 5.

1903 5839 1948 5869 ⁸⁶
1987 5836 2119 5894 Gen.
2161 5852 2334 5896 xxxii.
2391 5836 2480 5890 24.

2213 3458 2433 3528 θήσεται
2473 3454 2533 3507 τὸ
2566 3453 2736 3524 ὄνομα
2767 3470 2883 3517 σου,
2917 3450 3030 3505 ἀλλ’
3071 3451 3286 3523 Ἰσραὴλ
3323 3450 3474 3504 ἔσται
3527 3450 3586 3502 τὸ
3615 3444 3764 3516 ὄνομα

2213 3565 2329 3612 σου,
2360 3547 2441 3600 ὃτι
2473 3546 2760 3616 ἐνίσχυσας
2790 3544 2928 3616 μετά
2973 3543 3138 3609 Θεοῦ,
3183 3545 3278 3598 καὶ
3309 3543 3448 3615 μετὰ
3490 3540 3764 3612 ἀνθρώπων

2210 3642 2446 3705 δυνατός.
2469 3659 2486 3692 ι
2515 3641 2624 3694 Καὶ
2655 3635 2810 3703 αὖθις
2839 3638 2956 3710 μετ’
2982 3637 3187 3707 όλίγαί
3211 3637 3496 3691 Ἐκάλεσεν
3512 3634 3691 3689 Ἰακὼϐ
3713 3632 3763 3684 τό

2211 3735 2380 3805 ὄνομα
2403 3733 2497 3787 τοῦ
2535 3734 2700 3787 τόπου
2731 3731 2940 3785 ἐκείνου
2975 3726 3124 3795 Εἶδος
3153 3728 3287 3784 Θεοῦ
3307 3747 3321 3761 σ
3350 3725 3488 3783 εἶδον
3517 3727 3620 3798 γὰρ
3652 3725 3762 3777 θεὸν

2213 3826 2502 3897 πρόσωπον
2537 3825 2668 3896 πρὸς
2705 3822 3012 3896 πρόσωπον,
3044 3819 3138 3875 καὶ
3166 3820 3342 3891 ἐσώθη
3371 3822 3405 3891 ἡ
3435 3820 3578 3889 ψυχή
3612 3834 3717 3887 μου.
3743 3833 3756 3863 ι

2214 3914 2309 3980 Οἷς
2359 3916 2611 3988 ἐπιφέρει
2664 3915 2945 3984 φάσκουσα
3006 3916 3040 3985 ἡ
3092 3914 3314 3984 Γραφὴ,
3345 3930 3362 3962 ι
3413 3909 3666 3962 Ἀνέτειλε
3716 3905 3760 3956 δὲ

2213 4004 2360 4076 αὐτῷ
2393 4005 2542 4074 ἥλιος
2573 4004 2734 4076 ἡνίκα
2779 4004 3021 4076 παρῆλθε
3055 4004 3114 4056 τὸ
3145 3999 3282 4065 εἶδος
3311 4001 3404 4056 τοῦ
3447 4001 3602 4054 Θεοῦ.
3641 4019 3657 4050 ι
3691 3996 3761 4064 Τῷ

2219 4097 2315 4167 μὲν
2361 4095 2609 4167 Ἀϐραὰμ
2647 4095 2885 4167 ἀρχῆθεν
2924 4094 3072 4166 ὕπαρ
3117 4095 3146 4146 ό
3186 4095 3387 4165 Κύριος
3436 4087 3759 4164 χρηματίζει.

2215 4191 2308 4244 καὶ
2330 4189 2587 4252 πολλάκις
2619 4189 2716 4261 μὲν
2738 4189 3062 4258 διαλέγεται,
3090 4189 3209 4258 τρὶς
3238 4187 3292 4239 δὲ
3315 4186 3464 4256 αὑτῴ
3490 4187 3581 4238 καὶ
3604 4183 3758 4246 ὀφθείς

2215 4281 2646 4354 ἀναγέγραπται,
2677 4283 2771 4335 καὶ
2800 4281 2898 4334 οὐκ
2925 4283 2980 4334 ἐν
3008 4281 3180 4342 νυκτὶ,
3212 4279 3325 4334 ἀλλ’
3353 4281 3410 4331 ἐν
3441 4278 3620 4345 ἡμέρᾳ
3644 4273 3759 4342 μέσῃ

2215 4374 2398 4444 ὀφθείς
2417 4393 2430 4405 ο
2462 4374 2523 4427 τὸ
2553 4373 2682 4444 γοῦν
2706 4373 2887 4446 τρίτον
2914 4373 3006 4426 καὶ
3037 4375 3095 4426 ἐν
3127 4373 3260 4438 αὐτῇ
3295 4364 3609 4437 μεσημϐρίᾳ
3637 4361 3760 4429 αὐτῴ

2215 4461 2586 4532 ἐπιξενοῦταιο
2631 4464 2710 4536 τῷ
2759 4465 2815 4517 δὲ
2871 4462 3062 4517 Ἰακὼϐ
3115 4460 3326 4532 πρῶτον
3392 4458 3490 4528 μὲν
3540 4455 3760 4514 δύναντος

2217 4559 2368 4630 ἡλίου
2402 4561 2459 4612 ἐν
2496 4557 2636 4628 μέσῃ
2670 4557 2826 4610 νυκτὶ
2867 4556 2988 4610 καθ’
3034 4555 3236 4615 ὕπνους
3288 4550 3534 4620 φαίνεται
3574 4547 3682 4600 κατ’
3723 4545 3761 4596 εί

2219 4649 2326 4721 γὰρ
2358 4649 2639 4721 (κατιόντι)
2675 4652 2754 4714 είς
2786 4645 3233 4717 Μεσοποταμίαν,
3254 4645 3339 4696 ὅτε
3368 4643 3426 4696 ὲν
3457 4641 3535 4712 τῷ
3555 4640 3761 4710 ὁράματι

2218 4743 2499 4815 θεωρήσας
2527 4743 2623 4813 τὴν
2656 4739 3092 4814 οὐρανοκλίμακα
3133 4738 3226 4790 καὶ⁹
3256 4737 3378 4798 τοὺς
3409 4733 3761 4788 ἀναϐαίνοντας

2218 4838 2312 4891 καὶ
2349 4839 2473 4900 τοὺς
2517 4835 2940 4896 καταϐαίνοντας
2989 4833 3046 4885 ἐν
3095 4832 3231 4901 αὐτῇ
3275 4828 3557 4897 ἀγγέλους,
3598 4825 3680 4877 τὸν
3719 4821 3762 4873 δὲ

2219 4930 2420 5002 Κύριον
2463 4928 2925 5000 ἐπεστηριγμένον
2967 4928 3051 4979 ἐπ’
3083 4923 3284 4994 αὐτῆς,
3323 4919 3508 4974 ἀκούει
3546 4919 3761 4986 λέγοντος

2219 5000 2366 5094 αὐτῷ
2397 5022 2490 5076 τοῦ
2525 5022 2753 5091 Κυρίου,
2795 5039 2812 5071 ι
2859 5017 2999 5087 Ἐγὼ
3042 5017 3247 5088 Κύριος
3288 5017 3316 5068 ὁ
3363 5013 3496 5076 Θεὸς
3545 5000 3760 5079 Ἀϐραᾶξι

2219 5112 2312 5168 τοῦ
2340 5113 2545 5185 πατρός
2580 5130 2694 5175 σου,
2735 5131 2752 5163 ι
2785 5111 2878 5164 καὶ
2903 5109 2969 5162 τὰ
2994 5108 3173 5172 λοιπὰ,
3210 5107 3246 5160 ἃ
3272 5105 3364 5159 καὶ
3395 5104 3503 5158 ἀπὸ
3529 5102 3631 5154 τῶν
3658 5098 3759 5164 Eii;

2222 5205 2546 5276 παρίσταται
2570 5205 2636 5258 δι’
2667 5203 2897 5272 ἀγγέλου
2931 5199 3078 5269 αὑτῷ
3111 5196 3345 5268 εἰρηκώς
3367 5214 3380 5227 ·
3415 5196 3505 5250 καὶ
3545 5192 3760 5260 δεύτερον

2215 5296 2271 5348 δέ
2294 5298 2350 5348 ἐν
2375 5298 2442 5366 τῇ
2477 5296 2891 5365 Μεσοποταμίᾳ,
2919 5296 3007 5347 ὅτε
3054 5292 3280 5355 ἐπιστὰς
3317 5286 3473 5352 αὖθις
3512 5290 3539 5340 ὁ
3574 5285 3653 5337 διὰ
3683 5280 3756 5334 τοῦ

2217 5386 2638 5457 τετραγράμμου
2661 5385 2984 5457 δηλούμενος
3010 5383 3212 5455 Κύριος
3237 5381 3386 5434 εἶπεν
3405 5379 3568 5449 αὐτῷ’
3591 5396 3607 5428 ι
3629 5376 3755 5426 Ἀπο-

2219 5481 2449 5553 στρέφου
2490 5483 2570 5544 είς
2600 5481 2700 5551 τὴν
2729 5480 2832 5549 γῆν
2870 5479 2978 5532 τῶν
3015 5476 3265 5546 πατέρων
3314 5491 3408 5528 σου
3450 5475 3541 5527 καὶ
3577 5473 3646 5533 είς
3675 5467 3750 5535 τὴν

2217 5573 2410 5640 γενεάν
2442 5573 2662 5636 σου,κα“ι
2688 5571 2880 5641 ἔσομαι
2913 5570 3049 5642 μετά
3084 5569 3196 5622 σοῦ.
3230 5588 3248 5619 ι
3278 5566 3415 5621 Καθ’
3449 5566 3605 5619 ὕπνον
3633 5556 3752 5625 αὑτῷ

2217 5660 2391 5716 ταῦτα
2413 5661 2507 5714 καὶ
2529 5661 2595 5713 δι’
2621 5659 2851 5728 ἀγγέλου
2877 5660 3126 5731 εἴρηκεν·
3156 5659 3230 5723 ὡς
3271 5659 3326 5713 δὲ
3355 5658 3515 5718 αὐτὸς
3534 5659 3560 5710 ό
3594 5647 3750 5707 Ἰακὼό

2595 5837 2638 5867 ⁸⁷
2683 5836 2811 5891 ibid.
2871 5836 3054 5892 26-28.
3160 5838 3205 5868 ⁸⁸
3244 5837 3374 5892 ibid.
3426 5837 3511 5892 30.
3569 5835 3608 5868 ⁸⁹
3642 5826 3747 5887 ibid—
