3954 6516
202 412 330 463 {0:21

1221 412 1520 469 ECLOGAS
1562 415 2041 473 PROPIIETICIE.
2086 452 2149 458 ——
2189 418 2316 474 LIB.
2352 419 2390 474 l.

3309 421 3447 476 10ίῖ

192 529 433 583 διδάσκει
465 530 565 583 ἀνα
598 530 754 600 (ἅμα)
790 530 918 600 γοῦν
946 535 1009 603 τῇ
1040 534 1158 604 θεία
1187 538 1334 605 φωνῇ
1366 536 1461 607 τὴν
1496 538 1658 591 Λείαν
1689 556 1743 591 κε

1849 592 1853 602 ,
1886 541 2008 605 bus,
2044 541 2251 593 vocalis
2280 538 2385 592 Deo
2411 538 2636 606 jubente
2662 537 2864 593 Rachel
2893 546 2946 591 ct
2999 536 3116 600 Lia,
3139 537 3327 606 eisque
3360 538 3446 591 in-

188 621 288 690 τὴν
333 621 532 692 Ῥαχὴλ
578 623 945 688 ἀνακαλέσας,
996 625 1115 695 μεθ’
1145 626 1307 699 ἕτερα
1347 629 1438 681 τὸν
1486 631 1777 701 γενόμενον

188 711 339 783 αὐτῷ
373 715 755 785 χρηματισμὸν
803 716 1109 771 ἀνατίθεται
1158 720 1346 783 αὑταῖς
1382 720 1575 789 λέγων,
1607 742 1624 773 ι
1669 724 1777 776 Καὶ

184 800 310 859 εἶπέ
340 821 434 876 μοι
476 807 504 859 6
539 806 769 876 ἄγγελος
798 807 892 861 τοῦ
923 808 1057 862 Θεοῦ
1106 810 1225 864 καθ’
1265 810 1450 877 ὕπνον,
1497 814 1709 874 Ἰακὼϐ,
1751 835 1770 866 ι

185 900 280 953 καὶ
329 900 403 955 τὰ
447 900 592 973 ἑξῆς,
647 903 706 957 ἐν
754 897 833 968 οἷς
889 921 1073 975 φησιν·
1117 924 1134 955 ι
1179 906 1319 975 Ἐγώ
1351 910 1465 978 εἰμι
1511 909 1539 960 6
1586 909 1716 974 Θεὸς
1746 913 1775 965 ὁ

181 989 373 1059 ὀφθείς
400 1008 479 1043 σοι
502 992 559 1045 ἐν
586 992 735 1063 τόπῳ
755 994 888 1047 Θεοῦ
907 1012 920 1025 ο
948 987 1008 1046 οὕ
1035 995 1259 1066 ἤλειψας
1289 1015 1376 1067 μοι
1404 1000 1521 1052 ἐκεῖ
1549 1000 1771 1073 στήλην,

181 1083 277 1135 καὶ
306 1082 456 1154 ηὕξω
484 1101 572 1153 μοι
600 1086 719 1138 ἐκεῖ
757 1086 921 1158 εὐχήν
941 1106 956 1120 ο
986 1087 1080 1143 νῦν
1122 1084 1213 1142 οὖν
1246 1090 1527 1163 ἀνάστηθι,
1564 1094 1657 1146 καὶ
1688 1094 1774 1160 ἐξ·

176 1172 302 1227 ελθε
334 1176 401 1228 ὲκ
425 1176 525 1246 τῆς
556 1177 662 1248 γῆς
694 1178 918 1250 ταύτης,
954 1182 1047 1235 καὶ
1077 1181 1276 1236 ἄπελθε
1304 1186 1383 1247 είς
1412 1186 1508 1256 τὴν
1543 1186 1644 1257 γῆν
1672 1188 1770 1257 τῆς

174 1265 445 1333 γενέσεώς
486 1286 598 1321 σου.
639 1288 659 1322 ι
692 1271 844 1325 Μετὰ
874 1272 931 1325 δὲ
980 1273 1150 1328 ταῦτα
1188 1276 1581 1347 ὑποστρέψαντι
1622 1279 1770 1350 αὐτῷ

171 1359 286 1413 ἀπὸ
322 1362 422 1432 τῆς
452 1363 875 1435 Μεσοποταμίας
917 1368 1130 1437 πρῶτον
1162 1368 1259 1439 μὲν
1290 1369 1393 1441 ἤδη
1431 1371 1639 1443 πρωΐας
1678 1370 1769 1424 οὕ-

172 1468 277 1521 σης
312 1453 649 1524 συνήντησαν
693 1456 741 1508 οἱ
791 1456 1009 1525 ἄγγελοι
1060 1458 1153 1512 τοῦ
1181 1461 1338 1525 Θεοῦ,
1373 1464 1501 1535 περὶ¹
1552 1457 1627 1517 ὧν
1672 1464 1768 1516 καὶ⁸

167 1539 315 1596 εἶπεθ
344 1563 363 1595 ι
395 1545 725 1619 Παρεμϐολὴ
747 1547 882 1601 Θεοῦ
908 1549 1074 1622 αὕτη’
1109 1571 1125 1603 ι
1154 1554 1247 1605 καὶ
1277 1556 1422 1618 εἰκός
1449 1572 1509 1623 γε
1545 1555 1764 1621 τούτους

165 1635 416 1700 ἐκείνους
444 1632 607 1703 εἶναι,
635 1639 730 1703 οὓς
760 1641 1022 1713 πρότερον
1054 1645 1146 1696 ἐπὶ
1176 1645 1272 1715 τῆς
1299 1646 1561 1717 κλίμακος
1588 1649 1761 1719 ἐωρά-

165 1740 287 1775 κειο
331 1719 453 1778 εἶτα
489 1726 546 1780 δὲ
592 1729 689 1781 καὶ
735 1730 1011 1785 ἀνατέλλει
1055 1734 1201 1805 αύτῷ
1243 1739 1270 1789 6
1312 1736 1569 1808 ἀνωτέρω
1600 1738 1762 1804 δύνας

161 1815 318 1884 ἥλιος
350 1817 490 1887 μετά
520 1818 617 1891 τὴν
660 1823 1078 1894 προεκτεθεῖσαν
1124 1830 1447 1901 περικοπὴν,
1480 1832 1537 1883 ἐν
1635 1832 1760 1901 φαί-

1885 639 1963 685 ter
2032 631 2136 684 alia
2200 631 2542 700 apparitione
2594 646 2714 701 qua:
2772 631 2876 685 sibi
2933 640 3189 693 evenerat
3253 629 3445 686 relata.

1886 741 1903 771 ‹
1944 720 2197 792 Dixitque
2229 722 2455 792 angelus
2486 720 2725 783 Domini,
2779 723 2975 792 inquit,
3002 723 3067 774 ad
3093 735 3178 774 me
3220 720 3272 773 in
3301 734 3447 774 som-

1877 816 1980 880 nis,
2011 815 2200 871 dicens
2234 815 2439 871 :Jacob
2469 817 2538 882 ⁶²;
2577 834 2595 868 ι
2628 822 2683 871 et
2731 822 2949 879 caetera,
2997 812 3049 867 in
3094 812 3292 883 quibus
3326 814 3401 865 ait
3431 830 3445 865 :

1882 926 1899 958 ι
1938 907 2050 978 Ego
2080 924 2201 963 sum
2230 906 2372 963 Deus
2401 908 2554 963 visus
2582 908 2677 963 tibi
2719 908 2774 962 in
2808 910 2926 961 loco
2980 906 3094 970 Dei,
3122 905 3214 959 ubi
3241 904 3445 959 tinxisti

1875 1000 2130 1071 lapidem,
2163 1010 2217 1055 et
2240 1010 2425 1055 votum
2450 1001 2646 1057 vovisti
2677 1000 2830 1057 mihi.
2860 1001 3017 1056 Nunc
3040 1018 3170 1072 ergo
3199 1017 3360 1072 surge
3389 1010 3442 1056 et

1872 1092 2129 1162 egredere
2154 1092 2221 1147 de
2246 1100 2390 1149 terra
2424 1093 2557 1158 hac,
2590 1102 2861 1149 revertere
2896 1095 2950 1148 in
2987 1104 3183 1149 terram
3246 1096 3445 1149 nativi-

1872 1184 2004 1240 tatis
2034 1194 2141 1240 tuze
2169 1186 2232 1239 ⁸³.
2274 1206 2292 1238 ι
2331 1186 2463 1241 Post
2492 1187 2607 1242 hazc
2636 1203 2766 1243 vero
2801 1189 3094 1243 revertenti
3128 1204 3157 1243 e
3193 1188 3442 1258 MeSOpo—

1871 1278 2036 1331 tamia
2066 1278 2242 1348 primo
2265 1294 2423 1333 mane
2444 1279 2658 1333 obviam
2687 1278 2908 1335 fuerunt
2938 1281 3111 1350 angeli
3138 1278 3351 1333 Domini
3378 1279 3443 1333 de

1870 1368 2069 1437 quibus
2096 1377 2150 1423 et
2179 1368 2317 1422 dixit
2353 1385 2365 1419 :
2405 1388 2423 1421 ι
2456 1368 2648 1425 Castra
2678 1370 2774 1426 Dei
2818 1381 2946 1427 sunt
2976 1372 3090 1426 haec
3122 1371 3187 1425 “.
3226 1390 3246 1423 ι
3288 1370 3442 1425 Veri-
3470 1414 3475 1417 ς

1868 1459 2049 1515 simile
2075 1469 2159 1516 est
2186 1459 2288 1517 hos
2311 1476 2455 1527 esse,
2488 1477 2627 1531 quos
2656 1464 2809 1532 prius
2864 1479 3027 1532 super
3060 1463 3261 1518 scalam
3293 1462 3442 1517 vide-

1866 1561 1971 1610 rat.
2002 1554 2203 1611 Deinde
2232 1556 2407 1610 oritur
2430 1556 2506 1610 illi
2534 1557 2615 1612 sol
2647 1573 2709 1611 ex
2752 1557 2861 1611 alto
2916 1564 3037 1628 post
3066 1557 3441 1626 supradictum

1867 1647 2069 1711 locum,
2098 1648 2154 1701 in
2188 1663 2297 1718 quo
2322 1647 2538 1704 videtur
2565 1663 2689 1704 cum
2712 1663 2778 1703 eo
2802 1650 3044 1705 luctatus
3074 1665 3169 1720 per
3188 1664 3439 1704 somnum

1864 1739 1957 1809 qui
1988 1739 2051 1793 ad
2085 1756 2208 1793 eum
2232 1739 2370 1794 dixit
2401 1757 2412 1790 :
2459 1758 2475 1790 ι
2512 1739 2867 1811 Nequaquam
2915 1739 3084 1796 Jacob
3138 1740 3439 1812 appellabi-

1865 1839 1954 1883 tnr
1994 1845 2195 1885 nomen
2230 1838 2407 1895 tuum,
2462 1831 2558 1887 sed
2606 1830 2797 1897 Israel,
2853 1832 3112 1903 quoniam
3164 1833 3209 1887 si
3244 1841 3438 1886 contra

158 1923 313 1959 νεται
337 1908 584 1969 παλαίων
611 1912 758 1984 αύτῷ
785 1914 906 1967 καθ’
934 1915 1134 1982 ὕπνους
1156 1921 1184 1972 ὀ
1211 1921 1385 1992 φήσας
1414 1922 1550 1993 πρὸς
1575 1925 1743 1978 αὐτόν

1863 1922 2031 1978 Deum
2059 1923 2218 1979 fortis
2256 1923 2433 1989 fuisti,
2460 1932 2666 1994 quanto
2721 1924 2897 1994 magis
2952 1932 3140 1978 contra
3188 1923 3438 1979 homines

162 2016 180 2048 ι
216 1999 419 2054 Ούκέτι
457 2000 787 2075 κληθήσεται
828 2007 887 2060 τὸ
923 2006 1094 2080 ὄνομά
1132 2029 1223 2064 σου
1260 2013 1471 2078 Ἰακὼϐ,
1496 2016 1612 2069 ἀλλ’
1648 2018 1746 2071 Ἰσ-

155 2089 299 2160 ραὴλ
333 2091 486 2146 ἔσται
530 2095 592 2148 τὸ
632 2095 807 2169 ὄνομά
846 2117 959 2165 σου,
1003 2103 1084 2155 ὅτι
1117 2104 1402 2177 ἐνίσχυσας
1440 2108 1579 2177 μετὰ
1618 2110 1754 2166 Θεοῦ

154 2181 251 2233 καὶ
284 2182 428 2252 μετά
456 2184 756 2256 ἀνθρώπων
784 2188 1026 2254 δυνατός.
1063 2212 1081 2243 ›
1110 2192 1261 2247 Μετὰ
1287 2195 1418 2263 γοῦν
1449 2196 1547 2267 τὴν
1586 2198 1755 2252 ὀπτα-

153 2273 278 2325 σίαν
303 2275 577 2330 ἀνέτειλεν
615 2279 765 2350 αὐτῷ
796 2283 824 2334 6
850 2282 1031 2353 ἥλιος·
1069 2286 1170 2358 ἥδη
1198 2287 1254 2339 δὲ
1290 2288 1621 2359 προκόψαντι
1661 2292 1752 2344 καὶ

150 2365 494 2423 τελειωθέντι
526 2371 708 2425 οὐκέτι
752 2374 875 2427 καθ’
908 2374 1129 2441 ὕπνους,
1163 2377 1260 2432 ἀλλ
1277 2366 1433 2433 ”οὕδὲ
1472 2382 1529 2433 ὲν
1570 2382 1746 2448 νυκτὶ,

148 2460 272 2513 οὐδὲ
301 2462 371 2515 δι’
400 2464 654 2533 ἀγγέλου,
677 2467 796 2521 οὐδὲ
837 2468 942 2540 μὴν
982 2470 1051 2523 δι’
1085 2470 1425 2543 ἀνθρωπίνου
1467 2474 1660 2539 εἴδους,
1689 2474 1748 2526 ἐν

151 2548 294 2621 μέση
324 2551 382 2604 δὲ
416 2553 601 2627 ἡμέρᾳ
646 2558 738 2609 καὶ
785 2560 924 2626 φωτὶ
971 2562 1323 2632 χρηματίζων
1371 2564 1520 2635 αὐτῷ
1555 2568 1583 2619 6
1614 2565 1746 2631 Θεός

146 2654 339 2712 φησιν’
387 2662 403 2694 ι
457 2645 740 2713 Ἀναστὰς,
775 2649 1007 2722 ἀνάϐηθι
1056 2655 1136 2717 είς
1181 2655 1273 2709 τὸν
1310 2655 1476 2711 τόπον
1522 2657 1743 2740 Βαιθὴλ,

144 2734 240 2786 καὶ
273 2733 415 2788 οἴκει
445 2737 589 2790 ἐκεῖ·
630 2758 651 2792 ι
687 2741 779 2794 καὶ
813 2744 907 2797 ἐπὶ
939 2744 1150 2809 τούτοις
1194 2749 1329 2801 πᾶσι
1366 2748 1487 2803 τότε
1530 2733 1749 2821 πρῶτον

142 2828 173 2895 ἠ
208 2826 333 2880 θεία
364 2829 555 2902 Γραφὴ
602 2840 875 2908 μαρτυρεῖ
920 2838 999 2891 ὅτι
1043 2838 1197 2911 ὤφθη
1244 2841 1393 2912 αύτῷ
1437 2844 1465 2895 6
1511 2842 1642 2907 Θεὸς
1683 2845 1742 2897 ὲν

140 2921 345 2985 Λουζᾶ,
377 2924 472 2977 καὶ
518 2924 811 2997 εὐλόγησεν
854 2930 1015 2983 αὑτὸν
1059 2932 1233 3000 λέγων
1275 2933 1345 2986 τὰ
1388 2936 1741 3007 ἀναγεγραμ-

143 3011 306 3079 μένα.
346 3011 409 3084 (f.
427 3014 515 3087 Η)
532 3018 849 3090 Ζητήσομεν
868 3020 912 3072 δ’
934 3022 1025 3074 ἐπὶ
1046 3024 1237 3094 σχολῆς
1262 3025 1379 3090 πῶς
1407 3028 1542 3098 μετά
1568 3029 1741 3084 ταῦτα

142 3103 392 3171 μέλλοντι
422 3106 570 3178 αύτῷ
602 3111 848 3164 κατιέναι
893 3114 972 3177 είς
1012 3115 1285 3183 Αἴγυπτον
1319 3118 1479 3171 πάλιν
1520 3121 1578 3173 ὲν
1606 3122 1739 3193 ὁρά-

141 3213 275 3265 ματι
306 3200 403 3251 καὶ
431 3199 517 3253 διὰ
546 3202 739 3265 νυκτὸς
775 3207 803 3257 6
841 3205 973 3270 Θεὸς
1004 3203 1174 3261 εἶπενο
1205 3229 1223 3260 ι
1254 3211 1346 3280 Μὴ
1381 3211 1545 3281 φοϐοῦ
1572 3230 1738 3267 κατα-

1862 2015 2288 2085 ριθαενιιιεῦἰεθδι
2336 2036 2353 2067 ι
2409 2015 2541 2072 Post
2590 2016 2757 2088 igitur
2795 2016 3081 2077 visionem,
3132 2016 3317 2071 statim
3356 2017 3438 2070 sol

1861 2117 2015 2163 ortus
2053 2116 2139 2164 est
2187 2110 2258 2164 ei.
2323 2108 2619 2180 Postquam
2662 2117 2842 2165 autem
2898 2108 3210 2179 profecerit,
3253 2108 3434 2179 perfe-

1859 2207 2091 2270 ctusque
2115 2198 2303 2267 fuerit,
2335 2201 2448 2270 jam
2472 2216 2579 2256 non
2632 2202 2686 2256 in
2723 2202 2956 2265 somnis,
3020 2217 3196 2272 neque
3246 2209 3433 2265 noctu,

1857 2307 2035 2364 neque
2065 2308 2162 2363 per
2192 2295 2467 2365 angelum,
2500 2309 2676 2365 neque
2712 2294 2815 2351 sub
2832 2294 3015 2365 specie
3044 2294 3304 2359 humana,
3336 2294 3435 2351 sed

1856 2385 1925 2448 in
1945 2384 2127 2442 medio
2149 2386 2257 2453 die,
2289 2388 2410 2443 luce
2444 2388 2499 2442 in
2526 2387 2739 2453 media,
2768 2386 2915 2442 Deus
2960 2386 3079 2456 ipse
3104 2384 3429 2442 manifesta~

1856 2485 1946 2532 tur
1976 2478 2048 2543 ei,
2080 2479 2270 2535 dicens
2295 2496 2307 2531 :
2349 2498 2367 2532 ι
2405 2478 2600 2553 Surge,
2632 2487 2688 2536 et
2717 2479 2950 2536 ascende
2972 2478 3177 2543 Betbel,
3202 2486 3257 2533 et
3282 2478 3435 2532 habi-

1856 2583 1911 2628 ta
1946 2574 2021 2629 ibi
2053 2574 2117 2629 ⁸⁸.
2157 2593 2177 2627 ι
2215 2576 2394 2645 Atque
2424 2582 2550 2646 post
2604 2576 2719 2631 haec
2750 2576 2955 2640 omnia,
3008 2582 3139 2631 tunc
3194 2574 3430 2644 primum

1853 2665 2037 2720 divina
2062 2664 2344 2736 Scriptura
2376 2674 2611 2721 testatur
2638 2665 2744 2736 ipsi
2776 2665 2944 2720 Deum
2975 2665 3151 2722 visum
3183 2662 3353 2719 fuisse
3377 2663 3431 2717 in

1853 2757 2020 2823 Luna,
2050 2758 2144 2829 qui
2172 2765 2228 2814 et
2260 2758 2537 2815 benedixit
2566 2759 2666 2823 illi,
2685 2759 2929 2829 dixitque
2949 2773 3012 2813 ea
3034 2772 3156 2829 qua:
3178 2758 3430 2812 referun-

1853 2861 1961 2907 tur.
2020 2851 2341 2919 Quaaremus
2374 2861 2555 2909 autem
2613 2852 2789 2908 otiose
2844 2852 3119 2923 quomodo
3170 2852 3428 2921 deinceps

1849 2945 1922 3008 ei,
1958 2960 2084 3000 cum
2118 2943 2174 3000 in
2196 2943 2493 3017 Egyptum
2543 2945 2875 3001 descendere
2933 2952 3172 3015 pararet,
3232 2959 3427 2998 rursus

1850 3037 1905 3091 in
1935 3038 2147 3094 visione
2167 3048 2438 3094 nocturna
2468 3038 2612 3095 Deus
2626 3039 2824 3094 dixerit
2856 3055 2909 3092 ε(
2945 3037 3066 3093 Noli
3087 3037 3303 3101 timere,
3328 3038 3424 3092 de-

1849 3131 2052 3187 scende
2090 3131 2147 3187 in
2195 3130 2490 3204 Egyptum
2534 3133 2595 3185 ⁸⁷.
2656 3151 2674 3185 ι
2720 3131 2845 3187 Haec
2903 3131 3067 3187 nobis
3109 3130 3425 3188 necessario

1848 3223 2253 3294 perpendenda.
2284 3224 2591 3280 Ostendunt
2625 3225 2769 3279 enim
2793 3224 2938 3296 quod
2980 3240 3091 3280 non
3114 3224 3293 3288 facile,
3326 3238 3426 3279 nec

138 3287 302 3360 ϐῆναι
332 3293 415 3355 είς
445 3293 741 3361 Αἴγυπτον.
785 3317 804 3349 ι
833 3299 1019 3353 Ταῦτα
1049 3301 1104 3354 δὲ
1134 3304 1263 3373 ἡμῖν
1294 3307 1605 3373 ἀναγκαίως
1640 3327 1742 3362 πα-

1849 3313 2022 3369 cuivis
2053 3313 2336 3369 hominum
2364 3314 2534 3371 Deum
2579 3318 2756 3370 visum
2794 3314 2968 3371 fuisse
3017 3314 3200 3371 divina
3234 3321 3423 3369 narrat

137 3381 483 3450 ρατέθειται·
520 3387 791 3443 δείκνυσιν
817 3392 923 3462 γὰρ
952 3393 1033 3446 ὃτι
1087 3396 1161 3467 μὴ
1190 3397 1431 3468 εὐχερῶς
1491 3400 1610 3470 μηδ’
1647 3402 1742 3454 ἐπὶ

133 3473 243 3528 τῶν
270 3476 548 3547 τυχόντων
577 3480 788 3561 ἀνδρῶν
819 3485 851 3555 ἡ
891 3484 1010 3538 θεία
1042 3487 1081 3538 Γ
1087 3488 1232 3558 ραφὴ
1269 3487 1360 3542 τὸν
1390 3490 1522 3544 Θεὸν
1557 3488 1739 3561 ὦφθαι

135 3564 377 3639 ἱστορεῖ·
416 3568 529 3623 οὔτ’
562 3567 657 3625 οῦν
690 3560 786 3627 ὲπῖ
823 3574 916 3628 τοῦ
957 3578 1145 3649 Ἀδὰμ,
1178 3578 1288 3633 οὔτ’
1318 3581 1410 3633 ἐπὶ
1450 3582 1545 3635 τοῦ
1575 3601 1740 3654 μετα-

131 3658 387 3724 τεθέντος
426 3662 615 3734 Ἑνὼχ,
655 3667 772 3721 ἀλλ’
798 3668 907 3721 οὐδ’
944 3670 1035 3722 ἐπὶ
1074 3670 1169 3724 τοῦ
1214 3671 1357 3737 Νῶε,
1388 3674 1495 3726 οὐδ’
1525 3676 1611 3727 ἐπ’
1641 3676 1739 3728 αύ-

130 3749 227 3803 τοῦ
253 3752 540 3818 Μωῦσέως
565 3760 860 3830 τετήρηται
886 3761 967 3814 ὄτι
991 3760 1147 3834 ὤφθη
1162 3765 1269 3817 τινὶ
1284 3765 1490 3820 τούτων
1521 3768 1548 3820 6
1580 3768 1731 3834 Θεὸς,

132 3843 380 3912 καίτοιγε
428 3847 691 3913 πολλάκις
744 3853 927 3916 αὐτοῖς
968 3853 1257 3925 διειλέχθαι
1305 3859 1733 3933 ἀναγεγραμμέ-

132 3951 219 3998 νος
240 3952 253 3965 ·
286 3937 403 4023 ἀλλ’
432 3939 541 3993 οὐδ’
593 3942 686 3995 ἐπὶ
728 3944 847 4008 ἑνός
892 3962 955 4014 γε
996 3946 1154 4001 ἄλλου
1188 3953 1216 4004 6
1250 3951 1393 4016 θεῖος
1437 3954 1609 4023 Λόγος
1642 3955 1735 4010 τὸν

130 4028 263 4083 Θεὸν
305 4022 490 4099 ὦφθαι
543 4034 774 4103 εἰσάγει,
809 4037 962 4108 ἢὲπὶ
1012 4042 1173 4111 μόνου
1217 4044 1312 4097 τοῦ
1354 4046 1605 4118 Ἥϐραάμ
1637 4049 1733 4101 κιαι)⁸

131 4119 222 4172 τοῦ
253 4122 445 4177 Ἰσαὰκ
471 4126 566 4179 καὶ
595 4126 688 4180 τοῦ
722 4129 913 4183 Ἰακώϐ
934 4147 948 4162 ·
981 4134 1075 4186 καὶ
1101 4135 1193 4187 ἐπὶ
1222 4136 1321 4207 μὲν
1352 4138 1446 4191 το⁶ῦ
1482 4140 1732 4214 Ἀϐραὰμ

132 4212 190 4263 οὕ
220 4214 367 4307 κατά
407 4216 498 4271 τὸν
541 4220 759 4292 πρῶτον
791 4224 941 4295 αὕτῷ
966 4232 1345 4302 χρηματισμὸν
1379 4232 1556 4307 ὤφθη,
1582 4212 1729 4293 ἀλλά

132 4303 272 4358 κατά
299 4303 394 4359 τὸν
422 4308 671 4384 δεύτερον
716 4317 809 4369 καὶ
840 4317 982 4371 κατά
1015 4320 1105 4373 τὸν
1135 4322 1380 4393 πέμπτον
1413 4327 1507 4379 καὶ
1536 4328 1692 4383 ἕκτον
1711 4349 1723 4361 ·

133 4394 224 4489 ἐπὶ
260 4396 320 4489 δὲ
359 4397 453 4452 τοῦ
505 4401 698 4457 Ἰακὼϐ
729 4408 867 4477 μετά
903 4409 970 4463 τά
1008 4412 1473 4489 ἀναγεγραμμένα
1514 4425 1720 4479 πάντα·

1847 3402 2152 3474 Scriptura.
2214 3404 2403 3475 Neque
2432 3407 2578 3461 enim
2608 3406 2838 3472 Adamo,
2879 3422 3057 3477 neque
3099 3407 3285 3462 Enoeh
3318 3408 3416 3469 illi,

1840 3496 1935 3567 qui
1985 3498 2285 3554 translatus
2328 3508 2432 3564 est,
2490 3515 2667 3570 neque
2696 3500 2830 3563 Noe,
2874 3515 3051 3571 neque
3084 3500 3187 3571 ipsi
3244 3500 3416 3572 Moysi

1841 3589 2016 3646 fertur
2031 3592 2352 3661 apparuisse
2375 3591 2539 3658 Deus,
2568 3593 2671 3648 etsi
2692 3593 2893 3663 saepius
2914 3594 2997 3649 eis
3027 3593 3418 3649 locutumesse

1839 3690 2089 3737 narrant.
2123 3683 2199 3740 De
2238 3685 2389 3741 nullo
2422 3685 2568 3740 enim
2599 3685 2819 3742 divinus
2850 3701 3033 3742 sermo
3082 3686 3259 3742 visum
3295 3702 3419 3742 esse

1838 3772 2010 3830 Deum
2040 3774 2230 3841 refert,
2268 3776 2376 3833 nisi
2404 3775 2473 3833 de
2524 3778 2643 3833 solo
2665 3778 2998 3844 Abrahamo,
3031 3787 3088 3835 et
3119 3777 3330 3841 Isaaco,
3362 3787 3416 3834 et

1835 3863 2061 3921 Jacobo.
2091 3866 2404 3923 Abrahamo
2438 3869 2656 3939 quidem
2691 3872 2801 3926 n’on
2863 3871 2917 3925 in
2966 3875 3140 3943 prima
3184 3870 3416 3927 manife-

1837 3958 2079 4015 statione
2101 3960 2253 4016 visus
2281 3968 2386 4025 est,
2417 3961 2512 4017 sed
2546 3961 2806 4028 secunda,
2837 3963 3028 4034 quinta
3046 3970 3097 4018 et
3112 3970 3265 4021 sexta
3287 3982 3300 4029 ;
3323 3961 3416 4018 Ja-

1833 4051 1973 4107 cobo
2006 4061 2187 4107 autem
2219 4052 2273 4106 in
2320 4054 2576 4111 omnibus
2607 4071 2729 4126 quae
2782 4064 3187 4126 memorantur;
3222 4056 3412 4113 lsaaco

1833 4143 1918 4200 bis
1950 4153 2160 4200 tantum
2219 4146 2483 4204 Dominus
2535 4148 2946 4215 manifestatus,
2996 4149 3083 4205 bis
3126 4150 3279 4206 visus
3328 4150 3410 4205 di-

1831 4237 1995 4303 citur,
2048 4247 2102 4295 et
2133 4240 2434 4296 secundum
2469 4242 2688 4312 quidem
2719 4250 2905 4298 noctu.
2946 4240 3294 4297 Manifestum
3324 4250 3410 4296 est

1832 4330 1899 4385 iis
1922 4346 2045 4401 qua:
2073 4332 2185 4402 jam
2216 4333 2285 4388 de
2313 4333 2626 4389 Abrahamo
2677 4334 2938 4399 diximus,
2990 4333 3136 4404 quod
3170 4350 3279 4388 non
3338 4332 3409 4387 ad

1827 4426 2059 4495 primam
2112 4442 2338 4483 causam
2385 4428 2628 4486 visiones
2658 4436 2789 4483 sunt
2833 4427 3155 4493 referendae,
3211 4425 3307 4482 sed
3337 4425 3407 4480 ad

242 4488 357 4598 γὰρ
391 4490 595 4598 Ἰσαάκῇ
619 4496 699 4562 δὶς
751 4500 910 4569 μόνος
954 4487 1303 4576 χρηματίσας
1410 4513 1614 4585 Κύριος
1661 4517 1723 4571 τὸ

1849 4520 2073 4575 Iivinum
2097 4519 2361 4590 Verbum,
2401 4524 2545 4594 quod
2568 4524 2817 4593 accipere
2862 4523 3103 4578 nondum
3148 4521 3406 4575 valebant

128 4578 208 4643 δὶς
238 4578 604 4684 ὤφθαααύ-τῷ
631 4590 1061 4665 ἀναγέγραπται,
1097 4600 1145 4652 εί
1179 4602 1273 4654 καὶ
1297 4602 1356 4655 τὸ
1382 4578 1630 4679 δεύτερον
1661 4610 1721 4663 ὲν

1849 4611 1971 4665 ieati
2000 4610 2282 4682 divinique
2304 4578 2575 4669 homines.
2614 4578 2712 4667 llis
2739 4612 2908 4684 igitur
2938 4613 3097 4683 ipsis,
3123 4613 3327 4684 quibus
3350 4620 3406 4667 et

129 4673 604 4773 πηκτὰ-Πρόδηλον
627 4680 682 4734 δὲ
709 4684 819 4738 ἀπὸ
852 4686 960 4740 τῶν
996 4690 1138 4745 κατὰ
1168 4694 1259 4747 τὸν
1296 4668 1552 4770 Ἀϐραὰμ.
1580 4720 1715 4773 προ-

1849 4702 1979 4757 νίευε
2036 4703 2208 4759 fuisse
2240 4705 2425 4761 dictus
2466 4712 2571 4772 est,
2619 4721 2730 4759 non
2763 4708 2885 4762 sine
2914 4707 3087 4761 multa
3127 4706 3399 4762 exercita-

127 4764 434 4870 ειρημένων
451 4770 615 4870 ημῖν,
639 4773 719 4827 ὅτι
750 4776 824 4848 μὴ
858 4780 951 4834 ἐπὶ
979 4782 1041 4835 τὸ
1075 4784 1291 4855 πρῶτον
1318 4764 1486 4845 αἴτιον
1506 4764 1715 4864 ⁷ἀναιρέ-

1849 4796 1973 4851 ione
2023 4799 2415 4868 praeparatoria
2466 4798 2849 4855 manifestatus
2902 4808 3007 4856 est.
3043 4799 3178 4867 Quis
3236 4801 3404 4870 igitur

276 4858 505 4963 χρὴτάς
530 4863 812 4963 όπτασίας,
856 4871 974 4925 ἀλλ’
1005 4875 1097 4929 ἐπὶ
1140 4876 1229 4930 τὸν
1260 4878 1402 4935 θεῖον
1439 4858 1713 4954 Λόγονξὸν

1849 4889 1964 4943 lius
1996 4905 2119 4946 esse
2150 4900 2357 4962 posset,
2388 4892 2481 4963 qui
2508 4892 2609 4947 hoc
2658 4892 2713 4947 in
2740 4893 2861 4949 loco
2890 4894 3221 4949 colluctatur
3270 4909 3396 4947 cum

124 4947 243 5000 οὐδὲ
277 4950 443 5047 αὕτόν
471 4953 669 5024 (αὐτοί)
705 4976 791 5013 πω
823 4968 1022 5035 χωρεῖν
1054 4961 1155 5021 οἷοί
1181 4988 1237 5023 τε
1276 4967 1416 5043 ἦσαν
1451 4977 1498 5028 οί
1527 4947 1713 5047 ,μακά-

126 5055 229 5132 ριοι
266 5042 364 5094 καὶ
404 5043 535 5098 θεῖοι
569 5048 787 5121 ἄνδρες·
824 5056 1036 5122 τούτοις
1087 5060 1217 5129 γοῦν
1264 5066 1467 5131 αὐτοῖς,
1503 5063 1583 5132 οἷς
1616 5074 1710 5123 καὶ

120 5121 301 5231 εὼφθαι
362 5139 722 5231 π-ροείρηται,
776 5148 913 5215 μετά
972 5121 1230 5220 πλείστας
1295 5121 1714 5231 προγύμνάσίᾶξ

124 5222 349 5293 ἑωρᾶτο.
369 5227 481 5327 (fit;
516 5230 580 5304 δὴ
614 5234 723 5308 (ἂν)
767 5235 858 5292 οῦν
904 5242 1063 5307 ἄλλος
1093 5247 1177 5317 εἴη
1228 5222 1391 5304 καὶ-ὀ
1415 5222 1575 5306 ’κᾷτά

122 5319 493 5414 προκειμένην
530 5328 834 5401 περικοπὴν
886 5336 1243 5404 συμπαλαίων
1288 5355 1381 5394 και
1417 5360 1713 5414 συναγωνι-

122 5404 347 5505 ζόμενος
391 5412 486 5464 κα)⁹
525 5414 763 5489 ὡσπερεὶ
805 5428 1108 5497 συμμαχῶν
1138 5431 1216 5501 τῷ
1255 5433 1469 5498 Ἰακὼϐ,
1499 5436 1529 5505 ἢ
1614 5458 1710 5492 1:0-

124 5500 389 5601 Ztuuspd'ig-
422 5505 515 5601 καὶ
561 5510 913 5583 πολυτρόπως
957 5522 1070 5583 τοῖς
1119 5527 1355 5597 πατράσι
1404 5500 1639 5601 λαλησας
1680 5533 1708 5583 ό

126 5587 265 5660 ἱερὸς
295 5594 391 5648 τοῦ
422 5596 559 5652 Θεοῦ
598 5604 789 5673 Λόγος,
824 5609 980 5678 μόνος
1021 5614 1159 5678 μετά
1200 5587 1290 5671 τὸν
1330 5587 1547 5692 Πατέρά
1590 5587 1705 5677 ἰξύ-

192 5775 248 5844 ⁶ῗγ
276 5772 412 5830 Gen.
438 5794 591 5844 xxxx,
628 5784 683 5839 ll

130 5843 171 5873 ⁸³
208 5843 373 5901 Hebr.
414 5864 465 5914 ι,
506 5850 555 5904 1.

1819 4978 2025 5036 Jacobo
2054 4986 2213 5053 quasi
2248 4984 2451 5040 athleta
2480 4994 2535 5041 et
2584 4994 2876 5058 pugnator,
2907 4990 3012 5044 nisi
3047 4989 3274 5060 hicipse
3303 4990 3398 5059 qui

1821 5074 2101 5131 multoties
2124 5077 2410 5144 etfdivcrsa
2441 5081 2653 5136 ratione
2683 5083 2926 5151 patribus
2944 5084 3151 5139 nostris
3176 5084 3397 5138 loeutus

1820 5174 1904 5221 est
1940 5167 2008 5231 ⁸⁸,
2074 5178 2327 5224 sanctum
2376 5171 2469 5226 Dei
2519 5172 2780 5240 Verbum,
2827 5177 2978 5231 solus
3012 5184 3136 5247 post
3180 5175 3395 5229 Patrem

1820 5258 2087 5317 Dominus
2118 5269 2172 5317 ct
2213 5263 2378 5329 Deus,
2416 5266 2510 5335 qui
2534 5268 2687 5322 visus
2734 5276 2788 5322 et
2817 5267 3150 5323 benedicens
3191 5265 3397 5319 Jacobo

1817 5350 1985 5407 Israel
2003 5368 2127 5406 eum
2154 5355 2475 5419 nominavit,
2500 5358 2708 5413 addens
2735 5374 2747 5408 :
2785 5378 2803 5409 ι
2827 5358 3030 5413 Contra
3066 5357 3233 5411 Deum
3285 5356 3398 5411 for-

1816 5442 1887 5497 tis
1915 5442 2104 5498 fuisti?
2130 5463 2148 5497 ›
2184 5445 2261 5499 Eo
2291 5454 2472 5501 autem
2505 5446 2669 5503 modo
2701 5447 2959 5503 videbant
3008 5448 3180 5502 divini
3212 5448 3393 5502 nomi-

1814 5551 1913 5590 nes
1942 5535 2035 5591 Dei
2065 5534 2326 5603 Verbum,
2351 5554 2464 5609 quo
2514 5548 2567 5593 et
2598 5538 2896 5596 Salvatoris
2927 5542 3103 5598 nostri
3134 5541 3389 5611 apostoli,

1812 5627 2096 5683 dicentes:
2142 5649 2161 5681 ι
2200 5630 2357 5696 Quod
2397 5631 2498 5687 fuit
2524 5631 2593 5687 ab
2626 5632 2805 5699 initio,
2857 5633 3003 5704 quod
3051 5634 3386 5697 audivimus,

790 5787 835 5820 9’
878 5790 1005 5845 ibid.
1084 5794 1164 5850 l3.
1245 5801 1290 5831 θ*
1329 5800 1461 5857 Gen.
1530 5818 1713 5870 xxx",
1756 5805 1809 5859 ἢ.
1891 5808 1933 5838 ⁸⁵
1973 5806 2103 5865 ibid.
2136 5810 2226 5867 28.
2307 5811 2350 5843 ⁸⁸
2391 5810 2524 5868 Gcn.
2560 5829 2721 5881 xxxv,
2764 5817 2813 5870 l.
2893 5816 2936 5849 ⁸⁷
2977 5814 3114 5873 Gen.
3144 5828 3292 5879 XLVI,
3327 5812 3383 5867 5.
