3954 6530
566 459 703 515 1645

1258 458 1538 531 πείθου
1576 458 2047 517 ωεΑιιιεΝειε
2088 465 2099 514 4

2202 464 2235 521 ³.
2280 460 2458 520 PARS
2499 454 3081 514 III.-—EXEGETICA.

3635 449 3751 530 aqu

561 577 705 646 quod
765 579 990 633 vidimus
1040 579 1213 634 oculis
1264 580 1487 647 nostris,
1540 581 1684 652 quod
1714 584 2091 652 perspeximus

2221 601 2330 655 ριος
2359 582 2451 637 καὶ
2474 581 2603 644 Θεὸς
2638 577 3010 651 χρηματίζων,
3035 576 3093 639 ὃς
3117 574 3211 629 καὶ
3243 572 3537 641 εὐλογήσας
3572 570 3650 622 τὸν
3671 573 3755 623 Ἰαο

559 681 612 724 et
665 685 856 727 manus
915 680 1112 729 nostrae
1170 680 1646 730 contrectaverunt
1709 675 1779 729 de
1828 676 1991 730 verbo
2036 676 2118 730 vi-

557 770 626 816 ta:
656 763 718 814 ε’.
751 782 772 815 ι
827 762 976 830 Quod
1009 763 1245 820 Verbum
1274 775 1329 822 et
1361 766 1526 821 vitam
1577 781 1701 821 cum
1743 767 2116 836 conspexisset

553 850 812 920 Iacobus,
839 858 1010 912 dixit:
1052 878 1068 911 ι
1109 857 1230 914 Vidi
1252 860 1396 914 enim
1431 858 1599 915 Deum
1632 858 1771 916 facie
1800 858 1866 914 ad
1900 857 2113 923 faciem,

553 954 606 1000 et
634 946 838 1002 salvata
869 958 953 1003 est
984 950 1165 1005 anima
1197 966 1313 1007 mea
1340 952 1408 1005 ⁷⁸.
1451 970 1469 1003 ι

2221 673 2336 729 κὼϐ
2377 672 2589 745 Ἰσραὴλ
2635 671 2795 726 αὐτὸν
2827 670 3127 740 ὠνόμασεν,
3170 663 3445 723 ἐπειπὼν,
3499 664 3577 715 ὃτι
3605 680 3622 711 ι
3664 663 3757 715 Ἐν-

2224 767 2445 836 ίσχυσας
2475 763 2612 835 μετά
2639 748 2823 855 Θεοῦ
2840 782 2857 813 ι
2884 759 3068 823 Οὕτως
3092 758 3147 811 δὲ
3176 757 3362 855 ἐώρων
3383 756 3431 807 oi
3448 754 3577 855 0630-:
3600 754 3757 855 Evdpf;

2219 858 2310 912 τὸν
2338 857 2431 911 τοῦ
2463 856 2596 911 Θεοῦ
2634 843 2825 923 Λόγον,
2855 853 2931 916 ὡς
2963 853 3056 906 καὶ
3083 852 3134 905 οί
3169 851 3443 920 φήσαντες
3477 845 3569 899 τοῦ
3600 843 3756 913 Σωτῆ-

2224 967 2314 1019 ρος
2343 950 2500 1020 ἡμῶν
2545 948 2855 1002 ἀπόστολοι·
2888 964 2907 996 ι
2946 947 3010 997 Ὀ
3036 940 3105 1015 ἦν
3139 944 3233 996 ἀπ’
3271 939 3466 1013 ἀρχῆς,
3498 938 3525 990 δ
3556 938 3758 1006 ἀκηκόα-

556 1057 672 1109 μεν,
699 1042 727 1094 ὃ
757 1043 1079 1116 ἑωράκαμεν
1115 1051 1227 1109 τοῖς
1266 1032 1559 1118 ὀφθαλμοῖς
1590 1046 1767 1119 ἡμῶν,
1820 1046 1910 1099 καὶ
1938 1044 2298 1117 ἐθεασάμεθα,
2344 1046 2438 1099 καὶ
2473 1047 2529 1098 αἱ
2566 1046 2742 1116 χεῖρες
2781 1041 2944 1113 ἡμῶν
2974 1037 3347 1110 ἐψηλάφησαν,
3385 1034 3511 1107 περὶ
3558 1031 3645 1084 τοῦ
3681 1030 3758 1081 Λό-

551 1147 647 1200 γον
687 1135 785 1205 τῆς
828 1137 1001 1207 ζωῆς·
1041 1158 1060 1191 ι
1094 1139 1153 1192 ὃν
1203 1141 1370 1208 Λόγον
1414 1143 1507 1195 καὶ
1547 1141 1689 1213 ζωὴν
1727 1142 2054 1213 θεασάμενος
2090 1143 2120 1195 ὁ
2167 1140 2360 1196 Ἰακὼϐ
2396 1142 2641 1213 ἐπιφέρει
2683 1139 2877 1209 λέγων·
2910 1156 2930 1189 ι
2969 1132 3120 1190 Εἶδον
3172 1133 3283 1204 γὰρ
3320 1130 3453 1185 Θεὸν
3507 1127 3763 1199 πρόσωπον

549 1227 683 1297 πρὸς
710 1230 1026 1299 πρόσωπον⁸
1058 1235 1148 1287 καὶ
1175 1235 1348 1303 ἐσώθη
1381 1254 1481 1305 μου
1510 1242 1540 1306 ὴ
1572 1236 1737 1307 ψυχή.
1775 1256 1793 1287 ι

1124 1366 1353 1422 CAPUT
1395 1368 1530 1425 VIII.

618 1474 635 1503 ι
672 1453 831 1518 Juda.
865 1466 914 1512 te
949 1458 1247 1514 laudabunt
1295 1460 1487 1517 fratres
1519 1464 1595 1517 tui
1651 1484 1661 1516 :
1713 1479 1908 1523 manus
1939 1476 2030 1521 tua
2060 1468 2116 1523 in

543 1546 849 1602 cervicibus
893 1548 1240 1606 inimicorum
1293 1562 1534 1618 tuorum,
1585 1556 1892 1615 adorabunt
1936 1567 1989 1615 te
2020 1559 2114 1615 ﬁlii

541 1639 709 1706 patris
732 1638 831 1692 tui.
891 1640 1119 1698 Catulus
1154 1643 1329 1701 leonis
1350 1643 1490 1700 Iuda
1531 1661 1545 1698 :
1577 1662 1608 1702 c
1639 1664 1870 1719 gemma,
1902 1649 1975 1705 ﬁli
2014 1654 2110 1719 mi,

540 1729 835 1784 ascendisti
868 1750 880 1784 :
917 1735 1265 1802 requiescens
1290 1736 1594 1795 accubuisti
1630 1749 1690 1794 ut
1720 1741 1839 1808 leo,
1874 1750 1929 1799 et
1952 1748 2109 1816 quasi

538 1824 723 1876 leaena.
744 1824 878 1890 Quis
892 1827 1179 1882 suscitabit
1197 1844 1319 1884 eum
1339 1830 1363 1884 ?
1382 1828 1501 1886 Non
1519 1831 1801 1889 auferetur
1830 1847 2106 1908 sceptrum

2746 1363 3141 1420 ΚΕΦΑΛΑΙΟΝ
3177 1362 3261 1417 H’.

2293 1478 2312 1511 ι
2357 1457 2545 1526 Ἰούδα,
2581 1458 2640 1513 σὲ
2676 1457 2991 1511 αίνέσαισαν
3024 1457 3073 1509 οἱ
3109 1452 3325 1523 ἀδελφοί
3367 1470 3462 1506 σου
3483 1469 3496 1482 ·
3527 1453 3583 1506 αί
3614 1452 3763 1525 χεῖρές

2217 1567 2310 1603 σου
2337 1551 2432 1604 ἐπὶ
2478 1549 2647 1605 νώτου
2688 1549 2795 1603 τῶν
2828 1547 3037 1620 ἐχθρῶν
3063 1564 3192 1601 σουο
3234 1547 3664 1618 προσκυνήσουσί
3696 1561 3761 1599 σοι

2216 1645 2264 1695 ot
2292 1642 2397 1695 υἱοὶ
2420 1642 2515 1696 τοῦ
2555 1642 2763 1714 πατρός
2812 1657 2927 1696 σου.
2977 1639 3222 1711 Σκύμνος
3249 1638 3463 1702 λέοντος
3501 1637 3689 1691 Ἰούδω
3709 1638 3762 1697 is

2216 1732 2467 1803 βλαστοῦ,
2493 1734 2577 1787 υἱέ
2623 1750 2745 1804 μου,
2773 1731 3005 1802 ἀνέόης·
3053 1727 3338 1784 ἀναπεσὼν
3380 1726 3670 1799 ἐκοιμήθης
3701 1729 3762 1790 ὡς

2216 1824 2371 1889 λέων,
2397 1825 2493 1879 καὶ
2523 1824 2599 1888 ὡς
2632 1822 2869 1895 σκύμνος
2889 1840 2903 1853 υ
2933 1822 3019 1885 τίς
3042 1822 3222 1892 εγερεί
3253 1818 3446 1883 dimov;
3481 1819 3597 1871 Οὐκ
3620 1816 3764 1869 ἐκλεί-

537 1916 604 1969 dc
627 1913 785 1979 Juda.
805 1926 860 1972 et
878 1918 987 1974 dux
1004 1920 1072 1976 de
1089 1920 1293 1977 femore
1305 1924 1446 1992 ejus,
1461 1924 1638 1982 donec
1658 1929 1843 1983 veniat
1863 1932 1960 2000 qui
1984 1931 2099 1987 mit.

2212 1914 2304 1985 ψει
2334 1916 2515 1988 ἄρχων
2547 1915 2609 1981 ἐξ
2645 1907 2834 1979 Ἰούδα,
2870 1913 2992 1971 οὐδὲ
3017 1913 3316 2017 ἡγούμενος
3340 1911 3435 2017 εκ.
3448 1907 3761 2017 τῶνὶμηῇιν

535 2004 733 2059 teudus
779 2015 886 2068 est,
911 2016 965 2062 et
1013 2008 1130 2079 ipse
1149 2012 1252 2066 erit
1270 2013 1608 2082 exspectatio
1627 1999 1969 2086 gentiumi“,
2002 2039 2021 2072 ι
2057 2028 2099 2076 el

2217 2007 2405 2071 αὐτοῦ,
2433 2007 2538 2070 ἕως
2564 2007 2629 2061 ἂν
2659 2005 2785 2077 ἔλθῃ
2816 2004 2888 2058 τὰ
2932 2003 3267 2072 ἀποκείμενα
3295 1999 3445 2071 αὺτῷ
3464 2018 3475 2029 ·
3506 2001 3600 2053 καὶ
3628 1999 3763 2059 αὐτὸς

536 2095 763 2163 reliqua.
799 2094 967 2162 Quasi
1006 2100 1179 2155 sancti
1213 2098 1454 2171 Spiritus
1515 2104 1743 2161 verbum
1776 2107 2110 2183 audiendum

530 2184 721 2241 Jacobi
766 2188 835 2245 de
882 2189 1103 2247 Christo
1152 2194 1620 2264 praphetizantis,
1651 2208 1705 2253 et
1737 2200 1793 2254 in
1819 2215 2111 2270 personam

530 2277 914 2335 transferentis
951 2282 1073 2352 ejus
1099 2284 1169 2339 ab
1198 2285 1267 2341 iis
1297 2306 1309 2341 :
1342 2290 1370 2339 ‘r
1392 2286 1531 2343 Juda
1553 2330 1568 2354 ,
1597 2299 1652 2347 te
1680 2292 1981 2347 laudabunt
2002 2292 2112 2350 fra-

531 2379 643 2424 tres
675 2371 776 2424 tui.
817 2391 836 2424 )
871 2370 1028 2439 Quod
1051 2376 1198 2430 enim
1223 2392 1333 2433 non
1367 2378 1436 2434 ad
1468 2396 1640 2436 unum
1674 2382 1908 2438 ﬁliorum
1945 2385 2109 2441 verba

530 2462 731 2515 faceret
753 2463 1063 2531 patriarcha
1110 2476 1358 2537 apertum
1407 2480 1491 2527 est
1544 2470 1841 2543 Scriptura:
1893 2477 2106 2545 peritis,

526 2565 649 2620 quae
676 2552 757 2609 sic
788 2566 1012 2611 narrat:
1055 2578 1073 2609 ι
1106 2556 1331 2615 Vocavit
1356 2571 1538 2619 autem
1566 2562 1738 2621 Iacob
1772 2566 1912 2622 ﬁlios
1952 2584 2105 2635 suos,

527 2650 581 2695 et
602 2642 680 2696 ait
706 2644 786 2700 eis
836 2664 848 2698 :
895 2644 1318 2719 Congregamini
1369 2661 1430 2706 ut
1458 2656 1776 2711 annuntiem
1822 2673 1944 2728 quae
1971 2674 2105 2715 ven-

526 2743 649 2787 tura
679 2744 807 2790 sunt
829 2738 985 2794 vobis
1018 2741 1075 2794 in
1104 2740 1299 2800 diebus
1344 2745 1665 2806 novissimis
1687 2751 1753 2805 ⁷⁸.
1787 2771 1805 2804 ι
1842 2750 2013 2823 Igitur
2039 2754 2108 2810 de

526 2825 725 2883 futuris
755 2844 815 2885 se
856 2831 937 2886 eis
981 2833 1491 2904 prophetizaturum
1539 2842 1775 2897 nuntiat.
1836 2842 2103 2902 Praeterea

526 2920 874 2988 perspicuum
914 2934 998 2978 est
1037 2925 1185 2994 quod
1233 2943 1343 2983 non
1387 2931 1454 2984 ad
1508 2933 1875 3001 patriarcham
1906 2935 2109 2993 Judam‘

524 3017 774 3075 spectant
820 3013 1119 3083 prophetia:
1156 3018 1339 3073 verba.
1404 3020 1644 3090 Quando
1676 3026 1823 3080 enim
1864 3027 2017 3082 illum
2049 3037 2105 3084 et

522 3112 684 3166 quam
719 3101 790 3157 ob
816 3119 930 3159 rem
974 3101 1342 3166 adoraverunt
1382 3111 1582 3171 fratres
1602 3117 1719 3183 sui,
1756 3126 1850 3173 aut
1880 3128 2105 3191 propter

520 3191 672 3261 quod
703 3192 915 3252 facinus
941 3214 1065 3253 eum
1089 3216 1331 3274 unquam
1368 3204 1770 3264 laudaverunt?
1815 3210 2100 3277 Quomodo

2214 2100 2507 2173 προσδοκία
2534 2098 2725 2161 ἐθνῶν,
2765 2117 2782 2150 ι
2823 2099 2915 2153 καὶ
2937 2096 3007 2151 τὰ
3035 2096 3190 2189 ἑξῆςῖ
3327 2093 3510 2189 ⁸ἁγίου
3544 2091 3761 2189 “vstitu:

2210 2208 2302 2256 τος
2346 2191 2438 2247 τὸν
2477 2190 2632 2261 λόγον
2680 2190 2973 2244 ἀκουστέον
3025 2186 3121 2240 τοῦ
3156 2184 3350 2238 Ἰακὼὸ
3394 2183 3466 2237 τὰ
3518 2183 3643 2254 περὶ
3683 2183 3761 2233 τοῦ

2209 2281 2448 2354 Χριστοῦ
2488 2280 2942 2353 προθεσπίζοντος
2988 2278 3081 2332 καὶ
3125 2279 3204 2340 είς
3245 2274 3535 2347 πρόσωπον
3579 2274 3763 2343 ἀναφω-

2207 2375 2424 2439 νοῦντος
2452 2373 2614 2428 αὑτοῦ
2636 2373 2705 2426 τὰ
2734 2371 2842 2427 ἀπὸ
2871 2370 2987 2435 τοῦ,
3023 2388 3042 2421 ι
3087 2368 3280 2429 Ἰούδα,
3307 2367 3369 2419 σὲ
3400 2364 3699 2418 αἰνέσαισαν
3720 2361 3765 2413 οἱ

2207 2466 2424 2538 ἀδελφοί
2468 2482 2585 2518 σουο
2634 2483 2652 2515 ι
2680 2464 2760 2518 ὃτι
2802 2462 2911 2535 γὰρ
2946 2462 3007 2514 ού
3057 2459 3190 2531 πρὸς
3224 2458 3319 2511 τὸν
3358 2456 3455 2510 ἕνα
3498 2455 3608 2508 τῶν
3655 2452 3761 2505 υἱῶν

2206 2561 2333 2623 τοὺς
2382 2558 2572 2627 λόγους
2614 2558 2642 2609 ὁ
2688 2554 3032 2628 πατριάρχης
3081 2552 3315 2605 ἐποιεῖτο
3343 2549 3501 2620 δῆλον
3535 2550 3642 2611 τοῖς
3666 2548 3761 2598 επι-

2209 2654 2441 2723 στήσασι
2466 2654 2533 2722 τῇ
2564 2651 2755 2721 Γραφῇ
2788 2643 3199 2719 διηγηματικῶς
3233 2640 3539 2713 φασκούσῃ·
3574 2660 3593 2691 ι
3632 2638 3763 2692 Ἐκάο

2206 2745 2328 2798 λεσε
2356 2744 2414 2798 δὲ
2454 2741 2649 2797 Ἰακὼὸ
2692 2743 2817 2806 τοὺς
2862 2741 3011 2804 υἱοὺς
3062 2736 3247 2801 αὑτοῦ,
3284 2736 3377 2789 καὶ⁸
3431 2731 3618 2787 εἶπεν·
3655 2731 3760 2783 Συν-

2205 2838 2430 2910 άχθητε,
2453 2836 2541 2890 ἵνα
2567 2832 2871 2903 ἀναγγείλω
2915 2833 3043 2903 ὑμῖν
3070 2831 3121 2884 τί
3152 2830 3524 2900 ἀπαντήσεται
3548 2827 3667 2896 ὑμῖν
3689 2825 3765 2876 ἐπ’

2205 2930 2435 3001 ἐσχάτου
2463 2928 2573 2982 τῶν
2597 2927 2840 2999 ἡμερῶν.
2880 2944 2898 2978 ι
2930 2923 3138 2978 Οὐκοῦν
3169 2923 3300 2994 περὶ
3327 2920 3761 3022 μελλόντῶννπρο-

2205 3022 2494 3094 φητεύσειν
2532 3021 2716 3083 αὐτοῖς
2764 3016 3177 3087 ἐπαγγέλλεται.
3211 3015 3388 3084 Σαφὲς
3408 3013 3468 3066 δὲ
3496 3011 3588 3065 καὶ
3613 3008 3760 3069 ἄλλως

2202 3116 2281 3168 ὅτι
2326 3113 2402 3186 μὴ
2442 3114 2579 3184 πρὸς
2609 3112 2701 3165 τὸν
2734 3110 3078 3183 πατριάρχην
3120 3107 3318 3162 Ἰούδαν
3347 3108 3403 3159 αἱ
3432 3105 3532 3175 τῆς
3573 3118 3759 3174 προ-,θη⁹

2204 3207 2353 3269 τεῖας
2393 3203 2456 3274 (f.
2504 3204 2595 3271 12)
2628 3205 2958 3275 ἀρμόττουσι
2999 3200 3207 3269 φωναί·
3253 3201 3382 3254 πότε
3430 3200 3538 3270 γάρ
3583 3200 3757 3250 ἐκεῖνον

520 3283 685 3339 etiam
713 3288 978 3360 quidquid
1003 3291 1071 3347 de
1097 3293 1199 3350 hac
1221 3296 1506 3370 prophetia
1531 3300 1582 3356 ei
1612 3300 1857 3373 adaptari
1890 3306 2099 3374 potest?

2202 3300 2230 3367 ἦ
2264 3300 2356 3353 καὶ
2378 3298 2467 3352 διὰ
2493 3315 2546 3350 τι
2580 3295 2992 3365 προσεκύνησαν
3016 3296 3066 3347 ol
3103 3293 3322 3361 ἀδελφοὶ
3351 3292 3535 3354 αὑτοῦ,
3561 3290 3643 3344 ἐπὶ
3666 3289 3758 3341 τίνι

518 3375 631 3432 Nec
655 3393 786 3435 vero
836 3382 903 3437 ad
945 3384 1150 3440 tribum
1195 3402 1259 3442 ea
1307 3398 1539 3458 possunt
1586 3391 1810 3463 referri;
1861 3411 2096 3466 namque

518 3482 629 3525 non
671 3478 883 3530 tantum
930 3491 962 3532 e
1002 3477 1151 3534 tribu
1198 3477 1352 3536 Judae
1389 3481 1559 3540 duces
1587 3486 1786 3556 populi
1810 3488 2094 3543 constituti

516 3569 664 3618 sunt.
719 3563 941 3624 Ju'dices
980 3570 1128 3626 enim
1160 3582 1287 3642 post
1323 3573 1563 3646 Moysem
1592 3595 1624 3635 e
1645 3580 1814 3637 variis
1842 3579 2096 3639 tribubus

514 3653 738 3713 circiter
767 3658 1102 3731 quingentos
1148 3678 1324 3722 annos
1356 3665 1601 3725 Hebraeis
1650 3670 1893 3741 praefecti
1928 3680 2096 3736 sunt;

514 3746 643 3802 dein
695 3764 726 3805 e
783 3751 931 3807 tribu
959 3752 1242 3825 Benjamin
1298 3760 1510 3830 primus
1568 3765 1812 3819 omnium
1861 3780 1957 3820 rex
1995 3765 2097 3821 fuit

516 3836 678 3906 Saul;
729 3856 841 3911 quo
886 3854 1105 3900 mortuo
1152 3862 1522 3917 regnaverunt
1565 3868 1596 3908 e
1629 3854 1776 3911 tribu
1806 3854 1959 3912 Juda:
1988 3873 2098 3912 non

513 3938 633 3983 toto
674 3933 1098 4005 quingentorum
1127 3954 1394 4007 annorum
1426 3945 1635 4015 spatio;
1680 3947 1807 4003 dein
1841 3957 1965 4018 post
1998 3949 2099 4005 Ba-

514 4019 730 4092 bylonis
755 4025 1128 4094 captivitatem
1168 4030 1334 4090 rebus
1369 4033 1709 4102 praefuerunt
1742 4052 1773 4093 e
1796 4039 1940 4094 tribu
1969 4038 2095 4095 [ιονί

514 4111 638 4179 plus
665 4127 830 4183 quam
858 4116 1190 4188 quingentos
1214 4134 1412 4188 annos,
1461 4141 1634 4198 usque
1669 4128 1738 4184 ad
1765 4128 1970 4187 Christi
2001 4130 2100 4185 ad-

514 4210 754 4293 ventum.
790 4204 933 4272 Quid
954 4208 1123 4280 igitur
1150 4214 1326 4284 magis
1354 4215 1422 4273 de
1447 4217 1597 4273 tribu
1620 4217 1774 4276 Judae
1804 4238 1925 4292 quae
1959 4237 2099 4293 prm-

512 4292 660 4347 dicta
684 4304 814 4350 sunt
844 4296 1010 4353 refert
1033 4300 1343 4372 prophetia,
1395 4321 1561 4377 quam
1591 4310 1658 4366 de
1678 4313 1930 4369 caeteris?
1954 4312 2097 4384 Ergo

513 4401 622 4440 non
656 4388 726 4442 ad
770 4388 973 4446 tribum
1019 4393 1217 4451 referri
1261 4408 1496 4467 possunt
1539 4418 1663 4473 qua:
1707 4404 2092 4463 ostenduntur.

508 4473 615 4540 Qui
636 4478 781 4532 enim
833 4480 891 4535 in
919 4484 1239 4542 novissimis
1270 4488 1464 4546 diebus
1494 4494 1749 4563 apparuit
1775 4494 1970 4560 Judas,
1998 4510 2094 4550 ve-

508 4586 629 4624 rum
658 4574 913 4630 novimus
931 4591 1055 4632 esse
1086 4577 1427 4636 Salvatorem
1448 4593 1502 4638 et
1522 4583 1814 4643 Dominum
1840 4597 2091 4645 nostrum

2200 3390 2255 3443 δὲ
2282 3388 2664 3461 κατορθώματι
2690 3391 2722 3459 ἢ
2754 3389 2847 3442 καὶ
2874 3388 3001 3440 πότε
3036 3387 3231 3458 ᾔνεσαν
3276 3385 3469 3450 αύτόν;
3502 3384 3618 3447 ua;
3638 3384 3679 3436 δ’
3702 3382 3757 3434 ἄν

2197 3500 2279 3547 τις
2323 3482 2512 3536 καὶτὰ
2537 3480 2699 3534 λοιπά
2738 3481 2842 3550 τῆς
2887 3479 3224 3552 προφητείας
3251 3480 3337 3531 ἐπ’
3372 3480 3573 3531 ἐκεῖνον
3610 3475 3757 3547 ἁρμό-

2198 3575 2307 3639 ζων
2351 3574 2699 3645 διηγήσεταις
2742 3572 2880 3627 Ἀλλ’
2925 3571 3047 3625 οὐδὲ
3095 3572 3187 3625 ἐπὶ
3230 3571 3330 3642 τὴν
3368 3570 3539 3640 φυλὴν
3573 3566 3755 3634 εὐλογί-

2198 3684 2341 3730 στως
2365 3684 2451 3730 τις
2490 3666 2631 3720 αύτά
2670 3666 2953 3736 ἀναφέροι,
2978 3665 3061 3718 ὅτι
3091 3662 3169 3735 μὴ
3207 3662 3366 3733 μόνον
3403 3664 3469 3714 ἐκ
3491 3661 3583 3731 τῆς
3613 3656 3754 3711 Ἰούδα

2198 3758 2369 3829 φυλῆς
2390 3759 2651 3831 ἄρχοντες
2679 3758 3022 3829 κατέστησαν
3050 3755 3144 3809 τοῦ
3167 3754 3297 3808 λαοῦ
3318 3772 3332 3785 ·
3361 3754 3495 3807 οἵτε
3519 3751 3620 3823 γὰρ
3641 3748 3753 3820 μετά

2196 3852 2435 3905 Μωῡσέα
2452 3852 2652 3923 Κριταὶ
2684 3852 2748 3904 ὲκ
2774 3849 3045 3921 διαφόρων
3073 3848 3351 3929 γενόμενοι
3371 3844 3553 3914 φυλῶν
3573 3843 3750 3914 διήρκε-

2198 3960 2298 3997 σαν
2336 3943 2627 4014 ἡγούμενοι
2673 3944 2767 3997 ἐπὶ
2810 3942 2988 3995 ἐτεσιν
3031 3940 3199 4009 ὲγγύς
3242 3956 3345 3991 που
3390 3934 3748 3996 πεντακοσίοις,

2202 4036 2320 4107 μεθ’
2353 4036 2447 4100 οὓς
2488 4037 2553 4091 ὲκ
2594 4037 2767 4107 φυλῆς
2804 4036 3064 4107 Βενιαμὶν
3092 4032 3308 4105 πρῶτος
3350 4031 3600 4127 ἀπάντων
3629 4026 3746 4127 βασι-

2196 4128 2341 4182 λεύει
2394 4128 2586 4192 Σαοὺλ,
2636 4130 2729 4184 καὶ
2769 4129 2941 4193 οὕτως
2977 4126 3117 4199 μετά
3157 4124 3379 4187 τούτους
3421 4124 3473 4176 οἱ
3517 4123 3579 4174 ὲκ
3613 4123 3745 4189 φυλῆς

2208 4220 2376 4275 Ἰούδα
2435 4220 2808 4291 βασιλεύουσιν
2863 4221 2971 4274 οὐδ’
3010 4219 3153 4282 ὅλοις
3190 4217 3334 4269 ἔτεσι
3382 4209 3742 4306 πεντακοσίοις·

2195 4308 2314 4366 εἶτα
2346 4312 2487 4384 μετά
2503 4312 2601 4383 τὴν
2630 4315 2710 4376 είς
2742 4313 3035 4367 Βαϐυλῶνα
3057 4308 3438 4382 αἰχμαλωσίαν
3456 4306 3507 4359 οἱ
3526 4306 3586 4354 ἐκ
3607 4297 3743 4365 φυλῆς

2196 4403 2326 4459 Aeci
2351 4404 2693 4478 προέστησαν
2730 4404 2841 4459 τῶν
2882 4404 3223 4496 πραγμάτων
3259 4400 3402 4467 ὑπὲρ
3426 4396 3497 4496 τὰ

2198 4512 2290 4549 σια
2320 4495 2414 4567 ἔτη
2443 4496 2603 4567 μέχρι
2645 4496 2744 4567 τῆς
2789 4494 2884 4549 τοῦ
2924 4495 3161 4567 Χριστοῦ
3215 4491 3539 4563 παρουσίας.
3584 4485 3642 4539 'I‘i
3672 4485 3742 4535 οὖν

2200 4586 2399 4657 μᾶλλον
2425 4588 2553 4660 περὶ
2575 4588 2679 4658 τῆς
2716 4588 2887 4642 Ἰούδα
2918 4588 3089 4658 φυλῆς
3129 4585 3201 4639 τά
3226 4581 3593 4658 προειρημένα
3615 4575 3742 4647 φησιν

505 4659 717 4727 Jesum,
753 4662 1032 4723 Christum
1066 4668 1197 4735 Dei,
1228 4672 1321 4743 qui
1353 4682 1409 4728 et
1441 4673 1790 4746 dispensator
1828 4680 1952 4750 ejus
1997 4695 2095 4736 vo-

2202 4681 2229 4749 ἡ
2269 4680 2597 4751 προφητεία,
2624 4680 2745 4751 οὐχὶ
2768 4680 2826 4733 δὲ
2856 4681 2952 4734 καὶ
2982 4680 3111 4750 περὶ
3150 4678 3259 4730 τῶν
3282 4675 3515 4739 λοιπῶν;
3540 4672 3643 4725 Οὐκ
3661 4668 3745 4737 ἄρα

506 4751 734 4809 luntatis
766 4763 823 4810 et
856 4754 1028 4815 Iudas
1058 4762 1392 4820 nominatur.
1421 4767 1501 4819 Ita
1539 4767 1686 4822 enim
1716 4783 1866 4825 nunc
1893 4771 2083 4838 Israel,

505 4857 654 4898 nunc
680 4843 944 4915 Iacobus,
974 4866 1124 4907 nunc
1150 4852 1344 4920 David,
1383 4872 1532 4913 nunc
1556 4859 1733 4917 aliter.
1803 4860 1961 4918 Hunc
1986 4879 2086 4920 au-

504 4942 614 4989 tem
631 4944 687 4990 et
720 4940 895 4994 sancti
919 4943 1152 5011 apostoli
1170 4954 1224 5000 et
1241 4954 1509 5018 quotquot
1534 4946 1773 5019 Spiritus
1793 4951 2087 5022 ad0ptione

502 5026 709 5099 dignati
737 5041 886 5098 sunt,
921 5034 1284 5093 laudaverunt
1313 5048 1367 5095 et
1394 5040 1787 5097 adoraverunt.
1830 5061 1849 5094 ι
1890 5042 2085 5102 Manus

504 5129 634 5187 tuae,
659 5140 680 5173 ι
720 5138 859 5194 quas
890 5127 1190 5197 symbolice
1219 5130 1361 5187 facta
1389 5132 1512 5202 ejus
1535 5148 1657 5190 esse
1680 5135 2095 5210 existimamus,
2125 5201 2139 5211 ,

507 5232 528 5265 ι
562 5212 617 5267 in
645 5216 951 5274 cervicibus
978 5218 1329 5277 inimicorum
1353 5230 1573 5279 tuorum
1598 5267 1611 5290 ,
1653 5245 1670 5277 ι
1705 5227 1761 5281 id
1786 5235 1894 5294 est,
1932 5230 2087 5301 cogi-

505 5306 770 5362 tationum
797 5309 1079 5367 hostilium
1109 5329 1232 5382 qua:
1260 5330 1385 5370 eum
1429 5315 1663 5388 fugiunt.
1722 5318 1819 5375 Hic
1849 5328 1904 5376 et
1925 5324 2083 5392 quasi

507 5415 527 5447 ι
571 5400 789 5457 catulus
840 5401 1016 5457 leonis
1052 5423 1072 5457 ›
1110 5405 1347 5471 dicitur,
1385 5408 1498 5464 sive
1533 5420 1751 5480 prOpter
1781 5411 2081 5466 secundum

502 5504 724 5546 carnem
745 5494 1085 5550 nativitatem
1106 5512 1137 5553 e
1172 5498 1320 5553 tribu
1350 5501 1503 5572 regia
1536 5508 1589 5556 et
1624 5501 1843 5559 Davidis
1874 5503 2080 5568 radice,

507 5597 525 5627 σ
563 5588 616 5633 et
663 5584 719 5636 in
768 5582 1182 5643 similitudinem
1231 5592 1415 5645 carnis
1459 5594 1668 5662 peccati
1719 5592 1920 5648 factam
1947 5594 2014 5658 ⁷³,
2060 5615 2078 5645 ι

504 5670 619 5725 sive
652 5681 874 5743 propter
901 5677 1158 5739 deitatem
1181 5723 1193 5745 ,
1228 5698 1336 5753 qua
1370 5693 1533 5738 exuta
1568 5686 1733 5739 homo
1766 5685 1945 5742 factus
1975 5696 2079 5750 est.

501 5759 575 5820 ab
604 5777 767 5835 quam
795 5775 850 5820 et
882 5784 991 5824 non
1041 5773 1315 5829 immerito
1354 5794 1365 5827 :
1431 5794 1447 5826 ι
1480 5776 1521 5833 Ε
1559 5790 1801 5847 gemma,
1849 5777 1925 5832 ﬁli
1969 5778 2077 5842 mi,

571 5922 616 5954 “
656 5923 671 5976 l
706 5920 858 5977 Imm.
900 5942 949 5988 ι,
992 5929 1038 5981 I.

1118 5932 1162 5961 ⁷ο
1203 5930 1334 5987 Gen.
1377 5948 1554 5995 xxxii,
1588 5934 1674 5987 50.
1754 5934 1796 5965 ⁷¹
1838 5931 1970 5989 Gen.
2010 5951 2164 6000 xux,
2209 5934 2361 5991 8-l0.

2193 4771 2314 4825 οὐδὲ
2338 4773 2431 4826 ἐπὶ
2453 4770 2551 4842 τὴν
2575 4771 2746 4843 φυλὴν
2772 4772 3003 4843 ἁρμόζοι
3029 4771 3098 4822 τά
3120 4767 3422 4838 δηλούμενα
3441 4783 3454 4795 ο
3483 4765 3570 4816 τὸν
3595 4760 3743 4833 μέντοι

2194 4879 2258 4931 γε
2285 4864 2372 4916 ἐπ’
2398 4865 2613 4936 ἐσχάτῳ
2636 4864 2745 4919 τῶν
2775 4867 2881 4936 ὴμε
2892 4864 2999 4934 ρῶν
3044 4862 3381 4930 ἀναφανέντα
3418 4857 3608 4949 Ἰούδαν
3642 4850 3742 4949 ἀλη-

2196 4955 2339 5010 θινὸν
2381 4955 2537 5027 ἴσμεν
2578 4956 2935 5028 τὸνΣωτῆρα
2990 4956 3084 5009 καὶ
3134 4954 3337 5025 Κύριον
3379 4950 3535 5021 ἡμῶν
3572 4948 3739 5040 Ἰησωξ

2196 5045 2285 5101 τὸν
2327 5047 2563 5119 Χριστὸν
2600 5048 2693 5101 τοῦ
2737 5046 2896 5111 Θεοῦ,
2937 5048 3032 5101 καὶ
3071 5046 3270 5116 ταμίαν
3450 5040 3589 5140 περὶ
3610 5038 3740 5140 αὐτῇ

2198 5139 2453 5193 ἐπινοιῶν
2499 5138 2594 5193 καὶ
2630 5137 2830 5192 Ἰούδαν
2876 5136 3267 5208 ὀνομασθέντα·
3314 5133 3502 5230 ῶσπερ
3534 5131 3611 5230 ’δὴΔ

2194 5231 2385 5302 ἑτέραν
2423 5230 2661 5303 Ἰσραὴλ,
2708 5230 2804 5284 καὶ
2848 5229 2966 5283 κατ’
2996 5228 3161 5298 ἀλλην
3200 5224 3395 5279 Ἰακὼὸ
3413 5265 3426 5288 ,
3466 5223 3557 5275 καὶ
3587 5222 3737 5271 Δανῖδ.

2194 5323 2286 5377 καὶ
2317 5323 2504 5378 ἄλλοτε
2535 5322 2708 5385 ἄλλως
2726 5335 2742 5351 ⁸
2769 5321 2957 5375 τοῦτον
2981 5320 3039 5373 δὲ
3064 5318 3158 5373 καὶ
3200 5319 3251 5371 οἱ
3293 5316 3428 5411 ἱεροί
3469 5307 3730 5411 ἀπόστῗλῗε,

2190 5416 2285 5468 καὶ
2312 5415 2512 5477 πάντες
2547 5415 2661 5467 ὅσοι
2704 5412 2798 5467 τοῦ
2838 5411 3140 5483 πνεύματος
3175 5409 3277 5479 τῆς
3315 5404 3574 5464 υἱοθεσίας
3603 5398 3728 5467 ἥξων

2191 5505 2382 5576 θησαν,
2411 5506 2611 5576 ᾔνεσαν
2643 5523 2703 5558 τε
2744 5506 2836 5559 καὶ
2862 5502 3270 5576 προσεκύνησαν
3289 5517 3301 5530 ·
3349 5519 3366 5549 ι
3401 5500 3462 5551 Αἱ
3499 5492 3654 5564 χεῖρές
3678 5500 3724 5537 τε

2190 5596 2377 5661 αὑτοῦ,
2408 5617 2425 5648 ι
2452 5596 2519 5661 ἃς
2549 5596 2891 5667 συμϐολικῶς
2923 5593 3204 5666 ἡγούμεθα
3228 5588 3367 5646 εἶναι
3394 5580 3719 5680 τάςξπράξειξ.

2193 5708 2212 5738 ι
2251 5688 2394 5742 κατά
2430 5687 2599 5742 νώτου
2642 5687 2749 5741 τῶν
2784 5686 2996 5759 ἐχθρῶν
3039 5684 3224 5747 αὐτοῦ,
3268 5705 3287 5735 ι
3317 5681 3457 5735 τοῦτ’
3488 5678 3721 5783 ἔστινῗτων

2188 5778 2392 5851 νοητῶν
2425 5778 2697 5850 πολεμίων
2740 5780 3046 5849 φευγόντων
3091 5778 3251 5831 αὑτὸν
3280 5776 3574 5842 γεγόνασιν
3598 5773 3720 5821 οὑτος

2439 5937 2483 5968 ⁷³
2525 5934 2654 5989 ibid.
2695 5935 2744 5990 I.
2822 5937 2864 5967 ⁷³
2921 5932 3078 5987 Rom.
3122 5947 3253 5997 vui,
3287 5931 3337 5986 5.
