3954 6518
168 367 315 423 £045

1201 364 1495 422 ECLOCIE
1541 366 2017 423 PROPHETICA'I.
2060 402 2121 408 —
2168 367 2295 423 LIB.
2342 370 2381 422 Ι.

3302 362 3438 417 ῒοέύ

163 482 231 535 δὲ
268 483 359 535 καὶ
390 481 463 544 ῶς
500 502 517 531 ι
558 484 792 551 σκύμνος
832 484 1040 547 λέοντος
1075 503 1092 534 ι
1125 483 1359 554 εἴρηται,
1389 484 1496 536 εἴτε
1538 484 1625 537 διὰ
1664 485 1737 553 τὴπ

1864 485 2187 549 ascendisti,
2232 506 2249 535 ι
2304 485 2371 538 ab
2420 480 2626 536 Jacobo
2667 480 2882 535 dicitur.
2956 476 3440 532 Verumenimvero

165 575 330 635 κατὰ,
346 574 525 644 σάρκα
550 575 761 642 γένεσιν
793 576 855 627 ἐκ
884 575 1167 645 βασιλικῆς
1194 575 1383 645 φυλῆς,
1430 576 1521 628 καὶ
1548 576 1642 645 τῆς
1668 575 1761 628 τοῦ

165 665 332 718 Δαυῖδ
378 666 555 736 ῥίζης,
594 684 613 717 ι
650 667 741 718 καὶ
783 669 839 719 ἐν
903 666 1206 737 ὁμοιώματι
1251 667 1449 737 σαρκὸς
1490 667 1762 738 ἁμαρτίας

164 757 577 828 γεγενημένην·
612 776 631 807 ι
670 758 778 810 εἴτε
813 757 900 811 διὰ
934 760 1033 830 τὴν
1072 758 1320 827 θεότητα,
1348 753 1415 829 ἦς
1452 758 1641 811 ἑαυτὸν
1671 776 1762 811 κε-

164 848 345 911 νώσας
380 846 801 920 ὲνηνθρώπισεν,
828 849 893 902 δι’
937 850 1003 920 ἢν
1036 847 1305 919 εὐκαίρως
1342 848 1435 901 καὶ
1474 848 1555 911 τὸ,
1602 867 1619 899 ι
1667 848 1760 901 Ἐκ

166 930 423 1007 βλαστοῦ,
468 938 552 991 υἱέ
603 956 725 1010 μου,
765 938 985 1011 ἀνέϐης,
1023 959 1042 991 ι
1071 940 1175 993 ὑπὸ
1197 939 1290 992 τοῦ
1330 938 1523 993 Ἰακὼό
1561 940 1762 994 ἀναπε-

163 1028 433 1098 φώνηται.
456 1029 585 1083 Ὅτε
628 1030 728 1099 μὲν
768 1028 860 1084 οὖν
884 1032 984 1102 τὴν
1025 1034 1089 1085 ἐκ
1117 1031 1344 1101 βλαστοῦ
1382 1033 1475 1085 καὶ
1501 1034 1565 1085 ἐκ
1606 1032 1759 1103 ῥίζης

162 1120 332 1175 αὑτοῦ
362 1122 575 1190 γένεσιν
604 1122 791 1193 ἐδήλου
835 1122 931 1176 τοῦ
970 1125 1239 1195 Σωτῆρος,
1276 1142 1295 1176 ι
1338 1124 1575 1196 σκύμνον
1609 1124 1757 1177 λέον-

158 1228 251 1274 τος
302 1230 323 1263 ι
360 1211 524 1265 αὐτὸν
578 1210 895 1282 ὠνόμασεν,
936 1212 1105 1267 είπὼν
1130 1252 1145 1278 ,
1177 1233 1196 1265 ι
1245 1214 1489 1285 Σκύμνος
1546 1214 1757 1277 λέοντος

173 1301 374 1355 Ἰούδαο
420 1302 485 1356 ἐκ
539 1301 793 1372 βλαστοῦ,
831 1303 915 1356 υἰέ
965 1321 1087 1374 μου,
1115 1304 1343 1374 ἁνέϐηςο
1380 1324 1398 1357 ι
1428 1306 1515 1359 ὅτε
1555 1305 1611 1358 δὲ
1659 1305 1757 1375 τὴν

158 1392 463 1463 ἁνὰὄλησιν
507 1394 603 1446 καὶ
643 1394 744 1466 τὴν
792 1394 933 1448 κατὰ
984 1395 1044 1448 τὸ
1083 1395 1254 1459 πάθος
1298 1396 1461 1449 αὑτοῦ
1503 1397 1755 1467 κοίμησιν

160 1483 517 1555 προᾷητεύει,
544 1486 831 1558 ἀμφότερα
860 1485 1023 1541 αὐτόν
1044 1504 1176 1558 φησι
1209 1488 1303 1541 καὶ
1327 1487 1401 1551 ὡς
1426 1487 1616 1542 λέοντα
1657 1492 1752 1542 καὶ⁶

155 1575 232 1638 ὡς
264 1574 504 1645 ὠιύμνον
545 1578 606 1630 ἐν
639 1576 739 1648 τῷ,
772 1597 789 1629 ι
836 1577 1145 1632 Ἀναπεσὼν
1189 1579 1451 1651 ἐκοιμήθη
1493 1580 1568 1643 ὡς
1604 1579 1740 1633 λέων

158 1666 255 1719 καὶ
278 1666 354 1730 ὼς
382 1667 621 1737 σκύμνος
641 1685 655 1699 ·
690 1688 710 1721 ι
740 1669 860 1723 τότε
894 1670 999 1741 γὰρ
1026 1670 1086 1723 οὐ
1116 1669 1274 1739 μόνον
1317 1670 1392 1733 ὡς
1436 1672 1501 1723 ἐκ
1541 1669 1745 1740 βασιλι-

155 1756 255 1810 κοῦ
288 1759 573 1828 τυγχάνων
603 1758 811 1827 γένους,
854 1760 989 1813 ἁλλὰ
1025 1761 1120 1814 καὶ
1164 1761 1239 1824 ὡς
1282 1761 1443 1825 αὐτὸς
1494 1760 1745 1831 βασιλεὺς

1869 592 1992 630 cum
2027 576 2243 646 quidem
2280 591 2309 631 e
2342 591 2551 645 gemma
2584 584 2635 629 et
2667 589 2695 628 e
2740 572 2923 626 radice
2946 569 3066 639 ejus
3101 569 3438 623 nativitatem

1868 664 2181 719 ostenderet
2214 663 2533 725 Salvatoris,
2580 683 2596 714 ι
2636 664 2874 717 catulum
2924 660 3097 715 leonis
3135 680 3151 711 ι
3186 674 3308 715 eum
3345 676 3440 711 no-

1868 756 2114 821 minavit,
2147 757 2334 813 dicens
2363 778 2374 811 :
2423 775 2441 807 ι
2477 756 2701 811 Catulus
2733 756 2905 809 leonis
2932 752 3069 808 Juda
3102 772 3114 808 :
3148 768 3179 807 e
3206 767 3439 824 gemma.

1868 848 1943 901 ﬁli
1987 848 2081 911 mi,
2132 847 2459 911 ascendisti;
2497 868 2513 899 ι
2546 861 2671 900 cum
2716 861 2845 898 vero
2875 852 2927 899 et
2968 842 3355 899 exaltationem
3389 850 3443 894 et

1866 938 2140 1006 passionis
2173 954 2286 993 sua:
2313 938 2697 993 dormitionem
2723 936 3062 1006 prophetizat
3086 975 3097 998 ,
3128 932 3291 988 simul
3316 946 3441 987 eum

1865 1028 1995 1083 dicit
2021 1036 2074 1085 et
2107 1028 2263 1098 quasi
2301 1029 2508 1083 leonem
2540 1034 2592 1081 et
2632 1024 2788 1095 quasi
2838 1024 3076 1078 catulum
3115 1040 3172 1077 ει
3210 1021 3444 1091 Requie-

1866 1134 2027 1175 scens
2060 1119 2363 1174 accubuisti
2390 1125 2448 1172 ut
2469 1117 2553 1173 leo
2573 1124 2627 1172 et
2658 1124 2716 1170 ut
2750 1116 2921 1172 leonis
2952 1115 3168 1171 catulus
3203 1133 3215 1167 :
3256 1134 3276 1165 ι
3311 1120 3442 1166 tunc

1864 1211 2008 1265 enim
2031 1252 2046 1275 ,
2098 1226 2208 1265 non
2242 1216 2451 1263 tantum
2498 1218 2556 1263 ut
2604 1207 2752 1279 regio
2794 1214 2949 1262 ortus
2983 1220 3215 1277 genere,
3251 1204 3346 1258 sed
3384 1208 3439 1257 ut

1864 1305 1981 1372 ipse
2014 1317 2112 1357 rex
2154 1302 2331 1357 elatus
2363 1308 2477 1365 est;
2532 1298 2955 1369 agnoscentibus
2987 1312 3111 1351 eum
3162 1296 3435 1367 gentibus,

1864 1396 1968 1449 etsi
1998 1394 2291 1449 noluerunt
2320 1390 2513 1454 Judaei,
2547 1393 2703 1462 quasi
2736 1392 2850 1460 ipse
2894 1407 2988 1446 rex
3022 1389 3214 1445 fuisset
3247 1388 3432 1443 Israel.

1862 1487 2126 1541 Caeterum
2157 1492 2209 1538 et
2231 1485 2412 1540 dicere
2435 1499 2718 1555 possemus
2742 1486 2812 1547 ei,
2838 1482 3279 1553 quandoquidem
3302 1496 3437 1535 con-

1862 1582 1945 1627 tra
1992 1580 2287 1643 potestates
2321 1572 2576 1628 adversas
2624 1573 2823 1627 bellum
2875 1572 3124 1636 tulisset,
3178 1580 3234 1626 et
3282 1586 3435 1625 ever-

1862 1672 1977 1719 tere
2006 1674 2229 1733 pararet.
2253 1666 2444 1721 mortis
2475 1665 2771 1735 potentiam
2807 1664 3096 1720 habentem
3117 1664 3186 1729 ⁷⁵,
3224 1663 3436 1719 scilicet

1861 1756 2161 1821 diabolum,
2196 1773 2423 1814 necesse
2477 1766 2592 1812 erat
2642 1756 2835 1813 adesse
2864 1772 2895 1812 e
2925 1756 3107 1811 radice
3125 1754 3315 1810 Jacobi
3349 1770 3437 1810 se-

152 1847 230 1900 ῶν
274 1848 528 1919 ἁνύψωτο
547 1866 560 1880 ·
598 1850 1000 1922 ὁμολογούντων
1035 1852 1196 1907 αὐτὸν
1221 1852 1329 1906 τῶν
1353 1852 1543 1918 ἐθνῶν,
1576 1855 1624 1906 εί
1655 1856 1737 1907 καὶ

1855 1850 2094 1904 cundum
2144 1864 2367 1905 carnem
2411 1858 2540 1905 nato
2576 1848 2739 1905 Verbi
2784 1848 3064 1904 deitatem.
3121 1847 3288 1903 Leoni
3320 1848 3437 1917 qui-

155 1938 231 2010 μὴ
255 1940 307 1993 οἱ
332 1942 399 1994 ἐκ
423 1942 724 2014 περιτομῆς
752 1944 964 2015 ήθελον,
992 1944 1065 2009 ὡς
1090 1946 1200 2015 ἄρα
1229 1946 1390 2009 αὐτὸς
1415 1945 1500 2016 εἴη
1533 1948 1562 1998 ὁ
1592 1945 1745 2015 βασι-

149 2030 278 2094 λεὺς
305 2032 402 2085 τοῦ
440 2034 686 2105 Ἰσραήλ*
725 2036 818 2089 καὶ
868 2035 1042 2099 ἄλλως
1091 2036 1148 2089 δέ
1194 2035 1383 2109 ῥηθείη
1426 2037 1513 2102 ἂν,
1561 2036 1749 2107 ἐπειδὴ

151 2114 292 2192 πῶς
324 2124 706 2195 ἀντικειμένας
748 2126 1007 2198 δυνάμεις
1058 2128 1329 2199 αίρομένῳ
1376 2127 1608 2198 πόλεμον
1646 2132 1741 2183 καὶ

149 2214 446 2270 καταλύειν
478 2216 724 2287 μέλλοντι
763 2219 855 2271 τὸν
890 2218 950 2271 τὸ
988 2220 1186 2291 κράτος
1218 2220 1407 2291 ἔχοντα
1455 2219 1548 2273 τοῦ
1591 2219 1748 2273 θανά-

148 2324 263 2369 του,
293 2308 540 2363 τουτέστι
574 2310 664 2364 τὺν
687 2311 952 2377 διάϐολον,
994 2312 1101 2366 ἔδει
1138 2314 1392 2383 παρεῖναι
1420 2312 1498 2381 τῷ
1526 2313 1590 2364 ἐκ
1617 2310 1743 2380 βλα-

152 2397 280 2450 στοῦ
319 2400 514 2453 Ἰακὼὸ
562 2402 704 2455 κατὰ
746 2404 926 2473 σάρκα
970 2402 1319 2474 γεγενημένῳ
1365 2404 1464 2475 τὴν
1515 2403 1745 2471 θεότητα

145 2488 240 2540 τοῦ
268 2491 446 2558 Λόγου
467 2509 481 2522 σ
521 2493 745 2556 εἰκότως
773 2494 944 2549 λέοντι
980 2496 1076 2565 μὲν
1103 2496 1136 2565 ὴ
1181 2495 1371 2565 θεότης
1396 2493 1741 2564 παραδέδλη-

144 2597 232 2632 ται
271 2580 362 2634 διὰ
399 2582 459 2643 τὸ
501 2584 857 2655 κεχειρῶσθαι
897 2587 991 2639 καὶ
1034 2587 1375 2657 νενικηκέναι
1424 2586 1601 2648 πάσας
1644 2586 1743 2649 τὰς

144 2672 351 2740 ἀγρίας
382 2674 475 2726 καὶ
500 2675 792 2740 ἁτιθάσους
833 2678 1089 2747 δυνάμεις
1109 2694 1123 2707 ·
1168 2677 1390 2747 σκύμνῳ
1414 2677 1469 2729 δὲ
1513 2676 1741 2743 λέοντος,

142 2761 169 2810 ὃ
198 2763 482 2835 ἀνειλήφει
516 2768 735 2837 σαρκίον
760 2771 825 2822 ἐκ
850 2769 950 2839 τῆς
972 2768 1065 2821 τοῦ
1104 2767 1271 2821 ’ἰούδα
1303 2768 1585 2838 βασιλικῆς
1610 2786 1741 2836 τυγ-

142 2852 325 2919 κάνων
353 2857 558 2928 φυλῆς’
594 2859 732 2913 ἁλλὰ
757 2861 851 2913 καὶ
881 2861 1039 2932 είπερ
1084 2863 1111 2914 ὁ
1156 2861 1423 2923 ἀντίδικος
1448 2860 1605 2931 ήμῶν
1630 2860 1744 2912 διά-

142 2944 300 3009 δοκος
340 2946 417 3011 ῶς
449 2947 587 3003 λέων
614 2952 761 3005 ἐστὶν
791 2951 859 3019 (ί.
894 2953 981 3020 15)
1015 2954 1346 3024 ὼρυόμενος,
1374 2953 1476 3023 ὅρα
1513 2952 1587 3022 μὴ
1617 2952 1732 3004 τού-

142 3052 235 3087 του
269 3037 511 3109 σκύμνος
547 3044 652 3107 πᾶς
700 3044 764 3097 ἂν
791 3043 1003 3114 λεχθείη
1036 3042 1380 3116 ἁμαρτωλὸς,
1429 3044 1549 3096 ἐπεὶ
1582 3062 1599 3094 ι
1634 3045 1739 3107 πᾶς

140 3128 171 3179 ὀ
203 3129 379 3182 ποιῶν
404 3130 502 3202 τὴν
528 3134 804 3205 ἁμαρτίαν
839 3138 903 3189 ἐκ
933 3136 1026 3189 τοῦ
1061 3137 1311 3189 διαῦόλουν
1339 3135 1679 3207 γεγέννηται.
1716 3156 1734 3186 ι

1858 1940 1981 1994 dem
2011 1940 2206 1995 merito
2236 1940 2413 1995 deitas
2444 1940 2813 2003 assimilatur,
2859 1949 2917 1996 ut
2944 1942 3035 2012 qui
3070 1940 3215 1996 feras
3244 1954 3433 1993 omnes

1852 2030 2253 2102 indomitasque
2307 2040 2606 2102 potestates
2653 2032 2932 2102 superavit
2980 2040 3143 2102 atque
3190 2031 3429 2094 devicit;

1851 2120 2027 2177 leonis
2061 2129 2242 2177 autem
2268 2122 2449 2176 catulo
2470 2162 2483 2188 ,
2516 2129 2574 2177 ut
2604 2124 2695 2193 qui
2738 2137 2957 2178 carnem
2992 2123 3200 2192 accepit
3227 2138 3256 2176 e
3283 2122 3430 2191 regia

1849 2214 2002 2269 Judte
2029 2214 2178 2270 tribu
2214 2222 2396 2270 natus.
2459 2215 2529 2269 At
2555 2215 2600 2271 si
2627 2215 2844 2286 quidem
2880 2214 3225 2270 adversarius
3248 2224 3433 2268 noster

1849 2302 2100 2359 diabolus
2126 2311 2211 2359 est
2240 2306 2401 2375 quasi
2434 2306 2518 2362 leo
2544 2306 2823 2377 rugiens"
2842 2348 2856 2373 ,
2893 2306 3263 2361 animadverte
3285 2308 3427 2376 quod

1847 2395 1967 2464 ejus
2019 2396 2235 2453 catulus
2290 2398 2473 2453 omnis
2532 2398 2746 2452 dicatur
2817 2406 3111 2468 peccator,
3169 2400 3428 2467 quoniam

1854 2506 1871 2537 ι
1906 2487 2084 2542 omnis
2133 2489 2227 2558 qui
2280 2489 2414 2543 facit
2459 2497 2745 2560 peccatum
2792 2505 2856 2545 ex
2902 2489 3119 2544 diabolo
3172 2496 3255 2544 est
3299 2490 3366 2541 ⁷⁸.
3407 2509 3423 2538 ι

1846 2576 1983 2631 Cum
2020 2578 2199 2648 igitur
2242 2586 2296 2633 et
2338 2578 2591 2634 Salvator
2653 2578 2759 2633 «in
2802 2578 3213 2634 similitudinem
3244 2578 3429 2633 carnis

1848 2670 2054 2739 peccati
2086 2672 2235 2726 venit
2262 2680 2317 2726 et
2342 2670 2521 2727 factus
2550 2679 2635 2726 est
2669 2686 2765 2742 pro
2794 2672 2952 2726 nobis
2981 2671 3255 2741 piaculum
3287 2672 3369 2737 ";
3404 2691 3422 2723 ι

1846 2767 1900 2813 et
1938 2780 1957 2811 ι
1992 2776 2116 2816 eum
2167 2762 2260 2832 qui
2311 2776 2421 2817 non
2469 2770 2696 2819 noverat
2748 2770 3057 2833 peccatum,
3116 2778 3215 2834 pro
3268 2763 3429 2819 nobis

1846 2862 2128 2920 peccatum
2176 2852 2303 2909 fecit
2325 2855 2393 2919 ⁷⁸,
2431 2873 2450 2907 ι
2511 2855 2724 2911 attende
2788 2854 2935 2925 quod
2990 2871 3114 2912 eam
3156 2856 3226 2911 ob
3290 2871 3422 2910 cau-

1844 2959 1961 2999 sam
2022 2944 2324 3001 secundum
2374 2945 2647 3017 quoddam
2723 2948 3119 3017 signiﬁcantius
3192 2951 3419 3004 verbum

1844 3050 1952 3089 non
1988 3036 2199 3092 leonem
2242 3052 2419 3108 neque
2453 3039 2722 3104 catulum,
2777 3039 2872 3095 sed
2916 3040 3073 3110 quasi
3114 3040 3325 3095 leonem
3371 3051 3426 3095 et

1843 3130 2084 3183 catulum
2140 3145 2265 3183 eum
2315 3122 2520 3186 factum
2575 3144 2700 3186 esse
2747 3130 2803 3185 in
2854 3132 3125 3202 passionis
3180 3140 3426 3203 tempore

151 3218 307 3272 Ἐπεὶ
334 3219 430 3275 οῦν
457 3193 549 3276 καὶ
625 3193 818 3299 έωτὴρ
850 3247 867 3278 ι
900 3230 955 3281 ὲν
985 3228 1293 3301 ὁμοιώματι
1336 3193 1536 3297 σαρκὸς
1553 3193 1737 3299 ’ἁμαρ-

1847 3220 2129 3292 prophetia
2181 3222 2455 3289 declarat;
2507 3237 2631 3277 cum
2678 3229 2732 3278 et
2776 3222 2891 3295 ipse
2922 3224 3231 3295 passionem
3267 3240 3429 3279 suam

137 3308 263 3373 τίσις
308 3312 557 3384 ἐλήλυθε,
590 3336 608 3366 ι
643 3316 752 3369 καί·
786 3337 803 3369 ι
838 3318 1061 3386 Γέγονεν
1099 3320 1241 3391 ὑπὲρ
1264 3319 1418 3391 ἡμῶν
1452 3319 1689 3391 κατάρα’
1716 3340 1733 3369 ι

138 3400 253 3453 καί·
284 3422 303 3454 ι
330 3404 423 3476 Μὴ
447 3407 642 3474 γνόντα
664 3409 825 3462 αὑτὸν
850 3410 1120 3482 ἁμαρτίαν
1137 3412 1274 3484 ὑπὲρ
1294 3412 1450 3483 ἡμῶν
1466 3410 1740 3481 ἁμαρτίαν

138 3492 430 3565 ἐποίησενο
476 3518 493 3549 ι
520 3500 623 3569 ὅρα
667 3500 740 3572 μὴ
768 3502 972 3555 τούτων
1005 3503 1189 3556 ἐνεκεν
1241 3502 1383 3556 κατὰ
1416 3519 1539 3556 τινα
1572 3500 1737 3571 βαθύ-

138 3598 298 3655 τερον
346 3587 505 3657 λὸγον
553 3590 675 3643 οὕτε
739 3592 928 3646 λέοντα
979 3592 1101 3647 οὔτε
1165 3593 1403 3664 σκύμνον
1427 3631 1441 3655 ,
1494 3591 1608 3645 ἁλλ’
1658 3592 1732 3654 ὡς

137 3673 332 3731 λέοντα
378 3682 474 3733 καὶ
522 3683 761 3754 σκύμνον
800 3686 1079 3754 γεγονέναι
1121 3685 1279 3739 αὑτὸν
1327 3683 1476 3756 παρὰ
1510 3684 1601 3737 τὸν
1641 3684 1734 3736 τοῦ

135 3767 347 3833 πάθους
377 3773 567 3843 καιρὸν
597 3776 629 3845 ή
660 3777 965 3847 προφητεία
989 3776 1268 3842 θεσπίζει·
1303 3776 1425 3829 ἐπεὶ⁵
1451 3777 1541 3828 καὶ
1575 3775 1734 3838 αὐτὸς

134 3859 196 3911 τὸ
238 3862 437 3917 ἐαυτοῦ
474 3866 644 3930 πάθος
682 3867 760 3938 τῷ
802 3868 897 3921 τοῦ
943 3868 1117 3937 ὄφεως
1164 3867 1499 3941 παραϐάλλει
1533 3866 1727 3936 λέγων·

1843 3314 2114 3384 serpentis
2141 3314 2411 3370 assimilat
2441 3314 2685 3385 passioni
2715 3314 2905 3370 dicens
2932 3334 2945 3370 :
2979 3333 2997 3366 ι
3023 3314 3088 3369 Et
3113 3315 3255 3370 sicut
3272 3314 3424 3386 Moy-

1843 3422 1932 3462 ses
1973 3405 2235 3461 exaltavit
2293 3413 2603 3477 serpentem
2659 3407 2715 3462 in
2765 3407 3004 3470 deserto,
3061 3406 3139 3461 ita
3192 3407 3424 3464 exaltari

1842 3504 2066 3568 oportet
2109 3495 2305 3552 Filium
2364 3498 2602 3554 hominis
2638 3498 2704 3552 ".
2743 3518 2762 3550 ι
2819 3497 2951 3553 Dein
2986 3498 3149 3555 tacite
3174 3512 3423 3553 resurre-

1846 3586 2045 3641 ctionis
2076 3586 2197 3657 ejus
2224 3588 2547 3659 mysterium
2591 3589 2789 3659 innuit,
2841 3590 2925 3647 his
2958 3591 3140 3647 verbis
3174 3610 3187 3645 :
3230 3609 3248 3641 ι
3288 3589 3422 3657 Quis

1842 3680 2131 3737 suscitabit
2152 3680 2309 3735 eum?
2346 3700 2365 3733 ι
2402 3681 2661 3755 Apertum
2692 3692 2777 3740 est
2809 3685 2967 3740 nobis
3008 3698 3038 3739 e
3063 3685 3420 3740 conclusione

1841 3773 1968 3844 quis
2003 3774 2234 3830 suscitet
2264 3773 2451 3831 Jesum
2485 3774 2777 3833 Dominum
2808 3786 3058 3835 nostrum
3089 3794 3118 3831 a
3148 3778 3376 3833 mortuis
3402 3817 3416 3840 ,

1840 3866 1986 3922 Deus
2015 3866 2222 3922 scilicet
2255 3874 2308 3923 et
2343 3867 2505 3925 Pater
2535 3869 2673 3939 ejus.

140 3971 155 4000 ι
191 3952 405 4025 Ὠσπερ
430 3956 667 4029 Μωῦσῆς
716 3958 896 4027 ῦψωσε
927 3960 1016 4014 τὸν
1050 3959 1171 4029 ὅφιν
1197 3959 1254 4012 ἐν
1303 3962 1367 4031 τῇ
1399 3961 1609 4032 ἐρήμῳ,
1634 3957 1805 4023 οὕτως
1842 3957 2121 4032 ὑψωθῆναι
2149 3959 2227 4018 δεῖ
2258 3960 2346 4016 τὸν
2372 3962 2499 4018 Υίὸν
2524 3964 2617 4017 τοῦ
2649 3963 2954 4036 ἀνθρώπου.
2995 3985 3012 4017 ι
3055 3967 3173 4020 Ἐπὶ
3209 3967 3418 4019 τούτοις

136 4052 566 4121 σεσιωπημένως
604 4053 665 4106 τὸ
695 4054 835 4107 κατὰ
894 4055 993 4127 τήν
1032 4056 1324 4109 ἀνάστασιν
1364 4056 1526 4109 αὑτοῦ
1575 4056 1870 4127 μυστήριον
1905 4056 2271 4111 ύπαινίττεται
2304 4055 2392 4111 διὰ
2427 4056 2542 4123 τοῦ,
2576 4076 2595 4107 ι
2626 4057 2722 4120 Τίς
2754 4057 2933 4129 ἐγερεῖ
2958 4059 3150 4125 αύτόν;
3188 4078 3203 4109 ι
3240 4060 3415 4127 Σαφές

132 4139 174 4191 δ’
198 4146 332 4214 ἡμῖν
360 4147 425 4199 ἐκ
449 4146 542 4200 τοῦ
604 4149 1070 4222 συμπεράσματος
1119 4151 1310 4220 γέγονε
1370 4153 1455 4216 τίς
1510 4153 1728 4224 ἤγειρεν
1779 4151 1984 4223 Ἰησοῦν
2032 4154 2121 4206 τὸν
2166 4152 2367 4225 Κύριον
2398 4153 2553 4226 ἡμῶν
2583 4156 2647 4208 ἐκ
2682 4155 2917 4224 νεκρῶν·
2947 4154 3100 4226 δῆλον
3134 4157 3237 4226 γὰρ
3278 4157 3357 4207 ὅτι
3382 4152 3410 4205 ὁ

132 4236 264 4300 Θεὸς
288 4239 383 4291 καὶ
418 4241 603 4312 Πατὴρ
630 4243 819 4297 αὑτοῦ.

218 4330 377 4401 Ἑξῆς
428 4332 484 4387 δὲ
534 4334 749 4403 λέγεται
815 4337 884 4391 τὰ
933 4338 1039 4392 ἀπὸ
1091 4340 1184 4393 τοῦ
1212 4358 1224 4371 ·
1268 4359 1287 4393 ι
1326 4341 1439 4395 Ούκ
1487 4342 1725 4412 ἐκλείψει

132 4424 319 4492 ἅρχων
367 4424 429 4490 ἐξ
484 4426 673 4497 Ἰούδα,
725 4431 847 4483 ούδέ
899 4432 1199 4501 ἡγούμενος
1248 4434 1313 4487 ἐκ
1368 4434 1472 4487 τῶν
1531 4437 1718 4506 μηρῶν

132 4514 335 4567 αὐτοῦ’
385 4534 405 4568 ι
456 4517 601 4591 ἅπερ
652 4522 701 4573 εί
752 4522 850 4591 μὲν
898 4521 955 4589 ἐξ
1012 4524 1204 4595 ἐτέρας
1254 4526 1719 4598 ἁναγινώσκοιμεν

132 4605 342 4675 ἀρχῆς,
385 4607 595 4677 λέγοιτο
648 4610 715 4664 ἂν
756 4612 830 4675 ὡς
883 4614 1012 4684 περὶ
1059 4614 1312 4669 ἁπάντων
1355 4617 1462 4669 τῶν
1509 4622 1574 4671 ἐκ
1625 4619 1717 4672 τοῦ

144 4701 417 4755 Ἰουδαίων
448 4704 637 4772 γένους
682 4706 1152 4778 καθηγησαμένων
1180 4710 1273 4763 τοῦ
1306 4710 1458 4775 λαοῦ,
1507 4712 1599 4767 καὶ
1631 4712 1714 4783 εἴη

1908 4336 2108 4391 Deinde
2160 4335 2361 4389 dicitur
2412 4355 2425 4389 :
2483 4356 2501 4387 ι
2532 4335 2650 4391 Non
2699 4336 2979 4393 auferetur
3028 4348 3303 4409 sceptrum
3345 4345 3419 4399 de

1827 4428 1986 4489 Juda,
2025 4435 2075 4481 et
2110 4427 2217 4479 dux
2251 4425 2317 4480 de
2352 4424 2558 4483 femore
2591 4427 2733 4497 ejus.
2765 4447 2785 4481 ι
2827 4428 2956 4495 Quae
3009 4431 3227 4500 quidem
3268 4435 3314 4488 si
3344 4434 3413 4489 de

1830 4522 1935 4573 alio
1989 4521 2410 4589 interpretemur
2464 4527 2721 4589 sceptro,
2772 4520 3086 4579 dicerentur
3132 4526 3289 4595 quasi
3342 4528 3411 4582 de

1828 4613 2083 4667 omnibus
2116 4614 2209 4683 qui
2252 4628 2315 4666 ex
2358 4612 2668 4667 Judaeorum
2698 4628 2894 4684 genere
2920 4617 3177 4685 populum
3205 4619 3407 4687 guber-

1827 4712 2046 4771 narunt,
2080 4705 2316 4774 talisque
2371 4714 2519 4760 esset
2568 4706 2869 4761 secundum
2913 4706 3054 4764 hanc
3085 4708 3408 4779 interpreta-

130 4791 197 4844 ἂν
226 4794 347 4847 κατ’
369 4795 539 4865 αὐτὴν
570 4797 667 4869 τὴν
694 4798 930 4851 διάνοιαν
955 4802 983 4852 ὁ
1010 4799 1118 4853 τῶν
1140 4804 1515 4872 προκειμένων
1538 4802 1717 4875 ῥητῶν

1849 4795 2025 4849 ionem
2051 4795 2280 4864 hujusce
2311 4796 2413 4851 loci
2444 4812 2641 4855 sensus
2670 4814 2685 4852 :
2719 4797 2838 4852 Non
2871 4799 3023 4869 prius
3052 4801 3350 4857 cessabunt
3378 4818 3407 4856 e

132 4884 259 4947 νοῦς
291 4886 497 4939 τοιόσδε
528 4904 608 4951 τις
631 4906 643 4916 ·
674 4889 735 4941 ού
771 4890 1032 4961 πρότερον
1067 4891 1365 4947 παύσονται
1409 4897 1457 4948 οἱ
1486 4894 1546 4959 ἐξ
1586 4896 1720 4947 Ἰου-

130 4976 299 5028 δαίων
321 4978 578 5047 ἁρχοντες
614 4982 705 5034 καὶ
732 4982 1024 5052 ἡγούμενοι
1050 4984 1141 5036 ἐπὶ
1166 4985 1255 5039 τὸν
1299 4987 1564 5041 Ἰουδαίων
1593 4987 1720 5043 λαὸν

130 5068 541 5139 καθιστάμενοι,
564 5072 667 5133 ἕως
688 5073 751 5125 ἂν
772 5073 895 5144 ἔλθῃ
922 5076 950 5127 ὁ
969 5075 1066 5144 τῆς
1088 5076 1195 5129 τῶν
1211 5076 1377 5131 ἐθνῶν
1396 5080 1719 5149 προσδοκίας

131 5159 325 5223 αἴτιος,
344 5160 489 5212 τοῦτ’
515 5161 658 5214 ἔστιν
681 5164 708 5215 ὁ
726 5164 975 5233 Χριστὸς,
996 5159 1056 5218 οὗ
1080 5167 1519 5237 παραγενομένου
1546 5170 1719 5221 ἐκλεί-

130 5245 250 5310 ᾁειν
305 5246 519 5319 ἀνάγκη
553 5252 678 5312 τοὺς
725 5252 1175 5323 προειρημένους.
1220 5256 1434 5310 Τούτων
1476 5258 1519 5310 δ’
1546 5258 1716 5322 οὓτως

132 5338 387 5407 ἐχόντων,
409 5342 833 5413 ἐπισκεψώμεθα
864 5346 989 5409 τοὺς
1024 5346 1140 5399 καθ’
1165 5350 1311 5419 ἡμᾶς
1335 5352 1577 5423 χρόνους,
1602 5354 1715 5421 εἴγε

130 5430 220 5482 νῦν
252 5430 493 5500 βασιλεῖς
523 5436 615 5486 καὶ
647 5435 977 5505 ἡγουμένους
1001 5438 1145 5492 ἐστιν
1179 5442 1379 5512 εὑρεῖν.
1417 5443 1574 5498 Ἀλλὰ
1605 5447 1713 5517 γὰρ

131 5524 263 5576 πᾶσι
292 5523 555 5593 πρόδηλον
580 5526 654 5588 ὠς
685 5528 819 5595 μετα
844 5528 951 5579 τῶν
985 5528 1184 5583 λοιπῶν
1216 5534 1308 5586 καὶ
1337 5535 1398 5587 τὸ
1438 5535 1706 5588 Ἰουδαίων

131 5608 278 5673 ἔθνος
332 5614 445 5674 τοῖς
492 5615 871 5685 κατεπαρχιῶν
906 5616 1051 5686 (κατ’
1082 5622 1376 5695 ἐπαρχίας)
1425 5626 1704 5697 Ῥωμαίων

212 5787 255 5813 ει
294 5770 457 5825 Hebr.
499 5790 555 5825 ut
612 5782 687 5831 lt.
770 5784 813 5809 ’³
855 5780 871 5831 l
909 5780 1049 5837 Petr.
1092 5802 1139 5840 ν,
1176 5789 1223 5841 8.

1304 5790 1347 5815 ⁷⁶
1388 5791 1405 5843 Ι
1440 5789 1593 5844 lnan.
1635 5790 1768 5847 “1.8

1826 4884 2029 4941 Judzeis
2058 4888 2246 4951 duces,
2297 4888 2681 4959 principesque
2708 4905 2873 4959 super
2890 4888 3201 4947 Judzeorum
3230 4908 3405 4962 popu-

1829 4982 1940 5036 lum
1968 4984 2249 5038 constituti
2273 5024 2289 5050 ,
2319 5001 2483 5055 quam
2510 4987 2690 5042 veniat
2712 4988 2952 5059 gentium
2981 4990 3404 5059 exspectationis

1826 5092 2012 5140 causa,
2049 5078 2100 5131 id
2138 5086 2221 5133 est
2244 5118 2257 5141 ,
2289 5079 2575 5141 Christus,
2615 5080 2773 5149 cujus
2804 5091 2927 5150 post
2968 5080 3259 5135 adventum
3310 5096 3403 5132 ne-

1826 5183 1980 5222 cesse
2008 5179 2092 5224 est
2126 5172 2512 5226 auctoritatem
2544 5172 2875 5240 relinquant.
2933 5171 3060 5237 Quae
3089 5186 3210 5225 cum
3238 5172 3309 5223 ita
3342 5185 3411 5223 se

1828 5259 2094 5321 habeant,
2128 5271 2375 5330 tempora
2418 5270 2603 5316 nostra
2635 5271 2839 5318 attente
2870 5264 3298 5333 perspiciamus.
3329 5277 3417 5318 an.

1825 5350 1993 5404 duces
2018 5367 2280 5421 regesque
2307 5368 2450 5406 nunc
2492 5354 2729 5423 reperire
2768 5356 2858 5410 sit.
2916 5353 3113 5410 Verum
3143 5355 3398 5410 omnibus
3434 5424 3435 5427 η

1822 5450 2059 5508 constat,
2105 5444 2244 5498 sicut
2290 5454 2516 5499 emteras
2568 5453 2779 5515 gentes,
2829 5444 3134 5500 Judaeorum
3181 5462 3401 5517 quoque

1822 5537 2077 5606 populum
2121 5536 2377 5590 Romana:
2416 5538 2609 5591 ditioni
2659 5554 2780 5593 esse
2829 5540 3168 5609 subjectum,
3218 5558 3395 5608 neque

1814 5643 2138 5699 quemquam
2153 5644 2337 5683 eorum
2350 5646 2572 5685 summm
2587 5634 3053 5688 auctoritatisesse
3068 5642 3407 5701 compotem.

1869 5794 2083 5847 71lim-1.
2110 5807 2225 5846 \‘lll.
2261 5793 2310 5845 ‘5.
2398 5794 2439 5823 τῆ
2474 5793 2510 5846 ll
2544 5792 2667 5845 Cor.
2701 5810 2748 5855 γ,
2777 5792 2859 5846 Ξίλ
2943 5792 3159 5849 τἽυιιιι.
3190 5812 3270 5863 In,
3311 5799 3393 5858 Η.
