3954 6508
559 325 700 384 1047

1309 331 1576 390 EUSEBII
1613 331 2092 394 CJESARIENSIS

2221 337 2282 395 P.
2327 340 2502 396 PARS
2523 338 3093 398 [IL—EXEGETICA.

3661 349 3786 405 1048

557 451 804 522 llludque,
831 468 860 507 a
895 452 1196 508 Salvatoris
1223 459 1396 512 nostri
1443 459 1818 514 incarnatione
1847 462 1958 516 fieri
1988 463 2106 516 ince

2241 465 2501 534 ἡγεμόσιν
2568 466 2928 520 ὑποτέτακται
2947 507 2962 530 ,
3025 465 3248 538 μηδενὸς
3312 467 3490 518 αὖτῶν
3543 469 3636 538 τὴν
3701 473 3782 524 τοῦ

557 547 658 616 pit.
709 545 880 616 Igitur
901 547 968 600 ad
1000 549 1142 618 regis
1165 547 1396 606 Herodis
1424 560 1666 621 tempora
1703 551 1959 608 llebrmos
1988 569 2130 608 sem-

557 655 656 708 per
705 637 982 696 Hebraica:
1020 643 1166 708 genti
1227 642 1526 711 imperasse
1591 645 1645 698 in
1697 645 1944 701 historiis
1976 661 2130 716 repe-

557 732 756 786 rimus.
802 730 848 784 A
873 730 1056 802 Moyse
1079 732 1198 802 ipso
1223 734 1574 788 successione
1602 736 1892 798 continua,
1931 736 2130 806 p0pulo

556 822 1032 878 duces'constituti
1060 822 1298 890 fuerunt,
1320 823 1540 881 .Iudices
1571 828 1784 894 vocali;
1815 827 2012 883 deinde
2043 845 2128 882 re-

555 928 649 982 ges
679 928 852 982 usque
879 913 943 966 ad
959 911 1250 983 Babylonis
1266 915 1635 984 captivitatem
1657 915 1942 984 imperium
1968 931 2127 970 exer-

554 1015 746 1066 cuere;
787 1010 915 1073 post
961 1003 1329 1073 captivitatem
1363 1005 1560 1058 summi
1613 1005 1898 1074 pontiﬁces
1927 1006 1994 1060 ad
2019 1006 2131 1060 Au-

552 1100 769 1162 gustum
801 1095 952 1162 regia
982 1095 1308 1149 auctoritate
1345 1097 1502 1164 potiti
1535 1103 1696 1162 sunt;
1741 1095 1954 1152 Herode
1979 1113 2125 1164 vero,

552 1185 644 1254 qui
685 1185 898 1255 primus
951 1183 1116 1238 alieni
1163 1192 1282 1238 erat
1311 1187 1548 1252 generis.
1595 1201 1932 1256 regnumque
1961 1202 1990 1240 a
2021 1186 2130 1241 lto-

549 1277 732 1331 manis
767 1277 1080 1332 obtinuerat
1109 1277 1430 1347 imperante,
1483 1276 1732 1332 Salvator
1759 1277 2130 1351 Dominusque

551 1378 737 1424 noster
773 1367 934 1425 Iesus
966 1368 1223 1425 Christus
1255 1377 1419 1424 natus
1461 1378 1564 1425 est.
1621 1369 1740 1424 Jam
1779 1371 1944 1442 igitur
1969 1372 2036 1426 ab
2063 1387 2128 1427 eo

549 1475 724 1532 usque
753 1461 820 1516 ad
864 1469 1114 1517 nostrum
1166 1471 1376 1531 tempus
1425 1462 1708 1531 imperium
1745 1473 2130 1533 sceptrumque

549 1571 578 1610 a
601 1554 804 1611 Judaais
848 1556 1026 1611 ablata
1075 1563 1222 1610 sunt.
1289 1553 1444 1610 Patet
1483 1556 1768 1612 advenisse
1796 1573 1824 1610 a
1847 1558 2128 1627 prophetis

547 1649 866 1719 praedictum
913 1648 1251 1702 Salvatorem
1304 1656 1575 1711 nostrum,
1613 1649 1773 1719 cujus
1803 1665 1834 1703 a
1867 1649 2127 1720 tempori-

547 1743 652 1798 bus
681 1757 790 1796 non
824 1741 985 1796 modo
1011 1739 1321 1796 Judaeorum
1350 1741 1514 1796 ablati
1573 1752 1700 1796 sunt
1732 1741 1922 1808 duces,
1954 1741 2048 1796 sed
2073 1748 2126 1796 et

2233 553 2420 628 ἄρχειν
2465 555 2710 621 ἐξουσίαν
2747 557 3234 629 ἐπιτετραμμένον.
3277 561 3386 611 Καὶ
3427 558 3578 612 τοῦτό
3607 579 3666 629 γε
3691 566 3784 618 ἀπὸ

2231 647 2336 700 τῶν
2365 648 2569 718 χρόνων
2588 649 2688 719 τῆς
2713 649 2806 702 τοῦ
2837 651 3086 722 Σωτῆρος
3108 649 3264 720 ἡμῶν
3285 651 3548 718 γενέσεως
3571 654 3780 722 1195a.er-

2235 745 2394 816 μέχρι
2423 742 2550 811 γοῦν
2590 743 2826 814 Ἡρώδου
2855 743 3116 812 βασιλέως
3151 745 3436 816 Ἐϐραίους
3455 745 3512 812 ἐξ
3545 747 3782 818 Ἐϐραίων

2229 835 2324 888 τοῦ
2362 835 2558 897 παντὸς
2583 834 2762 888 αὐτῶν
2795 833 2980 898 ἔθνους
3020 835 3288 906 ἄρξαντας
3323 838 3380 890 ἐν
3401 841 3520 901 ταῖς
3545 839 3782 911 ἱστορίαις

2231 927 2574 998 εὑρίσκομεν,
2617 927 2677 990 ἐξ
2703 925 2868 980 αὑτοῦ
2902 929 3177 991 Μωῦσέως
3209 930 3350 982 κατὰ
3389 929 3632 1000 διαδοχὴν
3659 937 3778 1002 ἡγη-

2232 1039 2298 1074 σα
2306 1021 2482 1091 μένων
2503 1020 2715 1091 πρῶτον
2743 1021 2839 1091 μὲν
2859 1021 2966 1074 τῶν
2987 1022 3289 1091 λεγομὲνων
3309 1024 3545 1094 Κριτῶν,
3564 1024 3656 1078 εἶθ·
3673 1027 3778 1097 ἑξῆς

2229 1114 2338 1166 τῶν
2362 1111 2622 1183 βασιλέων
2653 1113 2814 1182 μέχρι
2841 1115 2939 1184 τῆς
2977 1116 3056 1177 εἰς
3089 1115 3382 1169 Βαϐυλῶνα
3412 1119 3776 1187 αἰχμαλωσίας,

2233 1205 2349 1276 μεθ’
2380 1207 2444 1275 ἢν
2472 1207 2520 1257 οἰ
2551 1205 2827 1277 ἀρχιερεῖς
2853 1205 2949 1276 τὴν
2989 1207 3162 1277 ἀρχὴν
3189 1207 3560 1278 διαδεξάμενοι
3587 1213 3674 1264 ἐπὶ

2229 1295 2542 1364 Αὐγούστου
2592 1295 2886 1366 διήρκεσαν
2933 1294 3240 1366 βασιλείαν·
3278 1298 3398 1352 καθ’
3451 1299 3508 1351 ὃν
3565 1301 3777 1370 Ἡρώδου

2231 1389 2444 1462 πρώτου
2476 1390 2537 1442 τὸ
2585 1391 2740 1458 γένος
2791 1389 3102 1458 ἀλλοφύλων
3133 1391 3281 1462 (λου)
3325 1393 3426 1464 τὴν
3471 1397 3590 1446 κατ’
3625 1395 3778 1448 αὐτῶν

2231 1482 2507 1554 βασιλείαν
2533 1481 2638 1534 ὑπὸ
2674 1483 2958 1552 Ῥωμαίων
2981 1482 3411 1554 ἐγχειρισθέντος
3435 1485 3464 1536 ὁ
3491 1475 3780 1555 Σωτὴρῒισὶ

2229 1572 2432 1642 Κύριος
2464 1571 2620 1642 ἡμῶν
2651 1570 2858 1642 Ἰησοῦς
2881 1571 3116 1642 Χριστὸς
3150 1573 3434 1645 ἐγεννήθη.
3461 1575 3596 1643 Ἤδη
3623 1575 3778 1627 τοίνυν

2229 1661 2287 1727 ἐξ
2330 1661 2536 1714 ἐκείνου
2592 1663 2684 1713 καὶ
2735 1661 2894 1731 μέχρι
2937 1661 3028 1714 τοῦ
3077 1662 3342 1733 παρόντος
3379 1662 3573 1734 χρόνον
3615 1663 3776 1730 σαφῶς

2230 1751 2555 1816 ἐκλελοιπὼς
2602 1753 2784 1824 ἄρχων
2825 1769 2888 1805 τε
2936 1753 3030 1806 καὶ
3076 1753 3376 1824 ἡγούμενος
3423 1755 3482 1804 ἐν
3531 1755 3776 1816 Ἰουδαίοις

546 1838 724 1892 omnis
754 1835 934 1891 cultus
955 1837 1048 1906 qui
1082 1836 1224 1906 apud
1262 1851 1358 1891 eos
1387 1835 1688 1892 secundum
1717 1835 1919 1906 Moysis
1949 1835 2110 1905 legem

2228 1810 2612 1898 ἀποδείκνυται
2631 1810 2656 1874 ἰ
2675 1810 2844 1914 δῆλον
2880 1843 2957 1907 ὡς
2999 1810 3254 1914 ἐλήλυθεν
3288 1847 3316 1897 ὁ
3351 1810 3774 1916 τγεεπεροφητευμέζ

543 1927 842 1984 Jerusalem
867 1929 1215 1999 implebatur.
1247 1927 1532 1984 Manifeste
1556 1937 1735 1984 autem
1759 1938 1812 1984 et
1835 1935 2120 1998 exspecta-

543 2022 620 2072 tio
669 2035 856 2076 eorum
900 2023 992 2092 qui
1039 2037 1136 2092 per
1184 2037 1308 2076 eum
1361 2022 1429 2076 ad
1467 2023 1846 2077 universarum
1875 2022 2114 2092 gentium

543 2113 711 2166 Deum
751 2115 1140 2185 confugiebant
1170 2117 1349 2186 reipsa
1379 2116 1692 2171 confirmari
1723 2115 1908 2184 coepit,
1943 2115 2116 2185 ipsius

542 2207 805 2261 adventus
834 2216 1098 2279 tempore,
1127 2207 1428 2264 secundum
1457 2205 1644 2262 Jacobi
1675 2206 2039 2279 prophetiam.

2227 1956 2317 2002 νος
2351 1937 2540 2008 Σωτὴρ
2565 1937 2742 2008 ἡμῶν,
2782 1932 2844 1990 οὗ
2887 1935 2994 1988 ἀπὸ
3031 1935 3139 1990 τῶν
3193 1939 3398 2007 χρόνων
3447 1940 3511 1990 οὐ
3547 1941 3696 2007 μόνον
3733 1943 3774 1992 si

2237 2029 2504 2084 Ἰουδαίων
2541 2029 2942 2083 ἐπιλελοίπασιν
2979 2029 3235 2102 ἄρχοντες
3254 2071 3266 2092 ,
3297 2029 3432 2083 ἀλλὰ
3465 2031 3558 2083 καὶ
3589 2033 3774 2101 πᾶσαή

2227 2116 2362 2188 πρὸς
2393 2115 2573 2170 αὐτῶν
2617 2118 2675 2168 ἐν
2711 2117 3066 2187 Ἰερουσαλὴμ
3089 2118 3493 2190 ἁποτελουμένη
3529 2121 3664 2174 κατὰ
3699 2123 3772 2174 τὸν

2219 2208 2494 2271 Μωῦσέως
2527 2208 2688 2278 νόμον
2711 2208 2952 2282 λατρεία.
2993 2209 3184 2276 Σαφῶς
3213 2210 3268 2262 δὲ
3297 2213 3390 2264 καὶ
3429 2213 3464 2282 ἡ
3507 2214 3773 2284 amicta

537 2301 648 2356 τῶν
693 2303 759 2357 δι’
807 2305 972 2358 αὑτοῦ
1030 2303 1522 2374 καταπεφευγότων
1563 2304 1784 2357 ἐπἰ·τὸν
1833 2303 1942 2356 τῶν
1989 2303 2124 2356 ὅλων
2161 2302 2292 2356 Θεὸν
2321 2303 2488 2356 ἐθνῶν
2532 2302 2678 2374 ἔργῳ
2741 2303 3078 2375 πληροῦσθαι
3127 2307 3328 2377 ἡρξατο
3377 2307 3486 2360 ἀπὸ
3525 2308 3630 2360 τῶν
3681 2306 3772 2376 ’τῆς

539 2403 842 2471 παρουσίας
868 2400 1032 2455 αὑτοῦ
1064 2401 1290 2472 χρόνων,
1323 2399 1464 2454 κατὰ
1492 2401 1590 2473 τὴν
1617 2400 1708 2454 τοῦ
1749 2397 1941 2453 Ἰακὼϐ
1977 2401 2332 2470 προφητείαν.

609 2492 676 2548 Et
707 2495 1078 2566 haac‘quidem
1129 2495 1176 2552 si
1219 2495 1288 2550 de
1319 2495 1543 2566 proprio
1587 2503 1805 2566 sceptro
1845 2495 2120 2566 intelliga—

538 2601 686 2650 mus,
727 2605 745 2638 ι
774 2603 885 2642 ηοη
920 2587 1200 2644 auferetur
1219 2598 1496 2660 sceptrum
1521 2589 1588 2644 de
1612 2587 1783 2656 Juda;
1819 2609 1837 2641 ι
1871 2590 1916 2646 si
1946 2590 2118 2661 priori

537 2677 685 2733 hmic
714 2680 872 2750 quasi
906 2687 1336 2736 consentaneum
1364 2683 1841 2738 accommodemus
1866 2698 2112 2748 sensum,

535 2769 818 2827 Christum
876 2772 1148 2844 significat
1197 2771 1370 2828 Iudas
1425 2773 1480 2827 in
1526 2774 1807 2843 praecitato
1859 2777 1998 2838 loco,
2059 2783 2115 2830 et

541 2887 562 2919 ‹
595 2883 704 2923 non
744 2868 1022 2923 auferetur
1051 2877 1325 2940 sceptrum
1357 2869 1424 2925 de
1450 2869 1609 2936 Juda,
1655 2889 1672 2920 ι
1706 2870 1772 2924 ad
1815 2871 1938 2926 illos
1988 2885 2112 2940 spe-

535 2967 651 3014 ctat
681 2961 774 3030 qui
801 2969 923 3030 post
955 2960 1234 3016 Christum
1266 2960 1434 3017 duces
1467 2969 1520 3018 et
1551 2961 1827 3032 principes
1855 2961 2114 3018 Ecclesize

537 3051 762 3106 luerunt
800 3072 811 3106 :
848 3053 949 3106 hos
981 3054 1268 3123 prophetia
1296 3053 1434 3107 dicit
1483 3070 1590 3108 non
1623 3053 1937 3113 defecturos
1967 3071 2111 3121 esse,

540 3160 557 3188 ι
587 3139 760 3196 donec
786 3141 967 3196 veniat
994 3144 1088 3212 qui
1115 3141 1412 3198 mittendus
1442 3150 1560 3206 est;
1593 3164 1610 3196 ο
1646 3147 1802 3214 quasi
1831 3144 2116 3200 manifeste

533 3234 762 3296 diceret,
798 3235 972 3290 donec
1005 3237 1190 3291 veniat
1219 3251 1340 3308 quae
1371 3237 1420 3292 ei
1465 3238 1682 3294 decreta
1732 3247 1860 3293 sunt
1895 3240 1948 3292 in
1979 3255 2112 3294 con-

533 3327 956 3384 summationem
989 3328 1253 3394 futuram,
1285 3331 1527 3385 omnium
1557 3347 1786 3402 regnum
1821 3331 2106 3387 obtinebit.

531 3417 688 3485 Quod
720 3435 852 3475 vero
885 3419 1056 3476 duces
1092 3419 1298 3480 Christi
1344 3423 1644 3493 discipulos
1695 3433 1917 3480 sanctus
1951 3434 2109 3480 vocat

533 3509 792 3582 Spiritus,
823 3511 1175 3568 manifestum
1207 3521 1292 3572 est
1325 3531 1392 3570 ex
1420 3515 1488 3572 iis
1512 3532 1630 3586 qua:
1657 3515 1724 3570 de
1746 3514 1886 3571 Juda
1916 3516 2110 3571 dicun-

529 3614 619 3658 tur
660 3623 674 3659 :
717 3623 735 3654 ι
775 3601 856 3658 Tu
884 3621 1032 3668 vero,
1066 3605 1228 3661 homo
1263 3606 1558 3672 unanimis,
1587 3607 1696 3662 dux
1731 3623 1882 3663 meus
1909 3616 1962 3662 et
2013 3623 2103 3662 no-

532 3703 622 3752 tus
645 3711 800 3752 meus
835 3697 903 3751 ⁸ο.
936 3717 955 3748 ι
996 3697 1144 3764 Quos
1185 3698 1439 3770 religiose
1487 3699 1750 3764 colentes,
1783 3700 1877 3770 qui
1919 3715 2108 3753 eorum

532 3789 738 3846 divinis
795 3791 1136 3860 sincerisque
1180 3797 1232 3845 et
1266 3791 1473 3845 sanctis
1519 3791 1702 3847 verbis
1731 3791 2106 3856 crediderunt,

529 3883 755 3938 minime
785 3883 1100 3938 conturbari
1134 3885 1353 3948 debent,
1385 3899 1487 3940 nec
1517 3883 1569 3938 in
1601 3883 1704 3938 fide
1733 3899 1832 3941 sua
1866 3899 2110 3940 commo-

529 3973 644 4027 νει-ἰ
678 3972 844 4042 hujus
879 3974 1144 4044 temporis
1171 3975 1672 4044 persecutionibus,
1713 3991 1777 4030 ac
1803 3977 2106 4046 praesertim

528 4075 594 4116 ea
625 4077 748 4132 quae
791 4078 939 4118 nunc
986 4063 1253 4120 adversus
1289 4080 1391 4120 nos
1413 4047 1902 4121 'vehementissime
1931 4066 2104 4130 smvit,

529 4153 769 4223 taliaque
784 4154 1047 4210 adversus
1069 4153 1344 4211 Ecclesias
1366 4163 1650 4228 totumque
1673 4159 1932 4228 populum
1950 4173 2106 4214 exer-

529 4243 665 4309 cuit,
697 4245 880 4314 qualia
909 4260 1011 4301 nec
1044 4247 1098 4300 in
1137 4247 1368 4302 historia
1415 4264 1678 4319 unquam,
1715 4264 1814 4304 nec
1847 4250 1902 4303 in
1933 4249 2106 4304 tradi-

527 4333 677 4390 tione
701 4351 868 4392 senex
890 4337 1072 4407 quivis
1099 4339 1413 4395 meminisse
1433 4349 1634 4410 potest.
1665 4339 1791 4394 Haec
1818 4356 1947 4396 vero
1967 4341 2106 4395 dici-

528 4439 672 4492 mus,
707 4443 777 4482 ne
813 4429 901 4483 cui
937 4427 1081 4484 forte
1111 4430 1400 4486 vidcantur
1433 4445 1556 4501 quae
1591 4447 1740 4486 nunc
1787 4446 1935 4488 saeva
1967 4432 2104 4502 pati—

527 4532 653 4572 mur
682 4518 751 4575 iis
801 4535 922 4591 qua
964 4521 1118 4591 prius
1166 4521 1406 4577 diximus
1437 4523 1598 4592 plane
1631 4524 1931 4587 contraria,
1975 4538 2100 4578 cum

2294 2497 2405 2548 Καὶ
2432 2495 2604 2549 ταῦτα
2643 2495 2742 2566 μὲν
2775 2497 2823 2548 εἰ
2861 2495 2936 2560 ὡς
2979 2496 3087 2550 ἀπὺ
3121 2497 3255 2561 ἰδίας
3305 2499 3484 2570 ἀρχῆς
3531 2501 3768 2566 ἀναγινώ-

2223 2603 2449 2659 σκοιμεν
2478 2587 2546 2641 τὰ
2569 2587 2674 2642 ἀπὸ
2703 2588 2816 2642 τοῦ·
2840 2608 2856 2640 ι
2876 2590 2990 2642 Οὐκ
3017 2589 3256 2660 ἐκλείψει
3287 2591 3470 2663 ἄρχων
3499 2593 3763 2657 ἐξΊούδαί

2221 2684 2269 2734 εί
2302 2681 2347 2734 δ’
2375 2681 2450 2744 ὡς
2507 2680 2798 2734 ἀκόλουθον
2828 2683 2894 2753 τῇ
2951 2681 3053 2752 πρὸ
3094 2683 3264 2754 αὐτῆς
3305 2685 3514 2756 διανοίᾳ
3557 2685 3648 2741 καὶ
3685 2687 3764 2756 τὴν

2224 2771 2363 2844 μετὰ
2397 2775 2584 2844 χεῖρας
2609 2773 2972 2844 συνάπτομεν,
3009 2773 3133 2845 ἐξῆς
3178 2774 3244 2828 ἂν
3272 2775 3380 2846 εἴη,
3423 2777 3518 2830 του
3559 2775 3764 2846 Χριστοῦ

2229 2861 2397 2915 Ἰούδα
2427 2879 2580 2933 νενοη
2589 2863 2748 2934 μένου
2771 2861 2914 2915 κατὰ
2938 2862 3006 2915 τὰ
3039 2863 3530 2934 προαποδεδομένα,
3545 2864 3649 2930 τὸ,ι
3671 2863 3765 2916 Οὐκ

2219 2954 2456 3024 ἐκλείψει
2487 2955 2668 3025 ἄρχων
2700 2954 2758 3021 ἐξ
2805 2954 2880 3024 (f.
2907 2953 3048 3023 7v°)
3087 2955 3274 3020 Ἰούδα,
3309 2974 3328 3007 ι
3375 2957 3468 3009 ἐπὶ
3491 2957 3612 3019 τοὺς
3649 2957 3762 3026 μετὰ

2219 3047 2310 3100 τδν
2330 3047 2563 3119 Χριστὸν
2578 3047 2844 3120 ἄρχοντας
2873 3048 2968 3102 καὶ
2995 3048 3330 3119 ἡγουμένους
3351 3049 3452 3118 τῆς
3469 3049 3764 3118 Ἐκκλησίας

2221 3139 2603 3210 ἐκλαμϐάνειν,
2635 3139 2788 3211 οὒςὴ
2843 3139 3150 3211 προφητεία
3199 3141 3363 3209 φησὶν
3413 3140 3487 3211 μὴ
3525 3140 3762 3209 ἐκλείψειν

2224 3251 2242 3282 ι
2273 3231 2379 3300 ἓως
2410 3230 2475 3284 ἂν
2507 3231 2633 3304 ἔλθῃ
2671 3231 2740 3284 τὰ
2776 3231 3114 3299 ἀποκείμενα
3143 3231 3322 3302 αύτῷ·
3351 3251 3370 3282 ι
3409 3233 3484 3294 ὡς
3519 3234 3566 3283 εξ
3617 3231 3760 3299 σαφέ⁸

2215 3339 2408 3395 στερον
2437 3323 2639 3393 ἔλεγεν,
2670 3324 2775 3388 ἕως
2797 3323 2861 3377 ἂν
2893 3322 3022 3397 ἔλθῃ
3051 3323 3118 3376 τὰ
3142 3324 3481 3394 ἀποκείμενα
3515 3323 3652 3393 αὐτῷ
3681 3325 3764 3392 τῆς

2214 3416 2525 3482 συντελείας
2547 3417 2866 3488 ἐπιστάσης,
2899 3417 3195 3487 κομίσηται
3217 3417 3313 3487 τὴν
3347 3415 3492 3470 κατά
3521 3416 3624 3468 τῶν
3645 3415 3761 3466 ὅλων

2213 3510 2508 3582 βασιλείαν.
2540 3511 2661 3564 Ὅτι
2692 3510 2749 3564 δέ
2784 3511 2877 3564 καὶ
2907 3509 3244 3580 ἡγουμένους
3271 3511 3397 3574 τοὺς
3432 3509 3527 3562 τοῦ
3551 3507 3758 3580 Χριστοῦ

2215 3601 2462 3673 μαθητὰς
2491 3601 2552 3654 τὸ
2591 3601 2731 3655 θεῖον
2779 3601 3045 3654 ἀποκαλεῖ
3079 3601 3303 3670 Πνεῦμα
3338 3601 3509 3670 σαφές
3544 3601 3680 3652 ἐστιν
3705 3599 3758 3649 ἐκ

2208 3693 2303 3747 τοῦ
2343 3694 2592 3762 λέγεσθαι
2625 3696 2751 3766 περὶ
2783 3693 2875 3748 τοῦ
2909 3694 3097 3748 Ἰούδα·
3130 3713 3147 3742 ι
3172 3693 3243 3746 Σὺ
3271 3693 3348 3758 δὲ,
3385 3693 3630 3763 ἄνθρωπε
3667 3690 3757 3742 ίσό-

2207 3783 2366 3854 ψυχε,
2393 3781 2618 3855 ἡγεμών
2648 3801 2746 3854 μου
2782 3783 2876 3837 καλ¹
2896 3781 3110 3852 γνὼστα
3141 3801 3262 3852 μου.
3297 3801 3314 3832 ι
3351 3783 3460 3834 Καὶ
3493 3781 3684 3842 τούτοις
3709 3777 3754 3830 δὲ

2210 3875 2316 3946 χρὴ
2359 3875 2726 3946 προσέχοντας
2771 3877 2896 3939 τοὺς
2930 3876 3004 3940 ὡς
3053 3876 3218 3938 θείοις
3267 3875 3360 3926 καὶ
3410 3873 3628 3944 ἀληθέσι
3663 3871 3754 3932 τοῖς

2212 3969 2377 4039 ἱεροῖς
2405 3967 2583 4036 λόγοις
2611 3969 3043 4030 πεπιστευκότας
3071 3967 3334 4038 μηδαμῶς
3351 3965 3639 4038 θροεῖσθαι,
3669 3979 3752 4032 μη-

2207 4058 2264 4112 δὲ
2293 4059 2400 4129 μὴν
2445 4058 2685 4111 σείεσθαι
2718 4058 2816 4129 τὴν
2867 4058 3049 4111 πίστιν
3095 4059 3200 4112 ὑπὸ
3231 4059 3338 4112 τῶν
3387 4057 3530 4112 κατά
3561 4055 3750 4126 καιρὰς

2208 4149 2498 4220 διωγμῶν,
2546 4151 2643 4204 καὶ
2693 4152 2926 4222 μάλιστα
2971 4151 3064 4204 τοῦ
3115 4151 3410 4216 ἐνεστῶτος
3463 4151 3600 4222 ὑπὲρ
3649 4148 3752 4206 τινὲς

2209 4241 2428 4296 πώποτε
2481 4239 2817 4314 σφοδρότατα
2867 4241 2988 4296 καθ’
3049 4242 3205 4314 ἡμῶν
3260 4242 3617 4303 πνεύσαντος,
3677 4237 3751 4290 καὶ

2209 4331 2434 4386 τοιαῦτα
2475 4332 2881 4403 ἐπιδειξαμένου
2911 4331 3052 4385 κατά
3091 4349 3145 4385 τε
3177 4333 3284 4384 τῶν
3327 4329 3652 4399 Ἐκκλησιῶν
3675 4325 3750 4378 καὶ

2207 4426 2406 4489 παντὸς
2433 4424 2527 4478 τοῦ
2565 4423 2718 4490 λαοῦ,
2748 4427 2904 4478 ὁποῖα
2945 4424 3068 4478 οὕτε
3103 4423 3210 4477 ἀπὸ
3251 4422 3470 4495 γραφῆς
3511 4419 3628 4474 οὔτε
3665 4417 3749 4488 μὴν

2209 4522 2272 4574 ἐκ
2305 4520 2655 4591 παραδόσεως
2681 4519 2922 4589 ἀρχαίων
2953 4535 3036 4579 τις
3067 4515 3490 4588 ἐμνημόνευσεν.
3515 4507 3748 4566 Ταῦτα-δέ

527 4621 705 4680 neque
735 4611 884 4667 coire
928 4611 1115 4668 fideles
1159 4612 1396 4683 possint,
1447 4628 1624 4682 neque
1661 4613 1880 4669 decreta
1930 4614 2098 4669 duces

2218 4630 2412 4683 φαμεν,
2460 4613 2582 4664 ἐπεὶ
2624 4611 2765 4680 τάχα
2805 4609 3006 4673 δόξειεν
3049 4609 3308 4680 ἄντικρυς
3371 4605 3514 4660 κατά
3557 4604 3644 4656 τὸν
3683 4602 3750 4654 ἐν·

526 4701 789 4760 Ecclesize
819 4707 1133 4778 praecipere.
1159 4707 1524 4765 Veracissima
1563 4709 1730 4780 igitur
1767 4723 1892 4763 cum
1925 4709 1995 4763 sit
2025 4707 2102 4762 di-

499 4785 733 4850 'vinitus
763 4795 1029 4866 inspirata
1061 4797 1370 4871 Scriptura,
1405 4800 1738 4856 credendum
1766 4807 1851 4856 est
1880 4815 1974 4854 eos
1997 4799 2098 4854 du-

523 4901 614 4943 ces
646 4903 754 4944 non
792 4891 1015 4945 omnino
1031 4891 1326 4959 defecisse,
1356 4894 1456 4948 etsi
1478 4891 1804 4963 quibusdam
1833 4890 2101 4947 defecisse

519 4975 832 5034 videantur.
879 4979 1023 5036 Deus
1055 4981 1200 5036 enim
1241 4983 1525 5053 Propheta:
1553 4982 1744 5038 dicens
1779 4995 1794 5035 :
1834 5001 1852 5032 ‹
1883 4981 2099 5052 Reliqui

521 5071 656 5126 mihi
691 5079 899 5143 septem
947 5076 1117 5132 millia
1157 5077 1426 5140 virorum,
1454 5077 1548 5147 qui
1585 5091 1697 5130 non
1730 5083 2099 5130 curvaverunt

523 5180 704 5235 genua
731 5175 856 5222 ante
899 5167 1122 5234 Baal‘“,
1166 5187 1185 5220 ι
1223 5171 1476 5239 querenti
1545 5167 1691 5239 quod
1734 5169 1909 5224 solum
1970 5184 2094 5224 eum

522 5257 737 5313 ueteris
761 5253 992 5314 sublatis
1009 5260 1143 5331 reiiq
1155 5261 1342 5324 uisset,
1363 5261 1479 5331 ipse
1511 5276 1655 5315 nunc
1670 5269 1723 5316 et
1739 5260 1934 5331 dignos
1961 5257 2098 5314 Pro-

521 5347 762 5403 videntia
805 5364 906 5404 sua
951 5350 1194 5422 inspicit,
1244 5371 1264 5404 ι
1315 5353 1574 5422 reliquias
1622 5353 1927 5408 secundum
1987 5351 2098 5406 ele-

520 5441 758 5494 rtionem
798 5441 985 5511 gratia:
1008 5441 1133 5483 ⁸’-⁸³
1172 5463 1192 5494 ι
1229 5453 1281 5498 et
1299 5444 1455 5498 nobis
1473 5459 1806 5498 conservans
1837 5458 1866 5496 a
1897 5457 1954 5497 se
1977 5457 2098 5495 mu-

521 5531 670 5586 nitos
695 5537 750 5586 et
778 5547 838 5587 se
871 5549 1039 5588 unum
1087 5535 1536 5606 contemplantes.
1571 5533 1646 5590 De
1679 5534 1879 5605 quibus
1907 5543 1960 5588 et
1989 5533 2096 5603 ipsi

519 5623 832 5681 diceremus
882 5643 896 5680 :
957 5645 978 5677 ι
1031 5626 1148 5682 Nisi
1201 5627 1463 5684 Dominus
1511 5627 1749 5683 Sabaoth
1789 5625 2099 5695 reliquisset

599 5780 646 5813 ³⁸
683 5779 830 5838 Bsal.
865 5797 976 5842 Liv.
1013 5783 1080 5838 M
1177 5785 1220 5816 ⁸³
1259 5784 1414 5842 Boru.
1451 5799 1537 5842 χι.
1569 5787 1624 5838 4.
1703 5781 1828 5826 ⁸²-⁸³
1863 5779 1992 5838 ibid.
2029 5781 2082 5836 5.

2208 4704 2419 4758 εστῶτα
2437 4703 2673 4774 διωγμὸν
2693 4703 2954 4757 τάναντία
2981 4699 3381 4772 συμϐεϐηκέναι
3413 4702 3526 4762 τοῖς
3556 4693 3748 4767 είρημέ-

2211 4815 2344 4862 νοις,
2379 4796 2468 4850 διὰ
2493 4796 2554 4850 τὸ
2595 4796 2728 4867 μηδέ
2771 4794 3046 4866 ἄθροισμα
3095 4793 3190 4846 νῦν
3239 4792 3554 4846 συνεστάναι
3581 4790 3746 4846 δοκεῖν,

2211 4892 2346 4962 μήτε
2367 4890 2458 4942 τὸν
2481 4888 2683 4942 κανόνα
2705 4886 2812 4940 τῶν
2827 4889 2927 4958 τῆς
2943 4885 3264 4952 Ἐκκλησίας
3287 4883 3577 4955 ἀρχόντων.
3597 4879 3746 4947 Ἀψευ-

2206 4979 2329 5043 δοῦς
2347 4979 2621 5049 τοιγάρτοι
2648 4975 3018 5047 τυγχανούσης
3036 4974 3136 5045 τῆς
3155 4971 3512 5028 θεοπνεύστου
3533 4966 3742 5040 Γμφῆςν

2208 5071 2497 5125 πεπεῖσθαι
2531 5071 2637 5142 χρὴ
2661 5071 2742 5124 ὅτι
2787 5069 2861 5141 μὴ
2893 5068 3109 5130 πάντως
3141 5064 3415 5128 ἐξέλειπον
3441 5065 3490 5116 οἱ
3520 5073 3744 5132 προειρη-

2209 5165 2380 5236 μένοι,
2411 5164 2460 5216 ei
2489 5164 2583 5217 καὶ
2604 5161 2806 5216 δοκοῖέν
2837 5177 2976 5214 τισιν
3004 5157 3370 5212 ἐκλελοιπέναι
3390 5174 3404 5188 ο
3427 5159 3456 5210 ὀ
3481 5155 3582 5228 γὰρ
3603 5151 3742 5206 eiram

2201 5257 2279 5328 τῷ
2311 5257 2572 5328 Προφὴτῃ
2603 5255 2733 5319 Θεὸς
2757 5293 2771 5318 ,
2803 5275 2822 5304 ι
2855 5253 3163 5308 Κατέλιπον
3197 5249 3418 5320 ἐμαυτῷ
3463 5251 3740 5312 ἑπτακισχιο

2202 5350 2348 5412 λίους
2380 5349 2601 5421 ἄνδρας,
2645 5348 2836 5410 οἵτινες
2867 5347 2966 5399 οὐκ
2998 5343 3246 5414 ἔκαμψαν
3273 5341 3401 5410 γόνυ
3445 5343 3510 5410 τῇ
3550 5335 3692 5392 Βάαλ.
3719 5351 3732 5380 ι

2202 5441 2523 5512 ὑπειληφότι
2565 5439 2725 5512 μόνον
2760 5439 2922 5494 αὐτὸν
2963 5434 3366 5506 περιλελεῖφθαι
3413 5431 3520 5484 τῶν
3567 5421 3738 5512 λοιπῶν

2203 5511 2577 5605 ἀνῃρημένων,
2604 5536 2632 5586 ὁ
2669 5532 2830 5594 αὐτὸς
2857 5531 2950 5583 καὶ
2980 5529 3074 5582 νῦν
3107 5527 3232 5591 τοὺς
3261 5524 3445 5592 ἀξίους
3483 5521 3576 5594 τῆς
3600 5511 3732 5605 αὐτού

2205 5601 2458 5698 προνοίας
2486 5627 2676 5696 ἐφορᾷ,
2721 5645 2738 5676 ι
2768 5623 2972 5694 λεῖμμα
2999 5623 3114 5676 κατ’
3141 5618 3370 5688 ἐκλογὴν
3393 5615 3602 5686 χάριτος
3623 5628 3637 5660 ι
3658 5601 3730 5656 καὶ
