3954 6506
493 376 628 433 1051

1235 377 1504 434 EUSEBII
1537 377 2018 435 CAESARIENSIS
2057 373 2206 432 OPP.
2253 375 2431 431 PARS
2461 374 3046 432 lll.-E.\EGETICA.

3611 375 3634 428 i
3643 377 3740 431 052

491 507 626 548 vero
653 491 806 547 visus
838 499 922 547 est
955 506 1064 546 non
1117 490 1404 555 Dominus,
1443 493 1538 548 sed
1569 507 1826 564 angems;
1861 493 2076 547 vocavit

2206 506 2362 561 ὀρσιν
2389 507 2400 520 ·
2455 489 2682 552 ἐκείνοις
2740 489 2846 558 γὰρ
2889 489 2982 542 ἆτε
3027 488 3234 557 μείζοσι
3271 487 3365 540 καὶ
3407 487 3738 562 τελειοτέροις

493 600 619 638 eum
655 599 764 638 non
787 584 900 652 jam
933 582 1179 653 angelus,
1214 583 1307 637 sed
1345 583 1624 639 Dominus.
1663 583 1922 640 Dominus
1952 586 2072 656 qui—

495 678 618 732 dem
653 683 771 730 erat
799 674 1140 744 pratcipiens,
1177 677 1401 747 angelus
1436 692 1564 730 vero
1593 677 1775 730 divina
1815 693 2076 748 exseque-

497 767 659 821 batur
691 764 966 820 mandata.
1003 763 1133 820 lude
1165 765 1440 820 interdum
1477 765 1654 836 legere
1682 774 1764 822 est
1801 767 1854 820 in
1887 775 2076 824 sancto

495 857 788 928 Apostolo:
813 875 832 907 ‹
855 856 960 921 Qui
995 856 1146 912 solus
1177 857 1400 912 ordinas
1432 873 1529 927 per
1563 861 1792 932 angelos
1819 861 1875 912 in
1910 874 2074 913 manu

499 948 818 1004 Mediatoris
851 948 935 1015 9';
973 967 990 1000 ι
1026 955 1079 1002 et
1108 967 1121 1002 :
1165 967 1183 999 ι
1221 947 1278 1002 Si
1309 951 1454 1003 enim
1489 951 1581 1021 qui
1603 967 1709 1020 per
1745 951 1967 1020 angelos
1995 951 2076 1004 di—

497 1047 620 1092 ctus
663 1044 746 1092 est
787 1052 990 1100 sermo,
1039 1034 1218 1091 factus
1263 1047 1349 1092 est
1393 1039 1580 1094 ﬁrmus
1611 1040 1678 1094 9‘.
1727 1059 1745 1090 ›
1791 1037 2078 1094 Manifeste

499 1129 667 1199 igitur
702 1128 930 1198 angelus
955 1129 1228 1197 apparuit,
1264 1137 1318 1184 et
1349 1129 1613 1184 Dominus
1635 1147 1731 1200 per
1755 1145 1878 1186 eum
1902 1131 2080 1183 mani-

499 1225 823 1280 festabatur.
859 1223 971 1278 Nec
1003 1225 1168 1279 semel
1224 1225 1468 1282 invenias
1499 1227 1559 1281 in
1599 1228 1748 1282 omni
1782 1229 1898 1299 lege
1932 1228 2082 1283 Scri-

501 1323 720 1384 pturam
756 1313 1088 1372 indicantem
1125 1312 1294 1384 Moysi
1329 1315 1509 1369 visum
1552 1315 1724 1372 fuisse
1779 1317 1949 1371 Deum
1997 1319 2082 1373 vel

503 1401 818 1468 Dominum,
846 1403 994 1472 quod
1031 1401 1098 1456 de
1141 1404 1274 1458 solis
1303 1404 1482 1464 tribus
1511 1407 1844 1476 patriarchis
1871 1407 2086 1462 videtur

504 1509 629 1548 esse
655 1493 884 1548 dictum.
908 1494 954 1546 E
984 1495 1186 1566 quibus
1226 1505 1471 1565 apertum
1518 1505 1602 1553 est
1654 1513 1872 1554 onmem
1907 1501 2080 1570 legero

507 1583 790 1639 Hebraicae
821 1587 998 1656 gentis
1029 1587 1366 1652 hominibus,
1392 1595 1454 1642 ut
1485 1596 1667 1644 mente
1691 1590 2084 1648 inﬁrmioribus

506 1680 561 1728 et
584 1675 688 1734 sub
718 1674 856 1730 duce
879 1678 1212 1744 constitutis,
1237 1679 1494 1733 traditam
1525 1683 1684 1750 quasi
1709 1697 1808 1752 per
1837 1684 2087 1755 paedago-

508 1784 606 1838 gos
639 1777 802 1840 atque
848 1773 1222 1830 moderatores
1271 1775 1464 1840 fuisse,
1501 1793 1602 1832 nec
1649 1794 1756 1833 non
1795 1781 1974 1852 typiee
2005 1783 2084 1839 eis

509 1871 564 1917 et
595 1865 894 1933 symbolice
924 1867 1107 1922 divina
1144 1870 1400 1925 mandata
1425 1873 1665 1928 revelata
1695 1873 1885 1943 fuisse,
1922 1885 2082 1946 prout

511 1953 762 2010 altiorem
810 1957 1222 2030 spiritalemque
1277 1961 1624 2034 disciplinam
1677 1968 1928 2037 accipere
1977 1984 2088 2023 non

508 2047 841 2114 valentibus,
889 2052 1217 2136 quippe-qui
1270 2055 1594 2128 Egyptiaca
1646 2059 1876 2114 mollitie
1931 2061 2088 2131 pueri

511 2139 728 2195 educati
759 2153 936 2206 erant,
969 2153 1022 2200 et
1047 2147 1218 2202 multa
1246 2148 1424 2202 adhuc
1454 2151 1812 2207 conversione
1841 2153 2092 2224 indigen-

512 2231 850 2300 tes;quibus
886 2234 1027 2304 ignis
1047 2251 1172 2292 esse
1207 2237 1348 2293 Deus
1375 2237 1580 2293 dicitur
1617 2259 1631 2295 :
1668 2259 1686 2292 ι
1731 2239 1876 2296 Deus
1907 2250 2094 2297 noster

513 2323 657 2394 ignis
684 2339 1014 2383 consumens
1053 2329 1122 2392 ³⁵,
1165 2347 1183 2380 ι
1212 2331 1358 2399 quod
1395 2332 1618 2389 minime
1649 2334 1715 2390 de
1764 2335 2091 2405 patriarchis

514 2415 739 2473 dicitur.
773 2417 975 2476 Verum
1001 2437 1126 2476 cum
1155 2425 1279 2478 illos
1301 2425 1456 2495 jubet
1488 2442 1546 2482 se
1575 2427 1866 2497 puriﬁcare
1897 2437 1956 2484 ut
1979 2431 2096 2501 glo-

514 2509 652 2564 riam
689 2511 902 2568 Domini
938 2515 1179 2582 videant,
1210 2531 1319 2572 non
1363 2520 1506 2574 sicut
1555 2520 1623 2576 de
1670 2521 2004 2587 Abrahamo,
2042 2531 2096 2578 et

513 2599 727 2668 lsaaco,
753 2613 808 2658 et
833 2604 1038 2660 Jacobo
1066 2609 1383 2679 simpliciter
1396 2610 1599 2664 dicitur
1618 2610 1787 2666 Deum
1805 2614 1886 2668 eis
1917 2614 2096 2670 visum

515 2709 660 2759 esse,
709 2697 802 2751 sed
847 2697 962 2753 haec
1008 2700 1204 2756 eadem
1235 2703 1407 2757 multo
1455 2710 1510 2756 et
1552 2704 1794 2759 terriﬁco
1829 2713 2096 2776 apparatu

517 2797 858 2842 narrantur:
892 2807 912 2840 ι
968 2789 1201 2862 Jamque
1259 2793 1552 2849 advenerat
1589 2797 1787 2851 tertius
1846 2796 1985 2860 dies,
2045 2807 2100 2854 et

520 2891 682 2930 niane
707 2876 1044 2933 inclaruerat
1065 2899 1078 2935 :
1103 2889 1156 2937 et
1177 2897 1303 2938 ecce
1331 2893 1617 2953 cmperunt
1635 2885 1812 2940 audiri
1834 2887 2096 2951 tonitrua,

521 2981 588 3020 ac
634 2968 838 3024 micare
889 2969 1143 3042 fulgura,
1197 2979 1252 3028 et
1299 2974 1476 3030 nubes
1513 2976 1842 3032 densissima
1887 2979 2102 3048 operire

523 3067 789 3122 montem,
830 3061 1164 3134 clangorque
1195 3064 1440 3121 buccina;
1479 3068 1855 3125 vehementius
1889 3079 2100 3142 strepe-

523 3149 638 3203 bat.
669 3148 734 3202 Et
766 3151 950 3206 timuit
981 3155 1216 3224 populus
1249 3156 1342 3226 qui
1371 3163 1490 3211 erat
1524 3158 1578 3212 in
1613 3160 1831 3216 castris.
1856 3161 2105 3233 Cumque

524 3239 804 3296 eduxisset.
819 3253 916 3298 eos
933 3241 1144 3314 Moyses
1162 3246 1216 3299 in
1231 3260 1522 3303 occursum
1543 3247 1637 3306 Dei
1660 3250 1726 3304 de
1747 3251 1872 3306 loco
1892 3263 2107 3309 castro-

527 3347 673 3398 rum,
733 3343 1002 3392 steterunt
1053 3338 1122 3392 ad
1175 3340 1391 3396 radices
1444 3344 1668 3400 montis.
1713 3343 1885 3402 Totus
1924 3355 2106 3404 autem

527 3441 686 3482 mons
721 3425 872 3483 Sinai
908 3429 1203 3487 fumabat:
1235 3449 1301 3488 eo
1333 3435 1478 3504 quod
1512 3435 1888 3494 descendisset
1923 3439 2106 3494 Domi-

529 3531 633 3572 nus
659 3534 822 3589 super
847 3537 971 3576 eum
1004 3522 1058 3577 in
1091 3525 1234 3594 igne,
1269 3534 1322 3580 et
1352 3528 1675 3584 ascenderet
1725 3529 1913 3588 fumus
1951 3549 2016 3588 ex
2045 3549 2110 3589 eo

529 3611 690 3676 quasi
724 3613 792 3667 de
839 3613 1060 3670 fornace
1097 3635 1111 3672 :
1145 3625 1198 3672 et
1237 3619 1419 3674 stabat
1457 3622 1638 3677 omnis
1679 3625 1916 3694 pepulus
1947 3627 2110 3682 vehe-

533 3709 746 3756 menter
784 3707 1140 3762 conterritus.
1195 3707 1262 3764 Et
1309 3713 1525 3768 sonitus
1569 3713 1818 3772 buccinae
1849 3719 2110 3787 paulatim

533 3795 816 3848 crescebat
845 3797 899 3850 in
927 3799 1109 3867 majus
1141 3809 1196 3854 et
1224 3803 1490 3870 prolixius
1519 3805 1864 3861 tendebatur.
1903 3807 2114 3878 Moyses

537 3883 863 3953 loquebatur
895 3896 950 3942 et
985 3888 1130 3945 Deus
1173 3894 1539 3963 respondebat
1587 3899 1657 3952 ei.
1719 3897 2116 3968 Desccmlitque

539 3973 806 4030 Dominus
833 3993 999 4048 super
1033 3990 1272 4036 montem
1301 3983 1476 4051 Sinai,
1513 3987 1567 4040 in
1601 3987 1721 4056 ipso
1764 3991 1965 4044 montis
1999 4006 2116 4044 ver-

537 4065 666 4129 tice,
698 4074 752 4120 ct
789 4071 1001 4124 vocavit
1036 4071 1274 4144 Moysem
1322 4075 1390 4140 9‘,
1431 4095 1449 4127 ι
1485 4085 1539 4131 ει
1579 4079 1804 4148 reliqua.
1843 4079 1968 4133 lla-c
1998 4081 2119 4150 qui-

542 4156 665 4210 dem
701 4159 1058 4218 descendisse
1106 4163 1396 4220 Dominum
1429 4175 1718 4232 testantur,
1757 4171 1909 4226 visus
1937 4179 2118 4226 autem

539 4247 711 4304 fuisse
758 4251 981 4308 minime
1045 4253 1238 4320 fertur,
1293 4261 1438 4329 quod
1491 4260 1558 4315 de
1611 4262 1744 4316 solis
1791 4263 2120 4331 patriarcliis

539 4339 888 4398 observatum
920 4353 1024 4400 est.
1059 4347 1275 4404 Domini
1339 4353 1505 4420 igitur
1558 4355 1846 4422 praesentia
1899 4353 2116 4424 quidem

543 4428 684 4484 facta
747 4442 854 4498 est,
900 4453 1007 4489 non
1038 4446 1221 4492 autem
1259 4443 1396 4496 visio
1443 4443 1649 4514 ipsius;
1689 4443 1805 4506 sed,
1850 4451 1908 4496 ut
1947 4453 2114 4512 patet,

541 4522 838 4624 satellitum
887 4527 989 4580 sibi
1043 4531 1379 4600 angelorum,
1417 4535 1619 4605 quibus
1674 4536 1881 4589 utiliter
1915 4539 2114 4605 populo
2153 4571 2196 4624 υ

543 4611 942 4670 formidandam
998 4635 1062 4673 ac
1099 4623 1392 4678 terriﬁcam
1425 4627 1690 4682 visionem
1741 4625 1941 4689 cﬂ'ccit,
1989 4643 2122 4697 pru-

542 4703 732 4760 denter
747 4711 1039 4766 consulens
1069 4721 1128 4766 ut
1150 4729 1337 4769 eorum
1370 4719 1636 4772 cautelam
1657 4719 1818 4772 simul
1842 4727 1895 4773 et
1913 4731 2122 4775 metum

527 4809 578 4852 rt
633 4799 688 4852 in
747 4817 804 4854 se
861 4801 1019 4857 ﬁdem
1059 4807 1326 4862 stabiliret
1377 4811 1440 4862 ad
1471 4811 1781 4865 custodiam
1825 4812 2124 4866 observan-

529 4897 604 4949 tia
627 4911 790 4964 mque
823 4897 1000 4968 legum
1033 4917 1172 4970 quas
1213 4903 1292 4956 eis
1353 4912 1728 4973 praaccpturus
1774 4913 1909 4959 erat.
1965 4905 2122 4972 Quod

531 4995 726 5038 autem
761 4987 944 5054 plures
973 4997 1129 5044 erant
1175 4991 1401 5046 liomino
1451 4995 1620 5064 legem
1660 4993 1894 5050 edicenti
1949 4994 2126 5049 famu—

532 5079 618 5130 ἔδει
643 5085 724 5132 tes
753 5082 950 5148 angeli,
979 5084 1090 5152 ipse
1115 5085 1326 5156 Moyses
1353 5087 1404 5140 in
1433 5087 1905 5142 benedictionibus
1938 5097 2125 5143 osten-

531 5168 610 5223 dit
667 5171 898 5228 dicens:
931 5194 950 5224 ι
1005 5175 1265 5233 Dominus
1299 5178 1365 5231 de.
1417 5178 1548 5240 Sina
1591 5179 1758 5246 venit,
1807 5188 1861 5236 et
1898 5181 1965 5234 de
2007 5179 2126 5235 Seir

551 5273 706 5318 ortus
738 5273 824 5321 est
873 5269 1032 5322 nobis
1071 5289 1081 5322 :
1137 5271 1387 5339 apparuit
1437 5271 1503 5325 de
1549 5281 1732 5326 monte
1801 5270 2039 5336 Pbaran,
2073 5279 2126 5327 et

553 5371 677 5410 cum
713 5373 778 5412 eo
809 5369 1125 5414 sanctorum
1173 5363 1360 5415 millia.
1413 5363 1469 5416 In
1529 5363 1720 5417 dextra
1775 5364 1895 5433 ejus
1950 5366 2128 5434 angeli

553 5463 677 5502 cum
711 5465 776 5504 eo
798 5452 864 5504 θ’.
889 5473 906 5502 ι
937 5451 1171 5521 Ideoque
1197 5453 1504 5522 Stephanus
1532 5456 1585 5508 in
1617 5455 1864 5520 Actibus,
1883 5471 2134 5524 cum-po—

557 5541 742 5610 pulum
797 5545 1140 5602 vehementer
1191 5547 1524 5616 objurgaret,
1551 5548 1672 5604 ait:
1715 5569 1734 5601 ι
1769 5549 1870 5615 Qui
1914 5550 2126 5618 accepi-

633 5785 680 5818 "
743 5786 917 5842 Galat.
957 5805 1042 5858 tu,
1085 5791 1166 5846 i9.

1243 5793 1287 5824 θ’
1330 5791 1490 5849 Hebr.
1529 5809 1599 5856 ll,
1637 5791 1690 5845 2.
1769 5793 1811 5850 εδ
1857 5791 2008 5846 Deut.
2047 5807 2116 5850 Iv.
2161 5789 2248 5844 ‘25-

2177 582 2338 644 αῦτὸς
2368 581 2543 649 ῶφθη,
2573 581 2662 632 xal.
2693 579 2758 630 δι’
2795 577 2984 630 ἑαυτοῦ
3009 578 3106 646 τὴν
3126 576 3402 647 Διαθήκην
3433 578 3591 630 αὑτοῦ
3619 581 3740 650 πρὸς

2177 675 2372 736 αὐτοὺς
2402 673 2659 740 ἔστησεν·
2700 671 2790 724 ἐπὶ
2825 669 2878 722 δὲ
2903 669 2997 722 τοῦ
3027 669 3305 734 Μωῦσέως
3329 669 3482 739 ὤφθη
3531 673 3626 741 μὲν
3655 674 3744 744 οὐχ

2177 765 2204 817 6
2241 765 2462 834 Κύριος,
2493 763 2604 816 ἀλλ’
2636 765 2663 816 6
2714 763 2946 830 ἅγγελος
2969 781 2982 793 ·
3029 762 3254 815 ἐκάλεσε
3279 761 3336 814 δὲ
3383 761 3542 815 αὑτὸν
3575 763 3742 818 οὐκέτι

2179 859 2206 908 6
2239 855 2491 923 ἄγγελος,
2517 854 2632 908 ἀλλ’
2670 856 2697 906 6
2729 855 2932 923 Κύριος
2954 873 2965 884 ·
2999 853 3204 924 Κύριος
3240 854 3339 923 μὲν
3365 853 3474 923 γὰρ
3501 849 3568 924 ἦν
3591 857 3620 906 6
3644 855 3744 909 δια-

2179 946 2536 1014 ταττόμενος·
2574 945 2801 1014 ἄγγελος
2845 944 2901 996 δὲ
2934 945 2961 995 6
2993 943 3320 1006 τοὺςθείους
3353 943 3542 1011 λόγους
3579 944 3744 998 διακο-

2182 1041 2435 1109 νούμενος
2459 1057 2472 1069 ⁸
2501 1039 2623 1092 ὅθεν
2674 1039 2721 1090 εἰ
2765 1037 2858 1091 καί
2890 1054 2942 1089 τι
2993 1037 3120 1090 ἄλλο
3166 1035 3482 1106 θαυμασίως
3511 1037 3746 1106 ἐκπεφὼ-

2181 1145 2338 1199 νηται
2364 1129 2441 1198 τῷ
2477 1127 2606 1200 ἱερῷ
2643 1127 2970 1196 ’Λποστόλῳ,
3010 1126 3103 1180 καὶ
3147 1126 3227 1191 τὸ,
3281 1145 3298 1176 ι
3335 1126 3394 1179 Ὁ
3441 1126 3598 1196 μόνος
3643 1126 3746 1179 δια-

2181 1223 2354 1295 ταγῆς
2385 1221 2521 1288 (γεἰς
2548 1220 2638 1290 δι’)
2669 1219 2916 1288 ἀγγέλων
2945 1221 3003 1271 ὲν
3028 1219 3173 1290 χειρὶ
3208 1217 3450 1289 μεσίτου’
3483 1237 3502 1270 ι
3535 1219 3630 1271 καὶ
3661 1219 3744 1270 τό·

2190 1331 2207 1362 ι
2233 1313 2294 1364 Εἰ
2323 1312 2430 1384 γὰρ
2477 1313 2505 1363 6
2543 1312 2606 1364 δι’
2654 1310 2902 1380 ἀγγέλων
2935 1310 3188 1382 λαληθεὶς
3217 1310 3375 1379 λόγος
3423 1311 3640 1380 ἐγένετο
3673 1309 3748 1380 ﬁt-

2185 1405 2353 1467 ϐαιος.
2379 1424 2396 1454 ι
2433 1403 2626 1474 Σαφῶς
2653 1404 2784 1472 γοῦν
2823 1403 3050 1472 ἄγγελος
3088 1405 3336 1474 εἰσῆκται
3369 1405 3464 1457 καὶ
3498 1406 3528 1457 6
3561 1402 3748 1473 Κύριος

2185 1497 2250 1549 δι’
2303 1496 2470 1549 αὑτοῦ
2515 1493 2907 1568 χρηματίζων,
2957 1496 3052 1550 καὶ
3100 1497 3220 1550 οὐδὲ
3273 1493 3422 1561 ἅπαξ
3471 1495 3540 1549 ἂν
3585 1494 3750 1566 εὕροις

2185 1589 2250 1642 δι’
2283 1589 2410 1658 ὅλης
2436 1592 2534 1660 τῆς
2555 1587 2876 1658 νομοθεσίας
2895 1588 2996 1658 τὴν
3015 1588 3235 1659 Γραφὴν
3263 1588 3664 1660 σημειουμένην
3683 1589 3749 1652 ὼς

2187 1679 2266 1731 ὅτι
2301 1678 2365 1750 δὴ
2395 1677 2548 1749 ὤφθη
2579 1681 2606 1732 6
2629 1677 2816 1748 Θεὸςῆ
2849 1680 2878 1730 6
2907 1677 3112 1749 Κύριος
3136 1678 3214 1748 τῷ
3247 1681 3485 1746 Μωῦσεῖ,
3513 1681 3648 1751 ὅπερ
3671 1681 3750 1732 ἐπὶ

2194 1767 2369 1837 μόνων
2395 1767 2502 1820 τῶν
2529 1767 2694 1837 τριῶν
2717 1769 3071 1840 πατριαρχῶν
3097 1769 3383 1840 εἰρημένον
3406 1771 3718 1840 ἐμφαίνεται
3735 1791 3747 1802 ·

2190 1857 2266 1920 ὡς
2316 1859 2380 1910 ἐκ
2411 1857 2615 1911 τούτων
2651 1858 2820 1926 σαφὲς
2853 1853 2988 1911 εἶναι
3009 1898 3023 1922 ,
3057 1858 3156 1927 τὴν
3219 1861 3397 1912 πᾶσαν
3450 1860 3752 1929 νομοθεσίαν

2192 1953 2303 2013 τοῖς
2333 1949 2474 2002 κατὰ
2499 1950 2589 2003 τὸν
2637 1950 2759 2003 τότε
2787 1949 2932 2015 λαὸν,
2967 1945 3055 2004 οἷα
3093 1950 3158 2020 δὴ
3191 1951 3404 2020 νηπίοις
3451 1951 3552 2014 τὰς
3595 1952 3752 2022 ψυχὰς

2193 2045 2286 2096 καὶ
2328 2042 2718 2114 εἰσαγομένοις,
2743 2042 3021 2114 διδομένην
3065 2041 3260 2112 ὥσπερ
3283 2042 3372 2095 διὰ
3405 2043 3750 2110 παιδαγωγῶν

2196 2137 2291 2189 καὶ
2318 2136 2616 2206 οἰκονόμων
2641 2135 3058 2206 παραδεδόσθαι,
3093 2135 3338 2198 τυπικῶς
3359 2152 3418 2188 τε
3463 2135 3646 2198 αὐτοῖς
3671 2137 3751 2188 καὶ

2196 2223 2476 2287 εἰκονικῶς
2497 2224 2564 2276 τὰ
2597 2223 2716 2276 θεῖα
2741 2223 2828 2276 διὰ
2875 2221 3156 2293 συμϐόλων
3179 2221 3417 2293 ᾐνίχθαι,
3461 2221 3540 2292 τῷ
3573 2223 3644 2291 μὴ
3669 2223 3754 2290 τὴν

2201 2316 2612 2387 μυστικωτέραν
2645 2315 2746 2368 καὶ
2785 2315 3160 2386 πνευματικὴν
3193 2309 3306 2368 οἷόν
3329 2333 3389 2368 τε
3423 2316 3622 2379 αὐτοὺς
3655 2319 3756 2368 ἐπιρ

2197 2408 2452 2472 δέξασθαι
2478 2407 2845 2471 διδασκαλίαν,
2875 2407 2970 2462 ἆτε
2999 2407 3128 2475 γοῦν
3163 2411 3318 2462 παισὶ
3357 2409 3580 2482 τρόποις
3613 2412 3756 2475 Αἰγυ-

2201 2502 2376 2564 πτίοις
2407 2501 2838 2574 ὲκδιῃτημένοις,
2875 2501 2967 2553 καὶ
2993 2499 3193 2570 πολλῆς
3213 2501 3293 2553 ἔτι
3329 2501 3622 2572 χρῄζουσιν
3648 2505 3756 2554 ἐπι·

2202 2594 2510 2666 στρεφείας,
2560 2593 2671 2665 πῦρ
2713 2589 2850 2647 εἶναι
2883 2597 2912 2647 6
2963 2593 3112 2656 Θεὸς,
3165 2593 3304 2648 κατὰ
3335 2593 3426 2646 τό’
3485 2613 3504 2644 ι
3535 2594 3596 2646 '0
3644 2589 3756 2652 Θεδς

2200 2686 2357 2756 ἡμῶν
2400 2685 2512 2756 πῦρ
2543 2683 2956 2747 καταναλίσκον,
3001 2703 3020 2736 ι
3062 2685 3199 2755 ὅπερ
3239 2684 3492 2754 οὐδαμῶς
3531 2687 3626 2737 ἐπὶ
3666 2682 3756 2736 τῶν

2204 2776 2559 2848 πατριαρχῶν
2620 2777 2852 2848 εἴρηται.
2927 2776 3084 2829 Ἀλλὰ
3147 2777 3240 2830 καὶ
3297 2779 3385 2830 ὅτε
3453 2779 3758 2848 προστάττει

2203 2868 2524 2936 ἁγνίσασθαι
2563 2868 2759 2932 αὐτοὺς
2801 2869 2950 2931 ὅπως
2984 2867 3054 2939 (f.
3079 2868 3113 2922 8
3145 2869 3236 2939 νο)
3283 2868 3432 2923 ῐδωσι
3475 2870 3574 2942 τὴν
3625 2870 3762 2935 δόξαν

2205 2961 2436 3034 Κυρίου,
2471 2962 2570 3032 οὐχ
2589 2960 2778 3032 ὥσπερ
2813 2963 2906 3014 ἐπὶ
2932 2961 3028 3014 τοῦ
3064 2963 3315 3034 ’Δϐραὰμ
3345 2963 3441 3015 καὶ
3468 2961 3562 3014 τοῦ
3599 2963 3760 3015 Ἰσαὰκ

2207 3055 2301 3108 καὶ
2347 3053 2439 3108 τοῦ
2481 3053 2674 3108 Ἰακὼϐ
2717 3053 2902 3117 ἁπλῶς
2933 3052 3147 3125 εἴρηται
3191 3055 3273 3108 ὅτι
3327 3054 3481 3126 ὤφθη
3525 3055 3702 3117 αὐτοῖς
3738 3055 3764 3104 ό

2210 3145 2342 3209 Θεὸς
2361 3185 2375 3210 ,
2407 3145 2546 3216 μετά
2579 3145 2778 3216 πολλῆς
2821 3146 2878 3198 δὲ
2920 3145 3308 3217 καταπλήξεως
3341 3146 3432 3198 καὶ
3487 3145 3764 3214 φαντασίας

2212 3233 2348 3288 αὐτὰ
2365 3234 2428 3306 δὴ
2448 3234 2618 3288 ταῦτα
2640 3235 3068 3304 ἀνα-ίέγραπταιο
3103 3253 3120 3286 ι
3138 3225 3247 3288 Καὶ
3277 3235 3492 3302 ἐγένετο
3513 3237 3582 3305 τῇ
3605 3235 3765 3305 ἡμέρα

2211 3329 2278 3398 τῇ
2329 3326 2490 3399 τρίτῃ
2557 3325 2874 3396 γενηθέντος
2925 3323 3063 3395 πρὸς
3111 3325 3336 3398 ὄρθρον,
3401 3327 3495 3378 καὶ
3549 3326 3766 3394 ἐγίνοντο

2215 3423 2390 3490 φωναὶ
2417 3421 2510 3476 καὶ
2551 3421 2828 3491 ἀστραπαὶ
2871 3421 2966 3474 καὶ
3003 3421 3198 3490 νεφέλη
3241 3419 3518 3492 γνοφώδης
3565 3423 3656 3474 ἐπὶ
3689 3419 3764 3472 τεῦ

2213 3513 2405 3585 ὅρους,
2449 3513 2546 3568 καὶ
2593 3513 2743 3583 φωνὴ
2791 3507 3238 3584 τῆςσάλπιγγος
3283 3513 3406 3583 ἤχει
3459 3513 3636 3582 μέγα,
3691 3511 3768 3563 καὶ

2215 3608 2451 3680 ἐπτοήθη
2486 3608 2594 3670 πᾶς
2619 3609 2648 3660 6
2679 3605 2805 3680 λαὸς
2838 3607 2896 3658 ἐν
2925 3609 2991 3678 τῇ
3039 3603 3350 3676 παρεμϐολῇ
3373 3621 3386 3634 ο
3437 3605 3530 3657 καὶ
3553 3605 3766 3674 ἐξήγαγε

2216 3699 2458 3768 Μωῦσῆς
2483 3699 2574 3752 τὸν
2597 3699 2722 3752 λαὸν
2751 3702 2831 3764 είς
2862 3701 2961 3770 τὴν
2992 3699 3308 3767 συνάντησιν
3339 3697 3428 3751 τοῦ
3451 3697 3586 3750 Θεοῦ
3615 3699 3674 3750 ὲκ
3689 3699 3769 3764 τῆς

2218 3789 2590 3864 παρεμϐολῆς,
2625 3791 2720 3845 καὶ
2755 3793 3106 3862 παρέστησαν
3127 3792 3232 3846 ὑπὸ
3257 3793 3318 3844 τὸ
3350 3791 3474 3862 ὅρος
3519 3789 3698 3860 (Σινά-
3721 3789 3770 3839 τὸ

2217 3884 2385 3956 ὅρος)
2427 3882 2559 3936 Σινὰ
2605 3881 2924 3946 ὲκαπνίζετο
2967 3881 3086 3936 ὅλον
3124 3881 3212 3934 διὰ
3261 3883 3320 3934 τὸ
3368 3879 3770 3950 καταϐεϐηκένιι

2219 3978 2306 4028 ἐπ’
2336 3973 2500 4029 αὐτοῦ
2531 3973 2622 4028 τὸν
2651 3973 2783 4026 Θεὸν
2819 3975 2876 4026 ἐν
2911 3974 3076 4046 πυρί·
3110 3973 3204 4026 καὶ
3235 3972 3514 4025 ἀνέϐαινεν
3533 3975 3560 4024 6
3591 3969 3768 4030 καπνὸς

2221 4067 2384 4130 αὑτοῦ
2415 4066 2547 4122 ὡσεὶ
2581 4067 2784 4130 καπνὸς
2819 4067 3046 4138 καμίνου
3066 4083 3078 4096 ο
3111 4065 3202 4118 καὶ
3242 4065 3432 4134 ἐξέστη
3471 4065 3577 4126 πᾶς
3606 4065 3634 4116 6
3667 4061 3772 4120 λαὸς

2224 4161 2460 4233 σφόδρα·
2504 4159 2744 4228 ἐγίνοντο
2791 4159 2848 4211 δὲ
2881 4160 3054 4226 φωναὶ
3098 4161 3198 4228 τῆς
3244 4157 3540 4224 σάλπιγγος
3567 4153 3770 4226 προϐαί-

2221 4269 2407 4306 νουσαι
2443 4250 2783 4324 ἰσχυρότεραι
2803 4251 3028 4320 σφόδρα.
3046 4249 3288 4318 Μωῦσῆς
3319 4249 3516 4310 ἐλάλει,
3535 4250 3562 4300 6
3588 4239 3640 4300 δὲ
3659 4245 3770 4306 Θεὸς

2223 4344 2554 4414 ἀπεκρίνατο
2604 4342 2752 4414 αὐτῷ
2805 4343 2975 4413 φωνῇ,
3021 4341 3222 4411 κατέϐη
3273 4340 3328 4392 δὲ
3361 4339 3562 4409 Κύριος
3613 4339 3694 4390 ἐπὶ
3725 4335 3772 4386 τὸ

2222 4433 2346 4506 ὅρος
2368 4432 2428 4487 τὸ
2455 4433 2584 4500 Σινὰ
2605 4433 2696 4486 ἐπὶ
2719 4432 2816 4504 τὴν
2839 4431 3080 4503 κορυφὴν
3109 4429 3202 4482 τοῦ
3231 4430 3388 4500 ὅρους
3405 4447 3416 4458 ·
3455 4429 3546 4481 καὶ
3576 4427 3770 4480 ἐκάλεσε

2223 4527 2429 4599 Κύριος
2455 4527 2719 4596 Μωῦσῆν,
2745 4544 2764 4574 ι
2799 4524 2894 4577 καὶ
2927 4523 2996 4576 τὰ
3015 4522 3161 4592 ἑξῆς.
3191 4523 3312 4574 Ὅτι
3349 4522 3446 4590 μὲν
3477 4515 3570 4574 οὖν
3595 4517 3768 4582 κατέϐη

2229 4621 2433 4694 Κύριος
2469 4619 2556 4674 διὰ
2583 4618 2786 4673 τούτων
2823 4615 3267 4688 μεμαρτύρηταιο
3295 4615 3377 4666 ὅτι
3413 4613 3468 4666 δὲ
3509 4613 3600 4665 καὶ
3640 4609 3770 4677 ὤφθη

2229 4713 2412 4766 οὐκέτι
2455 4711 2690 4782 εἴρηται,
2721 4710 2750 4761 ὃ
2793 4707 2884 4760 ἐπὶ
2917 4706 3094 4776 μόνων
3121 4704 3229 4758 τῶν
3265 4701 3612 4773 πατριαρχῶν
3637 4698 3770 4766 τετή-

2232 4821 2409 4876 ρηται.
2441 4803 2648 4857 Οὐκοῦν
2687 4799 2955 4872 παρουσία
3009 4798 3106 4868 μὲν
3147 4796 3386 4864 ἐγεγόνει
3417 4795 3510 4848 τοῦ
3560 4791 3770 4862 Κυρίου·

2230 4895 2462 4948 ὀπτασία
2500 4894 2556 4946 δὲ
2590 4893 2690 4945 οὐκ
2735 4891 2921 4955 αὐτοῦ,
2954 4889 3090 4943 ἀλλὰ
3118 4887 3274 4958 δῆλον
3301 4887 3382 4940 ὅτι
3407 4885 3516 4938 τῶν
3543 4883 3668 4953 ἀμφ’
3695 4881 3774 4931 αὐ-

2229 4989 2320 5041 τὸν
2352 4987 2665 5059 δορυφόρων
2698 4983 2943 5053 ἀγγέλων
2963 5023 2976 5046 ,
3015 4981 3079 5034 δι’
3123 4973 3199 5034 ὧν
3255 4977 3537 5049 χρησίμως
3579 4973 3648 5043 τῷ
3679 4969 3772 5036 λαῷ

2231 5081 2466 5150 φοϐερὰν
2487 5080 2579 5132 καὶ
2603 5074 3050 5147 καταπληκτικὴν
3077 5072 3372 5142 ἐποιήσατο
3395 5069 3494 5140 τὴν
3516 5066 3768 5120 ὀπτασίαν,

2233 5173 2516 5226 εὐλάϐειαν
2544 5169 2680 5241 ὁμοῦ
2716 5187 2808 5222 και
2856 5165 3018 5236 φόϐον
3050 5164 3145 5218 καὶ
3191 5162 3372 5215 πίστιν
3405 5159 3500 5231 τὴν
3529 5161 3602 5221 εἰς
3631 5153 3772 5209 αὐτὸν

2233 5265 2497 5338 κρατῦναι
2532 5267 2590 5317 ὲν
2629 5263 2810 5324 αὐτοῖς
2833 5255 3292 5331 προμηθεόμενος.
3311 5255 3390 5316 εἰς
3435 5249 3662 5338 φυλακὴν
3695 5243 3772 5296 καὶ

2232 5337 2464 5432 τήρησιν
2496 5375 2604 5409 των
2637 5354 2937 5426 μελλόντων
2961 5350 3144 5412 αὐτοῖς
3185 5343 3564 5417 παραδίδοσθαι

2235 5453 2346 5506 Kal.
2367 5453 2448 5505 ὅτι
2475 5467 2540 5518 γε
2567 5449 2784 5509 πλείους
2815 5447 3105 5514 ἐτυγχανον
3141 5441 3188 5492 οἱ
3213 5437 3292 5508 τῷ
3321 5435 3508 5505 Κυρίῳ
3539 5429 3664 5485 κατὰ
3691 5425 3772 5494 τὴν

2237 5544 2555 5618 νομοθεσίαν
2593 5539 2996 5610 διακονούμενοι
3024 5535 3266 5605 ἄγγελοι.
3295 5529 3456 5593 αὐτὸς
3483 5525 3698 5592 Μωῡσῆς
3727 5521 3774 5569 ἐν

2331 5789 2372 5818 ε’*
2416 5785 2581 5838 Eunt.
2619 5799 2730 5846 xix,
2761 5779 2936 5832 ili-'10.
3016 5776 3058 5808 τη
3103 5775 3256 5828 llum.
3297 5785 3486 5822 tum.
