3954 6572
217 450 360 510 1053

1246 441 1538 500 autem
1563 396 2060 497 morm-mm.
2103 471 2171 482 -
2210 441 2340 500 LIB.
2377 442 2423 500 ι.

3326 447 3467 504 1058

211 581 336 644 ταῖς
371 574 647 644 εὐλογίαις
685 568 976 642 παρίστησι
1015 567 1216 636 λέγων’
1266 584 1285 616 ι
1318 564 1521 635 Κύριος
1557 562 1621 615 ὲκ
1661 560 1782 614 Σινὰ

1893 560 1995 616 stis
2038 561 2211 633 legem
2249 562 2304 618 in
2332 561 2695 635 dispositione
2714 563 3029 635 angelorum
3052 569 3106 620 et
3137 578 3246 619 non
3275 577 3468 623 custo‘
3536 620 3542 627 .

214 676 361 744 ἥκει,
396 672 492 724 καὶ
529 668 800 736 ὲπέφανεν
828 667 892 718 ὲκ
925 663 1051 732 Σεὶρ
1088 663 1252 733 ἡμῖν,
1284 658 1376 713 xal.
1417 656 1787 711 κατέσπευσεν
1893 653 2054 711 distis
2080 655 2150 710 ”.
2191 674 2210 708 ι

216 766 278 832 ἐξ
298 764 460 836 ὅρους
482 759 667 832 Φαρὰν
690 758 785 812 σὺν
819 754 1075 828 μυριάσιν
1103 751 1308 821 Κάδης,
1331 750 1395 802 ὲκ
1452 747 1641 812 δεξιῶν
1666 744 1832 800 αὐτοῦ
1868 746 2089 815 ἄγγελοι
2134 747 2251 818 μετ’
2288 744 2477 812 αὐτοῦ,
2526 766 2547 800 ι
2581 748 2675 802 καὶ
2699 746 2770 801 τὰ
2797 745 2955 820 ἑξῆςσ
2989 745 3055 800 δι’
3089 747 3117 801 ὃ
3143 748 3236 802 καὶ
3276 750 3304 802 6
3336 748 3466 802 Στέ⁹

216 874 385 926 φανος
417 857 476 909 ἐν
503 856 626 919 ταῖς
653 851 921 924 Πράξεσιν
943 848 1017 912 ὡς
1057 847 1194 919 πρὸς
1232 845 1321 900 τὸν
1359 845 1486 900 λαὸν
1518 842 1933 915 ἀποτεινόμενός
1954 857 2138 915 φησιν·
2166 862 2185 896 ι
2214 844 2426 909 Οἴτινες
2461 843 2685 900 ἐλάϐετε
2736 845 2833 901 τὸν
2889 845 3053 918 νόμον
3089 847 3170 911 είς
3207 845 3467 915 διαταγὰς
3502 862 3511 870 ’

211 946 484 1016 ἀγγέλων,
512 942 609 999 καὶ
638 942 739 996 οὐκ
769 936 1088 1010 ἐφυλάξατε.
1126 954 1145 987 ι

756 1046 1152 1105 ΚΕΦΑΛΑΙΟΝ
1190 1048 1248 1100 l'.

720 1142 856 1198 Ἀπὸ
886 1140 993 1211 τῆς
1031 1138 1294 1204 Ἐξόδου.

290 1260 310 1294 ι
347 1238 575 1311 Ἐξῆρεν
603 1235 660 1289 δὲ
685 1236 715 1288 6
735 1233 966 1303 ἄγγελος
992 1230 1087 1285 τοῦ
1110 1229 1244 1284 Θεοῦ
1267 1231 1295 1281 6
1318 1226 1788 1301 προπορευὸμενος

211 1332 325 1388 τῶν
357 1329 491 1384 υἱῶν
534 1325 748 1398 Ἰσραὴλ
773 1365 789 1390 ,
825 1325 920 1378 καὶ
974 1321 1243 1394 ἐπορεύθη
1293 1323 1358 1375 ἐκ
1411 1320 1521 1374 τῶν
1563 1318 1785 1372 ὄπισθεν

212 1420 428 1476 αὐτῶν·
470 1417 663 1488 ἐξῆρεν
706 1415 763 1468 δὲ
813 1415 906 1468 καὶ
952 1415 980 1467 6
1014 1412 1203 1476 στῦλος
1255 1411 1355 1483 τῆς
1407 1410 1635 1482 νεφέλης
1680 1409 1786 1479 πρὸ

210 1510 510 1583 προσώπου
559 1507 770 1563 αὐτῶν·
795 1496 910 1561 ’καὶ
954 1504 1223 1578 ἐπορεύθη
1267 1504 1362 1559 καὶ⁹
1408 1502 1535 1575 ἔστη
1572 1504 1636 1555 ἐκ
1679 1502 1786 1555 τῶν

210 1604 388 1658 ὀπίσω
426 1602 628 1662 αὐτῶν,
672 1600 764 1654 καὶ
792 1597 1035 1670 εἰσῆλθεν
1085 1596 1189 1651 ἀνά
1219 1598 1380 1667 μέσον
1428 1595 1526 1665 τῆς
1575 1611 1788 1666 παρεμ-

211 1696 377 1765 ϐολῆς
410 1694 518 1749 τῶν
564 1693 876 1763 Αἰγυπτίων
926 1693 1019 1747 καὶ
1072 1689 1177 1743 ἀνὰ
1210 1690 1373 1760 μέσον
1421 1689 1519 1758 τῆς
1576 1702 1787 1758 παρεμ-

210 1786 380 1857 ϐολῆς
408 1785 516 1839 τῶν
548 1784 680 1837 υἱῶν
729 1783 960 1855 Ἰσραήλ.
990 1801 1008 1832 ι
1042 1777 1155 1834 Εἶτ’
1186 1781 1245 1835 ὲν
1286 1782 1397 1844 τοῖς
1431 1778 1556 1850 ἑξῆς
1589 1780 1622 1849 ἡ
1668 1777 1787 1831 θεία

2516 1037 2746 1095 CAPUT
2775 1038 2845 1095 Χ.

2516 1132 2595 1185 Ab
2637 1131 2843 1187 Exodo.

1968 1244 1985 1276 ‹
2024 1223 2246 1281 Tollens
2275 1238 2335 1281 se
2366 1224 2597 1295 angelus
2622 1224 2861 1295 Domini,
2893 1230 2986 1296 qui
3009 1232 3351 1299 praecedebat
3375 1250 3469 1292 ca-

1891 1327 2006 1373 stra
2052 1317 2242 1384 Israel,
2274 1317 2408 1372 abiit
2460 1326 2583 1388 post
2619 1333 2758 1374 eos:
2805 1326 2861 1374 et
2889 1336 3013 1376 cum
3047 1338 3113 1378 eo
3140 1328 3347 1395 pariter
3373 1344 3468 1386 co-

1892 1412 2078 1466 lumna
2110 1411 2295 1478 nubis,
2325 1410 2514 1481 priora
2536 1411 2843 1478 dimittens,
2875 1422 3001 1485 post
3052 1425 3263 1489 tergum
3290 1423 3465 1486 'stetit,

1892 1503 2036 1557 inter
2093 1509 2278 1558 castra
2334 1499 2718 1573 Egyptiorum
2780 1511 2835 1558 et
2885 1515 3068 1562 castra
3126 1507 3388 1568 Israel”.
3442 1531 3464 1565 ι

1890 1592 2098 1648 Deinde
2124 1592 2179 1645 in
2201 1592 2270 1647 iis
2294 1607 2416 1663 quae
2445 1601 2752 1664 sequuntur
2779 1595 2964 1651 divina
2995 1598 3155 1654 docet
3182 1599 3469 1673 Scriptura

1893 1702 2014 1757 qua:
2040 1695 2188 1743 esset
2221 1686 2337 1740 haec
2371 1687 2567 1752 nubes,
2603 1687 2833 1744 dicens:
2874 1708 2894 1741 ι
2930 1690 3022 1745 Ait
3055 1700 3237 1747 autem
3281 1693 3471 1749 Domi-

1893 1796 1999 1835 nus
2028 1780 2096 1835 ad
2128 1779 2370 1852 Moysem
2409 1800 2422 1835 :
2450 1779 2570 1835 Jam
2598 1798 2749 1838 nunc
2774 1785 2991 1839 veniam
3033 1785 3102 1841 ad
3136 1795 3188 1841 te
3233 1787 3290 1841 in
3334 1789 3472 1842 cali-

207 1877 453 1931 διδάσκει
500 1874 688 1947 Γραφὴ
714 1914 729 1938 ,
759 1874 811 1928 τί
862 1890 992 1925 ποτε
1035 1867 1168 1942 ἦνὴ
1217 1869 1415 1939 νεφέλη
1466 1866 1782 1936 φάσκουσα·

1888 1871 2013 1943 gine
2034 1872 2220 1935 nubis.
2264 1881 2322 1926 ut
2355 1873 2542 1928 audiat
2576 1889 2662 1930 me
2687 1875 2924 1945 populus
2977 1877 3290 1947 loquentem
3320 1879 3386 1934 ad
3417 1889 3472 1934 te

211 1988 230 2019 ι
253 1966 427 2022 Εἶπεν
466 1967 525 2021 δὲ
570 1966 772 2039 Κύριος
794 1965 931 2037 πρὸς
974 1963 1245 2034 Μωΰσῆνο
1289 1961 1419 2014 Ἰδοὺ
1464 1959 1575 2030 ἐγὼ
1611 1976 1785 2030 παρα-

204 2062 434 2131 γίνομαι
483 2060 620 2131 πρὸς
669 2061 728 2112 σὲ
763 2060 819 2111 ὲν
868 2059 933 2110 ὲκ
965 2055 1204 2126 (στύλῳ)
1237 2054 1336 2125 τῆς
1385 2052 1646 2123 νεφέλης,
1701 2052 1787 2103 ἴνα

202 2153 424 2226 ἀκούσῃ
450 2155 479 2205 6
519 2153 646 2216 λαὸς
677 2147 964 2214 λαλοῦντός
995 2167 1097 2220 μου
1138 2150 1273 2220 πρὸς
1330 2148 1410 2213 σὲ,
1451 2147 1544 2201 καί
1577 2163 1659 2200 σοι
1700 2163 1790 2198 πι-

208 2246 515 2300 στεύσωσιν
535 2264 548 2275 ·
577 2265 595 2297 ι
626 2245 720 2298 καὶ
747 2243 908 2298 πάλιν
927 2257 941 2273 ο
974 2263 991 2292 ι
1032 2243 1091 2295 '0
1119 2242 1175 2295 δὲ
1207 2242 1339 2306 Θεὸς
1372 2244 1560 2313 ἡγεῖτο
1605 2238 1787 2293 αὐτῶν

200 2340 423 2410 ἡμέρας
468 2340 526 2391 ἐν
557 2336 732 2407 στύλῳ
766 2335 1027 2405 νεφέλης,
1060 2333 1227 2400 δεῖξαι
1272 2335 1456 2397 αὐτοῖς
1501 2333 1599 2405 τὴν
1630 2332 1747 2386 ὁδόν
1771 2350 1784 2363 ’

200 2433 307 2502 τὴν
332 2430 394 2483 δὲ
424 2429 614 2494 νύκτα,
656 2429 716 2481 ὲν
745 2426 921 2499 στύλῳ
949 2426 1118 2500 πυρὸς
1142 2425 1238 2479 τού
1270 2425 1480 2495 φαίνειν
1513 2425 1695 2489 αὐτοῖς
1717 2442 1729 2454 ·
1761 2444 1780 2475 ›

203 2523 303 2575 καὶ
334 2518 512 2586 αὖθις
542 2540 560 2572 ι
582 2522 689 2576 Καὶ
718 2520 923 2590 κατέϐη
949 2520 1154 2591 Κύριος
1188 2521 1245 2572 ὲν
1273 2517 1450 2589 στύλῳ
1482 2515 1728 2586 νεφέλης.
1763 2536 1781 2568 ι

203 2614 424 2672 Οὐκοῦν
461 2614 549 2669 διὰ
584 2613 790 2668 τούτων
819 2612 1006 2685 ἔτερος
1034 2608 1103 2683 ἦν
1132 2610 1321 2680 σαφῶς
1356 2610 1457 2680 τῆς
1498 2607 1726 2678 νεφέλης
1758 2610 1787 2661 6

202 2705 690 2779 προπορευόμενος
726 2704 835 2759 τῶν
874 2704 1006 2759 υἱῶν
1060 2703 1274 2776 Ἰσραὴλ
1312 2701 1538 2772 ἄγγελος
1558 2740 1573 2765 ,
1616 2701 1711 2754 καὶ
1752 2702 1786 2771 ἡ

199 2799 407 2870 νεφέλη
436 2798 494 2853 δὲ
521 2798 656 2870 ἄλλη
691 2799 790 2869 μέν
822 2816 906 2863 τις
938 2798 1230 2868 ἐτύγχανεν
1276 2796 1405 2867 παρ’
1436 2794 1597 2849 αὐτὸν
1622 2794 1788 2863 ἄγγε-

202 2889 319 2952 λον,
345 2887 442 2940 τοῦ
469 2886 525 2940 δὲ
562 2887 769 2958 Κυρίου
797 2887 962 2942 αὐτοῦ
994 2886 1302 2957 σωματικὸν
1340 2885 1528 2955 ῶσπερ
1556 2884 1787 2956 ὄργανον

197 2975 306 3048 ἦν*
339 2978 408 3031 δι’
441 2970 502 3031 οὗ
534 2978 595 3049 (1⁵.
622 2977 701 3044 9),
733 2977 831 3048 τὴν
859 2977 1019 3047 φύσιν
1046 2977 1121 3031 ὢν
1151 2977 1314 3042 αὐτὸς
1350 2976 1659 3048 ἀσώματος,
1693 2976 1788 3029 καὶ

200 3070 392 3140 πάσης
444 3070 702 3123 ἐπέκεινα
751 3070 1016 3142 αἰσθητῆς
1062 3072 1156 3123 καὶ
1190 3069 1382 3140 ὑλικῆς
1430 3068 1651 3134 οὐσίας,
1718 3068 1784 3122 δι’

200 3161 475 3233 αἰσθητῆς
527 3161 708 3231 φωνῆς
743 3159 843 3231 τῆς
884 3159 1019 3224 ιδίας
1041 3160 1193 3230 ἠξίου
1229 3159 1446 3231 ὁμιλίας
1488 3159 1580 3214 τὸν
1606 3152 1786 3230 ’θερά-

1890 1972 1944 2021 et
1982 1965 2169 2020 credat
2203 1965 2303 2021 tibi
2334 1966 2388 2021 in
2420 1974 2747 2037 perpetuum
2783 1968 2824 2023 '.
2855 1987 2874 2018 ι
2913 1966 2977 2022 Et
2992 1986 3228 2026 rursus:
3268 1995 3285 2023 ι
3323 1971 3471 2028 Deus

1889 2063 2072 2113 autem
2121 2058 2465 2129 praecedebat
2515 2074 2614 2115 eos
2653 2058 2723 2113 ad
2753 2061 3151 2117 ostendendam
3193 2064 3337 2118 viam
3372 2081 3472 2135 per

1888 2151 2034 2206 diem
2067 2151 2123 2206 in
2150 2148 2407 2207 columna
2432 2150 2618 2215 nubis,
2642 2158 2697 2205 et
2729 2166 2827 2221 per
2850 2162 3069 2209 noctem
3116 2154 3172 2209 in
3214 2156 3471 2210 columna

1888 2244 2033 2316 ignis
2062 2245 2105 2297 ³.
2148 2262 2169 2296 ι
2218 2242 2397 2313 Atque
2444 2243 2580 2299 alias
2635 2264 2648 2298 :
2698 2263 2717 2297 ι
2772 2244 3069 2302 Descendit
3110 2245 3378 2301 Dominus
3414 2250 3471 2301 in

1887 2336 2144 2391 columna
2166 2335 2333 2391 nubis
2363 2335 2406 2389 ³.
2448 2356 2467 2388 ι
2506 2335 2677 2406 Igitur
2714 2352 2779 2392 ex
2803 2338 2872 2393 iis
2898 2339 3042 2395 alius
3077 2346 3196 2394 erat
3234 2338 3471 2393 manife-

1887 2440 1969 2486 ste
1990 2428 2155 2484 nubis
2178 2429 2410 2499 angelus
2440 2429 2533 2500 qui
2584 2429 2925 2499 praecedebat
2968 2430 3109 2486 ﬁlios
3143 2431 3331 2492 Israel.
3363 2432 3471 2485 alia

1886 2535 1942 2581 et
1968 2523 2142 2579 nubes
2165 2522 2316 2578 circa
2337 2537 2464 2578 eum
2500 2523 2776 2593 angelum,
2808 2538 2928 2592 qua:
2960 2523 3122 2593 quasi
3172 2523 3348 2593 ipsius
3373 2521 3471 2576 Do-

1885 2617 2020 2672 mini
2064 2630 2391 2686 corporeum
2429 2624 2549 2671 erat
2586 2614 2995 2671 indumentum.
3039 2615 3160 2683 Qua
3218 2615 3466 2685 quidem,

1886 2722 2013 2765 cum
2040 2716 2239 2763 natura
2264 2708 2627 2779 incorporeus
2647 2715 2816 2774 esset,
2844 2708 3138 2779 omnisque
3163 2723 3361 2764 sensus
3385 2709 3471 2763 vel

1887 2798 2194 2853 materialis
2223 2798 2550 2853 substantiae
2577 2798 2861 2862 immunis,
2895 2813 2994 2869 per
3014 2798 3169 2854 vocis
3216 2798 3466 2852 auditum

1885 2890 2109 2961 prepria
2162 2891 2583 2946 conversatione
2637 2905 2856 2947 servum
2918 2905 3078 2946 suum
3112 2890 3465 2961 dignabatur.

1887 2979 2064 3052 Hujus
2091 2979 2472 3051 dispositionis
2502 2981 2619 3051 ipse
2650 2980 2918 3037 Dominus
2943 2981 3212 3034 rationem
3232 2980 3469 3036 reddens

1888 3071 2059 3147 Moysi
2083 3073 2215 3128 dicit
2240 3093 2252 3128 :
2279 3092 2297 3125 ι
2336 3071 2408 3128 Ut
2429 3073 2618 3128 audiat
2642 3089 2729 3128 me
2753 3073 2989 3143 populus
3042 3072 3359 3140 loquentem
3399 3071 3468 3124 ad

1893 3171 1973 3230 te,
2000 3170 2055 3219 et
2070 3163 2260 3220 credat
2290 3162 2385 3219 tibi
2404 3163 2461 3217 in
2496 3171 2822 3234 perpetuum
2842 3164 2887 3219 ⁵.
2919 3182 2938 3215 ι
2975 3161 3081 3216 Sed
3099 3176 3223 3216 cum
3248 3161 3467 3231 populo,

201 3270 413 3306 ποντα’
472 3252 567 3306 καὶ
626 3252 725 3323 τῆς
770 3251 1027 3321 τοιαύτης
1080 3268 1138 3305 τε
1188 3250 1499 3321 οἰκονομίας
1548 3249 1711 3314 αὐτὸς
1754 3252 1782 3303 ὁ

1889 3264 1947 3311 ιιι
1967 3256 2143 3329 magis
2173 3257 2467 3327 corporali,
2502 3257 2655 3311 vocis
2695 3255 2885 3311 auditu
2916 3261 3317 3319 conversatur;
3343 3267 3469 3306 eum

200 3346 413 3417 Κύριος
443 3345 534 3398 τὸν
566 3346 719 3414 λόγον
760 3343 1042 3408 ἀποδιδοὺς
1065 3343 1142 3415 τῷ
1172 3345 1395 3398 Μωϋσεί
1414 3359 1594 3417 φησιν’
1620 3363 1638 3396 ι
1668 3344 1785 3397 ἰνα

200 3439 421 3514 ἀκούσῃ
461 3439 491 3492 6
518 3439 645 3503 λαὸς
689 3438 972 3502 λαλοῦντός
1011 3455 1111 3509 μου
1147 3437 1283 3508 πρὸς
1327 3438 1406 3503 σὲ,
1434 3436 1529 3491 καί
1574 3455 1656 3490 σοι
1691 3455 1784 3490 πι-

119 3530 129 3538 ’
203 3529 543 3584 στεύσωσιν’
576 3550 596 3583 ι
639 3529 754 3584 ἀλλ’
787 3529 879 3584 ἐπὶ
909 3530 1009 3601 μὲν
1054 3530 1149 3583 τοῦ
1191 3529 1357 3595 λαοῦ,
1403 3524 1492 3583 οἷα
1541 3546 1783 3601 σωματι-

200 3620 450 3691 κωτέρου
496 3620 873 3692 τυγχάνοντος,
918 3622 983 3675 δι’
1036 3620 1300 3692 αἰσθητῆς
1356 3619 1539 3691 φωνῆς
1584 3618 1783 3690 ὁμιλεῖ,

199 3715 298 3767 ἐπὶ
332 3714 391 3767 δὲ
421 3714 529 3777 τῶν
561 3714 936 3786 πατριαρχῶν,
970 3714 1097 3769 οὔτε
1142 3714 1373 3785 νεφέλης
1416 3712 1541 3767 οὔτε
1588 3713 1782 3787 στύλου

200 3806 380 3878 πυρὸς
412 3804 704 3877 δεομένων,
742 3806 929 3878 ἔτερος
978 3807 1224 3875 ἐγίγνετο
1268 3806 1367 3877 τῆς
1412 3821 1473 3858 τε
1517 3804 1783 3869 ὀπτασίας

198 3898 297 3951 καὶ
328 3898 429 3967 τῆς
468 3897 605 3969 πρὸς
641 3898 836 3961 αὐτοὺς
882 3897 1148 3968 ὁμιλίαςό
1187 3897 1406 3969 τρόπος.
1436 3895 1545 3950 Kal
1586 3897 1670 3949 ὅτι
1718 3912 1781 3964 γε

197 3990 304 4043 ούκ
351 3984 420 4060 ἧν
457 3987 720 4059 ἀγγελικὴ
764 4006 846 4051 τις
901 3987 1126 4059 δύναμις
1178 3990 1213 4060 ἡ
1271 3988 1359 4042 διὰ
1409 3989 1508 4060 τῆς
1555 3988 1784 4060 νεφέλης

197 4079 638 4153 χρηματίζουσα,
669 4080 782 4135 ἀλλ’
811 4080 974 4142 αὐτὸς
1005 4081 1034 4132 6
1059 4079 1212 4145 Θεὸς,
1240 4080 1378 4153 πρὸς
1406 4083 1517 4145 τοῖς
1542 4098 1783 4151 προαπο-

194 4174 566 4245 δεδειγμένοις
619 4172 872 4244 δηλοῦται
916 4174 1010 4226 καὶ
1060 4172 1148 4226 διὰ
1189 4174 1288 4244 τῆς
1337 4172 1512 4237 οὕτως
1550 4174 1782 4247 ἐχούσης

197 4266 451 4339 Γραφῆςο
483 4284 501 4317 ι
524 4262 689 4326 Εἶπεν
719 4264 774 4316 δὲ
792 4263 992 4336 Κύριος
1024 4265 1158 4335 πρὸς
1177 4265 1435 4335 Μωῦσῆν·
1468 4264 1658 4330 Βάδιζε
1687 4267 1782 4319 καὶ

194 4361 470 4430 ὁδήγησον
498 4357 589 4410 τὸν
619 4355 746 4409 λαὸν
788 4358 867 4419 είς
895 4355 986 4407 τὸν
1018 4354 1182 4407 τόπον
1204 4354 1262 4407 ὃν
1291 4355 1490 4426 εἴρηκά
1521 4372 1632 4409 σοι·
1673 4355 1781 4408 ίδοὺ

195 4454 227 4504 ὁ
255 4448 489 4519 ἄγγελός
520 4465 621 4519 μου
673 4445 1105 4519 προς-πορεύσεται
1140 4445 1248 4517 πρὸ
1278 4444 1571 4517 προσώπου
1606 4463 1721 4500 σου.
1757 4466 1776 4498 ι

198 4544 313 4597 Καὶ
339 4541 533 4595 πάλινι
572 4560 590 4592 ι
627 4541 736 4594 Καὶ
762 4536 883 4593 εἶπε
919 4540 1123 4611 Κύριος
1166 4540 1305 4609 πρὸς
1343 4539 1619 4610 Μωῦσῆν’
1674 4541 1780 4592 Πο-

198 4633 364 4705 ρεύου
391 4632 486 4685 καὶ
532 4630 761 4702 ἀνάϐηθι
794 4608 1063 4694 ἐντεῦθεν,
1094 4630 1157 4683 σὺ
1187 4608 1281 4684 καὶ
1307 4632 1335 4683 ὁ
1362 4631 1507 4696 λαὸς,
1588 4632 1681 4684 καὶ
1709 4631 1777 4684 τὰ
1812 4608 1855 4663 D

197 4725 355 4795 ἑξῆς
392 4724 488 4777 καὶ
523 4722 900 4776 συναποστελῶ
924 4722 1033 4803 πρὸ
1062 4721 1351 4791 προσώπου
1381 4739 1475 4775 σου
1499 4723 1589 4775 τὸν
1613 4723 1779 4792 ἄγγε-

196 4818 290 4870 λόν
333 4833 456 4886 μου.
506 4814 690 4868 Ταῦτα
735 4813 843 4886 γὰρ
890 4813 1105 4884 ἀγγέλῳ
1143 4814 1245 4883 μὲν
1292 4813 1543 4885 οὐδαμῶς
1600 4813 1778 4883 λέγειν

194 4907 483 4979 ἁρμόττει,
506 4905 625 4977 Θεῷ
649 4906 704 4959 δὲ
738 4906 903 4977 μόνῳ,
938 4906 1033 4959 καὶ
1070 4904 1148 4977 τῷ
1180 4904 1300 4958 καθ’
1327 4904 1453 4977 ὅλην
1487 4905 1585 4978 τὴν
1638 4907 1779 4959 ἱστο-

198 5000 325 5072 ρίαν
349 4997 449 5052 -διὰ
477 4997 571 5051 τοῦ
603 4998 1029 5069 τετραγράμμου
1064 4996 1376 5068 δηλουμένῳ
1402 4997 1616 5068 Κυρίῳ.
1644 4996 1773 5070 Ἆρ’

196 5087 292 5147 οὖν
316 5093 344 5145 6
373 5090 484 5145 τῶν
512 5090 648 5144 δλων
698 5090 926 5161 ποιητὴς
968 5090 1062 5143 καὶ
1091 5089 1221 5151 Θεὸς
1253 5089 1363 5143 τῶν
1411 5090 1666 5144 ἁπάντων
1695 5093 1774 5154 είς

193 5182 451 5238 τοσοῦτον
484 5182 696 5253 κατῄει,
725 5180 800 5243 ώς
841 5181 933 5233 ἐπὶ
973 5180 1284 5251 σωματικοῦ
1310 5180 1470 5250 ὅρους
1508 5179 1773 5251 ὀχεῖσθαι,

194 5276 297 5335 καὶ
326 5272 679 5346 παιδαγωγοῦ
721 5272 875 5343 δίκην
911 5272 1259 5343 συμϐαδίζειν
1297 5271 1605 5345 ἀνθρώποις
1631 5276 1659 5327 6
1682 5274 1775 5328 τὸν

192 5368 425 5440 οὐρανὸν
482 5364 575 5419 καὶ
618 5364 715 5436 τὴν
747 5364 852 5435 γῆν
909 5365 1164 5435 πληρῶν;
1212 5366 1244 5436 ἢ
1295 5364 1451 5419 τοῦτο
1506 5367 1605 5437 μὲν
1651 5366 1773 5420 οὔτε

192 5458 439 5524 δυνατὸν,
472 5456 583 5511 οὗθ’
619 5458 763 5510 ὅσιον
789 5459 1009 5518 ἐννοεῖν,
1038 5458 1420 5529 εὐσεϐέστερον
1444 5442 1500 5511 δὲ
1526 5458 1642 5529 ἅμα
1679 5459 1773 5512 καὶ

190 5553 419 5608 δυνατὸν
447 5552 540 5606 τὸν
560 5552 701 5605 θεῖον
729 5549 1129 5620 ὑπολαμϐάνειν
1157 5552 1348 5619 Λόγον,
1375 5552 1619 5605 διάκονον
1645 5552 1773 5605 ὄντα

192 5647 289 5703 τοῦ
308 5645 579 5718 πατρικοῦ
595 5646 952 5718 βουλήματος,
970 5645 1157 5699 ἑπείπε
1169 5662 1198 5699 ο
1214 5644 1379 5698 αὑτοῦ
1398 5644 1603 5716 Κυρίου
1620 5644 1772 5709 ὄντος

264 5826 314 5858 ’θ
351 5826 471 5882 Act.
506 5843 612 5888 vn.
648 5830 735 5881 5‘5.

204 5897 224 5927 '
266 5895 439 5954 Exod.
479 5916 666 5963 χχχιι,
701 5898 787 5952 54.
866 5896 885 5926 ⁶
927 5894 1094 5949 Exod.
1135 5912 1343 5959 χχχιιι,
1382 5897 1431 5949 1.

813 5827 856 5857 ’δί’
901 5824 1067 5877 Exod.
1101 5842 1211 5882 xw.
1252 5826 1339 5886 19,
1386 5824 1477 5879 20.
1560 5826 1573 5855 ¹
1618 5826 1781 5879 Exod.
1829 5842 1950 5887 xix,
1993 5827 2045 5879 9.
2125 5829 2143 5859 ⁸
2186 5826 2353 5882 Exod.
2398 5842 2517 5891 xm,
2552 5826 2644 5881 Si.

866 5896 885 5926 ε
927 5894 1094 5949 Exod.
1135 5912 1343 5951 χχχιιι.
1382 5897 1431 5949 1.
1510 5896 1530 5928 ⁷
1573 5895 1726 5951 Deut.
1769 5913 1948 5951 xxx”.
1985 5899 2016 5951 9

1636 5905 1726 5949 "at.
1769 5913 1948 5951 xxx”.
1985 5905 2005 5951 ί

1887 3349 2241 3423 patriarcbis,
2269 3349 2472 3420 quibus
2492 3362 2672 3417 neque
2692 3346 2838 3401 nube
2866 3361 3045 3416 neque
3075 3344 3221 3415 ignis
3251 3344 3472 3398 colum-

1885 3455 1959 3495 na
1988 3455 2128 3510 opus
2153 3446 2295 3504 erat,
2317 3439 2459 3494 alius
2498 3438 2657 3493 ﬁebat
2687 3436 2918 3492 visionis
2945 3446 2996 3491 et
3022 3433 3470 3490 conversationis

1885 3529 2102 3584 modus.
2144 3526 2302 3595 Quod
2341 3542 2472 3584 vero
2500 3542 2610 3581 non
2650 3526 2893 3597 angelica
2941 3524 3191 3595 quaedam
3223 3530 3470 3595 potestas

1886 3637 2006 3693 quas
2030 3638 2126 3693 per
2146 3622 2346 3677 nubem
2374 3620 2847 3685 manifestabatnr,
2871 3620 2967 3675 sed
2995 3619 3109 3690 ipse
3133 3617 3301 3681 Deus,
3326 3633 3470 3688 prae-

1885 3720 1972 3768 ter
1995 3728 2059 3769 ea
2094 3728 2216 3785 qua:
2239 3713 2354 3784 jam
2388 3712 2761 3770 demonstrata
2793 3711 3053 3767 sunthoc
3085 3711 3250 3765 etiam
3282 3720 3471 3766 osten-

1884 3808 2036 3863 ditur
2066 3805 2368 3879 Scripturae
2408 3805 2529 3862 loco
2560 3825 2573 3860 :
2611 3822 2628 3856 ι
2672 3804 2822 3859 Dixit
2855 3814 3040 3859 autem
3089 3801 3358 3858 Dominus
3397 3802 3464 3856 ad

1886 3895 2123 3969 Moysem
2160 3916 2173 3952 :
2208 3894 2358 3952 Vade
2383 3902 2437 3952 et
2471 3893 2578 3951 duc
2608 3893 2871 3966 populum
2898 3894 3063 3949 istum
3098 3907 3209 3962 quo
3238 3892 3460 3946 locutus

1885 4004 2007 4046 sum
2038 3988 2138 4044 tibi
2166 3989 2209 4044 ⁸.
2250 3987 2394 4043 Ecce
2422 3987 2648 4059 angelus
2679 4001 2835 4042 meus
2888 3983 3160 4055 praecedet
3217 3992 3288 4038 te.
3334 4001 3354 4035 ι
3398 3980 3469 4035 Et

1886 4097 2080 4139 rursus
2113 4101 2125 4136 :
2158 4100 2176 4132 ι
2235 4079 2304 4135 Ει
2354 4080 2492 4135 dixit
2548 4078 2812 4135 Dominus
2866 4077 2933 4132 ad
2982 4076 3218 4149 Moysem
3253 4070 3468 4134 :Vadé.

1885 4174 2118 4231 ascende
2167 4174 2235 4228 de
2277 4172 2401 4228 loco
2448 4174 2555 4227 isto
2608 4178 2690 4238 tu,
2736 4182 2791 4226 et
2828 4169 3062 4240 populus
3097 4177 3225 4223 tuus
3256 4154 3298 4231 '1,
3355 4185 3374 4218 ι
3416 4174 3471 4219 et

1885 4274 2111 4332 caetera;
2134 4287 2151 4318 (
2181 4274 2235 4322 ct
2250 4267 2460 4321 mittam
2482 4279 2876 4335 praecursorem
2901 4262 2978 4317 tui
3003 4261 3277 4331 angelum.
3300 4278 3318 4310 ι
3342 4256 3470 4312 εἰωο

1885 4360 2032 4415 enim
2058 4359 2312 4429 angelum
2345 4370 2689 4431 nequaquam
2721 4356 2905 4410 dicere
2925 4353 3100 4417 decet,
3132 4351 3302 4405 Deum
3327 4366 3460 4405 vero

1885 4451 2085 4514 solum,
2119 4448 2519 4518 Dominumque
2546 4449 2640 4518 qui
2687 4448 2742 4501 in
2777 4453 2892 4500 tota
2941 4444 3263 4499 narratione
3294 4449 3470 4497 tetra-

1885 4548 2195 4613 grammato
2224 4540 2567 4610 designatur.
2595 4537 2874 4608 Numquid
2899 4536 3066 4607 igitur
3080 4534 3466 4590 universarum

1884 4649 2066 4689 rerum
2098 4639 2313 4697 auctor,
2336 4629 2594 4700 Deusque
2625 4628 2871 4683 omnium
2904 4628 2971 4683 ad
3002 4626 3056 4681 id
3088 4625 3374 4683 descendit
3408 4630 3469 4676 ut

1885 4742 2053 4797 super
2108 4725 2447 4781 materialem
2500 4721 2714 4778 veniret
2761 4727 3036 4784 montem,
3085 4729 3140 4775 et
3185 4717 3467 4789 paedagogi

1884 4821 2065 4877 instar
2118 4836 2243 4875 cum
2298 4817 2619 4875 hominibus
2654 4814 2987 4882 ambularet,
3018 4813 3114 4884 qui
3164 4812 3363 4867 cmlum
3411 4818 3469 4865 et

1882 4922 2085 4971 terram
2119 4913 2345 4984 implet?
2372 4910 2566 4966 Nonne
2596 4909 2730 4964 illud
2784 4922 2964 4979 neque
3011 4905 3333 4969 verisimile,
3365 4919 3465 4959 ne-

1882 5023 1988 5078 que
2018 5013 2272 5063 sanctum
2304 5004 2643 5069 existimare,
2676 5002 2989 5074 religiosius
3027 5013 3160 5055 vero
3188 5006 3242 5052 et
3276 4997 3468 5067 proba-

1879 5097 2050 5152 bilius
2105 5095 2352 5167 cogitare
2402 5094 2678 5165 expletum
2712 5093 2815 5147 hoc
2845 5107 3050 5147 munus
3085 5105 3116 5143 a
3166 5087 3348 5143 Verbo
3381 5085 3468 5140 di-

1882 5186 2008 5242 vino
2039 5228 2053 5253 ,
2114 5193 2354 5255 paterna:
2412 5184 2712 5240 voluntatis
2774 5183 3070 5244 ministro,
3123 5178 3466 5247 Dominoque

1880 5278 2023 5349 ipso,
2057 5278 2151 5345 qui
2184 5285 2238 5333 et
2272 5296 2291 5329 ι
2332 5276 2513 5332 factus
2541 5285 2627 5331 est
2656 5290 2783 5344 pars
2815 5274 3007 5337 Jacob,
3039 5271 3318 5352 funiculus
3343 5270 3457 5325 ba:-

1883 5370 2132 5426 reditatis
2178 5370 2300 5440 ejus
2335 5369 2504 5424 Israel
2535 5369 2586 5433 ";
2648 5387 2667 5418 ι
2724 5367 2892 5431 hunc,
2942 5366 3185 5435 inquam,
3239 5376 3302 5417 ca
3361 5376 3462 5433 pro

1882 5472 2036 5534 parte
2070 5470 2230 5531 atque
2256 5462 2571 5517 haereditate
2598 5458 2931 5527 suscepisse,
2967 5467 3019 5512 ct
3053 5473 3113 5512 se
3149 5455 3327 5526 ipsum
3359 5471 3459 5510 ex—

1882 5554 2235 5616 inanieutem,
2255 5548 2823 5617 consubstantialique
2853 5546 3231 5618 magnitudine
3264 5552 3453 5607 exuta,

1881 5645 2161 5701 hominum
2210 5645 2393 5712 saluti,
2444 5644 2609 5698 etiam
2642 5651 2769 5698 ante
2800 5641 3231 5696 incarnationem
3265 5646 3463 5695 contu-

2722 5826 2740 5854 ³
2782 5824 2953 5880 Exod.
2992 5822 3182 5891 xu,9.
3259 5821 3281 5853 δ
3316 5818 3453 5876 ibid.
