3954 6502
554 373 578 426 1
588 371 693 427 055

1293 368 1560 424 EUSEBH
1597 365 2076 424 CIESARIENSIS
2114 351 2262 422 OPP.
2307 361 3101 439 PARS‘lll.—EXEGETICA.

3653 364 3774 418 1055

553 483 764 542 luisse?
789 481 947 550 Quod
975 484 1024 538 si
1067 482 1354 554 diligenter
1379 484 1844 554 perspiceremus,
1883 483 2122 538 invenie-

2233 501 2250 531 ι
2283 480 2515 552 ἐγενήθη
2546 480 2702 552 μερὶς
2743 477 2935 532 Ἰακὼὸ
2978 479 3073 532 καὶ
3104 477 3398 548 σχοίνισμα
3448 476 3775 547 κληρονομίας

552 594 677 634 mus
710 592 834 632 eum
863 575 1140 631 interdum
1164 576 1388 646 propria
1414 577 1584 630 forma
1618 583 1888 646 praecepta
1915 575 2127 631 denun—
2177 639 2186 650 κ

552 672 802 734 tiantem,
829 669 973 725 sicut
1001 684 1124 723 cum
1157 668 1296 722 dixit
1324 686 1340 724 :
1368 688 1386 720 ι
1426 668 1544 723 Νοη
1578 669 1872 740 apparebis
1901 669 1960 724 in
1993 684 2127 724 con-

523 766 742 828 ~spectu
772 772 893 813 meo
937 772 1142 813 vacuus
1175 758 1217 812 ⁸.
1253 757 1438 813 Altare
1467 758 1535 814 de
1566 765 1713 814 terra
1750 758 1964 815 facietis
1989 759 2122 814 mihi

551 860 606 905 et
631 848 869 905 aﬂ‘eretis
895 865 1059 920 super
1092 865 1158 904 eo
1187 850 1579 905 holocausta...
1614 850 1842 906 Veniam
1876 851 1942 906 ad
1985 859 2042 906 te
2070 860 2124 906 et

554 941 880 997 benedicam
938 942 1038 996 tibi
1068 945 1126 1006 9;
1180 963 1196 992 ι
1257 943 1529 998 interdum
1585 944 1742 1014 quasi
1777 943 1845 998 de
1878 944 1987 998 alio
2021 943 2126 999 Do-

547 1034 719 1098 mino,
755 1033 863 1089 Deo
883 1034 1095 1089 scilicet
1123 1043 1177 1088 et
1205 1033 1369 1088 Patre
1392 1036 1532 1104 ejus,
1563 1035 1946 1102 disserentem,
1982 1035 2127 1091 sicut

546 1127 602 1180 in
627 1125 895 1197 Deealogo
948 1142 1070 1181 cum
1117 1127 1234 1180 ait:
1273 1145 1291 1176 ‹
1344 1125 1462 1181 Νοη
1498 1142 1747 1183 assumes
1780 1142 1983 1182 nomen
2018 1127 2127 1182 Do-

546 1217 683 1272 mini
715 1217 807 1274 Dei
841 1218 920 1274 tui
958 1219 1013 1274 in
1038 1235 1276 1287 vanum;
1325 1220 1560 1290 septimo
1592 1219 1678 1275 die
1707 1220 1996 1275 sabbatum
2034 1220 2123 1274 Dei

545 1310 624 1362 tui
651 1317 755 1364 est.
804 1308 913 1365 Sex
943 1311 1087 1366 enim
1121 1311 1314 1366 diebus
1367 1310 1492 1364 fecit
1535 1308 1800 1365 Dominus
1827 1311 2028 1365 caelum
2067 1318 2123 1364 et

544 1411 772 1465 terram,
809 1410 860 1457 et
890 1418 1063 1468 mare,
1093 1410 1147 1459 et
1176 1404 1360 1458 omnia
1383 1417 1502 1473 qua:
1531 1403 1588 1456 in
1615 1402 1696 1457 eis
1737 1410 1899 1469 sunt;
1945 1409 2001 1456 et
2030 1401 2125 1456 be~

546 1495 758 1548 nedixit
800 1493 1064 1550 Dominus
1116 1495 1223 1551 diei
1287 1494 1606 1550 Sabbati“.
1669 1513 1688 1546 ›
1751 1493 1818 1549 Ει
1878 1508 2122 1548 rursus:

551 1575 846 1640 (Honora
891 1595 1100 1656 patrem
1147 1594 1301 1641 tuum
1357 1594 1411 1642 et
1461 1594 1694 1642 matrem
1725 1592 1900 1651 tuam,
1936 1593 1996 1640 ut
2027 1585 2126 1640 tibi

544 1676 685 1730 bene
719 1677 790 1730 sit
818 1686 871 1731 et
905 1677 982 1732 sis
1011 1678 1286 1747 longazvus
1322 1693 1491 1748 super
1512 1685 1721 1732 terram
1741 1693 1907 1746 quam
1941 1677 2127 1731 Domi-

544 1781 653 1820 nus
685 1766 830 1822 Deus
862 1775 988 1823 tuus
1018 1769 1172 1823 dabit
1208 1769 1305 1823 tibi
1340 1769 1406 1822 ¹¹.
1451 1787 1469 1819 ι
1504 1767 1633 1822 Hzec
1678 1765 1825 1822 enim
1866 1783 1976 1822 non
2029 1782 2128 1836 per

2233 572 2399 627 αὐτοῦ
2441 571 2676 644 Ἰσραὴλ,
2707 591 2726 623 ι
2758 565 2846 623 οἵα
2886 570 3025 643 ὑπὲρ
3061 570 3276 642 μερίδος
3323 569 3417 623 καὶ
3448 568 3773 640 κληρονομίας

2233 666 2570 740 φροντίζειν,
2623 663 2886 718 κενοῦντα
2919 679 2978 715 τε
3009 662 3196 715 ἑαυτὸν
3247 660 3342 714 καὶ
3386 657 3483 712 τοῦ
3532 660 3777 728 συμφυοῦς

2236 760 2497 833 μεγέθους
2524 756 2888 830 σμικρύνοντα
2911 757 2974 826 τῇ
3002 755 3111 808 τῶν
3139 753 3445 825 ἀνθρώπιον
3467 753 3556 805 καὶ
3577 751 3670 821 πρὸ
3696 752 3777 820 τῆς

2235 853 2696 925 ὲνανθρωπήσεως
2738 846 3245 920 συμπεριφέρεσθαι
3270 844 3543 914 σωτηρίᾳ;
3571 843 3627 894 Et
3671 841 3777 909 γοῦν

2233 945 2588 1016 εὐγνωμόνως
2613 944 3030 1012 ὲπιστήσαιμεν,
3062 938 3317 1010 εὕροιμεν
3355 935 3518 989 αὑτὸν
3551 936 3672 987 ποτὲ
3697 937 3774 1004 μὲν

2232 1041 2311 1102 είς
2343 1037 2472 1090 ἴδιον
2505 1035 2794 1108 πρόσωπον
2841 1030 3180 1102 ἀναφέροντα
3209 1028 3309 1091 τὰς
3361 1025 3775 1097 παρακελεύσεις,

2231 1129 2307 1193 ὡς
2360 1129 2485 1182 ὅταν
2535 1126 2688 1198 λέγῃ·
2724 1144 2742 1175 ι
2781 1126 2894 1178 Οὐκ
2932 1123 3147 1195 ὁφθήσῃ
3192 1119 3422 1173 ἐνώπιόν
3475 1136 3572 1188 μου
3614 1118 3776 1180 κενός·

2233 1218 2328 1272 καὶ
2361 1217 2742 1286 Θυσιαστήριον
2797 1216 2861 1268 ἐκ
2913 1216 3014 1284 γῆς
3058 1209 3344 1282 ποιήσεταί
3396 1225 3518 1279 μοι·
3572 1209 3659 1261 καὶ
3686 1206 3780 1276 ἥξω

2234 1309 2370 1379 πρὸς
2401 1307 2460 1360 σὲ
2500 1307 2596 1360 καὶ
2623 1305 2901 1375 εὐλογήσω
2935 1320 2991 1356 σε
3012 1321 3023 1333 ·
3064 1323 3084 1355 ›
3122 1303 3252 1355 ποτὲ
3281 1301 3338 1354 δὲ
3365 1299 3441 1364 ὡς
3467 1301 3593 1370 περὶ
3618 1299 3782 1368 ἑτέρου

2232 1401 2438 1472 Κυρίου
2461 1438 2474 1462 ,
2521 1396 2616 1450 τοῦ
2657 1396 2791 1449 Θεοῦ
2818 1394 3018 1468 δηλαδὴ
3051 1395 3146 1447 καὶ
3175 1392 3388 1464 [ἰατρὸς
3417 1390 3600 1455 αὐτοῦ,
3632 1392 3783 1444 διαλεο

2231 1493 2481 1563 γόμενον,
2511 1489 2586 1553 ὡς
2614 1489 2706 1541 ἐπὶ
2737 1487 2840 1557 τῆς
2897 1486 3195 1555 Δεκαλόγου
3237 1486 3367 1539 ὅταν
3415 1484 3623 1554 φάσκῃ·
3673 1502 3690 1532 ι
3723 1485 3780 1536 Οὐ

2232 1582 2374 1655 λήψῃ
2418 1581 2480 1634 τὸ
2529 1580 2699 1650 ὄνομα
2728 1578 2934 1651 Κυρίου
2984 1577 3079 1631 τοῦ
3126 1575 3262 1630 Θεοῦ
3293 1591 3388 1628 σου
3441 1575 3534 1628 ἐπὶ
3565 1575 3782 1644 ματαίῳ·

2233 1678 2328 1730 καὶ
2347 1678 2413 1747 τῇ
2436 1673 2620 1746 ἡμέρα
2644 1676 2710 1745 τῇ
2735 1671 2936 1742 ἐϐδόμῃ
2967 1669 3211 1724 σάϐϐατα
3238 1669 3429 1740 Κυρίῳ
3450 1666 3529 1738 τῷ
3545 1666 3657 1736 Θεῷ
3677 1683 3754 1719 σου
3770 1683 3783 1698 ο

2234 1769 2326 1824 καὶ
2351 1769 2458 1841 γὰρ
2477 1770 2533 1822 ὲν
2545 1768 2604 1835 ἒξ
2627 1767 2861 1840 ἡμέραις
2886 1763 3140 1837 ἐποίησεν
3160 1763 3364 1838 Κύριος
3389 1763 3481 1816 τόν
3504 1781 3561 1816 τε
3588 1763 3788 1834 οὐρανὸν

544 1858 821 1927 angelum,
849 1858 943 1913 sed
977 1859 1093 1928 ipse
1128 1875 1225 1929 per
1275 1859 1517 1930 seipsum
1552 1857 1818 1914 Dominus
1869 1857 2118 1930 profecto

2232 1863 2316 1915 καὶ
2356 1861 2454 1932 τὴν
2479 1862 2604 1931 γῆν·
2648 1859 2742 1912 καὶ
2771 1855 3033 1928 εὐλόγησε
3073 1853 3276 1925 Κύριος
3325 1853 3426 1924 τὴν
3467 1853 3670 1925 ἡμέραν
3707 1853 3786 1920 τὴν

543 1951 600 2006 in
637 1951 904 2023 Decalogo
926 1953 1091 2018 dixit;
1128 1969 1310 2008 nonne
1339 1955 1484 2009 enim
1515 1952 1825 2009 evidentius
1873 1958 1958 2008 est
1988 1968 2114 2008 eum

543 2046 618 2099 ita
647 2045 903 2114 populum
935 2061 1096 2100 suum
1115 2045 1184 2102 de
1218 2048 1418 2117 pietate
1453 2061 1584 2117 erga
1626 2043 1954 2101 altissimum
2019 2042 2124 2097 Pa-

542 2145 683 2193 trem
711 2139 906 2208 ipsius,
939 2139 1221 2212 Deumque
1252 2141 1495 2196 omnium
1521 2140 1848 2197 edocuisse?

2231 1954 2494 2025 ἑϐδόμην·
2534 1972 2553 2004 ι
2585 1952 2680 2006 καὶ
2721 1946 2907 2014 αὖθις·
2954 1968 2972 2000 ι
3009 1949 3158 2020 Τίμα
3206 1947 3296 2001 τὸν
3337 1947 3551 2016 πατέρα
3598 1963 3684 1998 σου
3711 1945 3786 1997 καὶ

2229 2046 2330 2117 τὴν
2365 2044 2576 2116 μητέρα
2606 2061 2720 2108 σου,
2752 2043 2841 2095 ἵνα
2867 2033 2925 2094 εὖ
2958 2058 3039 2094 σοι
3067 2039 3318 2112 γένηται,
3351 2037 3448 2091 καὶ
3483 2036 3583 2110 ἔσῃ
3610 2051 3784 2106 μακρο-

2235 2138 2447 2210 χρόνιος
2482 2137 2576 2189 ὲπὶ
2602 2139 2700 2206 τῆς
2725 2135 2846 2205 γῆς,
2886 2129 2955 2204 ἦς
2987 2132 3192 2205 Κύριος
3225 2133 3253 2184 6
3298 2131 3432 2194 Θεός
3459 2148 3552 2183 σου
3601 2127 3785 2181 δίδωσίν

2239 2243 2339 2278 σοι.
2367 2245 2382 2276 ι
2405 2224 2590 2277 Ταῦτα
2618 2223 2724 2295 γὰρ
2748 2224 2807 2276 οὐ
2836 2223 2903 2275 δι’
2929 2221 3186 2291 ἀγγέλου,
3214 2220 3327 2274 ἀλλ’
3350 2220 3514 2284 αὐτὸς
3537 2219 3600 2271 δι’
3621 2215 3783 2271 ἑαυτοῦ

541 2321 570 2373 6
599 2321 803 2392 Κύριος
827 2292 1271 2394 πεπιστευμένως
1295 2324 1353 2376 ὲν
1373 2325 1483 2388 τοῖς
1507 2322 1822 2392 δεκαλόγοις
1849 2321 2127 2393 εἰρηκέναι
2167 2319 2284 2384 πῶς
2351 2320 2450 2373 οὐκ
2481 2319 2547 2373 ἃν
2572 2292 2782 2388 γένοιτο
2813 2315 3100 2389 πρόδηλος,
3135 2313 3405 2369 παιδεύων
3472 2312 3565 2366 τὸν
3596 2312 3710 2366 λαὸν
3733 2311 3786 2363 τᾶ

542 2413 672 2475 περὶ
705 2413 805 2485 τῆς
846 2417 926 2477 είς
953 2414 1044 2467 τὸν
1069 2415 1332 2469 ἀνωτάτω
1369 2415 1589 2487 Πατέρα
1627 2413 1820 2468 ἑαυτοῦ
1865 2413 1961 2467 καὶ
2003 2412 2136 2465 Θεὸν
2172 2410 2279 2466 τῶν
2309 2411 2444 2464 ὅλων
2469 2410 2791 2476 εὐσεϐείας;

1141 2509 1372 2565 CAPUT
1427 2509 1520 2566 XI.

618 2615 636 2648 ι
677 2596 817 2653 Ecce
858 2612 958 2668 ego
996 2598 1210 2653 mittam
1249 2601 1500 2670 angelum
1534 2615 1736 2665 meum,
1767 2598 1866 2670 qui
1915 2613 2123 2670 praece-

2745 2506 3146 2560 ΚΕΦΑΛᾹΙΟΝ
3181 2505 3284 2558 IA’.

2300 2620 2318 2654 ι
2355 2601 2484 2654 Ἰδοὺ
2516 2599 2628 2668 ἐγὼ
2655 2597 2969 2653 ἀποστέλλω
2997 2598 3089 2652 τὸν
3121 2597 3350 2666 ἄγγελόν
3371 2615 3473 2668 μου
3506 2596 3612 2667 πρὸ
3643 2612 3783 2667 προσ-

540 2690 635 2744 dat
695 2697 768 2753 te,
820 2697 874 2744 et
924 2690 1202 2746 custodiat
1260 2691 1317 2745 in
1349 2691 1460 2758 via,
1514 2699 1568 2746 et
1612 2690 1930 2746 introducat
1961 2691 2014 2744 in
2042 2689 2125 2744 lo-

2232 2693 2374 2746 ώπου
2408 2710 2525 2758 σου,
2561 2693 2648 2746 ἵνα
2681 2691 2891 2763 φυλάξῃ
2933 2708 2992 2744 σε
3032 2690 3090 2743 ὲν
3124 2692 3189 2761 τῇ
3219 2689 3344 2758 ὁδῷ,
3370 2691 3523 2753 ὅπως
3548 2689 3782 2757 είσαγὰγῃ

540 2795 667 2834 cum
706 2795 868 2850 quem
917 2781 1126 2849 paravi.
1163 2779 1408 2837 Observa
1457 2797 1582 2836 eum
1629 2791 1684 2838 et
1733 2782 1861 2836 audi
1924 2797 2114 2837 vocem

541 2871 686 2938 ejus.
721 2888 822 2927 nec
875 2873 1336 2929 contemnendum
1367 2881 1525 2944 putes
1559 2894 1572 2929 :
1607 2874 1737 2945 quia
1786 2890 1897 2930 non
1939 2875 2128 2930 dimit-

544 2971 624 3017 tet
658 2979 782 3017 cum
813 2965 1149 3033 peccaveris,
1183 2971 1238 3017 et
1264 2970 1346 3018 est
1367 2978 1568 3018 nomen
1591 2977 1772 3017 meum
1807 2963 1862 3017 in
1888 2963 1982 3017 illo
2003 2964 2068 3015 ¹¹.
2101 2981 2122 3013 ι

545 3052 673 3108 llaec
710 3069 837 3108 eum
870 3056 994 3110 aliis
1025 3056 1314 3127 praeceptis
1361 3056 1625 3111 Dominus
1673 3057 1877 3127 populo
1899 3055 2129 3110 denun-

542 3146 665 3199 tiat.
702 3144 756 3199 Si
783 3146 1000 3217 quidem
1025 3147 1190 3218 igitur
1217 3155 1340 3218 post
1373 3146 1575 3218 Moysis
1614 3145 1822 3200 obitum
1870 3161 1982 3199 non
2012 3145 2128 3215 ipse

2230 2805 2288 2841 σε
2321 2789 2400 2851 είς
2432 2785 2528 2857 τὴν
2557 2785 2685 2856 γῆν,
2716 2786 2782 2856 ἢν
2808 2782 3081 2855 ὴτοίμασά
3115 2801 3215 2836 σοι.
3247 2782 3490 2854 Πρόσεχε
3538 2782 3681 2851 αὐτῷ
3713 2783 3784 2834 καὶ

2235 2881 2486 2934 είσάκουε
2514 2877 2701 2944 αὑτοῦ,
2735 2876 2809 2948 μὴ
2837 2875 3050 2931 ἀπείθει
3079 2876 3136 2929 ὲν
3165 2875 3332 2946 αὐτῷ,
3365 2874 3425 2927 οὐ
3450 2875 3560 2946 γὰρ
3589 2873 3659 2944 μὴ
3682 2874 3783 2926 ὑπο-

2235 2967 2507 3041 στείληταί
2544 2984 2603 3021 σε
2625 2982 2640 2997 ·
2675 2967 2737 3020 τὸ
2769 2965 2879 3037 γὰρ
2910 2965 3082 3036 ὄνομά
3129 2982 3228 3036 μου
3272 2964 3420 3018 ἐστὶν
3470 2964 3557 3016 ἐπ’
3585 2963 3733 3033 αὐτῷ.
3766 2981 3778 3010 ι

2234 3058 2419 3114 Ταῦτα
2467 3058 2606 3131 μετὰ
2647 3056 2756 3110 τῶν
2802 3056 3006 3110 λοιπῶν
3058 3053 3138 3127 (ί.
3169 3056 3202 3111 9
3236 3054 3325 3126 νο)
3377 3055 3786 3125 δικαιωμάτωδὸ

2234 3151 2439 3223 Κύριος
2463 3150 2540 3223 τῷ
2566 3148 2680 3221 λαῷ
2707 3148 3097 3204 διαστέλλεται.
3141 3149 3204 3202 Et
3257 3148 3356 3218 μὲν
3395 3143 3490 3201 οὖν
3534 3148 3662 3218 μετὰ
3709 3147 3784 3215 τὴν

544 3234 814 3294 Dominus
843 3239 936 3308 qui
967 3239 1023 3294 in
1047 3240 1266 3296 deserto
1294 3239 1750 3296 manifestabatur
1779 3237 1999 3294 adesset
2021 3233 2118 3309 po-

2232 3247 2502 3309 Μωῦσέως
2528 3244 2787 3315 τελευτὴν
2824 3243 2898 3314 μὴ
2925 3245 2952 3294 6
2974 3241 3135 3305 αὐτὸς
3166 3239 3415 3312 Κύριοςό
3444 3241 3537 3292 ἐπὶ
3555 3240 3645 3309 τῆς
3679 3239 3783 3308 ἐρή-

543 3329 696 3399 pulo,
732 3330 827 3386 sed
873 3332 1192 3403 angelorum
1224 3333 1424 3402 aliquis
1455 3349 1552 3390 eos
1600 3332 1953 3404 praecederet,
1985 3331 2124 3386 nihil

542 3421 650 3478 hoc
684 3422 739 3476 in
770 3423 894 3478 loco
928 3424 1317 3495 inquirendum
1355 3425 1515 3481 foret.
1551 3425 1689 3482 Cum
1711 3433 1895 3480 autem
1930 3441 2125 3480 narra-

542 3507 693 3568 tione
713 3523 928 3572 constet
955 3526 1011 3572 et
1045 3523 1170 3588 post
1204 3515 1410 3588 Moysis
1456 3517 1666 3572 obitum
1708 3515 2000 3570 Dominum
2038 3514 2125 3585 ip-

543 3618 669 3659 sum
693 3604 861 3662 Josue
888 3607 1300 3663 manifestatum
1328 3623 1473 3674 esse,
1508 3614 1559 3662 et
1596 3614 1784 3677 aperte
1818 3606 1877 3660 in
1909 3607 1976 3661 iis
2005 3621 2127 3676 qua:

544 3695 614 3750 ad
647 3712 770 3751 eum
808 3697 1155 3767 loquebatur,
1192 3698 1398 3754 dixisse
1431 3717 1444 3752 :
1483 3716 1502 3749 ι
1525 3680 1699 3752 ⁴Βίοιιῐ,
1724 3696 1804 3751 fui
1826 3711 1952 3750 cum
1976 3694 2128 3766 Moy-

553 3803 634 3848 se.
670 3788 746 3842 ita
774 3803 869 3843 ero
900 3796 1078 3844 tecum
1108 3807 1122 3844 :
1156 3805 1269 3846 non
1302 3790 1595 3856 dimittam,
1627 3803 1729 3844 nec
1745 3789 2122 3858 derelinquam

541 3885 616 3934 te.
671 3878 995 3937 Coufortare
1039 3890 1094 3937 et
1131 3890 1253 3938 esto
1308 3883 1586 3937 robustus.
1647 3880 1732 3936 Tu
1770 3880 1915 3937 enim
1977 3887 2126 3936 sorte

541 3972 756 4027 divides
803 3975 1004 4044 pepulo
1054 3975 1187 4029 huic
1235 3983 1460 4039 terram,
1494 3989 1595 4045 pro
1615 3991 1723 4045 qua
1746 3974 1927 4045 juravi
1964 3974 2128 4044 patri-

544 4062 651 4118 bus
709 4063 842 4130 tuis,
894 4073 954 4120 ut
1006 4066 1282 4121 traderem
1325 4081 1445 4122 eam
1488 4066 1598 4121 illis
1629 4066 1692 4120 ¹³.
1737 4085 1755 4119 ι
1795 4065 1860 4119 Et
1889 4066 1944 4120 in
1978 4063 2128 4118 omni

542 4153 834 4224 Scriptura
870 4159 1097 4230 angelus
1138 4158 1359 4228 quidem
1393 4173 1743 4228 nequaquam
1775 4171 2017 4229 praesens
2042 4157 2128 4214 vel

545 4249 933 4308 manifestatus
967 4251 1132 4308 Josue
1169 4260 1526 4317 memoratur,
1558 4252 1653 4310 sed
1686 4253 1802 4322 ipse
1833 4251 2122 4317 Dominus,

541 4342 636 4410 qui
683 4342 827 4412 apud
859 4342 1098 4414 Moysem
1137 4351 1584 4414 tetragrammato
1618 4344 1948 4410 ostenditur,
1997 4344 2128 4412 qui-

538 4450 650 4505 que
682 4435 812 4489 mihi
843 4435 985 4490 idem
1026 4451 1149 4491 esse
1173 4435 1391 4492 videtur
1412 4451 1477 4492 ac
1507 4437 1600 4507 qui
1632 4437 1800 4492 semel
1828 4435 1994 4492 Josue
2022 4437 2124 4490 viri

541 4530 730 4583 habitu
794 4529 1046 4599 apparuit
1072 4530 1136 4584 ".
1187 4529 1660 4596 Quemadmodum
1737 4531 1885 4585 enim
1958 4545 2128 4601 appa-

2235 3358 2334 3411 μου
2368 3338 2724 3411 χρηματίζων
2773 3335 3072 3406 συμπαρῆν
3111 3332 3188 3404 τῷ
3226 3333 3370 3405 λαῷ,
3411 3332 3526 3386 ἀλλ’
3568 3332 3787 3400 ἀγγέλων

2229 3449 2311 3496 τις
2346 3419 2526 3484 αὐτῶν
2556 3431 2887 3500 προηγεῖτο,
2927 3426 3080 3479 οὐδὲν
3108 3425 3173 3479 ἂν
3203 3427 3281 3489 είς
3315 3426 3444 3487 τοὺς
3476 3425 3668 3487 τόπους
3705 3423 3782 3492 ξη-

2229 3523 2489 3594 τούμενον
2520 3517 2588 3590 ἦν
2609 3539 2622 3552 ·
2659 3521 2781 3574 ἐπεὶ
2803 3520 2861 3577 δὲ
2896 3521 2960 3572 ἐκ
3002 3518 3103 3588 τῆς
3148 3517 3391 3588 ἱστορίας
3430 3518 3676 3588 φαίνεται
3708 3514 3786 3566 καὶ

2233 3616 2368 3687 μετὰ
2384 3615 2482 3687 τὴν
2497 3613 2774 3676 Μωῦσέως
2792 3612 3050 3683 τελευτὴν
3076 3612 3104 3663 6
3132 3609 3293 3671 αὐτὸς
3315 3607 3521 3680 Κύριος
3543 3610 3620 3678 τῷ
3635 3606 3781 3679 Ἰησοῦ

2229 3707 2586 3780 χρηματίζων
2615 3707 2710 3759 καὶ
2740 3703 2929 3772 σαφῶς
2959 3705 3017 3756 ἐν
3045 3705 3158 3765 τοῖς
3188 3701 3324 3774 πρὸς
3349 3701 3511 3754 αὑτὸν
3545 3702 3778 3772 χρησμοῖς

2230 3799 2421 3868 λέγων·
2442 3817 2460 3850 ‹
2481 3799 2602 3852 Ὅτι
2619 3796 2807 3867 ὥσπερ
2831 3796 2864 3866 ἤ
2873 3810 2979 3866 μην
2999 3793 3135 3864 μετὰ
3156 3793 3385 3862 Μωῦσῆ,
3417 3791 3591 3854 οὕτως
3613 3792 3776 3859 ἔσομαι

2235 3891 2371 3962 μετὰ
2401 3889 2517 3955 σοῦ,
2543 3889 2638 3943 καὶ
2660 3888 2761 3941 οὐκ
2787 3885 3167 3956 ἐγκαταλείψω
3201 3903 3261 3938 σε
3281 3925 3295 3949 ,
3327 3885 3434 3938 οὐδ’
3471 3881 3783 3955 ὑπεράᾲομαὶ

2233 4002 2312 4038 σε.
2343 3985 2526 4054 ’Ἰσχυε
2572 3983 2665 4035 καὶ
2707 3978 2959 4053 ἀνδρίζου
2987 3997 3000 4009 ο
3037 3979 3102 4031 σὺ
3145 3977 3252 4048 γὰρ
3302 3976 3691 4037 (inediae-celei;
3717 3973 3780 4040 τῷ

2229 4077 2345 4148 λαῷ
2374 4075 2549 4146 τούτῳ
2584 4075 2682 4147 τὴν
2722 4075 2846 4146 γῆν,
2880 4073 2947 4144 ἢν
2977 4071 3168 4142 ὤμοσα
3201 4073 3313 4133 τοῖς
3354 4070 3622 4141 πατράσιν
3652 4065 3778 4136 ὑμῶν

2228 4170 2410 4224 δοῦναι
2451 4171 2632 4232 αὐτοῖς
2656 4185 2668 4198 ·
2709 4188 2727 4219 ι
2762 4167 2856 4219 καὶ
2894 4166 2964 4218 δι’
3000 4165 3128 4234 ὅλης
3167 4165 3267 4234 τῆς
3317 4163 3540 4233 Γραφῆς
3579 4160 3776 4228 ἄγγελος

2236 4263 2334 4334 μὲν
2389 4260 2644 4331 οὐδαμῶς
2705 4257 2992 4330 ἑπιπαρὼν
3044 4257 3076 4328 ἢ
3131 4256 3483 4328 χρηματίζων
3533 4253 3608 4322 τῷ
3637 4249 3781 4320 Ἰησοῦ

2231 4353 2498 4423 φαίνεται,
2517 4351 2629 4404 ἀλλ’
2647 4351 2845 4412 αὑτδςὸ
2877 4349 3080 4418 Κύριος
3105 4351 3133 4402 ὁ
3159 4349 3254 4400 καὶ
3279 4346 3431 4417 παρὰ
3459 4347 3672 4399 Min-35:2
3707 4343 3779 4393 διὰ

2229 4445 2322 4499 τοῦ
2365 4442 2789 4515 τετραγράμμου
2835 4440 3194 4512 δηλούμενος,
3229 4439 3286 4500 ὃς
3328 4439 3421 4490 καὶ
3459 4438 3606 4490 δοκεῖ
3663 4435 3781 4505 μοιὸ

2231 4534 2392 4599 αὐτὸς
2413 4529 2550 4587 εἶναι
2577 4533 2655 4603 τῷ
2693 4534 2750 4585 ἐν
2777 4531 2967 4607 ἀνδρὸς
2994 4531 3231 4600 σχήματι
3253 4531 3332 4592 εἰς
3358 4528 3504 4595 ἅπαξ
3534 4529 3678 4598 μόνον
3699 4542 3778 4577 πα-

540 4623 720 4678 ruisse
750 4621 1061 4676 Abrahamo
1090 4630 1144 4677 et
1170 4621 1376 4677 Iacobo
1415 4631 1694 4688 narratur,
1727 4624 1804 4679 sic
1863 4633 1916 4678 et
1974 4640 2124 4678 nunc

2233 4628 2525 4701 ραφανέντι
2578 4626 2656 4697 τῷ
2708 4623 2904 4696 Ἰησοῦ.
2949 4625 3156 4694 Ὥσπερ
3227 4622 3335 4693 γὰρ
3403 4622 3674 4691 ἐπιφανεὶς
3719 4617 3779 4685 τῷ

538 4716 610 4770 ad
644 4715 984 4771 edocendum
1020 4731 1240 4771 servum
1269 4731 1454 4782 suum,
1475 4731 1584 4770 non
1612 4716 1787 4786 ipsum
1811 4715 2118 4771 existimari

540 4809 779 4879 primum
833 4816 887 4863 et
945 4809 1250 4866 inereatum
1305 4823 1428 4865 esse
1475 4808 1670 4873 Deum,
1708 4807 1802 4863 sed
1848 4823 2128 4864 summum

537 4901 663 4972 ejus
686 4900 964 4957 exercitus
997 4902 1192 4956 ducem
1222 4901 1580 4956 demonstrat.
1618 4899 1760 4971 Ergo
1798 4899 1844 4955 si
1881 4900 1936 4954 in
1972 4899 2128 4954 omni

541 4992 710 5062 Josue
751 4993 891 5048 libro
929 4995 1157 5065 angelus
1204 4993 1428 5063 quidem
1478 4993 1703 5047 minime
1748 5007 1991 5063 praesens
2033 5008 2121 5048 re-

542 5087 738 5150 fertur,
779 5074 874 5142 sed
906 5087 1046 5142 idem
1080 5087 1198 5157 ipse
1222 5087 1488 5142 Dominus
1518 5086 1612 5156 qui
1639 5084 1694 5139 in
1724 5085 1872 5140 omni
1923 5083 2124 5157 Moysis

542 5179 891 5253 legislatione
933 5180 1246 5235 ostenditur
1280 5199 1294 5234 :
1343 5186 1582 5235 testatur
1633 5176 1932 5233 manifeste
1966 5177 2119 5232 Scri-

541 5283 699 5341 ptura
734 5271 922 5327 dicens
955 5289 967 5326 :
1013 5289 1031 5322 ι
1073 5269 1199 5326 Fuit
1229 5286 1360 5342 ergo
1381 5271 1646 5327 Dominus
1668 5285 1793 5325 cum
1826 5268 1994 5326 Josue
2018 5272 2117 5334 ¹⁸,›

541 5359 610 5415 de
640 5376 750 5431 quo
781 5349 1106 5415 diceretur:
1171 5381 1189 5414 ι
1246 5361 1387 5418 Ecce
1438 5377 1543 5433 ego
1594 5362 1813 5417 mittam
1860 5363 2112 5432 angelum

541 5468 725 5507 nicum
755 5454 846 5523 qui
876 5453 1146 5524 praecedat
1171 5464 1222 5510 te
1246 5461 1300 5510 et
1323 5454 1638 5510 introducat
1668 5456 1724 5510 in
1753 5455 1934 5510 locum
1959 5471 2120 5525 quem

543 5559 730 5613 paratu
759 5546 852 5599 tibi
892 5547 973 5598 ‘6?
1011 5567 1028 5597 ι
1071 5546 1300 5602 Videtur
1327 5562 1458 5618 ergo
1489 5563 1597 5602 non
1629 5549 1796 5602 alium
1828 5563 1893 5603 ac
1941 5546 2118 5618 ipsum

540 5636 830 5691 ostendere
857 5635 1044 5693 .Iosue.
1087 5637 1204 5708 Ipse
1239 5638 1387 5694 enim
1417 5639 1572 5694 duxit
1602 5639 1863 5710 populum
1904 5639 1957 5694 in
1997 5653 2119 5708 pro-

2242 4721 2494 4793 Ἀὅραὰμ
2522 4719 2618 4772 καὶ
2647 4717 2723 4789 τῷ
2752 4717 2948 4771 Ἰακὼε
2977 4717 3415 4786 ἀναγέγραπται,
3440 4716 3579 4768 οὕτω
3601 4715 3684 4766 καὶ
3706 4711 3779 4762 νῦν)

2228 4813 2320 4866 ἐπὶ
2346 4813 2422 4883 τῷ
2456 4811 2744 4866 παιδεῦσαι
2773 4811 2862 4863 τὸν
2889 4811 3197 4881 Θεράποντα
3243 4808 3317 4879 μὴ
3357 4808 3517 4861 αὐτὸν
3565 4805 3780 4875 ἡγεῖσθαι

2225 4908 2317 4960 τὸν
2347 4907 2560 4979 πρῶτον
2592 4905 2685 4958 καὶ
2712 4902 2974 4972 ἀγένητον
3001 4896 3138 4954 εἶναι
3179 4903 3332 4966 Θεὸν,
3374 4901 3487 4955 ἀλλ’
3519 4897 3777 4971 ἀρχιστρά-

2225 5016 2395 5070 τηγον
2427 4999 2522 5069 τῆς
2556 4996 2768 5049 ἐκείνου
2802 4992 3082 5062 δυνάμεως
3127 4994 3507 5064 ἀποφαίνεται.
3550 4991 3680 5058 Εἱδὴ
3702 4985 3776 5040 οὖν

2225 5091 2314 5144 διὰ
2340 5089 2520 5158 πάσης
2564 5088 2662 5158 τῆς
2685 5085 2778 5140 τοῦ
2813 5084 2986 5154 Ἰησοῦ
3032 5085 3250 5156 γραφῆς
3301 5084 3529 5153 ἅγγελος
3573 5084 3658 5154 μὲν
3686 5080 3774 5133 o-‘rl'

2224 5184 2362 5246 ὅλως
2396 5181 2584 5253 παρὼν
2610 5179 2957 5250 ὀνομάζεται,
2990 5177 3105 5230 ἀλλ’
3127 5177 3290 5240 αὐτὸς
3321 5179 3349 5230 6
3379 5177 3467 5230 διὰ
3498 5177 3666 5245 πάσης
3696 5171 3776 5238 τῆς

2227 5273 2379 5345 παρὰ
2408 5274 2634 5326 Μωῦσεῖ
2652 5269 2972 5342 νομοθεσίας
2993 5268 3318 5340 δηλούμενος
3343 5268 3568 5339 Κύριος·
3601 5280 3775 5335 μαρτυ-

2231 5368 2314 5438 ρεῖ
2347 5364 2476 5435 γοῦν
2507 5364 2693 5433 σαφῶς
2747 5365 2781 5434 ὴ
2813 5362 3002 5434 Γραφὴ
3051 5361 3304 5430 λέγουσα·
3341 5379 3358 5408 ι
3388 5361 3497 5413 Καὶ
3521 5355 3582 5429 ἦν
3600 5355 3773 5423 Κύριος

2229 5456 2367 5528 μετὰ
2401 5455 2608 5526 Ἰησοῦ·
2649 5473 2666 5505 ι
2702 5454 2845 5517 τίνος
2888 5452 2954 5506 ἂν
2987 5451 3229 5521 λέγοιτο·
3276 5470 3295 5502 ι
3319 5451 3451 5505 Ἰδοὺ
3494 5445 3771 5504 ἀποστέλλω

2225 5549 2316 5602 τὸν
2351 5547 2582 5617 ἄγγελόν
2617 5565 2718 5614 μου
2755 5546 2860 5618 πρὸ
2887 5543 3180 5618 προσώπου
3215 5561 3331 5608 σου,
3361 5546 3507 5607 ὅπως
3532 5542 3694 5610 ἀγάγῃ
3721 5550 3766 5586 σε

2226 5641 2304 5703 εἰς
2339 5639 2439 5710 τὴν
2467 5638 2593 5708 γῆν,
2619 5639 2685 5708 ἢν
2716 5637 2991 5709 ἡτοίμασά
3016 5653 3095 5689 σοι
3118 5653 3132 5701 ;
3167 5655 3184 5686 ι
3219 5637 3432 5690 Ἔοικεν
3454 5632 3543 5690 οὖν
3563 5634 3638 5688 διὰ
3662 5626 3766 5682 τούς

613 5751 634 5781 ³
673 5749 843 5806 Exod.
880 5767 1046 5815 mu,
1085 5752 1171 5808 15.
1247 5756 1270 5786 ‘
1308 5753 1479 5809 Exod.
1509 5771 1601 5818 xx,
1636 5754 1728 5808 24.
1807 5754 1850 5785 ¹⁰
1891 5752 2020 5808 ibid.
2061 5753 2111 5816 7,

2268 5753 2354 5809 ll.
2433 5753 2474 5783 “
2515 5752 2646 5807 ibid.
2685 5751 2771 5807 12.
2849 5753 2893 5785 ¹¹
2932 5749 3104 5805 Exod.
3129 5764 3288 5817 nni,
3321 5749 3521 5814 20,2}.
3595 5748 3631 5778 ’³
3661 5743 3766 5798 hs.

545 5840 596 5887 ι,
633 5822 702 5888 5,
737 5821 792 5876 6.
872 5823 914 5853 "
950 5821 1064 5878 Jos.
1101 5841 1153 5892 ν,
1194 5825 1280 5898 l5.

1399 5826 1441 5857 ³⁸
1475 5824 1586 5881 Jos.
1623 5841 1696 5889 v1,
1732 5823 1822 5879 Ἣ.
1907 5825 1950 5855 ¹⁶
1988 5823 2157 5880 Exod.
2192 5841 2328 5879 χχιιι
2353 5865 2366 5891 ,
2396 5823 2488 5878 20.
