3954 6498
146 468 284 522 1057

1204 459 1497 517 ΕΟΙ.ΟΟᾹΞ
1538 454 2022 515 ΡΒΟΡΗΕΤΙΟΑΞ.
2064 488 2129 496 -
2170 456 2297 511 L13.
2334 455 2372 509 l.

3263 457 3401 511 1058

142 609 253 644 των
284 591 385 643 οὐκ
415 587 570 643 ἀλλον
596 587 711 641 ἀλλ’
739 587 901 641 αὐτὸν
938 587 1133 659 δηλοῦν
1173 587 1263 640 τὸν
1293 585 1499 658 Ἰησοῦν
1518 602 1531 614 ο
1568 582 1722 646 αὐτὸς

1836 583 2117 639 missionis
2169 592 2409 647 terram,
2466 584 2608 639 sicut
2658 585 2956 639 ostendunt
3012 584 3081 639 ad
3133 600 3257 639 eum
3305 582 3403 639 Dei

144 684 251 754 γὰρ
284 683 580 752 εἰσήγαγεν
606 690 696 733 τον
722 681 849 734 λαὸν
880 683 957 745 είς
990 680 1088 752 τὴν
1113 680 1216 750 γῆν
1240 681 1338 750 τῆς
1368 677 1721 746 ἐπαγγελίας,

140 775 214 837 ὡς
248 776 345 827 καὶ
379 774 433 826 αί
464 772 601 845 πρὸς
639 771 800 825 αὑτὸν
828 770 1078 842 δηλοῦσιν
1124 770 1217 823 τοῦ
1256 768 1390 823 Θεοῦ
1421 770 1596 839 φωναὶ
1633 768 1722 820 λέ-

141 884 351 935 γοντος·
392 885 410 917 ι
442 867 622 935 Ἴσχυε
648 865 743 918 καὶ
772 864 1051 935 ἀνδρίζουο
1086 865 1148 916 σὺ
1181 862 1289 933 γὰρ
1320 860 1723 923 ἀποδιαστελείς

139 961 217 1031 τῷ
257 959 373 1031 λαῷ
420 959 593 1030 τούτῳ
638 960 737 1031 τὴν
784 959 906 1028 γῆν,
952 957 1018 1028 ἢν
1064 955 1252 1027 ὤμοσα
1298 958 1410 1019 τοῖς
1450 954 1722 1025 πατράσιν

140 1053 296 1123 ὑμῶν
328 1053 455 1122 περὶ
479 1050 666 1104 αὐτοῦ.
700 1069 718 1097 ι
750 1050 894 1120 Ἀρα
918 1048 1369 1120 προδιατάσσεται
1390 1047 1467 1118 τῷ
1490 1046 1605 1118 λαῷ
1632 1047 1720 1099 λέ-

138 1159 272 1211 γων·
318 1162 337 1193 ι
368 1143 607 1213 Πρόσεχε
649 1140 835 1211 αύτῷ,
885 1141 981 1193 καὶ
1028 1140 1343 1193 εἰσάκουσον
1397 1139 1593 1193 αὑτοῦ·
1647 1139 1721 1210 μὴ

136 1234 361 1287 ἀεείθει
396 1234 453 1285 ἐν
482 1232 647 1304 αύτῷ.
688 1253 703 1283 ι
762 1234 835 1285 Οὐ
878 1232 959 1285 δεῖ
1000 1231 1056 1285 δὲ
1089 1231 1388 1303 θαυμάζειν
1414 1234 1462 1284 εἰ
1494 1231 1722 1299 ἄγγελον

140 1326 301 1377 αὑτὸν
326 1325 699 1393 ἐπωνόμασεν,
729 1323 849 1375 ἐπεὶ
874 1322 968 1375 καὶ
998 1322 1246 1393 Ἰωάννην
1267 1320 1444 1391 τούτῳ
1468 1320 1623 1373 καλεῖ
1645 1319 1723 1389 τῷ

140 1415 495 1486 προσρήματι
520 1415 553 1484 ἡ
588 1414 872 1482 φάσκουσα
903 1414 1227 1486 προφητεία·
1265 1432 1283 1464 ι
1306 1414 1434 1466 Ἰδοὺ
1457 1412 1566 1480 ἐγὼ
1590 1413 1722 1465 ἀπο-

147 1506 357 1560 στέλλω
397 1505 490 1558 τὺν
528 1505 757 1573 ἄγγελόν
799 1521 898 1576 μου
926 1506 1030 1577 πρὸ
1059 1504 1355 1577 προσώπου
1384 1522 1496 1570 σου,
1524 1506 1581 1568 ὃς
1621 1524 1721 1559 κα-

142 1600 470 1654 τασκευάσει
500 1598 598 1669 τὴν
627 1598 745 1651 ὁδόν
778 1615 878 1668 μου
902 1597 1211 1669 ἔμπροσθέν
1236 1615 1351 1651 σου.
1384 1617 1402 1649 ι
1440 1598 1500 1650 Εἰ
1521 1597 1564 1650 δ’
1586 1598 1721 1662 ὅλως

141 1694 219 1754 εξς
250 1690 454 1761 Ἰησοῦν
489 1689 812 1761 ἀναφέροιτο
858 1689 953 1741 τὸν
996 1689 1088 1742 τοῦ
1137 1689 1294 1759 Ναυῆ
1348 1688 1417 1742 τὰ
1459 1705 1720 1760 προεκτε-

142 1784 329 1849 θέντα,
361 1784 461 1854 ὅρα
486 1782 603 1845 πῶς
628 1782 755 1852 περὶ
784 1780 949 1834 αὐτοῦ
976 1797 1139 1852 φησιν
1160 1784 1188 1834 ό
1216 1781 1437 1852 Κύριος
1475 1800 1493 1830 α
1519 1780 1592 1833 Τὸ
1613 1780 1722 1849 γὰρ

140 1876 312 1946 ὄνομά
362 1890 464 1946 μου
511 1872 865 1943 ἐπικέκληται
916 1874 1001 1925 ἐπ’
1043 1871 1210 1942 αὐτῷ.
1246 1892 1263 1923 ι
1318 1872 1574 1927 Ποῖον·δέ
1614 1873 1721 1943 ἄρα

1832 678 1997 731 verba
2028 677 2260 733 dicentis
2294 698 2305 732 :
2338 698 2355 729 ‹
2411 677 2735 733 Confnrtare
2768 687 2822 734 et
2852 688 2969 733 esto
2997 680 3256 734 robustus
3296 698 3309 733 :
3345 686 3405 732 tu

1829 769 1975 823 enim
2033 777 2182 825 sorte
2214 769 2426 826 divides
2476 771 2677 841 populo
2730 770 2858 825 huic
2903 782 3127 835 terram,
3163 786 3264 841 pro
3295 786 3403 842 qua

1825 858 2006 929 juravi
2041 859 2288 929 patrihus
2331 859 2462 926 tuis,
2497 868 2558 914 ut
2599 861 2870 915 traderem
2904 877 3026 917 eam
3071 862 3201 917 illis.
3242 879 3261 913 ι
3297 860 3403 915 P0-

1830 952 1959 1021 pulo
1991 951 2155 1022 igitur
2176 952 2421 1021 prwcipit
2449 951 2641 1008 dicens
2667 971 2679 1007 :
2720 973 2736 1003 ε
2770 952 3011 1008 Observa
3041 969 3165 1008 eum
3194 962 3249 1008 et
3271 953 3402 1008 audi

1829 1058 2018 1100 vocem
2072 1044 2213 1114 ejus,
2269 1058 2370 1098 nec
2412 1045 2871 1100 contemnendum
2920 1056 3077 1116 putes
3108 1046 3172 1100 ".
3209 1064 3226 1098 ι
3280 1045 3401 1099 Νοιι

1829 1144 2009 1191 autem
2041 1135 2350 1190 mirandum
2374 1144 2458 1191 est
2479 1136 2525 1192 si
2564 1138 2817 1207 angelum
2848 1154 2970 1193 eum
3009 1138 3399 1203 nominaverit,

1830 1244 1954 1283 cum
1988 1227 2251 1284 Joannem
2307 1230 2411 1285 hac
2457 1231 2899 1287 denominatione
2926 1240 3083 1287 vocet
3114 1233 3402 1303 prophetia

1830 1319 1917 1375 his
1945 1322 2129 1377 verbis
2163 1341 2175 1376 :
2216 1339 2235 1373 ι
2271 1321 2411 1378 Ecce
2440 1338 2541 1394 ego
2570 1323 2729 1377 mitto
2764 1325 3015 1393 angelum
3066 1341 3245 1380 meum
3273 1334 3404 1379 ante

1832 1410 2027 1467 faciem
2082 1422 2253 1480 tuam,
2308 1416 2401 1485 qui
2453 1416 2781 1485 praeparabit
2846 1417 2990 1469 viam
3041 1426 3219 1472 meam’
3275 1429 3404 1473 ante

1830 1511 1883 1557 te
1919 1504 1983 1557 ιδ.
2024 1522 2043 1555 ι
2077 1503 2233 1569 Quod
2268 1506 2315 1558 si
2366 1505 2528 1575 plane
2558 1504 2624 1557 ad
2652 1503 2817 1559 Josue
2848 1504 3015 1558 ﬁlium
3049 1505 3170 1560 Nun
3206 1509 3403 1577 ιιι-ιεοὶ-

1828 1604 1942 1648 tata
1992 1603 2266 1664 spectant,
2326 1596 2677 1665 perspicuum
2732 1602 2816 1650 est
2865 1610 2965 1649 cur
3008 1595 3075 1649 de
3107 1610 3172 1651 eo
3203 1596 3405 1651 dixerit

1831 1684 2092 1741 Dominus
2126 1705 2140 1741 :
2181 1705 2200 1737 ι
2238 1685 2306 1740 Ει
2333 1698 2418 1742 est
2451 1702 2648 1742 nomen
2676 1702 2855 1741 meum
2882 1686 2938 1740 in
2970 1686 3061 1739 illo
3080 1688 3140 1740 ¹⁹.
3182 1706 3201 1739 ι
3233 1687 3407 1753 Quale

1830 1778 1998 1850 igitur
2030 1779 2164 1834 illud
2191 1794 2391 1835 nomen
2425 1789 2508 1835 est
2531 1780 2639 1835 nisi
2663 1778 2852 1844 Josue,
2879 1779 3027 1849 quod
3054 1780 3196 1833 idem
3225 1786 3310 1834 est
3343 1794 3407 1833 ac

1828 1869 1995 1926 Jesu?
2020 1869 2159 1926 Huic
2182 1870 2327 1925 enim
2367 1869 2533 1925 Josue
2573 1886 2681 1923 non
2717 1870 2999 1939 pr0prium
3036 1884 3233 1923 nomen
3265 1878 3404 1935 erat,

139 1969 312 2038 ὄνομα
346 1968 380 2038 ἢ
415 1965 546 2021 αὐτὸ
588 1966 647 2018 τὸ
675 1964 907 2036 Ἰησοῦς;
950 1965 1054 2018 Τοῦ
1094 1966 1190 2035 μὲν
1234 1964 1344 2037 γὰρ
1393 1964 1718 2035 φαινομένου

1828 1963 1981 2033 prius
2005 1962 2144 2019 Osee
2167 1972 2381 2018 vocato.
2400 1962 2618 2018 Primus
2647 1978 2772 2017 eum
2800 1961 3013 2032 Moyses
3036 1977 3065 2014 a
3098 1962 3207 2015 Deo
3235 1962 3409 2031 inspi-

140 2058 261 2109 τότε
285 2056 481 2127 ἀνδρὸς
504 2056 604 2108 οὐκ
622 2050 688 2125 ἦν
713 2055 840 2108 ίδιον
860 2056 921 2108 τὸ
950 2056 1155 2126 Ἰησοῦς
1184 2056 1353 2127 ὄνομα
1373 2075 1386 2087 ·
1411 2056 1593 2127 Αύσὴς
1614 2056 1721 2128 γὰρ

141 2147 390 2201 ἐκαλεῖτο
409 2146 471 2200 τὸ
506 2148 796 2220 πρότερον
826 2147 1039 2217 πρῶτος
1064 2146 1119 2199 δὲ
1152 2147 1315 2200 αὐτὸν
1340 2147 1580 2218 Μωῦσῆς
1605 2148 1722 2201 θεο-

140 2237 479 2309 φορούμενος
506 2236 711 2307 Ἰησοῦν
753 2237 1113 2307 ἀναγορεύει,
1157 2237 1427 2309 πνεύματι
1459 2226 1617 2309 δῆλον
1642 2240 1723 2292 ὅτι

141 2330 401 2399 θειοτέρῳ
429 2329 763 2399 κινούμενος*
796 2331 870 2393 ὡς
896 2330 961 2383 ἂν
993 2331 1022 2382 ὁ
1048 2330 1293 2401 χρησμὸς
1320 2333 1348 2384 ὁ
1379 2332 1576 2401 φήσας·
1606 2350 1623 2382 ι
1652 2331 1725 2384 Τὸ

140 2425 249 2495 γὰρ
297 2424 474 2494 ὄνομά
524 2441 622 2493 μου
671 2424 819 2476 ἐστὶν
867 2424 951 2475 ἐπ’
993 2422 1163 2493 αύτῷ,
1196 2442 1213 2474 ›
1270 2423 1579 2496 πληρωθείη
1627 2422 1722 2476 τοῦ

141 2516 574 2587 χρηματίζοντος
602 2516 809 2584 Κυρίου
831 2555 845 2578 ,
877 2514 934 2568 ὃν
969 2515 1227 2580 πολλάκις
1261 2515 1620 2586 ἀπεδείξαμεν
1651 2513 1725 2569 εἷ-

140 2626 229 2661 ναι
266 2609 361 2661 τὸν
406 2607 643 2679 προόντα
685 2607 778 2660 τοῦ
814 2607 948 2660 Θεοῦ
982 2608 1154 2675 Λόγον
1175 2648 1190 2672 ,
1225 2609 1429 2679 Ἰησοῦς
1458 2604 1525 2681 ῆν
1555 2609 1724 2680 ὄνομα

140 2701 276 2770 ὅπερ
306 2699 385 2769 τῷ
414 2700 565 2771 Αύσῆ
594 2701 832 2770 Μωῦσῆς
865 2699 1308 2763 ὲπιτέθεικεν,ὼς
1333 2703 1365 2772 ἡ
1392 2700 1509 2753 θεία
1536 2702 1724 2772 Γραφὴ

144 2792 434 2861 μαρτυρεῖ,
467 2790 675 2861 σφόδρα
706 2789 1181 2860 ἀπηκριϐωμένως
1210 2792 1516 2861 τηρήσασα,
1542 2791 1623 2843 ὅτι
1649 2791 1725 2863 μὴ

141 2880 330 2933 ἄλλοτε
358 2881 391 2950 ἦ
420 2880 649 2950 ἄγγελον
698 2881 862 2934 αὑτὸν
896 2881 1204 2945 ἀκολούθως
1241 2881 1319 2952 τῷ
1359 2882 1595 2954 χρησμῷ
1626 2885 1724 2954 τὴν

140 2972 242 3043 γῆν
268 2972 372 3040 τῆς
403 2972 737 3040 ἐπαγγελίας
760 2973 865 3043 πρὸ
889 2972 1180 3044 προσώπου
1211 2972 1304 3026 τοῦ
1334 2973 1463 3027 λαοῦ
1488 2992 1723 3046 προσκε-

140 3062 375 3133 ψόμενον
412 3063 741 3135 ἐξέπεμπεν,
786 3064 958 3135 τούτῳ
1001 3064 1268 3136 κέκληκεν
1300 3067 1463 3121 αὐτὸν
1493 3067 1569 3137 τῷ
1606 3068 1723 3120 ὀνό-

145 3173 297 3225 ματι.
332 3156 543 3209 Οὐκοῦν
571 3158 661 3210 διά
689 3158 893 3211 τούτων
918 3159 1011 3211 καὶ
1039 3158 1135 3230 τὴν
1162 3158 1253 3212 τοῦ
1289 3158 1538 3229 Σωτῆρος
1568 3161 1599 3230 ἡ
1610 3160 1724 3230 μῶν

153 3251 327 3321 Ἰησοῦ
350 3254 714 3323 προσηγορίαν
730 3253 968 3324 Μωῦσῆς
980 3252 1224 3321 φαίνεται
1245 3253 1429 3323 σαφῶς
1449 3254 1721 3322 ἐγνωκώς·

141 3344 336 3417 ὥσπερ
360 3346 415 3398 δὲ
440 3346 501 3398 τὸ
532 3345 704 3415 Ἰησοῦ
726 3346 896 3416 ὄνομα
921 3346 1069 3417 παρὰ
1105 3344 1305 3417 πρώτῳ
1331 3345 1478 3416 αὐτῷ
1499 3346 1725 3417 εὓρηται

142 3437 284 3490 κατὰ
312 3440 437 3500 τοὺς
468 3438 891 3510 ἐξεταζομένους
926 3438 1124 3502 τόπους
1146 3478 1161 3502 ,
1191 3438 1336 3493 οὕτω
1368 3439 1463 3491 καὶ
1491 3438 1725 3509 Χριστὸν

140 3531 357 3601 πρῶτος
379 3532 540 3596 αὐτὸς
572 3533 943 3604 ἀναγορεύσας
974 3533 1259 3603 φαίνεται,
1296 3532 1403 3603 πρὸ
1430 3531 1538 3585 τῶν
1562 3531 1725 3584 αὐτοῦ

141 3626 350 3697 χρόνων
373 3624 433 3689 ἐξ
460 3626 652 3688 αἰῶνος
680 3626 905 3697 μηδενὸς
943 3626 1169 3696 μηδέπω
1202 3626 1333 3678 ποτὲ
1379 3627 1516 3696 μήτε
1550 3625 1725 3696 Ἰησοῦ

145 3722 280 3789 μήτε
326 3717 566 3791 Χριστοῦ
613 3719 766 3790 παρά
814 3736 953 3771 τισιν
1013 3718 1563 3789 προσαγορευθέντος.
1618 3720 1727 3771 Καὶ

142 3810 393 3878 φαίνεταί
440 3828 505 3880 γε
548 3810 716 3882 ἐνθέῳ
749 3811 993 3882 λογισμῷ
1043 3812 1141 3874 τὰς
1179 3811 1514 3882 δηλουμένας
1559 3829 1727 3884 προσ-

142 3902 371 3973 magia;
421 3903 692 3972 τιμήσας
739 3903 858 3955 δυσὶ
910 3903 1040 3972 γοῦν
1084 3906 1197 3967 τοῖς
1234 3903 1387 3974 παρὰ
1430 3905 1607 3958 πάντα
1633 3904 1726 3957 τὸν

140 3994 265 4048 λαὸν
306 3995 662 4065 ἐξοχωτάτοις
702 3997 927 4069 ἀνδράσι
958 3997 1050 4050 καὶ
1084 3998 1235 4069 παρά
1257 3997 1376 4069 Θεῷ
1395 3998 1727 4069 διαπρέπου-

141 4104 224 4141 σιν
274 4088 484 4159 ἐτέροις
527 4106 586 4141 τε
637 4090 784 4154 ἰδίοις
826 4091 1052 4161 ὀνόμασι
1094 4091 1456 4162 κεχρημένοις
1492 4090 1593 4155 τὰς
1632 4090 1726 4144 δύο

138 4178 343 4241 ταύτας
376 4179 699 4249 ἐπιφημίζει
730 4182 1099 4252 προσηγορίας
1118 4221 1132 4245 ,
1162 4181 1242 4251 τῷ
1266 4199 1326 4234 τε
1367 4182 1482 4252 ἰδίῳ
1509 4179 1725 4251 ἀδελφῷ

137 4270 215 4340 τῷ
242 4271 476 4340 ’Δαρὼν,
504 4272 595 4324 καὶ
626 4272 705 4343 τῷ
730 4273 823 4325 τοῦ
854 4274 1007 4345 Ναυῆ
1032 4274 1132 4344 υίῷ
1151 4315 1166 4341 ,
1204 4273 1502 4346 Αύση[οἰ)]ς
1530 4274 1726 4346 πρότε-

142 4379 232 4433 ρον
258 4358 765 4433 ὀνομαζομένου[ς],
797 4363 946 4435 παρὰ
974 4364 1151 4417 πάντα
1178 4366 1270 4419 τὸν
1293 4365 1419 4419 λαὸν
1446 4366 1583 4419 Θεοῦ
1605 4365 1726 4419 νεύ-

143 4469 272 4521 ματι
316 4452 581 4522 ἄρχοντας
631 4452 724 4505 τοῦ
775 4455 975 4517 παντὸς
1010 4454 1195 4519 ἔθνους
1238 4460 1725 4530 προχειρισάμενος

138 4545 257 4604 ταῖς
310 4542 404 4595 τοῦ
454 4544 705 4615 Σωτῆρος
755 4544 911 4615 ήμῶν
961 4545 1135 4615 Ἰησοῦ
1185 4547 1420 4618 Χριστοῦ
1475 4548 1724 4615 ἐδόξασεν

1830 2064 1985 2111 ratus
2009 2056 2304 2127 appellavit
2325 2055 2528 2122 Josue;
2570 2054 2763 2124 procul
2797 2054 2964 2108 dubio
2995 2063 3079 2109 est
3111 2054 3293 2124 ipsum
3318 2053 3406 2107 di-

1831 2150 1961 2205 vino
2016 2157 2150 2204 tunc
2206 2146 2411 2218 Spiritu
2461 2148 2680 2219 agitari,
2724 2154 2783 2201 ut
2832 2146 3189 2216 implercntur
3242 2145 3407 2200 verba

1830 2242 1979 2297 haec:
2013 2259 2032 2293 ‹
2064 2240 2128 2294 Et
2149 2248 2234 2296 est
2259 2255 2457 2295 nomen
2492 2255 2671 2294 meum
2707 2240 2762 2293 in
2790 2239 2904 2304 illo,
2948 2259 2966 2291 ι
2997 2236 3408 2292 manifestantis

1831 2352 1891 2391 se
1945 2334 2189 2399 Domini,
2248 2350 2409 2405 quem
2472 2334 2672 2404 saepius
2727 2334 3231 2389 demonstravimus
3283 2345 3408 2385 esse

1831 2428 2218 2500 praeexsistens
2243 2426 2337 2482 Dei
2356 2426 2617 2491 Verbum,
2638 2424 2799 2482 Jesns
2829 2424 3037 2496 (Josue)
3062 2433 3181 2479 erat
3209 2439 3408 2478 nomen

1830 2519 1976 2589 quod
2003 2517 2143 2575 Osee
2167 2518 2383 2589 Moyses
2408 2520 2690 2589 imposuit,
2715 2526 2775 2572 ut
2796 2518 2979 2572 divina
3008 2525 3243 2573 testatur
3267 2516 3412 2571 Scri-

1831 2618 1991 2678 ptura
2033 2609 2100 2674 ὀ,
2154 2609 2549 2666 sollicitissime
2603 2607 3046 2662 animadvertens
3099 2607 3245 2678 quod
3298 2623 3407 2660 non

1832 2703 1968 2757 alias
2013 2702 2122 2759 nisi
2166 2717 2291 2757 cum
2347 2702 2600 2772 angelum
2641 2717 2788 2765 eum,
2837 2702 3145 2757 secundum
3194 2700 3407 2755 oraculi

1832 2795 2023 2858 verba,
2076 2793 2465 2864 promissionis
2528 2802 2732 2849 terram
2786 2801 2912 2848 ante
2963 2793 3157 2848 faciem
3218 2792 3408 2864 populi

1831 2896 2249 2955 prospecturum
2280 2885 2547 2951 emiserit,
2604 2885 2709 2939 hoc
2753 2886 2968 2939 vocavit
2999 2901 3125 2940 eum
3160 2886 3407 2941 nomine.

1831 2978 1903 3033 lis
1932 2979 2098 3049 igitur
2126 2985 2344 3035 constat
2371 2984 2427 3033 et
2453 2976 2757 3033 Salvatoris
2780 2978 2957 3032 nostri
2992 2976 3123 3032 Jesu
3154 2976 3410 3033 denomi-

1832 3072 2109 3126 nationem
2140 3070 2311 3142 Moysi
2343 3080 2529 3140 aperte
2572 3071 2845 3140 cognitam
2886 3068 3079 3126 fuisse.
3136 3069 3412 3136 Quemad-

1830 3164 2054 3220 modum
2096 3162 2227 3219 Jesu
2260 3178 2461 3218 nomen
2502 3161 2737 3233 primttm
2776 3160 2919 3231 apud
2944 3177 3068 3215 eum
3103 3162 3158 3215 in
3183 3162 3252 3217 iis
3290 3177 3414 3232 qua:

1833 3258 2228 3328 investigamus
2263 3256 2400 3311 locis
2443 3256 2734 3325 reperitur,
2790 3254 2865 3308 ita
2900 3263 2952 3309 et
2985 3254 3269 3309 Christum
3298 3257 3413 3324 pri-

1828 3365 1952 3406 mus
1995 3350 2140 3406 idem
2194 3347 2582 3418 praedicavisse
2628 3345 2864 3409 videtur,
2900 3346 2954 3399 in
2982 3346 3278 3401 anterioris
3309 3345 3410 3400 αλιτί

1828 3441 2169 3512 temporibus
2197 3441 2313 3495 sive
2338 3438 2470 3494 Jesu
2505 3439 2620 3494 sive
2666 3436 2871 3491 Christi
2918 3437 3236 3491 nominibus
3272 3437 3410 3491 nulli

1829 3547 2072 3602 unquam
2107 3531 2427 3600 compertis.
2455 3528 2521 3582 Et
2553 3529 2769 3583 videtur
2802 3528 3024 3597 quidem
3054 3528 3242 3583 divina
3268 3544 3409 3598 qua-.

1828 3625 1953 3679 dam
1992 3623 2357 3693 inspiratione
2391 3622 2663 3677 revelatas
2688 3621 3172 3677 denominationes
3212 3622 3410 3675 honori

1828 3716 2106 3772 habuisse.
2131 3714 2351 3770 Duobus
2373 3715 2534 3785 igitur
2550 3712 2785 3767 maxime
2798 3728 2863 3767 ex
2891 3713 3038 3767 omni
3057 3714 3254 3783 populo
3272 3729 3413 3785 piae-

1828 3809 2151 3866 cellentibus
2172 3808 2330 3871 viris,
2352 3807 2569 3877 Deoque
2594 3805 3021 3875 acceptissimis,
3042 3822 3167 3860 cum
3187 3808 3406 3876 utrique

1827 3902 1974 3956 aliud
2000 3909 2142 3957 esset
2169 3902 2446 3971 proprium
2466 3914 2685 3964 nomen,
2705 3898 2977 3969 duplicem
2998 3898 3143 3952 illam
3178 3899 3409 3969 imponit

1827 3992 2349 4055 denominationem,
2397 3993 2620 4064 pr0prio
2651 3992 2872 4062 quidem
2918 3990 3076 4045 fratri
3106 3992 3311 4059 Aaron,
3355 4001 3411 4048 et

1825 4085 1971 4140 Nave
1993 4086 2103 4140 lilio
2128 4084 2267 4141 Osee
2293 4087 2446 4156 prius
2461 4084 2782 4157 appellatis;
2802 4100 3038 4154 namque
3055 4099 3239 4139 coram
3259 4086 3409 4139 omni

1826 4179 2027 4250 populo
2040 4178 2133 4233 Dei
2161 4178 2321 4248 jussu
2340 4178 2510 4233 totius
2529 4178 2707 4249 gentis
2730 4178 2898 4232 duces
2920 4192 3016 4233 eos
3035 4178 3261 4247 eligens,
3288 4176 3412 4231 Sal-

1824 4272 2033 4327 vatoris
2081 4271 2257 4326 nostri
2310 4270 2442 4325 Jesu
2476 4269 2681 4324 Christi
2716 4269 3035 4324 nominibus
3071 4269 3403 4335 illustravit;

1828 4366 2057 4419 alterum
2090 4362 2311 4433 quidem
2338 4359 2618 4416 Christum
2642 4360 3062 4431 cognominans,
3091 4358 3185 4429 qui
3206 4359 3410 4414 summi

1825 4459 2051 4527 verique
2105 4455 2314 4510 ferebat
2363 4453 2655 4524 imaginem
2707 4452 3005 4523 pontificis,
3051 4451 3409 4521 omniumque

1827 4552 2092 4615 auctoris,
2121 4550 2296 4620 ipsius
2338 4566 2356 4599 ι
2400 4547 2563 4602 Verbi
2604 4546 2722 4611 Dei,
2754 4547 2845 4617 qui
2881 4553 2997 4601 erat
3044 4546 3098 4600 in
3135 4545 3407 4616 principio

142 4636 537 4706 προσηγορίαις
556 4655 569 4667 ·
604 4637 695 4690 τὸν
732 4638 827 4708 μὲν
854 4638 1109 4709 Χριστὸν,
1141 4638 1206 4691 δι’
1231 4641 1297 4710 ἢν
1324 4639 1517 4711 ἔφερεν
1539 4642 1722 4696 εἰκόνα

1828 4644 1969 4715 apud
2008 4643 2175 4698 Deum
2216 4642 2297 4709 ²¹;
2362 4659 2381 4693 ι
2423 4654 2802 4696 successorem
2848 4654 2977 4693 vero
3026 4654 3185 4693 suum
3219 4636 3409 4692 Jesum

137 4726 229 4779 τοῦ
260 4729 380 4780 κατ’
410 4728 668 4799 ἀλήθειαν
700 4731 1000 4803 ἀρχιερέως
1039 4730 1148 4783 τῶν
1194 4732 1330 4785 ὂλων
1362 4732 1528 4786 αὐτοῦ
1577 4752 1594 4784 ι
1623 4732 1718 4785 τοῦ

139 4822 194 4871 ἐν
216 4821 360 4891 ἀρχῇ
396 4822 531 4891 πρὸς
551 4822 639 4874 τὸν
660 4822 790 4875 Θεὸν
815 4823 949 4876 Θεοῦ
982 4824 1157 4893 Λόγου
1190 4845 1207 4875 ι
1259 4824 1601 4895 προσειπών·
1630 4825 1721 4879 τὸν

136 4914 190 4966 δὲ
219 4914 416 4967 ἑαυτοῦ
448 4915 688 4986 διάδοχον
718 4915 925 4986 Ἰησοῦν
946 4917 1337 4989 ἀναγορεύσας,
1374 4919 1441 4971 δι’
1469 4919 1528 4972 ὂν
1550 4918 1719 4984 ἔσωζε

138 5008 228 5058 καὶ
253 5007 419 5068 αὐτὸς
446 5006 614 5058 τύπον
646 5006 740 5058 τοῦ
779 5007 1028 5078 Σωτῆρος
1060 5010 1216 5080 ἡμῶν
1247 5010 1421 5081 Ἰησοῦ
1442 5050 1455 5074 ,
1488 5010 1547 5073 ὃς
1580 5027 1721 5063 παυ-

139 5100 382 5169 σαμένης
413 5099 514 5168 τῆς
544 5098 633 5152 διὰ
657 5100 932 5164 Μωῦσέως
952 5101 1353 5173 παραδοθείσης
1378 5103 1722 5173 συμϐολικῶς

138 5190 414 5263 λατρείας,
434 5192 527 5243 καὶ
558 5192 746 5245 τοῦτόν
771 5210 888 5255 πως
906 5194 995 5246 τὸν
1023 5195 1220 5267 τρόπον
1240 5196 1519 5260 Μωῦσέως
1540 5198 1717 5250 τελευ-

139 5282 435 5351 τήσαντος,
478 5281 575 5353 τὴν
615 5285 695 5346 εἰς
734 5283 795 5336 τὸ
838 5283 977 5338 θεῖον
1006 5286 1284 5340 εὐσέϐειαν
1315 5288 1716 5358 διαδεξάμενος,

140 5373 319 5437 πάσας
348 5374 447 5444 μὲν
471 5374 569 5437 τὰς
598 5375 861 5445 ἀοράτους
895 5377 1150 5449 δυνάμεις
1189 5379 1590 5452 ἀνθισταμένας
1624 5385 1690 5435 αὐ
1709 5414 1721 5423 -

137 5466 229 5519 τοῦ
256 5467 337 5538 τῷ
362 5467 506 5537 λόγῳ
532 5468 752 5540 πολέμῳ
785 5472 1013 5542 νικήσας
1041 5475 1388 5546 κεχείρωται,
1427 5477 1526 5547 τὴν
1548 5477 1592 5530 δ’
1614 5478 1720 5530 ὑπὸ

1828 4736 2133 4807 appellans,
2162 4749 2258 4805 per
2284 4749 2446 4804 quem
2474 4732 2727 4788 servabat
2752 4738 2805 4786 et
2835 4732 2952 4801 ipse
2977 4738 3165 4801 typum
3216 4729 3407 4785 Salva-

1827 4830 1963 4885 toris
1992 4830 2165 4883 nostri
2186 4826 2338 4894 Jesu,
2371 4826 2488 4897 qui,
2524 4824 2777 4880 absoluto
2813 4839 2973 4893 quem
3000 4822 3213 4895 Moyses
3231 4822 3407 4876 tradi-

1826 4923 1983 4978 derat
2028 4921 2332 4992 symbolico
2394 4920 2541 4974 cultu
2575 4958 2589 4983 ,
2648 4917 2940 4989 Moyseque
2998 4913 3408 4984 quodammodo

1828 5025 2066 5078 mortuo,
2093 5030 2216 5069 cum
2249 5016 2509 5084 pietatem
2543 5013 2598 5067 in
2626 5010 2795 5066 Deum
2833 5012 3158 5079 accepisset,
3211 5020 3409 5061 omnes

1828 5108 2135 5164 invisibiles
2168 5106 2446 5175 potentias
2490 5102 2597 5157 sibi
2648 5102 3027 5163 adversantes,
3059 5100 3232 5152 victas
3265 5108 3403 5165 prte-

1826 5204 1919 5265 lio,
1955 5199 2119 5255 verbo
2161 5196 2464 5267 superavit,
2498 5196 2923 5261 universamque
2960 5198 3157 5244 terram
3219 5188 3287 5241 ab
3337 5187 3409 5242 iis

1828 5292 2112 5367 tyrannice
2142 5289 2386 5344 habitam
2417 5286 2693 5359 propriam
2723 5284 2850 5339 fecit
2872 5283 2925 5335 in
2949 5281 3206 5335 omnibus
3229 5281 3404 5349 genti-

1828 5391 1930 5443 bus
1954 5382 2385 5456 possessionem,
2422 5394 2631 5449 suoque
2661 5379 2845 5434 divisit
2877 5375 3098 5447 populo,
3139 5372 3407 5427 Ecclesiis

1827 5482 1897 5534 in.
1915 5477 2168 5533 universa
2190 5482 2337 5529 terra
2361 5471 2698 5528 constitutis.

136 5565 362 5628 ταύταις
390 5565 606 5618 ἃπασαν
637 5569 1073 5641 τυραννουμένην
1097 5572 1219 5641 γῆν,
1248 5572 1345 5643 τὴν
1378 5575 1435 5627 ἐν
1464 5575 1595 5628 πᾶσι
1628 5579 1739 5640 τοῖς
1776 5577 1981 5630 ἔθνεσιν
2018 5572 2146 5625 ἴδιον
2180 5570 2377 5641 κτῆμα.
2402 5566 2792 5639 ποιησάμενος,
2826 5562 2903 5633 τῷ
2934 5560 3126 5616 ἑαυτοῦ
3165 5559 3280 5632 λαῷ
3318 5560 3403 5611 διδ

135 5660 242 5713 τῶν
266 5661 373 5714 ἀνά
403 5663 580 5715 πᾶσαν
606 5662 703 5734 τὴν
726 5665 1047 5736 οἰκουμένην
1077 5667 1406 5739 Ἐκκλησιῷν
1446 5671 1993 5744 κατεκληροδότησεν.

204 5942 245 5971 ¹⁷
292 5937 465 5996 Exod.
500 5954 655 6006 mn,
694 5940 781 5996 21.

860 5942 903 5976 ⁸³
942 5940 1130 6002 Matth.
1166 5960 1255 6012 ιι,
1291 5944 1377 6000 10.
1455 5947 1495 5977 ¹⁹
1536 5943 1705 5997 Exod.
1738 5960 1905 6009 χχιιι,
1940 5942 2029 5997 “ll.

2106 5943 2151 5974 ὀ
2190 5939 2346 5995 Νιιιιι.
2389 5954 2507 6005 xm,
2546 5939 2629 5995 l7.
2705 5938 2747 5968 ¹¹
2789 5934 2947 5989 Joan.
2984 5948 3036 5990 ι.
3076 5934 3127 5987 l.
