3954 6522
612 475 746 530 1059

1209 583 1436 638 CAPUT
1471 584 1584 638 XII.

683 701 699 732 ι
725 679 1364 750 Cumqueingrederetur
1399 678 1612 749 Moyses
1658 680 1712 733 in
1743 679 2174 740 tabernaculum,

610 768 981 826 descendebat
1023 771 1277 824 columna
1312 769 1497 834 nubis,
1531 780 1588 824 et
1632 770 1810 824 stabat
1839 769 1906 823 ad
1951 771 2176 832 ostium,

601 859 1042 929 loquebatuyquc
1094 875 1219 916 cum
1269 859 1473 930 Moyse,
1511 861 1858 914 cernentibus
1907 860 2178 914 universis

598 951 746 1020 quod
773 954 1028 1006 columna
1065 953 1227 1008 nubis
1263 959 1433 1008 staret
1465 953 1530 1008 ad
1565 953 1766 1008 ostium
1817 953 2173 1008 tabernaculi.

600 1042 942 1114 Stabantque
976 1045 1082 1114 ipsi
1129 1056 1182 1100 et
1209 1044 1513 1100 adorabunt
1551 1061 1646 1115 per
1677 1043 1824 1100 fores
1851 1045 2176 1099 tabernacu-

599 1137 777 1188 lorum
842 1151 1091 1192 suorum.
1159 1137 1506 1206 Loquebatur
1563 1145 1742 1192 autem
1793 1136 2054 1192 Dominus
2109 1137 2176 1191 ad

598 1226 842 1297 Moysem
877 1227 1016 1282 facie
1051 1229 1116 1282 ad
1151 1227 1366 1292 faciem,
1399 1229 1542 1284 sicut
1567 1229 1706 1284 solet
1740 1229 1884 1298 loqui
1917 1229 2079 1284 homo
2109 1229 2176 1282 ad

596 1318 836 1376 amicum
872 1337 1055 1376 suum.
1087 1321 1335 1392 Cumque
1367 1322 1458 1378 ille
1493 1331 1856 1378 reverteretur
1884 1323 1939 1378 in
1971 1333 2173 1388 castra,

595 1412 847 1466 minister
883 1412 1002 1481 ejus
1027 1411 1194 1468 Josue
1223 1413 1368 1468 filius
1393 1413 1535 1478 Nun,
1570 1428 1721 1482 puer,
1754 1429 1862 1468 non
1890 1413 2177 1468 recedebat

597 1503 668 1557 de
697 1504 1078 1559 tabernaculo.
1117 1503 1264 1558 Dixit
1291 1512 1472 1558 autem
1497 1503 1712 1574 Moyses
1743 1505 1807 1558 ad
1842 1503 2128 1559 Dominum
2160 1524 2170 1557 :

593 1592 861 1662 Praacipis
899 1601 958 1648 ut
987 1594 1212 1648 educam
1247 1594 1505 1664 pepulum
1535 1594 1688 1648 illum
1719 1613 1729 1647 :
1769 1603 1820 1650 et
1877 1611 1986 1648 non
2033 1595 2175 1650 indi-

593 1699 688 1740 cas
723 1684 852 1740 mihi
911 1699 1074 1754 quem
1127 1685 1400 1740 missurus
1448 1700 1508 1740 es
1561 1701 1774 1740 mecum
1811 1725 1826 1752 ,
1871 1687 2174 1756 praesertim

595 1793 724 1830 cum
773 1776 1021 1832 dixeris:
1083 1775 1218 1830 Novi
1277 1785 1331 1830 te
1383 1791 1448 1831 ex
1513 1777 1753 1842 nomine,
1809 1787 1862 1832 et
1917 1777 2174 1832 invenisti

593 1869 828 1936 gratiam
861 1881 1048 1921 coram
1083 1883 1189 1922 me.
1229 1865 1284 1921 Si
1316 1881 1447 1937 ergo
1479 1868 1658 1922 inveni
1693 1869 1925 1938 gratiam
1958 1869 2013 1923 in
2041 1885 2172 1924 con-

1325 471 1590 526 EUSEBH
1631 467 2110 528 CAESARIENSIS
2147 468 2294 523 OPP.
2334 466 2519 522 PARS
2561 465 3139 522 lll.——EXEGETICA.

3693 470 3797 524 I060

2792 579 3184 632 ΚΕΦΑΛΑΙΟΝ
3225 577 3300 629 ΙΒ
3311 616 3326 629 .

2354 691 2374 721 ‹
2395 671 2584 725 Ἡνίκα
2604 672 2649 725 δ’
2674 671 2740 725 ἀν
2764 671 2976 742 εἰσῆλθε
2993 671 3230 739 Μωῦσῆς
3249 671 3326 731 εἰς
3347 675 3447 740 τὴν
3479 670 3685 740 σκηνὴν,
3703 689 3798 726 κατ-

2279 763 2490 816 έϐαινεν
2539 766 2568 816 ὁ
2620 763 2806 827 στῦλος
2843 763 2943 834 τῆς
2986 762 3232 832 νεφέλης,
3273 762 3366 813 καὶ
3405 761 3588 814 ἵστατο
3622 763 3799 814 ἐπὶτῶν

2277 857 2454 926 θυρῶν
2484 855 2582 926 τῆς
2615 857 2818 926 σκηνῆς
2837 897 2850 920 ,
2883 855 2978 910 καὶ
3005 855 3232 918 στάντες
3255 855 3281 906 6
3307 853 3436 916 λαδς
3457 892 3474 916 ,
3507 855 3800 924 προσεκύνη-

2277 966 2376 1002 σαν
2423 949 2648 1012 ἕκαστος
2691 947 2798 1002 ἀπὸ
2843 948 2942 1018 τῆς
2988 949 3210 1018 σκηνῆς.
3249 947 3358 1000 Καὶ
3395 945 3618 1016 ἐλάλησε
3639 946 3802 1018 Κύριος

2277 1041 2412 1110 πρὸς
2439 1041 2675 1111 Μωῡσῆν
2701 1081 2716 1106 ,
2752 1038 2979 1102 ὲνὼπιος
3009 1040 3224 1110 ἐνωπίῳ
3245 1079 3260 1102 ,
3301 1041 3377 1103 ὡς
3417 1041 3466 1092 εξ
3501 1039 3712 1112 λαλῆσαι
3739 1059 3802 1102 τις

2278 1131 2412 1201 πρὸς
2443 1130 2592 1200 φίλον
2627 1129 2822 1183 ἑαυτοῦ
2843 1147 2856 1160 ’
2886 1129 2978 1182 καὶ
2999 1129 3376 1200 ἀπηλλάττετο
3401 1132 3484 1193 εἰς
3505 1131 3602 1200 τὴν
3627 1149 3804 1200 παρεμ-

2277 1221 2436 1290 ϐολήν
2457 1235 2470 1248 ’
2503 1223 2532 1274 6
2574 1220 2629 1272 δὲ
2671 1218 2921 1290 Θεράπων
2953 1219 3117 1273 αὐτοῦ
3161 1219 3365 1289 Ἰησοῦς
3397 1221 3510 1283 υίὸς
3551 1222 3693 1290 Ναυῆ
3728 1224 3808 1275 οὐκ

2276 1311 2627 1383 ἐξεπορεύετο
2661 1311 2724 1363 ἐκ
2754 1311 2854 1381 τῆς
2885 1311 3110 1382 σκηνῆς.
3143 1312 3251 1364 Καὶ
3270 1307 3392 1365 εἷπε
3427 1313 3662 1382 Maia-TE;
3701 1315 3810 1384 πρὸς

2275 1405 2498 1476 Κύριον·
2531 1405 2682 1469 Ἰδοὺ,
2719 1405 2784 1456 σὺ
2815 1403 2990 1472 λέγεις
3022 1422 3132 1475 μοι·
3151 1404 3417 1472 Ἀνάγαγε
3445 1406 3534 1458 τὸν
3565 1405 3682 1460 λαὸν
3714 1410 3812 1461 τοῦ-

2272 1521 2382 1566 τον,
2417 1504 2480 1555 σὺ
2515 1501 2572 1554 δὲ
2599 1502 2697 1554 οὐκ
2733 1499 3009 1572 ὲδήλωσάς
3046 1517 3134 1570 μοι
3153 1541 3167 1564 ,
3200 1499 3258 1552 ὃν
3287 1501 3352 1552 σὺ
3387 1501 3692 1564 ἀποστελεῖς
3717 1505 3810 1574 μετ’

2273 1593 2437 1664 ἐμοῦ·
2489 1593 2552 1646 σὺ
2597 1591 2652 1644 δέ
2687 1607 2778 1661 μοι
2821 1587 2982 1654 εἶπας
3005 1605 3018 1618 ·
3055 1587 3184 1644 Οἶδά
3217 1608 3276 1644 σε
3306 1591 3458 1662 παρά
3491 1593 3716 1656 πάντας,
3737 1594 3814 1646 καὶ

2273 1687 2416 1758 ἔχεις
2464 1685 2622 1756 χάριν
2660 1683 2790 1754 παρ’
2815 1684 2957 1754 ἐμοί.
2985 1685 3046 1736 Εἰ
3074 1679 3167 1738 οὖν
3195 1683 3403 1756 εὕρηκα
3429 1686 3588 1756 χάριν
3611 1685 3816 1738 ἐναντίον

2275 1798 2390 1842 σου,
2426 1778 2724 1850 ὲμφάνισόν
2759 1795 2850 1848 μοι
2879 1777 3103 1830 σεαυτόν
3128 1795 3137 1806 ·
3165 1777 3422 1844 γνωστῶς
3453 1778 3545 1830 ἴδω
3583 1796 3668 1841 σε,
3691 1779 3816 1842 ὅπως

2277 1873 2340 1926 ἂν
2373 1865 2416 1925 ὧ
2443 1870 2692 1942 εὑρηκὼς
2733 1869 2890 1941 χάριν
2917 1869 3154 1922 ἐναντίον
3191 1887 3316 1932 σου,
3357 1870 3448 1923 καὶ
3489 1871 3574 1922 ἵνα
3617 1869 3717 1938 γνῶ
3747 1871 3814 1922 Em

593 1971 781 2030 spectu
810 1967 926 2022 tuo,
969 1961 1197 2016 ostende
1242 1960 1378 2014 mihi
1434 1959 1630 2017 faciem
1665 1969 1812 2014 tuam
1836 2001 1850 2025 ,
1909 1968 1968 2015 ut
2003 1961 2174 2016 sciam

2277 1964 2400 2027 λαός
2433 1981 2526 2016 σου
2559 1963 2619 2015 τὸ
2647 1961 2798 2025 ἔθνος
2839 1961 3014 2014 τοῦτο.
3069 1963 3178 2014 Καὶ
3223 1962 3390 2028 λέγει·
3435 1963 3605 2024 Αὐτὸς
3645 1979 3816 2033 προπο-

593 2070 666 2125 te,
699 2067 754 2114 et
778 2059 1052 2116 inveniam
1091 2061 1321 2132 gratiam
1369 2067 1494 2115 ante
1523 2060 1714 2114 oculos
1742 2066 1866 2114 tuos
1900 2076 1914 2112 :
1965 2059 2177 2129 respice

593 2153 857 2222 pepnlum
895 2161 1048 2208 tuum
1098 2161 1312 2223 gentem
1348 2153 1506 2210 hanc.
1563 2151 1818 2222 Dixitque
1870 2149 2174 2207 Dominus:

597 2243 788 2300 Facies
829 2259 948 2300 mea
983 2244 1254 2314 praecedet
1298 2257 1370 2308 te,
1405 2255 1460 2300 et
1493 2245 1737 2316 requiem
1781 2244 1924 2300 dabo
1959 2245 2080 2300 tibi.
2111 2244 2177 2300 Et

593 2338 670 2390 ait
699 2335 956 2409 Moyses:
996 2338 1054 2392 Si
1106 2353 1214 2394 non
1247 2345 1300 2391 tu
1349 2337 1467 2408 ipse
1523 2338 1822 2408 praecedas,
1859 2353 1928 2394 ne
1973 2337 2176 2392 educas

593 2444 698 2484 nos
729 2429 797 2485 de
828 2431 951 2486 loco
981 2429 1108 2486 isto.
1145 2432 1202 2485 ln
1235 2445 1345 2501 quo
1398 2431 1542 2485 enim
1577 2432 1720 2486 scire
1749 2431 2047 2500 poterimus
2075 2445 2176 2501 ego

589 2530 645 2574 ct
674 2525 908 2593 populus
934 2531 1061 2578 tuus
1092 2525 1370 2579 invenisse
1401 2539 1502 2578 nos
1534 2524 1764 2594 gratiam
1795 2524 1849 2578 in
1877 2531 2176 2595 conspectu

593 2627 709 2678 tuo,
743 2616 850 2671 nisi
875 2616 1242 2672 ambulaveris
1271 2618 1583 2680 nobiscum,
1621 2625 1680 2670 ut
1708 2617 2076 2688 gloriﬁcemur
2107 2616 2178 2670 ab

588 2708 848 2762 omnibus
881 2707 1097 2778 pepulis
1125 2709 1220 2779 qui
1259 2709 1507 2764 habitant
1545 2725 1710 2779 super
1759 2717 1984 2764 terram.
2031 2707 2176 2763 Dixit

593 2807 777 2852 autem
828 2799 1097 2854 Dominus
1149 2802 1214 2854 ad
1278 2799 1558 2872 Moysem:
1609 2801 1672 2854 Et
1721 2801 1946 2855 verbum
2003 2799 2172 2865 istud,

593 2893 738 2954 quod
771 2893 988 2946 locutus
1017 2908 1100 2956 es,
1155 2891 1352 2947 faciam
1388 2913 1398 2947 :
1453 2893 1712 2949 invenisti
1751 2894 1896 2948 enim
1946 2895 2174 2963 gratiam

590 3009 780 3047 coram
825 3009 931 3058 me,
966 3003 1018 3047 ct
1071 2995 1344 3064 te-ipsum
1379 2995 1504 3048 novi
1533 3009 1596 3050 ex
1639 2996 1878 3050 nomine.
1923 2995 2028 3061 Qui
2057 2997 2170 3051 ait:

590 3083 836 3140 Ostende
871 3086 1002 3139 mihi
1028 3087 1260 3156 gloriam
1285 3095 1458 3143 tuam.
1485 3087 1788 3158 Respondit
1817 3108 1830 3143 :
1861 3089 1970 3159 Ego
1997 3100 2178 3146 osten-

590 3177 716 3229 dam
757 3190 920 3231 omne
949 3175 1154 3230 bonum
1205 3178 1323 3242 tibi,
1359 3187 1414 3233 et
1445 3180 1653 3235 vocabo
1703 3181 1760 3234 in
1811 3183 2032 3238 nomine
2064 3182 2174 3238 Do-

2279 2058 2540 2129 ρεύσομαι
2573 2057 2666 2110 καὶ
2695 2055 3030 2110 καταπαύσω
3059 2071 3137 2106 σε.
3172 2057 3282 2108 Καὶ
3319 2055 3466 2123 λέγει
3499 2059 3630 2124 πρὸς
3659 2056 3812 2109 αὑτὸν·

2277 2153 2340 2205 Εἰ
2371 2152 2445 2222 μὴ
2469 2150 2630 2214 αὐτὸς
2661 2150 2726 2202 σὺ
2757 2149 3098 2221 συμπορεύῃ,
3137 2149 3210 2219 μή
3239 2165 3306 2216 με
3353 2149 3630 2220 ἀναγάγῃς
3665 2150 3816 2204 ἐντεῦ-

2277 2245 2388 2298 θεν.
2423 2242 2534 2296 Καὶ
2567 2241 2684 2304 πῶς
2706 2240 2946 2309 γνωστὸν
2971 2241 3122 2294 ἔσται
3148 2241 3226 2293 ὅτι
3255 2240 3465 2312 εὕρηκα
3510 2241 3666 2310 χάριν
3693 2243 3818 2312 παρὰ

2277 2335 2360 2388 σοὶ
2386 2333 2497 2402 ἐγὼ
2531 2335 2626 2386 καὶ
2665 2335 2693 2386 6
2721 2333 2846 2396 λαός
2878 2349 2970 2385 σου
2997 2373 3011 2397 ,
3037 2329 3149 2386 ἀλλ’
3182 2333 3214 2403 ἦ
3245 2334 3714 2404 συμπορευομένου
3741 2351 3814 2384 σου

2279 2427 2394 2498 μεθ’
2423 2425 2613 2496 ήμῶν;
2647 2425 2741 2478 καὶ
2773 2422 3272 2495 ὲνδοξασθησόμεθα
3297 2425 3406 2492 ἐγώ
3433 2442 3490 2478 τε
3529 2425 3620 2477 καὶ
3641 2427 3669 2478 6
3712 2424 3816 2488 λαός

2279 2536 2370 2572 σου
2403 2517 2551 2589 παρά
2585 2517 2761 2572 πάντα
2792 2515 2862 2570 τὰ
2893 2515 3042 2584 ἔθνη,
3069 2516 3171 2570 ὅσα
3201 2517 3292 2569 ἐπὶ
3312 2517 3410 2588 τῆς
3437 2516 3544 2586 γῆς
3565 2521 3696 2571 εστι,
3729 2517 3818 2568 Kal

2276 2607 2427 2664 εἶπεν
2449 2612 2478 2663 6
2506 2609 2709 2681 Κύριος
2737 2610 2873 2682 πρὸς
2891 2609 3154 2679 Μωῦσῆν·
3187 2611 3296 2663 Kal.
3327 2609 3416 2662 τὸν
3436 2609 3590 2678 λόγον
3619 2626 3696 2662 σοι
3719 2609 3820 2660 τοῦο

2275 2721 2387 2766 τον,
2417 2703 2474 2756 ὃν
2499 2701 2750 2778 εἴρηκας
2776 2702 2986 2772 ποιήσω
3005 2719 3018 2729 ·
3045 2701 3286 2772 εὕρηκας
3307 2699 3417 2770 γάρ
3439 2699 3596 2770 χάριν
3621 2685 3818 2752 ἐνώπιόν

2281 2814 2402 2868 μου,
2439 2796 2532 2849 καὶ
2558 2790 2676 2848 οἶδά
2704 2811 2761 2846 σε
2791 2793 2944 2864 παρά
2975 2793 3202 2856 πάντας,
3229 2793 3322 2846 καὶ
3352 2793 3495 2860 ἔχεις
3537 2793 3690 2863 χάριν
3715 2791 3818 2860 παρ’

2276 2891 2419 2960 ἐμοί.
2449 2889 2556 2941 Καὶ
2585 2883 2735 2940 εἶπεν
2755 2903 2766 2913 ·
2801 2887 2982 2951 Δςῖςόν
3015 2901 3103 2954 μοι
3128 2885 3225 2956 τὴν
3259 2883 3484 2937 σεαυτοῦ
3516 2883 3690 2950 δόξαν.
3733 2885 3820 2937 Καὶ

2276 2981 2447 3037 εἶπεν
2485 2981 2624 3050 Ἐγὼ
2675 2980 3080 3053 παρελεύσομαι
3127 2979 3387 3051 πρότερος
3431 2981 3497 3049 τῇ
3547 2978 3670 3050 δόξῃ
3715 2995 3820 3048 μου,

2277 3075 2370 3130 καὶ
2418 3073 2632 3128 καλέσω
2677 3075 2733 3125 ὲν
2777 3071 2999 3140 ὀνόματι
3049 3071 3256 3140 Κυρίου
3297 3071 3538 3123 ἐναντίον
3581 3087 3670 3122 σου
3691 3087 3702 3098 ·
3749 3069 3824 3120 καὶ

2275 3169 2504 3238 έλεήσω,
2533 3165 2591 3218 ὃν
2615 3165 2681 3218 ἂν
2712 3163 2864 3229 ὲλεῶ,
2899 3163 2994 3216 καὶ
3018 3163 3365 3233 οἰκτειρήσω,
3394 3162 3454 3216 ὃν
3483 3163 3547 3216 ἂν
3575 3163 3822 3232 οἰκτείρω.

586 3269 726 3323 mini
751 3284 938 3323 coram
971 3279 1062 3324 te:
1101 3278 1156 3326 et
1195 3272 1500 3328 miserebor
1537 3274 1626 3328 cui
1661 3274 1907 3336 voluero,
1955 3283 2009 3330 et
2061 3277 2172 3332 cle-

2279 3262 2392 3314 Καὶ
2419 3255 2591 3312 εἶπενο
2615 3257 2689 3312 Οὐ
2717 3257 2920 3326 δυνήσῃ
2954 3255 3077 3307 ἰδεῖν
3102 3257 3161 3307 τὸ
3185 3255 3474 3324 πρόσωπόν
3503 3273 3630 3326 μου·
3659 3257 3721 3309 οὗ
3739 3257 3826 3323 γὰρ

586 3377 746 3420 mens
776 3379 871 3418 ero
901 3365 959 3418 in
977 3379 1144 3434 quem
1178 3365 1310 3419 mihi
1347 3368 1632 3436 placuerit.
1673 3367 2024 3440 Rursumque
2057 3370 2132 3423 ait
2159 3389 2172 3424 :

587 3455 710 3512 Non
749 3458 954 3528 poteris
995 3456 1183 3513 videre
1217 3457 1409 3513 faciem
1439 3475 1616 3515 meam
1645 3474 1660 3514 :
1698 3477 1806 3516 non
1841 3462 1985 3516 enim
2025 3462 2177 3516 vide-

589 3549 674 3604 bit
706 3563 794 3604 me
820 3550 1008 3615 homo,
1041 3557 1095 3603 et
1133 3549 1298 3605 vivet.
1353 3548 1418 3602 Et
1470 3549 1667 3606 iterum
1699 3571 1713 3606 :
1761 3553 1922 3618 Ecce,
1977 3555 2174 3624 inquit,

586 3657 672 3705 est
735 3650 893 3707 locus
927 3651 1074 3721 apud
1125 3667 1234 3717 me,
1266 3659 1320 3707 et
1352 3652 1528 3708 stabis
1593 3669 1758 3723 supra
1815 3663 2067 3726 petram;
2122 3664 2177 3712 et

585 3752 869 3816 protegam
933 3743 1160 3800 dextera
1223 3759 1344 3800 mea
1376 3785 1392 3809 ,
1443 3746 1618 3801 donec
1681 3754 2000 3802 transeam:
2066 3749 2174 3802 tol-

597 3846 818 3917 lamque
846 3861 1068 3901 manum
1099 3863 1298 3912 meam,
1329 3858 1382 3902 et
1424 3849 1638 3906 videbis
1667 3853 1970 3921 posteriora
2012 3869 2132 3908 mea
2159 3874 2172 3910 :

589 3937 792 3992 faciem
829 3946 1013 3993 autem
1060 3954 1236 3993 meam
1287 3939 1476 3996 videre
1527 3957 1638 3996 non
1685 3945 1892 4014 poteris
1933 3945 2022 4013 ";
2063 3965 2082 3996 ›
2123 3954 2177 4000 et

587 4038 828 4108 reliqua.
885 4037 1096 4104 Quibus
1159 4039 1348 4094 addit:
1412 4058 1431 4092 ι
1502 4038 1750 4113 Cumque
1803 4043 2177 4102 descendisset

588 4129 856 4186 Dominus
883 4147 982 4203 per
1009 4133 1233 4200 nubem,
1263 4133 1414 4188 stetit
1454 4132 1671 4208 Moyses
1714 4152 1841 4190 cum
1877 4153 1964 4201 eo,
2020 4141 2176 4195 invo-

588 4242 725 4283 cans
765 4244 967 4284 nomen
1013 4215 1251 4284 Domini.
1305 4227 1427 4298 Quo
1477 4241 1800 4290 transeunte
1849 4248 2036 4288 coram
2088 4249 2172 4299 eo,

591 4322 716 4376 ait:
769 4321 1091 4378 Dominator
1143 4322 1374 4380 Domine
1425 4324 1590 4391 Deus,
1629 4327 1946 4382 misericors
1979 4335 2033 4381 et
2065 4327 2177 4381 cle-

579 4429 770 4492 mens,
804 4415 1021 4485 patiens
1050 4424 1104 4471 et
1135 4417 1320 4472 multa:
1345 4417 1738 4484 miserationis,
1767 4435 1833 4473 ac
1859 4435 2048 4486 verax,
2083 4420 2176 4490 qui

589 4507 843 4563 custodis
879 4507 1318 4564 misericordiam
1357 4510 1414 4570 in
1457 4512 1668 4566 millia:
1723 4512 1816 4582 qui
1850 4512 2034 4568 aufers
2074 4513 2178 4566 ini-

589 4601 882 4671 quitatem,
913 4611 968 4656 et
987 4600 1222 4667 scelera,
1251 4609 1413 4674 atque
1439 4612 1686 4674 peccata,
1714 4605 2011 4675 nullusque
2033 4605 2177 4675 apud

586 4699 644 4748 te
677 4708 773 4762 per
811 4708 872 4748 se
899 4693 1168 4750 innocens
1199 4703 1314 4761 est;
1348 4693 1444 4766 qui
1478 4695 1664 4751 reddis
1698 4697 2044 4769 iniquitatem
2075 4713 2176 4769 pa-

589 4791 739 4838 tr'um
801 4784 927 4841 filiis
977 4792 1044 4839 ac
1099 4787 1390 4856 nepotibus
1437 4789 1493 4841 in
1547 4789 1763 4844 tertiam
1813 4796 1869 4844 et
1921 4798 2173 4861 quartam

589 4880 931 4950 progeniem.
961 4879 1328 4954 Festinusque
1358 4884 1573 4958 Moyses
1613 4896 1876 4946 curvatus
1908 4897 1993 4946 est
2050 4905 2177 4960 pro-

589 4987 696 5027 nus
719 4973 774 5026 in
806 4979 1034 5040 terram,
1087 4983 1140 5030 et
1174 4977 1412 5033 adorans
1464 4979 1581 5034 ait:
1622 4979 1678 5034 Si
1720 4981 1904 5037 inveni
1941 4985 2173 5054 gratiam

589 5064 648 5120 in
696 5077 998 5136 conspectu
1051 5077 1170 5134 tuo,
1226 5070 1475 5138 Domine,
1528 5074 1760 5130 obsecro
1809 5086 1867 5130 ut
1909 5077 2180 5147 gradiaris

588 5156 884 5216 nobiscum
941 5159 1082 5213 facie
1135 5159 1203 5214 ad
1239 5161 1433 5217 faciem
1461 5164 1526 5217 ³³.
1567 5181 1584 5214 ι
1639 5164 1855 5237 Moyses
1899 5183 2024 5222 cum
2069 5169 2177 5222 Deo

590 5249 897 5305 collocutus
955 5252 1234 5309 inducitur
1283 5271 1346 5310 ea
1400 5255 1596 5312 fiducia
1631 5267 1684 5314 et
1740 5260 2011 5322 libertate,
2071 5279 2178 5332 qua

591 5347 842 5395 uteretur
871 5342 1082 5400 amicus
1118 5360 1244 5399 cum
1285 5348 1463 5402 amico
1497 5349 1880 5406 confabulans.
1939 5353 2178 5422 Apparet

592 5442 776 5488 autem
805 5449 872 5488 ex
903 5434 1028 5490 istis
1055 5451 1163 5490 non
1193 5437 1480 5508 Prophetas
1515 5457 1878 5513 progressus;
1911 5445 2004 5500 sed
2037 5457 2180 5516 post-

593 5548 758 5604 quam
791 5533 1116 5606 loquebatur
1141 5537 1193 5591 ei
1223 5537 1484 5595 Dominus
1526 5541 1666 5598 facie
1692 5543 1760 5598 ad
1816 5543 2034 5610 faciem,
2069 5563 2178 5602 non

593 5635 776 5681 tamen
811 5643 1054 5698 unquam
1100 5631 1256 5687 visus
1305 5640 1392 5686 est
1437 5635 1488 5688 ei
1537 5621 1684 5690 sicut
1731 5638 2066 5705 Abrahamo,
2125 5647 2180 5696 et

595 5725 784 5783 lsaaco
813 5737 868 5784 et
897 5727 1127 5786 Iacobo.
1161 5731 1336 5801 Cujus
1384 5732 1552 5802 igitur
1581 5735 1814 5804 gratiam
1851 5739 2056 5806 expetit
2091 5741 2174 5796 di-

599 5833 730 5876 cens
783 5839 797 5874 :
858 5839 876 5871 ι
939 5821 997 5876 Si
1059 5824 1242 5878 inveni
1303 5825 1535 5894 gratiam
1569 5815 1644 5880 'in
1699 5837 1996 5898 conspectu
2060 5841 2174 5896 tuo,

591 5993 609 6008 α
657 5935 714 6008 ,ιι
753 5933 926 5990 Exod.
961 5941 1174 6006 xxxmf,
1211 5937 1366 5994 9-35.
1446 5939 1492 5972 ¹³
1533 5938 1704 5994 Exod.
1751 5957 1950 6000 xxxn'.
1987 5945 2108 6000 5-9.

2280 3353 2351 3424 μὴ
2379 3352 2464 3424 ἴδῃ
2481 3351 2541 3403 τὸ
2557 3349 2846 3421 πρόσωπόν
2871 3363 2970 3417 μου
2987 3347 3273 3418 ἄνθρωπος
3309 3347 3380 3416 (f.
3411 3349 3472 3402 10
3491 3349 3572 3416 v°)
3595 3349 3686 3401 καὶ
3699 3347 3828 3418 ζήσε-

2273 3461 2381 3496 ται.
2435 3441 2544 3496 Καὶ
2583 3437 2703 3494 εἷπε
2750 3441 2972 3512 Κύριος·
3013 3441 3164 3504 Ἰδοὺ,
3191 3443 3356 3505 τόπος
3397 3440 3524 3512 παρ’
3557 3443 3706 3510 ἐμοὶ,
3753 3439 3828 3490 καὶ

2279 3539 2448 3606 στήσῃ
2478 3535 2570 3587 ἐπὶ
2593 3536 2692 3604 τῆς
2723 3534 2947 3601 πέτρας·
2973 3535 3064 3588 καὶ
3083 3534 3344 3588 σκεπάσω
3363 3537 3432 3604 τῇ
3461 3535 3603 3604 χειρί
3632 3549 3734 3604 μου
3755 3531 3829 3583 ἐπὶ

2279 3625 2358 3688 σὲ,
2408 3625 2513 3688 ἕως
2543 3624 2610 3678 ἂν
2651 3624 2922 3697 παρέλθω.
2957 3625 3066 3678 Καὶ
3119 3625 3304 3698 ἀφελῶ
3353 3625 3449 3697 τὴν
3505 3626 3662 3696 χεῖρά
3713 3641 3826 3694 μου.

2277 3718 2372 3771 καὶ
2398 3718 2516 3770 τότε
2541 3716 2644 3788 ὄψῃ
2684 3717 2752 3770 τά
2781 3717 2953 3771 ὀπίσω
2987 3736 3086 3788 μου
3104 3736 3116 3748 ·
3138 3717 3199 3770 τὸ
3226 3717 3284 3770 δὲ
3315 3717 3603 3789 πρόσωπόν
3627 3734 3727 3788 μου
3749 3717 3830 3766 si);

2277 3808 2572 3880 ὀφθήσεταί
2633 3827 2735 3874 σοι,
2775 3829 2792 3862 ι
2827 3811 2918 3863 καὶ
2963 3810 3032 3863 τὰ
3083 3810 3226 3880 ἑξῆς,
3263 3803 3342 3872 οἷς
3389 3809 3656 3880 ἐπιφέρει·
3689 3827 3708 3860 α
3741 3807 3830 3862 Kal

2277 3902 2482 3974 κατέϐη
2529 3902 2733 3973 Κύριος
2759 3902 2816 3954 ἐν
2847 3902 3046 3974 νεφέλῃ
3067 3943 3081 3968 ,
3113 3904 3208 3956 καὶ
3236 3901 3484 3973 παρέστη
3513 3900 3662 3971 αὐτῷ
3699 3903 3826 3954 ἐκεῖ·

2277 3995 2370 4048 καὶ
2403 3995 2661 4047 ἐκάλεσεν
2693 3997 2750 4047 έν
2783 3995 3006 4064 ὀνόματι
3040 3994 3244 4065 Κυρίου
3265 4011 3278 4024 ·
3311 3995 3405 4047 καὶ
3435 3993 3708 4066 παρῆλθεν
3737 3991 3828 4044 liti-

2281 4103 2392 4156 ριος
2443 4087 2549 4158 πρὸ
2598 4086 2890 4158 προσώπου
2944 4085 3144 4152 αὑτοῦ,
3199 4089 3294 4140 καὶ
3342 4087 3602 4140 ἐκάλεσε·
3651 4085 3828 4156 Κύριος

2277 4175 2480 4246 Κύριος
2511 4177 2539 4228 ὁ
2569 4177 2701 4239 Θεὸς
2737 4175 3034 4248 οἰκτίρμων
3077 4178 3168 4230 καὶ
3209 4177 3474 4248 ἐλεήμων,
3507 4177 3832 4249 μακρόθυμεις

2277 4269 2372 4320 καὶ
2399 4267 2680 4330 πολυέλεος
2703 4269 2794 4322 καὶ
2817 4267 3068 4339 ἀληθινὸς
3089 4270 3180 4322 καὶ
3201 4269 3546 4340 δικαιοσύνην
3569 4267 3832 4339 διατηρῶν,

2278 4360 2447 4412 ποιῶν
2479 4360 2624 4422 ἔλεος
2653 4361 2733 4422 εἰς
2761 4360 3004 4429 χιλιάδας
3025 4402 3038 4424 ,
3081 4361 3330 4432 ἀφαιρῶν
3359 4363 3592 4433 ἀνομίας
3619 4363 3712 4416 καὶ
3739 4361 3835 4415 ἀδι-

2279 4453 2404 4515 κίας
2430 4453 2524 4506 καὶ
2571 4453 2844 4524 ἁμαρτίας
2869 4493 2884 4516 ,
2926 4455 3020 4507 καὶ¹
3059 4455 3150 4507 τὸν
3177 4454 3358 4525 ἔνοχον
3389 4456 3450 4506 οὐ
3483 4454 3734 4526 καθαριεῖ
3755 4455 3834 4505 ἒπ-

2279 4547 2428 4614 άγων
2457 4547 2686 4615 ἀνομίας
2707 4546 2959 4617 πατέρων
2981 4548 3073 4600 ἐπὶ
3101 4547 3288 4612 τέκνα,
3315 4546 3412 4600 καὶ
3437 4547 3532 4600 ἐπὶ
3562 4548 3730 4601 τέκνα
3761 4546 3834 4598 τὲ-

2209 4657 2254 4713 D
2281 4656 2444 4701 κνων,
2475 4639 2568 4691 ἐπὶ
2597 4640 2788 4710 τρίτην
2807 4640 2900 4692 καὶ
2922 4639 3016 4693 ἐπὶ
3043 4639 3310 4710 τετάρτην
3326 4641 3542 4708 γενεάν.
3561 4643 3672 4694 Kal.
3691 4637 3834 4692 σπεύ-

2285 4743 2383 4790 σας
2412 4729 2651 4800 Μωῦσῆς
2681 4729 2858 4798 κύψας
2884 4731 2976 4783 ἐπὶ
3013 4729 3111 4802 τὴν
3142 4731 3246 4802 γῆν
3286 4733 3728 4803 προσεκύνησεν,
3761 4730 3834 4784 ul

2282 4815 2437 4872 εἶπεν
2462 4837 2474 4850 ·
2505 4821 2566 4872 Εἰ
2594 4820 2657 4891 δὴ
2681 4819 2893 4892 εὕρηκα
2914 4823 3073 4894 χάριν
3098 4822 3326 4876 ἐνώπιόν
3357 4841 3474 4886 σου,
3503 4825 3696 4896 Κύριε,
3725 4839 3836 4890 συμ-

2284 4911 2579 4984 πορεύθητι
2605 4913 2720 4985 μεθ’
2752 4913 2907 4985 ἡμῶν
2929 4915 3162 4978 ὲνὼπιος
3189 4916 3425 4986 ὲνωπίῳ.
3457 4936 3476 4968 ι
3517 4917 3754 4986 Mentiar};
3777 4913 3835 4981 τῷ

2285 5007 2404 5078 Θεῷ
2435 5008 2610 5062 λαλῶν
2638 5009 3055 5080 ἀναγέγραπται
3091 5009 3228 5080 μετά
3259 5009 3494 5080 θάρσους
3521 5010 3617 5062 καὶ
3653 5010 3834 5078 παρρη-

2284 5099 2406 5164 σίας
2433 5100 2722 5172 τοσαύτης,
2754 5101 2946 5156 ὁποίαν
2973 5101 3171 5171 ἀγάγοι
3199 5101 3266 5155 ἂν
3297 5101 3390 5155 καὶ
3423 5101 3578 5170 φίλος
3607 5118 3696 5164 τις
3723 5099 3834 5166 ἀνὴρ

2279 5191 2482 5262 ὁμιλῶν
2511 5193 2704 5246 ἑαυτοῦ
2737 5194 2896 5266 φίλῳ.
2933 5196 3282 5266 Ἐμφαίνεται
3317 5195 3376 5248 δὲ
3417 5193 3506 5248 διὰ
3536 5195 3742 5247 τούτων
3761 5191 3834 5270 οὑξ

2281 5285 2313 5352 ἡ
2343 5283 2582 5354 τυχοῦσα
2621 5285 2716 5338 τοῦ
2752 5287 3036 5359 Προφήτου
3081 5289 3334 5358 προκοπή
3353 5305 3366 5317 ·
3393 5287 3508 5340 ἀλλ’
3536 5283 3836 5340 ἐπεὶ

2261 5376 2384 5456 ⁸μὲν
2411 5377 2560 5448 αὑτῷ
2588 5379 2793 5450 Κύριος
2820 5378 3048 5442 ὲνώπιος
3072 5381 3308 5450 ἐνωπίῳ,
3337 5381 3398 5432 οὐ
3432 5379 3536 5450 μὴν
3567 5381 3666 5432 καὶ
3705 5375 3834 5444 ὤφθη

2287 5485 2374 5520 πω
2395 5469 2543 5538 αὐτῷ
2573 5471 2772 5541 ὁμοίως
2799 5471 2876 5542 τῷ
2910 5472 3158 5543 Ἁϐραάμ
3183 5473 3278 5526 καὶ
3311 5474 3494 5526 Ἰσαὰκ
3521 5475 3618 5526 καὶ
3645 5468 3832 5527 ’ἰακιὶιθ

2283 5561 2471 5614 τούτου
2501 5561 2564 5632 δὴ
2598 5563 2756 5634 χάριν
2801 5565 2944 5630 ἀξιοῖ
2985 5563 3179 5632 λέγων·
3218 5585 3236 5614 ι
3267 5565 3330 5618 Εἰ
3359 5565 3424 5636 δὴ
3461 5563 3672 5636 εὕρηκα
3701 5563 3836 5634 χάριν

2283 5654 2523 5709 ἐναντίον
2550 5674 2677 5722 σου,
2722 5659 3018 5730 ὲμςράνισόν
3061 5675 3152 5729 μοι
3195 5659 3440 5724 σεαυτὸν,
3475 5659 3734 5726 γνωστῶς
3755 5655 3836 5710 [δυ

2285 5762 2364 5798 σε.
2395 5766 2413 5798 ι
2452 5750 2530 5800 Δι’
2557 5743 2619 5803 οὗ
2645 5751 2972 5824 παρίστησιν
3001 5753 3084 5806 ὅτι
3119 5750 3194 5822 μὴ
3224 5751 3424 5822 ὁμοίως
3449 5751 3523 5822 τῷ
3545 5751 3728 5804 λαλεῖν
3755 5747 3834 5800 αὖ·

2281 5838 2358 5908 τῷ
2393 5841 2482 5892 καὶ
2525 5841 2622 5904 τὰς
2669 5843 2804 5914 πρὸς
2847 5845 3006 5898 αὐτὸν
3037 5847 3356 5916 ἐπιφανείας
3387 5849 3414 5900 6
3443 5843 3572 5908 Θεὸς
3605 5844 3832 5896 ἐποιεῖτο.
