3954 6510
234 480 361 536 1061

1290 496 1583 555 ECLOGJE
1628 500 2103 560 PROPHETICE.
2148 539 2215 548 ο-
2253 509 2383 563 LIB.
2428 511 2467 565 1.

3360 512 3499 567 1063

231 604 293 655 El
321 604 454 697 γάρ,
485 606 561 671 ὡς
590 610 859 679 νομίσειεν
883 629 986 677 τις,
1016 616 1209 668 ταυτόν
1237 620 1351 672 ἐστι
1380 621 1440 673 τὸ
1463 620 1799 694 λελαληκέναε

1914 627 2146 683 ostende
2178 630 2309 683 mihi
2365 630 2559 686 faciem
2597 642 2766 697 tuam,
2806 640 2864 686 ut
2899 634 3070 687 sciam
3112 642 3185 687 te.
3230 651 3245 681 ι
3287 632 3499 688 Exinde

227 695 381 765 αύτῷ
405 696 497 750 τὸν
511 698 645 752 Θεὸν
666 719 684 751 ι
704 700 933 756 ἐνώπιον
960 705 1176 777 ἐνωπίῳ
1203 730 1220 759 ι
1254 708 1344 779 τῴο
1360 704 1539 780 ὦφθαι
1555 714 1723 784 αὐτῷ,
1740 715 1816 779 ὡς

228 786 298 841 ἂν
326 788 470 842 είποι
497 807 601 855 τις,
623 793 943 864 «πρόσωπον
974 796 1108 866 πρὸς
1127 798 1435 869 πρόσωπον,
1464 822 1482 854 ι
1500 804 1594 856 καὶ
1616 806 1745 859 ποία
1770 806 1815 859 δ’

224 878 292 932 ἂν
338 879 423 934 ἔτι
476 881 631 955 χώρα
674 884 912 940 λείποιτο
954 892 1020 961 τῇ
1068 891 1353 966 φασκούσῃ
1394 894 1559 948 αὐτοῦ
1594 896 1815 963 ἀξιώσει

223 973 309 1027 τόδ
350 991 371 1022 ι
406 976 467 1027 Et
516 975 580 1046 δὴ
610 975 822 1049 εὕρηκα
859 980 1019 1052 χάριν
1073 983 1314 1038 ἐναντίον
1358 1003 1485 1051 σου,
1518 989 1815 1058 ἐμφάνισόν

224 1081 315 1133 μοι
357 1065 602 1129 σεαυτὸν,
630 1068 887 1135 γνωστῶς
918 1069 1013 1125 ἴδω
1038 1089 1128 1139 σε;
1173 1093 1193 1128 ι
1229 1075 1348 1141 πῶς
1375 1078 1453 1143 δὲ,
1485 1081 1533 1132 εί
1561 1082 1654 1135 καὶ
1678 1084 1814 1156 πρό-

220 1173 383 1228 τερον
424 1158 574 1229 αὐτῷ
621 1161 911 1233 πρόσωπον
962 1163 1101 1236 πρὸς
1147 1169 1439 1239 πρόσωπον
1487 1173 1565 1236 ὡς
1603 1173 1811 1247 οἰηθείη

222 1248 290 1300 ἄν
344 1266 450 1313 τις,
495 1251 736 1321 ἑωρᾶτο,
789 1255 1039 1327 ἐπιφέρει
1093 1257 1266 1327 λέγων
1310 1262 1460 1332 αὐτῷ
1504 1266 1533 1317 6
1579 1265 1809 1337 Κύριος·

226 1338 359 1433 σ-Οὖ
395 1339 601 1433 δυνήσῃ
638 1343 763 1396 ἰδεῖν
802 1345 864 1398 τὸ
902 1348 1194 1419 πρόσωπόν
1226 1369 1358 1422 μου·
1394 1356 1456 1408 οὐ
1478 1355 1588 1428 γὰρ
1620 1357 1694 1429 μὴ
1729 1359 1814 1433 ἴδῃ

219 1429 283 1481 τὸ
308 1431 606 1502 πρόσωπόν
636 1453 734 1505 μου
759 1436 1043 1512 ἄνθρωπος
1086 1444 1179 1496 καὶ
1211 1443 1468 1516 (ﬁderat;
1501 1449 1626 1502 »Διὰ
1653 1450 1707 1503 τί
1730 1429 1809 1517 δὲ,

220 1520 431 1590 λεγέτω
452 1526 481 1576 6
507 1523 846 1597 βουλόμενος,
870 1532 980 1585 οὐδ’
1017 1533 1162 1600 ἅπαξ
1191 1536 1219 1588 6
1245 1536 1402 1606 λόγος
1428 1544 1695 1614 μαρτυρεῖ
1725 1542 1812 1595 λέ-

220 1628 358 1679 γων,
398 1615 481 1667 ὅτι
517 1614 670 1687 ὦφθη
697 1620 844 1691 αὐτῷ
865 1622 894 1674 6
926 1622 1148 1695 Κύριος,
1182 1626 1263 1690 ὡς
1281 1628 1372 1681 ἐπὶ
1408 1628 1516 1683 τῶν
1540 1646 1808 1703 πατριαρ-

219 1705 332 1774 χῶν
365 1707 603 1778 εἰρηκὼς
626 1712 940 1784 τετήρηται·
980 1715 1115 1769 ἀλλὰ
1138 1716 1247 1790 γὰρ
1270 1718 1356 1774 διὰ
1383 1721 1590 1776 τούτων
1618 1723 1813 1795 πρόδη-

218 1797 335 1861 λον,
354 1798 436 1852 ὅτι
463 1803 508 1853 εἰ
535 1802 629 1855 καὶ
652 1802 827 1858 ἐλάλει
849 1805 997 1878 αὐτῷ
1016 1808 1218 1879 Κύριος
1241 1829 1261 1862 ι
1282 1810 1513 1877 ἐνῶπιος
1535 1814 1772 1886 ἐνωπίῳ,
1787 1836 1803 1867 ι

216 1893 381 1963 ὅμως
404 1893 493 1946 διὰ
528 1895 627 1965 τῆς
669 1897 895 1968 νεφέλης
926 1899 1102 1954 ἐλάλει
1142 1902 1322 1974 αὐτῷ’
1358 1904 1514 1958 τοῦτο
1535 1906 1643 1978 γὰρ
1671 1924 1807 1978 προ-

1918 718 1977 770 fit
2020 720 2371 775 manifestum
2406 723 2551 792 quod
2580 724 2868 779 non~idem
2898 731 3035 790 erat,
3076 739 3202 778 cum
3251 725 3503 793 loquere-

1915 818 2010 864 tur
2038 812 2087 865 ei
2129 810 2410 880 Dominus,
2444 822 2642 870 etcum
2675 816 3029 873 manifestum
3059 817 3146 872 sui
3176 817 3354 873 visum
3386 816 3501 873 etii-

1915 912 2085 961 ceret.
2104 904 2163 959 Si
2180 906 2350 970 enim,
2375 915 2431 961 ut
2457 909 2704 963 nonnulli
2728 910 3043 965 existimare
3067 909 3500 980 possent,collo-

1916 1005 2101 1053 cutum
2121 998 2292 1055 fuisse
2306 1014 2428 1055 cum
2448 1017 2515 1055 eo
2528 1001 2697 1056 Deum
2715 1004 3014 1074 censpectu
3031 1005 3097 1059 ad
3116 1011 3494 1075 conspectum,

1913 1084 2056 1141 idem
2075 1096 2221 1143 esset
2250 1102 2315 1144 ac
2348 1091 2527 1146 visum
2549 1090 2721 1148 fuisse
2740 1093 2813 1159 ei,
2843 1102 2902 1147 ut
2927 1094 3036 1149 dici
3065 1105 3268 1166 posset,
3310 1115 3328 1146 ι
3356 1094 3499 1151 facie

1915 1177 1981 1231 ad
2001 1176 2216 1245 faciem,
2230 1181 2383 1250 aquis
2404 1182 2524 1251 ejus
2553 1185 2909 1253 postulationi
2928 1187 3324 1258 relinqueretur
3342 1189 3496 1244 locus

1913 1267 2189 1325 dicentis:
2232 1289 2252 1322 ι
2305 1273 2364 1327 Si
2403 1274 2587 1330 inveni
2631 1277 2862 1346 gratiam
2915 1279 2970 1332 in
3026 1287 3325 1350 conspectu
3376 1292 3494 1344 tuo,

1913 1361 2142 1416 ostende
2178 1362 2313 1419 mihi
2359 1363 2554 1420 faciem
2597 1375 2768 1431 tuam,
2814 1376 2874 1423 ut
2923 1370 3092 1425 sciam
3146 1372 3257 1426 te?
3292 1391 3313 1423 ι
3348 1371 3497 1438 Quo-

1912 1450 2078 1505 modo
2105 1460 2310 1520 autem,
2337 1456 2383 1511 si
2409 1464 2463 1511 et
2492 1457 2648 1527 prius
2671 1460 2723 1527 ei
2749 1458 2890 1515 facie
2915 1463 2983 1515 ad
3011 1461 3229 1527 faciem,
3263 1470 3324 1517 ut
3358 1479 3494 1518 non-

1915 1542 2054 1596 nulli
2083 1553 2363 1613 putarent,
2393 1546 2547 1605 visus
2580 1547 2798 1615 fuisset,
2828 1551 3050 1621 subjicit
3078 1552 3269 1609 dicens
3298 1554 3346 1609 ei
3390 1553 3500 1608 Do-

1916 1631 2139 1690 minus:
2186 1654 2206 1686 ι
2245 1634 2363 1692 Νοιι
2398 1637 2609 1707 poteris
2657 1640 2843 1696 videre
2885 1639 3080 1697 faciem
3116 1657 3329 1697 meam:
3385 1660 3496 1700 non

1912 1725 2059 1779 enim
2087 1725 2294 1782 videbit
2320 1743 2408 1784 me
2447 1728 2614 1784 homo
2644 1737 2699 1786 et
2748 1732 2926 1787 vivet?
2966 1752 2987 1787 ι
3029 1732 3304 1804 Quidquid
3330 1735 3498 1805 objici

1912 1819 2108 1887 possit,
2162 1834 2273 1874 non
2332 1822 2508 1876 semel
2569 1823 2818 1878 narratio
2871 1834 3265 1881 commemorat
3315 1825 3495 1882 visum

1914 1907 2087 1967 fuisse
2119 1912 2170 1967 ei
2200 1911 2520 1979 Dominum,
2553 1920 2613 1968 ut
2641 1914 2710 1969 de
2745 1915 3073 1986 patriarchis
3114 1931 3374 1987 expresse
3407 1933 3497 1975 re-

219 1984 555 2079 wapiat'qatv
586 1988 619 2057 ή
643 1986 832 2060 Γραφὴ
866 1989 1116 2059 λέγουσα·
1154 2012 1171 2044 ι
1199 1993 1533 2050 Κατέϐαινεν
1557 2000 1587 2051 6
1614 1977 1799 2063 στῦλος

1910 2001 2104 2057 fertur.
2142 2002 2437 2060 Enimvero
2467 2020 2531 2060 ex
2566 2006 2637 2061 iis
2665 2014 2901 2069 Lconstat
2947 2006 3114 2077 quod,
3152 2010 3199 2063 si
3241 2009 3494 2079 loquere-

216 2073 321 2146 τῆς
354 2076 585 2148 νεφέλης
617 2081 710 2132 καὶ
740 2080 924 2135 ἵστατο
953 2083 1045 2136 ἐπὶ
1091 2084 1198 2138 τῶν
1247 2084 1548 2160 θυρῶντῆς
1579 2092 1803 2164 σκηνῆς,

216 2168 316 2219 καὶ
344 2167 523 2223 ἐλάλει
550 2169 628 2241 τῷ
649 2174 891 2227 Μωῦσεῖ.
915 2195 931 2226 ι
958 2176 1164 2230 Οὐκοῦν
1191 2177 1281 2232 διὰ
1314 2181 1413 2251 τῆς
1436 2182 1665 2254 νεφέλης
1686 2184 1808 2239 ἐλά-

214 2261 324 2324 λει,
352 2264 412 2316 οὓ
452 2265 556 2336 μὴν
589 2266 681 2318 καὶ
724 2268 923 2337 ὁμοίως
959 2269 1037 2338 τῷ
1071 2269 1320 2342 Ἀϐραὰμ
1354 2273 1387 2345 ἢ
1430 2273 1508 2345 τῷ
1553 2276 1739 2331 Ἰσαὰκ
1770 2280 1802 2350 ἢ

214 2354 298 2424 τῷ
336 2354 532 2408 Ἰακὼϐ
561 2354 714 2429 ῶφθη
750 2360 900 2430 αύτῷ
921 2379 932 2389 ο
969 2361 1198 2423 ἐκείνοις
1220 2361 1319 2433 μὲν
1342 2364 1693 2437 γὰρ’γυμνῶς
1712 2371 1806 2423 καὶ

214 2446 436 2518 τρανῶς
464 2448 591 2502 ἄνευ
622 2450 765 2513 τινὸς
790 2451 962 2515 εἴδους
994 2452 1178 2522 ὀφθεὶς
1218 2454 1651 2529 ἀναγέγραπται,
1685 2461 1805 2514 τού-

214 2557 296 2609 τῳ
328 2539 385 2592 δὲ
418 2541 505 2593 διὰ
535 2540 630 2594 τοῦ
654 2541 1052 2616 ὀνομαζομένου
1080 2545 1252 2611 εῐδους
1295 2549 1388 2601 καὶ
1417 2550 1516 2620 τῆς
1549 2552 1801 2623 νεφέλης,

213 2634 285 2704 ῆν
340 2635 436 2689 καὶ
496 2636 653 2700 δόξαν
700 2636 909 2708 Κυρίου
962 2637 1301 2708 ὀνομάζειηὸ
1348 2640 1503 2709 λόγος
1557 2644 1799 2712 φάσκων·

219 2729 459 2783 σἮνέκα
517 2731 575 2782 δὲ
624 2731 801 2784 ἐλάλει
853 2732 1093 2803 Μωῡσῆς
1131 2732 1279 2804 πάσῃ
1333 2741 1623 2809 συναγωγῇ
1672 2739 1803 2793 υἱῶν

226 2820 468 2891 Ἰσραὴλ,
499 2822 592 2874 καὶ
620 2822 1040 2894 ἐπεστράφησαν
1067 2826 1146 2889 είς
1170 2827 1271 2897 τήν
1303 2826 1529 2900 ἔρημον,
1561 2830 1656 2884 καὶ
1692 2831 1801 2886 ἰδοὺ

211 2916 246 2984 ἡ
280 2913 414 2980 δόξα
439 2915 643 2986 Κυρίου
675 2914 831 2987 ὤφθη
864 2918 922 2970 ἐν
946 2918 1163 2991 νεφέλῃ,
1189 2921 1285 2974 καὶ
1313 2921 1573 2995 ἐλάλησεν
1599 2925 1803 2997 Κύριος

213 3006 356 3077 πρὸς
385 3007 651 3078 Μωῦσῆν.
672 3026 691 3060 ι
715 3009 826 3062 Kal
857 3008 1020 3063 πάλιν
1041 3027 1054 3039 ·
1093 3029 1112 3061 ι
1135 3012 1325 3085 Ἀνέϐη
1358 3015 1601 3087 Μωῠσῆς
1631 3020 1711 3081 είς
1740 3017 1801 3070 τὸ

212 3101 373 3172 ὅρος·
423 3100 519 3154 καὶ
565 3101 832 3171 ἐκάλυψεν
866 3104 901 3175 η
930 3104 1124 3176 νεφέλη
1159 3105 1221 3158 τὸ
1250 3105 1393 3178 δρος.
1443 3110 1553 3163 Kal
1591 3111 1799 3184 κατέδη

209 3195 246 3261 ή
274 3191 404 3257 δόξα
433 3193 639 3265 Κυρίου
672 3193 764 3246 ἐπὶ
795 3194 891 3247 τοῦ
926 3195 1083 3266 ὅρους
1113 3197 1208 3251 καὶ
1233 3197 1502 3271 ἐκάλυψεν
1533 3202 1696 3257 αὐτὸν
1724 3221 1801 3256 νε-

1908 2104 2000 2149 tur
2032 2096 2082 2151 ei
2118 2095 2387 2153 Dominus
2427 2096 2568 2153 facie
2596 2098 2663 2153 ad
2696 2097 2916 2164 faciem,
2950 2107 3129 2155 tamen
3160 2116 3255 2171 per
3288 2102 3491 2158 nubem

1909 2186 2245 2256 loquebatur
2292 2187 2364 2242 ci.
2420 2186 2536 2243 Hoc
2581 2188 2727 2243 enim
2786 2188 3128 2244 demonstrat
3178 2187 3491 2260 Scriptura,

1908 2293 2034 2331 cum
2065 2277 2236 2335 dicit:
2275 2297 2295 2329 ι
2328 2277 2702 2335 Descendebat
2731 2280 2988 2335 columna
3021 2279 3183 2335 nubis
3221 2288 3276 2336 et
3309 2281 3494 2337 stabat

1907 2371 1974 2424 ad
2004 2371 2205 2449 ostium
2237 2372 2598 2438 tabernaculi,
2626 2380 2682 2428 et
2716 2372 3045 2445 loquebatur
3075 2372 3142 2427 ad
3170 2371 3435 2445 Moysem.
3466 2392 3485 2426 ι

1905 2458 2049 2531 Ergo
2087 2476 2186 2532 per
2216 2462 2419 2518 nubem
2470 2462 2824 2532 loquebatur,
2869 2478 2982 2518 non
3008 2477 3140 2519 vero
3171 2462 3379 2533 pariter
3405 2464 3491 2518 vi-

1907 2567 2003 2609 sus
2036 2562 2121 2609 est
2153 2554 2205 2609 ei
2254 2568 2319 2609 ac
2367 2553 2703 2619 Abrahamo,
2756 2554 2842 2610 vel
2877 2555 3090 2618 lsaaco,
3138 2555 3226 2610 vel
3261 2553 3489 2610 Iacobo.

1906 2642 2017 2698 Illis
2051 2644 2201 2698 enim
2233 2642 2381 2699 nude
2410 2652 2464 2699 et
2494 2644 2787 2699 manifeste
2818 2643 2971 2698 nulla
3000 2644 3105 2699 sub
3134 2642 3309 2703 forma
3338 2643 3494 2699 visus

1904 2743 2181 2801 narratur,
2201 2735 2331 2790 huic
2363 2751 2494 2791 vero
2519 2735 2626 2791 sub
2646 2733 2823 2793 forma
2849 2750 3015 2805 quam
3036 2736 3349 2801 retulimus,
3371 2734 3488 2790 for-

1904 2841 2104 2898 maque
2134 2828 2316 2895 nubis,
2347 2842 2512 2898 quam
2556 2828 2793 2897 gloriam
2825 2825 3041 2882 Domini
3075 2828 3360 2899 Scriptura
3391 2843 3492 2884 vo-

1905 2927 2017 2987 cat,
2047 2919 2282 2975 dicens:
2321 2939 2339 2972 ι
2376 2920 2515 2975 Cum
2554 2928 2739 2976 autem
2789 2921 3109 2991 loqueretur
3156 2920 3371 2991 Moyses
3408 2920 3489 2975 ad

1900 3025 2121 3067 omnem
2149 3020 2351 3066 emtum
2383 3010 2621 3065 filiorum
2665 3010 2855 3075 Israel,
2907 3017 3267 3080 respexerunt
3299 3010 3368 3065 ad
3399 3025 3491 3065 so-

1904 3102 2238 3157 litudinem:
2270 3110 2324 3158 et
2350 3116 2481 3157 ecce
2505 3102 2681 3173 gloria
2702 3100 2919 3155 Domini
2941 3100 3197 3171 apparuit
3220 3100 3275 3156 in
3302 3100 3447 3157 nube
3471 3118 3486 3157 :

1902 3194 2118 3255 locutus
2149 3203 2234 3250 est
2251 3202 2432 3250 autem
2462 3193 2727 3257 Dominus
2761 3193 2830 3247 ad
2855 3192 3122 3264 Moysem,
3143 3193 3333 3249 dicens
3352 3192 3428 3259 ἰς
3462 3212 3483 3244 ι

211 3285 352 3355 φέλη
383 3283 447 3350 ἐξ
477 3285 721 3358 ἡμέρας·
772 3287 866 3340 καὶ
898 3287 1158 3358 ἐλάλησεν
1192 3288 1264 3361 (f.
1293 3290 1394 3362 11)
1428 3292 1631 3364 Κύριος
1662 3295 1799 3367 πρὸς

1902 3294 1956 3343 et
2033 3302 2230 3342 rursus
2254 3301 2297 3342 ἐ
2359 3306 2378 3339 ι
2438 3286 2685 3356 Cumque
2747 3284 3093 3340 ascendisset
3164 3283 3379 3355 Moyses
3431 3284 3489 3339 in

207 3376 456 3447 Ῑιίωὓσῆν
487 3380 553 3448 τῇ
581 3377 767 3449 ἡμέρᾳ
792 3381 858 3450 τῇ
890 3379 1091 3453 ἐϐδόμῃ
1119 3383 1182 3435 ἐκ
1216 3382 1383 3452 μέσου
1409 3384 1508 3454 τῆς
1545 3384 1792 3458 νεφέλης.

207 3468 285 3522 Ἰδ
313 3469 371 3523 δὲ
404 3465 544 3532 εἶδος
572 3471 671 3540 τῆς
705 3462 863 3543 δόξης
906 3474 1133 3546 Κυρίου,
1161 3474 1291 3527 ὡσεὶ
1334 3474 1447 3546 πῦρ
1476 3474 1672 3544 φλέγον
1706 3476 1797 3529 ἐπὶ

204 3559 310 3630 τῆς
343 3558 593 3631 κορυφῆς
626 3560 717 3614 τοῦ
760 3562 938 3633 ὅρους.
970 3584 988 3617 ι
1027 3564 1221 3635 Σαφῶς
1258 3560 1351 3618 οὖν
1384 3565 1472 3619 διὰ
1501 3565 1705 3619 τούτων
1736 3567 1798 3621 τὸ

208 3651 587 3724 θεωρούμενον
618 3652 696 3724 τῷ
726 3655 951 3708 Μωῦσεί
996 3654 1213 3723 λέγεται
1261 3651 1400 3709 εῖναι
1432 3656 1533 3710 οὐκ
1574 3657 1743 3721 αὐτὸς
1768 3660 1797 3711 6

207 3746 440 3816 Κύριος,
470 3744 585 3799 ἀλλ’
628 3741 766 3809 εἶδος
800 3748 1026 3819 Κυρίου,
1063 3747 1157 3801 καὶ
1197 3747 1392 3820 νεφέλη
1446 3748 1540 3802 καλ⁸
1588 3749 1724 3821 πῦρ,
1760 3749 1797 3804 δι

210 3840 309 3891 καὶ
347 3837 505 3903 δόξαν
552 3840 757 3912 Κυρίου
808 3839 1061 3910 ὀνομάζει
1093 3841 1121 3892 6
1165 3838 1350 3909 λόγος·
1379 3828 1574 3894 ούκοῦν
1600 3841 1661 3895 τὸ
1696 3842 1795 3913 μὲν

207 3930 351 3996 εἶδος
382 3931 530 4005 ἐώρα
562 3933 768 4003 Κυρίου
795 3933 887 3986 καὶ
915 3931 1014 4001 τὴν
1045 3930 1201 3998 δόξαν
1231 3930 1419 3996 αὐτοῦ,
1453 3932 1706 4003 οὐδαμῶς
1736 3933 1794 3986 δὲ

204 4025 372 4079 αὖτὸν
404 4025 495 4078 τὸν
527 4025 749 4097 Κύριον,
785 4025 875 4079 τόν
928 4041 986 4078 τε
1038 4023 1364 4096 λαλούμενον
1413 4026 1585 4095 Λόγον
1630 4025 1793 4079 αὐτοῦ

203 4117 303 4171 τοῦ
352 4117 590 4187 Κυρίου*
623 4117 736 4172 ἀλλ’
767 4119 916 4189 ὅμως
962 4117 1050 4171 διὰ
1093 4117 1192 4189 τῆς
1230 4117 1460 4190 νεφέλης
1506 4118 1794 4182 λαλοῦντος

204 4210 431 4283 ἤκουεν,
447 4210 528 4264 διὸ
552 4211 784 4282 είρηταγ
815 4211 954 4265 «Kal
978 4210 1236 4283 ἐλάλησεν
1250 4210 1454 4282 Κύριος
1476 4210 1611 4283 πρὸς
1632 4213 1795 4266 Μωῦ·

207 4302 313 4373 σῆν
345 4301 575 4366 ἐνώπιος
603 4302 838 4373 ἐνωπίῳ.
866 4321 885 4355 ι
917 4303 991 4355 Οὐ
1020 4301 1124 4373 μὴν
1157 4303 1250 4355 καὶ
1284 4302 1439 4373 ὤφθη
1473 4301 1623 4373 αὐτῷ
1657 4301 1788 4356 ἐνώ-

205 4410 333 4456 πιος
360 4394 576 4465 ἐνωπίῳ
608 4395 931 4466 τετήρηται·
960 4394 1118 4447 τοῦτο
1147 4394 1253 4466 γὰρ
1287 4395 1362 4457 ὡς
1392 4393 1602 4447 ούδέπω
1631 4410 1791 4463 γεγο-

202 4485 296 4549 νδς
326 4484 467 4549 ἀξιοῖ
495 4484 689 4553 λέγων’
728 4505 747 4537 ι
769 4486 1096 4557 Ἐμφάνισόν
1133 4503 1221 4557 μοι
1261 4485 1507 4549 σεαυτὸν,
1535 4486 1792 4553 γνωστῶς

205 4574 306 4628 ἴδω
338 4591 419 4630 σε.
452 4595 470 4626 ι
503 4576 614 4630 Kal
659 4576 717 4628 ἐν
751 4574 921 4648 ἑτέρῳ
966 4574 1022 4628 δὲ
1067 4576 1218 4645 τόπῳ
1262 4574 1503 4629 διδάσκει
1553 4577 1582 4627 6
1614 4575 1789 4644 λόγος,

1897 3385 2162 3443 montem,
2194 3380 2412 3449 operuit
2441 3379 2615 3433 nubes
2644 3384 2911 3431 montem.
2947 3375 3013 3429 Et
3040 3374 3323 3431 descendit
3371 3375 3488 3446 glo-

1899 3470 1980 3524 ria
2016 3466 2233 3523 Domini
2264 3484 2432 3540 super
2484 3476 2747 3531 montem,
2780 3474 2972 3536 tegens
3021 3467 3177 3521 illum
3208 3465 3354 3521 nube
3389 3480 3488 3521 sex

1897 3564 2112 3619 diebus.
2153 3562 2220 3615 Et
2244 3562 2570 3632 loquebatur
2591 3559 2860 3614 Dominus
2886 3559 2954 3613 ad
2982 3558 3224 3629 Moysem
3254 3560 3487 3630 septimo

1896 3656 1985 3711 die
2013 3656 2083 3711 de
2112 3654 2296 3710 medio
2335 3638 2611 3723 caliginis.
2647 3650 2778 3706 Erat
2816 3658 3000 3705 autem
3044 3651 3259 3722 species
3299 3650 3486 3723 gloriae

1901 3749 2139 3813 Domini,
2171 3747 2332 3819 quasi
2366 3746 2510 3814 ignis
2561 3744 2763 3801 ardens
2801 3758 2969 3819 super
3017 3743 3281 3800 verticem
3327 3752 3486 3796 incn-

1898 3841 1968 3897 tis
1990 3843 2056 3895 ³⁸.
2102 3858 2120 3892 ι
2153 3841 2353 3909 Aperte
2381 3843 2531 3908 patet
2556 3851 2626 3891 ex
2656 3836 2725 3892 iis
2754 3837 2935 3893 visum
2970 3836 3142 3891 fuisse
3170 3832 3343 3905 Moysi
3372 3847 3484 3888 non

1896 3934 2076 4004 ipsum
2105 3930 2418 3993 Dominum,
2442 3931 2539 3986 sed
2569 3930 2809 4001 speciem
2831 3927 3068 3994 Domini,
3094 3926 3406 3996 nubemque
3429 3930 3487 3980 et

1899 4026 2104 4096 ignem,
2130 4039 2251 4094 quae
2279 4023 2493 4077 Domini
2520 4023 2748 4093 gloriam
2778 4036 2937 4078 sacer
2965 4034 3145 4076 sermo
3174 4025 3352 4073 vocat.
3382 4012 3483 4071 Vi-

1895 4102 2059 4173 debat
2088 4118 2255 4188 igitur
2281 4117 2519 4188 speciem
2549 4114 2791 4179 Domini,
2822 4113 3054 4184 ejusque
3084 4110 3339 4181 gloriam,
3369 4108 3479 4162 mi-

1895 4208 2045 4264 nime
2091 4214 2274 4262 autem
2326 4208 2507 4277 ipsum
2563 4203 2875 4267 Dominum,
2927 4201 3212 4272 ipsiusque
3262 4195 3483 4252 Domini

1897 4302 2158 4369 Verbum,
2204 4300 2309 4357 sibi
2343 4300 2698 4355 collocutum.
2731 4296 3122 4350 Verumtamen
3154 4306 3251 4363 per
3278 4288 3480 4344 nubem

1894 4413 2018 4452 eum
2069 4395 2381 4463 loquentem
2437 4389 2715 4453 audiebat,
2765 4387 2998 4457 ideoque
3042 4384 3288 4439 dicitur:
3340 4396 3361 4433 ι
3412 4377 3481 4433 Ει

1895 4491 2113 4545 locutus
2135 4493 2223 4541 est
2254 4484 2523 4539 Dominus
2567 4481 2637 4537 ad
2664 4481 2906 4551 Moysem
2932 4477 3072 4532 facie
3101 4475 3168 4530 ad
3197 4473 3415 4532 faciem.
3452 4489 3472 4523 ι

1894 4580 2013 4635 Non
2045 4585 2231 4633 autem
2256 4576 2307 4632 ei
2340 4573 2665 4644 apparuisse
2695 4571 2837 4626 facie
2862 4569 2931 4625 ad
2965 4566 3160 4623 faciem
3192 4562 3432 4621 refertur
3459 4577 3473 4591 ο

199 4667 288 4719 δτι
320 4667 385 4739 δὴ
422 4668 598 4739 στόμα
634 4666 808 4722 ἐλάλει
843 4667 993 4739 αὐτῷ
1032 4669 1060 4721 6
1091 4666 1245 4733 Θεὸς,
1272 4666 1332 4720 ού
1372 4667 1477 4739 μὴν
1517 4666 1792 4738 καταλλή-

1902 4672 2027 4729 illud
2086 4671 2231 4725 enim
2281 4667 2525 4722 nondum
2588 4662 2857 4719 accidisse
2912 4664 3178 4715 memorat
3240 4654 3473 4710 dicens:

199 4760 315 4823 λως
348 4758 442 4814 καὶ
469 4761 697 4831 ἑωρᾶτο,
724 4760 840 4815 ἀλλ’
868 4762 927 4814 ὲν
959 4760 1087 4814 εῖδει
1115 4761 1210 4814 καὶ
1237 4760 1327 4814 διὰ
1354 4760 1456 4832 τῆς
1489 4760 1788 4832 προαποδε-

197 4854 439 4926 δομένης
471 4854 628 4926 δόξης
657 4853 819 4909 αὐτοῦ
841 4871 856 4886 ·
886 4854 1035 4922 λέγει
1068 4853 1125 4906 δὲ
1156 4852 1414 4917 οὖτωςος
1443 4854 1555 4907 Kal
1584 4852 1786 4924 κατέϐη

199 4946 413 5017 Κύριος
463 4948 520 4999 ἐν
570 4945 746 5018 στύλῳ
781 4946 1030 5017 νεφέλης,
1060 4944 1156 4999 xal
1200 4944 1327 5016 εστη
1359 4944 1452 4998 ἐπὶ
1484 4945 1586 5015 τῆς
1624 4943 1793 5015 θύρας

196 5041 307 5109 τῆς
352 5037 558 5109 σκηνῆς
603 5038 695 5091 τοῦ
733 5039 1068 5110 μαρτυρίουσ
1103 5036 1197 5090 καὶ
1228 5037 1538 5109 ἐκλήθησαν
1578 5036 1789 5106 Ἀαρὼν

197 5133 300 5185 καὶ
329 5130 582 5203 Μαριὰμ,
619 5132 714 5184 καὶ
744 5130 964 5203 ἐξῆλθον
995 5130 1316 5200 ἀμφότεροι.
1348 5131 1457 5183 Kal
1484 5125 1631 5182 εἷπεν
1654 5129 1791 5201 πρὸς

195 5224 420 5288 αὐτούς⁸
440 5223 733 5277 Ἀκούσατε
775 5224 839 5296 δὴ
886 5226 992 5278 τῶν
1037 5224 1211 5293 λόγων
1251 5241 1371 5294 μου⁸
1415 5223 1540 5275 Ἐὰν
1566 5223 1789 5293 γένηται

198 5318 494 5389 προφήτης
539 5317 692 5389 ὑμῶν
738 5317 815 5388 τῷ
854 5319 1062 5390 Κυρίῳ,
1097 5321 1155 5372 ἐν
1182 5320 1416 5389 ὁράματι
1462 5317 1610 5387 αὐτῷ
1650 5334 1790 5384 γνω-

200 5412 499 5481 σθήσομαι,
535 5411 628 5464 καὶ
672 5412 728 5463 ἐν
775 5410 927 5483 ὕπνῳ
955 5411 1174 5482 λαλήσω
1206 5410 1377 5481 αὐτῷ.
1414 5410 1526 5480 Οὐχ
1557 5408 1730 5472 οὕτως
1757 5408 1787 5460 6

200 5503 460 5577 θεράπων
510 5520 609 5573 μου
648 5503 890 5574 Μωῦσῆς
918 5503 1106 5567 πιστός
1135 5505 1281 5557 ἐστιν
1318 5503 1374 5555 ἐν
1405 5501 1510 5572 ὅλῳ
1541 5499 1621 5572 τῷ
1652 5502 1786 5572 οἴκῳ

202 5615 328 5669 μου.
372 5596 555 5667 Στόμα
603 5595 746 5649 κατὰ
790 5594 963 5667 στόμα
991 5595 1210 5666 λαλήσω
1242 5594 1391 5665 αὐτῷ
1423 5595 1483 5647 ἐν
1507 5593 1659 5659 εῖδει,
1692 5594 1788 5647 καὶ

197 5690 261 5743 ού
298 5689 367 5743 δι’
398 5688 755 5761 αἰνιγμάτων,
790 5688 883 5742 xal
917 5687 1017 5758 τὴν
1059 5687 1216 5753 δόξαν
1248 5690 1454 5761 Κυρίου
1498 5684 1659 5753 εἶδεν,
1692 5688 1786 5743 καὶ

198 5782 288 5836 διὰ
304 5782 358 5835 τί
387 5783 489 5835 οὐκ
520 5780 824 5852 ὲφοϐήθητε
847 5778 1216 5850 καταλαλῆσαι
1238 5781 1376 5835 κατὰ
1406 5780 1497 5835 τοῦ
1515 5780 1782 5854 θεράπον-

275 5937 322 5970 “
362 5936 532 5993 Exiid.
569 5953 690 6000 tvi,
726 5937 816 5994 10.
894 5937 940 5969 "
982 5934 1152 5994 Exod.
1190 5953 1334 5999 xxiv,
1380 5938 1460 5991 1’5.

1897 4785 1916 4818 ι
1949 4762 2193 4820 Ostende
2223 4760 2358 4815 mihi
2388 4758 2584 4813 faciem
2611 4763 2784 4818 tuam,
2815 4759 2877 4807 ut
2903 4750 3074 4807 sciam
3109 4756 3181 4803 te.
3222 4764 3241 4799 ι
3284 4743 3346 4799 ιιι
3368 4742 3479 4798 alio

1894 4862 2017 4919 loco
2043 4858 2203 4914 docet
2231 4855 2520 4924 Scriptura
2562 4839 2709 4922 quod
2755 4863 2852 4903 ore
2884 4844 3104 4916 quidem
3151 4837 3477 4910 loquebatur

1899 4953 1949 5008 ei
2007 4951 2172 5011 Deus,
2206 4963 2318 5003 non
2374 4953 2556 5000 tamen
2608 4941 2818 5014 pariter
2863 4937 3178 4996 videbatur,
3226 4928 3321 4985 sed
3369 4926 3476 4982 sub

1889 5041 2072 5112 specie
2087 5046 2162 5104 et,
2178 5045 2238 5093 ut
2257 5051 2421 5108 supra
2438 5034 2645 5090 dictum
2670 5038 2776 5105 est,
2791 5043 2890 5101 per
2912 5026 3088 5097 ipsius
3107 5021 3358 5093 gloriam.
3381 5014 3476 5071 Sic

1889 5138 2059 5206 igitur
2084 5131 2219 5187 dicit
2251 5149 2263 5184 :
2304 5146 2323 5179 ι
2350 5115 2653 5182 ὐοεοειιιιὶι
2700 5121 2966 5175 Dominus
2996 5118 3054 5171 in
3086 5114 3343 5206 columna
3370 5124 3475 5164 nu-

1887 5204 1993 5289 bis,
2036 5235 2090 5281 et
2123 5222 2276 5279 stetit
2319 5221 2375 5275 in
2415 5218 2645 5274 introitu
2680 5208 3025 5270 tabernaculi
3055 5219 3259 5263 vocans
3286 5204 3474 5256 Aaron

1888 5329 1942 5375 et
1971 5316 2220 5373 Mariam.
2245 5313 2351 5381 Qui
2375 5326 2500 5368 cum
2531 5308 2821 5371 exiissent,
2852 5301 2991 5358 dixit
3022 5296 3090 5352 ad
3113 5310 3211 5351 eos
3236 5316 3251 5352 :
3272 5290 3475 5347 Audite

1891 5424 2175 5467 sermones
2220 5421 2374 5462 meos
2403 5423 2416 5459 :
2448 5403 2504 5457 Si
2544 5401 2670 5473 quis
2700 5395 2868 5452 fuerit
2899 5394 3043 5448 inter
3070 5402 3169 5444 vos
3205 5383 3471 5458 propheta

1890 5502 2127 5571 Domini,
2178 5500 2236 5557 ii
2268 5499 2481 5555 visione
2524 5490 2802 5565 apparebo
2829 5487 2902 5553 ei,
2937 5483 3023 5538 vel
3070 5496 3165 5553 per
3194 5475 3469 5571 somnium

1889 5597 2085 5666 loquar
2114 5567 2185 5648 ad
2216 5590 2392 5646 illum.
2424 5586 2495 5641 At
2526 5599 2636 5639 non
2669 5579 2798 5635 talis
2823 5589 3017 5633 servus
3040 5585 3200 5628 meus
3226 5567 3465 5666 Moyses,

1889 5658 1982 5759 qui
2016 5687 2072 5741 in
2096 5683 2243 5740 omni
2274 5682 2438 5737 domo
2480 5691 2600 5733 mea
2644 5670 2996 5729 fidelissimus
3022 5673 3109 5722 est
3134 5682 3149 5719 :
3182 5676 3292 5759 ore
3318 5658 3464 5759 enim

1889 5754 1954 5837 ad
1983 5795 2045 5835 os
2077 5779 2271 5848 loquor
2300 5774 2349 5830 ci
2379 5793 2391 5827 :
2427 5779 2480 5827 ct
2509 5768 2712 5841 palam,
2743 5770 2800 5820 et
2830 5775 2941 5817 non
2969 5774 3067 5831 per
3093 5755 3385 5828 aanigmata
3411 5754 3467 5802 et
