3954 6520
517 498 656 553 1065

1257 492 1525 550 EUSEBII
1565 491 2044 552 ΟιΕδΑΙὶΙΕΝὸΙΒ

2179 492 2230 547 P.
2274 490 2456 550 PARS
2491 491 3068 548 Ill.—EXEGETICA.

3623 494 3732 548 ιοει

515 628 568 670 et
596 617 795 687 figuras
825 613 1113 668 Dominum
1137 613 1306 668 videt.
1331 613 1513 678 Quare
1537 629 1668 684 ergo
1691 627 1798 667 non
1827 612 2075 668 timuistis

2191 613 2284 676 τός
2313 631 2414 683 μου
2435 614 2710 677 Μωῦσέως
2731 615 2913 688 ;»“Ἀρ’
2933 611 3024 668 οὖν
3051 615 3146 684 τὴν
3163 614 3318 678 δόξαν
3343 614 3444 683 μὲν
3459 613 3652 684 Κυρίου
3676 611 3734 666 εἷ-

513 700 800 766 ἶιυιτιιιιενε
832 723 991 763 servo
1021 721 1144 761 meo
1187 704 1360 777 Moysi
1381 706 1462 759 "‘2
1499 725 1518 757 ι
1543 705 1686 776 Ergo
1721 707 1950 776 gloriam
1970 706 2092 774 qui-

515 803 639 856 dem
673 799 886 854 Domini
915 799 1069 861 vidit,
1098 805 1156 852 et
1189 799 1292 852 sub
1323 799 1504 868 specie
1553 812 1611 851 se
1644 797 1695 852 ei
1739 795 2092 852 manifestan-

514 905 643 960 teut,
675 901 729 948 et
761 909 856 947 ore
907 894 973 947 ad
1001 909 1064 948 os
1112 893 1425 962 loquentem
1472 891 1698 956 audivit,
1749 905 1860 944 non
1907 898 2090 944 tamen

515 988 692 1054 ipsum
745 999 987 1054 unquam
1043 983 1358 1048 Dominum,
1391 984 1534 1037 sicut
1579 982 1830 1052 patribus
1859 981 2090 1037 manife-

513 1084 692 1132 status
741 1085 848 1140 est,
891 1075 1197 1145 conspexit.
1239 1074 1306 1128 Et
1351 1091 1461 1128 non
1494 1074 1692 1128 mirum
1735 1073 1880 1143 quod
1917 1072 2090 1144 Moysi

512 1183 608 1222 ore
638 1168 706 1220 ad
738 1183 801 1222 os
831 1168 1152 1237 colloquens
1190 1166 1470 1220 inducitur
1499 1165 1664 1228 Deus,
1691 1181 1814 1220 cum
1846 1175 1900 1220 et
1940 1165 2087 1220 omni

513 1260 714 1328 populo
757 1258 896 1313 facie
945 1258 1018 1312 ad
1067 1257 1262 1312 faciem
1313 1259 1492 1328 ipsum
1539 1259 1782 1311 locutum
1835 1259 2002 1314 fuisse
2033 1257 2088 1311 in

514 1348 935 1404 Deuteronomio
960 1348 1120 1402 docet
1151 1347 1365 1418 Moyses
1394 1347 1583 1402 dicens
1612 1367 1624 1402 :
1666 1367 1684 1398 ι
1703 1346 1822 1402 Non
1849 1363 1972 1402 cum
2001 1362 2090 1416 pa-

515 1445 689 1498 tribus
715 1445 920 1498 nostris
947 1443 1070 1496 iniit
1099 1453 1316 1511 pactum
1349 1441 1630 1506 Dominus,
1657 1441 1752 1497 sed
1777 1441 2084 1500 nobiscum,

2193 705 2278 757 δεν
2307 706 2400 758 καὶ
2427 707 2488 758 ἐν
2514 706 2644 760 εἴδει
2683 707 2833 778 αὐτῷ
2859 707 3306 779 χρηματίζοντος,
3339 707 3516 776 στόμα
3541 722 3596 756 τε
3623 708 3736 760 κατὰ

2195 797 2367 867 στόμα
2391 797 2680 862 λαλοῦντος
2707 800 2958 869 ἤκουσεν,
2989 800 3049 852 ού
3081 799 3188 870 μὴν
3219 799 3313 852 καὶ
3359 799 3520 850 αὐτόν
3563 815 3642 851 πω
3669 798 3738 850 τὸν

2191 887 2394 958 Κύριον
2425 890 2626 961 ὁμοίως
2657 895 2772 955 τοῖς
2809 892 3086 963 πατράσιν.
3115 892 3370 961 ἑωράκει.
3405 892 3516 944 Καὶ
3541 891 3600 942 06
3631 889 3736 942 θαυο

2195 981 2394 1051 μαστόν
2427 999 2490 1050 γε
2523 985 2572 1036 εί
2612 984 2690 1054 τῷ
2720 986 2942 1038 Μωῦσεί
2965 985 3138 1054 στόμα
3187 984 3330 1037 κατὰ
3377 984 3550 1053 στόμα
3593 983 3736 1038 λαλῶν

2191 1071 2606 1144 ἀναγέγραπται
2633 1075 2662 1126 6
2683 1069 2832 1138 Θεὸς,
2861 1076 3024 1128 ὁπότε
3059 1077 3152 1128 καὶ
3175 1075 3253 1145 τῷ
3280 1077 3444 1128 παντὶ
3471 1075 3582 1144 λαῷ

2189 1175 2336 1212 ωπον
2365 1161 2501 1231 πρὸς
2533 1163 2821 1232 πρόσωπον
2851 1164 3204 1235 λελαληκέναι
3237 1164 3400 1217 αὑτὸν
3427 1166 3484 1218 ὲν
3513 1169 3736 1235 Δευτερο-

2191 1249 2361 1319 νομίῳ
2389 1249 2628 1304 διδάσκει
2655 1253 2683 1303 ό
2711 1254 2951 1324 Μωῦσῆς
2973 1253 3163 1322 λέγων·
3189 1273 3206 1304 ι
3241 1255 3375 1324 Οὐχὶ
3411 1257 3524 1315 τοῖς
3557 1256 3736 1325 πατρά·

2191 1356 2274 1392 σιν
2305 1340 2456 1410 ὑμῶν
2479 1341 2684 1394 διέθετο
2711 1342 2914 1414 Κύριος
2950 1344 3048 1414 τὴν
3075 1344 3348 1415 Διαθήκην
3375 1345 3592 1416 ταύτην,
3625 1345 3736 1398 ἀλλὰ

2190 1431 2325 1501 πρὸς
2355 1432 2497 1502 ὑμᾶς
2517 1450 2529 1462 ο
2567 1433 2722 1504 ὑμεῖς
2741 1435 2893 1488 αὐτοὶ
2919 1429 3020 1488 ὧδε
3048 1438 3284 1507 σήμερον
3313 1437 3514 1499 πάντες
3543 1434 3732 1500 ζῶντες.

2189 1523 2484 1594 Πρόσωπον
2537 1525 2678 1580 κατά
2727 1527 3016 1599 πρόσωπον
3067 1528 3323 1598 ἐλάλησεν
3375 1530 3574 1599 Κύριος
3623 1531 3738 1600 πρὸς

2192 1616 2334 1686 ὑμᾶς
2366 1619 2422 1669 ὲν
2451 1616 2530 1688 τῷ
2559 1619 2674 1689 ὄρει
2711 1622 2774 1674 ὲκ
2807 1621 2969 1690 μέσου
3001 1619 3094 1672 τοῦ
3125 1621 3316 1691 πυρός.
3349 1641 3366 1672 ι
3415 1620 3558 1690 Πλὴν
3589 1623 3636 1673 εἰ
3663 1623 3736 1673 καὶ

511 1535 606 1605 qui
641 1535 697 1588 in
730 1533 1146 1604 praesentiarum
1193 1549 1387 1588 sumus
1416 1542 1468 1587 et
1507 1533 1764 1586 vivimus.
1813 1531 1974 1586 Facie
2019 1532 2086 1586 ad

511 1626 706 1680 faciem
731 1627 942 1680 loculus
962 1633 1046 1680 est
1073 1625 1232 1680 nobis
1256 1624 1308 1678 in
1329 1633 1512 1679 monte
1533 1624 1600 1680 de
1620 1623 1796 1680 medio
1819 1625 2035 1693 ignis“.
2062 1643 2079 1673 ι

513 1720 579 1773 At
604 1719 650 1772 si
681 1719 786 1772 hoc
816 1718 978 1772 modo
1005 1715 1175 1787 Moysi
1209 1725 1262 1769 et
1292 1715 1442 1770 omni
1473 1715 1674 1784 populo
1705 1715 2075 1770 manifestata:

2186 1709 2264 1779 τῷ
2289 1711 2510 1764 Μωῦσεῖ
2539 1712 2634 1766 καὶ
2658 1711 2733 1782 τῷ
2763 1713 2922 1766 παντὶ
2945 1711 3058 1782 λαῷ
3087 1712 3271 1765 τοῦτον
3295 1713 3656 1783 ἐχρημάτιζεν
3667 1713 3736 1764 τδν

513 1819 620 1874 est,
659 1809 1028 1863 animadverte
1053 1809 1208 1870 illud,
1237 1808 1450 1862 scilicet
1475 1807 1620 1877 quod
1675 1807 1888 1862 locutus
1916 1805 2075 1862 fuisse

2186 1801 2406 1872 τρόπον,
2435 1802 2549 1854 ἀλλ’
2584 1803 2690 1872 ὅρα
2717 1803 2800 1856 ὅτι
2829 1803 3177 1874 λελαληκὲναι
3215 1805 3314 1873 μὲν
3363 1805 3544 1867 αὐτοῖς
3585 1806 3738 1876 στόμα

509 1902 590 1955 eis
611 1916 705 1955 ore
724 1900 792 1954 ad
817 1915 880 1955 os
901 1908 954 1955 et
984 1881 1120 1954 facie
1139 1901 1206 1952 ad
1231 1899 1426 1954 faciem
1446 1898 1668 1966 dicitur,
1682 1913 1792 1952 non
1817 1907 1994 1952 tamen
2017 1899 2075 1952 iis

2188 1896 2328 1948 κατὰ
2373 1895 2544 1966 στόμα
2579 1896 2673 1949 καὶ
2705 1896 2994 1967 πρόσωπον
3033 1897 3168 1964 πρὸς
3199 1898 3488 1968 πρόσωπον
3528 1897 3734 1967 εἴρηται,

509 1995 661 2047 visus
679 1993 796 2046 sine
824 1993 945 2063 igne
971 1992 1054 2046 vel
1079 1993 1310 2055 nube,ut
1337 1991 1602 2061 patribus.
1621 1990 1774 2044 Nude
1788 1990 1936 2044 enim
1968 1989 2075 2043 illis

2187 1986 2249 2037 οὺ
2305 1984 2410 2055 μὴν
2457 1985 2550 2038 καὶ
2595 1986 2722 2040 ἄνευ
2765 1985 2857 2038 τοῦ
2903 1987 3074 2057 πυρὸς
3104 1987 3135 2057 ἢ
3169 1987 3266 2056 τῆς
3295 1987 3525 2056 νεφέλης
3563 1987 3736 2056 ὁμοίως

509 2091 562 2136 et
577 2083 694 2136 sine
713 2082 874 2137 nubis
903 2082 986 2136 vel
1005 2082 1144 2154 ignis
1161 2082 1394 2152 tegmine
1407 2081 1670 2137 Dominus
1686 2093 1942 2136 narratur
1962 2096 2075 2136 esse

2188 2079 2300 2138 τοῖς
2346 2079 2614 2148 πατράσιν
2665 2072 2842 2146 ὦφθαι
2887 2079 3102 2142 αὐτοῖς·
3147 2079 3368 2147 γυμνῶς
3401 2079 3510 2149 γὰρ
3533 2081 3735 2141 ἐκείνοις

507 2165 853 2221 visus.Dcum
877 2166 1040 2238 igitur
1065 2168 1248 2222 videre
1269 2165 1632 2236 perfectorum
1650 2175 1704 2221 et
1723 2176 1902 2222 mente
1919 2181 2075 2238 quam

2187 2169 2281 2221 καὶ
2324 2168 2452 2220 ἄνευ
2491 2169 2940 2240 ἐπικαλύμματος
2969 2170 3062 2224 τοῦ
3095 2170 3184 2223 διὰ
3215 2171 3446 2241 νεφέλης
3475 2173 3508 2240 ἦ
3537 2172 3735 2243 πυρὸςό

507 2257 746 2312 maxime
783 2258 1168 2312 mundatorum
1199 2259 1479 2328 proprium
1505 2274 1624 2312 esse
1647 2258 1806 2314 docet
1835 2258 2075 2312 Salvator

2187 2258 2388 2330 Κύριος
2430 2259 2614 2329 ὀφθεὶς
2657 2262 3084 2333 ἀναγέγραπται.
3121 2262 3350 2316 Τελείων
3381 2262 3512 2332 γοῦν
3543 2265 3634 2318 καὶ
3658 2263 3734 2334 τὴν

503 2357 558 2402 et
585 2348 850 2405 Dominus
883 2359 1072 2406 noster
1104 2369 1118 2405 :
1161 2369 1180 2402 ι
1219 2351 1394 2415 Beati,
1424 2351 1626 2418 inquit,
1673 2350 1863 2406 mundi
1893 2351 2075 2414 corde,

2183 2350 2420 2404 διάνοιαν
2461 2355 2540 2415 είς
2589 2353 2756 2424 ἄκρον
2802 2354 3223 2426 κεκαθαρμένων
3261 2356 3356 2409 καὶ
3383 2357 3412 2408 6
3447 2357 3634 2428 Σωτὴρ
3661 2357 3734 2410 καὶ

506 2443 764 2512 quoniam
799 2443 904 2514 ipsi
954 2442 1124 2498 Deum
1178 2443 1440 2498 videbunt
1473 2443 1539 2498 “.
1575 2463 1594 2494 ι
1643 2441 1872 2514 Ideoque
1923 2445 2075 2513 quasi

2183 2443 2388 2515 Κύριος
2416 2447 2448 2515 ἡ
2459 2444 2575 2514 μῶν
2604 2445 2666 2497 τὸ
2695 2445 2787 2498 τὸν
2819 2445 2951 2499 Θεὸν
2983 2448 3114 2518 όρᾷν
3140 2442 3278 2500 εἶναι
3311 2448 3573 2502 διδάσκειο
3605 2451 3734 2504 «Μα-

507 2535 702 2588 llorum
733 2533 902 2588 Deum
936 2551 998 2590 se
1034 2534 1303 2590 Dominus
1357 2536 1584 2598 indicat,
1618 2535 1685 2589 ad
1727 2535 1969 2606 Moysem
1998 2535 2075 2590 di-

2183 2535 2384 2604 κάριοι,
2409 2535 2602 2603 λέγων,
2629 2538 2676 2588 oi
2729 2535 2960 2608 καθαροὶ
3008 2539 3074 2607 τῇ
3118 2537 3336 2610 καρδίᾳ,
3369 2540 3450 2592 ὃτι
3484 2541 3636 2592 αὐτοὶ
3661 2541 3732 2594 τὸν

505 2641 686 2681 cens:
737 2646 754 2678 ι
807 2625 933 2682 Haec
974 2628 1126 2682 dices
1179 2628 1303 2684 filiis
1369 2629 1532 2682 Israel
1568 2647 1580 2682 :
1619 2627 1880 2682 Dominus
1938 2627 2075 2682 Deus

2181 2625 2312 2678 Θεὸν
2343 2625 2582 2694 ὄψονται.
2625 2647 2641 2677 ι
2679 2626 2769 2679 Διὸ
2813 2629 2908 2680 καὶ
2951 2627 3026 2689 ὼς
3065 2627 3318 2681 τοιούτων
3345 2631 3374 2682 6
3399 2630 3606 2702 Κύριος
3629 2633 3732 2683 Θεὸν

503 2727 718 2788 patrum
759 2727 1090 2782 vestrorum,
1125 2719 1269 2775 Deus
1321 2719 1615 2784 Abraham,
1647 2718 1790 2774 Deus
1837 2719 1988 2774 Isaac
2027 2727 2075 2774 et

2181 2718 2372 2771 ἑαυτὸν
2419 2718 2760 2789 ἀναγορεύει,
2806 2720 2975 2788 λέγων
3014 2719 3150 2788 πρὸς
3193 2721 3468 2793 Μωῦσῆν·
3525 2743 3544 2770 ο
3576 2723 3731 2786 Οὕτως

504 2808 652 2864 Deus
683 2809 854 2865 Jacob
887 2811 1036 2866 misit
1069 2810 1252 2868 mead
1279 2827 1376 2865 vos
1405 2831 1417 2866 :
1451 2811 1554 2865 hor.-
1587 2827 1784 2866 nomen
1823 2812 1954 2864 mihi
1995 2819 2075 2866 est

2181 2809 2328 2880 ἐρεῖς
2354 2812 2466 2872 τοῖς
2497 2810 2632 2872 υἱοῖς
2673 2809 2908 2882 Ἰσραὴλ,
2943 2810 3144 2881 Κύριος
3169 2813 3198 2864 6
3223 2811 3354 2876 Θεὸς
3377 2813 3487 2866 τῶν
3511 2815 3732 2884 πατέρων

503 2902 559 2954 in
586 2909 870 2964 mternum,
909 2909 962 2954 et
989 2901 1090 2954 hoc
1113 2903 1427 2956 memoriale
1458 2919 1638 2958 meum
1677 2903 1732 2956 in
1771 2905 2075 2973 generatio—

2184 2899 2358 2970 ὑμῶν,
2394 2899 2526 2964 Θεὸς
2554 2901 2824 2973 Ἀϐραὰμ,
2857 2905 2948 2956 καὶ
2971 2902 3102 2968 Θεὸς
3131 2905 3335 2968 Ἰσαὰκ,
3369 2907 3463 2960 καὶ
3491 2907 3622 2969 Θεὸς
3647 2909 3730 2959 Ἰα-

501 3005 629 3046 nem
655 2999 708 3045 et
731 2993 1138 3062 generationem
1169 2995 1238 3049 ‘9.
1271 3012 1290 3045 ι
1321 2993 1633 3049 ,λΕηιιιΙιιιιιε
1656 2995 1820 3065 igitur
1845 2995 2075 3065 majores

2180 2991 2316 3054 κὼϐ,
2351 2992 2660 3046 ἀπέσταλκέ
2717 3011 2783 3064 με
2837 2996 2974 3066 πρὸς
3017 2997 3194 3067 ὑμᾶς⁵
3221 2996 3380 3050 τοῦτό
3409 2999 3562 3050 ἐστιν
3589 2999 3732 3068 ὃτιμὰ

501 3083 747 3151 gratias,
795 3083 1104 3152 similisque
1149 3086 1546 3156 cupidissimus
1595 3085 1800 3141 favoris
1862 3085 2075 3158 Moyses

2183 3104 2282 3158 μου
2317 3087 2555 3150 αἰώνιον,
2592 3089 2685 3142 καὶ
2723 3090 3061 3160 μνημόσυνον
3099 3091 3300 3159 γενεῶν
3327 3094 3561 3161 γενεαῖς.
3597 3113 3612 3144 ι
3641 3095 3729 3163 Ζη-

503 3171 793 3226 Dominum
829 3172 917 3226 his
951 3181 1206 3242 precatur
1235 3177 1419 3230 verbis
1453 3194 1467 3230 :
1508 3194 1526 3226 ι
1569 3176 1808 3232 Ostende
1835 3179 1968 3232 mihi
1997 3179 2075 3246 fa-

2179 3178 2283 3231 λῶν
2311 3177 2374 3249 δὴ
2403 3175 2495 3232 οὖν
2528 3180 2594 3232 τὰ
2616 3181 2928 3252 χαρίσματα
2956 3181 3025 3236 τὰ
3057 3182 3294 3253 μείζονα,
3323 3185 3540 3255 καὶτῆς
3567 3186 3728 3254 ὁμοίας

497 3260 638 3315 ciem
672 3269 849 3327 tuam,
887 3269 946 3315 ut
984 3263 1153 3317 sciam
1193 3272 1266 3320 te.
1307 3283 1324 3316 ι
1366 3263 1482 3319 Sibi
1515 3266 1662 3320 enim
1695 3267 1876 3321 animo
1911 3266 2075 3338 fmge«

2179 3269 2404 3334 ἐκείνοις
2433 3271 2753 3342 ὀρεγόμενος
2781 3275 2809 3325 ὁ
2837 3273 3076 3343 Μωῡσῆς
3102 3279 3405 3346 προκοπῆς,
3423 3277 3562 3341 ἀξιοῖ
3581 3276 3729 3344 λέγων

499 3352 592 3405 bat
623 3353 953 3407 manifestati
987 3351 1080 3408 Dei
1115 3353 1278 3410 Verbi
1323 3357 1778 3431 magnitudinem,
1805 3365 1859 3414 et
1903 3359 2070 3414 subli-

2179 3361 2268 3414 τὸν
2301 3360 2526 3434 Κύριον·
2554 3382 2571 3412 ι
2595 3364 2920 3433 Ἑμφάνισόν
2955 3363 3104 3434 (Ml
3135 3367 3210 3438 v°)
3243 3383 3332 3437 μοι
3359 3366 3728 3434 σεαυτδνανω-

497 3443 766 3508 mitatem,
799 3455 852 3500 et
897 3445 1226 3502 ineffabilem
1263 3449 1712 3520 inaccessamque
1759 3453 2074 3521 praecellen-

497 3534 652 3599 tiam,
684 3536 1015 3608 videbatque
1043 3538 1216 3608 ipsius
1265 3542 1331 3594 ad
1367 3557 1426 3596 se
1471 3541 1946 3600 manifestationes
1977 3559 2075 3614 per

483 3627 874 3700 _ministrantes
909 3632 1133 3702 angelos
1165 3632 1282 3688 fleri
1319 3653 1331 3688 :
1362 3633 1486 3688 ideo
1515 3636 1827 3704 postulabat
1863 3644 1922 3690 ut
1953 3651 2072 3690 [lla-

494 3719 758 3776 nifestius
785 3729 840 3776 et
871 3723 1216 3793 splendidius
1259 3726 1442 3796 ipsum
1471 3728 1578 3782 sibi
1615 3729 1965 3784 manifestum
1993 3727 2073 3784 ef-

494 3809 705 3876 ficeret,
729 3827 840 3866 non
865 3814 978 3882 jam
1006 3815 1110 3869 sub
1136 3815 1484 3884 velamentis,
1503 3834 1606 3874 nec
1638 3819 1908 3874 ministris
1924 3819 2068 3883 aliis,

495 3901 638 3958 nude
666 3909 848 3956 autem
875 3911 930 3958 et
961 3907 1170 3974 pariter
1201 3921 1266 3960 ac
1299 3905 1634 3973 Abrahamo,
1667 3910 1786 3966 sine
1815 3911 1958 3980 ignis
1987 3912 2071 3966 vel

493 3995 658 4048 nubis
692 3995 894 4064 specie.
957 3996 1114 4062 Quod
1153 3999 1322 4069 igitur
1373 4001 1586 4055 videtur
1637 4003 1770 4056 mihi
1830 4004 2072 4059 indicare

495 4083 786 4156 Scriptura
821 4089 1056 4144 dicens:
1095 4109 1116 4141 ι
1157 4089 1398 4148 Ostende
1422 4093 1556 4147 mihi
1591 4094 1788 4151 faciem
1819 4105 1988 4160 tuam,
2015 4104 2071 4150 ut

489 4183 665 4236 sciam
697 4193 750 4238 te
771 4185 837 4240 '°.
863 4203 882 4238 ι
921 4185 1057 4240 Cum
1092 4173 1394 4244 audivisset
1429 4187 1598 4244 Deum
1623 4191 1724 4244 sibi
1753 4190 2026 4245 dicentem
2054 4210 2065 4245 :

497 4291 518 4325 ι
577 4273 717 4330 Ecce
761 4279 989 4346 angelus
1039 4293 1192 4335 meus
1243 4281 1512 4349 praecedet
1570 4289 1623 4335 te
1698 4289 1824 4336 ante
1877 4281 2068 4337 faciem

485 4373 643 4420 tuam
672 4367 739 4432 ",
781 4387 800 4419 ι
847 4369 1172 4439 ampliorem
1234 4372 1440 4442 expetit
1491 4373 1746 4443 gratiam,
1773 4373 2016 4444 dicitque
2053 4393 2065 4427 :

487 4475 516 4508 -‹
543 4455 602 4512 Si
642 4473 749 4514 non
773 4467 830 4514 tu
865 4461 982 4531 ipse
1025 4463 1324 4533 praecedas,
1363 4481 1432 4520 ne
1469 4465 1672 4520 educas
1709 4481 1810 4521 nos
1850 4465 1919 4520 de
1950 4467 2069 4521 loco

2179 4459 2322 4530 αύτῷ
2360 4459 2454 4513 τοῦ
2485 4461 2689 4532 Κυρίου
2717 4461 2798 4514 τό·
2836 4481 2854 4512 ι
2879 4463 3010 4516 Ἰδοὺ
3043 4461 3268 4530 ἄγγελός
3301 4479 3404 4533 μου
3445 4459 3712 4534 προπορεύ-

489 4547 600 4604 isto
615 4551 714 4624 ξ’.»
747 4553 1036 4610 Annuente
1061 4555 1291 4612 Domino
1321 4559 1698 4628 postulationi,
1731 4575 1796 4615 ac
1820 4561 2068 4619 dicente;

2179 4569 2324 4605 σεται
2351 4551 2457 4623 πρὸ
2487 4551 2780 4624 προσώπου
2817 4571 2932 4617 σου,
2965 4573 2984 4604 ι
3019 4555 3472 4625 ύποπαραιτεῑται
3503 4553 3591 4606 τοῦ
3622 4549 3710 4622 μεί-

487 4659 516 4691 .‹
555 4639 792 4697 Verbum
825 4646 992 4710 istud,
1022 4647 1168 4718 quod
1217 4650 1434 4706 locutus
1478 4667 1538 4706 es
1575 4651 1774 4706 faciam
1804 4653 1869 4716 ³³,
1913 4673 1930 4704 ι
1970 4655 2060 4710 Dei

2179 4646 2321 4712 :ovog
2348 4647 2688 4718 ὀρεγόμενος,
2720 4649 2811 4702 καί
2835 4665 3000 4720 φησιν
3019 4665 3032 4678 ·
3075 4667 3093 4700 ι
3122 4651 3183 4702 El
3211 4649 3283 4722 μὴ
3317 4650 3482 4712 αὐτὸς
3509 4649 3572 4702 σὺ
3603 4664 3710 4715 συμ-

491 4733 952 4803 magniﬂcentiam
981 4739 1214 4810 benigne
1247 4739 1567 4810 dispositam
1597 4743 2059 4806 animadvertetis.

2179 4739 2408 4810 πορεύῃ,
2437 4741 2510 4810 μή
2545 4757 2610 4811 με
2640 4741 2920 4813 ἀναγάγῃς
2949 4741 3212 4794 ἐντεῦθεν·
3247 4762 3265 4792 ι
3303 4741 3439 4812 πρὸς
3466 4741 3564 4812 τὴν
3583 4738 3706 4802 ἀξίω-

489 4841 614 4888 qua‘:
677 4833 732 4884 et
784 4845 980 4901 magna
1028 4835 1378 4903 cupientibus
1440 4836 1673 4896 favebat,
1721 4839 1974 4906 quamvis
2009 4855 2066 4894 se

2179 4848 2251 4884 Iw
2285 4831 2667 4896 ἐπινεύσαντος
2689 4831 2780 4884 τοῦ
2810 4833 3014 4904 Κυρίου
3035 4835 3128 4888 καὶ
3145 4835 3434 4904 φήσαντος,
3473 4854 3490 4886 ι
3521 4837 3620 4888 Καὶ
3639 4833 3709 4885 τὸν

481 4919 673 4988 «ipsum
705 4922 1033 4986 exinaniret,
1071 4925 1482 4996 majoribusque
1526 4927 1809 4998 indignum
1865 4929 2065 4986 fatere—

2179 4923 2319 4991 ιόγον
2368 4939 2462 4976 σου
2510 4923 2718 4986 τοῦτον,
2745 4923 2804 4976 ὃν
2833 4924 3077 4994 εἴρηκας,
3113 4927 3342 4996 ποιήσω,
3371 4946 3388 4978 ι
3425 4927 3490 4979 τὺ
3529 4927 3708 4996 ἕτοιμον

491 5019 600 5072 tur,
630 5011 790 5065 aliam
837 5027 958 5082 quae
1005 5015 1243 5084 priorem
1273 5017 1542 5086 compleat
1591 5019 1944 5090 perﬁciatque
1971 5038 2064 5076 ex-

2179 5011 2395 5066 συνιδὼν
2421 5016 2520 5084 τῆς
2551 5013 2700 5078 θείας
2729 5015 3157 5086 μεγαλοδωρεᾶς,
3186 5016 3490 5086 φθανούσης
3527 5017 3620 5084 τῆς
3643 5015 3696 5066 εὑ

483 5099 626 5168 petit
677 5101 909 5170 gratiam
961 5103 1151 5160 dicens
1213 5125 1226 5160 :
1283 5123 1302 5158 ι
1363 5106 1600 5163 Ostende
1635 5111 1770 5164 mihi
1829 5112 2060 5182 gloriam

2179 5107 2421 5177 εργεσίας
2447 5109 2571 5172 τοὺς
2605 5109 2855 5180 μεγάλων
2885 5109 3263 5182 ὀρεγομένους,
3293 5107 3410 5164 εἶτα
3441 5109 3704 5182 σμικρύνας

2102 3319 2146 3378 C

2179 3451 2317 3514 στῶς
2348 3450 2442 3503 ἴδω
2468 3469 2526 3504 σε
2546 3468 2560 3482 ’
2591 3471 2610 3504 ι
2627 3451 2957 3521 ἐφαντάζετο
2977 3457 3074 3525 μὲν
3087 3455 3194 3526 γὰρ
3213 3473 3316 3527 χρη
3325 3456 3630 3528 ματίζοντος
3651 3458 3728 3510 αύ-

2176 3541 2254 3612 τῷ
2304 3541 2439 3596 Θεοῦ
2484 3544 2656 3611 Λόγου
2697 3545 2756 3596 τό
2803 3562 2863 3597 τε
2910 3546 3136 3616 μέγεθος
3165 3549 3257 3600 καὶ
3293 3547 3352 3602 τὺ
3383 3547 3515 3618 ὕψος
3537 3549 3622 3600 καὶ
3645 3549 3726 3618 τὴν

2175 3633 2382 3701 ἄφατον
2415 3633 2508 3686 καὶ
2536 3633 2822 3704 ἀνέφικτον
2855 3636 3148 3708 ὑπεροχὴν,
3182 3635 3328 3708 ἑώρα
3369 3638 3428 3691 δὲ
3465 3638 3542 3702 ὡς
3569 3640 3642 3690 ὅτι
3669 3638 3724 3689 δι’

2175 3725 2524 3796 ὑπηρετικῶν
2570 3727 2818 3796 ἀγγέλων
2851 3728 2950 3791 τὰς
2977 3729 3112 3801 πρὸς
3142 3731 3300 3782 αὑτὸν
3337 3731 3571 3783 ἐποιεῖτο
3613 3715 3722 3782 05a).-

2175 3815 2330 3888 piatg°
2381 3815 2460 3868 διὸ
2504 3817 2813 3887 παρακαλεῖ
2857 3818 3176 3889 τρανότερον
3227 3818 3320 3872 καὶ
3371 3818 3722 3890 καθαρώτερον

2173 3907 2413 3977 ἐμφῆναι
2451 3908 2644 3960 ἑαυτὸν
2691 3909 2858 3978 αὐτῷ,
2897 3910 3090 3980 μηκέτι
3127 3911 3224 3980 μὲν
3267 3910 3332 3962 δι’
3365 3909 3720 3980 ὲπικαλυμμά-

2173 4013 2302 4062 των,
2355 3998 2489 4070 μηδὲ
2521 3999 2626 4052 ὑπὸ
2648 3999 2907 4053 διακόνων
2937 4001 3156 4072 ἐτέρων,
3187 4001 3406 4071 γυμνῶς
3434 4001 3494 4054 δὲ
3519 4001 3718 4062 καὶτοῖς

2171 4091 2315 4160 ἀμφὶ
2342 4090 2432 4142 τὸν
2472 4089 2720 4162 Ἀϐραὰμ
2747 4092 3164 4164 παραπλησίως,
3192 4093 3316 4146 ἄνευ
3349 4091 3443 4147 τοῦ
3471 4093 3558 4146 διὰ
3579 4091 3716 4160 πυρὸς

2173 4180 2268 4234 καὶ
2291 4181 2520 4252 νεφέλης
2565 4182 2756 4247 εἴδους.
2786 4183 2956 4237 Τοῦτο
3005 4180 3134 4252 γοῦν
3173 4184 3316 4237 δοκεί
3345 4202 3434 4254 μοι
3467 4185 3715 4254 σημαίνειν

2173 4275 2206 4345 ἡ
2241 4273 2524 4342 φάσκουσα
2568 4275 2734 4342 λέξις⁹
2774 4295 2792 4328 ι
2816 4277 3139 4348 Ἐμφάνισόν
3190 4293 3279 4347 μοι
3330 4277 3571 4340 σεαυτὸν,
3599 4293 3712 4344 γνωο

2175 4365 2315 4430 στῶς
2343 4367 2436 4420 ἴδω
2469 4385 2549 4422 σε.
2581 4387 2599 4418 ι
2645 4368 2830 4442 Ταύτῃ
2869 4369 2926 4422 δὲ
2970 4369 3063 4422 καὶ
3093 4368 3440 4441 προακούσας
3468 4368 3713 4442 εἰρηκότος

489 5199 641 5245 tuam
668 5191 734 5247 ⁸⁵.
767 5213 788 5247 ι
839 5194 983 5252 Deus
1041 5205 1222 5254 autem
1287 5201 1426 5254 votis
1469 5201 1590 5270 ejus
1639 5217 1888 5258 annuens
1941 5205 2059 5257 ait:

489 5299 516 5334 ε
547 5279 659 5354 Ego
695 5286 1002 5355 praecedam
1035 5296 1089 5343 te
1131 5290 1304 5360 gloria
1353 5307 1494 5354 mea,
1523 5300 1576 5345 et
1629 5293 1836 5348 vocabo
1879 5295 1932 5348 in
1968 5311 2063 5346 no-

490 5375 640 5430 mine
695 5371 910 5433 Domini
965 5395 1152 5434 coram
1202 5389 1255 5436 te
1284 5383 1349 5444 ³⁵,
1391 5403 1410 5435 ι
1446 5393 1500 5438 et
1533 5393 1750 5440 caetera.
1809 5385 2063 5441 Ostendit

489 5467 658 5538 igitur
691 5469 952 5540 majorem
991 5487 1115 5526 esse
1137 5474 1320 5543 priore
1355 5489 1454 5528 sua
1483 5477 1530 5530 ei
1567 5476 1930 5546 apparitione,
1959 5475 2061 5528 Pa-

491 5559 606 5614 tris'
621 5557 826 5630 Deique
849 5563 1094 5617 omnium
1133 5567 1442 5630 scientiam,
1475 5583 1638 5636 quam
1665 5583 1724 5622 se
1747 5567 1796 5622 ei
1829 5569 2060 5622 traditu-

490 5665 616 5706 rum
649 5667 770 5708 esse
795 5655 1104 5723 pollicetur,
1135 5655 1202 5710 de
1241 5673 1300 5710 se
1340 5657 1458 5726 ipso
1499 5659 1686 5714 dicens
1720 5679 1734 5716 :
1780 5678 1798 5710 ι
1847 5658 2056 5714 Praece-

2169 5199 2380 5262 ἑαυτὸν,
2413 5201 2505 5253 καὶ
2529 5201 2604 5264 ὼς
2637 5203 2709 5273 μὴ
2735 5203 2886 5269 ἄξιόν
2913 5222 2998 5256 πω
3028 5205 3136 5257 τῶν
3165 5203 3422 5274 μειζόνων
3451 5204 3702 5272 λογισάμ-

2168 5309 2278 5358 νος,
2304 5292 2498 5364 ἑτέραν
2524 5293 2600 5356 ὼς
2632 5295 2689 5346 ὲν
2723 5295 3003 5368 συγκρίσει
3031 5299 3129 5368 τῆς
3161 5298 3432 5369 προτέρας
3459 5297 3702 5350 ἐνδέουσαν

2167 5384 2390 5450 ἀξίωσιν
2415 5385 2690 5458 προτείνει
2712 5386 2906 5455 λέγων,
2937 5406 2955 5438 ι
2979 5389 3157 5453 Δεῖξον
3183 5408 3270 5460 μοι
3287 5391 3386 5462 τὴν
3405 5390 3550 5456 δόξαν
3575 5404 3695 5446 creua

2171 5477 2395 5549 πληρῶν
2429 5478 2486 5531 δὲ
2515 5478 2680 5532 αὐτοῦ
2718 5479 2808 5533 τὸν
2838 5479 2996 5548 λόγον
3025 5483 3053 5534 6
3082 5482 3285 5554 Κύριος
3303 5521 3320 5548 ,
3367 5502 3387 5534 ι
3423 5480 3553 5550 Ἐγὼ
3581 5495 3698 5548 παρ-

2165 5571 2456 5642 ελεύσομαι
2491 5573 2754 5644 πρότερός
2783 5591 2874 5626 σου
2900 5577 2966 5646 τῇ
2991 5575 3117 5646 δόξῃ
3148 5593 3248 5646 μου
3268 5595 3280 5606 ·
3313 5579 3405 5630 καὶ
3431 5577 3620 5630 καλέσω
3653 5573 3698 5622 ἐν

2163 5663 2387 5736 ὀνόματι
2416 5665 2622 5736 Κυρίου
2667 5665 2909 5718 ἐναντίον
2965 5683 3079 5732 σου,
3113 5687 3130 5718 ι
3181 5670 3275 5724 καὶ
3315 5671 3382 5725 τὰ
3413 5669 3554 5740 ἑξῆς·
3581 5665 3696 5719 διδά-

561 5830 608 5862 ³⁶
643 5829 804 5914 Νιρη.
841 5837 1098 5914 £H,_5-8_.
1175 5841 1218 5870 "
1261 5838 1505 5914 Deut.__v,
1539 5843 1593 5914 ξ,
1640 5843 1712 5914 ﬂ"
1751 5843 1941 5898 Matth.
1981 5863 2032 5902 ν,
2071 5853 2075 5894 .'

2201 5847 2246 5879 ²⁹
2289 5845 2460 5903 Exod.
2499 5865 2578 5910 tu,
2617 5850 2704 5904 15.
2779 5851 2824 5882 ³ο
2869 5851 3040 5905 Exod.
3083 5869 3274 5914 xxxut,
3321 5855 3400 5908 15.
3473 5855 3510 5886 ³⁸
3549 5849 3688 5904 Exul.

499 5903 773 5968 Illn,25.
851 5903 893 5935 ³¹
935 5904 1104 5962 Exod.
1139 5923 1350 5974 χχχιιι,
1388 5903 1497 5964 15,
1552 5912 1598 5943 ³³
1637 5913 1767 5966 ibid.
1809 5914 1894 5970 17.
1973 5917 2014 5948 ³⁸
2058 5917 2075 5970 l

2179 5915 2227 5971 tl.
2267 5933 2476 5984 xxxiii,
2521 5903 2604 5972 l3.
2685 5903 2728 5952 ⁵⁵
2770 5903 3030 5980 ἰὶιίιιξγίύ.
