3954 6514
228 490 365 545 1063

1283 489 1575 547 ECLOGA:
1615 490 2095 549 PROPHETICIE.
2140 526 2203 535 —
2245 494 2372 552 LIB.
2407 498 2447 554 l.

3332 502 3464 556 ιοισ

222 633 369 669 σκων
397 616 479 669 δτι
502 615 565 686 δὴ
603 616 779 685 πάσης
810 614 1011 686 μείζων
1056 618 1157 686 τῆς
1197 617 1459 689 πρότερον
1496 615 1643 685 αύτῷ
1668 615 1799 667 Θεω-

1903 618 2026 671 dam
2061 632 2110 675 te
2129 622 2297 691 gloria
2321 638 2458 683 mea,
2488 642 2506 673 ι
2539 631 2592 676 et
2624 623 2689 677 de
2724 620 2899 676 Patris
2928 622 3012 675 sui
3045 622 3312 684 doctrina,
3345 643 3361 675 ι
3402 623 3467 677 Ει

220 708 495 781 φυμένης
527 709 788 772 ὀπτασίας
818 712 849 779 ἡ
885 708 977 761 τοῦ
1006 710 1215 781 [ἰατρὸς
1240 711 1332 762 καὶ
1366 708 1498 761 Θεοῦ
1529 709 1635 761 τῶν
1663 709 1797 761 ὅλων

218 807 481 874 τυγχάνει
509 806 726 874 γνῶσις,
756 808 820 876 ἣν
843 807 935 859 καὶ
963 805 1306 877 παραδώσειν
1342 804 1492 875 αύτῴ
1524 805 1797 875 ὑπισχνεῖ-

220 915 335 960 ται,
370 898 498 969 περὶ
535 899 629 969 μέν
659 899 848 951 ἐαυτοῦ
876 899 1066 967 λέγων,
1110 918 1127 949 ι
1158 898 1567 971 Παρελεύσομαι
1602 896 1797 968 πρότε-

222 991 316 1061 ρός
353 1009 445 1044 σου
482 994 546 1063 τῇ
583 992 709 1066 δόξῃ
746 1010 865 1063 μου.
900 1013 918 1043 ι
953 994 1086 1063 Περὶ
1113 994 1166 1045 δὲ
1198 992 1297 1061 τῆς
1324 991 1417 1045 τοῦ
1449 990 1657 1061 Πατρὸς
1703 1008 1799 1061 μυ-

223 1085 537 1152 σταγωγίας
555 1086 635 1147 τὸ,
659 1106 675 1135 ι
700 1087 793 1137 καὶ
816 1085 1027 1138 καλέσω
1044 1087 1099 1137 ἐν
1125 1085 1345 1155 ὀνόματι
1364 1083 1586 1154 Κυρίου·
1604 1104 1620 1133 ι
1645 1083 1797 1135 ποίου

218 1175 329 1245 γὰρ
347 1177 576 1247 Κυρίου,
610 1177 770 1239 αὐτὸς
794 1176 868 1230 ὢν
885 1180 912 1230 ὁ
930 1176 1014 1230 διὰ
1044 1176 1137 1229 τοῦ
1170 1176 1589 1247 τετραγράμμου
1613 1174 1799 1246 δηλού-

218 1284 382 1337 μενος
414 1268 636 1341 Κύριος,
672 1272 719 1321 εί
755 1269 826 1340 μὴ
858 1269 964 1340 ἄρα
990 1269 1080 1321 τού
1102 1270 1313 1337 Πατρὸς
1343 1269 1590 1323 καλέσειν
1624 1270 1796 1337 ἐπαγ-

214 1358 468 1426 τέλλεται
490 1375 503 1423 ;
543 1360 650 1412 Καὶ
680 1358 895 1429 ἀληθῶς
918 1376 978 1427 γε
1002 1362 1048 1412 εί
1076 1360 1148 1430 μὴ
1173 1359 1365 1412 διέλθοι
1392 1361 1511 1413 τινὰ
1537 1360 1798 1431 πρότερον

211 1450 245 1502 ὁ
268 1450 363 1503 τοῦ
392 1451 525 1503 Θεοῦ
555 1453 743 1519 Λόγος.
772 1454 863 1504 καὶ
905 1454 951 1503 εί
996 1452 1067 1522 μὴ
1102 1452 1262 1513 αὐτὸς
1294 1451 1680 1506 ἀνακαλέσοιτο
1707 1448 1798 1508 τεν

213 1545 457 1616 Πατέρα,
493 1546 600 1599 οὐδ’
641 1544 813 1609 ἄλλως
862 1544 1083 1599 δυνατὸν
1131 1545 1229 1616 τὴν
1292 1543 1385 1597 τοῦ
1439 1544 1648 1618 Πατρὸς
1693 1545 1797 1599 τῶν

211 1637 357 1689 ὅλων
385 1636 675 1689 ἀναλαϐεῖν
724 1636 955 1704 γνῶσιν
997 1657 1014 1687 ‹
1064 1637 1184 1689 ἐπεὶ
1229 1636 1348 1706 μηδ’
1399 1634 1479 1701 εἷς
1523 1636 1663 1704 ἔγνω
1704 1638 1795 1690 τὸν

214 1726 439 1797 Πατέρα
474 1730 522 1779 εὶ
556 1727 629 1798 μὴ
658 1730 686 1781 ὁ
717 1727 861 1791 Υἱὸς,
897 1728 989 1779 καὶ
1015 1720 1058 1794 ᾧ
1085 1725 1149 1780 ἂν
1182 1730 1210 1780 ὁ
1246 1727 1369 1789 Υἱὸς
1396 1725 1741 1800 ἀποκαλύψῃ,
1774 1747 1791 1776 ι

210 1818 388 1880 Δύτὸς
416 1816 546 1885 γοῦν
580 1820 725 1869 ἐστιν
756 1820 789 1887 ἡ
820 1816 958 1888 Θύρα
978 1816 1071 1869 καὶ
1095 1817 1126 1886 ἡ
1154 1815 1270 1879 ὁδὸς
1300 1816 1365 1867 δι’
1386 1807 1445 1867 οὗ
1471 1816 1629 1885 μόνου
1652 1814 1797 1866 ἐστιν

216 1910 347 1963 ἰδεῖν
380 1909 471 1962 τὸν
500 1910 754 1962 ἐπέκεινα
783 1910 875 1961 καὶ
907 1908 1164 1961 ἀνωτάτω
1194 1907 1299 1959 τῶν
1330 1907 1465 1960 ὅλων
1490 1909 1679 1971 αἴτιον,
1701 1908 1796 1960 αύ-

210 2003 304 2055 τδν
334 2003 425 2054 τὸν
456 2002 673 2071 Πατέρα
693 2017 706 2031 ο
735 2002 781 2053 εἰ
804 2000 911 2072 γάρ
944 2000 1037 2053 καὶ
1065 1999 1133 2052 τὰ
1159 2000 1388 2069 μάλιστα
1415 1994 1502 2054 οἶά
1527 2016 1609 2063 τις
1634 1998 1795 2051 αύτοῦ

212 2096 527 2167 πρόδρομος
551 2093 913 2166 προεπιδημεῖ
944 2095 1062 2155 ταῖς
1093 2092 1201 2145 τῶν
1228 2093 1509 2164 μακαρίων
1541 2092 1738 2163 ψυχαῖς
1770 2092 1798 2142 ὁ

213 2188 361 2251 θεῖος
393 2187 587 2254 Λόγος,
612 2186 708 2257 τῆς
742 2185 872 2247 ίδίας
899 2184 1056 2255 δόξης
1085 2185 1397 2254 μεταδιδοὺς
1444 2185 1653 2247 αὑταῖς,
1684 2184 1795 2237 ἀλλ’

211 2280 312 2349 ούχ
344 2278 559 2331 ἵσταταί
585 2296 647 2346 γε
682 2279 760 2339 είς
786 2276 937 2339 τέλος
963 2276 1033 2328 τά
1054 2277 1154 2347 τῆς
1190 2276 1475 2340 αύθεντίας
1505 2278 1581 2341 είς
1612 2277 1799 2330 ἐαυτὸν

212 2369 637 2441 ἀναλαμϐάνων,
676 2370 1206 2441 προπαρασκευάσας
1234 2370 1290 2423 δὲ
1317 2370 1411 2422 καὶ
1442 2368 1799 2440 προευτρεπίο

216 2477 317 2522 σας
360 2460 461 2529 τὴν
500 2459 685 2529 μονὴν,
721 2459 995 2529 ὑποχωρεῖ
1036 2457 1127 2511 καὶ
1179 2457 1651 2530 μεταπαραδίδωσι
1702 2459 1800 2527 τὴν

214 2550 500 2621 βασιλείαν
530 2549 605 2620 τῷ
632 2549 749 2620 Θεῷ
771 2550 863 2603 καὶ
888 2550 1079 2622 Πατρί.
1098 2550 1267 2603 Τοῦτο
1288 2549 1343 2603 δὲ
1367 2550 1460 2601 καὶ
1489 2550 1647 2613 αὐτὸς
1667 2552 1799 2621 ὁμο-

212 2644 369 2711 λογεῖ
404 2644 650 2711 φάσκων,
692 2662 708 2693 ι
733 2642 874 2711 Ἐγὼ
896 2642 1299 2713 παρελεύσομαι
1328 2642 1589 2713 πρότερός
1618 2659 1708 2694 σου
1733 2643 1798 2712 τῇ

210 2734 341 2804 δόξῃ
384 2750 507 2802 μου,
545 2734 635 2784 καὶ
666 2732 878 2785 καλέσω
917 2735 973 2786 ἐν
1009 2732 1232 2803 ὀνόματι
1262 2732 1484 2802 Κυρίου,
1517 2752 1534 2783 ι
1564 2730 1673 2785 Νῦν
1704 2731 1800 2803 μὲν

211 2820 307 2877 οὖν
328 2823 474 2892 λόγῳ
497 2822 653 2876 τοῦτο
676 2823 903 2895 πράξειν
934 2823 1356 2892 ἐπαγγέλλεται·
1392 2821 1517 2894 ἑξῆς
1545 2822 1601 2876 δέ
1626 2824 1718 2877 καὶ
1741 2823 1801 2876 τὸ

214 2918 381 2990 ἔργον
420 2918 613 2986 ἐπάγει
646 2917 771 2971 ἔνοα
799 2917 1032 2989 εἴρηται,
1069 2936 1086 2969 ι
1112 2918 1221 2971 Καὶ
1264 2917 1464 2988 κατέϐη
1498 2916 1698 2988 Κύριος
1744 2921 1802 2971 ἐν

212 3010 441 3082 νεφέλῃ,
473 3011 566 3063 καὶ
593 3010 835 3079 παρέστη
860 3006 1009 3078 αύτῷ
1037 3009 1182 3060 ἐκεῖ·
1213 3006 1306 3059 καὶ
1331 3006 1587 3059 ἐκάλεσεν
1617 3008 1673 3059 ἐν
1696 3006 1806 3059 ὀνόο

214 3120 351 3174 ματι
391 3102 615 3173 Κυρίου.
653 3102 762 3154 Καὶ
809 3098 1081 3170 παρῆλθεν
1117 3098 1317 3169 Κύριος
1356 3097 1461 3170 πρὸ
1508 3096 1801 3168 προσώπου

212 3193 387 3249 αὑτοῦ
421 3196 513 3247 καὶ
542 3194 787 3256 ἐκάλεσε,
811 3192 1251 3264 Κύριος,Κύριος
1279 3192 1307 3242 ὁ
1329 3189 1459 3253 Θεὸς
1479 3190 1799 3260 οἰκτίρμων,

1899 713 2104 767 vocabo
2138 714 2193 767 in
2220 714 2440 768 nomine
2472 712 2682 769 Domini
2711 726 2891 768 coram
2935 722 3008 768 te.
3038 735 3053 765 I
3084 712 3253 779 Quem
3284 724 3463 770 autem

1900 802 2211 869 Dominum,
2249 822 2372 859 cum
2432 806 2503 861 sit
2559 807 2673 878 ipse
2722 805 2982 860 Dominus
3023 813 3464 877 tetragrammuto

1900 897 2239 968 designatus,
2273 898 2375 953 nisi
2410 896 2622 952 Patrem
2657 914 2816 952 suum
2861 908 3179 951 vocaturum
3207 914 3328 953 esse
3370 898 3463 955 de-

1901 988 2432 1046 nuntiat?Profecto
2484 990 2589 1045 nisi
2635 991 2892 1060 przevium
2937 1000 3024 1044 eat
3057 990 3148 1045 Dei
3202 989 3461 1053 Verbum.

1901 1083 2007 1137 nisi
2041 1083 2155 1153 ipse
2196 1082 2412 1137 Patrem
2447 1084 2692 1149 advocet,
2730 1084 3064 1154 impossibile
3097 1094 3177 1139 est
3217 1085 3464 1154 quemvis

1900 1172 2142 1225 omnium
2174 1171 2351 1226 Patris
2383 1174 2663 1226 scientiam
2683 1173 2951 1242 excipere.
2987 1193 3003 1223 ι
3042 1172 3225 1243 Neque
3250 1172 3464 1229 Patrem

1899 1264 2024 1332 quis
2062 1263 2230 1321 novit.
2264 1266 2368 1319 nisi
2400 1263 2592 1329 Filius,
2617 1273 2669 1319 et
2701 1266 2784 1319 cui
2821 1265 2994 1322 Filius
3026 1268 3261 1321 voluerit
3313 1283 3464 1323 reve-

1856 1425 1875 1443 ⁴
1901 1357 2013 1409 lare
2044 1358 2107 1410 ³⁸.
2146 1378 2163 1409 ι
2204 1359 2322 1427 Ipse
2357 1357 2521 1427 igitur
2551 1367 2634 1413 est
2672 1362 2838 1430 janua
2869 1363 3061 1429 viaque
3094 1376 3196 1429 qua
3230 1362 3344 1416 sola
3372 1377 3467 1415 ex-

1899 1449 2263 1503 celsissimam
2323 1450 2909 1521 immensissimamque
2964 1467 3145 1505 rerum
3223 1453 3465 1505 omnium

1899 1556 2141 1604 causam,
2172 1540 2386 1596 Patrem
2449 1542 2649 1611 ipsum,
2679 1543 2996 1611 conspicere
3042 1558 3351 1611 possumus.
3408 1540 3465 1597 Si

1899 1633 2041 1687 enim
2081 1648 2243 1703 quam
2272 1634 2529 1699 maxime,
2570 1634 2715 1689 velut
2755 1634 2953 1703 aliquis
2984 1634 3103 1701 ejus
3137 1650 3463 1704 praecursor,

1901 1724 2181 1779 beatorum
2237 1726 2448 1781 animas
2497 1726 2737 1783 divinum
2773 1723 3205 1794 pt'zeithrbum,
3242 1726 3465 1795 partici-

1901 1830 1995 1885 pes
2018 1832 2112 1871 eos
2141 1820 2372 1888 propria:
2412 1818 2596 1889 glorite
2622 1816 2879 1880 emciens,
2908 1820 3000 1873 sed
3037 1835 3143 1873 non
3173 1818 3372 1873 desinit
3400 1817 3468 1871 ad

1901 1910 2059 1965 finem
2093 1913 2435 1966 auctoritatis
2459 1921 2639 1982 partes
2665 1913 2719 1966 in
2745 1928 2802 1968 se
2835 1913 3133 1983 suscipere,
3168 1918 3468 1983 praeparato

1902 2010 2080 2054 autem
2130 2017 2194 2055 ac
2217 2000 2483 2070 disposito
2510 2003 2842 2068 babitaculo,
2880 2003 3110 2058 discedit
3158 2014 3209 2057 et
3243 2017 3467 2072 regnum

1903 2091 2012 2147 Deo
2047 2100 2100 2146 et
2140 2090 2286 2147 Patri
2311 2092 2591 2147 transfert.
2627 2092 2782 2159 Quod
2821 2106 2873 2149 et
2908 2095 3023 2164 ipse
3053 2095 3344 2150 confitetur
3385 2095 3468 2149 di-

1902 2202 2082 2241 cens:
2139 2204 2156 2236 ι
2202 2185 2313 2256 Ego
2343 2187 2640 2256 praecedam
2672 2194 2725 2241 te
2763 2187 2932 2256 gloria
2982 2203 3121 2249 mea,
3169 2195 3221 2240 et
3267 2187 3469 2241 vocabo

1904 2278 1958 2330 in
1992 2278 2211 2331 nomine
2240 2275 2476 2331 Domini.
2523 2298 2541 2330 ι
2576 2276 2729 2331 Nunc
2766 2279 2983 2348 quidem
3028 2277 3193 2332 verbo
3225 2278 3355 2332 illud
3390 2278 3469 2331 fa-

1903 2377 2119 2423 cturum
2178 2384 2299 2424 esse
2326 2370 2623 2439 promittit;
2651 2370 2793 2440 quod
2842 2385 2900 2424 re
2945 2370 3173 2441 peragit.
3200 2377 3257 2423 ut
3286 2378 3470 2424 osten-

1905 2460 2042 2516 dunt
2080 2478 2201 2533 quae
2225 2472 2529 2533 sequuntur
2563 2482 2574 2517 :
2614 2481 2631 2513 (
2670 2463 2918 2533 Cumque
2959 2464 3332 2520 descendisset
3364 2464 3469 2517 Do~

1906 2555 2087 2606 minus
2127 2568 2225 2621 per
2255 2554 2475 2617 nubem,
2504 2554 2654 2607 stetit
2686 2554 2898 2626 Moyses
2928 2568 3054 2607 cum
3090 2569 3177 2621 eo,
3210 2555 3470 2609 invocans

1905 2658 2101 2699 nomen
2134 2642 2367 2698 Domini.
2413 2643 2476 2697 Et
2522 2645 2738 2699 transiit
2791 2644 3050 2698 Dominus
3103 2651 3227 2699 ante
3277 2642 3469 2699 faciem

1904 2732 2044 2801 ejus,
2078 2736 2396 2804 voeavitque
2428 2753 2440 2788 :
2487 2734 2804 2788 Dominator
2838 2733 3066 2788 Domine
3106 2732 3270 2797 Deus,
3306 2734 3470 2787 mise-

1906 2825 2079 2879 ricors
2131 2834 2183 2880 et
2214 2827 2476 2891 clemens,
2512 2835 2565 2881 et
2600 2828 2833 2897 patiens,
2862 2834 2915 2881 et
2952 2827 3134 2882 multa:
3168 2826 3472 2881 miseratio-

1904 2918 2008 2981 nis,
2041 2932 2103 2970 ac
2138 2933 2322 2980 verax,
2354 2918 2447 2987 qui
2481 2918 2727 2973 custodis
2774 2918 3205 2973 misericordiam
3245 2918 3301 2971 in
3347 2916 3471 2970 mil-

1906 3011 1995 3077 lia,
2022 3010 2113 3080 qui
2151 3010 2334 3066 aufers
2368 3010 2709 3080 iniquitatem
2750 3020 2804 3066 et
2835 3010 3063 3074 scelera,
3096 3020 3257 3080 atque
3282 3023 3473 3079 pecca-

1904 3113 1980 3166 ta,
2022 3104 2313 3173 nullusque
2344 3103 2485 3173 apud
2522 3112 2573 3159 te
2606 3118 2702 3173 per
2733 3118 2790 3158 se
2815 3104 3079 3156 innocens
3100 3110 3202 3157 est.
3223 3099 3325 3166 Qui
3354 3099 3474 3154 red--

1904 3197 1988 3253 dis
2012 3198 2351 3269 iniquitatem
2397 3206 2611 3267 patrum
2657 3196 2803 3259 ﬁliis,
2834 3212 2896 3250 ac
2956 3196 3243 3265 nepotibus
3276 3195 3327 3247 in
3363 3202 3473 3249 ter-

211 3290 313 3342 καὶ
342 3288 609 3357 ἐλεήμων.
643 3286 701 3356 (ι’.
736 3285 823 3352 12)
858 3283 1226 3355 μακρόουμος,
1265 3282 1359 3335 καὶ
1383 3280 1685 3343 πολυέλεος,
1709 3280 1799 3333 καὶ

1905 3294 2034 3345 tiam
2058 3298 2109 3345 et
2141 3297 2389 3361 quartam
2424 3290 2732 3360 progeniem
2763 3290 2852 3341 ³⁵⁸.
2888 3308 2906 3339 ι
2942 3288 3065 3341 llaec
3094 3289 3236 3341 enim
3264 3288 3377 3357 ipse
3398 3285 3475 3340 di-

210 3378 491 3449 ἀληθινὸς,
522 3379 615 3431 καὶ
646 3377 987 3446 δικαιοσύνην
1018 3375 1309 3447 διατηρῶν,
1344 3374 1509 3428 ποιῶν
1544 3374 1690 3435 ἔλεος
1722 3373 1800 3433 είς

210 3471 485 3542 χιλιάδας,
514 3469 762 3541 ἀφαιρῶν
806 3468 1054 3537 ἀνομίας,
1092 3468 1184 3519 καὶ
1223 3466 1453 3529 ἀδικίας,
1490 3465 1583 3518 καὶ
1619 3465 1798 3533 ἀμαρ-

209 3565 358 3626 τίας,
396 3562 489 3616 καὶ
533 3562 622 3615 τὸν
659 3561 839 3631 ἔνοχον
885 3560 945 3612 ού
993 3558 1272 3630 καθαριεϊο
1306 3557 1525 3624 ἐπάγων
1572 3556 1801 3625 ἀνομίας

212 3656 447 3727 πατρῶν
478 3657 568 3709 ἐπὶ
594 3656 780 3715 τέκνα,
808 3654 903 3706 καὶ
940 3653 1033 3703 ἐπὶ
1065 3651 1228 3703 τέκνα
1259 3649 1463 3701 τέκνων
1494 3647 1585 3699 ἐπὶ
1612 3646 1800 3717 τρίτην

210 3751 314 3803 καὶ
351 3748 616 3821 τετάρτην
644 3745 857 3815 γενεάν.
890 3763 909 3794 ι
939 3743 1122 3796 Ταῦτα
1149 3743 1256 3812 γάρ
1279 3740 1441 3803 αύτός
1471 3757 1603 3810 φησι
1632 3755 1802 3792 κατα-

219 3842 327 3905 ϐάς
352 3843 412 3894 ἐν
442 3840 635 3911 νεφέλῃ
659 3840 753 3891 καὶ
771 3836 1053 3908 παραστὰς
1082 3835 1158 3905 τῷ
1174 3836 1398 3887 Μωῦσεϊ
1418 3833 1446 3883 ὁ
1471 3832 1560 3885 διὰ
1587 3830 1679 3885 τοῦ
1711 3847 1799 3882 τε-

219 3932 595 4004 τφγράμμου
636 3930 962 4002 δηλούμενος
1004 3928 1240 3999 Κύριος·
1270 3927 1329 3989 ὃς
1363 3924 1484 3978 καθ’
1511 3925 1578 3995 ἢν
1613 3923 1801 3976 πεποί-

216 4044 349 4096 ηται
387 4025 677 4095 ὑπόσχεσιν
719 4022 1001 4092 παρελθὼν
1035 4022 1139 4092 πρὸ
1172 4017 1458 4094 προσώπου
1494 4016 1679 4081 αὑτοῦ,
1710 4017 1800 4069 τὸν

211 4120 313 4172 καὶ
348 4117 541 4171 ἐαυτοῦ
578 4116 778 4188 Κύριον
803 4117 895 4169 καὶ
921 4115 1158 4184 Πατέρα,
1187 4113 1278 4166 τὸν
1308 4110 1521 4181 ἀληθῶς
1549 4110 1674 4162 ὄντα
1697 4107 1801 4160 Κύο

217 4227 335 4285 ριον
370 4210 594 4281 Κύριον,
616 4209 695 4272 δὶς
719 4210 805 4261 διὰ
844 4208 935 4261 τοῦ
969 4206 1394 4276 τετραγράμμου
1432 4202 1800 4273 ἐμφερόμενον

219 4302 573 4356 ἀνακαλεῖται
599 4299 770 4368 λέγων
790 4301 870 4362 τὸ,
902 4319 918 4349 ‹
945 4298 1163 4369 Κύριος.
1186 4296 1385 4366 Κύριος
1406 4298 1433 4345 ὁ
1448 4294 1579 4356 Θεὸς
1599 4292 1801 4363 οἰκτίρ-

219 4413 341 4465 μων
377 4394 470 4447 καὶ
501 4393 764 4464 ἐλεήμων,
800 4411 817 4443 ι
852 4386 943 4443 καὶ
990 4391 1057 4443 τά
1110 4390 1254 4458 ἑξῆς.
1290 4390 1351 4441 Εἰ
1396 4388 1451 4439 δέ
1483 4384 1799 4454 βιαζόμενός

214 4503 303 4550 τις
327 4486 527 4554 φάσκοι
562 4485 634 4554 μὴ
661 4484 751 4536 τὸν
780 4483 1006 4553 Κύριον,
1037 4480 1171 4533 ἀλλά
1200 4478 1437 4547 Μωῦσῆν
1463 4476 1634 4531 ταῦτα
1652 4478 1801 4546 εἰρη-

216 4580 397 4641 κέναι,
436 4582 642 4647 πῖῖσμα
676 4577 890 4646 βέϐαιον
925 4574 1247 4645 λαμϐανέτω
1273 4574 1329 4638 ἐξ
1360 4571 1537 4625 αύτῶν
1567 4569 1673 4623 τῶν
1705 4568 1797 4621 τοῦ

1909 3381 2003 3445 cit,
2045 3396 2168 3434 cum
2198 3379 2480 3435 descendit
2513 3380 2567 3433 in
2604 3379 2748 3432 nube
2777 3386 2829 3431 ct
2859 3394 3025 3448 prope
3047 3376 3282 3447 Moyscm
3326 3375 3476 3430 stetit

1908 3478 2354 3541 tetragrammato
2395 3470 2710 3539 designatus
2753 3468 3036 3523 Dominus.
3070 3468 3220 3530 Dein,
3250 3468 3319 3521 ob
3350 3480 3476 3537 pro-

1908 3562 2223 3616 missionem
2273 3577 2435 3631 quam
2493 3563 2608 3633 ipse
2665 3560 2889 3624 fecerat,
2921 3561 3197 3615 transiens
3245 3565 3369 3611 ante
3399 3556 3477 3611 fa-

1907 3653 2045 3708 ciem
2075 3653 2215 3721 ejus,
2249 3655 2446 3707 suimet
2479 3652 2764 3706 Dominum
2788 3662 2841 3706 et
2870 3651 3103 3715 Patrem,
3135 3664 3261 3706 vere
3294 3648 3475 3702 Domi-

1906 3758 2059 3808 num,
2089 3742 2517 3807 Dominatorem,
2544 3745 2628 3799 bis
2664 3751 3103 3813 tetragrammato
3132 3741 3473 3811 designatum

1908 3836 2124 3891 invocat
2149 3837 2338 3892 dicens
2371 3855 2383 3889 :
2412 3854 2429 3886 ε
2470 3836 2786 3890 Dominator
2819 3834 3042 3889 Domine
3066 3833 3227 3895 Deus,
3266 3830 3477 3887 miseri.

1907 3946 2031 3985 cors
2045 3939 2097 3985 et
2126 3918 2388 3997 clemens,
2416 3950 2434 3982 ι
2455 3939 2507 3985 et
2533 3930 2759 3999 reliqua.
2786 3926 2843 3982 Si
2875 3929 2999 3999 quis
3033 3936 3212 3981 autem
3236 3926 3477 3980 locisen~

1907 4036 2028 4075 sum
2059 4019 2390 4090 detorquens
2420 4020 2645 4075 minime
2672 4035 2703 4073 a
2734 4018 2965 4074 Domino
2987 4019 3301 4079 contendat,
3323 4017 3419 4072 sed
3444 4030 3473 4070 a

1908 4112 2090 4183 Moyse
2121 4113 2236 4167 haec
2264 4127 2388 4167 esse
2420 4112 2562 4166 dicta
2582 4153 2597 4176 ,
2629 4112 2761 4166 illud
2808 4112 2966 4183 plane
2999 4118 3336 4180 compertum
3376 4107 3474 4161 hac

1908 4204 2056 4258 bebit
2087 4203 2223 4272 ipsis
2243 4201 2445 4274 Moysis
2467 4203 2718 4269 vocibus,
2755 4202 2870 4257 hiBC
2906 4217 3031 4257 esse
3059 4201 3225 4256 verba
3257 4198 3471 4253 Domini

1906 4294 2258 4357 confitentis,
2305 4308 2429 4349 cum
2483 4295 2539 4349 in
2592 4295 2698 4347 alio
2749 4293 2870 4347 loco
2918 4300 3171 4361 precatur
3234 4290 3470 4343 dicens:

1912 4404 1930 4436 ι
1969 4384 2346 4456 Magnificetur
2367 4402 2499 4457 ergo
2538 4385 2799 4440 fortitudo
2832 4384 3045 4438 Domini
3078 4384 3217 4438 sicut
3252 4378 3473 4450 jurasti.

1905 4477 2093 4533 dicens
2128 4498 2140 4533 :
2170 4478 2433 4534 Dominus
2470 4478 2685 4548 patiens
2730 4487 2781 4531 et
2835 4477 3017 4531 multa:
3064 4472 3472 4536 misericordiae,

1910 4572 2164 4627 auferens
2219 4573 2562 4643 iniquitatem
2616 4584 2668 4627 et
2720 4572 2972 4634 scelera,
3020 4570 3338 4637 nullumque
3394 4568 3476 4622 in.
3568 4560 3581 4569 ’

216 4670 501 4732 Μωῦσέως
531 4669 726 4737 φωνῶν
754 4666 1138 4738 ὁμολογοῦντος
1175 4664 1268 4718 τού
1310 4663 1512 4734 Κυρίου
1542 4658 1677 4715 εἶναι
1707 4659 1799 4723 τὰς

1911 4667 2133 4721 noxium
2180 4666 2586 4736 derelinquens,
2640 4666 2731 4735 qui
2783 4666 2973 4719 visitas
3003 4672 3225 4734 peccata
3258 4668 3473 4732 patrum

219 4760 646 4831 προεκτεθείσας
683 4758 876 4822 λέξεις,
906 4758 973 4811 δι’
1006 4750 1079 4809 ὧν
1109 4757 1397 4827 εὐχόμενος
1425 4758 1483 4807 ἐν
1511 4754 1679 4825 ἐτέρῳ
1709 4752 1799 4804 τό-

219 4867 312 4919 πῳ
341 4850 498 4920 φησι,
534 4870 551 4900 ι
573 4850 681 4904 Καὶ
709 4850 802 4903 νῦν
836 4848 1105 4919 ὑψωθήτω
1141 4848 1173 4917 ή
1218 4847 1341 4917 χείρ
1367 4863 1481 4909 σου,
1507 4844 1677 4915 Κύριε
1702 4860 1714 4873 ·
1741 4843 1799 4896 ὃν

216 4941 423 5012 τρόπον
455 4938 615 5005 εἶπας
645 4941 838 5008 λέγων,
867 4941 1071 5011 Κύριος
1106 4939 1474 5012 μακρόθυμος,
1512 4940 1604 4991 καὶ
1642 4938 1803 4990 πολυ-

218 5034 396 5096 έλεος,
434 5034 527 5086 καὶ
574 5034 844 5105 ἀληθινός·
882 5033 1129 5105 ἀφαιρῶν
1186 5031 1413 5101 ἀνομίας
1442 5030 1536 5084 καὶ⁸
1566 5030 1799 5091 ἀδικίας,

219 5125 320 5177 καὶ
337 5124 612 5195 ἁμαρτίας
628 5142 640 5155 ⁸
668 5125 760 5178 καὶ
782 5125 1106 5195 καθαρισμῴ
1129 5126 1189 5177 οὐ
1214 5124 1465 5195 καθαριεῖ
1489 5124 1579 5177 τὸν
1600 5124 1797 5193 ἔνοχον,

218 5215 508 5277 ἀποδιδοὺς
559 5216 830 5287 ἁμαρτίας
878 5216 1099 5286 πατρῶν
1150 5216 1241 5268 ἐπὶ
1282 5215 1450 5267 τέκνα
1480 5215 1583 5277 ἓως
1614 5216 1802 5285 τρίτης

219 5310 320 5363 καὶ
344 5309 607 5380 τετάρτης
634 5312 846 5376 γενεᾶς.
880 5329 897 5359 ι
920 5309 1321 5380 Ἐναργέστατα
1351 5308 1414 5378 δὴ
1447 5305 1539 5361 οὖν
1573 5309 1664 5360 καὶ
1701 5324 1799 5361 σα-

216 5402 468 5470 φέστατα
504 5400 591 5452 διὰ
616 5399 818 5452 τούτων
848 5402 1007 5463 αὐτὸς
1034 5403 1061 5453 ὁ
1102 5399 1305 5471 Κύριος
1332 5398 1430 5460 τὰς
1461 5397 1801 5469 προεκτεθεί-

222 5509 325 5554 σας
374 5489 611 5562 εἰρηκὼς
651 5494 888 5562 παριστᾷ
921 5508 978 5543 τε
1007 5491 1405 5563 (παρίσταται)
1443 5490 1645 5558 φωνὰς,
1682 5490 1799 5559 μεί-

222 5584 355 5647 ζονα
370 5584 572 5655 Κύριον
602 5584 690 5636 τὸν
720 5583 933 5653 ἀληθῶς
961 5584 1181 5655 Κύριον,
1203 5584 1361 5653 δῆλον
1389 5583 1432 5634 δ’
1460 5584 1541 5635 ὅτι
1574 5583 1662 5634 τὸν
1689 5583 1801 5633 Πα-

217 5676 358 5747 τέρα
408 5675 622 5739 ἐαυτοῦ,
665 5675 1097 5745 ἀνακαλούμενος
1122 5692 1137 5706 ο
1181 5677 1214 5747 ἧ
1260 5678 1305 5727 εί
1345 5675 1645 5737 δυσπειθῶς
1692 5674 1802 5743 ἔχοι

220 5766 363 5839 πρὸς
383 5767 575 5829 ταῦτα,
611 5766 813 5834 λεγέτω
840 5766 895 5818 εἴ
918 5783 1037 5818 τινα
1066 5766 1229 5835 ἄλλην
1266 5762 1372 5829 οἷός
1402 5767 1459 5821 τέ
1491 5768 1636 5819 ἐστιν
1662 5764 1802 5818 κατά

302 5924 345 5955 ³⁸
391 5924 579 5979 Matth.
620 5939 703 5985 τι,
736 5925 822 5979 27.

475 6024 745 6081 Parnm.
796 6020 913 6080 Gn.
962 6020 1171 6080 XXII.

1904 4756 1959 4810 in
2005 4755 2144 4811 filios
2180 4757 2233 4810 in
2267 4758 2483 4809 tertiam
2518 4764 2571 4809 et
2612 4765 2861 4825 quartam
2914 4752 3320 4825 generationem
3352 4750 3416 4805 ³⁷.
3450 4768 3468 4801 ι

1904 4847 2225 4903 Clarissime
2250 4847 2416 4916 igitur
2433 4855 2485 4901 et
2509 4844 2957 4901 manifestissime
2989 4852 3133 4914 patet
3154 4858 3216 4898 ex
3266 4843 3333 4895 iis
3360 4841 3474 4894 haec

1904 4957 2027 5011 qua:
2058 4941 2344 4996 retulimus
2386 4938 2672 4994 Dominum
2705 4938 2931 5000 dixisse,
2976 4937 3237 5005 majorem
3292 4930 3475 4998 Domi-

1906 5049 2037 5087 num
2071 5041 2125 5087 et
2158 5048 2283 5087 vere
2307 5032 2615 5096 Dominum,
2654 5032 2861 5087 scilicet
2892 5029 3109 5083 Patrem
3142 5027 3284 5097 ejus,
3318 5028 3477 5079 invo-

1905 5133 2143 5178 cantem.
2179 5124 2279 5177 Cui
2317 5125 2362 5179 si
2395 5124 2527 5178 fides
2560 5123 2777 5177 ditlicile
2809 5122 3152 5179 adhibeatur,
3186 5118 3367 5170 videre
3391 5124 3474 5170 est

1903 5234 1973 5271 an
1995 5216 2101 5269 alia
2132 5230 2254 5270 esse
2283 5216 2457 5286 possit
2489 5208 3339 5284 hujuslociexplanatio.Quippe
3356 5208 3477 5261 ani-

1904 5305 2349 5363 madvertendum
2366 5315 2449 5360 est
2462 5320 2569 5359 non
2589 5305 2839 5375 angelum
2856 5300 3261 5355 manifestatum
3284 5297 3472 5360 fuisse,

1904 5401 1998 5457 sed
2015 5402 2190 5470 ipsum
2216 5405 2660 5473 tetragrammato
2682 5396 3024 5464 designatum
3048 5391 3358 5455 Dominum,
3379 5389 3472 5458 qui

1904 5504 1958 5547 et
1994 5491 2129 5546 facie
2160 5490 2225 5543 ad
2265 5490 2456 5544 faciem
2485 5505 2606 5543 eum
2624 5486 2807 5557 Moyse
2832 5484 3144 5555 perhibetur
3178 5480 3476 5536 fuissecol-

1906 5586 2142 5647 locutus,
2179 5598 2340 5652 quem
2371 5592 2424 5638 et
2452 5581 2662 5653 Moyses
2698 5582 2935 5645 invocat,
2976 5575 3472 5631 manifestationem

1904 5691 2000 5745 per
2028 5675 2247 5744 angelos
2278 5673 2602 5743 deprecatus
2627 5672 2711 5726 his
2740 5670 2956 5725 verbis:
2988 5687 3007 5719 ι
3047 5667 3102 5723 Si
3134 5684 3243 5722 non
3272 5678 3327 5721 tu
3358 5666 3473 5735 ipse

1907 5762 2277 5834 prmeedasme
2293 5762 2495 5815 educas
2509 5776 2608 5814 nos
2622 5761 2688 5815 de
2704 5762 2824 5814 loco
2836 5759 2941 5813 isto
2952 5758 2992 5790 "
3005 5762 3041 5812 ‘.
3058 5778 3075 5809 ι
3101 5755 3457 5813 Verumenim-

902 5924 969 5955 "“‘
1009 5921 1179 5976 Exod.
1215 5939 1393 5988 xxxiv,
1430 5922 1548 5975 5-7.
1627 5922 1668 5971 ³7
1710 5919 1799 5973 Nu!

1907 5936 2015 5983 xiv,
2058 5919 2153 5983 17,
2196 5917 2280 5971 18.
2361 5916 2427 5947 ³⁷·
2469 5912 2639 5969 Exod.
2676 5929 2885 5978 xum,
2926 5915 3010 5969 l5.

3045 6011 3101 6029 ΑΙ

3041 6032 3117 6069 ιλιι
