3954 6506
532 441 556 496 1
567 443 666 498 067

1237 437 1502 494 EUSEBII
1532 436 2010 494 CESARIENSIS
2047 435 2195 492 OPP.
2231 435 2409 490 PARS
2449 434 3050 492 lll.—-EXEGETIC.\.

3611 446 3630 498 1
3639 443 3722 500 063

531 570 660 610 vero
683 570 788 608 non
809 561 1036 624 possunt
1053 553 1166 608 haec
1179 552 1244 609 de
1259 554 1364 610 alio
1385 552 1488 608 nisi
1505 553 1679 608 solum
1695 555 1761 608 de
1776 553 1884 608 Deo
1906 554 2097 620 Verbo,

2202 557 2328 619 τοὺς
2361 557 2554 618 τόπους
2583 555 2857 607 ἐπιϐαλεῖν
2879 555 3130 624 διήγησιν
3152 571 3163 582 ·
3197 554 3470 621 φυλάττων
3489 558 3543 609 τὸ
3565 559 3630 630 μὴ
3646 562 3724 630 ἀγ-

533 647 585 702 in
619 647 884 718 principio
913 645 1052 716 apud
1087 645 1276 710 Deum,
1313 647 1504 702 referri
1533 664 1546 712 ;
1579 649 1671 716 qui
1725 663 1919 720 magna
1959 665 2092 702 cun-

532 748 719 794 secuto
749 737 917 810 Moysi
951 739 1216 808 majorum
1251 737 1491 794 ostendit
1531 739 1842 805 scientiam,
1892 739 2095 796 docens

531 845 652 883 eum
709 839 766 882 ut
816 829 991 886 solum
1045 845 1232 884 verum
1281 837 1576 900 cognoscat
1610 828 1800 892 Deum,
1848 839 1901 884 ct
1934 845 2094 899 quem

532 921 678 975 misit
705 919 868 976 Deum
901 919 1162 980 Verbum.
1193 928 1245 975 et
1273 921 1450 991 ipsum
1485 929 1608 990 post
1641 919 1858 976 Patrem
1911 919 2098 976 Domi-

533 1029 774 1084 numque
827 1013 1126 1084 Deumque.
1159 1013 1222 1066 Et
1253 1013 1483 1084 primam
1520 1013 1738 1082 quidem
1789 1013 1839 1067 ci
1875 1013 2014 1068 banc
2046 1021 2099 1068 et

531 1108 766 1162 maxime
799 1108 1164 1162 necessariam
1191 1108 1394 1176 praebet
1419 1107 1731 1168 utilitatem.
1765 1123 1832 1161 ne
1854 1123 2096 1177 unquam

529 1200 598 1256 de
631 1199 873 1254 omnium
908 1198 1014 1254 Deo
1041 1199 1328 1269 opiniones
1359 1199 1423 1252 ad
1451 1199 1860 1255 manifestatum
1884 1200 1932 1254 ei
1967 1197 2097 1254 Ver-

534 1293 657 1346 bum
693 1308 785 1362 per
815 1292 1134 1346 immensam
1163 1307 1344 1345 rerum
1395 1291 1634 1346 visarurn
1671 1291 1897 1361 gloriam
1949 1291 2098 1344 acci-

2203 650 2357 718 γελον
2392 644 2528 701 εἶναι
2557 649 2648 700 τὸν
2677 647 3100 718 χρηματίζοντα,
3138 645 3252 698 ἀλλ’
3272 647 3432 700 αὐτὸν
3456 647 3540 700 τὸν
3563 649 3638 702 διὰ
3651 653 3724 706 τοῦ

2203 741 2624 814 τετραγράμμου
2672 739 2998 811 δηλούμενον
3047 739 3270 810 Κύριον,
3298 739 3358 802 ὃς
3406 739 3496 792 καὶ
3542 741 3728 808 ὲνώπιος

2204 835 2417 906 ὲνωπίῳ
2437 833 2514 905 τῷ
2528 835 2752 887 Μωῦσεῖ
2773 833 3184 903 ἀναγέγραπται
3209 832 3572 902 λελαληκέναι,
3590 833 3640 886 ὃν
3655 837 3726 887 καὶ

2203 925 2344 990 ἀξιοῖ
2389 925 2486 996 τὴν
2532 925 2599 978 δι’
2624 923 2869 994 ἀγγέλων
2929 922 3260 994 προστασίαν
3289 921 3728 993 παραιτούμενοςὸ

2204 1015 2444 1084 Μωῦσῆς
2467 1015 2662 1084 λέγων,
2695 1034 2712 1064 ι
2742 1015 2803 1066 Εἰ
2841 1013 2914 1084 μὴ
2947 1013 3107 1076 αὐτὸς
3136 1013 3198 1065 σὺ
3233 1012 3563 1084 συμπορεύῃ,
3589 1014 3649 1082 μή
3679 1031 3727 1081 με

2205 1109 2485 1178 ἀναγάγῃς
2514 1105 2781 1162 ἐντεῦθεν.
2813 1127 2831 1158 ›
2853 1105 3010 1160 ’Λλλά
3034 1105 3142 1175 γάρ
3166 1106 3262 1176 οὐχ
3287 1099 3396 1156 οἷόν
3421 1121 3477 1156 τε
3501 1103 3653 1157 ταῦτα
3667 1107 3728 1172 ἐφ’

2203 1203 2388 1274 ἕτερον
2426 1201 2458 1272 ἢ
2491 1201 2580 1254 ἐπὶ
2623 1202 2780 1270 μόνον
2812 1201 2900 1254 τὸν
2931 1201 2986 1252 ἐν
3017 1200 3157 1270 ἀρχῇ
3193 1199 3326 1269 πρὸς
3357 1198 3448 1250 τὸν
3485 1197 3603 1248 Θεὸν
3629 1197 3730 1248 Θεὸν

2204 1296 2375 1363 Λόγον
2427 1293 2716 1362 ἀναφέρειν
2737 1308 2749 1320 ·
2778 1291 2837 1355 ὃς
2869 1290 3115 1362 μεγάλων
3157 1291 3427 1360 ἐφιεμένῳ
3451 1288 3524 1358 τῷ
3553 1289 3732 1341 Dimissi

535 1385 666 1454 piat.
697 1383 859 1438 Docet
882 1384 1044 1454 igitur
1084 1383 1318 1452 seipsum
1383 1383 1617 1453 primum
1665 1384 1957 1454 solumque
2003 1399 2136 1438 νε·-

531 1493 650 1530 rum
687 1475 854 1531 Deum
881 1475 1205 1545 praecedere,
1240 1489 1398 1544 quem
1429 1477 1544 1544 ipse
1568 1475 1847 1530 invocabat
1873 1475 2094 1530 dicens:

534 1585 552 1617 ι
591 1566 906 1620 "ominator
941 1565 1162 1620 Domine
1195 1565 1360 1628 Deus.
1397 1567 1712 1622 misericors
1747 1575 1801 1622 et
1829 1569 2092 1632 clemens,

528 1659 764 1727 patiens,
787 1667 839 1712 et
863 1659 1040 1712 multa:
1063 1657 1469 1722 misericordiae,
1491 1667 1542 1714 et
1572 1676 1751 1715 verus.
1791 1681 1808 1712 ι
1837 1659 2096 1716 Eamdem

529 1751 774 1821 profecto
799 1752 906 1805 vim
929 1751 1090 1805 habet
1119 1771 1136 1802 ‹
1161 1767 1344 1818 verus,
1369 1771 1385 1802 .-
1412 1767 1472 1805 ac
1489 1752 1578 1804 illa
1600 1770 1612 1806 :
1635 1771 1651 1802 ι
1679 1751 2097 1824 Utcognoscant

2205 1749 2353 1822 αὐτῷ
2393 1751 2598 1819 ταύτην
2636 1750 2731 1802 καὶ
2776 1749 3212 1820 ἀναγκαιοτάτην
3257 1749 3488 1820 παρέχει
3517 1747 3604 1820 τὴν
3625 1749 3734 1816 ὠφέ-

529 1849 580 1896 te
600 1842 773 1895 solum
797 1841 962 1896 Deum
988 1857 1170 1895 verum
1186 1843 1250 1906 ",
1279 1863 1296 1894 ο
1317 1842 1382 1896 ab
1407 1841 1523 1911 ipso
1539 1839 1818 1897 Salvatore
1855 1843 1906 1896 in
1932 1842 2097 1898 Evan-

2203 1843 2375 1906 λειαν,
2403 1841 2478 1906 ὡς
2506 1841 2571 1894 ἂν
2611 1843 2820 1912 μήποτε
2846 1841 2944 1904 τὰς
2982 1841 3110 1912 περ).
3155 1840 3291 1894 Θεοῦ
3325 1840 3434 1894 τῶν
3476 1840 3599 1894 ὅλων
3631 1842 3733 1893 ὑπο-

529 1932 682 2002 geliis
705 1932 868 1985 dicta.
891 1931 1015 1986 Haec
1033 1947 1139 1986 non
1159 1931 1516 1987 intellexisset
1540 1933 1718 1988 omnis
1744 1934 1997 2003 populus,
2030 1933 2096 1988 ad

2202 1935 2348 1998 νοίας
2397 1934 2490 1986 ἐπὶ
2544 1933 2634 1986 τὸν
2679 1933 3084 2004 χρηματίζοντα
3127 1932 3278 2004 αύτῷ
3327 1933 3499 2001 Λόγον
3545 1932 3622 1986 διὰ

527 2039 710 2092 quem,
727 2024 913 2078 rudem
937 2025 1137 2086 adhuc,
1164 2040 1193 2078 a
1211 2024 1592 2079 manifestante
1618 2040 1676 2080 se
1697 2023 1926 2078 Domino
1950 2025 2097 2080 dice-

2206 2023 2510 2096 ὑπερϐολὴν
2537 2024 2637 2093 τῆς
2663 2024 2820 2095 δόξης
2849 2024 2955 2078 τῶν
2989 2023 3384 2096 θεωρουμένων
3420 2024 3648 2078 ὲκλάδοι·
3672 2023 3734 2075 δι-

527 2115 688 2170 batur
712 2135 723 2170 :
753 2136 771 2167 ι
792 2115 902 2187 Ego
923 2125 1137 2182 sum,et
1171 2133 1276 2171 non
1305 2125 1388 2172 est
1403 2117 1540 2171 alius
1563 2125 1758 2186 praeter
1773 2133 1858 2171 me
1873 2117 1960 2171 1“.
1990 2137 2006 2168 ι
2029 2115 2097 2171 lis

2202 2117 2388 2178 δάσκει
2431 2116 2528 2190 [εἰ]
2568 2117 2612 2171 δ’
2637 2113 2730 2170 οῦν
2761 2117 2922 2170 αὐτὸν
2955 2117 3166 2188 πρῶτον
3199 2117 3294 2172 καὶ
3329 2117 3490 2188 μόνον
3533 2115 3736 2187 ἀληθινὸν

525 2207 670 2262 enim
699 2223 834 2278 opus
847 2219 962 2263 erat
984 2209 1138 2278 quasi
1174 2210 1500 2265 rudimentis
1527 2209 1594 2264 ad
1621 2226 1844 2280 regnum
1865 2209 1982 2267 Dei.
2007 2209 2097 2279 qui

2202 2210 2334 2263 Θεὸν
2376 2209 2624 2280 ἡγεῖσθαι
2670 2207 2878 2273 τοῦτον,
2907 2209 2966 2262 ὃν
3017 2209 3178 2273 αὐτὸς
3222 2209 3540 2264 ἐπεκαλεῖτο
3581 2209 3735 2276 λέγων,

532 2299 776 2354 nondum
809 2298 986 2356 Patris
1009 2311 1062 2354 et
1082 2300 1198 2354 Filii
1225 2303 1474 2373 dogmata
1495 2303 1785 2357 conciliare
1825 2309 2097 2372 poterant,

2207 2320 2226 2352 ι
2265 2301 2487 2374 Κύριος,
2507 2301 2711 2374 Κύριος
2730 2305 2756 2356 6
2772 2301 2903 2366 Θεὸς
2924 2301 3221 2372 οἰκτίρμων
3253 2303 3351 2354 καὶ
3372 2301 3620 2372 ἐλεήμων,
3659 2315 3738 2369 μα-

533 2391 915 2464 Aﬂgyptiorum
959 2395 1266 2450 idololatria
1315 2397 1628 2466 nuperrime
1673 2396 1904 2464 abjecta.
1939 2416 1956 2448 ι
1987 2395 2097 2467 Ego

2202 2391 2494 2464 κρόθυμος,
2519 2394 2612 2447 καὶ
2631 2394 2931 2456 πολυέλεος,
2949 2393 3041 2446 καὶ
3065 2393 3338 2464 ἀληθινός.
3368 2413 3387 2445 ι
3415 2391 3638 2464 Πρόσχες
3655 2389 3736 2460 γὰρ

2203 1385 2301 1455 τὴν
2348 1383 2440 1437 τοῦ
2473 1383 2716 1454 μείζονος
2755 1381 3008 1453 ἐμφαίνει
3042 1379 3262 1450 γνῶσιν,
3293 1379 3553 1434 παιδεύων
3582 1380 3730 1432 ἑαυτὸν

2204 1477 2351 1540 ὅπως
2391 1475 2460 1530 ἂν
2507 1473 2744 1545 γινώσκῃ
2795 1474 2884 1526 τὸν
2931 1474 3087 1544 μόνον
3135 1473 3385 1542 ἀληθινὸν
3427 1471 3568 1534 Θεὸν,
3591 1471 3668 1523 καὶ
3689 1471 3732 1524 ὃν

2205 1569 2489 1623 ἀπέστειλε
2519 1565 2648 1620 Θεὸν
2673 1568 2864 1635 Λόγον,
2923 1567 3190 1638 δευτέρως
3219 1567 3311 1618 καὶ
3337 1565 3497 1618 αὑτὸν
3531 1564 3640 1616 ὅντα
3662 1581 3732 1633 με·

2203 1659 2273 1712 τὰ
2301 1659 2392 1712 τὸν
2423 1659 2645 1729 Πατέρα
2672 1657 2764 1711 καὶ
2803 1657 3007 1729 Κύριον
3040 1659 3134 1710 καὶ
3159 1657 3290 1709 Θεόν
3311 1673 3324 1686 ·
3356 1657 3450 1710 καὶ
3471 1655 3664 1728 aptium
3684 1673 3731 1724 γε

525 2501 668 2548 sum,
689 2493 742 2540 et
765 2501 870 2540 non
895 2496 978 2542 est
1000 2487 1140 2542 alius
1165 2495 1356 2558 praeter
1381 2504 1496 2552 me;
1525 2509 1542 2536 ιι
1571 2503 1633 2542 ex
1659 2487 1750 2541 Dei
1785 2486 1946 2542 Verbi
1972 2503 2096 2558 per-

529 2592 664 2632 sona
689 2577 963 2633 diceretur
998 2578 1250 2634 similiter
1271 2594 1334 2633 ac
1378 2597 1391 2633 τ
1430 2598 1447 2629 ι
1495 2577 1606 2648 Ego
1649 2589 1702 2633 ct
1739 2577 1899 2632 Pater
1929 2594 2096 2632 unum

529 2685 718 2724 sumus
739 2669 818 2733 ³⁹;
853 2688 870 2722 ι
892 2677 976 2724 ct:
1003 2688 1020 2720 ι
1043 2669 1203 2724 Pater
1221 2669 1274 2724 in
1295 2686 1378 2724 me
1395 2677 1500 2734 est,
1521 2677 1572 2722 et
1593 2686 1692 2740 ego
1712 2670 1764 2724 in
1785 2670 1944 2725 Patre
1959 2671 2046 2720 ³⁹⁶.
2075 2688 2093 2721 ι

2201 2483 2475 2555 ἐπιμελῶς
2503 2483 2580 2554 τῷ
2614 2505 2633 2535 ‹
2659 2485 2906 2558 ἀληθινὸς
2936 2505 2952 2536 ι
2981 2485 3384 2556 παραπλησίως
3412 2479 3736 2557 εἰρημένῳτῷ

2209 2576 2356 2629 ι’Ίνα
2380 2574 2725 2644 γιγνώσκωσι
2761 2593 2820 2628 σε
2850 2576 2940 2630 τὸν
2974 2575 3132 2648 μόνον
3168 2575 3424 2647 ἀληθινὸν
3449 2575 3589 2636 Θεὸν,
3621 2595 3635 2624 ι
3659 2572 3737 2626 ὑπὸ

2201 2665 2296 2720 τοῦ
2343 2665 2504 2720 αὑτοῦ
2552 2667 2800 2740 Σωτῆρος
2845 2667 2902 2720 ὲν
2933 2671 3044 2728 τοῖς
3075 2667 3431 2736 Εὐαγγελίοις
3473 2667 3734 2738 εἰρημένῳ·

528 2759 994 2840 Quemadmodum
1029 2762 1122 2830 qui
1146 2763 1277 2816 vidit
1311 2778 1468 2826 eum,
1501 2761 1634 2816 vidit
1666 2761 1899 2823 Patrem,
1959 2761 2097 2814 sicut

2204 2758 2376 2814 ταῦτα
2403 2759 2447 2812 δ’
2479 2760 2578 2814 οὐκ
2606 2761 2670 2813 ἂν
2698 2759 2972 2833 ἐχώρησεν
3002 2764 3031 2814 6
3065 2764 3170 2826 πᾶς
3200 2761 3324 2825 λαὸς
3352 2762 3488 2834 πρὸς
3510 2762 3580 2826 ὃν,
3604 2755 3738 2828 οἷαδὴ

529 2854 736 2906 dictum
757 2861 872 2908 est:
905 2874 922 2904 ι
961 2854 1064 2920 Qui
1109 2854 1254 2910 videt
1297 2871 1404 2918 me,
1439 2854 1584 2906 videt
1634 2861 1688 2907 et
1720 2852 2036 2918 Patrem“;
2078 2873 2097 2904 ι

523 2941 601 3016 ita
625 2945 716 3013 qui
739 2959 862 2998 eum
908 2943 1078 3008 audit,
1113 2943 1264 2998 audit
1307 2955 1354 2998 et
1399 2943 1614 2998 Patrem
1666 2943 1758 3012 qui
1805 2952 1888 2996 est
1931 2943 1984 2998 in
2015 2958 2101 3004 eo,

529 3049 654 3088 cum
681 3035 812 3088 dicit
839 3055 850 3088 :
885 3053 903 3085 ‹
938 3034 1048 3104 Ego
1079 3051 1221 3097 sum,
1251 3043 1304 3090 et
1334 3052 1440 3089 non
1463 3045 1543 3090 est
1573 3035 1714 3088 alius
1733 3041 1926 3104 praeter
1945 3049 2050 3086 me.
2083 3052 2101 3084 ι

2153 2862 2164 2872 ·
2207 2849 2586 2920 εἰσαγόμενον,
2615 2851 2720 2904 ὑπὸ
2753 2851 2846 2904 τοῦ
2877 2852 3305 2924 χρηματίζοντος
3337 2853 3572 2922 ἐλέγετο,
3597 2871 3614 2902 ι
3633 2849 3740 2918 Ἐγώ

2210 2941 2323 3010 είμι
2353 2941 2444 2993 καὶ
2472 2941 2571 2994 οὐκ
2595 2939 2740 2994 ἐστιν
2769 2941 2847 2994 ἔτι
2871 2941 3011 3014 πλὴν
3033 2942 3196 3014 ὲμοῦ’
3231 2963 3250 2996 ι
3281 2943 3494 2998 ἐδέοντο
3515 2945 3612 3016 γὰρ
3627 2937 3740 2995 οὗτοι

2215 3029 2583 3102 στοιχειώδους
2609 3033 2916 3105 εἰσαγωγῆς
2943 3033 3022 3087 ἔτι
3044 3035 3142 3102 τῆς
3172 3037 3301 3106 περὶ
3325 3035 3464 3087 Θεοῦ
3493 3033 3742 3106 μοναρχίας

526 3129 626 3200 οὐχ
643 3121 744 3180 οἶοί
773 3129 832 3180 τέ
856 3145 970 3192 πως
989 3128 1136 3191 ὄντες
1170 3127 1235 3182 τὰ
1269 3129 1395 3200 περὶ
1415 3129 1624 3201 Πατρὸς
1647 3119 1882 3182 καὶὙὶοῦ
1904 3127 2148 3197 δόγματα
2183 3125 2490 3197 διαρθροῦν,
2511 3125 2604 3179 ἅτε
2631 3125 2854 3196 ἔναγχος
2891 3127 2988 3197 τῆς
3027 3127 3340 3195 Αἰγυπτίων
3369 3128 3616 3182 πολυθέου
3637 3125 3740 3178 πλά-

527 3241 624 3294 νης
657 3226 1042 3296 ἀφεστηκότες.
1075 3224 1148 3276 Τὸ
1171 3224 1226 3277 δὲ
1259 3245 1276 3276 ι
1301 3223 1440 3292 Ἐγώ
1462 3225 1576 3296 εἰμι
1611 3224 1704 3278 καὶ
1741 3225 1840 3278 οὐκ
1901 3223 2045 3277 ἐστιν
2091 3222 2172 3276 ἔτι
2212 3221 2348 3294 πλὴν
2371 3221 2504 3291 ἐμοῦ
2535 3241 2553 3272 ι
2587 3222 2779 3291 λέγοιτ’
2807 3223 2872 3276 ἂν
2903 3225 2966 3276 ἐκ
3001 3223 3291 3295 προσώπου
3325 3223 3424 3278 τοῦ
3455 3225 3581 3278 Θεοῦ
3603 3223 3740 3290 Λόγον

525 3320 726 3390 ὁμοίως
756 3304 851 3391 τῷ,
891 3339 908 3372 ι
935 3319 1074 3390 Ἐγὼ
1103 3321 1197 3375 καὶ
1225 3324 1252 3374 6
1287 3321 1346 3392 (Γ.
1383 3323 1448 3376 12
1478 3323 1564 3392 νο)
1601 3323 1788 3394 Πατὴρ
1815 3322 1874 3374 ἒν
1907 3321 2070 3392 ἐσμεν
2091 3338 2104 3350 ·
2147 3321 2241 3374 καὶ
2261 3319 2371 3388 ἐγὼ
2391 3321 2448 3372 ὲν
2469 3319 2544 3390 τῷ
2572 3321 2747 3392 Πατρὶ
2771 3323 2864 3374 καὶ
2885 3321 2912 3374 6
2933 3321 3124 3393 Πατὴρ
3147 3323 3203 3376 ὲν
3228 3324 3374 3393 ἐμοί.
3409 3343 3426 3374 ι
3465 3324 3546 3385 Ὠς
3567 3325 3614 3392 γ’
3627 3318 3740 3374 οὖνὸ

527 3417 787 3489 ἑωρακὼς
807 3418 967 3470 αὐτὸν
990 3417 1200 3486 ἑώρακε
1237 3419 1330 3472 τὸν
1369 3417 1609 3490 Πατέρα,
1646 3419 1785 3473 κατά
1808 3419 1917 3480 τὸ,«
1939 3419 1996 3471 Ὀ
2014 3415 2276 3488 ἑωρακὼς
2300 3417 2399 3486 ἐμὲ
2427 3415 2638 3486 ἑώρακε
2676 3417 2766 3468 τὸν
2807 3417 3030 3490 Πατέρα
3061 3419 3151 3471 τὸν
3178 3418 3476 3488 πέμψαντά
3512 3435 3600 3490 με·
3625 3438 3640 3470 ι
3672 3417 3742 3470 τὸν

526 3514 900 3584 αὐτὸντρόπον
920 3516 947 3567 6
965 3513 1131 3568 αὑτοῦ
1149 3514 1360 3570 ἀκούων
1378 3513 1472 3568 τοῦ
1511 3516 1568 3568 ὲν
1599 3514 1746 3584 αὐτῷ
1768 3515 1978 3586 Πατρὸς
2016 3515 2178 3584 ἤκουε
2217 3511 2462 3580 λέγοντος
2481 3511 2559 3574 τὸ,
2583 3531 2601 3562 ι
2627 3511 2766 3580 Ἐγώ
2794 3516 2908 3584 ειμι
2937 3514 3030 3567 καὶ
3050 3515 3150 3568 οὐκ
3178 3515 3324 3568 ἐστιν
3339 3515 3423 3568 ἔτι
3443 3516 3572 3586 πλὴν
3589 3513 3739 3584 ὲμοῦΑ

601 3609 726 3664 Haec
787 3609 1013 3667 elTusius
1059 3611 1320 3677 diximus,
1367 3612 1746 3668 demonstrare
1796 3619 2097 3682 quaerentes

2276 3608 2461 3688 Ταῦτα
2505 3608 2548 3661 δ’
2580 3611 2714 3679 ἡμῖν
2761 3609 2836 3674 ὡς
2870 3612 2926 3664 ὲν
2965 3610 3308 3682 τηλικούτοις
3351 3614 3562 3684 εἴρηται
3599 3625 3742 3680 παρα-

523 3703 670 3773 quod
699 3705 888 3775 procul
926 3704 1092 3758 dubio
1125 3721 1300 3775 neque
1325 3707 1570 3784 omnium
1601 3706 1769 3770 Deus,
1799 3722 1975 3778 neque
1999 3723 2098 3759 an—

523 3796 700 3864 gelica
757 3796 962 3865 quaevis
1019 3806 1289 3866 potestas,
1342 3795 1440 3852 sed
1489 3797 1668 3867 ipsum
1717 3797 1810 3852 Dei
1861 3798 2096 3853 Verbum

529 3887 702 3958 Moysi
756 3889 1030 3957 apparuit,
1065 3889 1212 3960 quod
1277 3889 1508 3946 ﬁrmiter
1553 3891 1914 3958 credidimus,
1975 3899 2098 3962 post

523 3982 770 4034 omnium
799 3979 1014 4036 Patrem
1047 3989 1102 4036 et
1135 3981 1446 4046 Dominum,
1470 3985 1771 4040 secundum
1803 4001 1927 4040 esse
1979 4001 2097 4040 om-

527 4075 680 4130 nium
739 4073 1020 4129 Dominum
1050 4084 1105 4129 et
1148 4075 1358 4142 Deum;
1391 4077 1530 4132 sicut
1583 4075 1827 4134 Joannes
1863 4093 2100 4148 evange-

524 4167 652 4222 lista
683 4167 844 4222 nobis
871 4167 1217 4237 apertissime
1243 4168 1504 4234 ostendit,
1537 4169 1728 4225 dicens
1757 4189 1769 4224 :
1805 4188 1824 4220 ι
1863 4169 1917 4224 In
1945 4173 2096 4240 prin-

525 4259 672 4329 cipio
703 4267 821 4316 erat
841 4258 1102 4322 Verbum,
1139 4269 1192 4316 et
1220 4259 1458 4315 Verbum
1497 4269 1614 4316 erat
1645 4262 1788 4332 apud
1825 4263 2012 4322 Deum.
2043 4268 2096 4316 et

533 4349 678 4406 Deus
705 4361 822 4408 erat
848 4351 1084 4408 Verbum
1109 4354 1204 4408 ‘°‘.
1243 4373 1260 4406 ι
1298 4352 1488 4408 Nimiae
1517 4363 1699 4408 autem
1727 4369 1904 4424 opera:
1927 4369 2100 4423 neque

527 4445 792 4514 propositi
851 4433 1026 4500 nostri
1079 4453 1226 4500 esset
1278 4447 1570 4516 exquirere
1611 4445 1736 4516 quis
1765 4447 1940 4508 locus.
1975 4461 2098 4515 quae

525 4547 678 4605 petra
709 4535 904 4603 forent,
938 4537 1006 4591 de
1042 4538 1243 4607 quibus
1277 4537 1410 4592 dicit
1444 4539 1711 4594 Dominus
1741 4557 1756 4594 :
1797 4558 1815 4590 ι
1851 4538 1992 4592 Ecce
2015 4547 2100 4594 est

523 4625 678 4680 locus
731 4627 872 4696 apud
921 4641 1007 4680 me
1054 4635 1110 4682 et
1165 4628 1336 4682 stabis
1373 4643 1542 4698 super
1587 4638 1796 4698 petram
1826 4631 1893 4683 “.
1935 4647 1954 4680 ι
1991 4627 2098 4684 Sed

523 4717 666 4770 banc
699 4727 906 4786 petram
960 4721 1253 4788 Apostolus
1289 4720 1550 4774 indicavit
1589 4721 1778 4775 dicens
1816 4740 1830 4774 ε
1873 4737 1890 4770 ι
1927 4717 2088 4774 Petra

524 4815 704 4862 autem
735 4817 852 4864 erat
879 4809 1132 4866 Christus
1153 4811 1246 4865 δν.
1283 4833 1300 4863 ι
1329 4811 1489 4866 Petra
1527 4813 1790 4881 locusque
1819 4819 1977 4866 erant
2005 4827 2100 4866 ea-

523 4899 668 4962 dem,
699 4901 971 4970 suspicor,
1001 4917 1122 4970 quae
1144 4902 1302 4956 obvia
1342 4901 1561 4956 fuerunt
1581 4899 1787 4956 Iacobo
1808 4941 1822 4964 ,
1855 4915 1978 4954 cum
2014 4899 2098 4954 di-

2204 3700 2396 3771 στῆσαι
2428 3700 2789 3771 βουλομένοις,
2813 3703 2895 3754 ὅτι.
2923 3702 2988 3774 δὴ
3023 3703 3445 3774 ἀναμφιλέκτως
3471 3705 3587 3757 οὔτε
3613 3705 3638 3758 ὁ
3659 3703 3744 3754 τῶν

2201 3795 2335 3848 ὅλων
2366 3794 2517 3858 Θεὸς,
2548 3791 2673 3846 οὔτε
2710 3795 2972 3866 ἀγγελική
3017 3813 3098 3858 τις
3131 3795 3364 3868 δύναμις
3411 3793 3478 3868 ἦν
3507 3799 3538 3868 ἡ
3569 3811 3744 3867 χρημα-

2200 3885 2422 3949 τίζουσα
2451 3885 2532 3956 τῷ
2554 3887 2799 3950 Μωῦσεῖ,
2838 3887 2998 3952 αὐτὸς
3019 3887 3074 3940 δὲ
3107 3890 3135 3942 6
3163 3887 3306 3952 θεῖος
3337 3889 3530 3959 Λόγος,
3551 3889 3604 3941 ὃν
3617 3890 3740 3958 ἀκρι-

2201 3978 2311 4043 ϐῶς
2341 3977 2787 4050 πεπιστεύκαμεν
2826 3979 2964 4050 μετὰ
3008 3979 3100 4032 τὸν
3127 3980 3234 4034 τῶν
3267 3981 3406 4034 ὅλων
3443 3981 3646 4050 Πατέρα
3671 3977 3742 4030 καὶ

2201 4075 2404 4144 Κύριον
2435 4073 2687 4145 δεύτερον
2723 4068 2862 4125 εἷναι
2894 4071 3002 4126 τῶν
3029 4073 3288 4128 ἁπάντων
3313 4074 3450 4128 Θεόν
3477 4092 3532 4126 τε
3565 4071 3646 4125 καὶ
3661 4069 3744 4122 Κύ-

2204 4184 2317 4238 ριον
2336 4183 2350 4198 ο
2378 4166 2567 4236 ὥσπερ
2620 4163 2684 4236 δὴ
2717 4165 2812 4218 καὶ
2843 4166 2872 4217 ό
2901 4165 3292 4236 εὐαγγελιστὴς
3334 4165 3585 4234 Ἰωάννης
3613 4161 3744 4228 cavi-

2203 4275 2390 4330 στερον
2421 4259 2570 4328 ἡμᾶς
2592 4255 2840 4310 παιδεύει
2859 4253 3052 4324 λέγων·
3086 4277 3103 4307 ι
3151 4257 3238 4308 Ἐν
3259 4257 3404 4328 ἀρχῇ
3434 4253 3501 4328 ἦν
3527 4258 3554 4309 ό
3587 4253 3742 4322 Λόγος·

2201 4351 2296 4404 καὶ
2319 4353 2347 4403 ό
2375 4349 2546 4418 Λόγος
2565 4344 2631 4420 ἦν
2655 4347 2790 4418 πρὸς
2813 4346 2904 4400 τὸν
2925 4345 3056 4400 Θεὸν
3078 4347 3215 4400 ἰκαὶ
3245 4347 3380 4411 Θεὸς
3399 4343 3471 4418 ἧν
3491 4351 3519 4400 6
3545 4347 3740 4416 ΛόγοςῚ

2201 4441 2404 4510 πολλῆς
2435 4441 2478 4494 δ’
2511 4440 2578 4494 ἂν
2605 4439 2811 4508 γένοιτο
2845 4440 2938 4493 καὶ
2975 4439 3096 4508 οὐχὶ
3131 4438 3234 4509 τῆς
3258 4440 3543 4512 παρούσης
3585 4435 3742 4509 σχολῆς

2203 4533 2518 4606 σαφηνίζειν
2568 4533 2652 4597 τίς
2689 4532 2773 4603 ἄρ’
2797 4534 2882 4604 εἴη
2917 4535 2946 4586 6
2983 4533 3144 4596 τόπος
3176 4535 3270 4586 καὶ
3296 4535 3327 4602 ἡ
3358 4533 3532 4604 πέτρα
3553 4532 3664 4601 περὶ
3687 4521 3745 4580 ὧν

2200 4619 2352 4678 εἶπεν
2384 4627 2412 4677 6
2443 4624 2667 4696 Κύριος,
2709 4641 2728 4674 ι
2770 4623 2900 4678 Ἰδοὺ
2931 4625 3094 4690 τόπος
3149 4627 3280 4695 παρ’
3310 4627 3436 4695 ἐμοὶ
3475 4625 3564 4679 καὶ
3609 4623 3746 4692 στήσῃ

2201 4714 2292 4767 ἐπὶ
2321 4715 2419 4786 τῆς
2451 4715 2654 4786 πέτρας
2673 4731 2686 4744 ⁸
2717 4733 2736 4766 ι
2775 4715 2888 4769 ἀλλ’
2923 4718 2951 4768 6
2971 4715 3070 4786 μὲν
3115 4715 3440 4778 Ἀπόστολος
3459 4715 3554 4784 τὴν
3579 4713 3747 4780 πέτραν

2202 4806 2467 4878 ἐδήλωσεν
2497 4807 2684 4868 εἰπὼν,
2727 4825 2746 4858 ‹
2792 4807 2855 4860 Ἡ
2885 4807 3058 4878 πέτρα
3086 4807 3143 4861 δὲ
3183 4804 3249 4878 ἦν
3271 4811 3300 4861 6
3335 4807 3585 4880 Χριστός.
3611 4827 3626 4860 ι
3657 4805 3746 4858 Οὐκ

2201 4899 2358 4953 ἄλλον
2387 4899 2442 4952 δὲ
2471 4901 2568 4969 τῆς
2593 4900 2802 4970 πέτρας
2832 4900 2962 4954 ὄντα
2991 4901 3084 4954 καὶ
3117 4902 3208 4954 τὸν
3225 4902 3386 4954 τόπον
3415 4899 3745 4970 ὑπολαμϐάνω

523 4989 666 5042 citur
701 5008 714 5044 :
753 4965 1078 5060 «Egressus
1139 4991 1305 5060 igitur
1349 4989 1520 5046 Jacob
1582 4989 1650 5044 de
1717 4998 1879 5060 puteo
1939 4991 2092 5060 iura-

2205 4991 2295 5046 τὸν
2327 4992 2486 5046 αὑτὸν
2545 4993 2881 5062 τυγχάνοντα
2934 4993 3011 5063 τῷ
3059 4994 3434 5065 ἀπαντήσαντι
3469 4993 3544 5064 τῷ
3587 4986 3744 5044 Ἰακὼό

523 5083 736 5146 menti,
799 5083 1056 5154 pergebat
1110 5081 1352 5148 Harrab;
1389 5091 1442 5138 ct
1487 5083 1706 5137 obvium
1761 5083 1952 5138 habuit
2013 5083 2100 5136 lo-

523 5187 648 5226 cum
669 5174 739 5236 ",
779 5193 798 5226 ι
839 5189 924 5236 ac,
963 5176 1052 5229 ubi
1093 5174 1146 5230 in
1179 5176 1388 5230 somnis
1415 5173 1607 5230 videns
1639 5175 1840 5230 scalam
1862 5215 1876 5237 ,
1910 5175 2097 5246 illique

525 5265 774 5318 innixum
849 5266 1178 5327 Dominum,
1269 5281 1394 5320 cum
1469 5265 1834 5335 evigilasset.
1897 5266 2094 5322 dixit:

529 5375 550 5408 ι
589 5356 722 5411 Vere
747 5356 1008 5412 Dominus
1033 5367 1118 5412 est
1169 5357 1220 5410 in
1255 5357 1374 5412 loco
1415 5357 1521 5412 isto
1543 5357 1636 5420 "',
1677 5377 1695 5408 ι
1732 5373 1798 5412 ac
1851 5373 2044 5412 rursus
2080 5375 2094 5411 :

529 5465 550 5502 ι
580 5447 756 5513 Quam
787 5450 1049 5504 terribilis
1075 5461 1160 5505 est
1201 5452 1352 5504 locus
1385 5449 1520 5504 iste!
1559 5438 1678 5504 Non
1709 5457 1790 5504 est
1817 5450 1904 5504 hic
1944 5449 2091 5503 aliud

527 5542 634 5595 nisi
664 5541 861 5596 domus
895 5541 986 5596 Dei
1039 5551 1092 5598 et
1139 5554 1292 5614 porta
1347 5543 1470 5596 cmli
1497 5541 1568 5596 “.
1607 5562 1623 5592 ι
1661 5541 1918 5608 Quantam
1969 5558 2098 5596 vero

527 5632 600 5685 sit
617 5633 784 5689 facies
813 5633 906 5690 Dei
935 5633 1116 5696 Verbi.
1147 5649 1312 5704 quam
1331 5636 1516 5704 nequit
1547 5633 1778 5705 Moyses,
1803 5635 1854 5690 id
1879 5643 1963 5690 est
1989 5636 2098 5698 lex,

2207 5085 2334 5140 ἔνθα
2385 5085 2716 5156 γέγραπται,
2755 5105 2773 5136 ι
2839 5085 3090 5156 Ἐξῆλθεν
3135 5086 3192 5138 δὲ
3239 5087 3267 5139 6
3313 5085 3508 5139 Ἰακὼὸ
3539 5085 3636 5140 ἀπὸ
3671 5079 3742 5134 τοῦ

2208 5177 2440 5248 φρέατος
2490 5176 2582 5230 τοῦ
2611 5179 2796 5248 ὅρκου,
2847 5179 2939 5230 καὶ
2972 5176 3242 5250 ἐπορεύθη
3277 5180 3356 5242 είς
3386 5177 3622 5250 Χαρράν.
3663 5173 3744 5224 Καὶ

2205 5269 2486 5340 ἀπήντησε
2514 5268 2665 5339 τόπῳ
2701 5287 2718 5319 ι
2757 5268 2886 5321 ἔνθα
2912 5268 3008 5321 καὶ
3039 5267 3161 5321 ἰδὼν
3191 5271 3249 5322 ὲν
3268 5271 3505 5340 ὁράματι
3530 5270 3620 5336 τὴν
3647 5264 3742 5318 χλι.

2210 5377 2360 5432 μακα
2387 5365 2482 5414 καὶ
2499 5359 2588 5416 τὸν
2607 5362 2693 5414 ἐπ’
2723 5362 2892 5431 αὐτῆς
2921 5362 3313 5432 ὲστηριγμένον
3341 5359 3742 5432 Κύριον,δινπνι-

2207 5453 2352 5517 σθείς
2382 5471 2566 5525 φησιν,
2602 5473 2620 5505 ι
2654 5454 2776 5506 ’Ότι
2801 5452 2914 5505 ἐστι
2947 5451 3150 5524 Κύριος
3183 5456 3240 5508 ὲν
3265 5454 3341 5524 τῷ
3366 5455 3514 5524 τόπῳ
3543 5450 3738 5516 τούτῳη

2207 5547 2300 5598 καὶ
2357 5545 2519 5598 πάλιν
2565 5541 2732 5599 εἶπεν·
2767 5565 2784 5596 ι
2838 5547 2925 5608 Ὡς
2969 5545 3196 5616 φοϐερὸς
3237 5548 3266 5599 6
3305 5546 3464 5608 τότ-ως
3485 5537 3740 5604 οὖτος.οὐκ

2211 5637 2322 5690 ἐστι
2361 5637 2519 5691 τοῦτο
2567 5637 2678 5691 ἀλλ’
2711 5638 2744 5708 ἢ
2779 5631 2926 5700 οἶκος
2953 5635 3050 5702 τοῦ
3085 5635 3249 5690 Θεοῦ·
3283 5639 3376 5692 καὶ
3411 5637 3546 5706 αὐτὴ
3569 5637 3599 5704 ἡ
3625 5629 3737 5698 πύλη

597 5813 642 5844 ³⁸
679 5811 834 5868 Joan.
870 5831 1014 5876 xv",
1048 5817 1100 5869 ὖ.
1177 5815 1244 5846 ³³·
1285 5813 1442 5868 Deut.
1477 5831 1662 5875 xxxu.
1698 5817 1786 5870 39.
1865 5817 1909 5848 ³⁸
1949 5817 2097 5873 Joan.

2239 5817 2331 5873 50.
2409 5818 2474 5848 ³⁸⁸
2505 5818 2632 5872 ibid.
2671 5819 2758 5872 58.
2837 5819 2882 5850 ⁸ο
2909 5819 3064 5873 Joan.
3105 5837 3214 5882 xlv,
3253 5823 3284 5875 9
3385 5811 3734 5878 “'Joau.t,l-

525 5881 570 5914 "
615 5882 783 5938 Exod.
825 5901 1028 5952 xxxiii,
1065 5885 1152 5942 ‘21.
1231 5887 1297 5918 “'
1340 5885 1508 5940 lCor.
1539 5902 1594 5952 ιι,
1626 5887 1681 5943 4.
1763 5887 1806 5918 ⁵⁸
1849 5887 1982 5944 Gen.
2019 5905 2097 5945 xx

2202 5930 2214 5954 ,
2249 5891 2336 5944 10.
2415 5889 2480 5920 δ”
2521 5889 2654 5944 ibid.
2693 5892 2779 5946 16.
2859 5891 2902 5922 ⁸³
2943 5890 3073 5946 ibid.
3115 5891 3198 5947 Π.
3297 5923 3306 5933 -
