3954 6510
220 479 358 539 1069
1277 478 1573 543 ECLOGE
1608 486 1794 541 PROP]

1901 485 2080 542 l‘lCrE.
2119 516 2188 525 —
2227 481 2352 539 LIB.
2394 475 2434 538 Ι.
3337 480 3473 542 i070

216 603 308 656 τοῦ
343 597 599 675 οὐρανούς
652 622 670 653 ι
716 598 876 658 Ἀλλά
909 604 1003 658 καί⁸
1030 604 1081 658 τί
1127 604 1187 658 τὸ
1220 607 1509 678 πρόσωπον
1540 608 1632 660 τοῦ
1660 607 1794 662 Θεοῦ

1907 614 1966 658 ut
1992 605 2230 660 humana
2290 605 2455 659 nimis
2505 603 2933 674 corporalisque,
2966 601 3472 672 intueri;quzenatn

214 694 416 763 Λόγου,
433 695 462 746 ὃ
491 695 563 766 μὴ
580 694 801 748 δύναται
818 697 1057 767 Μωῦσῆς
1079 699 1106 749 6
1133 698 1313 768 νόμος,
1346 699 1439 752 ἆτε
1466 698 1801 770 ἀνθρώπινος

215 784 310 836 καὶ
343 783 800 856 σωματικώτερος
817 786 912 850 ὢν,
945 787 1168 858 θεωρεῖν
1189 805 1201 818 ·
1235 789 1359 842 τίνα
1387 807 1444 842 τε
1477 789 1544 843 τά
1577 792 1798 845 ὀπίσθια

215 875 407 938 αὐτοῦ,
440 875 476 928 ἃ.
511 877 671 946 μόνον
703 881 900 949 χωρεῖν
928 875 1037 942 οἷός
1064 896 1121 932 τε
1161 876 1230 950 ἦν
1259 882 1288 932 6
1316 883 1540 945 τυπικὸς
1571 884 1664 936 καλ⁸
1692 883 1800 938 τῶν

215 967 426 1037 νοητῶν
461 968 801 1039 συμϐολικῶς
828 969 964 1038 (κὸς)
993 971 1183 1041 νόμος·
1228 970 1344 1035 πῶς
1381 991 1437 1027 τε
1476 973 1687 1046 εἴρηται
1715 973 1795 1040 τὸ,

222 1079 239 1107 ‹
276 1058 552 1111 Σκεπὰσω
596 1063 660 1129 τῇ
698 1061 840 1130 χειρί
877 1079 979 1132 μου
1023 1062 1114 1115 ἐπὶ
1147 1063 1224 1127 σὲ,
1269 1083 1286 1115 ι
1323 1059 1673 1136 καλύμματος
1703 1068 1798 1121 καὶ

216 1151 430 1221 σκέπης
484 1151 856 1222 ἐπιτιθεμένου
903 1152 980 1223 τῷ
1022 1153 1200 1224 νόμῳ,
1263 1155 1337 1218 ὡς
1393 1157 1479 1210 διὰ
1537 1157 1695 1211 τοῦτο
1740 1153 1798 1211 τὸ

216 1242 484 1312 κάλυμμα
514 1242 582 1294 τά
617 1245 712 1313 μὲν
741 1243 913 1298 ὀπίσω
942 1243 1197 1299 δύνασθαι
1225 1249 1379 1318 ὁρᾷν,
1415 1249 1594 1303 οὐκέτι
1639 1251 1694 1305 δὲ
1731 1251 1801 1306 τὰ

217 1335 609 1407 προηγούμενα
650 1332 742 1389 καὶ
793 1337 1150 1409 διαφέροντα·
1189 1339 1296 1412 ἰδίᾳ.
1340 1341 1481 1395 κατὰ
1514 1342 1723 1416 καιρὸν,
1754 1337 1799 1414 ᾧ

218 1427 373 1498 μέλει
399 1428 496 1498 τῆς
511 1424 716 1482 τούτων
748 1428 996 1501 ἐρεύνης,
1032 1432 1331 1503 ἐπιστήσας
1358 1434 1585 1490 εἴσεται.

750 1537 1144 1596 ΚΕΦΛΛΑῘΟΝ
1178 1545 1274 1598 II".

228 1625 325 1681 Ἐκ
345 1627 466 1682 τῶν
507 1629 780 1700 Ἀριθμῶν
809 1627 918 1700 τῆς
940 1635 1106 1702 γ’τοῦ
1138 1637 1385 1705 Βαλαὰμ
1412 1639 1792 1707 προφητείας.

293 1741 313 1772 ‹
367 1720 731 1786 Ἐξελεύσεται
752 1724 1036 1796 ἄνθρωπος
1058 1729 1120 1779 ἐκ
1149 1729 1242 1780 τοῦ
1266 1729 1576 1800 σπέρματος
1609 1730 1795 1794 αὐτοῦ,

216 1813 311 1864 καὶ
343 1814 622 1884 κυριεύσει
661 1817 828 1868 ἐθνῶν
855 1817 1094 1872 πολλῶνν
1123 1820 1215 1872 καὶ
1250 1819 1590 1894 ὑψωθήσεται
1617 1825 1648 1894 ἡ
1676 1823 1798 1892 Γὼγ

1901 702 1954 749 et
1980 704 2130 765 terga
2173 695 2319 764 ejus,
2368 710 2488 765 quae
2528 703 2738 750 tantum
2772 695 3089 764 conspicere
3133 695 3346 748 valebat
3385 702 3472 766 ty-

1900 790 2022 860 pica
2054 798 2108 844 et
2135 789 2476 860 spiritalium
2507 789 2803 860 symliolica
2843 788 2962 852 lex;
2995 789 3268 857 quomodo
3319 786 3472 841 dicae

1899 886 2028 936 tur:
2060 900 2077 930 ι
2108 879 2396 950 Protegam
2445 887 2499 934 te
2545 881 2764 935 dextera
2805 893 2945 940 mea,
2979 898 2998 931 ι
3031 878 3188 948 quasi
3249 879 3370 934 velo
3418 888 3473 934 et

1902 973 2141 1041 tegmine
2173 973 2271 1041 legi
2304 970 2563 1035 obducto,
2595 979 2654 1026 ut
2677 988 2772 1042 per
2797 972 2927 1026 illud
2954 973 3129 1026 velum
3163 972 3469 1041 posteriora

1899 1064 2075 1134 possit
2112 1065 2381 1133 aspicere,
2435 1079 2543 1119 non
2592 1073 2772 1119 autem
2821 1065 3093 1120 anteriora
3142 1074 3197 1120 et
3232 1064 3464 1135 potiora,

1903 1157 2222 1227 singulatim
2257 1159 2312 1210 in
2345 1163 2589 1226 tempore
2622 1170 2934 1227 opportuno
2976 1158 3142 1227 hujus
3173 1145 3469 1230 investiga-

1898 1246 2065 1302 tionis
2099 1247 2362 1304 studiosis
2403 1248 2800 1318 explanabitur.

2483 1525 2710 1588 CAPUT
2746 1527 2882 1588 Xlli.

2059 1621 2140 1683 Ea:
2172 1621 2531 1684 Numerorum
2559 1631 2969 1684 tertia'Balaam
3003 1624 3289 1699 prophetia.

1977 1740 1996 1774 ‹
2035 1713 2356 1792 Egredietur
2387 1724 2548 1777 homo
2574 1723 2640 1777 de
2665 1724 2872 1778 semine
2905 1724 3043 1803 ejus,
3087 1732 3139 1777 et
3164 1715 3469 1778 dominabiJ

1899 1821 1988 1868 tur
2021 1817 2074 1868 in
2115 1817 2367 1885 gentibus
2404 1817 2614 1870 multis.
2646 1815 2892 1869 Tolle-tur
2941 1815 3088 1887 Agag
3116 1831 3208 1870 rex
3242 1817 3385 1884 ejus,
3416 1813 3472 1871 et

217 1903 490 1972 βασιλεία,
539 1905 632 1958 καὶ
674 1906 1036 1978 αὐξηθήσεται
1079 1908 1112 1979 ἡ
1165 1909 1408 1980 βασιλεία
1437 1906 1628 1967 αὐτοῦ·
1667 1911 1794 1979 Θεὸς

1901 1906 2181 1960 auferetur
2210 1923 2434 1977 regnum
2467 1909 2630 1960 illius.
2680 1901 2822 1962 Deus
2863 1905 3050 1961 eduxit
3084 1907 3232 1960 illum
3276 1905 3342 1961 de
3373 1905 3472 1960 ΑΕΔ

213 1993 505 2065 ὡδήγησεν
542 1997 704 2050 αὑτὸν
729 1998 788 2063 ἐξ
811 2000 1104 2068 Αἰγύπτου,
1139 1998 1212 2067 ὡς
1244 2004 1400 2068 δόξαν
1428 2005 1797 2078 μονοκέρωτος

216 2086 370 2156 αὐτῷ
389 2104 402 2116 ·
433 2087 608 2141 ἔδεται
632 2088 756 2160 ἔθνη
787 2089 995 2162 ἐχθρῶν
1022 2090 1206 2159 αύτού,
1233 2091 1325 2148 καὶ
1341 2095 1410 2148 τὰ
1438 2097 1584 2167 πάχη
1621 2098 1798 2150 αὐτῶν

219 2181 523 2249 ἐκμυελιεῖ,
545 2184 638 2234 καὶ
655 2186 771 2246 ταῖς
791 2182 992 2253 βολίσιν
1009 2187 1170 2240 αὑτοῦ
1201 2188 1550 2253 κατατοξεύει
1582 2190 1794 2260 ἐχθρόν.

217 2270 589 2334 Κατακλιθεὶς
627 2273 970 2326 ἀνεπαύσατο
1005 2273 1079 2338 ὡς
1107 2271 1262 2341 λέων,
1295 2279 1388 2330 καὶ
1420 2279 1494 2341 ὼς
1522 2279 1793 2348 σκύμνος·

215 2367 298 2430 τίς
322 2369 618 2440 ἀναστήσει
651 2366 850 2434 αύτόνς
885 2372 933 2423 οἱ
960 2369 1304 2439 εὐλογοῦντες
1340 2389 1419 2437 σε,
1451 2374 1793 2446 ηὑλόγηνται·

217 2460 312 2512 καὶ
368 2461 419 2511 οἱ
474 2461 851 2532 καταρώμενοί
910 2481 988 2526 σε,
1035 2466 1468 2536 κεκατήρανται.¹
1502 2486 1520 2518 ι
1567 2467 1799 2538 Χριστός

217 2552 368 2602 ἐστιν
400 2553 429 2602 6
462 2554 526 2605 ἐκ
553 2553 862 2625 σπέρματος
908 2555 1121 2625 Ἰσραὴλ
1144 2556 1203 2608 τὸ
1226 2558 1364 2610 κατά
1399 2558 1577 2631 σάρκα
1607 2578 1798 2633 γεννη-

217 2643 352 2706 θεὶς,
389 2644 482 2695 καὶ
517 2645 808 2716 κυριεύσας
848 2647 1014 2700 ἐθνῶν
1035 2649 1243 2702 πολλῶν
1264 2667 1277 2680 ·
1312 2651 1459 2704 ποῖον
1491 2653 1598 2724 γὰρ
1627 2655 1800 2728 ὑπῆρ-

219 2733 309 2797 ξεν
341 2735 490 2798 ἔθνος
518 2736 792 2805 ἀγνοῆσαν
830 2739 930 2808 τὴν
965 2741 1053 2792 ὑπ’
1091 2742 1250 2794 αὐτὸν
1281 2742 1543 2809 δουλείαν,
1581 2748 1658 2811 είς
1696 2751 1800 2801 πᾶ-

219 2836 322 2874 σαν
346 2824 443 2894 τὴν
460 2825 563 2896 γῆν
580 2825 884 2892 ἐξελθόντος
905 2829 996 2882 τοῦ
1016 2829 1173 2898 λόγου
1201 2833 1309 2884 τῶν
1332 2833 1587 2906 μαθητῶν
1609 2839 1794 2904 αὑτοῦ,

217 2917 316 2969 καὶ
341 2918 420 2980 εἰς
452 2917 523 2970 τὰ
551 2921 840 2991 σπέρματα
886 2924 982 2993 τῆς
1007 2926 1331 2998 οἰκουμένης
1381 2929 1490 2982 τῶν
1540 2929 1798 3002 ῥημάτων

215 3007 437 3098 αύτῶν;
474 3011 632 3081 Παρά
660 3015 710 3081 γ’
760 3010 852 3068 οὖν
895 3015 1164 3081 πλείστοις
1197 3019 1288 3072 καὶ
1318 3021 1496 3075 αὐτῶν
1525 3023 1634 3077 τῶν
1666 3025 1800 3098 βαρ-

215 3091 408 3171 ϐάρων
435 3101 659 3167 πολλοὺς
685 3104 830 3159 ἐστιν
872 3107 998 3159 ίδεῖν
1024 3109 1110 3162 διὰ
1141 3109 1239 3181 τῆς
1277 3115 1355 3176 εἰς
1378 3110 1540 3168 αὐτὸν
1565 3091 1798 3184 πίστεως

216 3190 317 3243 ἐπὶ
350 3193 450 3262 τὴν
475 3193 570 3246 τοῦ
595 3195 710 3259 ἐνὸς
735 3195 867 3250 Θεοῦ
898 3198 959 3268 (1⁵.
985 3197 1071 3269 l3)
1101 3203 1300 3269 γνῶσιν
1335 3199 1676 3276 ἐληλυθότας,
1704 3213 1797 3264 καὶ

216 3283 365 3354 ὑπερ
408 3283 506 3356 τῆς
564 3288 644 3350 εἰς
684 3285 842 3340 αὐτὸν
885 3288 1166 3355 εὐσεϐείας
1201 3297 1459 3359 παντοίας
1499 3298 1657 3369 μέχρι
1703 3301 1794 3353 καὶ

1901 3279 2150 3334 eumdem
2175 3281 2373 3348 pietate
2403 3289 2566 3332 omne.
2583 3285 2976 3332 tormentomm
2999 3293 3170 3347 genus
3221 3285 3474 3333 mortem-

215 3373 453 3431 θανάτου
497 3378 746 3444 κολάσεις
787 3381 1204 3452 ὑπομείναντας.
1239 3387 1422 3458 Πέρας
1461 3389 1656 3460 ἔχουσα
1690 3393 1799 3445 τοί-

213 3483 315 3519 νυν
353 3466 448 3520 καὶ
480 3467 618 3538 αὕτη
649 3469 832 3538 σαφῶς
864 3473 896 3542 ἠ
927 3475 1231 3543 προφητεία
1265 3477 1356 3530 ἐπὶ
1395 3475 1488 3531 τού
1531 3481 1796 3553 ἡμετέρου

214 3554 476 3628 Σωτῆρος
507 3559 921 3615 ἀποδείκνυται·
950 3559 982 3634 ἢ
1027 3568 1355 3639 παραστήτω
1381 3582 1464 3633 τις
1490 3571 1646 3635 ἄλλος
1676 3575 1799 3627 ἐπι-

215 3649 438 3712 δεικνὺς
465 3652 558 3704 ἐπί
588 3651 709 3704 τίνα
759 3653 824 3706 ἂν
848 3653 1018 3708 ταῦτα
1045 3658 1397 3730 ἀναφέροιτο·
1432 3656 1553 3714 καθ’
1577 3663 1723 3734 ἡμᾶς
1743 3664 1798 3718 δὲ

216 3739 508 3812 πρόδηλον,
557 3741 632 3805 ὡς
686 3742 780 3795 καὶ
823 3743 1044 3808 αύξεται
1087 3743 1357 3819 ὁσημέραι
1399 3747 1492 3800 τοῦ
1545 3750 1797 3821 Σωτῆρος

214 3829 378 3899 ἡμῶν
414 3832 446 3901 ἡ
489 3833 652 3905 νοητὴ
683 3834 924 3904 βασιλεία
958 3853 1017 3888 τε
1044 3838 1138 3890 καὶ
1177 3839 1462 3894 δεσποτεία
1493 3841 1643 3913 παρὰ
1675 3847 1795 3907 ταῖς

215 3917 644 3992 ὑποδεξαμέναις
692 3926 781 3979 τὸν
829 3927 982 3997 λόγον
1029 3931 1192 3984 αὐτοῦ
1236 3931 1466 4002 ψυχαῖς·
1500 3929 1688 4005 ὑψώθη
1739 3935 1796 3987 δέ

214 4013 363 4066 κατὰ
407 4016 505 4085 τὴν
544 4018 845 4087 παρουσίαν
890 4021 1053 4075 αὑτοῦ
1088 4023 1180 4076 καὶ
1215 4025 1246 4094 ἡ
1278 4021 1399 4092 Γὼγ
1433 4023 1695 4095 βασιλεία,
1727 4027 1796 4097 ἣν

214 4103 552 4176 ὑπειλήφασί
595 4126 739 4174 τινες
793 4107 930 4165 εἶναι
985 4115 1082 4184 τὴν
1137 4116 1420 4185 Ῥωμαίων
1463 4119 1791 4188 ἡγεμονίαν,

213 4196 364 4250 ἄλλοι
392 4197 448 4251 δέ
474 4201 748 4270 τροπικῶς
801 4203 898 4275 τὴν
939 4205 1077 4258 κατὰ
1105 4207 1164 4259 τὸ
1196 4208 1525 4276 Εύαγγέλιον
1558 4209 1796 4280 ἐπουρά-

211 4305 324 4342 νιον
370 4291 663 4350 πολιτείαν,
705 4293 800 4348 καὶ
847 4295 942 4366 τὴν
983 4297 1089 4350 τῶν
1119 4297 1322 4370 νοητῶν
1347 4300 1630 4370 δογμάτων
1663 4301 1796 4354 θεω-

215 4377 358 4449 ρίαν,
413 4379 499 4432 διά
553 4382 711 4435 τοῦτο
729 4383 899 4471 :l‘t‘oy,
919 4386 1055 4458 ὅπερ
1103 4386 1462 4460 ἑρμηνεύεται
1507 4389 1792 4461 δόγματα,

213 4468 572 4540 σημαίνεσθαι
605 4468 950 4546 ἐξειλήφασιν
973 4494 986 4506 ·
1013 4477 1144 4531 ἀλλά
1173 4483 1267 4532 καὶ
1295 4483 1323 4533 6
1347 4480 1478 4545 Θεὸς
1514 4481 1793 4554 ὡδήγησεν

211 4561 376 4613 αὐτὸν
427 4563 484 4628 ἐξ
542 4566 839 4633 Αἰγύπτου,
883 4567 1061 4640 ῥητῶς
1104 4571 1200 4639 μὲν
1230 4572 1318 4624 ὅτε
1346 4573 1736 4644 χρηματισθεὶς
1765 4576 1792 4628 6

1901 2005 2087 2068 gypto,
2121 1996 2282 2064 cujus
2315 1990 2579 2051 fortitudo
2607 1995 2801 2050 similis
2833 1999 2917 2050 est
2950 1995 3332 2049 rbinocerdtis.
3369 1991 3472 2048 Dea

1901 2087 2172 2142 vorabunt
2204 2097 2388 2156 gentes
2413 2087 2600 2141 hostes
2631 2087 2799 2150 illius,
2837 2101 3070 2155 ossaque
3093 2094 3282 2141 eorum
3333 2096 3471 2138 cott-

1903 2174 2140 2248 fringent
2166 2185 2220 2232 et
2251 2177 2604 2248 perforabunt
2635 2178 2870 2248 sagittis.
2903 2177 3194 2232 Accubans
3211 2176 3470 2230 dormivit

1901 2279 1960 2325 ut
1995 2269 2075 2326 leo
2104 2279 2158 2326 et
2199 2271 2355 2340 quasi
2383 2271 2556 2325 leonis
2589 2271 2824 2325 catulus.
2859 2269 2991 2335 Quis
3034 2285 3157 2324 eum
3201 2268 3472 2324 suscitare

1901 2365 2163 2419 audebit?
2189 2361 2290 2429 Qui
2326 2359 2699 2417 benedlxerint
2728 2363 2849 2426 tibi,
2879 2369 3037 2417 erunt
3066 2368 3119 2416 et
3172 2360 3273 2431 ipsi
3306 2361 3472 2415 bene-

1900 2455 2054 2519 dicti;
2090 2456 2179 2524 qui
2207 2453 2605 2517 maledixeriut,
2638 2453 2691 2508 in
2722 2455 3100 2508 maledictione
3132 2452 3470 2523 reputabum

1900 2551 1988 2596 tur
2007 2543 2094 2597 ⁸³⁸.
2120 2563 2137 2594 ι
2160 2543 2413 2599 Christus
2436 2554 2518 2598 est
2535 2545 2625 2612 qui
2654 2558 2716 2598 ex
2744 2544 2907 2598 Israel
2938 2544 3145 2598 semine
3168 2543 3470 2598 secundum

1901 2647 2120 2690 carnem
2177 2643 2339 2690 natus
2363 2675 2376 2699 ,
2415 2635 2710 2706 multisque
2740 2636 2991 2704 gentibus
3017 2637 3330 2690 dominatris
3362 2642 3469 2693 est.

1901 2725 2158 2793 Quaenam
2205 2729 2350 2782 enim
2389 2743 2521 2798 gens
2572 2743 2679 2781 non
2728 2727 2986 2780 ditionem
3014 2727 3133 2797 ejus
3164 2727 3466 2798 agnoverit,

1902 2818 1956 2872 in
1988 2834 2204 2873 omnem
2235 2827 2436 2874 terram
2463 2817 2664 2874 diti‘uso
2698 2818 3090 2888 discipulorum
3119 2815 3239 2888 ejus
3277 2819 3468 2882 verbo,

1902 2908 2490 2980 praadicationibusque
2543 2923 2730 2962 eorum
2760 2909 2914 2978 quasi
2941 2908 3241 2964 seminibus
3272 2910 3323 2962 in
3349 2910 3472 2965 uni:

1900 3016 2060 3057 versa
2111 3009 2252 3056 terra
2298 2999 2736 3072 sparsis?lgitur
2762 3001 2907 3072 apud
2963 3003 3256 3072 plerosque
3304 3003 3468 3058 etiam

1901 3091 2258 3147 barbarorum
2294 3092 2495 3146 multos
2525 3091 2710 3146 videre
2743 3101 2828 3146 est
2877 3092 2970 3162 qui
3007 3106 3105 3146 sua
3136 3092 3190 3145 in
3216 3108 3340 3146 eum
3367 3092 3471 3148 ﬁde

1901 3186 1967 3240 ad
2012 3183 2107 3240 Dei
2159 3185 2322 3240 unius
2369 3184 2654 3239 scientiam
2713 3194 3111 3254 pervenerunt,
3164 3200 3373 3256 suaque
3415 3185 3471 3240 in

1900 3384 2006 3438 que
2066 3370 2240 3438 ipsam
2297 3369 2699 3424 sustinuerunt.
2770 3369 3131 3438 Apertissime
3188 3368 3355 3438 igitur
3401 3366 3471 3422 ad

1901 3461 2238 3516 Salvator-exn
2281 3471 2529 3516 nostrum
2563 3460 2678 3515 haec
2709 3469 2920 3529 spectat
2953 3459 3257 3530 prephetia.
3292 3458 3348 3514 Si
3379 3457 3469 3514 cui

1899 3553 2124 3609 dubium
2166 3554 2434 3617 videatur,
2469 3552 2594 3613 alia,
2630 3553 2790 3614 libet,
2828 3563 3164 3622 proponatur
3201 3553 3474 3622 interpreo

1900 3644 2054 3699 talio.
2087 3643 2253 3699 Nobis
2283 3651 2461 3697 autem
2479 3642 2824 3713 perspicuum
2857 3651 2942 3698 est
2971 3659 3221 3699 crescere
3248 3643 3301 3697 in
3326 3643 3468 3699 diem

1900 3736 2144 3806 spiritale
2177 3735 2483 3790 Salvatoris
2515 3735 2688 3789 nostri
2726 3750 2951 3804 regnum
3006 3735 3059 3789 in
3114 3734 3310 3788 animis
3343 3747 3467 3804 quat

1897 3829 2122 3885 verbum
2157 3828 2277 3899 ejus
2309 3833 2658 3898 acceperunt.
2687 3825 2895 3881 Elatum
2925 3834 3010 3881 est
3031 3827 3151 3897 ejus
3178 3827 3467 3896 prazsentil

1897 3923 2046 3993 Agag
2093 3934 2339 3992 regnum,
2369 3920 2513 3990 quod
2559 3919 2779 3990 quidam
2822 3919 3121 3973 Romanum
3179 3919 3466 3990 imperium

1898 4015 2237 4086 interpretati
2265 4025 2410 4077 sunt,
2435 4013 2524 4067 alii
2546 4029 2672 4067 vero
2691 4012 2977 4082 allegorice
2997 4013 3274 4067 caelestem
3292 4011 3470 4066 Evam-

1897 4108 2021 4179 gelii
2053 4107 2444 4177 rempublicam
2483 4116 2536 4160 et
2571 4105 2897 4175 spiritalium
2923 4105 3236 4174 dogmatum
3272 4119 3468 4173 specu-

1897 4199 2152 4252 lationem
2176 4237 2192 4261 ,
2235 4195 2350 4268 Gog
2381 4199 2534 4267 (sive
2561 4197 2741 4266 Agag)
2787 4195 3033 4264 dogmata
3100 4193 3463 4264 signiﬁcante.

1898 4289 2003 4343 Sed
2031 4297 2085 4343 et
2111 4288 2251 4344 Deus
2288 4288 2476 4342 edaxit
2504 4303 2626 4343 eum
2665 4287 2732 4342 de
2764 4271 3020 4357 Egypto,
3058 4286 3310 4341 videlicet
3338 4300 3465 4341 cum

1896 4380 2136 4450 Joseph,
2203 4379 2387 4433 divina
2448 4379 2790 4449 apparitione
2843 4378 3193 4441 admonitus,
3239 4376 3463 4432 Mariam

1895 4490 2016 4530 cum
2050 4488 2219 4543 puero
2250 4473 2466 4528 reduxit
2498 4474 2551 4526 in
2590 4481 2791 4526 terram
2822 4471 3012 4536 lsrael,
3044 4478 3105 4524 ut
3147 4470 3261 4524 haec
3315 4484 3467 4524 com-

1896 4567 2136 4637 pleretur
2179 4580 2392 4620 necnon
2454 4564 2613 4626 Osee,
2674 4562 2973 4618 secundum
3026 4561 3351 4616 Hebraicum
3412 4566 3465 4616 et

222 4659 424 4729 Ἰωσὴφ
480 4660 539 4724 ἐξ
582 4663 856 4731 Αἰγύπτου
893 4662 1217 4734 παραλαϐὼν
1261 4667 1358 4737 τὴν
1393 4669 1626 4739 Μαριὰμ
1673 4670 1788 4739 ἅμα

1901 4659 2100 4730 Aquila:
2145 4657 2684 4727 interpretationem,
2729 4653 3014 4725 prophetia
3048 4653 3238 4708 dicens
3273 4667 3285 4703 :
3327 4669 3346 4702 ι
3382 4652 3466 4707 Ab

207 4749 290 4818 τῷ
317 4751 467 4804 παιδὶ
511 4753 682 4823 Ἰησοῦ
718 4755 1052 4826 ὑπέστρεψεν
1076 4759 1153 4819 είς
1173 4759 1273 4827 γῆν
1311 4759 1525 4831 Ἰσραὴλ
1549 4761 1788 4832 πληρου-

212 4840 382 4909 μένης
417 4843 514 4911 τῆς
547 4859 606 4894 τε
635 4843 727 4898 νῦν
754 4846 848 4898 καὶ
880 4847 981 4916 τῆς
1017 4850 1075 4900 ἐν
1118 4849 1274 4921 Ὠσηέ
1295 4850 1434 4902 κατά
1468 4849 1530 4903 τδ
1573 4846 1788 4922 Ἐϐραῖ-

207 4930 311 4982 κον
340 4932 434 4984 καὶ
464 4935 564 5005 τὴν
607 4936 828 4990 Ἀκύλου
856 4939 1149 5010 ἑρμηνείαν
1184 4942 1519 5011 προφητείας
1545 4944 1784 5012 φασκού-

209 5038 332 5091 σης,
377 5045 395 5075 ι
444 5026 534 5092 Ἐξ
582 5027 854 5095 Αἰγύπτου
892 5029 1123 5082 ἐκάλεσα
1162 5030 1253 5083 τὸν
1302 5028 1416 5084 υίὸν
1461 5050 1593 5103 μου·
1637 5055 1654 5084 ι
1693 5036 1788 5087 καὶ

205 5115 354 5168 κατά
387 5115 624 5170 διάνοιαν
655 5118 732 5182 δὲ,
784 5119 1018 5190 ὁπηνίκα
1060 5123 1123 5173 ἐκ
1159 5123 1260 5190 τῆς
1291 5123 1486 5193 νοητῆς
1512 5125 1786 5192 Αίγύπτου

1894 4750 2129 4822 A‘ngpto
2187 4749 2374 4804 vocavi
2429 4748 2595 4801 tilium
2648 4761 2828 4800 meum
2849 4744 2917 4812 δὴ
2954 4762 2971 4795 ι
3006 4751 3060 4798 at
3110 4760 3140 4798 e
3195 4743 3462 4800 sententia

1897 4853 2101 4907 nostra,
2130 4859 2253 4897 cum
2288 4841 2358 4896 ab
2388 4839 2626 4911 Egypto
2656 4836 2891 4908 spiritali
2924 4844 2978 4890 ct
3007 4837 3144 4891 locis
3187 4834 3466 4891 terrestrid

1900 4937 2005 4992 bus
2038 4937 2105 4991 ad
2135 4937 2304 4991 cmlos
2320 4933 2481 4988 Pater
2497 4947 2619 4987 eum
2633 4930 2840 4986 eduxit.
2875 4948 2893 4980 ‹
2913 4928 3198 4984 Fortitudo
3223 4949 3241 4981 ι
3280 4938 3463 4984 autem

1900 5049 1919 5083 ι
1944 5028 2307 5085 rhinocerotis
2330 5048 2346 5079 ι
2371 5028 2423 5080 in
2455 5024 2741 5080 Salvatore
2768 5023 2946 5077 innuit
2964 5021 3218 5077 deitatem
3250 5020 3462 5092 paterni

1895 5124 2048 5194 regni
2075 5136 2196 5192 quae
2218 5131 2300 5176 est
2335 5119 2387 5174 in
2411 5135 2496 5175 eo.

207 5209 303 5259 καὶ
324 5207 431 5261 τῶν
468 5208 592 5280 τῇδε
644 5211 825 5265 τόπων
857 5213 948 5265 ἐπὶ
971 5215 1098 5277 τοὺς
1132 5215 1394 5286 οὐρανοὺς
1425 5216 1538 5286 ἅμα
1570 5218 1860 5288 λαμῦάνων
1892 5217 2050 5272 αὑτὸν
2071 5219 2099 5270 ὁ
2159 5214 2347 5286 Πατὴρ
2385 5213 2696 5284 ὡδήγησεν·
2736 5215 2768 5282 ἡ
2833 5211 2890 5263 δέ
2924 5207 3184 5280 λεγομένη
3249 5225 3268 5258 ο
3335 5205 3460 5272 δόξα

209 5303 598 5374 μονοκερώτων
636 5324 655 5356 ι
693 5308 749 5359 ἐν
775 5307 851 5377 τῷ
874 5309 1082 5381 Σωτῆρι
1126 5311 1224 5381 τὴν
1263 5313 1319 5363 ἐν
1370 5312 1517 5383 αὐτῷ
1552 5313 1779 5385 θεότητα
1815 5317 1914 5386 τῆς
1937 5311 2206 5384 πατρικῆς
2233 5309 2524 5363 αἰνίττεται
2556 5306 2870 5378 μοναρχίας.

279 5395 436 5448 Μετά
462 5395 632 5450 ταῦτα
660 5394 894 5468 εἴρηται,
914 5421 932 5450 ι
964 5401 1137 5454 ἔδεται
1166 5403 1289 5475 ἔθνη
1321 5405 1529 5475 ἐχθρῶν
1554 5405 1717 5459 αὑτοῦ
1738 5417 1784 5459 ⁸»

202 5488 306 5541 ὅσα
339 5488 448 5560 γὰρ
474 5489 578 5542 ὑπὸ
608 5490 705 5561 τὴν
737 5491 956 5564 διδαχὴν
990 5492 1153 5547 αὐτοῦ
1183 5496 1406 5564 γέγονεν
1439 5496 1587 5567 ἔθνη,
1619 5498 1788 5552 ταῦτα

205 5581 474 5650 πρότερον
505 5583 662 5654 μερὶς
690 5584 1026 5652 τυγχάνοντα
1059 5587 1167 5638 τῶν
1190 5587 1398 5659 ἐχθρῶν
1434 5588 1618 5647 αὑτοῦ,
1652 5591 1788 5659 μετά

202 5673 302 5742 τὴν
353 5677 432 5737 είς
484 5674 647 5728 αὐτὸν
701 5675 883 5728 πίστιν
939 5677 1214 5748 ἐπιτήδεια
1252 5680 1438 5752 ῶσπερ
1478 5685 1557 5745 εἰς
1584 5681 1786 5751 βρῶσιν

202 5764 385 5835 ἑαυτῷ
429 5766 830 5821 κατεσκεύασε·
873 5768 942 5820 τά
987 5768 1084 5840 μὲν
1114 5771 1282 5840 πάχη,
1324 5772 1468 5825 τοῦτ’
1511 5774 1627 5828 ἔστι
1679 5775 1786 5829 πᾶν

389 5923 553 5978 Num.
590 5940 738 5992 Inv,
777 5924 808 5978 7
839 5925 892 5980 9.
971 5928 1015 5958 “
1053 5925 1178 5985 Osca
1218 5943 1294 5996 xu,
1329 5927 1378 5984 1.

1957 5406 2092 5460 Post
2125 5405 2236 5457 haec
2259 5401 2483 5464 dicitur,
2519 5419 2538 5451 ‹
2572 5399 2920 5454 Devorabunt
2943 5402 3132 5467 gentes
3175 5394 3364 5450 hostes
3397 5393 3463 5445 il-

1887 5497 2014 5552 lius.
2057 5517 2073 5548 I
2110 5494 2460 5563 Qumcunque
2487 5493 2590 5548 sub
2619 5491 2739 5560 ejus
2767 5489 3055 5559 disciplina
3087 5488 3309 5543 fuerunt
3336 5501 3463 5556 gen.

1886 5599 1989 5650 tes,
2025 5604 2147 5641 cum
2184 5587 2336 5657 prius
2371 5585 2550 5654 praeda
2574 5584 2825 5638 hostibus
2860 5582 3053 5636 devota
3075 5588 3284 5639 essent,
3312 5591 3461 5634 num

1885 5681 1989 5736 ﬁde
2013 5681 2066 5734 iu
2099 5695 2221 5735 eum
2255 5685 2498 5748 accepta,
2533 5677 2636 5746 ipsi
2669 5675 2827 5732 facta:
2854 5683 2982 5730 sunt
3025 5673 3182 5744 quasi
3213 5685 3335 5728 esca
3363 5685 3459 5740 pan-

1885 5782 2023 5830 rata.
2059 5772 2196 5830 Ossa
2220 5787 2370 5839 vero,
2403 5771 2457 5828 id
2503 5779 2588 5826 est
2643 5768 3028 5840 quodcumque
3061 5766 3118 5822 in
3151 5765 3232 5821 eis
3262 5775 3450 5820 carna-
