3954 6500
173 410 311 463 I073

1203 399 1491 457 ECLOGA:
1534 396 2020 452 ΡΒΟΡΙΙΕΤΙΕᾸΞ.
2065 425 2135 439 --
2181 396 2306 453 LIB.
2345 396 2362 449 1

3276 383 3426 437 ιοῖε

170 524 289 576 καθ’
324 524 405 576 ὅτι
435 523 498 575 ἂν
536 520 858 592 ὲντείλωμαι
889 520 1052 591 αὐτῷ.
1086 521 1195 573 Καὶ
1223 523 1250 573 6
1287 520 1569 591 ἄνθρωπος
1597 519 1653 581 ὃς
1681 516 1734 570 ἂι

1852 518 1902 568 in
1928 516 2144 570 nomine
2184 531 2326 576 meo,
2362 514 2554 567 audire
2610 510 2866 573 noluerit,
2924 522 3023 579 ego
3086 508 3229 558 ultor
3270 503 3417 555 exsi-

171 617 244 687 μὴ
273 613 485 686 ἀκούσῃ
512 614 688 666 πάντα
711 614 809 665 ὅσα
847 612 911 665 ἂν
952 612 1155 683 λαλήσῃ
1187 612 1215 663 6
1256 613 1539 680 προφήτης
1560 612 1649 661 ἐπί
1670 609 1747 679 τῷ

167 706 389 777 ὀνόματί
417 703 662 776 μου,ὲγὼ
681 704 950 775 ἐκδικήσω
975 704 1032 768 ἐξ
1061 704 1256 757 αὐτῶν.
1293 724 1310 754 ›
1338 703 1445 754 Καὶ
1466 702 1516 753 τι
1547 701 1745 770 μᾶλλον

163 795 275 866 ἔχοι
300 812 387 857 τις
404 798 467 848 ὲκ
485 794 577 848 τοῦ
604 792 819 865 Ἰσραὴλ
837 792 975 846 κατά
998 792 1233 846 Μωῡσὲα
1267 792 1571 863 προφήτην,
1599 790 1741 842 τοῦτ’

164 887 279 939 ἐστι
334 885 652 957 νομοθέτην,
712 884 806 937 τοῦ
849 884 956 937 τῶν
1002 883 1303 955 ἀνθρώπων
1338 883 1526 951 γένους
1549 880 1735 933 ἀναδε-

162 970 448 1047 δειγμένον
475 977 757 1043 ἐπιδεῖξαι,
785 977 818 1048 ἢ
856 978 1012 1048 μόνον
1060 976 1266 1047 Ἰησοῦν
1291 975 1379 1028 τὸν
1412 976 1634 1043 Σωτῆρα
1652 974 1745 1025 καὶ

164 1069 369 1140 Κύριον
401 1067 577 1140 ἡμῶν,
612 1068 671 1132 ὃς
707 1070 805 1138 τῆς
851 1069 1056 1139 Καινῆς
1094 1066 1367 1136 Διαθήκης
1390 1065 1482 1117 τοῦ
1517 1064 1655 1117 κατὰ
1686 1063 1744 1116 τὸ

162 1161 499 1230 Ρῖῦαγγέλιον
534 1162 650 1231 βίου
678 1161 973 1231 νομοθέτης
1000 1161 1200 1214 ἅπασιν
1233 1160 1607 1227 ἀναπέφανται
1633 1160 1743 1220 τοῖς

161 1254 381 1319 ἔθνεσι,
440 1255 579 1308 κατά
620 1256 717 1324 τὴν
760 1255 818 1307 ἐν
866 1253 1065 1324 ψαλμῴ
1112 1254 1358 1324 φήσασαν
1402 1250 1742 1321 προφητικὴν

161 1346 362 1417 εὐχήν·
411 1367 428 1396 ι
474 1347 855 1415 Κατάστησον,
917 1346 1110 1415 Κύριε,
1170 1344 1468 1415 νομοθέτην
1524 1344 1737 1405 αὐτοῖς·

156 1436 455 1504 γνώτωσαν
509 1437 635 1507 ἔθνη
664 1437 744 1489 ὃτι
785 1435 1061 1507 ἄνθρωποί
1099 1435 1271 1501 εἰσιν;
1314 1454 1331 1485 ι
1366 1429 1530 1495 Οὗτος
1558 1434 1612 1485 δὲ
1651 1434 1743 1485 καὶ

157 1526 505 1595 ἑλυτρὼσατο
553 1530 652 1597 τῆς
686 1528 881 1597 νοητῆς
930 1524 1226 1592 Αἰγύπτου,
1270 1525 1363 1577 καὶ
1392 1525 1489 1595 τῆς
1522 1526 1576 1576 ἐν
1604 1525 1738 1593 αὐτῇ

157 1618 553 1680 πλινθοποιίας,
585 1619 684 1688 τῆς
733 1634 791 1669 τε
836 1619 1036 1687 πικρᾶς
1066 1616 1170 1668 ὑπὸ
1199 1616 1288 1668 τὸν
1320 1616 1504 1685 νοητὸν
1544 1614 1741 1685 Φαραῶ

153 1708 399 1773 δουλείας
455 1710 582 1772 τοὺς
627 1710 693 1761 δι’
753 1708 916 1761 αὐτοῦ
961 1707 1474 1779 προ(σ)εληλυθὸτας
1524 1706 1600 1775 τῷ
1632 1706 1739 1757 τῶν

151 1800 290 1854 ὅλων
325 1802 476 1872 Θεῷ·
510 1801 603 1854 καὶ
650 1800 825 1853 πάντα
866 1800 920 1852 δὲ
956 1799 1142 1861 ἁπλῶς
1174 1800 1242 1853 τά
1276 1798 1601 1870 σωματικῶς
1634 1797 1737 1849 ὑπὸ

150 1892 435 1955 Μωῦσέως
461 1894 740 1962 γεγονέναι
775 1893 1128 1964 ἱστορούμενα
1145 1891 1285 1945 κατὰ
1316 1892 1405 1944 τὸν
1433 1908 1731 1960 πνευματι-

150 1985 245 2038 κὺν
288 1986 457 2055 νόμον
505 1987 535 2038 6
589 1986 775 2056 Σωτὴρ
811 1986 904 2039 καὶ
957 1986 1157 2057 Κύριος
1197 1984 1354 2054 ἡμῶν
1389 1982 1733 2054 διεπράξατο.

160 2076 454 2145 Ἐλήλυθεν
484 2077 590 2147 ἄρα
627 2078 721 2130 καὶ
755 2078 782 2130 6
822 2078 1101 2145 διαϐόητος
1127 2076 1205 2128 ἔτι
1250 2076 1344 2128 καὶ
1376 2074 1471 2127 νῦν
1506 2075 1655 2144 παρὰ
1678 2091 1737 2126 τε

147 2166 465 2238 Σαμαρεῦσι
489 2170 580 2220 καὶ
595 2169 887 2232 Ἰουδαίοις,
904 2169 962 2221 ὃν
990 2170 1082 2221 καὶ
1108 2168 1348 2238 Μωῦσῆς
1374 2166 1737 2237 προεθέσπισε

146 2262 459 2329 προφήτης,
492 2262 618 2331 περὶ
672 2254 733 2313 οῦ
787 2260 1291 2332 προδιεμαρτύρατο
1313 2262 1341 2313 6
1371 2259 1502 2323 Θεὸς
1535 2259 1729 2327 λέγων’

150 2368 168 2397 σ
202 2350 316 2402 Καὶ
354 2352 382 2402 ό
410 2350 693 2421 ἄνθρωπος
719 2351 777 2414 ὃς
806 2351 900 2403 ὲάν
933 2352 1005 2422 μὴ
1046 2350 1253 2423 ἀκούσῃ
1280 2349 1455 2403 πάντα
1511 2351 1611 2402 ὅσα
1644 2349 1737 2402 ἐὰν

143 2441 358 2511 λαλήσῃ
398 2442 427 2493 6
454 2446 738 2513 προφήτης
768 2446 823 2495 ὲν
852 2442 928 2512 τῷ
966 2442 1190 2513 ὀνόματί
1223 2460 1345 2512 μου,
1379 2442 1648 2514 ἐκδικήσω
1678 2444 1737 2509 ἐξ

142 2534 334 2587 αὒτοῦ.
371 2552 389 2584 ι
434 2534 800 2604 Ἐκδεδὶκηταί
834 2536 885 2603 γ’
938 2531 1031 2588 οὖν
1078 2533 1139 2586 τὸ
1180 2530 1320 2606 αἷμα
1365 2536 1578 2588 πάντων
1629 2536 1736 2588 τῶν

142 2627 254 2678 ἀπὸ
290 2625 457 2678 Ἀδελ
480 2626 641 2697 μέχρι
682 2628 952 2697 Ζαχαρίου
1005 2626 1097 2678 τοῦ
1149 2626 1498 2695 φονευθέντος
1533 2628 1734 2696 μεταξὺ

140 2718 237 2773 τοῦ
264 2718 397 2773 ναοῦ
439 2722 533 2774 καὶ
581 2721 673 2774 τοῦ
702 2720 765 2791 (f.
798 2720 883 2787 Μ)
914 2719 1297 2791 θυσιαστηρίου
1324 2762 1337 2784 ,
1375 2722 1482 2773 ἀπὸ
1521 2722 1620 2791 τῆς
1646 2738 1737 2788 γε-

138 2813 270 2874 νεᾶς
306 2812 409 2882 τῆς
453 2814 593 2866 κατά
638 2812 889 2882 Σωτῆρος
936 2812 1323 2882 ὲπισυστάσης,
1375 2813 1468 2865 καὶ
1505 2813 1735 2881 μάλιστα

138 2902 251 2955 τῶν
282 2903 671 2975 τολμησάντων
706 2905 922 2971 ἀφεῖναι
957 2905 1076 2957 κατ’
1111 2905 1275 2957 αὑτοῦ
1300 2905 1397 2975 τὴν
1419 2924 1435 2955 ι
1467 2904 1731 2975 Σταύρου,

141 2994 384 3063 σταύρου
416 2993 607 3047 αὐτὸν»
637 2995 839 3065 φωνὴν,
861 3013 878 3044 ι
903 2990 1033 3064 Αἶρε
1058 2994 1165 3047 ἀπὸ
1190 2994 1288 3065 τῆς
1309 2994 1414 3063 γῆς
1440 2994 1532 3046 τὸν
1555 2994 1732 3047 τοιοῦ-

139 3101 252 3137 τον’
281 3085 343 3137 τὸ
368 3080 507 3154 αἷμα
531 3086 696 3139 αὐτοῦ
714 3087 797 3155 ἐφ’
820 3088 966 3156 ἡμᾶς
996 3088 1086 3141 καὶ
1105 3088 1195 3140 ἐπὶ
1220 3089 1287 3141 τὰ
1313 3088 1475 3141 τέκνα
1502 3092 1534 3159 ἡ
1545 3089 1661 3159 μῶν
1678 3106 1691 3119 ⁶
1708 3108 1725 3141 ι

138 3176 280 3248 ὅπερ
308 3177 402 3230 καὶ
432 3178 745 3248 παραυτίκα
787 3178 998 3246 γέγονε,
1035 3174 1128 3231 τοῦ
1155 3178 1311 3241 Θεοῦ,
1340 3179 1521 3244 καθὼς
1552 3184 1734 3251 προεῖ-

139 3284 268 3330 πεν,
305 3268 692 3338 ὲκδικήσαντος
721 3268 781 3322 τὸ
813 3263 950 3339 αἷμα
983 3271 1074 3323 τοῦ
1104 3270 1342 3342 Χριστοῦ
1369 3271 1432 3325 ἔκ
1462 3290 1521 3324 τε
1552 3272 1731 3326 αὐτῶν

138 3361 369 3413 ἐκείνων
402 3363 494 3413 καὶ
521 3361 627 3414 τῶν
650 3362 856 3415 τέκνων
891 3362 1089 3427 αὐτῶν,
1123 3364 1237 3432 ἆμα
1268 3381 1329 3416 τε
1367 3365 1733 3435 μετελθούσης

136 3452 343 3514 αὐτοὺς
363 3452 465 3522 τῆς
496 3452 670 3523 δίκης,
705 3453 779 3516 ὡς
809 3454 867 3519 ἐξ
898 3455 1105 3507 ἐκείνου
1135 3458 1213 3518 εἰς
1238 3456 1397 3526 δεῦρο
1444 3458 1566 3527 μηδ’
1598 3458 1735 3522 ὅλως

138 3538 273 3611 ἆραι
306 3542 548 3614 κεφαλὴν
584 3543 645 3595 τὸ
673 3544 780 3595 πᾶν
824 3543 975 3607 ἔθνος
1005 3542 1317 3614 δυνηθῆναι,
1352 3542 1736 3614 πληρωθείσης

1850 612 1989 657 stam
2018 603 2086 657 '°.
2120 624 2137 653 ι
2167 602 2337 668 Quem
2357 617 2484 655 vero
2517 600 2776 669 majorem
2801 613 2865 653 ex
2898 596 3087 655 Israel,
3121 602 3241 663 post
3272 593 3431 662 Moy-

1849 710 1958 748 sezn
1979 695 2319 764 prophetam,
2348 692 2400 747 id
2418 700 2502 748 est
2527 693 2916 762 legislatorem,
2944 687 3223 741 hominum
3256 700 3415 753 gene-

1848 802 1905 840 re
1936 796 2135 847 ortum,
2169 785 2384 841 ostendi
2415 794 2615 855 potest,
2649 784 2755 838 nisi
2780 783 2956 837 solum
3007 778 3189 832 Jesum
3227 776 3419 831 Salva-

1845 892 2014 934 torem
2051 880 2445 950 Dominumque
2474 889 2745 944 nostrum,
2780 878 2871 947 qui
2898 875 3032 929 Novi
3062 873 3423 933 Testamenti,

1845 974 1968 1025 vita:
2017 972 2317 1029 secundum
2380 971 2728 1041 Evangelium
2758 1009 2774 1033 ,
2832 968 3113 1038 legislator
3163 964 3418 1019 omnibus

1846 1065 2224 1119 manifestatus
2252 1071 2337 1119 est.
2362 1064 2638 1134 gentibus,
2676 1061 2974 1117 secundum
3030 1060 3175 1113 illam
3221 1056 3417 1127 psalmi

1843 1158 2144 1211 orationem
2178 1174 2189 1208 :
2228 1175 2245 1207 ι
2278 1156 2588 1219 Constitue,
2638 1154 2889 1217 Domine,
2924 1153 3287 1223 legislatorem
3319 1163 3417 1202 διιο-

1844 1264 1938 1316 per
1955 1264 2049 1303 eos
2070 1264 2081 1298 :
2102 1258 2160 1301 ut
2189 1249 2364 1303 sciant
2390 1257 2579 1318 gentes
2609 1247 2867 1316 quoniam
2891 1245 3142 1298 homines
3168 1241 3412 1297 $1“)an

1844 1339 1940 1393 lIic
1973 1351 2151 1394 autem
2204 1341 2451 1394 liberavit
2514 1339 2745 1409 spiritali
2792 1336 3045 1407 Egypto,
3078 1336 3306 1403 ejusque
3334 1332 3419 1385 ια-

1843 1433 2079 1494 terariis,
2106 1443 2159 1486 et
2189 1432 2385 1486 acerba
2416 1431 2522 1486 sub
2556 1430 2785 1499 spiritali
2844 1427 3128 1481 Pharaone
3152 1426 3418 1481 servitute

1841 1531 2109 1593 quotquot
2131 1524 2250 1593 ipso
2280 1523 2419 1577 duce
2451 1522 2519 1576 ad
2550 1523 2795 1575 omnium
2828 1520 2996 1574 Deum
3028 1525 3413 1589 pervenerunt.

1842 1614 1906 1668 Et
1924 1617 2105 1668 omnia
2140 1631 2260 1685 quae
2282 1616 2635 1685 corporaliter
2656 1630 2684 1666 a
2715 1613 2899 1684 Moyse
2933 1612 3073 1666 facta
3102 1619 3413 1673 nurrantur,

1841 1708 2073 1776 spiritali
2141 1708 2255 1778 lege
2293 1706 2545 1760 Salvator
2585 1705 2958 1775 Dominusque
3015 1711 3201 1757 noster
3241 1702 3418 1772 perfe-

1840 1808 1933 1851 CIL
1974 1798 2131 1853 Venit
2162 1816 2293 1869 ergo
2321 1809 2374 1853 et
2406 1814 2553 1853 nunc
2583 1798 2762 1852 adhuc
2788 1796 3141 1867 pervulgatus
3163 1803 3247 1849 est
3275 1792 3417 1861 apud

1841 1890 2212 1945 Samaritanos
2242 1898 2295 1944 et
2319 1888 2555 1953 Iudaeos,
2577 1904 2737 1958 quem
2767 1897 2817 1945 et
2841 1888 3053 1959 Moyses
3082 1887 3418 1956 praenuntia-

1840 1987 1916 2037 vit
1952 1986 2233 2054 propheta,
2260 1986 2327 2040 de
2358 2000 2467 2054 quo
2525 1983 2669 2038 Deus
2725 1982 3100 2037 testimonium
3156 1978 3414 2041 reddidit,

1840 2076 2027 2130 dicens
2063 2092 2075 2125 :
2115 2094 2132 2125 ι
2175 2075 2280 2141 Qui
2325 2083 2503 2129 autem
2542 2074 2702 2128 verba
2756 2072 2898 2140 ejus,
2932 2087 3052 2141 qua:
3078 2072 3327 2140 loquetur
3360 2070 3413 2121 in

1839 2170 2060 2223 nomine
2087 2184 2227 2230 meo.
2264 2167 2455 2222 audire
2482 2167 2742 2227 noluerit,
2773 2182 2872 2235 ego
2901 2165 3044 2218 ultor
3067 2164 3344 2217 exsistam.
3390 2179 3411 2211 ι

1840 2260 1997 2315 Ullus
2030 2268 2115 2317 est
2139 2276 2269 2330 ergo
2294 2262 2616 2331 sanguinem
2677 2258 2920 2313 omnimn
2957 2256 3027 2309 ab
3055 2254 3219 2309 Abele
3243 2267 3417 2321 usque

1839 2352 1903 2405 ad
1925 2351 2245 2407 Zachariam
2264 2354 2404 2407 inter
2423 2353 2679 2421 templum
2704 2361 2754 2405 et
2776 2351 2945 2404 altare
2970 2346 3316 2402 interfectum
3334 2346 3411 2411 δίς

1840 2446 1986 2499 ultus
2012 2453 2096 2499 est
2122 2443 2424 2498 Salvatoris
2489 2445 2798 2514 passionem
2844 2441 3146 2512 praesertim
3201 2439 3254 2493 in
3290 2438 3415 2492 illos

1837 2535 1930 2605 qui
1986 2535 2250 2590 adversus
2305 2550 2430 2589 eum
2466 2534 2773 2588 exclamare
2805 2530 3078 2586 audebant
3111 2545 3124 2579 :
3162 2548 3180 2581 ι
3222 2527 3416 2581 Cruci-

1838 2629 1959 2698 ﬁge,
1998 2628 2258 2698 cruciﬁge
2305 2644 2469 2693 eum;
2524 2626 2651 2681 tolle
2704 2640 2827 2679 eum
2886 2639 2915 2677 a
2970 2629 3116 2677 terra
3149 2619 3195 2653 ⁵⁸
3228 2640 3240 2673 :
3279 2634 3412 2673 san-

1835 2723 1958 2793 guis
2001 2731 2121 2791 ejus
2168 2738 2334 2792 super
2396 2737 2496 2776 nos
2532 2726 2586 2774 et
2640 2734 2805 2789 super
2842 2718 2980 2772 ﬁlios
3014 2721 3233 2771 nostros
3286 2712 3351 2764 “.
3389 2731 3407 2761 ι

1836 2813 1991 2879 Quod
2018 2823 2070 2867 et
2102 2816 2353 2883 protinus
2380 2814 2580 2875 evenit,
2606 2810 2936 2872 vindicante,
2981 2816 3040 2862 ut
3068 2806 3412 2877 praedixerat,

1838 2905 1950 2960 Deo
1983 2906 2306 2977 sanguinem
2336 2904 2540 2960 Christi
2578 2905 2631 2957 in
2674 2904 2795 2958 illos
2827 2902 3151 2970 illorumque
3188 2910 3408 2968 pueros.

1837 2996 1928 3051 Sic
1955 2998 2097 3051 enim
2124 3012 2219 3051 eos
2249 2996 2557 3065 insequitur
2580 3008 2762 3065 paena,
2795 3002 2852 3046 ut
2903 2991 3104 3045 abhinc
3133 3002 3304 3058 usque
3344 2983 3412 3038 ad

1835 3105 2077 3160 praesens
2094 3097 2310 3159 tempus
2342 3105 2475 3159 gens
2506 3088 2686 3143 omnis
2715 3093 2878 3157 caput
2898 3084 3158 3140 extollere
3186 3079 3414 3135 minime

1837 3182 2099 3251 potuerit,
2140 3180 2360 3249 impleta
2395 3187 2449 3232 et
2484 3180 2590 3232 alia
2638 3180 2805 3232 Amos
2838 3174 3123 3247 prophetia
3152 3172 3406 3227 dicente:

1842 3294 1858 3324 ι
1892 3273 2096 3327 Domus
2148 3271 2313 3325 Israel
2364 3272 2585 3334 cecidit,
2623 3279 2675 3324 et
2723 3284 2830 3323 non
2861 3267 3080 3334 adjiciet
3110 3272 3168 3317 ut
3223 3277 3410 3317 resur-

1835 3374 1925 3435 gat
1953 3366 2019 3417 ⁸³.
2060 3384 2076 3415 ι
2105 3364 2236 3428 Quae
2264 3373 2317 3416 et
2350 3363 2644 3430 Apostolus
2685 3362 2882 3431 spiritu
2916 3356 3240 3429 prawidens,
3273 3366 3413 3422 pra-

1838 3456 2044 3511 dicavit
2074 3457 2160 3509 his
2204 3456 2426 3509 verbis:
2460 3473 2476 3503 ι
2516 3454 2768 3508 Pervenit
2809 3452 2954 3507 enim
2991 3451 3069 3503 ira
3101 3448 3194 3502 Dei
3248 3458 3411 3514 super

1840 3547 1965 3601 illos
1999 3560 2174 3614 usque
2207 3546 2260 3599 in
2294 3547 2453 3599 ﬁnem
2486 3546 2551 3600 ⁵⁸.
2594 3563 2611 3596 ι

136 3634 235 3685 καὶ
289 3634 483 3705 ἐτέρας
527 3635 863 3707 προφητείας
906 3634 1088 3705 Ἀμῶς
1132 3635 1466 3706 φασκούσης,
1506 3653 1524 3685 ‹
1560 3631 1722 3698 Οἶκος
1774 3638 1987 3708 Ἰσραὴλ
2012 3638 2316 3696 πέπτωκεν,
2342 3637 2524 3691 οὐκέτι
2575 3636 2871 3706 προσθήσει
2899 3634 2989 3687 τοῦ
3022 3632 3337 3703 ἀναστῆναν
3385 3648 3407 3682 ι

138 3726 284 3798 ἅπερ
318 3730 415 3780 καὶ
447 3730 475 3781 6
512 3730 831 3792 Ἀπόστολος
874 3730 951 3800 τῷ
977 3730 1245 3801 πνεύματι
1291 3729 1547 3801 προῖδὼν,
1602 3731 1947 3804 ἀνεφώνησεν
1998 3734 2188 3793 εἰπὼν,
2239 3754 2256 3783 ι
2290 3734 2528 3803 Ἐφθασε
2584 3734 2638 3785 δὲ
2677 3735 2761 3785 ἐπ’
2830 3732 3027 3794 αὐτοὺς
3065 3733 3098 3801 ἠ
3133 3729 3269 3800 ὀργὴ
3332 3727 3413 3791 είς

136 3819 313 3883 τέλος.
358 3839 377 3871 ι

665 3936 1062 3989 ΚΕΦΑΛΑΙΟΝ
1102 3939 1217 4004 ις’.

756 4047 869 4115 Τῆς
918 4047 1111 4117 ’ῼδηῆςυ

217 4181 237 4214 ε
263 4160 644 4232 Εὐφράνθητε,
676 4162 915 4231 οὐρανοὶ,
942 4163 1056 4232 ἅμα
1088 4162 1236 4233 αύτῷ
1269 4165 1728 4235 προσκυνησάτω-

138 4271 240 4309 σαν
283 4252 435 4321 αύτῴ
490 4252 687 4315 πάντες
736 4251 955 4321 ἄγγελοι
978 4252 1112 4305 Θεοῦ
1138 4271 1150 4283 ·
1185 4254 1542 4325 εὐφράνθητε,
1576 4253 1727 4324 ἔθνη,

142 4348 281 4417 μετά
316 4343 411 4400 τοῦ
451 4345 580 4397 λαοῦ
612 4344 799 4406 αὑτοῦ,
825 4344 917 4398 καὶ
947 4346 1387 4415 ὲνισχυσάτωσαν
1418 4344 1567 4416 αὐτῷ
1589 4346 1725 4400 πάν-

138 4457 230 4503 τες
263 4437 372 4491 υἱοὶ
422 4436 578 4488 Θεοῦ.
624 4456 640 4485 ι
676 4437 783 4488 Καὶ
830 4436 935 4489 τίνι
981 4436 1125 4507 ἄλλῳ
1166 4438 1564 4507 προσκυνήσειν
1614 4440 1727 4499 τοῖς

2420 3934 2648 3991 CAPUT
2681 3934 2821 3989 XVI.

2461 4050 2508 4103 E
2538 4049 2779 4104 Cantica.

1908 4182 1926 4212 ι
1966 4162 2269 4225 Laetamini,
2305 4163 2453 4229 caeli,
2488 4164 2652 4217 simul
2686 4170 2811 4217 ante
2839 4178 2961 4216 eum
2987 4171 3408 4232 prosternantur

1831 4254 2121 4309 adorantes
2144 4269 2334 4309 omnes
2367 4255 2543 4324 angeli
2576 4253 2703 4317 Dei;
2726 4254 3008 4318 laetaniini,
3041 4264 3249 4323 gentes,
3278 4270 3402 4308 cum

1838 4350 2037 4418 populo
2090 4347 2233 4417 ejus,
2295 4356 2348 4403 et
2408 4348 2805 4402 conﬁrmentur
2862 4348 2915 4401 in
2966 4364 3031 4403 eo
3077 4360 3268 4404 omnes
3315 4349 3409 4402 ﬁlii

1837 4438 1945 4493 Dei.
1964 4442 2030 4492 ³⁷.
2065 4459 2081 4489 ι
2124 4439 2293 4505 Quem
2326 4440 2490 4492 alium
2544 4438 2772 4494 adorare
2801 4439 3010 4509 angelis
3043 4439 3162 4509 ejus
3218 4440 3411 4510 przeci-

140 4531 397 4599 ἀγγέλοις
423 4528 585 4582 αὑτοῦ
622 4528 949 4598 προστάττοι
978 4527 1042 4581 ἂν
1073 4529 1132 4580 τὸ
1163 4528 1305 4581 θεῖον
1337 4528 1561 4599 Πνεῦμα
1591 4530 1623 4600 ἦ
1651 4528 1727 4599 τῷ

1840 4542 1984 4603 peret
2016 4532 2255 4603 Spiritus
2279 4532 2519 4596 divinus,
2558 4532 2665 4586 nisi
2699 4532 3001 4598 Christum,
3062 4532 3222 4601 cujus
3278 4546 3411 4586 sane

140 4619 388 4695 Χριστῷ,
416 4614 475 4672 οὗ
506 4618 692 4686 σαφῶς
729 4618 821 4669 ἐπὶ
853 4620 919 4687 τῇ
958 4618 1230 4689 παρουσίᾳ
1269 4618 1558 4689 ηὐφράνθη
1596 4620 1734 4689 μετὰ

137 4713 233 4766 τοῦ
272 4710 403 4763 λαοῦ
430 4709 592 4762 αὐτοῦ
620 4708 685 4761 τὰ
712 4708 837 4778 ἔθνη
868 4708 962 4761 τοῦ
996 4708 1101 4760 τῶν
1128 4708 1348 4762 δικαίων
1381 4712 1733 4782 πατριαρχῶν

140 4808 235 4861 καὶ
268 4803 566 4878 προφητῶν
599 4802 793 4874 χοροῦο
844 4803 971 4873 περὶ
1014 4798 1089 4855 ὦν
1121 4802 1289 4856 ἐθνῶν
1336 4801 1489 4866 αὖθις
1523 4805 1613 4856 ἐπὶ
1634 4808 1733 4875 τῆς

138 4902 315 4971 αὐτῆς
373 4898 517 4969 ᾠδῆς
569 4899 643 4961 ὡς
696 4899 830 4968 πρὸς
877 4899 1061 4968 ἓτερον
1100 4898 1225 4951 λαὸν
1261 4899 1675 4970 ἀποτεινόμενος
1704 4902 1732 4951 6

140 4995 274 5057 Θεός
331 5004 517 5062 φησιν,
556 5008 575 5041 ι
614 4990 776 5042 Αὐτοὶ
833 4989 1223 5062 παρεζήλωσάν
1283 5008 1357 5060 μει
1382 4992 1469 5042 ἐπ’
1499 4992 1559 5043 οὐ
1595 4990 1721 5061 θεῷ,

141 5084 506 5158 παρῶργισάν
553 5101 618 5155 με
649 5087 706 5137 ὲν
732 5088 843 5149 τοῖς
862 5085 1098 5148 εἰδώλοις
1119 5085 1297 5138 αὐτῶν
1321 5103 1335 5116 ·
1366 5085 1520 5154 κάγὼ
1551 5104 1725 5157 παρα-

144 5178 378 5249 ζηλώσω
433 5178 628 5239 αὐτοὺς
660 5178 758 5230 ούκ
808 5180 893 5230 ἐπ’
941 5177 1117 5239 ἔθνει,
1172 5179 1256 5231 ἐπ’
1298 5177 1438 5231 ἔθνει
1482 5179 1727 5249 ἀσυνέτῳ

143 5268 434 5342 παροργιῶ
481 5268 698 5331 αύτούς.
745 5288 762 5319 ι
794 5269 904 5321 Καὶ
939 5269 1203 5341 πρόδηλόν
1242 5286 1305 5337 γε
1341 5270 1422 5321 δτι
1466 5270 1602 5340 μετὰ
1632 5272 1731 5343 τὴν

142 5362 373 5416 ἐκείνων
406 5359 675 5429 ἀποϐολὴν
711 5378 727 5410 ι
770 5360 839 5412 τὰ
865 5360 1021 5432 μωρὰ
1053 5360 1146 5413 τοῦ
1168 5362 1373 5430 κόσμου
1402 5360 1684 5426 ἐξελέξατο
1703 5363 1731 5415 6

142 5452 297 5515 θεὸς,
328 5452 415 5502 ἴνα
439 5449 773 5520 καταισχύνῃ
802 5452 927 5509 τοὺς
956 5453 1082 5523 παρ’
1116 5452 1343 5517 ἐκείνοις
1380 5452 1575 5521 σοφούς
1596 5470 1609 5482 ·
1635 5452 1730 5505 καὶ

141 5544 207 5596 τὰ
240 5542 444 5611 ἀσθενῆ
487 5541 580 5594 τοῦ
629 5541 833 5611 κόσμου
862 5540 1164 5609 ἐξελέξατο,
1198 5544 1293 5596 καὶ
1314 5544 1380 5596 τὰ
1408 5545 1599 5615 ἀγενῆ,
1635 5544 1729 5597 και

140 5633 207 5686 τὰ
237 5631 660 5702 ἐξουθενημένα,
713 5634 805 5685 καὶ
854 5633 920 5685 τὰ
952 5634 1024 5704 μὴ
1058 5635 1207 5698 ὄντα,
1249 5636 1337 5689 ἵνα
1364 5636 1433 5689 τὰ
1467 5638 1729 5707 πρότερον

215 5789 263 5818 ⁸⁸
307 5789 467 5841 Dcut.
506 5806 669 5849 xvm,
710 5790 891 5844 I549.
971 5793 1009 5822 ⁸¹
1056 5789 1197 5846 Psal.
1237 5808 1324 5845 Ix.
1358 5792 1447 5845 21.

140 5856 187 5892 ⁸⁸
222 5860 395 5913 Amos
430 5874 484 5925 γ,
528 5859 574 5915 I.

1834 4626 2125 4696 prazsentia
2162 4625 2353 4679 lmtata:
2379 4633 2507 4679 sunt
2538 4639 2662 4678 cum
2709 4623 2911 4693 populo
2940 4624 3060 4691 ejus
3081 4631 3291 4693 gentes,
3320 4620 3411 4693 ju-

1832 4727 2043 4773 storum
2104 4720 2357 4773 videlicet
2409 4717 2846 4787 patriarcharum
2908 4717 3410 4786 prophetarumque

1831 4813 2055 4867 chorus.
2088 4811 2163 4866 De
2185 4811 2386 4881 quibus
2409 4810 2663 4882 gentibus
2694 4824 2914 4879 quoque
2975 4810 3029 4862 in
3062 4808 3252 4863 eodem
3280 4824 3409 4863 can-

1832 4908 1943 4962 tico
1982 4908 2140 4978 quasi
2188 4908 2353 4960 alium
2379 4906 2636 4975 populum
2688 4904 3001 4975 increpans,
3037 4901 3181 4958 Deus
3222 4903 3356 4957 dicit
3392 4916 3408 4952 ;

1840 5020 1857 5052 ι
1892 5000 1998 5070 Ipsi
2030 5016 2117 5055 me
2141 5005 2581 5069 provocavcrunt
2628 4997 2681 5050 in
2712 5011 2775 5050 eo
2806 4998 2900 5067 qui
2953 5012 3059 5051 non
3091 5002 3209 5050 erat
3251 4995 3407 5057 deus,

1833 5100 1888 5147 et
1923 5093 2282 5146 irritaverunt
2316 5093 2370 5146 in
2406 5091 2741 5145 vanitatibus
2794 5090 2910 5144 suis
2956 5106 2967 5140 :
3007 5095 3063 5142 et
3081 5102 3181 5156 ego
3213 5100 3412 5155 provo-

1834 5184 1972 5238 cabo
1998 5200 2094 5238 eos
2151 5183 2204 5236 in
2237 5198 2301 5237 eo
2346 5184 2439 5253 qui
2476 5198 2584 5237 non
2615 5191 2698 5236 est
2756 5180 3013 5251 populus,
3056 5184 3111 5232 et
3163 5177 3215 5233 in
3250 5184 3412 5246 gente

1833 5276 1997 5330 stulta
2047 5274 2275 5328 irritabo
2320 5290 2415 5329 eos
2460 5274 2525 5327 ⁵⁸.
2581 5293 2598 5324 ι
2668 5271 2729 5326 Ει
2777 5270 3129 5325 manifestum
3193 5266 3411 5337 quidem

1840 5363 1985 5434 quod
2018 5371 2139 5433 post
2193 5363 2409 5416 illorum
2457 5362 2831 5431 rejectionem,
2872 5379 2889 5411 ‹
2930 5376 3050 5430 qua:
3082 5358 3246 5413 stulta
3286 5367 3415 5411 sunt

1839 5453 2026 5507 mundi
2050 5453 2212 5522 elegit
2243 5450 2407 5515 Deus,
2459 5460 2519 5505 ut
2548 5449 2848 5505 confundat
2896 5449 3209 5520 sapientes;
3243 5454 3299 5500 et
3333 5442 3415 5496 in—

1839 5545 1993 5599 ﬁrma
2031 5543 2219 5596 mundi
2273 5542 2436 5612 elegit
2475 5542 2639 5606 Deus,
2677 5552 2734 5595 ut
2779 5541 3081 5595 confundat
3113 5539 3272 5593 fortia
3309 5555 3322 5601 ;
3359 5548 3412 5591 et

1839 5636 2102 5707 ignobilia
2137 5634 2326 5690 mundi
2347 5643 2401 5689 et
2429 5635 2862 5705 contemptibilia
2886 5634 3047 5704 elegit
3078 5632 3242 5697 Deus,
3273 5638 3327 5686 et
3348 5645 3412 5685 ea

1527 5794 1571 5823 ⁸³
1618 5791 1734 5843 Μιιιι

1845 5806 2015 5851 xxnt,
2050 5790 2139 5845 55.
2216 5789 2265 5821 ⁸³
2302 5788 2460 5845 Joan.
2497 5805 2623 5857 xxx,
2663 5786 2715 5844 6.
2790 5792 2838 5823 ⁸³
2879 5790 3068 5846 Matth.
3112 5803 3281 5856 xxvu,
3316 5784 3409 5843 25.

652 5863 697 5894 ⁸⁸
739 5860 757 5913 ι
793 5858 988 5919 Thess.
1029 5879 1097 5929 ιι,
1137 5860 1224 5917 16.
1301 5864 1343 5895 ⁸⁷
1389 5861 1546 5919 Deut.
1583 5878 1764 5927 χλιιι,
1794 5861 1883 5917 45.
1961 5863 2006 5894 ⁸⁸
2047 5860 2179 5917 ibid.
2212 5861 2303 5916 21.
