3954 6506
524 397 664 458 Ιθῖἓῖ

1231 380 1498 441 EUSEBII
1538 371 2016 434 CJESARIENSIS
2049 367 2199 426 OPP.
2230 363 2406 419 PARS
2437 359 2522 414 III.
2566 389 2636 400 --
2675 349 3098 410 EXEGETICA.‘

3628 341 3744 398 {6'6

521 529 647 586 quae
674 526 784 567 non
817 513 964 568 sunt,
993 511 1127 556 utea
1152 514 1274 569 quae
1294 507 1443 560 sunt,
1466 495 1774 549 destrueret
1794 493 1862 542 ⁵³.
1895 509 1914 542 ι
1940 487 2098 542 Prius

2230 482 2328 549 :ap‘
2359 477 2584 537 ἐκείνοις
2611 474 2742 526 ὄντα
2764 468 3112 540 καταργήσῃ·
3153 484 3170 514 ι
3213 465 3294 516 ὅτι
3327 463 3391 532 δὴ
3421 461 3666 532 πρότερον
3697 463 3748 516 ἐκ

2243 571 2266 582 -ι
2405 571 2442 586 u,
2475 568 2518 586 ,~
2551 567 2620 586 Il-
2638 569 2681 586 ,ε
2700 564 2772 586 -1-
2791 580 2834 586 ._
2864 561 3009 586 -.-Λα
3027 578 3069 586 η.
3119 556 3356 586 ,Ἀλλιηρ
3407 553 3728 586 ἴαν-Αεύκιος,

524 581 712 680 igitur,
749 604 803 657 in
840 599 1038 670 Moysis
1071 595 1244 665 ipsius
1275 588 1634 660 temporibus,
1669 584 1831 638 idolis
1862 581 2102 636 servien-

525 709 632 762 tes,
665 696 758 750 Dei
799 695 932 746 iram
972 687 1350 746 excitaverunt
1397 689 1450 736 et
1503 683 1958 750 provocaverunt,
2009 687 2100 725 ve-

527 795 876 856 nientemque
904 782 1182 838 Christum
1220 778 1340 846 ejus
1381 789 1489 828 non
1520 775 1884 840 acceperunt;
1913 773 2102 836 gentes

529 891 709 938 autem
738 879 806 933 ab
834 891 899 930 eo
937 874 1002 927 ad
1037 871 1214 928 Patris
1266 866 1468 934 Deique
1515 863 1760 918 omnium
1810 856 2100 914 scientiam

530 973 795 1031 adductae,
845 965 1148 1023 secundum
1202 967 1522 1032 praesentem
1557 955 1922 1028 prophetiam,
1977 967 2101 1008 cum

531 1071 846 1123 sanctorum
875 1060 995 1128 ejus
1055 1057 1252 1128 populo
1287 1055 1650 1115 laetabuntur;
1679 1048 1960 1106 Christum
2005 1059 2106 1098 au-

533 1167 640 1214 tem
675 1156 1030 1210 ﬁrmaverunt
1060 1163 1252 1204 omnes
1280 1147 1373 1200 filii
1426 1144 1545 1208 Dei,
1577 1153 1630 1198 et
1662 1142 1756 1212 qui
1787 1141 1916 1198 olim
1943 1136 2010 1192 de
2041 1151 2108 1191 eo

531 1249 1017 1322 prophetaverunt,
1043 1249 1098 1295 et
1120 1241 1214 1309 qui
1235 1246 1356 1308 post
1374 1237 1493 1308 ejus
1516 1237 1828 1294 adventum,
1860 1229 2110 1299 adoptio-

531 1341 618 1395 nis
652 1337 906 1408 spiritum
929 1331 1232 1392 consecuti,
1271 1343 1394 1383 eum
1435 1341 1535 1396 per
1570 1324 1880 1378 universam
1905 1329 2110 1373 terram

533 1431 949 1490 nuntiaverunt.
979 1425 1104 1478 Haec
1137 1422 1356 1492 quidem
1398 1417 1465 1472 de
1495 1414 1906 1478 Pentateucho;
1963 1423 2110 1464 nunc

534 1535 664 1583 vero
693 1525 988 1594 sequentes
1018 1514 1316 1592 Scripturae
1338 1511 1508 1568 libros
1534 1504 1936 1578 aggrediamur.

1109 1713 1337 1771 CAPUT
1373 1709 1534 1765 XVII.

1099 1801 1184 1860 Ea:
1201 1805 1366 1860 Iosue
1387 1804 1542 1856 libro.

616 1921 636 1956 ι
671 1903 806 1958 (lum
835 1911 1016 1957 autem
1047 1908 1192 1955 esset
1225 1896 1393 1952 Josne
1424 1897 1478 1949 in
1508 1907 1642 1964 agro
1689 1890 1842 1946 urbis
1868 1887 2108 1948 Iericho.

543 1998 740 2058 levavit
772 1996 984 2059 oculos,
1027 1999 1082 2049 et
1117 1993 1250 2047 vidit
1295 1991 1474 2044 virum
1511 1992 1749 2044 stantem
1781 1991 1972 2036 contra
2032 1993 2111 2041 se,

540 2088 884 2158 evaginatum
923 2093 1190 2139 tenentem
1215 2081 1477 2153 gladium,
1517 2075 1863 2147 peri-exitque
1893 2073 1960 2126 ad
1989 2085 2113 2125 eum

540 2185 595 2233 et
623 2180 732 2232 ait:
762 2175 958 2230 Noster
987 2189 1071 2240 es,
1104 2189 1172 2230 an
1231 2167 1712 2226 adversariorum?
1743 2164 1846 2230 Qui
1887 2177 2116 2232 respon-

541 2269 624 2326 dit
649 2287 662 2322 :
691 2268 1046 2339 Nequaquam
1075 2285 1088 2321 :
1125 2264 1218 2320 sed
1255 2279 1376 2318 sum
1420 2262 1678 2332 princeps
1707 2258 1983 2314 exercitus
2011 2254 2118 2310 Do-

542 2364 696 2430 mini,
733 2370 787 2417 et
820 2376 967 2416 nunc
990 2361 1174 2414 venio.
1207 2357 1418 2412 Cecidit
1459 2353 1626 2410 Iosue
1675 2367 1884 2422 pronus
1915 2350 1968 2404 in
2013 2357 2124 2402 ter-

544 2471 684 2514 ram.
718 2453 784 2507 Et
813 2454 1052 2507 adorans
1080 2452 1155 2506 ait
1187 2469 1199 2502 :
1227 2449 1368 2515 Quid
1407 2447 1663 2502 dominus
1691 2459 1846 2498 meus
1879 2441 2124 2510 loquitur

544 2545 612 2610 ad
673 2561 890 2603 servum
944 2543 1146 2599 suum?
1201 2540 1382 2602 Solve,
1436 2539 1647 2608 inquit,
1695 2535 2122 2590 calceamentum

547 2649 698 2694 tuum
758 2639 826 2694 de
889 2637 1120 2707 pedibus
1191 2633 1300 2688 tuis
1353 2651 1366 2686 :
1435 2631 1589 2684 locus
1643 2626 1786 2680 enim
1823 2666 1838 2688 ,
1899 2623 1954 2676 in
2011 2636 2124 2690 quo

549 2739 703 2794 stas,
753 2738 979 2786 sanctus
1027 2736 1114 2783 est
1161 2728 1229 2781 '°.
1281 2745 1300 2778 ι
1366 2724 1501 2792 Quis
1565 2724 1706 2777 alius
1757 2737 1879 2776 esse
1940 2724 2126 2789 posset

551 2822 806 2892 princeps
868 2822 1149 2892 copiarum
1206 2817 1418 2872 Domini
1456 2857 1470 2878 ,
1527 2816 1634 2870 nisi
1694 2813 1948 2867 Christus
2009 2807 2123 2871 Dei,

553 2915 793 2970 universi
842 2915 952 2969 dux
1009 2913 1186 2968 sancti
1240 2910 1620 2982 spiritalisque
1679 2906 1774 2960 Dei
1811 2901 2130 2959 exercitus?

554 3005 687 3060 t'lud
737 3007 900 3059 etiam
949 3005 1187 3064 attende,
1245 3018 1426 3056 annon
1464 3001 1606 3055 idem
1663 2997 1758 3068 qui
1813 2994 1983 3066 Moysi
2031 3007 2130 3062 per

555 3099 810 3168 angelum
865 3097 1248 3152 manifestatus
1297 3097 1353 3149 in
1401 3099 1583 3148 monte
1613 3109 1678 3147 ex
1740 3091 1875 3161 ipsis
1931 3087 1998 3142 ad
2031 3085 2128 3142 Jo-

553 3204 652 3246 sue
697 3189 878 3244 verbis
923 3188 1347 3244 demonstratur.
1396 3185 1527 3252 Qua:
1574 3185 1718 3237 enim
1777 3183 1906 3236 huic
1956 3195 2125 3244 nunc,
2157 3201 2196 3257 (ς

555 3281 670 3335 luec
695 3288 748 3336 et
771 3280 940 3352 Moysi
969 3281 1218 3336 similiter
1245 3279 1298 3334 in
1329 3279 1507 3349 prima
1532 3275 1598 3330 ad
1628 3291 1752 3330 eum
1779 3273 1991 3327 Domini
2013 3287 2130 3325 ma-

551 3375 908 3430 nifestatione
935 3389 1033 3444 per
1065 3373 1317 3442 angelum
1347 3372 1494 3426 dicta
1550 3379 1700 3428 sunt.
1749 3387 1766 3418 ι
1811 3365 1972 3422 Solve
2019 3367 2134 3420 cal—

555 3475 902 3523 ceamentnm
931 3473 1083 3520 tuum
1101 3463 1168 3520 de
1197 3465 1425 3535 pedibus
1449 3464 1580 3525 tuis,
1608 3482 1626 3514 ι
1646 3471 1699 3516 et
1722 3471 1936 3516 caetera.
1963 3459 2129 3513 Multa

553 3569 682 3618 sunt
709 3559 931 3614 Christo
963 3558 1054 3614 Dei
1079 3559 1302 3613 nomina
1336 3574 1348 3608 :
1378 3573 1527 3612 nunc
1581 3557 1823 3626 seipsum
1860 3573 1878 3606 ι
1917 3552 2130 3608 Domini

552 3651 828 3707 exercitus
871 3651 1175 3721 principem
1209 3669 1226 3702 ι
1263 3649 1543 3714 declarat;
1607 3656 1772 3715 atque
1831 3645 1885 3698 in
1937 3629 2078 3698 Isaia
2113 3683 2128 3706 ,

559 3759 584 3794 ι
621 3742 798 3812 magni
833 3740 1050 3794 consilii
1097 3739 1382 3808 Angelum,
1429 3758 1445 3790 ι
1495 3737 1600 3791 hoc
1639 3737 1697 3791 in
1741 3737 1862 3790 loco
1899 3753 1912 3788 :
1951 3752 1968 3784 ι
2003 3731 2132 3787 Οιιιο

553 3835 641 3890 nis
671 3834 906 3887 violenta
937 3831 1198 3901 praedatio
1239 3831 1342 3885 erit
1385 3832 1438 3884 in
1483 3828 1918 3883 combustionem
1947 3834 2001 3879 et
2056 3825 2130 3877 ci-

555 3927 663 3982 bus
703 3925 862 3994 ignis.
899 3921 1168 3978 Parvulus
1193 3923 1336 3980 enim
1373 3931 1534 3978 natus
1585 3929 1668 3975 est
1700 3919 1878 3981 nobis,
1907 3925 1961 3972 et
1991 3916 2133 3970 ﬁlius

555 4018 718 4074 datus
747 4027 828 4072 est
851 4014 1034 4082 nobis,
1067 4023 1120 4069 et
1153 4014 1330 4068 factus
1356 4023 1440 4074 est
1478 4013 1818 4084 principatus
1846 4023 2008 4080 super
2033 4009 2135 4062 hu.

557 4123 767 4172 merum
814 4108 934 4182 ejus
979 4126 991 4170 ;
1033 4117 1087 4162 et
1130 4107 1413 4168 vocabitur
1461 4121 1657 4160 nomen
1701 4104 1892 4173 ejus...
1951 4099 2134 4170 magni

555 4203 772 4260 consilii
792 4201 1032 4272 Angelus
1049 4201 1188 4254 ⁰¹·⁶⁸.
1205 4221 1222 4252 ι
1243 4198 1491 4254 Invenies
1508 4209 1561 4252 et
1581 4199 1632 4252 in
1657 4195 1923 4251 Malachia
1953 4194 2132 4262 ipsum

563 4313 580 4344 ι
621 4291 886 4363 Angelum
919 4291 1228 4346 testamenti
1263 4291 1310 4321 ⁸³
1345 4309 1362 4341 ι
1415 4295 1691 4351 vocatum,
1733 4286 1825 4354 ubi
1887 4283 2086 4354 legitur
2117 4295 2130 4329 :

565 4401 585 4438 ι
623 4381 689 4440 Ει
735 4384 918 4438 statim
963 4381 1142 4436 veniet
1186 4381 1254 4435 ad
1297 4380 1560 4449 templum
1600 4393 1761 4432 suum
1793 4375 2132 4436 Dominator,

557 4491 720 4562 quem
764 4491 863 4530 vos
898 4474 1164 4545 quaeritis.
1222 4483 1276 4532 et
1305 4473 1545 4548 Angelus
1592 4467 1929 4534 testamenti,
1971 4480 2132 4537 quem

558 4577 658 4626 Vos
687 4568 854 4622 vultls
879 4566 946 4620 “.
985 4585 1004 4622 ι

1125 4677 1357 4734 CAPUT
1383 4675 1566 4732 XVIII.

709 4768 751 4821 E
771 4771 942 4840 primo
969 4767 1162 4840 Regum
1192 4769 1347 4834 libro,
1383 4784 1449 4822 ex
1475 4771 1642 4828 Annae
1671 4765 1991 4840 precatione.

639 4877 657 4910 ι
695 4857 960 4914 Dominus
1001 4859 1248 4913 ascendit
1279 4858 1334 4912 in
1365 4857 1536 4913 ccelos
1571 4863 1626 4914 et
1667 4855 1866 4908 tonuit.
1901 4851 2022 4922 Ipse
2047 4852 2138 4923 ju-

560 4951 768 5006 dicabit
799 4952 933 5006 lines
972 4959 1150 5021 terrae,
1174 4957 1226 5004 et
1255 4949 1407 5012 dahit
1443 4947 1727 5018 imperium
1785 4943 1898 5013 regi
1928 4959 2050 5010 suo,
2085 4950 2140 4996 et

563 5043 880 5098 sublimabit
933 5058 1103 5097 cornu
1149 5042 1352 5098 Christi
1400 5040 1484 5095 sui
1531 5039 1598 5093 “.
1641 5059 1658 5090 ι
1712 5037 1816 5106 Qui
1859 5035 1928 5090 de
1981 5033 2139 5091 caelis

562 5137 925 5193 descenderat
954 5133 1219 5192 Dominus
1269 5134 1362 5190 Dei
1399 5131 1660 5196 Verbum,
1695 5129 1812 5208 ipse
1857 5143 2052 5181 rursus
2082 5126 2138 5182 in

561 5231 735 5286 caelos
753 5228 1034 5294 ascendit;
1057 5233 1256 5282 etcum
1276 5223 1636 5288 ascendisset,
1662 5221 1843 5274 divina
1869 5226 2142 5298 potestate

562 5337 662 5386 sua
709 5321 1083 5392 evangelicum
1137 5317 1389 5372 nuntium
1438 5315 1638 5384 tonuit,
1693 5321 1751 5366 ut
1781 5313 1836 5366 in
1885 5313 2141 5366 universa

561 5425 712 5480 terra
741 5415 986 5478 auditum
1022 5413 1173 5472 illum
1225 5408 1483 5464 eliiceret.
1521 5407 1639 5478 Ipse
1666 5419 1846 5464 autem
1873 5405 2144 5474 judicabit

561 5509 701 5568 ﬁnes
735 5517 892 5570 terra:
922 5515 975 5562 et
1019 5511 1288 5580 quotquot
1343 5503 1487 5556 intra
1540 5515 1635 5562 eos
1689 5499 1957 5562 habilant,
1989 5498 2141 5560 omni

557 5595 769 5670 judicio
819 5611 848 5650 a
899 5596 1059 5656 Patre
1109 5600 1354 5668 accepto.
1413 5589 1518 5644 Sed
1567 5588 1732 5648 etiam
1769 5587 1939 5644 robur
1988 5585 2140 5644 dedit

637 5755 681 5786 "
721 5751 740 5804 I
774 5753 898 5808 Cur.
957 5767 994 5818 ι,
1031 5751 1120 5806 27.
1237 5751 1278 5776 "'
1319 5746 1430 5804 Jos.

563 5841 638 5888 ιι.
683 5823 764 5878 10.

1484 5763 1536 5810 v,
1597 5745 1776 5800 IIS-lii.

1885 5742 2000 5772 θ’θ’
2041 5740 2144 5798 Isa.
2205 5757 2288 5796 Ix.

2201 571 2310 625 τῶν
2360 568 2525 622 αὑτοῦ
2551 567 2685 620 Μωῦ
2697 564 2834 626 σέως
2864 561 3070 632 χρόνων
3117 556 3356 618 εἰδώλοις
3407 553 3746 623 λατρεύοντες,

2205 665 2298 719 καὶ
2339 663 2429 715 τὸν
2482 659 2613 712 Θεὸν
2673 652 3099 726 παροργίζοντες
3161 649 3256 702 καὶ
3308 643 3746 716 παραζηλοῦντες,

2206 756 2428 810 ἐλθόντα
2487 749 2650 818 αὑτοῦ
2697 750 2788 800 τὸν
2829 744 3063 816 Χριστὸν
3104 743 3204 795 οὐκ
3236 739 3485 805 ἐδέξαντο
3506 755 3518 767 ·
3551 736 3669 789 ἀλλὰ
3693 739 3750 789 τὰ

2209 849 2335 919 ἔθνη
2390 863 2454 916 γε
2495 845 2560 900 δι’
2602 841 2764 896 αὐτοῦ
2805 841 2895 893 τὸν
2941 837 3158 907 Πατέρα
3197 833 3290 886 καὶ
3332 831 3466 884 Θεὸν
3497 829 3598 882 τῶν
3639 828 3748 881 ὅλων

2209 936 2495 1004 ἐπιγνόντα
2551 930 2691 986 κατὰ
2727 929 2824 1000 τὴν
2851 929 2907 980 ἐν
2931 928 3086 998 χερσὶ
3121 921 3456 995 προφητείαν
3483 919 3748 990 εὐφρανθή-

2213 1043 2361 1078 σεται
2389 1022 2526 1096 μετὰ
2545 1021 2640 1078 τοῦ
2675 1019 2784 1074 τῶν
2819 1017 2990 1086 ἁγίων
3023 1013 3151 1067 λαοῦ
3199 1009 3363 1065 αὑτοῦ
3389 1027 3402 1040 ·
3435 1009 3527 1060 τὸν
3554 1007 3748 1078 Χριστὸν

2207 1117 2263 1176 δὲ
2299 1117 2392 1170 καὶ
2415 1114 2702 1182 ὲνίσχυσαν
2741 1109 2940 1171 πάντες
2977 1107 3024 1158 οἱ
3057 1104 3164 1158 υἱοὶ
3190 1101 3281 1154 τοῦ
3310 1099 3470 1162 Θεοῦ,
3499 1099 3620 1150 οἵτε
3647 1099 3748 1170 πρό-

2208 1226 2364 1282 τερον
2396 1207 2464 1266 τὰ
2499 1205 2629 1277 περὶ
2669 1201 2830 1258 αὑτοῦ
2877 1196 3366 1274 προφητεύσαντες,
3403 1194 3496 1246 καὶ
3517 1193 3622 1244 ὅσοι
3644 1191 3752 1262 μετὰ

2207 1301 2306 1371 τὴν
2330 1296 2632 1370 παρουσίαν
2673 1291 2837 1348 αὑτοῦ
2864 1290 2924 1344 τὸ
2968 1287 3183 1357 πνεῦμα
3207 1286 3304 1356 τῆς
3325 1281 3590 1344 υἱοθεσίας
3610 1283 3758 1352 χωρή-

2213 1408 2425 1453 σαντες,
2463 1389 2556 1442 ὲπ¹ι
2587 1389 2766 1440 πᾶσαν
2809 1383 2972 1437 αὐτὸν
3022 1377 3292 1456 ἐκήρυξαν
3325 1377 3421 1448 τὴν
3447 1376 3755 1444 οἰκουμένην.

2213 1487 2254 1537 Τ
2259 1487 2292 1538 ἁ
2332 1483 2430 1556 μὲν
2459 1482 2525 1552 δὴ
2557 1480 2663 1534 ἀπὸ
2697 1479 2794 1548 τῆς
2816 1473 3184 1543 Πεντατεύχου
3219 1469 3455 1526 τοσαῦτα
3477 1486 3490 1496 ·
3524 1467 3760 1538 μετίωμεν

2214 1578 2270 1640 δὲ
2295 1578 2390 1631 καὶ
2415 1575 2508 1630 ἐπὶ
2540 1573 2638 1637 τὰς
2672 1571 2798 1642 ἑξῆς
2831 1568 3073 1640 Γραφάς.

2745 1677 3140 1738 ΚΕΦΔΛΑΙΟΝ
3175 1677 3272 1730 IZ'.

2545 1776 2678 1834 Ἀπὸ
2711 1773 2821 1841 τῆς
2859 1772 2962 1828 τοῦ
3009 1769 3201 1837 Ἰησοῦ
3229 1765 3480 1838 γραφῆς.

2297 1890 2314 1920 ι
2353 1870 2460 1924 Καὶ
2489 1867 2720 1938 ἐγενήθη
2752 1865 2826 1928 ὡς
2853 1859 2920 1934 ἦν
2961 1860 3164 1932 Ἰησοῦς
3197 1862 3254 1912 ὲν
3297 1855 3526 1929 Ἱεριχὼ,
3551 1857 3638 1907 καί
3659 1856 3768 1907 ἁνα-

2221 1963 2423 2032 ϐλέψας
2455 1962 2556 2034 ὁρᾷ
2585 1958 2679 2012 ἄνθ
2691 1973 2870 2030 ρωπον
2901 1952 3168 2023 ἑστηκότα
3189 1951 3474 2004 κατέναντι
3497 1947 3671 2010 αὐτοῦ,
3694 1949 3770 2000 καὶ

2218 2062 2251 2128 ἡ
2280 2059 2524 2128 ρομφαῖα
2554 2050 2874 2121 ὲσπασμένη
2909 2051 2966 2100 ὲν
2996 2049 3064 2116 τῇ
3095 2043 3237 2116 χειρὶ
3267 2041 3451 2094 αὐτοῦ.
3493 2041 3600 2092 Καὶ
3631 2056 3770 2110 προσ-

2221 2149 2390 2204 ελθὼν
2433 2145 2662 2218 Ἰησοῦς,
2705 2139 2878 2205 εἶπεν,
2921 2139 3216 2209 Ἥμέτερος
3259 2130 3328 2199 εἷ,
3363 2135 3396 2204 ἢ
3441 2133 3552 2186 τῶν
3577 2134 3774 2185 ὑπεναν-

2219 2244 2388 2306 τίων;
2426 2241 2538 2296 Καὶ
2567 2234 2716 2290 εἶπεν
2765 2231 2936 2303 αὐτῷ,
2979 2225 3120 2298 Ἐγὼ
3171 2227 3610 2299 ἀρχιστράτηγος
3645 2223 3776 2275 δυνὰ-

2227 2354 2370 2407 μεως
2405 2333 2612 2405 Κυρίου
2667 2328 2784 2384 νυνὶ
2831 2325 3202 2397 παραγέγονα.
3231 2320 3342 2374 Καὶ
3377 2319 3586 2388 Ἰησοῦς
3613 2320 3776 2368 ἔπεσεν

2225 2429 2316 2482 ἐπὶ
2341 2427 2628 2499 πρόσωπον
2655 2422 2747 2480 ἐπὶ
2776 2419 2874 2490 τὴν
2896 2419 3018 2488 γῆν,
3053 2416 3146 2472 καὶ
3169 2409 3319 2468 εἶπεν
3341 2409 3510 2482 αὐτῷ,
3541 2411 3776 2468 Δέσποτα,

2223 2522 2274 2575 τί
2301 2518 2662 2593 προστάσσεις
2691 2513 2770 2584 τῷ
2805 2511 2884 2582 σῷ
2905 2509 3091 2581 οἰκέτῃ
3111 2525 3125 2572 ;
3147 2505 3256 2562 Καὶ
3276 2505 3424 2573 λέγει
3455 2506 3483 2556 ό
3509 2499 3776 2572 ἀρχιστρὰ-

2225 2590 2392 2684 τηγος
2419 2611 2623 2680 Κυρίου
2654 2607 2791 2679 πρὸς
2824 2600 3051 2674 Ἰησοῦν,
3077 2599 3248 2653 Λύσαι
3274 2595 3336 2649 τὸ
3357 2595 3610 2684 ὑπόδημα
3642 2591 3696 2660 (ί.
3723 2590 3773 2644 Η

2226 2711 2302 2771 γυ)
2333 2703 2397 2754 ὲκ
2421 2700 2527 2752 τῶν
2561 2697 2734 2758 ποδῶν
2761 2711 2876 2758 σου,
2905 2695 2934 2745 ὁ
2960 2689 3068 2762 γὰρ
3083 2689 3266 2750 τόπος,
3290 2688 3346 2737 ὲν
3377 2677 3422 2752 ᾧ
3451 2685 3516 2736 σὺ
3547 2683 3774 2752 ἕστηκας,

2225 2797 2388 2858 τόπος
2417 2793 2569 2862 ἅγιός
2598 2792 2735 2843 ἐστι.
2780 2808 2796 2838 ι
2831 2785 2940 2846 Καὶ
2969 2783 3052 2848 τίς
3073 2780 3136 2834 ἂν
3165 2777 3322 2840 ἄλλος
3345 2776 3434 2845 εἴη
3461 2777 3490 2828 ὁ
3513 2774 3776 2844 ἀρχιστρά-

2227 2901 2393 2954 τηγος
2447 2881 2728 2951 δυνάμεως
2781 2874 3006 2946 Κυρίου,
3041 2871 3076 2942 ἢ
3115 2873 3143 2924 ὁ
3169 2867 3403 2942 Χριστὸς
3461 2864 3556 2917 τοῦ
3595 2861 3778 2924 Geo-3,6

2230 2974 2410 3044 πάσης
2439 2971 2624 3042 ἄρχων
2653 2967 2814 3036 ἁγίας
2839 2967 2932 3022 καὶ
2958 2960 3331 3032 πνευματικῆς
3352 2955 3446 3010 τοῦ
3479 2955 3614 3008 Θεοῦ
3647 2969 3778 3022 στρα-

2229 3042 2386 3129 τιᾶςξ
2413 3063 2556 3133 Ὅρα
2575 3061 2632 3112 δὲ
2667 3059 2742 3129 μὴ
2769 3059 2818 3110 εί
2839 3056 2929 3110 καὶ
2955 3055 2982 3108 ὁ
3009 3052 3171 3114 αὐτὸς
3193 3054 3220 3105 ό
3251 3050 3343 3106 καὶ
3365 3049 3443 3118 τῷ
3473 3048 3686 3100 Μωῡσεῐ
3707 3042 3776 3096 διὰ

2233 3157 2325 3212 τοῦ
2387 3156 2618 3225 ἀγγέλου
2672 3151 3014 3224 χρηματίσας
3051 3149 3107 3200 ὲν
3143 3145 3219 3216 τῷ
3255 3145 3370 3216 ὄρει
3401 3141 3510 3196 ἀπὸ
3537 3140 3644 3193 τῶν
3670 3137 3780 3208 πρὸς

2234 3253 2323 3303 τὸν
2381 3247 2590 3318 Ἰησοῦν
2642 3245 2814 3312 λόγων
2861 3241 3218 3310 ὑποφαίνεται
3243 3256 3255 3268 υ
3297 3237 3442 3308 ἀπερ
3483 3235 3592 3306 γὰρ
3633 3232 3780 3301 τούτῳ

2234 3341 2349 3404 νῦν,
2373 3340 2548 3394 ταῦτα
2579 3339 2672 3391 καὶ
2703 3333 3136 3404 Μωῦσεῖὸμοίως
3151 3329 3438 3401 ἀρχομένῳ
3464 3328 3562 3396 τῆς
3579 3325 3778 3394 θεωρίας

2235 3436 2370 3507 πρὸς
2402 3433 2494 3490 τοῦ
2540 3432 2744 3502 Κυρίου
2790 3429 2876 3481 διὰ
2917 3426 3011 3480 τοῦ
3047 3424 3276 3493 ἀγγέλου
3309 3423 3524 3494 εἴρηται
3561 3419 3690 3472 κατὰ
3711 3417 3776 3476 τὸ,

2241 3549 2258 3579 ι
2289 3526 2462 3581 Λύσαι
2487 3524 2548 3578 ἰδ
2565 3523 2816 3592 ὑπόδημα
2845 3522 2909 3572 ὲκ
2936 3517 3044 3570 τῶν
3061 3515 3234 3568 ποδῶν
3265 3531 3378 3578 σου,
3413 3531 3432 3564 ο
3455 3513 3548 3565 καὶ
3571 3511 3638 3561 τὰ
3659 3508 3774 3576 ἑῇς.

2237 3618 2596 3688 Πολυώνυμος
2648 3615 2706 3670 δέ
2757 3631 2842 3676 τις
2873 3613 3132 3681 ὑπάρχων
3171 3611 3200 3662 ὁ
3245 3606 3480 3677 Χριστὸς
3523 3603 3616 3656 τοῦ
3647 3599 3780 3662 Θεοῦ,

2237 3713 2330 3768 νῦν
2350 3733 2368 3766 ι
2398 3709 2857 3781 Ἀρχιστράτηγος
2883 3707 3162 3774 δυνάμεως
3177 3701 3384 3772 Κυρίου
3404 3721 3420 3750 ι
3451 3695 3778 3770 χρηματίζει·

2235 3807 2310 3870 ὡς
2329 3805 2423 3858 καὶ
2449 3807 2504 3858 ἐν
2520 3802 2732 3873 Ἡσαΐᾳ.
2755 3821 2774 3850 ι
2791 3799 3029 3870 μεγάλης
3063 3793 3253 3866 βουλῆς
3273 3791 3536 3860 Ἀγγελος
3555 3807 3569 3820 ·
3599 3809 3616 3838 ι
3632 3792 3684 3841 ὲν
3703 3785 3778 3853 τῷ.

2245 3915 2262 3948 ι
2287 3897 2396 3949 Καὶ
2429 3895 2742 3964 θελήσουσιν
2762 3893 2810 3944 εί
2843 3889 3086 3958 ὲγένοντο
3118 3885 3496 3954 πυρίκαυστοι.
3527 3881 3644 3934 Ὅτι
3675 3893 3776 3927 «:1:-

2237 3988 2346 4041 δίον
2385 3963 2647 4054 ἐγεννήθη
2685 3985 2838 4052 ἡμῖν,
2865 3978 2976 4040 υἱὸς
3016 3976 3108 4028 ml.
3141 3973 3296 4046 ἐδόθη
3327 3975 3480 4043 ἡμῖν,
3515 3963 3574 4022 οὗ
3607 3971 3638 4038 ἡ
3667 3964 3778 4037 ἁρχὴ

2241 4079 2334 4132 ἐπὶ
2363 4076 2456 4130 τοῦ
2507 4075 2658 4145 ὤμου
2708 4072 2894 4135 αὑτοῦ,
2931 4071 3022 4124 καὶ
3055 4069 3297 4124 καλεῖται
3320 4066 3379 4118 τὸ
3405 4065 3578 4132 ὄνομα
3621 4055 3776 4116 αὐτοῦ,

2245 4168 2485 4239 μεγάλης
2520 4164 2714 4235 βουλῆς
2751 4162 3034 4230 Ἄγγελος.
3075 4179 3092 4210 ι
3121 4158 3312 4229 Εὖροις
3359 4156 3404 4208 δ’
3431 4153 3498 4208 ἂν
3535 4151 3628 4204 καὶ
3657 4151 3706 4200 ἐν
3721 4145 3779 4214 τῷ

2241 4259 2497 4329 Μαλαχίᾳ
2523 4277 2541 4308 ι
2573 4254 2834 4323 ’Ἄγγελον
2860 4251 3122 4324 διαθήκης
3159 4269 3176 4301 ι
3209 4248 3368 4302 αὑτὸν
3393 4241 3778 4315 ὀνομαζόμενον.

2240 4351 2370 4404 ἔνθα
2392 4325 2628 4417 λέγεται,
2667 4365 2684 4396 ε
2723 4345 2832 4398 Καὶ
2859 4343 3116 4412 ἐξαίφνης
3137 4339 3255 4410 ἣξει
3273 4339 3352 4400 εἰς
3382 4337 3473 4389 τὸν
3497 4335 3624 4386 ναὸν
3647 4325 3780 4384 αὑτοῦ

2245 4443 2466 4514 Κύριος,
2511 4441 2570 4493 ὃν
2597 4440 2755 4510 ὑμεῖς
2793 4439 3026 4507 ζητεῖτε,
3055 4435 3148 4488 καὶ
3175 4436 3204 4487 ὁ
3233 4431 3496 4499 Ἀγγελος
3517 4429 3612 4498 τῆς
3631 4423 3782 4490 διαθή-

2169 4555 2212 4610 ι)
2245 4535 2453 4605 κης,,ὃν
2485 4535 2642 4604 ὑμεῖς
2675 4531 2877 4584 θέλετε.
2918 4548 2936 4580 ι

2757 4663 3146 4724 ΚΕΦᾹΛΑΙΟΝ
3179 4662 3286 4714 III'.

2294 4763 2389 4822 Ἐκ
2420 4757 2526 4826 τῆς
2557 4765 2608 4812 a'
2642 4755 2760 4810 τῶν
2795 4751 3147 4809 Βασιλειῶν.
3185 4749 3300 4817 Τῆς
3328 4745 3516 4816 εὐχῆς
3547 4748 3752 4803 Ἄννας.
3809 4771 3814 4778 -

2321 4873 2338 4906 ι
2381 4853 2581 4923 Κύριος
2618 4850 2784 4920 ἀνέϐη
2836 4849 2915 4910 εἰς
2954 4845 3216 4916 οὐρανοὺς
3241 4883 3255 4906 ,
3313 4841 3408 4894 καὶ
3461 4837 3778 4908 ἐϐρόντησεν·

2247 4944 2412 5007 αὐτὸς
2441 4945 2618 5014 κρινεῖ
2641 4941 2788 5014 ἄκρα
2818 4939 2922 5010 γῆς
2950 4980 2964 5003 ,
2994 4938 3087 4992 καὶ
3125 4934 3284 4988 δώσει
3325 4933 3478 5002 ἰσχὺν
3519 4933 3624 4990 τοῖς
3656 4927 3778 4996 βασι-

2245 5036 2431 5090 λεῦσιν
2473 5035 2650 5105 ἡμῶν,
2701 5033 2795 5087 καὶ
2824 5030 3032 5102 ὑψώσει
3077 5027 3244 5098 κέρας
3274 5021 3512 5095 Χριστοῦ
3567 5015 3726 5072 αὑτοῦ.
3763 5033 3774 5062 ι

2255 5130 2312 5183 Ὀ
2349 5127 2596 5191 καταϐὰς
2625 5128 2686 5179 ἐκ
2711 5127 2818 5178 τῶν
2855 5121 3097 5196 οὐρανῶν
3131 5121 3336 5189 Κύριος
3360 5119 3388 5169 ό
3413 5115 3508 5168 τοῦ
3553 5110 3676 5164 Θεοῦ
3705 5106 3778 5160 Λό-

2243 5239 2361 5292 γος,
2395 5221 2558 5282 αὐτὸς
2587 5219 2749 5272 πάλιν
2777 5215 3117 5285 ἀναϐέϐηκεν
3141 5213 3219 5274 είς
3239 5208 3502 5280 οὐρανούς
3521 5222 3535 5234 ·
3569 5203 3656 5256 καὶ
3673 5203 3776 5253 ἁνα-

2249 5287 2349 5376 ϐὰς
2377 5311 2701 5384 ἐϐρόντησεν
2729 5311 2794 5380 τῇ
2817 5307 2954 5378 ¹θείῳ
2983 5303 3176 5364 ἑαυτοῦ
3199 5301 3424 5374 δυνάμει
3457 5297 3515 5349 τὸ
3539 5287 3776 5384 aderrat:-

2252 5405 2346 5456 κὺν
2380 5377 2660 5474 κήρυγμα,
2695 5377 3118 5464 ὼςῄὲξάκουστον
3153 5393 3285 5446 αὐτὸ
3325 5387 3568 5459 γενέσθαι
3609 5385 3662 5434 ὲν
3695 5377 3776 5442 ὅλῳ

2251 5494 2329 5570 τῷ
2362 5467 2586 5564 κάξέμῲέ
2619 5491 2780 5555 αὐτὸς
2808 5491 2864 5544 δὲ
2899 5491 3072 5562 κρινεῖ
3103 5487 3248 5560 ἄκρα
3279 5485 3380 5559 γῆς
3424 5483 3516 5536 καὶ
3544 5478 3657 5536 τσὺς
3697 5467 3775 5539 μέ.

2249 5603 2340 5663 χρι
2372 5585 2574 5638 τούτων
2612 5583 2914 5648 οἰκοῦντας,
2954 5581 3027 5644 ὡς
3052 5581 3231 5634 πᾶσαν
3259 5573 3492 5645 εἰληφὼς
3519 5571 3609 5640 τὴν
3631 5561 3775 5635 κρίσιν

2517 5741 2557 5774 θ’
2599 5739 2806 5796 Malach
2882 5754 2972 5800 ιιι,
3033 5737 3078 5788 l.
3186 5733 3228 5766 ⁵³
3284 5733 3412 5788 ibid,
3515 5729 3554 5758 ιδ
3603 5725 3618 5778 1
3667 5717 3768 5784 Bg.
