  <div class='ocr_page' id='page_1' title='image "/cluster/home/n/w/nwhite01/storage/ocr_20150623/22/hvd.32044020605168/568.png"; bbox 0 0 3954 6508; ppageno 0'>
   <div class='ocr_carea' id='block_1_1' title="bbox 236 386 372 443">
    <p class='ocr_par' dir='ltr' id='par_1_1' title="bbox 236 386 372 443">
     <span class='ocr_line' id='line_1_1' title="bbox 236 386 372 443; baseline -0.037 0"><span class='ocrx_word' id='word_1_1' title='bbox 236 386 372 443; x_wconf 71' lang='grc'><strong>1077</strong></span> 
     </span>
    </p>
   </div>
   <div class='ocr_carea' id='block_1_2' title="bbox 1253 360 2437 434">
    <p class='ocr_par' dir='ltr' id='par_1_2' title="bbox 1253 360 2437 434">
     <span class='ocr_line' id='line_1_2' title="bbox 1253 360 2437 434; baseline -0.015 -2"><span class='ocrx_word' id='word_1_2' title='bbox 1253 375 1545 434; x_wconf 67' lang='grc' dir='ltr'><strong>ΕϐιῖιοϐίΕ</strong></span> <span class='ocrx_word' id='word_1_3' title='bbox 1590 366 2074 428; x_wconf 71' lang='grc' dir='ltr'><strong>ΡΒΟΡΗΕΤΙΟᾹΞ.</strong></span> <span class='ocrx_word' id='word_1_4' title='bbox 2114 391 2160 406; x_wconf 62' lang='grc' dir='ltr'><strong>-ι</strong></span> <span class='ocrx_word' id='word_1_5' title='bbox 2221 361 2331 418; x_wconf 82' lang='lat' dir='ltr'><strong>LIB</strong></span> <span class='ocrx_word' id='word_1_6' title='bbox 2393 360 2437 415; x_wconf 88' lang='grc'><strong>1.</strong></span> 
     </span>
    </p>
   </div>
   <div class='ocr_carea' id='block_1_3' title="bbox 3335 333 3468 390">
    <p class='ocr_par' dir='ltr' id='par_1_3' title="bbox 3335 333 3468 390">
     <span class='ocr_line' id='line_1_3' title="bbox 3335 333 3468 390; baseline -0.038 0"><span class='ocrx_word' id='word_1_7' title='bbox 3335 333 3468 390; x_wconf 74' lang='grc'><strong>1078</strong></span> 
     </span>
    </p>
   </div>
   <div class='ocr_carea' id='block_1_4' title="bbox 235 450 1812 569">
    <p class='ocr_par' dir='ltr' id='par_1_4' title="bbox 235 490 1801 569">
     <span class='ocr_line' id='line_1_4' title="bbox 235 490 1801 569; baseline -0.01 -16"><span class='ocrx_word' id='word_1_8' title='bbox 235 498 384 569; x_wconf 72' lang='grc' dir='ltr'>παρὰ</span> <span class='ocrx_word' id='word_1_9' title='bbox 413 495 507 549; x_wconf 78' lang='grc' dir='ltr'><strong>τοῦ</strong></span> <span class='ocrx_word' id='word_1_10' title='bbox 545 493 788 563; x_wconf 78' lang='grc' dir='ltr'><strong>Πατρός·</strong></span> <span class='ocrx_word' id='word_1_11' title='bbox 815 492 948 545; x_wconf 81' lang='grc' dir='ltr'><strong>ἀλλά</strong></span> <span class='ocrx_word' id='word_1_12' title='bbox 990 493 1084 545; x_wconf 70' lang='grc' dir='ltr'>καὶ.</span> <span class='ocrx_word' id='word_1_13' title='bbox 1113 490 1309 544; x_wconf 73' lang='grc' dir='ltr'>ἔδωκεν</span> <span class='ocrx_word' id='word_1_14' title='bbox 1343 492 1493 561; x_wconf 72' lang='grc' dir='ltr'>ἰσχὺν</span> <span class='ocrx_word' id='word_1_15' title='bbox 1533 491 1644 552; x_wconf 86' lang='grc' dir='ltr'>τοίς</span> <span class='ocrx_word' id='word_1_16' title='bbox 1679 490 1801 540; x_wconf 77' lang='grc' dir='ltr'>ἑαυ-</span> 
     </span>
    </p>
   </div>
   <div class='ocr_carea' id='block_1_5' title="bbox 1918 450 3468 569">
    <p class='ocr_par' dir='ltr' id='par_1_5' title="bbox 1918 450 3468 569">
     <span class='ocr_line' id='line_1_5' title="bbox 1918 450 3468 550; baseline -0.025 -15"><span class='ocrx_word' id='word_1_17' title='bbox 1918 480 2184 550; x_wconf 81' lang='lat' dir='ltr'><strong>liscipulis</strong></span> <span class='ocrx_word' id='word_1_18' title='bbox 2206 475 2343 534; x_wconf 87' lang='lat' dir='ltr'><strong>suis,</strong></span> <span class='ocrx_word' id='word_1_19' title='bbox 2375 467 2638 541; x_wconf 78' lang='lat' dir='ltr'><strong>apostolis</strong></span> <span class='ocrx_word' id='word_1_20' title='bbox 2670 470 2723 518; x_wconf 88' lang='lat' dir='ltr'><strong>et</strong></span> <span class='ocrx_word' id='word_1_21' title='bbox 2771 455 3072 532; x_wconf 86' lang='lat' dir='ltr'><strong>prophetis.</strong></span> <span class='ocrx_word' id='word_1_22' title='bbox 3100 450 3197 522; x_wconf 91' lang='lat' dir='ltr'><strong>qui</strong></span> <span class='ocrx_word' id='word_1_23' title='bbox 3227 465 3328 506; x_wconf 91' lang='lat' dir='ltr'><strong>nos</strong></span> <span class='ocrx_word' id='word_1_24' title='bbox 3381 463 3468 499; x_wconf 61' lang='lat' dir='ltr'><strong>re»</strong></span> 
     </span>
     <span class='ocr_line' id='line_1_6' title="bbox 2279 537 3468 569; baseline -0.028 19"><span class='ocrx_word' id='word_1_25' title='bbox 2279 567 2287 569; x_wconf 47' lang='grc' dir='ltr'><strong><em>μ</em></strong></span> <span class='ocrx_word' id='word_1_26' title='bbox 2317 567 2345 569; x_wconf 84' lang='lat'><strong><em>--</em></strong></span> <span class='ocrx_word' id='word_1_27' title='bbox 2480 563 2490 569; x_wconf 68' lang='grc' dir='ltr'><strong>ι</strong></span> <span class='ocrx_word' id='word_1_28' title='bbox 2773 549 2968 569; x_wconf 73' lang='lat' dir='ltr'><strong>m</strong></span> <span class='ocrx_word' id='word_1_29' title='bbox 3019 546 3099 569; x_wconf 71' lang='grc' dir='ltr'><strong>--.ε</strong></span> <span class='ocrx_word' id='word_1_30' title='bbox 3161 559 3254 569; x_wconf 64' lang='grc' dir='ltr'><strong>η..</strong></span> <span class='ocrx_word' id='word_1_31' title='bbox 3289 537 3468 569; x_wconf 57' lang='lat' dir='ltr'><strong>MM“</strong></span> 
     </span>
    </p>
   </div>
   <div class='ocr_carea' id='block_1_6' title="bbox 232 581 1803 660">
    <p class='ocr_par' dir='ltr' id='par_1_6' title="bbox 232 581 1803 660">
     <span class='ocr_line' id='line_1_7' title="bbox 232 581 1803 660; baseline -0.009 -16"><span class='ocrx_word' id='word_1_32' title='bbox 232 590 323 644; x_wconf 80' lang='grc' dir='ltr'><strong>τοῦ</strong></span> <span class='ocrx_word' id='word_1_33' title='bbox 377 589 476 660; x_wconf 82' lang='grc' dir='ltr'><strong>μὲν</strong></span> <span class='ocrx_word' id='word_1_34' title='bbox 535 587 822 657; x_wconf 79' lang='grc' dir='ltr'><strong>μαθηταῖς,</strong></span> <span class='ocrx_word' id='word_1_35' title='bbox 857 584 1173 647; x_wconf 75' lang='grc' dir='ltr'><strong>ἀποστόλοις</strong></span> <span class='ocrx_word' id='word_1_36' title='bbox 1230 601 1288 636; x_wconf 91' lang='grc' dir='ltr'><strong>τε</strong></span> <span class='ocrx_word' id='word_1_37' title='bbox 1340 582 1435 636; x_wconf 75' lang='grc' dir='ltr'><strong>καὶ</strong></span> <span class='ocrx_word' id='word_1_38' title='bbox 1483 581 1803 652; x_wconf 78' lang='grc' dir='ltr'><strong>προφήταις,</strong></span> 
     </span>
    </p>
   </div>
   <div class='ocr_carea' id='block_1_7' title="bbox 232 671 1805 754">
    <p class='ocr_par' dir='ltr' id='par_1_7' title="bbox 232 671 1805 754">
     <span class='ocr_line' id='line_1_8' title="bbox 232 671 1805 754; baseline -0.006 -20"><span class='ocrx_word' id='word_1_39' title='bbox 232 681 395 754; x_wconf 79' lang='grc' dir='ltr'>ἡμῶν</span> <span class='ocrx_word' id='word_1_40' title='bbox 424 673 811 749; x_wconf 79' lang='grc' dir='ltr'>δὲ’βάσιλεῦσι,</span> <span class='ocrx_word' id='word_1_41' title='bbox 843 677 937 728; x_wconf 63' lang='grc' dir='ltr'><strong>κα)⁸</strong></span> <span class='ocrx_word' id='word_1_42' title='bbox 966 675 1148 746; x_wconf 72' lang='grc' dir='ltr'>ὑψωσε</span> <span class='ocrx_word' id='word_1_43' title='bbox 1179 677 1240 729; x_wconf 84' lang='grc' dir='ltr'>τὸ</span> <span class='ocrx_word' id='word_1_44' title='bbox 1259 676 1428 747; x_wconf 84' lang='grc' dir='ltr'>κέρας</span> <span class='ocrx_word' id='word_1_45' title='bbox 1449 673 1543 726; x_wconf 88' lang='grc' dir='ltr'><strong>τοῦ</strong></span> <span class='ocrx_word' id='word_1_46' title='bbox 1575 671 1805 744; x_wconf 79' lang='grc' dir='ltr'>Χριστοῦ</span> 
     </span>
    </p>
   </div>
   <div class='ocr_carea' id='block_1_8' title="bbox 232 761 1807 842">
    <p class='ocr_par' dir='ltr' id='par_1_8' title="bbox 232 761 1807 842">
     <span class='ocr_line' id='line_1_9' title="bbox 232 761 1807 842; baseline -0.009 -15"><span class='ocrx_word' id='word_1_47' title='bbox 232 772 422 832; x_wconf 88' lang='grc' dir='ltr'>αὑτοῦ.</span> <span class='ocrx_word' id='word_1_48' title='bbox 457 771 576 842; x_wconf 69' lang='grc' dir='ltr'>ἢτοι</span> <span class='ocrx_word' id='word_1_49' title='bbox 623 767 718 822; x_wconf 89' lang='grc' dir='ltr'><strong>τοῦ</strong></span> <span class='ocrx_word' id='word_1_50' title='bbox 750 765 906 831; x_wconf 85' lang='grc' dir='ltr'>λαοῦ,</span> <span class='ocrx_word' id='word_1_51' title='bbox 963 769 1164 838; x_wconf 79' lang='grc' dir='ltr'>μετοχῇ</span> <span class='ocrx_word' id='word_1_52' title='bbox 1206 765 1301 818; x_wconf 91' lang='grc' dir='ltr'><strong>τοῦ</strong></span> <span class='ocrx_word' id='word_1_53' title='bbox 1358 761 1593 838; x_wconf 78' lang='grc' dir='ltr'>Χριστοῦ</span> <span class='ocrx_word' id='word_1_54' title='bbox 1637 761 1807 825; x_wconf 82' lang='grc' dir='ltr'>οὑτως</span> 
     </span>
    </p>
   </div>
   <div class='ocr_carea' id='block_1_9' title="bbox 232 847 1807 935">
    <p class='ocr_par' dir='ltr' id='par_1_9' title="bbox 232 847 1807 935">
     <span class='ocr_line' id='line_1_10' title="bbox 232 847 1807 935; baseline -0.008 -17"><span class='ocrx_word' id='word_1_55' title='bbox 232 861 658 935; x_wconf 72' lang='grc' dir='ltr'>ὀνομαζομένου,</span> <span class='ocrx_word' id='word_1_56' title='bbox 708 860 740 931; x_wconf 81' lang='grc' dir='ltr'>ἢ</span> <span class='ocrx_word' id='word_1_57' title='bbox 765 855 825 914; x_wconf 76' lang='grc' dir='ltr'>οὗ</span> <span class='ocrx_word' id='word_1_58' title='bbox 859 859 1144 929; x_wconf 79' lang='grc' dir='ltr'><strong>ἀνείληφεν</strong></span> <span class='ocrx_word' id='word_1_59' title='bbox 1170 855 1525 929; x_wconf 86' lang='grc' dir='ltr'>ἀνθρωπίνου,</span> <span class='ocrx_word' id='word_1_60' title='bbox 1555 847 1614 908; x_wconf 76' lang='grc' dir='ltr'><strong>οῦ</strong></span> <span class='ocrx_word' id='word_1_61' title='bbox 1641 855 1807 925; x_wconf 87' lang='grc' dir='ltr'>κέρας</span> 
     </span>
    </p>
   </div>
   <div class='ocr_carea' id='block_1_10' title="bbox 231 945 1806 1027">
    <p class='ocr_par' dir='ltr' id='par_1_10' title="bbox 231 945 1806 1027">
     <span class='ocr_line' id='line_1_11' title="bbox 231 945 1806 1027; baseline -0.008 -18"><span class='ocrx_word' id='word_1_62' title='bbox 231 953 299 1027; x_wconf 75' lang='grc' dir='ltr'>ἦν</span> <span class='ocrx_word' id='word_1_63' title='bbox 332 958 368 1026; x_wconf 84' lang='grc' dir='ltr'><strong>ἡ</strong></span> <span class='ocrx_word' id='word_1_64' title='bbox 395 955 584 1024; x_wconf 76' lang='grc' dir='ltr'>θεότης</span> <span class='ocrx_word' id='word_1_65' title='bbox 603 952 875 1022; x_wconf 74' lang='grc' dir='ltr'>ὑψωθεῖσα</span> <span class='ocrx_word' id='word_1_66' title='bbox 903 949 1043 1005; x_wconf 86' lang='grc' dir='ltr'><strong>κατά</strong></span> <span class='ocrx_word' id='word_1_67' title='bbox 1069 950 1160 1003; x_wconf 85' lang='grc' dir='ltr'><strong>τὸν</strong></span> <span class='ocrx_word' id='word_1_68' title='bbox 1189 946 1685 1021; x_wconf 71' lang='grc' dir='ltr'>ίερὸνἊπόστολονο</span> <span class='ocrx_word' id='word_1_69' title='bbox 1713 945 1806 998; x_wconf 72' lang='grc' dir='ltr'><strong>καὶ</strong></span> 
     </span>
    </p>
   </div>
   <div class='ocr_carea' id='block_1_11' title="bbox 232 1037 1803 1118">
    <p class='ocr_par' dir='ltr' id='par_1_11' title="bbox 232 1037 1803 1118">
     <span class='ocr_line' id='line_1_12' title="bbox 232 1037 1803 1118; baseline -0.008 -17"><span class='ocrx_word' id='word_1_70' title='bbox 232 1053 290 1102; x_wconf 75' lang='grc' dir='ltr'>ἐν</span> <span class='ocrx_word' id='word_1_71' title='bbox 321 1045 664 1118; x_wconf 74' lang='grc' dir='ltr'>ὀγδοηκοστῷ</span> <span class='ocrx_word' id='word_1_72' title='bbox 694 1045 750 1098; x_wconf 84' lang='grc' dir='ltr'><strong>δὲ</strong></span> <span class='ocrx_word' id='word_1_73' title='bbox 780 1044 950 1115; x_wconf 78' lang='grc' dir='ltr'>ὀγδόῳ</span> <span class='ocrx_word' id='word_1_74' title='bbox 981 1041 1181 1113; x_wconf 82' lang='grc' dir='ltr'>ψαλμῶ</span> <span class='ocrx_word' id='word_1_75' title='bbox 1209 1040 1393 1110; x_wconf 82' lang='grc' dir='ltr'>σαφῶς</span> <span class='ocrx_word' id='word_1_76' title='bbox 1418 1039 1478 1092; x_wconf 86' lang='grc' dir='ltr'><strong>τὸ</strong></span> <span class='ocrx_word' id='word_1_77' title='bbox 1519 1037 1803 1109; x_wconf 85' lang='grc' dir='ltr'>παραπλή-</span> 
     </span>
    </p>
   </div>
   <div class='ocr_carea' id='block_1_12' title="bbox 234 1131 1805 1210">
    <p class='ocr_par' dir='ltr' id='par_1_12' title="bbox 234 1131 1805 1210">
     <span class='ocr_line' id='line_1_13' title="bbox 234 1131 1805 1210; baseline -0.007 -17"><span class='ocrx_word' id='word_1_78' title='bbox 234 1157 349 1193; x_wconf 87' lang='grc' dir='ltr'>σιον</span> <span class='ocrx_word' id='word_1_79' title='bbox 376 1138 453 1210; x_wconf 80' lang='grc' dir='ltr'>τῷ</span> <span class='ocrx_word' id='word_1_80' title='bbox 486 1138 670 1193; x_wconf 76' lang='grc' dir='ltr'>ἐνθάδε</span> <span class='ocrx_word' id='word_1_81' title='bbox 697 1137 824 1208; x_wconf 74' lang='grc' dir='ltr'>περὶ</span> <span class='ocrx_word' id='word_1_82' title='bbox 847 1135 938 1190; x_wconf 90' lang='grc' dir='ltr'><strong>τοῦ</strong></span> <span class='ocrx_word' id='word_1_83' title='bbox 965 1133 1201 1207; x_wconf 77' lang='grc' dir='ltr'>Χριστοῦ</span> <span class='ocrx_word' id='word_1_84' title='bbox 1230 1136 1258 1186; x_wconf 91' lang='grc' dir='ltr'><strong>ό</strong></span> <span class='ocrx_word' id='word_1_85' title='bbox 1277 1133 1406 1192; x_wconf 82' lang='grc' dir='ltr'>Θεός</span> <span class='ocrx_word' id='word_1_86' title='bbox 1435 1149 1618 1203; x_wconf 87' lang='grc' dir='ltr'>φησιν,</span> <span class='ocrx_word' id='word_1_87' title='bbox 1650 1148 1668 1180; x_wconf 79' lang='grc' dir='ltr'><strong>ι</strong></span> <span class='ocrx_word' id='word_1_88' title='bbox 1697 1131 1805 1182; x_wconf 75' lang='grc' dir='ltr'>Καὶ</span> 
     </span>
    </p>
   </div>
   <div class='ocr_carea' id='block_1_13' title="bbox 233 1223 1714 1303">
    <p class='ocr_par' dir='ltr' id='par_1_13' title="bbox 233 1223 1714 1303">
     <span class='ocr_line' id='line_1_14' title="bbox 233 1223 1714 1303; baseline -0.005 -18"><span class='ocrx_word' id='word_1_89' title='bbox 233 1234 291 1285; x_wconf 75' lang='grc' dir='ltr'>ἐν</span> <span class='ocrx_word' id='word_1_90' title='bbox 319 1231 399 1303; x_wconf 80' lang='grc' dir='ltr'>τῷ</span> <span class='ocrx_word' id='word_1_91' title='bbox 427 1229 649 1301; x_wconf 84' lang='grc' dir='ltr'>ὀνόματί</span> <span class='ocrx_word' id='word_1_92' title='bbox 686 1246 784 1300; x_wconf 87' lang='grc' dir='ltr'><strong>μου</strong></span> <span class='ocrx_word' id='word_1_93' title='bbox 811 1227 1153 1298; x_wconf 67' lang='grc' dir='ltr'>ὑψωθήσεται</span> <span class='ocrx_word' id='word_1_94' title='bbox 1182 1225 1242 1277; x_wconf 83' lang='grc' dir='ltr'>τὸ</span> <span class='ocrx_word' id='word_1_95' title='bbox 1269 1225 1436 1297; x_wconf 86' lang='grc' dir='ltr'>κέρας</span> <span class='ocrx_word' id='word_1_96' title='bbox 1463 1223 1650 1281; x_wconf 87' lang='grc' dir='ltr'>αὑτοῦ.</span> <span class='ocrx_word' id='word_1_97' title='bbox 1696 1244 1714 1277; x_wconf 70' lang='grc' dir='ltr'><strong>ι</strong></span> 
     </span>
    </p>
   </div>
   <div class='ocr_carea' id='block_1_14' title="bbox 755 1313 1286 1370">
    <p class='ocr_par' dir='ltr' id='par_1_14' title="bbox 755 1313 1286 1370">
     <span class='ocr_line' id='line_1_15' title="bbox 755 1313 1286 1370; baseline -0.006 0"><span class='ocrx_word' id='word_1_98' title='bbox 755 1316 1150 1370; x_wconf 80' lang='grc' dir='ltr'><strong>ΚΕΦΑΛΑΙΟΝ</strong></span> <span class='ocrx_word' id='word_1_99' title='bbox 1187 1313 1286 1368; x_wconf 86' lang='grc' dir='ltr'><strong>ΙΘ’.</strong></span> 
     </span>
    </p>
   </div>
   <div class='ocr_carea' id='block_1_15' title="bbox 308 1397 1802 1480">
    <p class='ocr_par' dir='ltr' id='par_1_15' title="bbox 308 1397 1802 1480">
     <span class='ocr_line' id='line_1_16' title="bbox 308 1397 1802 1480; baseline -0.005 -19"><span class='ocrx_word' id='word_1_100' title='bbox 308 1429 328 1461; x_wconf 78' lang='grc' dir='ltr'><strong>ι</strong></span> <span class='ocrx_word' id='word_1_101' title='bbox 367 1409 478 1464; x_wconf 75' lang='grc' dir='ltr'>Καὶ</span> <span class='ocrx_word' id='word_1_102' title='bbox 509 1404 668 1480; x_wconf 81' lang='grc' dir='ltr'>ἦλθεν</span> <span class='ocrx_word' id='word_1_103' title='bbox 699 1408 981 1477; x_wconf 84' lang='grc' dir='ltr'>ἄνθρωπος</span> <span class='ocrx_word' id='word_1_104' title='bbox 1009 1405 1143 1459; x_wconf 84' lang='grc' dir='ltr'>Θεοῦ</span> <span class='ocrx_word' id='word_1_105' title='bbox 1175 1405 1307 1476; x_wconf 73' lang='grc' dir='ltr'>πρὸς</span> <span class='ocrx_word' id='word_1_106' title='bbox 1335 1403 1500 1470; x_wconf 78' lang='grc' dir='ltr'>Ἠλεὶ,</span> <span class='ocrx_word' id='word_1_107' title='bbox 1520 1403 1612 1456; x_wconf 72' lang='grc' dir='ltr'><strong>καὶ</strong></span> <span class='ocrx_word' id='word_1_108' title='bbox 1631 1397 1802 1464; x_wconf 68' lang='grc' dir='ltr'>εἶπεν,</span> 
     </span>
    </p>
   </div>
   <div class='ocr_carea' id='block_1_16' title="bbox 231 1493 1806 1573">
    <p class='ocr_par' dir='ltr' id='par_1_16' title="bbox 231 1493 1806 1573">
     <span class='ocr_line' id='line_1_17' title="bbox 231 1493 1806 1573; baseline -0.007 -16"><span class='ocrx_word' id='word_1_109' title='bbox 231 1504 376 1557; x_wconf 83' lang='grc' dir='ltr'><strong>Τάδε</strong></span> <span class='ocrx_word' id='word_1_110' title='bbox 410 1502 558 1571; x_wconf 82' lang='grc' dir='ltr'><strong>λέγει</strong></span> <span class='ocrx_word' id='word_1_111' title='bbox 587 1501 790 1573; x_wconf 81' lang='grc' dir='ltr'>Κύριος</span> <span class='ocrx_word' id='word_1_112' title='bbox 809 1497 1042 1568; x_wconf 85' lang='grc' dir='ltr'>Κύριος·</span> <span class='ocrx_word' id='word_1_113' title='bbox 1077 1517 1094 1548; x_wconf 83' lang='grc'>›</span> <span class='ocrx_word' id='word_1_114' title='bbox 1123 1498 1215 1550; x_wconf 72' lang='grc' dir='ltr'>καὶ</span> <span class='ocrx_word' id='word_1_115' title='bbox 1237 1497 1295 1550; x_wconf 79' lang='grc' dir='ltr'>ἐν</span> <span class='ocrx_word' id='word_1_116' title='bbox 1320 1498 1432 1559; x_wconf 85' lang='grc' dir='ltr'>τοῖς</span> <span class='ocrx_word' id='word_1_117' title='bbox 1453 1495 1577 1565; x_wconf 77' lang='grc' dir='ltr'>ἑξῆς</span> <span class='ocrx_word' id='word_1_118' title='bbox 1603 1513 1614 1524; x_wconf 92' lang='grc'><strong>·</strong></span> <span class='ocrx_word' id='word_1_119' title='bbox 1653 1514 1671 1544; x_wconf 73' lang='grc' dir='ltr'><strong>ι</strong></span> <span class='ocrx_word' id='word_1_120' title='bbox 1699 1493 1806 1546; x_wconf 81' lang='grc' dir='ltr'>Καὶ</span> 
     </span>
    </p>
   </div>
   <div class='ocr_carea' id='block_1_17' title="bbox 229 1586 1803 1667">
    <p class='ocr_par' dir='ltr' id='par_1_17' title="bbox 229 1586 1803 1667">
     <span class='ocr_line' id='line_1_18' title="bbox 229 1586 1803 1667; baseline -0.008 -17"><span class='ocrx_word' id='word_1_121' title='bbox 229 1597 526 1667; x_wconf 78' lang='grc' dir='ltr'>ἀναστήσω</span> <span class='ocrx_word' id='word_1_122' title='bbox 569 1591 791 1665; x_wconf 80' lang='grc' dir='ltr'>ἐμαυτῷ</span> <span class='ocrx_word' id='word_1_123' title='bbox 829 1591 979 1662; x_wconf 79' lang='grc' dir='ltr'>ἱερέα</span> <span class='ocrx_word' id='word_1_124' title='bbox 1016 1589 1223 1652; x_wconf 76' lang='grc' dir='ltr'>πιστὸν,</span> <span class='ocrx_word' id='word_1_125' title='bbox 1258 1588 1317 1652; x_wconf 83' lang='grc' dir='ltr'>ὃς</span> <span class='ocrx_word' id='word_1_126' title='bbox 1349 1587 1524 1641; x_wconf 82' lang='grc' dir='ltr'>πάντα</span> <span class='ocrx_word' id='word_1_127' title='bbox 1557 1586 1623 1639; x_wconf 77' lang='grc' dir='ltr'>τὰ</span> <span class='ocrx_word' id='word_1_128' title='bbox 1653 1589 1710 1639; x_wconf 86' lang='grc' dir='ltr'><strong>ὲν</strong></span> <span class='ocrx_word' id='word_1_129' title='bbox 1738 1587 1803 1656; x_wconf 84' lang='grc' dir='ltr'>τῇ</span> 
     </span>
    </p>
   </div>
   <div class='ocr_carea' id='block_1_18' title="bbox 231 1680 1804 1762">
    <p class='ocr_par' dir='ltr' id='par_1_18' title="bbox 231 1680 1804 1762">
     <span class='ocr_line' id='line_1_19' title="bbox 231 1680 1804 1762; baseline -0.008 -19"><span class='ocrx_word' id='word_1_130' title='bbox 231 1689 436 1762; x_wconf 72' lang='grc' dir='ltr'>καρδίᾳ</span> <span class='ocrx_word' id='word_1_131' title='bbox 476 1707 576 1761; x_wconf 85' lang='grc' dir='ltr'><strong>μου</strong></span> <span class='ocrx_word' id='word_1_132' title='bbox 598 1688 690 1741; x_wconf 69' lang='grc' dir='ltr'><strong>καὶ</strong></span> <span class='ocrx_word' id='word_1_133' title='bbox 716 1687 784 1740; x_wconf 73' lang='grc' dir='ltr'>τὰ</span> <span class='ocrx_word' id='word_1_134' title='bbox 817 1687 872 1738; x_wconf 83' lang='grc' dir='ltr'>ὲν</span> <span class='ocrx_word' id='word_1_135' title='bbox 894 1687 958 1754; x_wconf 81' lang='grc' dir='ltr'>τῇ</span> <span class='ocrx_word' id='word_1_136' title='bbox 992 1682 1136 1752; x_wconf 77' lang='grc' dir='ltr'><strong>ψυχῆ</strong></span> <span class='ocrx_word' id='word_1_137' title='bbox 1171 1697 1272 1752; x_wconf 88' lang='grc' dir='ltr'><strong>μου</strong></span> <span class='ocrx_word' id='word_1_138' title='bbox 1311 1680 1561 1751; x_wconf 74' lang='grc' dir='ltr'>ποιήσει’</span> <span class='ocrx_word' id='word_1_139' title='bbox 1599 1680 1690 1731; x_wconf 72' lang='grc' dir='ltr'><strong>καὶ</strong></span> <span class='ocrx_word' id='word_1_140' title='bbox 1723 1680 1804 1730; x_wconf 84' lang='grc' dir='ltr'><strong>οἰ-</strong></span> 
     </span>
    </p>
   </div>
   <div class='ocr_carea' id='block_1_19' title="bbox 233 1769 1804 1853">
    <p class='ocr_par' dir='ltr' id='par_1_19' title="bbox 233 1769 1804 1853">
     <span class='ocr_line' id='line_1_20' title="bbox 233 1769 1804 1853; baseline -0.01 -16"><span class='ocrx_word' id='word_1_141' title='bbox 233 1781 523 1853; x_wconf 83' lang='grc' dir='ltr'>κοδομήσω</span> <span class='ocrx_word' id='word_1_142' title='bbox 551 1778 698 1850; x_wconf 85' lang='grc' dir='ltr'>αὑτῷ</span> <span class='ocrx_word' id='word_1_143' title='bbox 736 1773 882 1831; x_wconf 80' lang='grc' dir='ltr'>οἶκον</span> <span class='ocrx_word' id='word_1_144' title='bbox 918 1774 1127 1836; x_wconf 83' lang='grc' dir='ltr'>πιστὸν,</span> <span class='ocrx_word' id='word_1_145' title='bbox 1174 1773 1266 1826; x_wconf 71' lang='grc' dir='ltr'>καὶ</span> <span class='ocrx_word' id='word_1_146' title='bbox 1293 1771 1620 1826; x_wconf 78' lang='grc' dir='ltr'>διελεύσεται</span> <span class='ocrx_word' id='word_1_147' title='bbox 1672 1769 1804 1822; x_wconf 83' lang='grc' dir='ltr'><strong>ἐνώ-</strong></span> 
     </span>
    </p>
   </div>
   <div class='ocr_carea' id='block_1_20' title="bbox 1907 537 3470 644">
    <p class='ocr_par' dir='ltr' id='par_1_20' title="bbox 1907 537 3470 644">
     <span class='ocr_line' id='line_1_21' title="bbox 1907 537 3470 644; baseline -0.026 -15"><span class='ocrx_word' id='word_1_148' title='bbox 1907 537 2063 644; x_wconf 60' lang='lat' dir='ltr'><strong>gunt,</strong></span> <span class='ocrx_word' id='word_1_149' title='bbox 2114 577 2167 624; x_wconf 85' lang='lat' dir='ltr'><strong>et</strong></span> <span class='ocrx_word' id='word_1_150' title='bbox 2206 537 2522 623; x_wconf 78' lang='lat' dir='ltr'><strong>sublimavit</strong></span> <span class='ocrx_word' id='word_1_151' title='bbox 2561 571 2736 612; x_wconf 88' lang='lat' dir='ltr'><strong>cornu</strong></span> <span class='ocrx_word' id='word_1_152' title='bbox 2771 549 2972 607; x_wconf 76' lang='lat' dir='ltr'><strong>Christi</strong></span> <span class='ocrx_word' id='word_1_153' title='bbox 3019 546 3124 608; x_wconf 91' lang='lat' dir='ltr'><strong>sui,</strong></span> <span class='ocrx_word' id='word_1_154' title='bbox 3161 559 3256 598; x_wconf 89' lang='lat' dir='ltr'><strong>seu</strong></span> <span class='ocrx_word' id='word_1_155' title='bbox 3289 537 3470 610; x_wconf 84' lang='lat' dir='ltr'><strong>populi</strong></span> 
     </span>
    </p>
   </div>
   <div class='ocr_carea' id='block_1_21' title="bbox 1909 630 3471 728">
    <p class='ocr_par' dir='ltr' id='par_1_21' title="bbox 1909 630 3471 728">
     <span class='ocr_line' id='line_1_22' title="bbox 1909 630 3471 728; baseline -0.024 -10"><span class='ocrx_word' id='word_1_156' title='bbox 1909 665 2016 728; x_wconf 91' lang='lat' dir='ltr'><strong>sui,</strong></span> <span class='ocrx_word' id='word_1_157' title='bbox 2053 658 2256 716; x_wconf 78' lang='lat' dir='ltr'><strong>Christi</strong></span> <span class='ocrx_word' id='word_1_158' title='bbox 2297 657 2368 712; x_wconf 89' lang='lat' dir='ltr'><strong>ob</strong></span> <span class='ocrx_word' id='word_1_159' title='bbox 2407 647 2845 708; x_wconf 85' lang='lat' dir='ltr'><strong>communionem</strong></span> <span class='ocrx_word' id='word_1_160' title='bbox 2907 639 2987 694; x_wconf 90' lang='lat' dir='ltr'><strong>sic</strong></span> <span class='ocrx_word' id='word_1_161' title='bbox 3016 631 3301 693; x_wconf 73' lang='lat' dir='ltr'><strong>nominati,</strong></span> <span class='ocrx_word' id='word_1_162' title='bbox 3358 630 3471 684; x_wconf 78' lang='lat' dir='ltr'><strong>sive</strong></span> 
     </span>
    </p>
   </div>
   <div class='ocr_carea' id='block_1_22' title="bbox 1907 721 3470 825">
    <p class='ocr_par' dir='ltr' id='par_1_22' title="bbox 1907 721 3470 825">
     <span class='ocr_line' id='line_1_23' title="bbox 1907 721 3470 825; baseline -0.027 -14"><span class='ocrx_word' id='word_1_163' title='bbox 1907 769 2070 825; x_wconf 85' lang='lat' dir='ltr'><strong>quam</strong></span> <span class='ocrx_word' id='word_1_164' title='bbox 2101 749 2313 819; x_wconf 84' lang='lat' dir='ltr'><strong>accepit</strong></span> <span class='ocrx_word' id='word_1_165' title='bbox 2343 739 2723 800; x_wconf 74' lang='lat' dir='ltr'><strong>humanitatis,</strong></span> <span class='ocrx_word' id='word_1_166' title='bbox 2761 733 2920 802; x_wconf 89' lang='lat' dir='ltr'><strong>cujus</strong></span> <span class='ocrx_word' id='word_1_167' title='bbox 2951 742 3120 783; x_wconf 88' lang='lat' dir='ltr'><strong>cornu</strong></span> <span class='ocrx_word' id='word_1_168' title='bbox 3145 730 3261 780; x_wconf 81' lang='lat' dir='ltr'><strong>erat</strong></span> <span class='ocrx_word' id='word_1_169' title='bbox 3297 721 3470 775; x_wconf 83' lang='lat' dir='ltr'><strong>deitas</strong></span> 
     </span>
    </p>
   </div>
   <div class='ocr_carea' id='block_1_23' title="bbox 1909 815 3472 905">
    <p class='ocr_par' dir='ltr' id='par_1_23' title="bbox 1909 815 3472 905">
     <span class='ocr_line' id='line_1_24' title="bbox 1909 815 3472 905; baseline -0.029 -1"><span class='ocrx_word' id='word_1_170' title='bbox 1909 815 2198 905; x_wconf 79' lang='lat' dir='ltr'><strong>sublimata</strong></span> <span class='ocrx_word' id='word_1_171' title='bbox 2215 815 2515 897; x_wconf 78' lang='lat' dir='ltr'><strong>secundum</strong></span> <span class='ocrx_word' id='word_1_172' title='bbox 2535 839 2784 888; x_wconf 87' lang='lat' dir='ltr'><strong>sanctum</strong></span> <span class='ocrx_word' id='word_1_173' title='bbox 2807 821 3143 893; x_wconf 84' lang='lat' dir='ltr'><strong>Apostolum.</strong></span> <span class='ocrx_word' id='word_1_174' title='bbox 3166 815 3231 868; x_wconf 81' lang='lat' dir='ltr'><strong>Et</strong></span> <span class='ocrx_word' id='word_1_175' title='bbox 3252 817 3304 868; x_wconf 91' lang='lat' dir='ltr'><strong>in</strong></span> <span class='ocrx_word' id='word_1_176' title='bbox 3321 818 3472 865; x_wconf 82' lang='lat' dir='ltr'><strong>octa-</strong></span> 
     </span>
    </p>
   </div>
   <div class='ocr_carea' id='block_1_24' title="bbox 1907 899 3470 1005">
    <p class='ocr_par' dir='ltr' id='par_1_24' title="bbox 1907 899 3470 1005">
     <span class='ocr_line' id='line_1_25' title="bbox 1907 899 3470 1005; baseline -0.027 -11"><span class='ocrx_word' id='word_1_177' title='bbox 1907 953 1974 993; x_wconf 90' lang='lat' dir='ltr'><strong>vo</strong></span> <span class='ocrx_word' id='word_1_178' title='bbox 2001 946 2054 993; x_wconf 92' lang='lat' dir='ltr'><strong>et</strong></span> <span class='ocrx_word' id='word_1_179' title='bbox 2080 932 2414 1005; x_wconf 75' lang='lat' dir='ltr'><strong>octogesimo</strong></span> <span class='ocrx_word' id='word_1_180' title='bbox 2437 925 2646 998; x_wconf 84' lang='lat' dir='ltr'><strong>psalmo</strong></span> <span class='ocrx_word' id='word_1_181' title='bbox 2677 914 2966 973; x_wconf 77' lang='lat' dir='ltr'><strong>manifeste</strong></span> <span class='ocrx_word' id='word_1_182' title='bbox 2995 911 3110 964; x_wconf 77' lang='lat' dir='ltr'><strong>haec</strong></span> <span class='ocrx_word' id='word_1_183' title='bbox 3136 904 3324 961; x_wconf 89' lang='lat' dir='ltr'><strong>eadem</strong></span> <span class='ocrx_word' id='word_1_184' title='bbox 3358 899 3470 955; x_wconf 82' lang='lat' dir='ltr'><strong>fere</strong></span> 
     </span>
    </p>
   </div>
   <div class='ocr_carea' id='block_1_25' title="bbox 1907 989 3471 1083">
    <p class='ocr_par' dir='ltr' id='par_1_25' title="bbox 1907 989 3471 1083">
     <span class='ocr_line' id='line_1_26' title="bbox 1907 989 3471 1083; baseline -0.029 1"><span class='ocrx_word' id='word_1_185' title='bbox 1907 989 1973 1083; x_wconf 78' lang='lat' dir='ltr'><strong>de</strong></span> <span class='ocrx_word' id='word_1_186' title='bbox 1999 989 2384 1082; x_wconf 52' lang='lat' dir='ltr'><strong>ChristovDeus</strong></span> <span class='ocrx_word' id='word_1_187' title='bbox 2410 989 2544 1072; x_wconf 74' lang='lat' dir='ltr'><strong>dicit</strong></span> <span class='ocrx_word' id='word_1_188' title='bbox 2580 1033 2593 1066; x_wconf 90' lang='lat'>:</span> <span class='ocrx_word' id='word_1_189' title='bbox 2633 1028 2651 1061; x_wconf 77' lang='grc' dir='ltr'><strong>ι</strong></span> <span class='ocrx_word' id='word_1_190' title='bbox 2691 1007 2756 1061; x_wconf 89' lang='lat' dir='ltr'><strong>Et</strong></span> <span class='ocrx_word' id='word_1_191' title='bbox 2779 1005 2836 1060; x_wconf 85' lang='lat' dir='ltr'><strong>in</strong></span> <span class='ocrx_word' id='word_1_192' title='bbox 2878 1001 3097 1057; x_wconf 89' lang='lat' dir='ltr'><strong>nomine</strong></span> <span class='ocrx_word' id='word_1_193' title='bbox 3123 1010 3245 1051; x_wconf 89' lang='lat' dir='ltr'><strong>meo</strong></span> <span class='ocrx_word' id='word_1_194' title='bbox 3265 989 3471 1048; x_wconf 54' lang='lat' dir='ltr'><strong>exaltan</strong></span> 
     </span>
    </p>
   </div>
   <div class='ocr_carea' id='block_1_26' title="bbox 1907 1109 2546 1183">
    <p class='ocr_par' dir='ltr' id='par_1_26' title="bbox 1907 1109 2546 1183">
     <span class='ocr_line' id='line_1_27' title="bbox 1907 1109 2546 1183; baseline -0.017 -8"><span class='ocrx_word' id='word_1_195' title='bbox 1907 1120 2055 1177; x_wconf 89' lang='lat' dir='ltr'><strong>bitur</strong></span> <span class='ocrx_word' id='word_1_196' title='bbox 2079 1131 2252 1174; x_wconf 88' lang='lat' dir='ltr'><strong>cornu</strong></span> <span class='ocrx_word' id='word_1_197' title='bbox 2283 1112 2403 1183; x_wconf 87' lang='lat' dir='ltr'><strong>ejus</strong></span> <span class='ocrx_word' id='word_1_198' title='bbox 2427 1109 2492 1160; x_wconf 82' lang='lat'><strong>&quot;.</strong></span> <span class='ocrx_word' id='word_1_199' title='bbox 2528 1125 2546 1158; x_wconf 78' lang='grc' dir='ltr'><strong>ι</strong></span> 
     </span>
    </p>
   </div>
   <div class='ocr_carea' id='block_1_27' title="bbox 2485 1292 2886 1356">
    <p class='ocr_par' dir='ltr' id='par_1_27' title="bbox 2485 1292 2886 1356">
     <span class='ocr_line' id='line_1_28' title="bbox 2485 1292 2886 1356; baseline -0.017 -1"><span class='ocrx_word' id='word_1_200' title='bbox 2485 1296 2711 1356; x_wconf 81' lang='lat' dir='ltr'><strong>CAPUT</strong></span> <span class='ocrx_word' id='word_1_201' title='bbox 2743 1292 2886 1348; x_wconf 73' lang='lat' dir='ltr'><strong>XIX.</strong></span> 
     </span>
    </p>
   </div>
   <div class='ocr_carea' id='block_1_28' title="bbox 1981 1387 3472 1473">
    <p class='ocr_par' dir='ltr' id='par_1_28' title="bbox 1981 1387 3472 1473">
     <span class='ocr_line' id='line_1_29' title="bbox 1981 1387 3472 1473; baseline -0.023 1"><span class='ocrx_word' id='word_1_202' title='bbox 1981 1441 1997 1472; x_wconf 86' lang='grc' dir='ltr'><strong>ι</strong></span> <span class='ocrx_word' id='word_1_203' title='bbox 2025 1419 2183 1473; x_wconf 86' lang='lat' dir='ltr'><strong>Venit</strong></span> <span class='ocrx_word' id='word_1_204' title='bbox 2207 1422 2383 1469; x_wconf 88' lang='lat' dir='ltr'><strong>autem</strong></span> <span class='ocrx_word' id='word_1_205' title='bbox 2416 1413 2500 1464; x_wconf 90' lang='lat' dir='ltr'><strong>vir</strong></span> <span class='ocrx_word' id='word_1_206' title='bbox 2529 1409 2624 1463; x_wconf 93' lang='lat' dir='ltr'><strong>Dei</strong></span> <span class='ocrx_word' id='word_1_207' title='bbox 2652 1406 2719 1460; x_wconf 91' lang='lat' dir='ltr'><strong>ad</strong></span> <span class='ocrx_word' id='word_1_208' title='bbox 2751 1403 2865 1458; x_wconf 85' lang='lat' dir='ltr'><strong>Heli</strong></span> <span class='ocrx_word' id='word_1_209' title='bbox 2897 1408 2952 1456; x_wconf 89' lang='lat' dir='ltr'><strong>et</strong></span> <span class='ocrx_word' id='word_1_210' title='bbox 2982 1398 3057 1452; x_wconf 85' lang='lat' dir='ltr'><strong>ait</strong></span> <span class='ocrx_word' id='word_1_211' title='bbox 3077 1393 3314 1450; x_wconf 88' lang='lat' dir='ltr'><strong>adeum:</strong></span> <span class='ocrx_word' id='word_1_212' title='bbox 3347 1387 3472 1443; x_wconf 63' lang='lat' dir='ltr'><strong>llaec</strong></span> 
     </span>
    </p>
   </div>
   <div class='ocr_carea' id='block_1_29' title="bbox 1906 1485 3472 1571">
    <p class='ocr_par' dir='ltr' id='par_1_29' title="bbox 1906 1485 3472 1571">
     <span class='ocr_line' id='line_1_30' title="bbox 1906 1485 3472 1571; baseline -0.023 -2"><span class='ocrx_word' id='word_1_213' title='bbox 1906 1514 2037 1569; x_wconf 87' lang='lat' dir='ltr'><strong>dicit</strong></span> <span class='ocrx_word' id='word_1_214' title='bbox 2094 1509 2356 1564; x_wconf 88' lang='lat' dir='ltr'><strong>Dominus</strong></span> <span class='ocrx_word' id='word_1_215' title='bbox 2401 1499 2811 1571; x_wconf 66' lang='lat' dir='ltr'><strong>:Numquid&quot;:</strong></span> <span class='ocrx_word' id='word_1_216' title='bbox 2851 1535 2864 1548; x_wconf 93' lang='lat'><strong>.</strong></span> <span class='ocrx_word' id='word_1_217' title='bbox 2911 1535 2925 1547; x_wconf 93' lang='lat'><strong>.</strong></span> <span class='ocrx_word' id='word_1_218' title='bbox 2970 1531 2984 1544; x_wconf 94' lang='lat'><strong>.</strong></span> <span class='ocrx_word' id='word_1_219' title='bbox 3035 1498 3088 1544; x_wconf 90' lang='lat' dir='ltr'><strong>et</strong></span> <span class='ocrx_word' id='word_1_220' title='bbox 3140 1488 3196 1541; x_wconf 92' lang='lat' dir='ltr'><strong>in</strong></span> <span class='ocrx_word' id='word_1_221' title='bbox 3241 1485 3309 1540; x_wconf 91' lang='lat' dir='ltr'><strong>iis</strong></span> <span class='ocrx_word' id='word_1_222' title='bbox 3350 1497 3472 1553; x_wconf 78' lang='lat' dir='ltr'><strong>qua:</strong></span> 
     </span>
    </p>
   </div>
   <div class='ocr_carea' id='block_1_30' title="bbox 1907 1573 3470 1671">
    <p class='ocr_par' dir='ltr' id='par_1_30' title="bbox 1907 1573 3470 1671">
     <span class='ocr_line' id='line_1_31' title="bbox 1907 1573 3470 1671; baseline -0.019 -14"><span class='ocrx_word' id='word_1_223' title='bbox 1907 1606 2237 1671; x_wconf 89' lang='lat' dir='ltr'><strong>sequuntur:</strong></span> <span class='ocrx_word' id='word_1_224' title='bbox 2289 1613 2308 1646; x_wconf 82' lang='grc' dir='ltr'><strong>ι</strong></span> <span class='ocrx_word' id='word_1_225' title='bbox 2339 1593 2404 1648; x_wconf 87' lang='lat' dir='ltr'><strong>Et</strong></span> <span class='ocrx_word' id='word_1_226' title='bbox 2447 1591 2730 1647; x_wconf 84' lang='lat' dir='ltr'><strong>suscitabo</strong></span> <span class='ocrx_word' id='word_1_227' title='bbox 2776 1583 2907 1640; x_wconf 90' lang='lat' dir='ltr'><strong>mihi</strong></span> <span class='ocrx_word' id='word_1_228' title='bbox 2950 1579 3291 1636; x_wconf 85' lang='lat' dir='ltr'><strong>sacerdotem</strong></span> <span class='ocrx_word' id='word_1_229' title='bbox 3337 1573 3470 1628; x_wconf 78' lang='lat' dir='ltr'><strong>lide-</strong></span> 
     </span>
    </p>
   </div>
   <div class='ocr_carea' id='block_1_31' title="bbox 1908 1666 3470 1762">
    <p class='ocr_par' dir='ltr' id='par_1_31' title="bbox 1908 1666 3470 1762">
     <span class='ocr_line' id='line_1_32' title="bbox 1908 1666 3470 1762; baseline -0.02 -14"><span class='ocrx_word' id='word_1_230' title='bbox 1908 1696 2033 1758; x_wconf 89' lang='lat' dir='ltr'><strong>lem,</strong></span> <span class='ocrx_word' id='word_1_231' title='bbox 2074 1691 2165 1762; x_wconf 86' lang='lat' dir='ltr'><strong>qui</strong></span> <span class='ocrx_word' id='word_1_232' title='bbox 2208 1689 2363 1759; x_wconf 77' lang='lat' dir='ltr'><strong>juxta</strong></span> <span class='ocrx_word' id='word_1_233' title='bbox 2390 1701 2486 1740; x_wconf 85' lang='lat' dir='ltr'><strong>cor</strong></span> <span class='ocrx_word' id='word_1_234' title='bbox 2516 1698 2692 1738; x_wconf 89' lang='lat' dir='ltr'><strong>meum</strong></span> <span class='ocrx_word' id='word_1_235' title='bbox 2728 1688 2777 1734; x_wconf 85' lang='lat' dir='ltr'><strong>et</strong></span> <span class='ocrx_word' id='word_1_236' title='bbox 2808 1676 3044 1731; x_wconf 88' lang='lat' dir='ltr'><strong>animam</strong></span> <span class='ocrx_word' id='word_1_237' title='bbox 3079 1685 3251 1726; x_wconf 85' lang='lat' dir='ltr'><strong>meam</strong></span> <span class='ocrx_word' id='word_1_238' title='bbox 3276 1666 3470 1720; x_wconf 81' lang='lat' dir='ltr'><strong>faciet:</strong></span> 
     </span>
    </p>
   </div>
   <div class='ocr_carea' id='block_1_32' title="bbox 1907 1761 3472 1841">
    <p class='ocr_par' dir='ltr' id='par_1_32' title="bbox 1907 1761 3472 1841">
     <span class='ocr_line' id='line_1_33' title="bbox 1907 1761 3472 1841; baseline -0.02 0"><span class='ocrx_word' id='word_1_239' title='bbox 1907 1795 1959 1841; x_wconf 89' lang='lat' dir='ltr'><strong>et</strong></span> <span class='ocrx_word' id='word_1_240' title='bbox 1979 1761 2258 1840; x_wconf 66' lang='lat' dir='ltr'><strong>aedificabo</strong></span> <span class='ocrx_word' id='word_1_241' title='bbox 2287 1779 2336 1835; x_wconf 89' lang='lat' dir='ltr'><strong>ei</strong></span> <span class='ocrx_word' id='word_1_242' title='bbox 2367 1778 2587 1833; x_wconf 90' lang='lat' dir='ltr'><strong>domum</strong></span> <span class='ocrx_word' id='word_1_243' title='bbox 2621 1773 2850 1836; x_wconf 83' lang='lat' dir='ltr'><strong>ﬁdelem,</strong></span> <span class='ocrx_word' id='word_1_244' title='bbox 2874 1777 2927 1824; x_wconf 91' lang='lat' dir='ltr'><strong>et</strong></span> <span class='ocrx_word' id='word_1_245' title='bbox 2966 1761 3266 1819; x_wconf 89' lang='lat' dir='ltr'><strong>ambulabit</strong></span> <span class='ocrx_word' id='word_1_246' title='bbox 3289 1771 3472 1813; x_wconf 88' lang='lat' dir='ltr'><strong>coram</strong></span> 
     </span>
    </p>
   </div>
   <div class='ocr_carea' id='block_1_33' title="bbox 233 1853 1812 1946">
    <p class='ocr_par' dir='ltr' id='par_1_33' title="bbox 233 1863 1808 1946">
     <span class='ocr_line' id='line_1_34' title="bbox 233 1863 1808 1946; baseline -0.008 -18"><span class='ocrx_word' id='word_1_247' title='bbox 233 1891 360 1927; x_wconf 84' lang='grc' dir='ltr'>πιον</span> <span class='ocrx_word' id='word_1_248' title='bbox 386 1872 621 1946; x_wconf 82' lang='grc' dir='ltr'>Χριστοῦ</span> <span class='ocrx_word' id='word_1_249' title='bbox 648 1889 745 1944; x_wconf 91' lang='grc' dir='ltr'><strong>μου</strong></span> <span class='ocrx_word' id='word_1_250' title='bbox 779 1870 957 1934; x_wconf 82' lang='grc' dir='ltr'>πάσας</span> <span class='ocrx_word' id='word_1_251' title='bbox 985 1867 1082 1932; x_wconf 79' lang='grc' dir='ltr'>τὰς</span> <span class='ocrx_word' id='word_1_252' title='bbox 1108 1867 1323 1938; x_wconf 80' lang='grc' dir='ltr'>ἡμέρας</span> <span class='ocrx_word' id='word_1_253' title='bbox 1349 1881 1362 1894; x_wconf 77' lang='grc'><strong><em>⁸</em></strong></span> <span class='ocrx_word' id='word_1_254' title='bbox 1397 1865 1492 1918; x_wconf 72' lang='grc' dir='ltr'><strong>καὶ</strong></span> <span class='ocrx_word' id='word_1_255' title='bbox 1520 1863 1673 1917; x_wconf 80' lang='grc' dir='ltr'>ἔσται</span> <span class='ocrx_word' id='word_1_256' title='bbox 1701 1864 1808 1926; x_wconf 80' lang='grc' dir='ltr'><strong>πᾶς</strong></span> 
     </span>
    </p>
   </div>
   <div class='ocr_carea' id='block_1_34' title="bbox 1918 1853 3472 1946">
    <p class='ocr_par' dir='ltr' id='par_1_34' title="bbox 1918 1860 3472 1932">
     <span class='ocr_line' id='line_1_35' title="bbox 1918 1860 3472 1932; baseline -0.019 0"><span class='ocrx_word' id='word_1_257' title='bbox 1918 1877 2126 1932; x_wconf 70' lang='lat' dir='ltr'><strong>Christo</strong></span> <span class='ocrx_word' id='word_1_258' title='bbox 2174 1887 2296 1929; x_wconf 91' lang='lat' dir='ltr'><strong>meo</strong></span> <span class='ocrx_word' id='word_1_259' title='bbox 2340 1868 2555 1925; x_wconf 84' lang='lat' dir='ltr'><strong>cunctis</strong></span> <span class='ocrx_word' id='word_1_260' title='bbox 2607 1866 2834 1920; x_wconf 89' lang='lat' dir='ltr'><strong>diebus:</strong></span> <span class='ocrx_word' id='word_1_261' title='bbox 2875 1862 3115 1914; x_wconf 82' lang='lat' dir='ltr'><strong>futurum</strong></span> <span class='ocrx_word' id='word_1_262' title='bbox 3155 1862 3238 1910; x_wconf 85' lang='lat' dir='ltr'><strong>est</strong></span> <span class='ocrx_word' id='word_1_263' title='bbox 3271 1860 3472 1908; x_wconf 90' lang='lat' dir='ltr'><strong>autem.</strong></span> 
     </span>
    </p>
   </div>
   <div class='ocr_carea' id='block_1_35' title="bbox 229 1953 1807 2039">
    <p class='ocr_par' dir='ltr' id='par_1_35' title="bbox 229 1953 1807 2039">
     <span class='ocr_line' id='line_1_36' title="bbox 229 1953 1807 2039; baseline -0.008 -21"><span class='ocrx_word' id='word_1_264' title='bbox 229 1967 262 2018; x_wconf 86' lang='grc' dir='ltr'><strong>ό</strong></span> <span class='ocrx_word' id='word_1_265' title='bbox 289 1964 631 2039; x_wconf 88' lang='grc' dir='ltr'>περισσεύων</span> <span class='ocrx_word' id='word_1_266' title='bbox 661 1965 719 2016; x_wconf 84' lang='grc' dir='ltr'>ὲν</span> <span class='ocrx_word' id='word_1_267' title='bbox 749 1962 882 2033; x_wconf 75' lang='grc' dir='ltr'>οἴκῳ</span> <span class='ocrx_word' id='word_1_268' title='bbox 914 1961 1032 2031; x_wconf 73' lang='grc' dir='ltr'>ἥξει</span> <span class='ocrx_word' id='word_1_269' title='bbox 1076 1956 1394 2031; x_wconf 83' lang='grc' dir='ltr'>προσκυνῶν</span> <span class='ocrx_word' id='word_1_270' title='bbox 1441 1955 1587 2027; x_wconf 86' lang='grc' dir='ltr'>αὑτῷ</span> <span class='ocrx_word' id='word_1_271' title='bbox 1622 1953 1807 2008; x_wconf 77' lang='grc' dir='ltr'>ὀϐολοῦ</span> 
     </span>
    </p>
   </div>
   <div class='ocr_carea' id='block_1_36' title="bbox 231 2047 1809 2130">
    <p class='ocr_par' dir='ltr' id='par_1_36' title="bbox 231 2047 1809 2130">
     <span class='ocr_line' id='line_1_37' title="bbox 231 2047 1809 2130; baseline -0.009 -18"><span class='ocrx_word' id='word_1_272' title='bbox 231 2057 525 2130; x_wconf 75' lang='grc' dir='ltr'>ἀργυρίου,</span> <span class='ocrx_word' id='word_1_273' title='bbox 561 2055 653 2109; x_wconf 74' lang='grc' dir='ltr'><strong>καὶ</strong></span> <span class='ocrx_word' id='word_1_274' title='bbox 689 2056 744 2106; x_wconf 76' lang='grc' dir='ltr'>ὲν</span> <span class='ocrx_word' id='word_1_275' title='bbox 771 2053 921 2126; x_wconf 79' lang='grc' dir='ltr'>ἄρτῳ</span> <span class='ocrx_word' id='word_1_276' title='bbox 944 2051 1042 2112; x_wconf 77' lang='grc' dir='ltr'>ἐνὶ,</span> <span class='ocrx_word' id='word_1_277' title='bbox 1071 2050 1265 2118; x_wconf 85' lang='grc' dir='ltr'>λέγων,</span> <span class='ocrx_word' id='word_1_278' title='bbox 1287 2047 1602 2120; x_wconf 68' lang='grc' dir='ltr'>Παράριψόν</span> <span class='ocrx_word' id='word_1_279' title='bbox 1630 2064 1696 2117; x_wconf 86' lang='grc' dir='ltr'><strong>με</strong></span> <span class='ocrx_word' id='word_1_280' title='bbox 1720 2047 1809 2098; x_wconf 75' lang='grc' dir='ltr'><strong>ἐπὶ</strong></span> 
     </span>
    </p>
   </div>
   <div class='ocr_carea' id='block_1_37' title="bbox 237 2136 1812 2220">
    <p class='ocr_par' dir='ltr' id='par_1_37' title="bbox 237 2136 1812 2220">
     <span class='ocr_line' id='line_1_38' title="bbox 237 2136 1812 2220; baseline -0.009 -19"><span class='ocrx_word' id='word_1_281' title='bbox 237 2149 370 2220; x_wconf 85' lang='grc' dir='ltr'>μίαν</span> <span class='ocrx_word' id='word_1_282' title='bbox 397 2147 509 2200; x_wconf 89' lang='grc' dir='ltr'><strong>τῶν</strong></span> <span class='ocrx_word' id='word_1_283' title='bbox 536 2145 814 2218; x_wconf 80' lang='grc' dir='ltr'>ἱερατείων</span> <span class='ocrx_word' id='word_1_284' title='bbox 841 2159 933 2195; x_wconf 90' lang='grc' dir='ltr'><strong>σου</strong></span> <span class='ocrx_word' id='word_1_285' title='bbox 960 2143 1153 2210; x_wconf 84' lang='grc' dir='ltr'>φαγεῖν</span> <span class='ocrx_word' id='word_1_286' title='bbox 1175 2140 1360 2210; x_wconf 78' lang='grc' dir='ltr'>ἄρτον.</span> <span class='ocrx_word' id='word_1_287' title='bbox 1398 2158 1415 2189; x_wconf 75' lang='grc' dir='ltr'><strong>ι</strong></span> <span class='ocrx_word' id='word_1_288' title='bbox 1443 2137 1629 2200; x_wconf 70' lang='grc' dir='ltr'>οὐδεὶς</span> <span class='ocrx_word' id='word_1_289' title='bbox 1656 2136 1812 2199; x_wconf 78' lang='grc' dir='ltr'>ἄλλος</span> 
     </span>
    </p>
   </div>
   <div class='ocr_carea' id='block_1_38' title="bbox 232 2227 1809 2313">
    <p class='ocr_par' dir='ltr' id='par_1_38' title="bbox 232 2227 1809 2313">
     <span class='ocr_line' id='line_1_39' title="bbox 232 2227 1809 2313; baseline -0.008 -20"><span class='ocrx_word' id='word_1_290' title='bbox 232 2242 268 2313; x_wconf 69' lang='grc' dir='ltr'><strong>ἢ</strong></span> <span class='ocrx_word' id='word_1_291' title='bbox 303 2241 464 2310; x_wconf 85' lang='grc' dir='ltr'>μόνος</span> <span class='ocrx_word' id='word_1_292' title='bbox 511 2241 539 2290; x_wconf 90' lang='grc' dir='ltr'><strong>ό</strong></span> <span class='ocrx_word' id='word_1_293' title='bbox 601 2236 742 2290; x_wconf 83' lang='grc' dir='ltr'><strong>κατά</strong></span> <span class='ocrx_word' id='word_1_294' title='bbox 771 2235 866 2306; x_wconf 79' lang='grc' dir='ltr'>τὴν</span> <span class='ocrx_word' id='word_1_295' title='bbox 898 2232 1050 2297; x_wconf 76' lang='grc' dir='ltr'>τάξιν</span> <span class='ocrx_word' id='word_1_296' title='bbox 1099 2231 1431 2301; x_wconf 80' lang='grc' dir='ltr'>Μελχισεδὲκ</span> <span class='ocrx_word' id='word_1_297' title='bbox 1485 2231 1661 2300; x_wconf 84' lang='grc' dir='ltr'>ἱερεὺς</span> <span class='ocrx_word' id='word_1_298' title='bbox 1717 2227 1809 2281; x_wconf 90' lang='grc' dir='ltr'><strong>τοῦ</strong></span> 
     </span>
    </p>
   </div>
   <div class='ocr_carea' id='block_1_39' title="bbox 236 2319 1807 2400">
    <p class='ocr_par' dir='ltr' id='par_1_39' title="bbox 236 2319 1807 2400">
     <span class='ocr_line' id='line_1_40' title="bbox 236 2319 1807 2400; baseline -0.01 -14"><span class='ocrx_word' id='word_1_299' title='bbox 236 2331 374 2386; x_wconf 79' lang='grc' dir='ltr'>θεοῦ</span> <span class='ocrx_word' id='word_1_300' title='bbox 406 2331 499 2384; x_wconf 88' lang='grc' dir='ltr'><strong>τοῦ</strong></span> <span class='ocrx_word' id='word_1_301' title='bbox 527 2329 752 2400; x_wconf 66' lang='grc' dir='ltr'>ὑψίστου</span> <span class='ocrx_word' id='word_1_302' title='bbox 798 2325 1004 2398; x_wconf 83' lang='grc' dir='ltr'>Ἰησοῦς</span> <span class='ocrx_word' id='word_1_303' title='bbox 1036 2324 1266 2397; x_wconf 80' lang='grc' dir='ltr'>Χριστὸς</span> <span class='ocrx_word' id='word_1_304' title='bbox 1309 2325 1338 2377; x_wconf 91' lang='grc' dir='ltr'>ὁ</span> <span class='ocrx_word' id='word_1_305' title='bbox 1385 2321 1574 2392; x_wconf 83' lang='grc' dir='ltr'>Σωτὴρ</span> <span class='ocrx_word' id='word_1_306' title='bbox 1620 2319 1807 2392; x_wconf 78' lang='grc' dir='ltr'>ἡμῶν,</span> 
     </span>
    </p>
   </div>
   <div class='ocr_carea' id='block_1_40' title="bbox 235 2414 1808 2494">
    <p class='ocr_par' dir='ltr' id='par_1_40' title="bbox 235 2414 1808 2494">
     <span class='ocr_line' id='line_1_41' title="bbox 235 2414 1808 2494; baseline -0.008 -17"><span class='ocrx_word' id='word_1_307' title='bbox 235 2425 294 2478; x_wconf 73' lang='grc' dir='ltr'>ὃν</span> <span class='ocrx_word' id='word_1_308' title='bbox 327 2443 346 2475; x_wconf 81' lang='grc' dir='ltr'><strong>ι</strong></span> <span class='ocrx_word' id='word_1_309' title='bbox 368 2424 565 2494; x_wconf 76' lang='grc' dir='ltr'>ἔχομεν</span> <span class='ocrx_word' id='word_1_310' title='bbox 591 2420 848 2492; x_wconf 82' lang='grc' dir='ltr'>ἀρχιερέα</span> <span class='ocrx_word' id='word_1_311' title='bbox 881 2421 1072 2491; x_wconf 83' lang='grc' dir='ltr'>μέγαν,</span> <span class='ocrx_word' id='word_1_312' title='bbox 1113 2439 1131 2470; x_wconf 75' lang='grc' dir='ltr'><strong>ι</strong></span> <span class='ocrx_word' id='word_1_313' title='bbox 1163 2416 1304 2470; x_wconf 84' lang='grc' dir='ltr'><strong>κατά</strong></span> <span class='ocrx_word' id='word_1_314' title='bbox 1339 2415 1431 2469; x_wconf 84' lang='grc' dir='ltr'><strong>τὸν</strong></span> <span class='ocrx_word' id='word_1_315' title='bbox 1466 2414 1808 2477; x_wconf 82' lang='grc' dir='ltr'>Ἀπόστολον,</span> 
     </span>
    </p>
   </div>
   <div class='ocr_carea' id='block_1_41' title="bbox 242 2507 1812 2586">
    <p class='ocr_par' dir='ltr' id='par_1_41' title="bbox 242 2507 1812 2586">
     <span class='ocr_line' id='line_1_42' title="bbox 242 2507 1812 2586; baseline -0.006 -19"><span class='ocrx_word' id='word_1_316' title='bbox 242 2536 260 2567; x_wconf 76' lang='grc' dir='ltr'><strong>ι</strong></span> <span class='ocrx_word' id='word_1_317' title='bbox 300 2514 647 2586; x_wconf 81' lang='grc' dir='ltr'>διεληλυθότα</span> <span class='ocrx_word' id='word_1_318' title='bbox 671 2513 794 2576; x_wconf 76' lang='grc' dir='ltr'>τοὺς</span> <span class='ocrx_word' id='word_1_319' title='bbox 819 2513 1102 2583; x_wconf 79' lang='grc' dir='ltr'>οὐρανοὺς,</span> <span class='ocrx_word' id='word_1_320' title='bbox 1145 2530 1162 2562; x_wconf 71' lang='grc' dir='ltr'><strong>ι</strong></span> <span class='ocrx_word' id='word_1_321' title='bbox 1201 2509 1376 2562; x_wconf 81' lang='grc' dir='ltr'>πάντα</span> <span class='ocrx_word' id='word_1_322' title='bbox 1399 2507 1466 2560; x_wconf 75' lang='grc' dir='ltr'><strong>τὰ</strong></span> <span class='ocrx_word' id='word_1_323' title='bbox 1497 2509 1553 2560; x_wconf 82' lang='grc' dir='ltr'>ὲν</span> <span class='ocrx_word' id='word_1_324' title='bbox 1576 2508 1638 2577; x_wconf 82' lang='grc' dir='ltr'>τῇ</span> <span class='ocrx_word' id='word_1_325' title='bbox 1678 2523 1812 2574; x_wconf 89' lang='grc' dir='ltr'>καρ-</span> 
     </span>
    </p>
   </div>
   <div class='ocr_carea' id='block_1_42' title="bbox 236 2594 1811 2677">
    <p class='ocr_par' dir='ltr' id='par_1_42' title="bbox 236 2594 1811 2677">
     <span class='ocr_line' id='line_1_43' title="bbox 236 2594 1811 2677; baseline -0.007 -18"><span class='ocrx_word' id='word_1_326' title='bbox 236 2606 326 2677; x_wconf 64' lang='grc' dir='ltr'>δίᾳ</span> <span class='ocrx_word' id='word_1_327' title='bbox 352 2604 448 2658; x_wconf 91' lang='grc' dir='ltr'><strong>τοῦ</strong></span> <span class='ocrx_word' id='word_1_328' title='bbox 476 2603 688 2673; x_wconf 71' lang='grc' dir='ltr'>Πατρός</span> <span class='ocrx_word' id='word_1_329' title='bbox 715 2601 1014 2671; x_wconf 86' lang='grc' dir='ltr'>πεποίηκεν</span> <span class='ocrx_word' id='word_1_330' title='bbox 1049 2618 1066 2648; x_wconf 82' lang='grc' dir='ltr'><strong>ι</strong></span> <span class='ocrx_word' id='word_1_331' title='bbox 1101 2599 1338 2669; x_wconf 80' lang='grc' dir='ltr'>ὑπήκοος</span> <span class='ocrx_word' id='word_1_332' title='bbox 1373 2595 1520 2666; x_wconf 88' lang='grc' dir='ltr'>αὑτῷ</span> <span class='ocrx_word' id='word_1_333' title='bbox 1560 2594 1811 2664; x_wconf 75' lang='grc' dir='ltr'>γενέσθαι</span> 
     </span>
    </p>
   </div>
   <div class='ocr_carea' id='block_1_43' title="bbox 239 2687 1812 2768">
    <p class='ocr_par' dir='ltr' id='par_1_43' title="bbox 239 2687 1812 2768">
     <span class='ocr_line' id='line_1_44' title="bbox 239 2687 1812 2768; baseline -0.007 -18"><span class='ocrx_word' id='word_1_334' title='bbox 239 2697 408 2768; x_wconf 86' lang='grc' dir='ltr'>μέχρι</span> <span class='ocrx_word' id='word_1_335' title='bbox 453 2695 547 2748; x_wconf 78' lang='grc' dir='ltr'>καὶ</span> <span class='ocrx_word' id='word_1_336' title='bbox 583 2693 815 2746; x_wconf 78' lang='grc' dir='ltr'>θανάτου</span> <span class='ocrx_word' id='word_1_337' title='bbox 837 2710 848 2722; x_wconf 64' lang='grc' dir='ltr'><em>υ</em></span> <span class='ocrx_word' id='word_1_338' title='bbox 882 2711 900 2742; x_wconf 70' lang='grc' dir='ltr'><strong>ι</strong></span> <span class='ocrx_word' id='word_1_339' title='bbox 940 2690 1061 2744; x_wconf 80' lang='grc' dir='ltr'>ὅθεν</span> <span class='ocrx_word' id='word_1_340' title='bbox 1099 2689 1191 2742; x_wconf 76' lang='grc' dir='ltr'><strong>καὶ</strong></span> <span class='ocrx_word' id='word_1_341' title='bbox 1222 2688 1533 2758; x_wconf 84' lang='grc' dir='ltr'>ἀναστήσας</span> <span class='ocrx_word' id='word_1_342' title='bbox 1569 2687 1729 2740; x_wconf 76' lang='grc' dir='ltr'>αὑτὸν</span> <span class='ocrx_word' id='word_1_343' title='bbox 1783 2688 1812 2739; x_wconf 89' lang='grc' dir='ltr'><strong>ό</strong></span> 
     </span>
    </p>
   </div>
   <div class='ocr_carea' id='block_1_44' title="bbox 233 2777 1814 2859">
    <p class='ocr_par' dir='ltr' id='par_1_44' title="bbox 233 2777 1814 2859">
     <span class='ocr_line' id='line_1_45' title="bbox 233 2777 1814 2859; baseline -0.008 -17"><span class='ocrx_word' id='word_1_344' title='bbox 233 2788 451 2859; x_wconf 77' lang='grc' dir='ltr'>Πατὴρ,</span> <span class='ocrx_word' id='word_1_345' title='bbox 487 2786 837 2855; x_wconf 74' lang='grc' dir='ltr'>οἰκοδόμησεν</span> <span class='ocrx_word' id='word_1_346' title='bbox 876 2781 1022 2853; x_wconf 86' lang='grc' dir='ltr'>αὑτῷ</span> <span class='ocrx_word' id='word_1_347' title='bbox 1053 2777 1198 2834; x_wconf 87' lang='grc' dir='ltr'>οἶκον</span> <span class='ocrx_word' id='word_1_348' title='bbox 1228 2781 1437 2843; x_wconf 86' lang='grc' dir='ltr'>πιστὸν,</span> <span class='ocrx_word' id='word_1_349' title='bbox 1462 2779 1560 2849; x_wconf 80' lang='grc' dir='ltr'><strong>τὴν</strong></span> <span class='ocrx_word' id='word_1_350' title='bbox 1582 2781 1645 2832; x_wconf 82' lang='grc' dir='ltr'>ὲκ</span> <span class='ocrx_word' id='word_1_351' title='bbox 1670 2779 1814 2847; x_wconf 85' lang='grc' dir='ltr'>λογι-</span> 
     </span>
    </p>
   </div>
   <div class='ocr_carea' id='block_1_45' title="bbox 229 2870 1812 2944">
    <p class='ocr_par' dir='ltr' id='par_1_45' title="bbox 229 2870 1812 2944">
     <span class='ocr_line' id='line_1_46' title="bbox 229 2870 1812 2944; baseline -0.006 -10"><span class='ocrx_word' id='word_1_352' title='bbox 229 2881 350 2934; x_wconf 79' lang='grc' dir='ltr'><strong>κῶν</strong></span> <span class='ocrx_word' id='word_1_353' title='bbox 376 2881 471 2934; x_wconf 74' lang='grc' dir='ltr'><strong>καὶ</strong></span> <span class='ocrx_word' id='word_1_354' title='bbox 511 2879 728 2943; x_wconf 79' lang='grc' dir='ltr'>ζώντων</span> <span class='ocrx_word' id='word_1_355' title='bbox 764 2878 857 2930; x_wconf 73' lang='grc' dir='ltr'><strong>καὶ</strong></span> <span class='ocrx_word' id='word_1_356' title='bbox 883 2875 1088 2930; x_wconf 83' lang='grc' dir='ltr'>πιστῶν</span> <span class='ocrx_word' id='word_1_357' title='bbox 1117 2875 1192 2939; x_wconf 87' lang='grc' dir='ltr'>ὼς</span> <span class='ocrx_word' id='word_1_358' title='bbox 1230 2873 1443 2944; x_wconf 84' lang='grc' dir='ltr'>ἀληθῶς</span> <span class='ocrx_word' id='word_1_359' title='bbox 1489 2870 1650 2924; x_wconf 87' lang='grc' dir='ltr'>λίθων</span> <span class='ocrx_word' id='word_1_360' title='bbox 1688 2889 1812 2924; x_wconf 87' lang='grc' dir='ltr'>συν-</span> 
     </span>
    </p>
   </div>
   <div class='ocr_carea' id='block_1_46' title="bbox 228 2968 1814 3042">
    <p class='ocr_par' dir='ltr' id='par_1_46' title="bbox 228 2968 1814 3042">
     <span class='ocr_line' id='line_1_47' title="bbox 228 2968 1814 3042; baseline -0.007 -14"><span class='ocrx_word' id='word_1_361' title='bbox 228 2975 484 3028; x_wconf 69' lang='grc' dir='ltr'>εστῶσαν</span> <span class='ocrx_word' id='word_1_362' title='bbox 518 2972 838 3042; x_wconf 79' lang='grc' dir='ltr'>Ἐκκλησίαν</span> <span class='ocrx_word' id='word_1_363' title='bbox 859 2988 872 3005; x_wconf 76' lang='grc' dir='ltr'><strong>ο</strong></span> <span class='ocrx_word' id='word_1_364' title='bbox 901 2969 1073 3040; x_wconf 83' lang='grc' dir='ltr'>τούτῳ</span> <span class='ocrx_word' id='word_1_365' title='bbox 1100 2969 1156 3022; x_wconf 84' lang='grc' dir='ltr'>δὲ</span> <span class='ocrx_word' id='word_1_366' title='bbox 1189 2969 1282 3022; x_wconf 70' lang='grc' dir='ltr'><strong>καὶ</strong></span> <span class='ocrx_word' id='word_1_367' title='bbox 1306 2968 1552 3038; x_wconf 75' lang='grc' dir='ltr'>ἔρχονται</span> <span class='ocrx_word' id='word_1_368' title='bbox 1576 2982 1814 3040; x_wconf 87' lang='grc' dir='ltr'>προσκυ-</span> 
     </span>
    </p>
   </div>
   <div class='ocr_carea' id='block_1_47' title="bbox 228 3054 1812 3129">
    <p class='ocr_par' dir='ltr' id='par_1_47' title="bbox 228 3054 1812 3129">
     <span class='ocr_line' id='line_1_48' title="bbox 228 3054 1812 3129; baseline -0.008 -10"><span class='ocrx_word' id='word_1_369' title='bbox 228 3068 346 3119; x_wconf 80' lang='grc' dir='ltr'>νεῖν</span> <span class='ocrx_word' id='word_1_370' title='bbox 380 3065 432 3118; x_wconf 73' lang='grc' dir='ltr'><strong>οἱ</strong></span> <span class='ocrx_word' id='word_1_371' title='bbox 472 3063 856 3125; x_wconf 76' lang='grc' dir='ltr'>πιστεύσαντες</span> <span class='ocrx_word' id='word_1_372' title='bbox 895 3063 974 3125; x_wconf 83' lang='grc' dir='ltr'><strong>εἰς</strong></span> <span class='ocrx_word' id='word_1_373' title='bbox 1010 3061 1189 3123; x_wconf 77' lang='grc' dir='ltr'>αὑτὸν,</span> <span class='ocrx_word' id='word_1_374' title='bbox 1223 3057 1408 3112; x_wconf 77' lang='grc' dir='ltr'>ὀϐολοῦ</span> <span class='ocrx_word' id='word_1_375' title='bbox 1445 3056 1704 3129; x_wconf 73' lang='grc' dir='ltr'>ἀργυρίου</span> <span class='ocrx_word' id='word_1_376' title='bbox 1739 3054 1812 3128; x_wconf 84' lang='grc' dir='ltr'><strong>μὴ</strong></span> 
     </span>
    </p>
   </div>
   <div class='ocr_carea' id='block_1_48' title="bbox 231 3148 1814 3231">
    <p class='ocr_par' dir='ltr' id='par_1_48' title="bbox 231 3148 1814 3231">
     <span class='ocr_line' id='line_1_49' title="bbox 231 3148 1814 3231; baseline -0.007 -20"><span class='ocrx_word' id='word_1_377' title='bbox 231 3156 317 3226; x_wconf 70' lang='grc' dir='ltr'><strong>(Γ.</strong></span> <span class='ocrx_word' id='word_1_378' title='bbox 347 3156 449 3226; x_wconf 78' lang='grc'><strong>15)</strong></span> <span class='ocrx_word' id='word_1_379' title='bbox 483 3154 961 3231; x_wconf 82' lang='grc' dir='ltr'>ἀποστρεφομένου</span> <span class='ocrx_word' id='word_1_380' title='bbox 990 3151 1236 3224; x_wconf 89' lang='grc' dir='ltr'>(όμενοι)</span> <span class='ocrx_word' id='word_1_381' title='bbox 1261 3191 1276 3216; x_wconf 89' lang='grc'><strong>,</strong></span> <span class='ocrx_word' id='word_1_382' title='bbox 1314 3152 1451 3222; x_wconf 80' lang='grc' dir='ltr'>μήτε</span> <span class='ocrx_word' id='word_1_383' title='bbox 1490 3148 1814 3221; x_wconf 83' lang='grc' dir='ltr'>σωματικῶς</span> 
     </span>
    </p>
   </div>
   <div class='ocr_carea' id='block_1_49' title="bbox 227 3239 1814 3320">
    <p class='ocr_par' dir='ltr' id='par_1_49' title="bbox 227 3239 1814 3320">
     <span class='ocr_line' id='line_1_50' title="bbox 227 3239 1814 3320; baseline -0.006 -19"><span class='ocrx_word' id='word_1_384' title='bbox 227 3248 335 3320; x_wconf 80' lang='grc' dir='ltr'>τὴν</span> <span class='ocrx_word' id='word_1_385' title='bbox 366 3248 457 3301; x_wconf 80' lang='grc' dir='ltr'><strong>τὸν</strong></span> <span class='ocrx_word' id='word_1_386' title='bbox 491 3245 788 3318; x_wconf 81' lang='grc' dir='ltr'>κοδράντην</span> <span class='ocrx_word' id='word_1_387' title='bbox 820 3246 899 3308; x_wconf 79' lang='grc' dir='ltr'><strong>εἰς</strong></span> <span class='ocrx_word' id='word_1_388' title='bbox 927 3245 1025 3316; x_wconf 80' lang='grc' dir='ltr'>τὴν</span> <span class='ocrx_word' id='word_1_389' title='bbox 1052 3244 1158 3298; x_wconf 87' lang='grc' dir='ltr'><strong>τῶν</strong></span> <span class='ocrx_word' id='word_1_390' title='bbox 1186 3243 1454 3313; x_wconf 84' lang='grc' dir='ltr'>δεομένων</span> <span class='ocrx_word' id='word_1_391' title='bbox 1497 3239 1814 3315; x_wconf 80' lang='grc' dir='ltr'>ἐπικουρίαν</span> 
     </span>
    </p>
   </div>
   <div class='ocr_carea' id='block_1_50' title="bbox 230 3332 1816 3410">
    <p class='ocr_par' dir='ltr' id='par_1_50' title="bbox 230 3332 1816 3410">
     <span class='ocr_line' id='line_1_51' title="bbox 230 3332 1816 3410; baseline -0.006 -19"><span class='ocrx_word' id='word_1_392' title='bbox 230 3337 701 3408; x_wconf 82' lang='grc' dir='ltr'>συνεισφέρουσαν</span> <span class='ocrx_word' id='word_1_393' title='bbox 723 3337 920 3410; x_wconf 79' lang='grc' dir='ltr'>χῂραν,</span> <span class='ocrx_word' id='word_1_394' title='bbox 953 3335 1090 3406; x_wconf 84' lang='grc' dir='ltr'>μήτε</span> <span class='ocrx_word' id='word_1_395' title='bbox 1121 3333 1225 3406; x_wconf 79' lang='grc' dir='ltr'>μὴν</span> <span class='ocrx_word' id='word_1_396' title='bbox 1265 3334 1406 3387; x_wconf 79' lang='grc' dir='ltr'>κατὰ</span> <span class='ocrx_word' id='word_1_397' title='bbox 1453 3333 1688 3385; x_wconf 86' lang='grc' dir='ltr'>διάνοιαν</span> <span class='ocrx_word' id='word_1_398' title='bbox 1718 3332 1816 3403; x_wconf 77' lang='grc' dir='ltr'><strong>τὴν</strong></span> 
     </span>
    </p>
   </div>
   <div class='ocr_carea' id='block_1_51' title="bbox 229 3423 1817 3500">
    <p class='ocr_par' dir='ltr' id='par_1_51' title="bbox 229 3423 1817 3500">
     <span class='ocr_line' id='line_1_52' title="bbox 229 3423 1817 3500; baseline -0.004 -18"><span class='ocrx_word' id='word_1_399' title='bbox 229 3430 334 3482; x_wconf 72' lang='grc' dir='ltr'>ἐπὶ</span> <span class='ocrx_word' id='word_1_400' title='bbox 361 3429 528 3500; x_wconf 86' lang='grc' dir='ltr'>μόνην</span> <span class='ocrx_word' id='word_1_401' title='bbox 555 3427 652 3500; x_wconf 72' lang='grc' dir='ltr'><strong>(η)</strong></span> <span class='ocrx_word' id='word_1_402' title='bbox 685 3431 750 3498; x_wconf 78' lang='grc' dir='ltr'>τῇ</span> <span class='ocrx_word' id='word_1_403' title='bbox 786 3427 966 3488; x_wconf 77' lang='grc' dir='ltr'>πίστει</span> <span class='ocrx_word' id='word_1_404' title='bbox 991 3425 1386 3498; x_wconf 74' lang='grc' dir='ltr'>ἐρηρεισμένην</span> <span class='ocrx_word' id='word_1_405' title='bbox 1413 3424 1588 3495; x_wconf 72' lang='grc' dir='ltr'>ψυχὴν</span> <span class='ocrx_word' id='word_1_406' title='bbox 1608 3463 1622 3487; x_wconf 97' lang='grc'><strong>,</strong></span> <span class='ocrx_word' id='word_1_407' title='bbox 1646 3423 1680 3493; x_wconf 83' lang='grc' dir='ltr'>ἦ</span> <span class='ocrx_word' id='word_1_408' title='bbox 1718 3423 1817 3495; x_wconf 82' lang='grc' dir='ltr'>τὴν</span> 
     </span>
    </p>
   </div>
   <div class='ocr_carea' id='block_1_52' title="bbox 229 3517 1817 3590">
    <p class='ocr_par' dir='ltr' id='par_1_52' title="bbox 229 3517 1817 3590">
     <span class='ocr_line' id='line_1_53' title="bbox 229 3517 1817 3590; baseline -0.005 -16"><span class='ocrx_word' id='word_1_409' title='bbox 229 3521 384 3575; x_wconf 83' lang='grc' dir='ltr'><strong>κατά</strong></span> <span class='ocrx_word' id='word_1_410' title='bbox 416 3519 640 3590; x_wconf 87' lang='grc' dir='ltr'>δύναμιν</span> <span class='ocrx_word' id='word_1_411' title='bbox 666 3519 772 3572; x_wconf 89' lang='grc' dir='ltr'><strong>τῶν</strong></span> <span class='ocrx_word' id='word_1_412' title='bbox 811 3517 1014 3588; x_wconf 77' lang='grc' dir='ltr'>νοητῶν</span> <span class='ocrx_word' id='word_1_413' title='bbox 1047 3517 1214 3587; x_wconf 83' lang='grc' dir='ltr'>αὑτῆς</span> <span class='ocrx_word' id='word_1_414' title='bbox 1237 3517 1588 3589; x_wconf 81' lang='grc' dir='ltr'>ὑπαρχόντων</span> <span class='ocrx_word' id='word_1_415' title='bbox 1608 3531 1817 3568; x_wconf 89' lang='grc' dir='ltr'>συνεισ-</span> 
     </span>
    </p>
   </div>
   <div class='ocr_carea' id='block_1_53' title="bbox 229 3605 1816 3682">
    <p class='ocr_par' dir='ltr' id='par_1_53' title="bbox 229 3605 1816 3682">
     <span class='ocr_line' id='line_1_54' title="bbox 229 3605 1816 3682; baseline -0.004 -18"><span class='ocrx_word' id='word_1_416' title='bbox 229 3613 511 3682; x_wconf 79' lang='grc' dir='ltr'>φέρουσαν</span> <span class='ocrx_word' id='word_1_417' title='bbox 542 3610 609 3664; x_wconf 87' lang='grc' dir='ltr'><strong>τά</strong></span> <span class='ocrx_word' id='word_1_418' title='bbox 636 3612 716 3674; x_wconf 80' lang='grc' dir='ltr'>εἰς</span> <span class='ocrx_word' id='word_1_419' title='bbox 769 3611 866 3680; x_wconf 79' lang='grc' dir='ltr'>τὴν</span> <span class='ocrx_word' id='word_1_420' title='bbox 894 3609 1001 3663; x_wconf 87' lang='grc' dir='ltr'><strong>τῶν</strong></span> <span class='ocrx_word' id='word_1_421' title='bbox 1031 3609 1230 3662; x_wconf 83' lang='grc' dir='ltr'>λοιπῶν</span> <span class='ocrx_word' id='word_1_422' title='bbox 1278 3608 1564 3678; x_wconf 76' lang='grc' dir='ltr'>οἰκοδομήν</span> <span class='ocrx_word' id='word_1_423' title='bbox 1608 3622 1668 3659; x_wconf 86' lang='grc' dir='ltr'><strong>τε</strong></span> <span class='ocrx_word' id='word_1_424' title='bbox 1724 3605 1816 3658; x_wconf 72' lang='grc' dir='ltr'><strong>καὶ</strong></span> 
     </span>
    </p>
   </div>
   <div class='ocr_carea' id='block_1_54' title="bbox 228 3695 1818 3773">
    <p class='ocr_par' dir='ltr' id='par_1_54' title="bbox 228 3695 1818 3773">
     <span class='ocr_line' id='line_1_55' title="bbox 228 3695 1818 3773; baseline -0.005 -16"><span class='ocrx_word' id='word_1_425' title='bbox 228 3703 507 3773; x_wconf 81' lang='grc' dir='ltr'>ὠφέλειαν</span> <span class='ocrx_word' id='word_1_426' title='bbox 542 3701 954 3772; x_wconf 76' lang='grc' dir='ltr'>συμϐαλλόμενα</span> <span class='ocrx_word' id='word_1_427' title='bbox 980 3717 992 3730; x_wconf 90' lang='grc'><strong>·</strong></span> <span class='ocrx_word' id='word_1_428' title='bbox 1034 3701 1103 3754; x_wconf 88' lang='grc' dir='ltr'><strong>τά</strong></span> <span class='ocrx_word' id='word_1_429' title='bbox 1143 3701 1192 3769; x_wconf 81' lang='grc' dir='ltr'>γ’</span> <span class='ocrx_word' id='word_1_430' title='bbox 1229 3696 1321 3753; x_wconf 85' lang='grc' dir='ltr'><strong>οῦν</strong></span> <span class='ocrx_word' id='word_1_431' title='bbox 1358 3718 1375 3750; x_wconf 83' lang='grc' dir='ltr'><strong>ι</strong></span> <span class='ocrx_word' id='word_1_432' title='bbox 1419 3697 1575 3771; x_wconf 86' lang='grc' dir='ltr'><strong>μωρὰ</strong></span> <span class='ocrx_word' id='word_1_433' title='bbox 1591 3695 1684 3750; x_wconf 91' lang='grc' dir='ltr'><strong>τοῦ</strong></span> <span class='ocrx_word' id='word_1_434' title='bbox 1726 3696 1818 3750; x_wconf 85' lang='grc' dir='ltr'>κό-</span> 
     </span>
    </p>
   </div>
   <div class='ocr_carea' id='block_1_55' title="bbox 233 3785 1819 3865">
    <p class='ocr_par' dir='ltr' id='par_1_55' title="bbox 233 3785 1819 3865">
     <span class='ocr_line' id='line_1_56' title="bbox 233 3785 1819 3865; baseline -0.005 -17"><span class='ocrx_word' id='word_1_435' title='bbox 233 3813 383 3865; x_wconf 84' lang='grc' dir='ltr'>σμου</span> <span class='ocrx_word' id='word_1_436' title='bbox 419 3791 697 3863; x_wconf 76' lang='grc' dir='ltr'>ἐξελέξατο</span> <span class='ocrx_word' id='word_1_437' title='bbox 735 3812 752 3844; x_wconf 75' lang='grc' dir='ltr'><strong>ι</strong></span> <span class='ocrx_word' id='word_1_438' title='bbox 786 3792 880 3846; x_wconf 73' lang='grc' dir='ltr'><strong>καὶ</strong></span> <span class='ocrx_word' id='word_1_439' title='bbox 911 3792 977 3845; x_wconf 77' lang='grc' dir='ltr'>τὰ</span> <span class='ocrx_word' id='word_1_440' title='bbox 1008 3791 1208 3861; x_wconf 80' lang='grc' dir='ltr'>ἀσθενῆ</span> <span class='ocrx_word' id='word_1_441' title='bbox 1236 3791 1328 3844; x_wconf 78' lang='grc' dir='ltr'><strong>καὶ</strong></span> <span class='ocrx_word' id='word_1_442' title='bbox 1349 3789 1556 3858; x_wconf 74' lang='grc' dir='ltr'>πτωχὰ,</span> <span class='ocrx_word' id='word_1_443' title='bbox 1581 3787 1675 3840; x_wconf 72' lang='grc' dir='ltr'><strong>καὶ</strong></span> <span class='ocrx_word' id='word_1_444' title='bbox 1702 3805 1719 3838; x_wconf 77' lang='grc' dir='ltr'><strong>ι</strong></span> <span class='ocrx_word' id='word_1_445' title='bbox 1749 3785 1819 3840; x_wconf 77' lang='grc' dir='ltr'>τὰ</span> 
     </span>
    </p>
   </div>
   <div class='ocr_carea' id='block_1_56' title="bbox 228 3880 1820 3960">
    <p class='ocr_par' dir='ltr' id='par_1_56' title="bbox 228 3880 1820 3960">
     <span class='ocr_line' id='line_1_57' title="bbox 228 3880 1820 3960; baseline -0.008 -17"><span class='ocrx_word' id='word_1_446' title='bbox 228 3888 652 3960; x_wconf 74' lang='grc' dir='ltr'>ἐξουθενημένα,</span> <span class='ocrx_word' id='word_1_447' title='bbox 682 3888 773 3939; x_wconf 74' lang='grc' dir='ltr'><strong>καὶ</strong></span> <span class='ocrx_word' id='word_1_448' title='bbox 793 3885 862 3939; x_wconf 87' lang='grc' dir='ltr'>τὰ</span> <span class='ocrx_word' id='word_1_449' title='bbox 893 3885 966 3957; x_wconf 83' lang='grc' dir='ltr'>μὴ</span> <span class='ocrx_word' id='word_1_450' title='bbox 987 3886 1114 3938; x_wconf 69' lang='grc' dir='ltr'>ὄντα</span> <span class='ocrx_word' id='word_1_451' title='bbox 1149 3905 1167 3936; x_wconf 76' lang='grc' dir='ltr'><strong>ι</strong></span> <span class='ocrx_word' id='word_1_452' title='bbox 1209 3882 1282 3956; x_wconf 82' lang='grc' dir='ltr'>μὴ</span> <span class='ocrx_word' id='word_1_453' title='bbox 1304 3880 1676 3954; x_wconf 85' lang='grc' dir='ltr'>ὑπερφρονῶν,</span> <span class='ocrx_word' id='word_1_454' title='bbox 1716 3897 1820 3951; x_wconf 73' lang='grc' dir='ltr'>μηου</span> 
     </span>
    </p>
   </div>
   <div class='ocr_carea' id='block_1_57' title="bbox 227 3968 1817 4046">
    <p class='ocr_par' dir='ltr' id='par_1_57' title="bbox 227 3968 1817 4046">
     <span class='ocr_line' id='line_1_58' title="bbox 227 3968 1817 4046; baseline -0.005 -14"><span class='ocrx_word' id='word_1_455' title='bbox 227 3980 295 4032; x_wconf 83' lang='grc' dir='ltr'>δὲ</span> <span class='ocrx_word' id='word_1_456' title='bbox 330 3978 444 4042; x_wconf 79' lang='grc' dir='ltr'>’τὰς</span> <span class='ocrx_word' id='word_1_457' title='bbox 477 3977 687 4032; x_wconf 81' lang='grc' dir='ltr'>τοιάσδε</span> <span class='ocrx_word' id='word_1_458' title='bbox 719 3976 894 4046; x_wconf 73' lang='grc' dir='ltr'>ψυχάς</span> <span class='ocrx_word' id='word_1_459' title='bbox 917 3994 930 4006; x_wconf 86' lang='grc'><strong>·</strong></span> <span class='ocrx_word' id='word_1_460' title='bbox 964 3975 1079 4028; x_wconf 80' lang='grc' dir='ltr'>ἀλλ’</span> <span class='ocrx_word' id='word_1_461' title='bbox 1124 3968 1210 4028; x_wconf 76' lang='grc' dir='ltr'>οἷα</span> <span class='ocrx_word' id='word_1_462' title='bbox 1253 3973 1628 4045; x_wconf 80' lang='grc' dir='ltr'>φιλάνθρωπος</span> <span class='ocrx_word' id='word_1_463' title='bbox 1683 3971 1817 4025; x_wconf 87' lang='grc' dir='ltr'>Θεοῦ</span> 
     </span>
    </p>
   </div>
   <div class='ocr_carea' id='block_1_58' title="bbox 230 4063 1818 4139">
    <p class='ocr_par' dir='ltr' id='par_1_58' title="bbox 230 4063 1818 4139">
     <span class='ocr_line' id='line_1_59' title="bbox 230 4063 1818 4139; baseline -0.006 -13"><span class='ocrx_word' id='word_1_464' title='bbox 230 4071 414 4139; x_wconf 81' lang='grc' dir='ltr'>Λόγος</span> <span class='ocrx_word' id='word_1_465' title='bbox 435 4070 529 4123; x_wconf 77' lang='grc' dir='ltr'><strong>καὶ</strong></span> <span class='ocrx_word' id='word_1_466' title='bbox 553 4069 755 4132; x_wconf 87' lang='grc' dir='ltr'>ταύτας</span> <span class='ocrx_word' id='word_1_467' title='bbox 799 4067 1192 4138; x_wconf 84' lang='grc' dir='ltr'>ἀποδεχόμενος</span> <span class='ocrx_word' id='word_1_468' title='bbox 1247 4067 1345 4138; x_wconf 83' lang='grc' dir='ltr'>τῆς</span> <span class='ocrx_word' id='word_1_469' title='bbox 1389 4064 1714 4138; x_wconf 82' lang='grc' dir='ltr'>προθυμίας,</span> <span class='ocrx_word' id='word_1_470' title='bbox 1753 4063 1818 4128; x_wconf 76' lang='grc' dir='ltr'>ἃς</span> 
     </span>
    </p>
   </div>
   <div class='ocr_carea' id='block_1_59' title="bbox 232 4159 1819 4234">
    <p class='ocr_par' dir='ltr' id='par_1_59' title="bbox 232 4159 1819 4234">
     <span class='ocr_line' id='line_1_60' title="bbox 232 4159 1819 4234; baseline -0.005 -16"><span class='ocrx_word' id='word_1_471' title='bbox 232 4165 336 4218; x_wconf 73' lang='grc' dir='ltr'><strong>καὶ</strong></span> <span class='ocrx_word' id='word_1_472' title='bbox 370 4163 549 4234; x_wconf 89' lang='grc' dir='ltr'>κρίσει</span> <span class='ocrx_word' id='word_1_473' title='bbox 577 4161 697 4231; x_wconf 62' lang='grc' dir='ltr'>θείᾳ</span> <span class='ocrx_word' id='word_1_474' title='bbox 729 4161 866 4215; x_wconf 85' lang='grc' dir='ltr'><strong>κατά</strong></span> <span class='ocrx_word' id='word_1_475' title='bbox 906 4161 1005 4230; x_wconf 74' lang='grc' dir='ltr'>τὴν</span> <span class='ocrx_word' id='word_1_476' title='bbox 1037 4159 1193 4224; x_wconf 77' lang='grc' dir='ltr'>ἀξίαν</span> <span class='ocrx_word' id='word_1_477' title='bbox 1243 4161 1302 4212; x_wconf 81' lang='grc' dir='ltr'>ὲν</span> <span class='ocrx_word' id='word_1_478' title='bbox 1330 4159 1603 4230; x_wconf 79' lang='grc' dir='ltr'>διαφόροις</span> <span class='ocrx_word' id='word_1_479' title='bbox 1635 4160 1819 4228; x_wconf 82' lang='grc' dir='ltr'>μοναῖς</span> 
     </span>
    </p>
   </div>
   <div class='ocr_carea' id='block_1_60' title="bbox 232 4247 1817 4330">
    <p class='ocr_par' dir='ltr' id='par_1_60' title="bbox 232 4247 1817 4330">
     <span class='ocr_line' id='line_1_61' title="bbox 232 4247 1817 4330; baseline -0.005 -21"><span class='ocrx_word' id='word_1_480' title='bbox 232 4255 350 4310; x_wconf 87' lang='grc' dir='ltr'><strong>τῶν</strong></span> <span class='ocrx_word' id='word_1_481' title='bbox 386 4253 665 4330; x_wconf 83' lang='grc' dir='ltr'>ίερατείων</span> <span class='ocrx_word' id='word_1_482' title='bbox 697 4251 862 4306; x_wconf 86' lang='grc' dir='ltr'>αὑτοῦ</span> <span class='ocrx_word' id='word_1_483' title='bbox 910 4251 1274 4316; x_wconf 83' lang='grc' dir='ltr'>κατατάσσει,</span> <span class='ocrx_word' id='word_1_484' title='bbox 1312 4251 1404 4304; x_wconf 90' lang='grc' dir='ltr'><strong>τοῦ</strong></span> <span class='ocrx_word' id='word_1_485' title='bbox 1450 4251 1574 4321; x_wconf 79' lang='grc' dir='ltr'>παρ’</span> <span class='ocrx_word' id='word_1_486' title='bbox 1625 4247 1817 4302; x_wconf 77' lang='grc' dir='ltr'>ἑαυτοῦ</span> 
     </span>
    </p>
   </div>
   <div class='ocr_carea' id='block_1_61' title="bbox 232 4342 1820 4420">
    <p class='ocr_par' dir='ltr' id='par_1_61' title="bbox 232 4342 1820 4420">
     <span class='ocr_line' id='line_1_62' title="bbox 232 4342 1820 4420; baseline -0.005 -18"><span class='ocrx_word' id='word_1_487' title='bbox 232 4349 408 4420; x_wconf 83' lang='grc' dir='ltr'>ἄρτου</span> <span class='ocrx_word' id='word_1_488' title='bbox 442 4346 542 4417; x_wconf 82' lang='grc' dir='ltr'>τῆς</span> <span class='ocrx_word' id='word_1_489' title='bbox 571 4346 739 4400; x_wconf 79' lang='grc' dir='ltr'>ἀϊδίου</span> <span class='ocrx_word' id='word_1_490' title='bbox 768 4345 912 4416; x_wconf 75' lang='grc' dir='ltr'>ζωῆς</span> <span class='ocrx_word' id='word_1_491' title='bbox 943 4343 1214 4409; x_wconf 83' lang='grc' dir='ltr'>καταξιῶν</span> <span class='ocrx_word' id='word_1_492' title='bbox 1240 4345 1428 4407; x_wconf 77' lang='grc' dir='ltr'>αὑτάς.</span> <span class='ocrx_word' id='word_1_493' title='bbox 1463 4344 1536 4396; x_wconf 85' lang='grc' dir='ltr'><strong>Τὸ</strong></span> <span class='ocrx_word' id='word_1_494' title='bbox 1563 4343 1618 4396; x_wconf 83' lang='grc' dir='ltr'><strong>δὲ</strong></span> <span class='ocrx_word' id='word_1_495' title='bbox 1658 4363 1676 4394; x_wconf 81' lang='grc' dir='ltr'><strong>ι</strong></span> <span class='ocrx_word' id='word_1_496' title='bbox 1711 4342 1820 4395; x_wconf 75' lang='grc' dir='ltr'><strong>Καὶ</strong></span> 
     </span>
    </p>
   </div>
   <div class='ocr_carea' id='block_1_62' title="bbox 230 4435 1814 4509">
    <p class='ocr_par' dir='ltr' id='par_1_62' title="bbox 230 4435 1814 4509">
     <span class='ocr_line' id='line_1_63' title="bbox 230 4435 1814 4509; baseline -0.004 -16"><span class='ocrx_word' id='word_1_497' title='bbox 230 4439 573 4496; x_wconf 80' lang='grc' dir='ltr'>διελεύσεται</span> <span class='ocrx_word' id='word_1_498' title='bbox 595 4435 820 4490; x_wconf 77' lang='grc' dir='ltr'>ἐνώπιον</span> <span class='ocrx_word' id='word_1_499' title='bbox 842 4436 1078 4509; x_wconf 86' lang='grc' dir='ltr'>Χριστοῦ</span> <span class='ocrx_word' id='word_1_500' title='bbox 1108 4453 1207 4506; x_wconf 85' lang='grc' dir='ltr'><strong>μου</strong></span> <span class='ocrx_word' id='word_1_501' title='bbox 1230 4436 1406 4500; x_wconf 82' lang='grc' dir='ltr'>πάσας</span> <span class='ocrx_word' id='word_1_502' title='bbox 1429 4435 1527 4500; x_wconf 82' lang='grc' dir='ltr'>τὰς</span> <span class='ocrx_word' id='word_1_503' title='bbox 1552 4435 1656 4505; x_wconf 86' lang='grc' dir='ltr'>ήμέ</span> <span class='ocrx_word' id='word_1_504' title='bbox 1666 4452 1782 4506; x_wconf 82' lang='grc' dir='ltr'>ρας,</span> <span class='ocrx_word' id='word_1_505' title='bbox 1797 4455 1814 4486; x_wconf 71' lang='grc' dir='ltr'><strong>ι</strong></span> 
     </span>
    </p>
   </div>
   <div class='ocr_carea' id='block_1_63' title="bbox 1911 1943 3478 2038">
    <p class='ocr_par' dir='ltr' id='par_1_63' title="bbox 1911 1943 3478 2038">
     <span class='ocr_line' id='line_1_64' title="bbox 1911 1943 3478 2038; baseline -0.02 -14"><span class='ocrx_word' id='word_1_506' title='bbox 1911 1967 2310 2038; x_wconf 73' lang='grc' dir='ltr'>υιιιιιιὶεικιηιιθ</span> <span class='ocrx_word' id='word_1_507' title='bbox 2357 1959 2685 2016; x_wconf 85' lang='lat' dir='ltr'><strong>remanserit</strong></span> <span class='ocrx_word' id='word_1_508' title='bbox 2734 1956 2789 2008; x_wconf 91' lang='lat' dir='ltr'><strong>in</strong></span> <span class='ocrx_word' id='word_1_509' title='bbox 2840 1953 3002 2007; x_wconf 89' lang='lat' dir='ltr'><strong>domo</strong></span> <span class='ocrx_word' id='word_1_510' title='bbox 3050 1962 3170 2010; x_wconf 90' lang='lat' dir='ltr'><strong>sua,</strong></span> <span class='ocrx_word' id='word_1_511' title='bbox 3214 1943 3392 1998; x_wconf 87' lang='lat' dir='ltr'><strong>veniat</strong></span> <span class='ocrx_word' id='word_1_512' title='bbox 3420 1949 3478 1993; x_wconf 84' lang='lat' dir='ltr'><strong>ut</strong></span> 
     </span>
    </p>
   </div>
   <div class='ocr_carea' id='block_1_64' title="bbox 1909 2037 3478 2128">
    <p class='ocr_par' dir='ltr' id='par_1_64' title="bbox 1909 2037 3478 2128">
     <span class='ocr_line' id='line_1_65' title="bbox 1909 2037 3478 2128; baseline -0.021 -13"><span class='ocrx_word' id='word_1_513' title='bbox 1909 2037 2097 2115; x_wconf 82' lang='lat' dir='ltr'><strong>oretur</strong></span> <span class='ocrx_word' id='word_1_514' title='bbox 2136 2069 2236 2128; x_wconf 88' lang='lat' dir='ltr'><strong>pro</strong></span> <span class='ocrx_word' id='word_1_515' title='bbox 2281 2069 2368 2113; x_wconf 84' lang='lat' dir='ltr'><strong>eo,</strong></span> <span class='ocrx_word' id='word_1_516' title='bbox 2399 2059 2452 2106; x_wconf 80' lang='lat' dir='ltr'><strong>et</strong></span> <span class='ocrx_word' id='word_1_517' title='bbox 2475 2038 2478 2042; x_wconf 18' lang='lat'>1</span> <span class='ocrx_word' id='word_1_518' title='bbox 2504 2048 2699 2102; x_wconf 72' lang='lat' dir='ltr'><strong>oil&#39;erat</strong></span> <span class='ocrx_word' id='word_1_519' title='bbox 2741 2057 3023 2099; x_wconf 88' lang='lat' dir='ltr'><strong>nummum</strong></span> <span class='ocrx_word' id='word_1_520' title='bbox 3059 2045 3395 2107; x_wconf 78' lang='lat' dir='ltr'><strong>argenteum,</strong></span> <span class='ocrx_word' id='word_1_521' title='bbox 3424 2037 3478 2084; x_wconf 88' lang='lat' dir='ltr'><strong>et</strong></span> 
     </span>
    </p>
   </div>
   <div class='ocr_carea' id='block_1_65' title="bbox 1910 2119 3477 2217">
    <p class='ocr_par' dir='ltr' id='par_1_65' title="bbox 1910 2119 3477 2217">
     <span class='ocr_line' id='line_1_66' title="bbox 1910 2119 3477 2217; baseline -0.02 -13"><span class='ocrx_word' id='word_1_522' title='bbox 1910 2157 2109 2204; x_wconf 86' lang='lat' dir='ltr'><strong>tortam</strong></span> <span class='ocrx_word' id='word_1_523' title='bbox 2136 2119 2337 2217; x_wconf 52' lang='lat' dir='ltr'><strong>-panis,</strong></span> <span class='ocrx_word' id='word_1_524' title='bbox 2365 2141 2656 2208; x_wconf 87' lang='lat' dir='ltr'><strong>dicatque:</strong></span> <span class='ocrx_word' id='word_1_525' title='bbox 2710 2133 2930 2187; x_wconf 87' lang='lat' dir='ltr'><strong>Dimitte</strong></span> <span class='ocrx_word' id='word_1_526' title='bbox 2972 2144 3076 2191; x_wconf 88' lang='lat' dir='ltr'><strong>me,</strong></span> <span class='ocrx_word' id='word_1_527' title='bbox 3111 2127 3359 2186; x_wconf 80' lang='lat' dir='ltr'><strong>obsecro,</strong></span> <span class='ocrx_word' id='word_1_528' title='bbox 3410 2119 3477 2173; x_wconf 87' lang='lat' dir='ltr'><strong>ad</strong></span> 
     </span>
    </p>
   </div>
   <div class='ocr_carea' id='block_1_66' title="bbox 1910 2213 3475 2309">
    <p class='ocr_par' dir='ltr' id='par_1_66' title="bbox 1910 2213 3475 2309">
     <span class='ocr_line' id='line_1_67' title="bbox 1910 2213 3475 2309; baseline -0.023 -11"><span class='ocrx_word' id='word_1_529' title='bbox 1910 2257 2074 2297; x_wconf 84' lang='lat' dir='ltr'><strong>unam</strong></span> <span class='ocrx_word' id='word_1_530' title='bbox 2104 2213 2315 2309; x_wconf 75' lang='lat' dir='ltr'><strong>partem</strong></span> <span class='ocrx_word' id='word_1_531' title='bbox 2345 2229 2757 2290; x_wconf 85' lang='lat' dir='ltr'><strong>sacerdotalem,</strong></span> <span class='ocrx_word' id='word_1_532' title='bbox 2791 2231 2849 2279; x_wconf 93' lang='lat' dir='ltr'><strong>ut</strong></span> <span class='ocrx_word' id='word_1_533' title='bbox 2865 2219 3143 2277; x_wconf 84' lang='lat' dir='ltr'><strong>comedam</strong></span> <span class='ocrx_word' id='word_1_534' title='bbox 3177 2213 3475 2271; x_wconf 77' lang='lat' dir='ltr'><strong>buccellam</strong></span> 
     </span>
    </p>
   </div>
   <div class='ocr_carea' id='block_1_67' title="bbox 1911 2305 3476 2404">
    <p class='ocr_par' dir='ltr' id='par_1_67' title="bbox 1911 2305 3476 2404">
     <span class='ocr_line' id='line_1_68' title="bbox 1911 2305 3476 2404; baseline -0.021 -16"><span class='ocrx_word' id='word_1_535' title='bbox 1911 2333 2184 2404; x_wconf 68' lang='lat' dir='ltr'><strong>panis“.i</strong></span> <span class='ocrx_word' id='word_1_536' title='bbox 2218 2327 2390 2383; x_wconf 86' lang='lat' dir='ltr'><strong>Nemo</strong></span> <span class='ocrx_word' id='word_1_537' title='bbox 2424 2325 2565 2378; x_wconf 89' lang='lat' dir='ltr'><strong>alius</strong></span> <span class='ocrx_word' id='word_1_538' title='bbox 2596 2319 2702 2374; x_wconf 88' lang='lat' dir='ltr'><strong>nisi</strong></span> <span class='ocrx_word' id='word_1_539' title='bbox 2740 2318 2888 2372; x_wconf 93' lang='lat' dir='ltr'><strong>solus</strong></span> <span class='ocrx_word' id='word_1_540' title='bbox 2913 2310 3210 2369; x_wconf 87' lang='lat' dir='ltr'><strong>secundum</strong></span> <span class='ocrx_word' id='word_1_541' title='bbox 3231 2305 3476 2360; x_wconf 85' lang='lat' dir='ltr'><strong>ordinem</strong></span> 
     </span>
    </p>
   </div>
   <div class='ocr_carea' id='block_1_68' title="bbox 1915 2396 3478 2479">
    <p class='ocr_par' dir='ltr' id='par_1_68' title="bbox 1915 2396 3478 2479">
     <span class='ocr_line' id='line_1_69' title="bbox 1915 2396 3478 2479; baseline -0.02 -1"><span class='ocrx_word' id='word_1_542' title='bbox 1915 2396 2315 2479; x_wconf 58' lang='lat' dir='ltr'><strong>llelcbisedech</strong></span> <span class='ocrx_word' id='word_1_543' title='bbox 2348 2413 2608 2472; x_wconf 82' lang='lat' dir='ltr'><strong>sacerdos</strong></span> <span class='ocrx_word' id='word_1_544' title='bbox 2639 2409 2728 2464; x_wconf 91' lang='lat' dir='ltr'><strong>Dei</strong></span> <span class='ocrx_word' id='word_1_545' title='bbox 2762 2403 3017 2461; x_wconf 79' lang='lat' dir='ltr'><strong>altissimi</strong></span> <span class='ocrx_word' id='word_1_546' title='bbox 3049 2400 3207 2455; x_wconf 90' lang='lat' dir='ltr'><strong>Jesns</strong></span> <span class='ocrx_word' id='word_1_547' title='bbox 3227 2396 3478 2452; x_wconf 89' lang='lat' dir='ltr'><strong>Christus</strong></span> 
     </span>
    </p>
   </div>
   <div class='ocr_carea' id='block_1_69' title="bbox 1915 2491 3481 2578">
    <p class='ocr_par' dir='ltr' id='par_1_69' title="bbox 1915 2491 3481 2578">
     <span class='ocr_line' id='line_1_70' title="bbox 1915 2491 3481 2578; baseline -0.02 -8"><span class='ocrx_word' id='word_1_548' title='bbox 1915 2515 2164 2570; x_wconf 77' lang='lat' dir='ltr'><strong>Salvator</strong></span> <span class='ocrx_word' id='word_1_549' title='bbox 2193 2517 2403 2571; x_wconf 87' lang='lat' dir='ltr'><strong>noster,</strong></span> <span class='ocrx_word' id='word_1_550' title='bbox 2444 2520 2604 2578; x_wconf 83' lang='lat' dir='ltr'><strong>quem</strong></span> <span class='ocrx_word' id='word_1_551' title='bbox 2663 2520 2681 2550; x_wconf 77' lang='grc' dir='ltr'><strong>ι</strong></span> <span class='ocrx_word' id='word_1_552' title='bbox 2706 2500 2969 2554; x_wconf 87' lang='lat' dir='ltr'><strong>habemus</strong></span> <span class='ocrx_word' id='word_1_553' title='bbox 3012 2491 3326 2547; x_wconf 87' lang='lat' dir='ltr'><strong>Pontilicem</strong></span> <span class='ocrx_word' id='word_1_554' title='bbox 3371 2501 3481 2540; x_wconf 85' lang='lat' dir='ltr'><strong>ma-</strong></span> 
     </span>
    </p>
   </div>
   <div class='ocr_carea' id='block_1_70' title="bbox 1913 2581 3482 2678">
    <p class='ocr_par' dir='ltr' id='par_1_70' title="bbox 1913 2581 3482 2678">
     <span class='ocr_line' id='line_1_71' title="bbox 1913 2581 3482 2678; baseline -0.02 -17"><span class='ocrx_word' id='word_1_555' title='bbox 1913 2623 2134 2678; x_wconf 68' lang='lat' dir='ltr'><strong>gnum,»</strong></span> <span class='ocrx_word' id='word_1_556' title='bbox 2179 2601 2478 2659; x_wconf 88' lang='lat' dir='ltr'><strong>secundum</strong></span> <span class='ocrx_word' id='word_1_557' title='bbox 2502 2593 2844 2666; x_wconf 85' lang='lat' dir='ltr'><strong>Apostolum,</strong></span> <span class='ocrx_word' id='word_1_558' title='bbox 2883 2607 2902 2639; x_wconf 78' lang='grc' dir='ltr'><strong>ι</strong></span> <span class='ocrx_word' id='word_1_559' title='bbox 2928 2587 3022 2658; x_wconf 86' lang='lat' dir='ltr'><strong>qui</strong></span> <span class='ocrx_word' id='word_1_560' title='bbox 3048 2581 3346 2655; x_wconf 90' lang='lat' dir='ltr'><strong>penetravit</strong></span> <span class='ocrx_word' id='word_1_561' title='bbox 3368 2593 3482 2632; x_wconf 67' lang='lat' dir='ltr'><strong>cce-</strong></span> 
     </span>
    </p>
   </div>
   <div class='ocr_carea' id='block_1_71' title="bbox 1915 2668 3483 2762">
    <p class='ocr_par' dir='ltr' id='par_1_71' title="bbox 1915 2668 3483 2762">
     <span class='ocr_line' id='line_1_72' title="bbox 1915 2668 3483 2762; baseline -0.019 -10"><span class='ocrx_word' id='word_1_562' title='bbox 1915 2699 1997 2752; x_wconf 92' lang='lat' dir='ltr'><strong>los</strong></span> <span class='ocrx_word' id='word_1_563' title='bbox 2020 2698 2120 2760; x_wconf 60' lang='lat'><strong>“9,:</strong></span> <span class='ocrx_word' id='word_1_564' title='bbox 2158 2693 2394 2762; x_wconf 79' lang='lat' dir='ltr'><strong>fecitque</strong></span> <span class='ocrx_word' id='word_1_565' title='bbox 2422 2687 2606 2744; x_wconf 87' lang='lat' dir='ltr'><strong>omnia</strong></span> <span class='ocrx_word' id='word_1_566' title='bbox 2637 2698 2757 2755; x_wconf 62' lang='lat' dir='ltr'><strong>qua;</strong></span> <span class='ocrx_word' id='word_1_567' title='bbox 2798 2679 2944 2734; x_wconf 80' lang='lat' dir='ltr'><strong>Patri</strong></span> <span class='ocrx_word' id='word_1_568' title='bbox 2983 2674 3136 2731; x_wconf 88' lang='lat' dir='ltr'><strong>cordi</strong></span> <span class='ocrx_word' id='word_1_569' title='bbox 3161 2679 3337 2732; x_wconf 88' lang='lat' dir='ltr'><strong>erant,</strong></span> <span class='ocrx_word' id='word_1_570' title='bbox 3366 2687 3382 2719; x_wconf 82' lang='grc' dir='ltr'><strong>ι</strong></span> <span class='ocrx_word' id='word_1_571' title='bbox 3409 2668 3483 2722; x_wconf 83' lang='lat' dir='ltr'><strong>fa-</strong></span> 
     </span>
    </p>
   </div>
   <div class='ocr_carea' id='block_1_72' title="bbox 1915 2762 3480 2851">
    <p class='ocr_par' dir='ltr' id='par_1_72' title="bbox 1915 2762 3480 2851">
     <span class='ocr_line' id='line_1_73' title="bbox 1915 2762 3480 2851; baseline -0.019 -7"><span class='ocrx_word' id='word_1_572' title='bbox 1915 2798 2038 2844; x_wconf 80' lang='lat' dir='ltr'><strong>ctus</strong></span> <span class='ocrx_word' id='word_1_573' title='bbox 2091 2785 2352 2841; x_wconf 86' lang='lat' dir='ltr'><strong>obediens</strong></span> <span class='ocrx_word' id='word_1_574' title='bbox 2385 2796 2556 2851; x_wconf 89' lang='lat' dir='ltr'><strong>usque</strong></span> <span class='ocrx_word' id='word_1_575' title='bbox 2601 2776 2667 2830; x_wconf 90' lang='lat' dir='ltr'><strong>ad</strong></span> <span class='ocrx_word' id='word_1_576' title='bbox 2719 2769 3084 2834; x_wconf 68' lang='lat' dir='ltr'><strong>mortem&quot;°;i</strong></span> <span class='ocrx_word' id='word_1_577' title='bbox 3121 2766 3264 2820; x_wconf 89' lang='lat' dir='ltr'><strong>unde</strong></span> <span class='ocrx_word' id='word_1_578' title='bbox 3297 2762 3480 2821; x_wconf 83' lang='lat' dir='ltr'><strong>Pater.</strong></span> 
     </span>
    </p>
   </div>
   <div class='ocr_carea' id='block_1_73' title="bbox 1915 2852 3481 2936">
    <p class='ocr_par' dir='ltr' id='par_1_73' title="bbox 1915 2852 3481 2936">
     <span class='ocr_line' id='line_1_74' title="bbox 1915 2852 3481 2936; baseline -0.02 -2"><span class='ocrx_word' id='word_1_579' title='bbox 1915 2895 2039 2936; x_wconf 82' lang='lat' dir='ltr'><strong>eum</strong></span> <span class='ocrx_word' id='word_1_580' title='bbox 2084 2893 2208 2931; x_wconf 86' lang='lat' dir='ltr'><strong>cum</strong></span> <span class='ocrx_word' id='word_1_581' title='bbox 2245 2873 2529 2934; x_wconf 75' lang='lat' dir='ltr'><strong>erexisset,</strong></span> <span class='ocrx_word' id='word_1_582' title='bbox 2561 2866 2850 2922; x_wconf 60' lang='lat' dir='ltr'><strong>aediﬁcavit</strong></span> <span class='ocrx_word' id='word_1_583' title='bbox 2900 2863 2948 2917; x_wconf 89' lang='lat' dir='ltr'><strong>ei</strong></span> <span class='ocrx_word' id='word_1_584' title='bbox 2997 2859 3216 2913; x_wconf 88' lang='lat' dir='ltr'><strong>domum</strong></span> <span class='ocrx_word' id='word_1_585' title='bbox 3249 2852 3481 2919; x_wconf 81' lang='lat' dir='ltr'><strong>ﬁdelem,</strong></span> 
     </span>
    </p>
   </div>
   <div class='ocr_carea' id='block_1_74' title="bbox 1891 2946 3482 3024">
    <p class='ocr_par' dir='ltr' id='par_1_74' title="bbox 1891 2946 3482 3024">
     <span class='ocr_line' id='line_1_75' title="bbox 1891 2946 3482 3024; baseline -0.018 0"><span class='ocrx_word' id='word_1_586' title='bbox 1891 2953 2269 3024; x_wconf 81' lang='lat' dir='ltr'><strong>constitutam</strong></span> <span class='ocrx_word' id='word_1_587' title='bbox 2325 2961 2574 3016; x_wconf 82' lang='lat' dir='ltr'><strong>videlicet</strong></span> <span class='ocrx_word' id='word_1_588' title='bbox 2641 2954 3005 3010; x_wconf 81' lang='lat' dir='ltr'><strong>rationalibus</strong></span> <span class='ocrx_word' id='word_1_589' title='bbox 3060 2946 3482 3012; x_wconf 83' lang='lat' dir='ltr'><strong>viventibusque</strong></span> 
     </span>
    </p>
   </div>
   <div class='ocr_carea' id='block_1_75' title="bbox 1916 3041 3484 3124">
    <p class='ocr_par' dir='ltr' id='par_1_75' title="bbox 1916 3041 3484 3124">
     <span class='ocr_line' id='line_1_76' title="bbox 1916 3041 3484 3124; baseline -0.018 -7"><span class='ocrx_word' id='word_1_590' title='bbox 1916 3079 1980 3119; x_wconf 89' lang='lat' dir='ltr'><strong>ac</strong></span> <span class='ocrx_word' id='word_1_591' title='bbox 2038 3077 2165 3119; x_wconf 89' lang='lat' dir='ltr'><strong>vere</strong></span> <span class='ocrx_word' id='word_1_592' title='bbox 2214 3058 2465 3114; x_wconf 83' lang='lat' dir='ltr'><strong>ﬁdelibus</strong></span> <span class='ocrx_word' id='word_1_593' title='bbox 2527 3053 2800 3124; x_wconf 91' lang='lat' dir='ltr'><strong>lapidibus</strong></span> <span class='ocrx_word' id='word_1_594' title='bbox 2874 3046 3173 3103; x_wconf 80' lang='lat' dir='ltr'><strong>Ecclesiam</strong></span> <span class='ocrx_word' id='word_1_595' title='bbox 3207 3043 3274 3095; x_wconf 79' lang='grc' dir='ltr'><strong>τ’.</strong></span> <span class='ocrx_word' id='word_1_596' title='bbox 3331 3041 3484 3092; x_wconf 92' lang='lat' dir='ltr'><strong>llnnc</strong></span> 
     </span>
    </p>
   </div>
   <div class='ocr_carea' id='block_1_76' title="bbox 1919 3131 3471 3218">
    <p class='ocr_par' dir='ltr' id='par_1_76' title="bbox 1919 3131 3471 3218">
     <span class='ocr_line' id='line_1_77' title="bbox 1919 3131 3471 3218; baseline -0.018 -9"><span class='ocrx_word' id='word_1_597' title='bbox 1919 3157 2203 3212; x_wconf 90' lang='lat' dir='ltr'><strong>adoratum</strong></span> <span class='ocrx_word' id='word_1_598' title='bbox 2235 3152 2453 3207; x_wconf 84' lang='lat' dir='ltr'><strong>venient</strong></span> <span class='ocrx_word' id='word_1_599' title='bbox 2482 3147 2575 3218; x_wconf 87' lang='lat' dir='ltr'><strong>qui</strong></span> <span class='ocrx_word' id='word_1_600' title='bbox 2607 3147 2660 3200; x_wconf 89' lang='lat' dir='ltr'><strong>in</strong></span> <span class='ocrx_word' id='word_1_601' title='bbox 2695 3160 2820 3201; x_wconf 87' lang='lat' dir='ltr'><strong>cum</strong></span> <span class='ocrx_word' id='word_1_602' title='bbox 2855 3140 3224 3200; x_wconf 87' lang='lat' dir='ltr'><strong>crediderunt,</strong></span> <span class='ocrx_word' id='word_1_603' title='bbox 3263 3131 3471 3188; x_wconf 89' lang='lat' dir='ltr'><strong>nummi</strong></span> 
     </span>
    </p>
   </div>
   <div class='ocr_carea' id='block_1_77' title="bbox 1920 3231 3484 3319">
    <p class='ocr_par' dir='ltr' id='par_1_77' title="bbox 1920 3231 3484 3319">
     <span class='ocr_line' id='line_1_78' title="bbox 1920 3231 3484 3319; baseline -0.017 -16"><span class='ocrx_word' id='word_1_604' title='bbox 1920 3246 2165 3319; x_wconf 81' lang='lat' dir='ltr'><strong>argentei</strong></span> <span class='ocrx_word' id='word_1_605' title='bbox 2211 3261 2319 3299; x_wconf 90' lang='lat' dir='ltr'><strong>non</strong></span> <span class='ocrx_word' id='word_1_606' title='bbox 2377 3243 2758 3305; x_wconf 84' lang='lat' dir='ltr'><strong>immemores;</strong></span> <span class='ocrx_word' id='word_1_607' title='bbox 2816 3251 2992 3304; x_wconf 88' lang='lat' dir='ltr'><strong>neque</strong></span> <span class='ocrx_word' id='word_1_608' title='bbox 3031 3231 3180 3288; x_wconf 89' lang='lat' dir='ltr'><strong>enim</strong></span> <span class='ocrx_word' id='word_1_609' title='bbox 3220 3240 3484 3296; x_wconf 71' lang='lat' dir='ltr'><strong>corpora-</strong></span> 
     </span>
    </p>
   </div>
   <div class='ocr_carea' id='block_1_78' title="bbox 1919 3321 3488 3410">
    <p class='ocr_par' dir='ltr' id='par_1_78' title="bbox 1919 3321 3488 3410">
     <span class='ocr_line' id='line_1_79' title="bbox 1919 3321 3488 3410; baseline -0.017 -14"><span class='ocrx_word' id='word_1_610' title='bbox 1919 3343 2042 3397; x_wconf 88' lang='lat' dir='ltr'><strong>liter</strong></span> <span class='ocrx_word' id='word_1_611' title='bbox 2075 3338 2435 3410; x_wconf 88' lang='lat' dir='ltr'><strong>quadrantem</strong></span> <span class='ocrx_word' id='word_1_612' title='bbox 2485 3335 2540 3388; x_wconf 91' lang='lat' dir='ltr'><strong>in</strong></span> <span class='ocrx_word' id='word_1_613' title='bbox 2596 3328 3033 3388; x_wconf 88' lang='lat' dir='ltr'><strong>necessariorum</strong></span> <span class='ocrx_word' id='word_1_614' title='bbox 3059 3321 3324 3378; x_wconf 72' lang='lat' dir='ltr'><strong>auxilium</strong></span> <span class='ocrx_word' id='word_1_615' title='bbox 3357 3333 3488 3371; x_wconf 78' lang='lat' dir='ltr'><strong>con-</strong></span> 
     </span>
    </p>
   </div>
   <div class='ocr_carea' id='block_1_79' title="bbox 1922 3407 3488 3490">
    <p class='ocr_par' dir='ltr' id='par_1_79' title="bbox 1922 3407 3488 3490">
     <span class='ocr_line' id='line_1_80' title="bbox 1922 3407 3488 3490; baseline -0.017 -5"><span class='ocrx_word' id='word_1_616' title='bbox 1922 3407 2186 3487; x_wconf 76' lang='lat' dir='ltr'><strong>ferentem</strong></span> <span class='ocrx_word' id='word_1_617' title='bbox 2237 3425 2574 3489; x_wconf 84' lang='lat' dir='ltr'><strong>viduam,&quot;,</strong></span> <span class='ocrx_word' id='word_1_618' title='bbox 2622 3435 2800 3490; x_wconf 87' lang='lat' dir='ltr'><strong>neque</strong></span> <span class='ocrx_word' id='word_1_619' title='bbox 2846 3415 3167 3488; x_wconf 90' lang='lat' dir='ltr'><strong>spiritaliter</strong></span> <span class='ocrx_word' id='word_1_620' title='bbox 3215 3410 3315 3464; x_wconf 88' lang='lat' dir='ltr'><strong>soli</strong></span> <span class='ocrx_word' id='word_1_621' title='bbox 3365 3407 3488 3462; x_wconf 75' lang='lat' dir='ltr'><strong>fidei</strong></span> 
     </span>
    </p>
   </div>
   <div class='ocr_carea' id='block_1_80' title="bbox 1919 3499 3487 3581">
    <p class='ocr_par' dir='ltr' id='par_1_80' title="bbox 1919 3499 3487 3581">
     <span class='ocr_line' id='line_1_81' title="bbox 1919 3499 3487 3581; baseline -0.015 -6"><span class='ocrx_word' id='word_1_622' title='bbox 1919 3522 2164 3576; x_wconf 79' lang='lat' dir='ltr'><strong>innixam</strong></span> <span class='ocrx_word' id='word_1_623' title='bbox 2197 3518 2459 3581; x_wconf 88' lang='lat' dir='ltr'><strong>animam,</strong></span> <span class='ocrx_word' id='word_1_624' title='bbox 2488 3512 2572 3567; x_wconf 85' lang='lat' dir='ltr'><strong>vel</strong></span> <span class='ocrx_word' id='word_1_625' title='bbox 2607 3509 2910 3566; x_wconf 90' lang='lat' dir='ltr'><strong>secundum</strong></span> <span class='ocrx_word' id='word_1_626' title='bbox 2943 3503 3268 3576; x_wconf 88' lang='lat' dir='ltr'><strong>spiritalium</strong></span> <span class='ocrx_word' id='word_1_627' title='bbox 3313 3499 3487 3554; x_wconf 88' lang='lat' dir='ltr'><strong>bono-</strong></span> 
     </span>
    </p>
   </div>
   <div class='ocr_carea' id='block_1_81' title="bbox 1919 3591 3487 3668">
    <p class='ocr_par' dir='ltr' id='par_1_81' title="bbox 1919 3591 3487 3668">
     <span class='ocr_line' id='line_1_82' title="bbox 1919 3591 3487 3668; baseline -0.013 -2"><span class='ocrx_word' id='word_1_628' title='bbox 1919 3629 2039 3668; x_wconf 91' lang='lat' dir='ltr'><strong>rum</strong></span> <span class='ocrx_word' id='word_1_629' title='bbox 2075 3611 2388 3666; x_wconf 79' lang='lat' dir='ltr'><strong>facultatem</strong></span> <span class='ocrx_word' id='word_1_630' title='bbox 2419 3615 2746 3661; x_wconf 63' lang='lat' dir='ltr'><strong>catterorum</strong></span> <span class='ocrx_word' id='word_1_631' title='bbox 2782 3597 3131 3655; x_wconf 61' lang='lat' dir='ltr'><strong>mdilicationi</strong></span> <span class='ocrx_word' id='word_1_632' title='bbox 3171 3604 3224 3650; x_wconf 92' lang='lat' dir='ltr'><strong>et</strong></span> <span class='ocrx_word' id='word_1_633' title='bbox 3267 3591 3487 3648; x_wconf 83' lang='lat' dir='ltr'><strong>ntili&#39;ati</strong></span> 
     </span>
    </p>
   </div>
   <div class='ocr_carea' id='block_1_82' title="bbox 1917 3685 3489 3768">
    <p class='ocr_par' dir='ltr' id='par_1_82' title="bbox 1917 3685 3489 3768">
     <span class='ocr_line' id='line_1_83' title="bbox 1917 3685 3489 3768; baseline -0.015 -7"><span class='ocrx_word' id='word_1_634' title='bbox 1917 3706 2324 3768; x_wconf 84' lang='lat' dir='ltr'><strong>consulentem;</strong></span> <span class='ocrx_word' id='word_1_635' title='bbox 2379 3702 2586 3756; x_wconf 70' lang='lat' dir='ltr'><strong>«stulta</strong></span> <span class='ocrx_word' id='word_1_636' title='bbox 2635 3715 2652 3748; x_wconf 72' lang='grc' dir='ltr'><strong>ι</strong></span> <span class='ocrx_word' id='word_1_637' title='bbox 2702 3696 2886 3766; x_wconf 74' lang='lat' dir='ltr'><strong>igitur,</strong></span> <span class='ocrx_word' id='word_1_638' title='bbox 2935 3709 2953 3742; x_wconf 80' lang='grc' dir='ltr'><strong>ι</strong></span> <span class='ocrx_word' id='word_1_639' title='bbox 3011 3687 3200 3744; x_wconf 92' lang='lat' dir='ltr'><strong>mundi</strong></span> <span class='ocrx_word' id='word_1_640' title='bbox 3239 3685 3402 3756; x_wconf 77' lang='lat' dir='ltr'><strong>elegit</strong></span> <span class='ocrx_word' id='word_1_641' title='bbox 3435 3693 3489 3739; x_wconf 91' lang='lat' dir='ltr'><strong>et</strong></span> 
     </span>
    </p>
   </div>
   <div class='ocr_carea' id='block_1_83' title="bbox 1919 3773 3481 3860">
    <p class='ocr_par' dir='ltr' id='par_1_83' title="bbox 1919 3773 3481 3860">
     <span class='ocr_line' id='line_1_84' title="bbox 1919 3773 3481 3860; baseline -0.019 -9"><span class='ocrx_word' id='word_1_642' title='bbox 1919 3777 2135 3851; x_wconf 77' lang='lat' dir='ltr'><strong>inlirma</strong></span> <span class='ocrx_word' id='word_1_643' title='bbox 2163 3814 2181 3844; x_wconf 71' lang='grc' dir='ltr'><strong>ι</strong></span> <span class='ocrx_word' id='word_1_644' title='bbox 2210 3799 2264 3846; x_wconf 89' lang='lat' dir='ltr'><strong>et</strong></span> <span class='ocrx_word' id='word_1_645' title='bbox 2295 3790 2498 3860; x_wconf 90' lang='lat' dir='ltr'><strong>inopia,</strong></span> <span class='ocrx_word' id='word_1_646' title='bbox 2527 3793 2581 3842; x_wconf 88' lang='lat' dir='ltr'><strong>et</strong></span> <span class='ocrx_word' id='word_1_647' title='bbox 2607 3785 2734 3839; x_wconf 91' lang='lat' dir='ltr'><strong>vilia</strong></span> <span class='ocrx_word' id='word_1_648' title='bbox 2765 3801 2782 3833; x_wconf 80' lang='grc' dir='ltr'><strong>ι</strong></span> <span class='ocrx_word' id='word_1_649' title='bbox 2811 3790 2864 3837; x_wconf 89' lang='lat' dir='ltr'><strong>et</strong></span> <span class='ocrx_word' id='word_1_650' title='bbox 2895 3794 3014 3852; x_wconf 66' lang='lat' dir='ltr'><strong>qua:</strong></span> <span class='ocrx_word' id='word_1_651' title='bbox 3064 3791 3170 3831; x_wconf 91' lang='lat' dir='ltr'><strong>non</strong></span> <span class='ocrx_word' id='word_1_652' title='bbox 3199 3773 3436 3837; x_wconf 72' lang='lat' dir='ltr'><strong>erant&quot;,</strong></span> <span class='ocrx_word' id='word_1_653' title='bbox 3465 3792 3481 3821; x_wconf 77' lang='grc' dir='ltr'><strong>ι</strong></span> 
     </span>
    </p>
   </div>
   <div class='ocr_carea' id='block_1_84' title="bbox 1919 3862 3489 3957">
    <p class='ocr_par' dir='ltr' id='par_1_84' title="bbox 1919 3862 3489 3957">
     <span class='ocr_line' id='line_1_85' title="bbox 1919 3862 3489 3957; baseline -0.016 -15"><span class='ocrx_word' id='word_1_654' title='bbox 1919 3899 2264 3957; x_wconf 87' lang='lat' dir='ltr'><strong>nequaquam</strong></span> <span class='ocrx_word' id='word_1_655' title='bbox 2296 3891 2680 3940; x_wconf 83' lang='lat' dir='ltr'><strong>contemnens,</strong></span> <span class='ocrx_word' id='word_1_656' title='bbox 2715 3889 2893 3944; x_wconf 89' lang='lat' dir='ltr'><strong>neque</strong></span> <span class='ocrx_word' id='word_1_657' title='bbox 2925 3873 3062 3927; x_wconf 90' lang='lat' dir='ltr'><strong>tales</strong></span> <span class='ocrx_word' id='word_1_658' title='bbox 3101 3868 3345 3932; x_wconf 89' lang='lat' dir='ltr'><strong>animas;</strong></span> <span class='ocrx_word' id='word_1_659' title='bbox 3394 3862 3489 3920; x_wconf 86' lang='lat' dir='ltr'><strong>sed</strong></span> 
     </span>
    </p>
   </div>
   <div class='ocr_carea' id='block_1_85' title="bbox 1921 3961 3488 4035">
    <p class='ocr_par' dir='ltr' id='par_1_85' title="bbox 1921 3961 3488 4035">
     <span class='ocr_line' id='line_1_86' title="bbox 1921 3961 3488 4035; baseline -0.018 0"><span class='ocrx_word' id='word_1_660' title='bbox 1921 3987 1980 4035; x_wconf 94' lang='lat' dir='ltr'><strong>ut</strong></span> <span class='ocrx_word' id='word_1_661' title='bbox 2017 3974 2477 4031; x_wconf 89' lang='lat' dir='ltr'><strong>humanissimum</strong></span> <span class='ocrx_word' id='word_1_662' title='bbox 2525 3971 2617 4025; x_wconf 89' lang='lat' dir='ltr'><strong>Dei</strong></span> <span class='ocrx_word' id='word_1_663' title='bbox 2665 3965 2904 4022; x_wconf 86' lang='lat' dir='ltr'><strong>Verbum</strong></span> <span class='ocrx_word' id='word_1_664' title='bbox 2931 3967 3010 4019; x_wconf 89' lang='lat' dir='ltr'><strong>eis</strong></span> <span class='ocrx_word' id='word_1_665' title='bbox 3046 3961 3348 4017; x_wconf 86' lang='lat' dir='ltr'><strong>studiosam</strong></span> <span class='ocrx_word' id='word_1_666' title='bbox 3394 3971 3488 4008; x_wconf 89' lang='lat' dir='ltr'><strong>vo-</strong></span> 
     </span>
    </p>
   </div>
   <div class='ocr_carea' id='block_1_86' title="bbox 1922 4048 3486 4140">
    <p class='ocr_par' dir='ltr' id='par_1_86' title="bbox 1922 4048 3486 4140">
     <span class='ocr_line' id='line_1_87' title="bbox 1922 4048 3486 4140; baseline -0.017 -14"><span class='ocrx_word' id='word_1_667' title='bbox 1922 4071 2186 4126; x_wconf 85' lang='lat' dir='ltr'><strong>luntatem</strong></span> <span class='ocrx_word' id='word_1_668' title='bbox 2215 4065 2496 4140; x_wconf 80' lang='lat' dir='ltr'><strong>gratulans</strong></span> <span class='ocrx_word' id='word_1_669' title='bbox 2524 4080 2538 4129; x_wconf 93' lang='lat'><strong>;</strong></span> <span class='ocrx_word' id='word_1_670' title='bbox 2568 4077 2706 4134; x_wconf 90' lang='lat' dir='ltr'><strong>quas</strong></span> <span class='ocrx_word' id='word_1_671' title='bbox 2736 4073 2786 4115; x_wconf 88' lang='lat' dir='ltr'><strong>et</strong></span> <span class='ocrx_word' id='word_1_672' title='bbox 2833 4057 3019 4112; x_wconf 90' lang='lat' dir='ltr'><strong>divino</strong></span> <span class='ocrx_word' id='word_1_673' title='bbox 3062 4051 3272 4125; x_wconf 85' lang='lat' dir='ltr'><strong>judicio</strong></span> <span class='ocrx_word' id='word_1_674' title='bbox 3323 4048 3486 4118; x_wconf 74' lang='lat' dir='ltr'><strong>digne</strong></span> 
     </span>
    </p>
   </div>
   <div class='ocr_carea' id='block_1_87' title="bbox 1922 4147 3489 4220">
    <p class='ocr_par' dir='ltr' id='par_1_87' title="bbox 1922 4147 3489 4220">
     <span class='ocr_line' id='line_1_88' title="bbox 1922 4147 3489 4220; baseline -0.017 0"><span class='ocrx_word' id='word_1_675' title='bbox 1922 4165 1979 4220; x_wconf 91' lang='lat' dir='ltr'><strong>in</strong></span> <span class='ocrx_word' id='word_1_676' title='bbox 2031 4162 2267 4219; x_wconf 88' lang='lat' dir='ltr'><strong>diversis</strong></span> <span class='ocrx_word' id='word_1_677' title='bbox 2287 4157 2582 4214; x_wconf 86' lang='lat' dir='ltr'><strong>sacerdotii</strong></span> <span class='ocrx_word' id='word_1_678' title='bbox 2639 4154 2725 4211; x_wconf 92' lang='lat' dir='ltr'><strong>sui</strong></span> <span class='ocrx_word' id='word_1_679' title='bbox 2780 4151 3004 4206; x_wconf 82' lang='lat' dir='ltr'><strong>sedi-bus</strong></span> <span class='ocrx_word' id='word_1_680' title='bbox 3045 4147 3297 4209; x_wconf 89' lang='lat' dir='ltr'><strong>collocat,</strong></span> <span class='ocrx_word' id='word_1_681' title='bbox 3357 4157 3489 4197; x_wconf 89' lang='lat' dir='ltr'><strong>suos</strong></span> 
     </span>
    </p>
   </div>
   <div class='ocr_carea' id='block_1_88' title="bbox 1920 4232 3494 4322">
    <p class='ocr_par' dir='ltr' id='par_1_88' title="bbox 1920 4232 3494 4322">
     <span class='ocr_line' id='line_1_89' title="bbox 1920 4232 3494 4322; baseline -0.02 -6"><span class='ocrx_word' id='word_1_682' title='bbox 1920 4266 2138 4315; x_wconf 60' lang='lat' dir='ltr'><strong>internae</strong></span> <span class='ocrx_word' id='word_1_683' title='bbox 2182 4255 2308 4308; x_wconf 66' lang='lat' dir='ltr'><strong>vita:</strong></span> <span class='ocrx_word' id='word_1_684' title='bbox 2343 4266 2510 4322; x_wconf 88' lang='lat' dir='ltr'><strong>panes</strong></span> <span class='ocrx_word' id='word_1_685' title='bbox 2563 4248 2643 4303; x_wconf 89' lang='lat' dir='ltr'><strong>eis</strong></span> <span class='ocrx_word' id='word_1_686' title='bbox 2699 4243 3037 4315; x_wconf 88' lang='lat' dir='ltr'><strong>impertiens.</strong></span> <span class='ocrx_word' id='word_1_687' title='bbox 3110 4255 3130 4288; x_wconf 78' lang='grc' dir='ltr'><strong>ι</strong></span> <span class='ocrx_word' id='word_1_688' title='bbox 3182 4232 3494 4289; x_wconf 84' lang='lat' dir='ltr'><strong>Ambulabit</strong></span> 
     </span>
    </p>
   </div>
   <div class='ocr_carea' id='block_1_89' title="bbox 1923 4324 3490 4404">
    <p class='ocr_par' dir='ltr' id='par_1_89' title="bbox 1923 4324 3490 4404">
     <span class='ocr_line' id='line_1_90' title="bbox 1923 4324 3490 4404; baseline -0.019 0"><span class='ocrx_word' id='word_1_689' title='bbox 1923 4363 2110 4404; x_wconf 87' lang='lat' dir='ltr'><strong>coram</strong></span> <span class='ocrx_word' id='word_1_690' title='bbox 2141 4344 2359 4397; x_wconf 89' lang='lat' dir='ltr'><strong>Christo</strong></span> <span class='ocrx_word' id='word_1_691' title='bbox 2394 4355 2516 4394; x_wconf 92' lang='lat' dir='ltr'><strong>meo</strong></span> <span class='ocrx_word' id='word_1_692' title='bbox 2544 4336 2758 4390; x_wconf 80' lang='lat' dir='ltr'><strong>cunctis</strong></span> <span class='ocrx_word' id='word_1_693' title='bbox 2801 4329 3094 4391; x_wconf 75' lang='lat' dir='ltr'><strong>diebus&quot;;</strong></span> <span class='ocrx_word' id='word_1_694' title='bbox 3122 4347 3138 4380; x_wconf 76' lang='grc' dir='ltr'><strong>ι</strong></span> <span class='ocrx_word' id='word_1_695' title='bbox 3183 4329 3249 4380; x_wconf 92' lang='lat' dir='ltr'><strong>de</strong></span> <span class='ocrx_word' id='word_1_696' title='bbox 3284 4324 3490 4379; x_wconf 88' lang='lat' dir='ltr'><strong>sanctis</strong></span> 
     </span>
    </p>
   </div>
   <div class='ocr_carea' id='block_1_90' title="bbox 1923 4417 3493 4509">
    <p class='ocr_par' dir='ltr' id='par_1_90' title="bbox 1923 4417 3493 4509">
     <span class='ocr_line' id='line_1_91' title="bbox 1923 4417 3493 4509; baseline -0.018 -16"><span class='ocrx_word' id='word_1_697' title='bbox 1923 4439 2015 4509; x_wconf 89' lang='lat' dir='ltr'><strong>qui</strong></span> <span class='ocrx_word' id='word_1_698' title='bbox 2047 4437 2100 4490; x_wconf 91' lang='lat' dir='ltr'><strong>in</strong></span> <span class='ocrx_word' id='word_1_699' title='bbox 2138 4432 2383 4489; x_wconf 88' lang='lat' dir='ltr'><strong>Ecclesia</strong></span> <span class='ocrx_word' id='word_1_700' title='bbox 2423 4438 2572 4490; x_wconf 92' lang='lat' dir='ltr'><strong>sunt,</strong></span> <span class='ocrx_word' id='word_1_701' title='bbox 2609 4427 2829 4488; x_wconf 86' lang='lat' dir='ltr'><strong>dicitur,</strong></span> <span class='ocrx_word' id='word_1_702' title='bbox 2859 4421 3084 4476; x_wconf 88' lang='lat' dir='ltr'><strong>christis</strong></span> <span class='ocrx_word' id='word_1_703' title='bbox 3120 4429 3172 4472; x_wconf 88' lang='lat' dir='ltr'><strong>et</strong></span> <span class='ocrx_word' id='word_1_704' title='bbox 3221 4417 3354 4486; x_wconf 91' lang='lat' dir='ltr'><strong>ipsis</strong></span> <span class='ocrx_word' id='word_1_705' title='bbox 3399 4430 3493 4468; x_wconf 81' lang='lat'><strong>€0-</strong></span> 
     </span>
    </p>
   </div>
   <div class='ocr_carea' id='block_1_91' title="bbox 234 4504 1812 4605">
    <p class='ocr_par' dir='ltr' id='par_1_91' title="bbox 234 4504 1812 4602">
     <span class='ocr_line' id='line_1_92' title="bbox 234 4504 1812 4602; baseline -0.004 -19"><span class='ocrx_word' id='word_1_706' title='bbox 234 4531 374 4602; x_wconf 71' lang='grc' dir='ltr'>περὶ</span> <span class='ocrx_word' id='word_1_707' title='bbox 400 4529 508 4582; x_wconf 91' lang='grc' dir='ltr'><strong>τῶν</strong></span> <span class='ocrx_word' id='word_1_708' title='bbox 540 4529 710 4596; x_wconf 84' lang='grc' dir='ltr'>ἁγίων</span> <span class='ocrx_word' id='word_1_709' title='bbox 735 4527 842 4580; x_wconf 91' lang='grc' dir='ltr'><strong>τῶν</strong></span> <span class='ocrx_word' id='word_1_710' title='bbox 873 4504 929 4580; x_wconf 73' lang='grc' dir='ltr'><strong>ἐν</strong></span> <span class='ocrx_word' id='word_1_711' title='bbox 953 4529 1019 4598; x_wconf 80' lang='grc' dir='ltr'>τῇ</span> <span class='ocrx_word' id='word_1_712' title='bbox 1065 4504 1360 4597; x_wconf 68' lang='grc' dir='ltr'>Ἐκκλησία</span> <span class='ocrx_word' id='word_1_713' title='bbox 1399 4504 1646 4598; x_wconf 75' lang='grc' dir='ltr'>εἴρηται,</span> <span class='ocrx_word' id='word_1_714' title='bbox 1667 4504 1677 4506; x_wconf 39' lang='lat'>_</span> <span class='ocrx_word' id='word_1_715' title='bbox 1699 4543 1812 4601; x_wconf 87' lang='grc' dir='ltr'>χρι-</span> 
     </span>
    </p>
   </div>
   <div class='ocr_carea' id='block_1_92' title="bbox 1918 4504 3498 4605">
    <p class='ocr_par' dir='ltr' id='par_1_92' title="bbox 1926 4504 3498 4602">
     <span class='ocr_line' id='line_1_93' title="bbox 1926 4504 3498 4602; baseline -0.02 -16"><span class='ocrx_word' id='word_1_716' title='bbox 1926 4504 2278 4602; x_wconf 65' lang='grc' dir='ltr'>έηοῐιιὶιιοιὶε,</span> <span class='ocrx_word' id='word_1_717' title='bbox 2306 4522 2606 4578; x_wconf 86' lang='lat' dir='ltr'><strong>secundum</strong></span> <span class='ocrx_word' id='word_1_718' title='bbox 2637 4517 2798 4571; x_wconf 90' lang='lat' dir='ltr'><strong>illud:</strong></span> <span class='ocrx_word' id='word_1_719' title='bbox 2837 4533 2857 4566; x_wconf 71' lang='grc' dir='ltr'><strong>ι</strong></span> <span class='ocrx_word' id='word_1_720' title='bbox 2882 4513 3057 4566; x_wconf 81' lang='lat' dir='ltr'><strong>Nolite</strong></span> <span class='ocrx_word' id='word_1_721' title='bbox 3085 4518 3311 4580; x_wconf 80' lang='lat' dir='ltr'><strong>tangere</strong></span> <span class='ocrx_word' id='word_1_722' title='bbox 3357 4504 3498 4558; x_wconf 86' lang='lat' dir='ltr'><strong>chri-</strong></span> 
     </span>
    </p>
   </div>
   <div class='ocr_carea' id='block_1_93' title="bbox 238 4616 1817 4691">
    <p class='ocr_par' dir='ltr' id='par_1_93' title="bbox 238 4616 1817 4691">
     <span class='ocr_line' id='line_1_94' title="bbox 238 4616 1817 4691; baseline -0.003 -17"><span class='ocrx_word' id='word_1_723' title='bbox 238 4620 387 4674; x_wconf 81' lang='grc' dir='ltr'>στῶν</span> <span class='ocrx_word' id='word_1_724' title='bbox 411 4621 504 4673; x_wconf 78' lang='grc' dir='ltr'>καὶ</span> <span class='ocrx_word' id='word_1_725' title='bbox 531 4618 708 4672; x_wconf 88' lang='grc' dir='ltr'>αὑτῶν</span> <span class='ocrx_word' id='word_1_726' title='bbox 737 4619 1292 4691; x_wconf 83' lang='grc' dir='ltr'>προσαγορευομένων</span> <span class='ocrx_word' id='word_1_727' title='bbox 1317 4657 1332 4680; x_wconf 85' lang='grc'><strong>,</strong></span> <span class='ocrx_word' id='word_1_728' title='bbox 1367 4616 1508 4671; x_wconf 84' lang='grc' dir='ltr'><strong>κατά</strong></span> <span class='ocrx_word' id='word_1_729' title='bbox 1551 4617 1643 4680; x_wconf 86' lang='grc' dir='ltr'><strong>τὸ,</strong></span> <span class='ocrx_word' id='word_1_730' title='bbox 1676 4636 1693 4667; x_wconf 85' lang='grc' dir='ltr'><strong>ι</strong></span> <span class='ocrx_word' id='word_1_731' title='bbox 1727 4617 1817 4688; x_wconf 79' lang='grc' dir='ltr'><strong>Μὴ</strong></span> 
     </span>
    </p>
   </div>
   <div class='ocr_carea' id='block_1_94' title="bbox 236 4708 1816 4783">
    <p class='ocr_par' dir='ltr' id='par_1_94' title="bbox 236 4708 1816 4783">
     <span class='ocr_line' id='line_1_95' title="bbox 236 4708 1816 4783; baseline -0.005 -15"><span class='ocrx_word' id='word_1_732' title='bbox 236 4712 456 4783; x_wconf 61' lang='grc' dir='ltr'>ἆψησθε</span> <span class='ocrx_word' id='word_1_733' title='bbox 490 4711 596 4765; x_wconf 89' lang='grc' dir='ltr'><strong>τῶν</strong></span> <span class='ocrx_word' id='word_1_734' title='bbox 644 4711 880 4783; x_wconf 74' lang='grc' dir='ltr'>χριστῶν</span> <span class='ocrx_word' id='word_1_735' title='bbox 917 4711 1015 4780; x_wconf 87' lang='grc' dir='ltr'><strong>μοῦ</strong></span> <span class='ocrx_word' id='word_1_736' title='bbox 1042 4727 1054 4739; x_wconf 78' lang='grc' dir='ltr'><strong>ο</strong></span> <span class='ocrx_word' id='word_1_737' title='bbox 1096 4731 1113 4760; x_wconf 76' lang='grc' dir='ltr'><strong>ι</strong></span> <span class='ocrx_word' id='word_1_738' title='bbox 1155 4709 1364 4773; x_wconf 77' lang='grc' dir='ltr'>τούτοις</span> <span class='ocrx_word' id='word_1_739' title='bbox 1400 4709 1507 4782; x_wconf 77' lang='grc' dir='ltr'>γὰρ</span> <span class='ocrx_word' id='word_1_740' title='bbox 1541 4709 1679 4783; x_wconf 83' lang='grc' dir='ltr'>πρὸς</span> <span class='ocrx_word' id='word_1_741' title='bbox 1724 4708 1816 4761; x_wconf 89' lang='grc' dir='ltr'><strong>τοῦ</strong></span> 
     </span>
    </p>
   </div>
   <div class='ocr_carea' id='block_1_95' title="bbox 236 4800 1817 4875">
    <p class='ocr_par' dir='ltr' id='par_1_95' title="bbox 236 4800 1817 4875">
     <span class='ocr_line' id='line_1_96' title="bbox 236 4800 1817 4875; baseline -0.004 -17"><span class='ocrx_word' id='word_1_742' title='bbox 236 4805 496 4875; x_wconf 82' lang='grc' dir='ltr'>Σωτῆρος</span> <span class='ocrx_word' id='word_1_743' title='bbox 527 4802 741 4872; x_wconf 75' lang='grc' dir='ltr'>ἐλέγετο</span> <span class='ocrx_word' id='word_1_744' title='bbox 767 4802 861 4856; x_wconf 73' lang='grc' dir='ltr'><strong>καὶ</strong></span> <span class='ocrx_word' id='word_1_745' title='bbox 890 4804 946 4854; x_wconf 83' lang='grc' dir='ltr'>ὲν</span> <span class='ocrx_word' id='word_1_746' title='bbox 976 4801 1052 4873; x_wconf 82' lang='grc' dir='ltr'>τῷ</span> <span class='ocrx_word' id='word_1_747' title='bbox 1088 4803 1424 4874; x_wconf 84' lang='grc' dir='ltr'>Εὑαγγελίῳ,</span> <span class='ocrx_word' id='word_1_748' title='bbox 1457 4821 1474 4853; x_wconf 76' lang='grc' dir='ltr'><strong>ι</strong></span> <span class='ocrx_word' id='word_1_749' title='bbox 1523 4801 1673 4866; x_wconf 83' lang='grc' dir='ltr'>Ἰδοὺ,</span> <span class='ocrx_word' id='word_1_750' title='bbox 1708 4800 1817 4869; x_wconf 76' lang='grc' dir='ltr'>ἐγὼ</span> 
     </span>
    </p>
   </div>
   <div class='ocr_carea' id='block_1_96' title="bbox 240 4893 1818 4968">
    <p class='ocr_par' dir='ltr' id='par_1_96' title="bbox 240 4893 1818 4968">
     <span class='ocr_line' id='line_1_97' title="bbox 240 4893 1818 4968; baseline -0.003 -19"><span class='ocrx_word' id='word_1_751' title='bbox 240 4896 365 4968; x_wconf 83' lang='grc' dir='ltr'>μεθ’</span> <span class='ocrx_word' id='word_1_752' title='bbox 389 4897 541 4967; x_wconf 85' lang='grc' dir='ltr'>ὑμῶν</span> <span class='ocrx_word' id='word_1_753' title='bbox 575 4896 690 4966; x_wconf 84' lang='grc' dir='ltr'>εἰμι</span> <span class='ocrx_word' id='word_1_754' title='bbox 719 4896 896 4960; x_wconf 80' lang='grc' dir='ltr'>πάσας</span> <span class='ocrx_word' id='word_1_755' title='bbox 919 4894 1015 4959; x_wconf 75' lang='grc' dir='ltr'><strong>τὰς</strong></span> <span class='ocrx_word' id='word_1_756' title='bbox 1063 4894 1296 4966; x_wconf 83' lang='grc' dir='ltr'>ἡμέρας,</span> <span class='ocrx_word' id='word_1_757' title='bbox 1329 4895 1434 4958; x_wconf 74' lang='grc' dir='ltr'><strong>ἕως</strong></span> <span class='ocrx_word' id='word_1_758' title='bbox 1483 4893 1584 4963; x_wconf 79' lang='grc' dir='ltr'>τῆς</span> <span class='ocrx_word' id='word_1_759' title='bbox 1631 4909 1818 4946; x_wconf 80' lang='grc' dir='ltr'>συντε-</span> 
     </span>
    </p>
   </div>
   <div class='ocr_carea' id='block_1_97' title="bbox 233 4984 1819 5054">
    <p class='ocr_par' dir='ltr' id='par_1_97' title="bbox 233 4984 1819 5054">
     <span class='ocr_line' id='line_1_98' title="bbox 233 4984 1819 5054; baseline -0.001 -16"><span class='ocrx_word' id='word_1_760' title='bbox 233 4987 390 5049; x_wconf 83' lang='grc' dir='ltr'>λείας</span> <span class='ocrx_word' id='word_1_761' title='bbox 409 4987 501 5040; x_wconf 82' lang='grc' dir='ltr'><strong>τοῦ</strong></span> <span class='ocrx_word' id='word_1_762' title='bbox 524 4987 740 5049; x_wconf 77' lang='grc' dir='ltr'>αἰῶνος.</span> <span class='ocrx_word' id='word_1_763' title='bbox 777 5006 793 5036; x_wconf 75' lang='grc' dir='ltr'><strong>ι</strong></span> <span class='ocrx_word' id='word_1_764' title='bbox 829 4985 1076 5050; x_wconf 89' lang='grc' dir='ltr'>Πλείονος</span> <span class='ocrx_word' id='word_1_765' title='bbox 1105 4986 1162 5040; x_wconf 82' lang='grc' dir='ltr'>δὲ</span> <span class='ocrx_word' id='word_1_766' title='bbox 1215 4985 1513 5054; x_wconf 81' lang='grc' dir='ltr'>σαφηνείας</span> <span class='ocrx_word' id='word_1_767' title='bbox 1552 4984 1819 5054; x_wconf 82' lang='grc' dir='ltr'>δεομένων</span> 
     </span>
    </p>
   </div>
   <div class='ocr_carea' id='block_1_98' title="bbox 1927 4601 3488 4676">
    <p class='ocr_par' dir='ltr' id='par_1_98' title="bbox 1927 4601 3488 4676">
     <span class='ocr_line' id='line_1_99' title="bbox 1927 4601 3488 4676; baseline -0.015 -1"><span class='ocrx_word' id='word_1_768' title='bbox 1927 4601 2042 4676; x_wconf 74' lang='lat' dir='ltr'><strong>s‘tos</strong></span> <span class='ocrx_word' id='word_1_769' title='bbox 2097 4633 2247 4672; x_wconf 87' lang='lat' dir='ltr'><strong>meos</strong></span> <span class='ocrx_word' id='word_1_770' title='bbox 2277 4616 2376 4668; x_wconf 71' lang='grc'><strong>⁷⁸.»</strong></span> <span class='ocrx_word' id='word_1_771' title='bbox 2441 4611 2538 4666; x_wconf 86' lang='lat' dir='ltr'><strong>llis</strong></span> <span class='ocrx_word' id='word_1_772' title='bbox 2577 4610 2720 4664; x_wconf 85' lang='lat' dir='ltr'><strong>enim</strong></span> <span class='ocrx_word' id='word_1_773' title='bbox 2765 4623 2794 4660; x_wconf 89' lang='lat' dir='ltr'><strong>a</strong></span> <span class='ocrx_word' id='word_1_774' title='bbox 2839 4603 3119 4660; x_wconf 85' lang='lat' dir='ltr'><strong>Salvatore</strong></span> <span class='ocrx_word' id='word_1_775' title='bbox 3165 4601 3368 4655; x_wconf 90' lang='lat' dir='ltr'><strong>dictum</strong></span> <span class='ocrx_word' id='word_1_776' title='bbox 3405 4607 3488 4652; x_wconf 90' lang='lat' dir='ltr'><strong>est</strong></span> 
     </span>
    </p>
   </div>
   <div class='ocr_carea' id='block_1_99' title="bbox 1927 4687 3497 4776">
    <p class='ocr_par' dir='ltr' id='par_1_99' title="bbox 1927 4687 3497 4776">
     <span class='ocr_line' id='line_1_100' title="bbox 1927 4687 3497 4776; baseline -0.014 -12"><span class='ocrx_word' id='word_1_777' title='bbox 1927 4711 1982 4764; x_wconf 93' lang='lat' dir='ltr'><strong>in</strong></span> <span class='ocrx_word' id='word_1_778' title='bbox 2039 4705 2368 4776; x_wconf 79' lang='lat' dir='ltr'><strong>Evangelio:</strong></span> <span class='ocrx_word' id='word_1_779' title='bbox 2407 4701 2588 4756; x_wconf 72' lang='lat' dir='ltr'><strong>«Ecce</strong></span> <span class='ocrx_word' id='word_1_780' title='bbox 2635 4714 2735 4769; x_wconf 75' lang='lat' dir='ltr'><strong>ego</strong></span> <span class='ocrx_word' id='word_1_781' title='bbox 2782 4695 3064 4751; x_wconf 86' lang='lat' dir='ltr'><strong>vobiscum</strong></span> <span class='ocrx_word' id='word_1_782' title='bbox 3115 4707 3238 4747; x_wconf 90' lang='lat' dir='ltr'><strong>sum</strong></span> <span class='ocrx_word' id='word_1_783' title='bbox 3281 4687 3497 4742; x_wconf 81' lang='lat' dir='ltr'><strong>cunctis</strong></span> 
     </span>
    </p>
   </div>
   <div class='ocr_carea' id='block_1_100' title="bbox 1927 4775 3498 4868">
    <p class='ocr_par' dir='ltr' id='par_1_100' title="bbox 1927 4775 3498 4868">
     <span class='ocr_line' id='line_1_101' title="bbox 1927 4775 3498 4868; baseline -0.015 -11"><span class='ocrx_word' id='word_1_784' title='bbox 1927 4803 2126 4857; x_wconf 87' lang='lat' dir='ltr'><strong>diebus</strong></span> <span class='ocrx_word' id='word_1_785' title='bbox 2175 4813 2349 4868; x_wconf 86' lang='lat' dir='ltr'><strong>usque</strong></span> <span class='ocrx_word' id='word_1_786' title='bbox 2385 4797 2439 4850; x_wconf 91' lang='lat' dir='ltr'><strong>in</strong></span> <span class='ocrx_word' id='word_1_787' title='bbox 2469 4775 3299 4849; x_wconf 48' lang='lat' dir='ltr'><strong>consummationem&#39;saiculi7‘.</strong></span> <span class='ocrx_word' id='word_1_788' title='bbox 3331 4802 3349 4834; x_wconf 72' lang='grc' dir='ltr'><strong>ι</strong></span> <span class='ocrx_word' id='word_1_789' title='bbox 3403 4779 3498 4834; x_wconf 83' lang='lat' dir='ltr'><strong>His</strong></span> 
     </span>
    </p>
   </div>
   <div class='ocr_carea' id='block_1_101' title="bbox 1928 4875 3497 4960">
    <p class='ocr_par' dir='ltr' id='par_1_101' title="bbox 1928 4875 3497 4960">
     <span class='ocr_line' id='line_1_102' title="bbox 1928 4875 3497 4960; baseline -0.013 -13"><span class='ocrx_word' id='word_1_790' title='bbox 1928 4909 2056 4948; x_wconf 84' lang='lat' dir='ltr'><strong>vero</strong></span> <span class='ocrx_word' id='word_1_791' title='bbox 2088 4891 2224 4946; x_wconf 89' lang='lat' dir='ltr'><strong>locis</strong></span> <span class='ocrx_word' id='word_1_792' title='bbox 2269 4905 2395 4945; x_wconf 88' lang='lat' dir='ltr'><strong>cum</strong></span> <span class='ocrx_word' id='word_1_793' title='bbox 2427 4886 2694 4960; x_wconf 90' lang='lat' dir='ltr'><strong>ampliore</strong></span> <span class='ocrx_word' id='word_1_794' title='bbox 2735 4896 2874 4953; x_wconf 92' lang='lat' dir='ltr'><strong>opus</strong></span> <span class='ocrx_word' id='word_1_795' title='bbox 2903 4887 3048 4936; x_wconf 87' lang='lat' dir='ltr'><strong>esset</strong></span> <span class='ocrx_word' id='word_1_796' title='bbox 3095 4875 3497 4948; x_wconf 78' lang='lat' dir='ltr'><strong>explanatione,</strong></span> 
     </span>
    </p>
   </div>
   <div class='ocr_carea' id='block_1_102' title="bbox 1931 4968 3320 5050">
    <p class='ocr_par' dir='ltr' id='par_1_102' title="bbox 1931 4968 3320 5050">
     <span class='ocr_line' id='line_1_103' title="bbox 1931 4968 3320 5050; baseline -0.012 -12"><span class='ocrx_word' id='word_1_797' title='bbox 1931 4985 2048 5039; x_wconf 69' lang='lat' dir='ltr'><strong>haec</strong></span> <span class='ocrx_word' id='word_1_798' title='bbox 2078 4995 2258 5036; x_wconf 87' lang='lat' dir='ltr'><strong>tamen</strong></span> <span class='ocrx_word' id='word_1_799' title='bbox 2295 4995 2458 5050; x_wconf 85' lang='lat' dir='ltr'><strong>quam</strong></span> <span class='ocrx_word' id='word_1_800' title='bbox 2484 4975 2809 5033; x_wconf 86' lang='lat' dir='ltr'><strong>brevissime</strong></span> <span class='ocrx_word' id='word_1_801' title='bbox 2852 4971 2997 5026; x_wconf 82' lang='lat' dir='ltr'><strong>dicta</strong></span> <span class='ocrx_word' id='word_1_802' title='bbox 3033 4968 3320 5026; x_wconf 82' lang='lat' dir='ltr'><strong>sullicient.</strong></span> 
     </span>
    </p>
   </div>
   <div class='ocr_carea' id='block_1_103' title="bbox 235 5069 2553 5148">
    <p class='ocr_par' dir='ltr' id='par_1_103' title="bbox 235 5069 2553 5148">
     <span class='ocr_line' id='line_1_104' title="bbox 235 5069 2553 5148; baseline -0.005 -16"><span class='ocrx_word' id='word_1_803' title='bbox 235 5080 351 5133; x_wconf 88' lang='grc' dir='ltr'><strong>τῶν</strong></span> <span class='ocrx_word' id='word_1_804' title='bbox 377 5078 576 5141; x_wconf 79' lang='grc' dir='ltr'>τόπων,</span> <span class='ocrx_word' id='word_1_805' title='bbox 607 5077 814 5140; x_wconf 85' lang='grc' dir='ltr'>τούτοις</span> <span class='ocrx_word' id='word_1_806' title='bbox 842 5077 916 5144; x_wconf 85' lang='grc' dir='ltr'>ὼς</span> <span class='ocrx_word' id='word_1_807' title='bbox 948 5071 1058 5129; x_wconf 80' lang='grc' dir='ltr'>οἷόν</span> <span class='ocrx_word' id='word_1_808' title='bbox 1095 5093 1156 5129; x_wconf 87' lang='grc' dir='ltr'><strong>τε</strong></span> <span class='ocrx_word' id='word_1_809' title='bbox 1207 5072 1274 5148; x_wconf 79' lang='grc' dir='ltr'><strong>ἦν</strong></span> <span class='ocrx_word' id='word_1_810' title='bbox 1303 5075 1393 5129; x_wconf 78' lang='grc' dir='ltr'>διὰ</span> <span class='ocrx_word' id='word_1_811' title='bbox 1444 5075 1690 5147; x_wconf 82' lang='grc' dir='ltr'>βραχέων</span> <span class='ocrx_word' id='word_1_812' title='bbox 1742 5075 2052 5147; x_wconf 77' lang='grc' dir='ltr'>εἰρημένοις</span> <span class='ocrx_word' id='word_1_813' title='bbox 2083 5069 2553 5145; x_wconf 86' lang='grc' dir='ltr'>ἀρκεσθησόμεθα.</span> 
     </span>
    </p>
   </div>
   <div class='ocr_carea' id='block_1_104' title="bbox 784 5193 1290 5248">
    <p class='ocr_par' dir='ltr' id='par_1_104' title="bbox 784 5193 1290 5248">
     <span class='ocr_line' id='line_1_105' title="bbox 784 5193 1290 5248; baseline 0 -2"><span class='ocrx_word' id='word_1_814' title='bbox 784 5193 1178 5248; x_wconf 77' lang='grc' dir='ltr'><strong>ΚΕΦΑΛᾹΙΟΝ</strong></span> <span class='ocrx_word' id='word_1_815' title='bbox 1208 5195 1290 5246; x_wconf 81' lang='lat' dir='ltr'><strong>K&#39;.</strong></span> 
     </span>
    </p>
   </div>
   <div class='ocr_carea' id='block_1_105' title="bbox 244 5280 1818 5354">
    <p class='ocr_par' dir='ltr' id='par_1_105' title="bbox 244 5280 1818 5354">
     <span class='ocr_line' id='line_1_106' title="bbox 244 5280 1818 5354; baseline -0.002 -12"><span class='ocrx_word' id='word_1_816' title='bbox 244 5280 668 5350; x_wconf 58' lang='lat' dir='ltr'><strong>[iaculi-21617.3.</strong></span> <span class='ocrx_word' id='word_1_817' title='bbox 695 5283 757 5337; x_wconf 84' lang='lat'><strong>&#39;0</strong></span> <span class='ocrx_word' id='word_1_818' title='bbox 779 5285 996 5353; x_wconf 85' lang='grc' dir='ltr'>Κύριος</span> <span class='ocrx_word' id='word_1_819' title='bbox 1015 5285 1110 5339; x_wconf 81' lang='grc' dir='ltr'>διὰ</span> <span class='ocrx_word' id='word_1_820' title='bbox 1130 5286 1333 5340; x_wconf 76' lang='grc' dir='ltr'>Νάθαν</span> <span class='ocrx_word' id='word_1_821' title='bbox 1359 5285 1436 5351; x_wconf 83' lang='grc' dir='ltr'>τῷ</span> <span class='ocrx_word' id='word_1_822' title='bbox 1465 5284 1644 5340; x_wconf 81' lang='grc' dir='ltr'>Δαυὶδ</span> <span class='ocrx_word' id='word_1_823' title='bbox 1667 5286 1818 5354; x_wconf 82' lang='grc' dir='ltr'>μετὰ</span> 
     </span>
    </p>
   </div>
   <div class='ocr_carea' id='block_1_106' title="bbox 625 5355 1425 5426">
    <p class='ocr_par' dir='ltr' id='par_1_106' title="bbox 625 5355 1425 5426">
     <span class='ocr_line' id='line_1_107' title="bbox 625 5355 1425 5426; baseline 0 -18"><span class='ocrx_word' id='word_1_824' title='bbox 625 5355 826 5408; x_wconf 71' lang='grc' dir='ltr'>πολλὰ</span> <span class='ocrx_word' id='word_1_825' title='bbox 854 5356 948 5410; x_wconf 81' lang='grc' dir='ltr'>καὶ</span> <span class='ocrx_word' id='word_1_826' title='bbox 989 5356 1175 5412; x_wconf 83' lang='grc' dir='ltr'>ταῦτά</span> <span class='ocrx_word' id='word_1_827' title='bbox 1206 5371 1425 5426; x_wconf 63' lang='grc' dir='ltr'>φησιν’</span> 
     </span>
    </p>
   </div>
   <div class='ocr_carea' id='block_1_107' title="bbox 320 5531 1822 5608">
    <p class='ocr_par' dir='ltr' id='par_1_107' title="bbox 320 5531 1822 5608">
     <span class='ocr_line' id='line_1_108' title="bbox 320 5531 1822 5608; baseline 0 -22"><span class='ocrx_word' id='word_1_828' title='bbox 320 5554 340 5586; x_wconf 76' lang='grc' dir='ltr'><strong>ι</strong></span> <span class='ocrx_word' id='word_1_829' title='bbox 376 5533 485 5587; x_wconf 75' lang='grc' dir='ltr'><strong>Καὶ</strong></span> <span class='ocrx_word' id='word_1_830' title='bbox 523 5531 676 5587; x_wconf 78' lang='grc' dir='ltr'>ἔσται</span> <span class='ocrx_word' id='word_1_831' title='bbox 733 5531 827 5586; x_wconf 74' lang='grc' dir='ltr'><strong>ἐὰν</strong></span> <span class='ocrx_word' id='word_1_832' title='bbox 867 5534 1226 5608; x_wconf 84' lang='grc' dir='ltr'>πληρωθῶσιν</span> <span class='ocrx_word' id='word_1_833' title='bbox 1261 5539 1314 5592; x_wconf 78' lang='grc' dir='ltr'>αἱ</span> <span class='ocrx_word' id='word_1_834' title='bbox 1346 5536 1548 5608; x_wconf 79' lang='grc' dir='ltr'>ἡμέραι</span> <span class='ocrx_word' id='word_1_835' title='bbox 1579 5552 1696 5598; x_wconf 87' lang='grc' dir='ltr'>σου,</span> <span class='ocrx_word' id='word_1_836' title='bbox 1731 5535 1822 5587; x_wconf 74' lang='grc' dir='ltr'><strong>καὶ</strong></span> 
     </span>
    </p>
   </div>
   <div class='ocr_carea' id='block_1_108' title="bbox 171 5691 1346 5764">
    <p class='ocr_par' dir='ltr' id='par_1_108' title="bbox 171 5691 1346 5764">
     <span class='ocr_line' id='line_1_109' title="bbox 171 5691 1346 5764; baseline 0 -18"><span class='ocrx_word' id='word_1_837' title='bbox 171 5749 185 5764; x_wconf 50' lang='grc' dir='ltr'><strong>ο</strong></span> <span class='ocrx_word' id='word_1_838' title='bbox 316 5695 364 5724; x_wconf 76' lang='grc'><strong>⁶⁶</strong></span> <span class='ocrx_word' id='word_1_839' title='bbox 395 5691 548 5764; x_wconf 17' lang='grc' dir='ltr'>ίΡειιΙ.</span> <span class='ocrx_word' id='word_1_840' title='bbox 588 5709 866 5757; x_wconf 81' lang='lat' dir='ltr'><strong>Lxxxvm,</strong></span> <span class='ocrx_word' id='word_1_841' title='bbox 901 5693 994 5764; x_wconf 79' lang='lat'><strong>‘25.</strong></span> <span class='ocrx_word' id='word_1_842' title='bbox 1072 5695 1116 5724; x_wconf 72' lang='grc'><strong>⁸⁷</strong></span> <span class='ocrx_word' id='word_1_843' title='bbox 1157 5693 1175 5745; x_wconf 83' lang='grc' dir='ltr'><strong>ι</strong></span> <span class='ocrx_word' id='word_1_844' title='bbox 1217 5692 1346 5760; x_wconf 79' lang='lat' dir='ltr'><strong>Reg.</strong></span> 
     </span>
    </p>
   </div>
   <div class='ocr_carea' id='block_1_109' title="bbox 243 5763 735 5826">
    <p class='ocr_par' dir='ltr' id='par_1_109' title="bbox 243 5763 735 5826">
     <span class='ocr_line' id='line_1_110' title="bbox 243 5763 735 5826; baseline -0.004 -7"><span class='ocrx_word' id='word_1_845' title='bbox 243 5767 288 5796; x_wconf 83' lang='lat'>&#39;”</span> <span class='ocrx_word' id='word_1_846' title='bbox 336 5764 351 5818; x_wconf 96' lang='grc' dir='ltr'><strong>Ι</strong></span> <span class='ocrx_word' id='word_1_847' title='bbox 389 5763 535 5818; x_wconf 80' lang='lat' dir='ltr'><strong>Petr.</strong></span> <span class='ocrx_word' id='word_1_848' title='bbox 575 5780 639 5826; x_wconf 85' lang='grc' dir='ltr'><strong>ιι,</strong></span> <span class='ocrx_word' id='word_1_849' title='bbox 684 5766 735 5820; x_wconf 72' lang='lat'><strong>5.</strong></span> 
     </span>
    </p>
   </div>
   <div class='ocr_carea' id='block_1_110' title="bbox 254 5834 594 5890">
    <p class='ocr_par' dir='ltr' id='par_1_110' title="bbox 254 5834 594 5890">
     <span class='ocr_line' id='line_1_111' title="bbox 254 5834 594 5890; baseline 0 -1"><span class='ocrx_word' id='word_1_850' title='bbox 254 5851 430 5890; x_wconf 74' lang='lat' dir='ltr'><strong>xxvm</strong></span> <span class='ocrx_word' id='word_1_851' title='bbox 454 5873 468 5890; x_wconf 89' lang='lat'><strong>.</strong></span> <span class='ocrx_word' id='word_1_852' title='bbox 505 5834 594 5889; x_wconf 75' lang='lat'><strong>‘20.</strong></span> 
     </span>
    </p>
   </div>
   <div class='ocr_carea' id='block_1_111' title="bbox 1307 5684 2225 5760">
    <p class='ocr_par' dir='ltr' id='par_1_111' title="bbox 1307 5684 2225 5760">
     <span class='ocr_line' id='line_1_112' title="bbox 1307 5684 2225 5760; baseline -0.014 -14"><span class='ocrx_word' id='word_1_853' title='bbox 1307 5709 1346 5760; x_wconf 67' lang='grc' dir='ltr'><strong>ζ.</strong></span> <span class='ocrx_word' id='word_1_854' title='bbox 1421 5709 1494 5754; x_wconf 82' lang='lat' dir='ltr'><strong>ll,</strong></span> <span class='ocrx_word' id='word_1_855' title='bbox 1553 5690 1642 5744; x_wconf 70' lang='grc'><strong>27.</strong></span> <span class='ocrx_word' id='word_1_856' title='bbox 1722 5690 1765 5720; x_wconf 82' lang='grc'><strong>⁸⁸</strong></span> <span class='ocrx_word' id='word_1_857' title='bbox 1807 5687 1937 5760; x_wconf 82' lang='lat' dir='ltr'><strong>ibid.</strong></span> <span class='ocrx_word' id='word_1_858' title='bbox 1979 5689 2078 5746; x_wconf 78' lang='lat'><strong>55,</strong></span> 
     </span>
    </p>
   </div>
   <div class='ocr_carea' id='block_1_112' title="bbox 854 5759 1942 5828">
    <p class='ocr_par' dir='ltr' id='par_1_112' title="bbox 854 5759 1942 5828">
     <span class='ocr_line' id='line_1_113' title="bbox 854 5759 1942 5828; baseline -0.006 -10"><span class='ocrx_word' id='word_1_859' title='bbox 854 5767 898 5796; x_wconf 81' lang='grc'><strong>⁷³</strong></span> <span class='ocrx_word' id='word_1_860' title='bbox 941 5763 1104 5818; x_wconf 76' lang='lat' dir='ltr'><strong>Marc.</strong></span> <span class='ocrx_word' id='word_1_861' title='bbox 1155 5780 1261 5828; x_wconf 72' lang='lat' dir='ltr'><strong>xu,</strong></span> <span class='ocrx_word' id='word_1_862' title='bbox 1296 5759 1384 5820; x_wconf 59' lang='grc'><strong>42.</strong></span> <span class='ocrx_word' id='word_1_863' title='bbox 1463 5766 1508 5795; x_wconf 83' lang='grc'><strong>⁷³</strong></span> <span class='ocrx_word' id='word_1_864' title='bbox 1551 5762 1566 5814; x_wconf 96' lang='lat' dir='ltr'><strong>l</strong></span> <span class='ocrx_word' id='word_1_865' title='bbox 1603 5761 1729 5816; x_wconf 85' lang='lat' dir='ltr'><strong>Cor.</strong></span> <span class='ocrx_word' id='word_1_866' title='bbox 1765 5777 1817 5823; x_wconf 87' lang='lat' dir='ltr'><strong>t,</strong></span> <span class='ocrx_word' id='word_1_867' title='bbox 1853 5759 1942 5813; x_wconf 70' lang='lat'><strong>‘37.</strong></span> 
     </span>
    </p>
   </div>
   <div class='ocr_carea' id='block_1_113' title="bbox 2508 5175 2902 5237">
    <p class='ocr_par' dir='ltr' id='par_1_113' title="bbox 2508 5175 2902 5237">
     <span class='ocr_line' id='line_1_114' title="bbox 2508 5175 2902 5237; baseline -0.018 0"><span class='ocrx_word' id='word_1_868' title='bbox 2508 5178 2738 5237; x_wconf 85' lang='lat' dir='ltr'><strong>CAPUT</strong></span> <span class='ocrx_word' id='word_1_869' title='bbox 2784 5175 2902 5230; x_wconf 84' lang='grc' dir='ltr'>ΧΧ.</span> 
     </span>
    </p>
   </div>
   <div class='ocr_carea' id='block_1_114' title="bbox 1925 5262 3502 5349">
    <p class='ocr_par' dir='ltr' id='par_1_114' title="bbox 1925 5262 3502 5349">
     <span class='ocr_line' id='line_1_115' title="bbox 1925 5262 3502 5349; baseline -0.012 -15"><span class='ocrx_word' id='word_1_870' title='bbox 1925 5279 1972 5334; x_wconf 87' lang='grc' dir='ltr'>Ε</span> <span class='ocrx_word' id='word_1_871' title='bbox 1997 5279 2224 5338; x_wconf 75' lang='lat' dir='ltr'><strong>secundo</strong></span> <span class='ocrx_word' id='word_1_872' title='bbox 2256 5277 2452 5349; x_wconf 83' lang='lat' dir='ltr'><strong>Regum</strong></span> <span class='ocrx_word' id='word_1_873' title='bbox 2481 5275 2637 5328; x_wconf 79' lang='lat' dir='ltr'><strong>libro.</strong></span> <span class='ocrx_word' id='word_1_874' title='bbox 2690 5269 2948 5324; x_wconf 76' lang='lat' dir='ltr'><strong>Dominus</strong></span> <span class='ocrx_word' id='word_1_875' title='bbox 2994 5281 3086 5334; x_wconf 87' lang='lat' dir='ltr'><strong>per</strong></span> <span class='ocrx_word' id='word_1_876' title='bbox 3129 5263 3349 5318; x_wconf 73' lang='lat' dir='ltr'><strong>Nat/tan</strong></span> <span class='ocrx_word' id='word_1_877' title='bbox 3387 5262 3502 5316; x_wconf 67' lang='grc' dir='ltr'><strong>θα.</strong></span> 
     </span>
    </p>
   </div>
   <div class='ocr_carea' id='block_1_115' title="bbox 2205 5356 3226 5436">
    <p class='ocr_par' dir='ltr' id='par_1_115' title="bbox 2205 5356 3226 5436">
     <span class='ocr_line' id='line_1_116' title="bbox 2205 5356 3226 5436; baseline -0.016 -10"><span class='ocrx_word' id='word_1_878' title='bbox 2205 5371 2312 5426; x_wconf 80' lang='lat' dir='ltr'><strong>uidi</strong></span> <span class='ocrx_word' id='word_1_879' title='bbox 2350 5379 2464 5436; x_wconf 74' lang='lat' dir='ltr'><strong>post</strong></span> <span class='ocrx_word' id='word_1_880' title='bbox 2495 5367 2664 5420; x_wconf 76' lang='lat' dir='ltr'><strong>multa</strong></span> <span class='ocrx_word' id='word_1_881' title='bbox 2693 5363 2802 5416; x_wconf 65' lang='lat' dir='ltr'><strong>hac</strong></span> <span class='ocrx_word' id='word_1_882' title='bbox 2837 5374 3038 5429; x_wconf 84' lang='lat' dir='ltr'><strong>quoque</strong></span> <span class='ocrx_word' id='word_1_883' title='bbox 3067 5356 3226 5411; x_wconf 81' lang='lat' dir='ltr'><strong>dicit:</strong></span> 
     </span>
    </p>
   </div>
   <div class='ocr_carea' id='block_1_116' title="bbox 2006 5514 3499 5600">
    <p class='ocr_par' dir='ltr' id='par_1_116' title="bbox 2006 5514 3499 5600">
     <span class='ocr_line' id='line_1_117' title="bbox 2006 5514 3499 5600; baseline -0.009 -17"><span class='ocrx_word' id='word_1_884' title='bbox 2006 5551 2023 5583; x_wconf 83' lang='grc' dir='ltr'><strong>ι</strong></span> <span class='ocrx_word' id='word_1_885' title='bbox 2056 5531 2304 5600; x_wconf 87' lang='lat' dir='ltr'><strong>Cumque</strong></span> <span class='ocrx_word' id='word_1_886' title='bbox 2348 5522 2600 5596; x_wconf 88' lang='lat' dir='ltr'><strong>completi</strong></span> <span class='ocrx_word' id='word_1_887' title='bbox 2635 5519 2838 5576; x_wconf 78' lang='lat' dir='ltr'><strong>fuerint</strong></span> <span class='ocrx_word' id='word_1_888' title='bbox 2870 5514 2988 5569; x_wconf 85' lang='lat' dir='ltr'><strong>dies</strong></span> <span class='ocrx_word' id='word_1_889' title='bbox 3038 5516 3138 5579; x_wconf 88' lang='lat' dir='ltr'><strong>tui,</strong></span> <span class='ocrx_word' id='word_1_890' title='bbox 3170 5523 3224 5569; x_wconf 89' lang='lat' dir='ltr'><strong>et</strong></span> <span class='ocrx_word' id='word_1_891' title='bbox 3257 5515 3499 5570; x_wconf 79' lang='lat' dir='ltr'><strong>dormie-</strong></span> 
     </span>
    </p>
   </div>
   <div class='ocr_carea' id='block_1_117' title="bbox 2336 5672 3499 5744">
    <p class='ocr_par' dir='ltr' id='par_1_117' title="bbox 2336 5672 3499 5744">
     <span class='ocr_line' id='line_1_118' title="bbox 2336 5672 3499 5744; baseline -0.006 -9"><span class='ocrx_word' id='word_1_892' title='bbox 2336 5683 2381 5712; x_wconf 71' lang='grc' dir='ltr'>θ’</span> <span class='ocrx_word' id='word_1_893' title='bbox 2422 5679 2578 5736; x_wconf 86' lang='lat' dir='ltr'><strong>Hebr.</strong></span> <span class='ocrx_word' id='word_1_894' title='bbox 2645 5696 2717 5740; x_wconf 86' lang='lat' dir='ltr'><strong>IV,</strong></span> <span class='ocrx_word' id='word_1_895' title='bbox 2779 5680 2864 5734; x_wconf 69' lang='grc'><strong>14.</strong></span> <span class='ocrx_word' id='word_1_896' title='bbox 2972 5679 3019 5710; x_wconf 84' lang='grc'>⁷⁰</span> <span class='ocrx_word' id='word_1_897' title='bbox 3059 5673 3256 5744; x_wconf 77' lang='lat' dir='ltr'><strong>Philip.</strong></span> <span class='ocrx_word' id='word_1_898' title='bbox 3314 5687 3388 5744; x_wconf 74' lang='lat' dir='ltr'><strong>tl.</strong></span> <span class='ocrx_word' id='word_1_899' title='bbox 3442 5672 3499 5744; x_wconf 64' lang='grc'><strong>8,.</strong></span> 
     </span>
    </p>
   </div>
   <div class='ocr_carea' id='block_1_118' title="bbox 2047 5731 3502 5823">
    <p class='ocr_par' dir='ltr' id='par_1_118' title="bbox 2047 5731 3502 5823">
     <span class='ocr_line' id='line_1_119' title="bbox 2047 5731 3502 5823; baseline -0.01 -14"><span class='ocrx_word' id='word_1_900' title='bbox 2047 5731 2090 5788; x_wconf 48' lang='lat'><strong>7“</strong></span> <span class='ocrx_word' id='word_1_901' title='bbox 2357 5731 2578 5817; x_wconf 37' lang='lat'><strong>“:35.-</strong></span> <span class='ocrx_word' id='word_1_902' title='bbox 2647 5731 2882 5806; x_wconf 64' lang='grc' dir='ltr'><strong>ἠἰδὲείι.</strong></span> <span class='ocrx_word' id='word_1_903' title='bbox 2920 5765 3026 5813; x_wconf 70' lang='grc' dir='ltr'>ειν,</span> <span class='ocrx_word' id='word_1_904' title='bbox 3063 5731 3147 5802; x_wconf 75' lang='lat' dir='ltr'><strong>l5.</strong></span> <span class='ocrx_word' id='word_1_905' title='bbox 3206 5731 3271 5776; x_wconf 71' lang='grc'><strong>’⁷-⁸</strong></span> <span class='ocrx_word' id='word_1_906' title='bbox 3310 5731 3502 5799; x_wconf 58' lang='lat' dir='ltr'><strong>hiauit.</strong></span> 
     </span>
    </p>
   </div>
  </div>
