  <div class='ocr_page' id='page_1' title='image "/cluster/home/n/w/nwhite01/storage/ocr_20150623/22/hvd.32044020605168/569.png"; bbox 0 0 3954 6532; ppageno 0'>
   <div class='ocr_carea' id='block_1_1' title="bbox 491 345 625 400">
    <p class='ocr_par' dir='ltr' id='par_1_1' title="bbox 491 345 625 400">
     <span class='ocr_line' id='line_1_1' title="bbox 491 345 625 400; baseline -0.037 1"><span class='ocrx_word' id='word_1_1' title='bbox 491 345 625 400; x_wconf 70' lang='grc' dir='ltr'>ίοτθ</span> 
     </span>
    </p>
   </div>
   <div class='ocr_carea' id='block_1_2' title="bbox 1185 347 3036 410">
    <p class='ocr_par' dir='ltr' id='par_1_2' title="bbox 1185 347 3036 410">
     <span class='ocr_line' id='line_1_2' title="bbox 1185 347 3036 410; baseline 0.002 -8"><span class='ocrx_word' id='word_1_2' title='bbox 1185 347 1450 405; x_wconf 75' lang='lat' dir='ltr'><strong>EUSEBII</strong></span> <span class='ocrx_word' id='word_1_3' title='bbox 1487 349 1964 407; x_wconf 67' lang='lat' dir='ltr'><strong>CESARIENSIS</strong></span> <span class='ocrx_word' id='word_1_4' title='bbox 2003 351 2150 408; x_wconf 79' lang='lat' dir='ltr'><strong>OPP.</strong></span> <span class='ocrx_word' id='word_1_5' title='bbox 2193 351 2370 406; x_wconf 70' lang='lat' dir='ltr'><strong>PARS</strong></span> <span class='ocrx_word' id='word_1_6' title='bbox 2403 353 2574 410; x_wconf 85' lang='lat' dir='ltr'><strong>Ill.—</strong></span> <span class='ocrx_word' id='word_1_7' title='bbox 2613 350 3036 408; x_wconf 68' lang='lat' dir='ltr'><strong>EXEGETICA.‘</strong></span> 
     </span>
    </p>
   </div>
   <div class='ocr_carea' id='block_1_3' title="bbox 3553 353 3676 408">
    <p class='ocr_par' dir='ltr' id='par_1_3' title="bbox 3553 353 3676 408">
     <span class='ocr_line' id='line_1_3' title="bbox 3553 353 3676 408; baseline 0.016 -2"><span class='ocrx_word' id='word_1_8' title='bbox 3553 355 3572 406; x_wconf 77' lang='grc'><strong>1</strong></span> <span class='ocrx_word' id='word_1_9' title='bbox 3583 353 3676 408; x_wconf 71' lang='grc' dir='ltr'>θξιθ</span> 
     </span>
    </p>
   </div>
   <div class='ocr_carea' id='block_1_4' title="bbox 483 461 2018 536">
    <p class='ocr_par' dir='ltr' id='par_1_4' title="bbox 483 461 2018 536">
     <span class='ocr_line' id='line_1_4' title="bbox 483 461 2018 536; baseline 0.002 -20"><span class='ocrx_word' id='word_1_10' title='bbox 483 461 564 517; x_wconf 82' lang='lat' dir='ltr'><strong>ris</strong></span> <span class='ocrx_word' id='word_1_11' title='bbox 596 477 720 516; x_wconf 88' lang='lat' dir='ltr'><strong>cum</strong></span> <span class='ocrx_word' id='word_1_12' title='bbox 757 462 1002 534; x_wconf 83' lang='lat' dir='ltr'><strong>patribus</strong></span> <span class='ocrx_word' id='word_1_13' title='bbox 1035 463 1165 526; x_wconf 81' lang='lat' dir='ltr'><strong>tuis,</strong></span> <span class='ocrx_word' id='word_1_14' title='bbox 1210 462 1486 516; x_wconf 73' lang='lat' dir='ltr'><strong>suscitabo</strong></span> <span class='ocrx_word' id='word_1_15' title='bbox 1519 479 1700 522; x_wconf 87' lang='lat' dir='ltr'><strong>semen</strong></span> <span class='ocrx_word' id='word_1_16' title='bbox 1733 473 1884 518; x_wconf 83' lang='lat' dir='ltr'><strong>tuum</strong></span> <span class='ocrx_word' id='word_1_17' title='bbox 1915 478 2018 536; x_wconf 69' lang='lat' dir='ltr'><strong>pos</strong></span> 
     </span>
    </p>
   </div>
   <div class='ocr_carea' id='block_1_5' title="bbox 2122 461 3678 536">
    <p class='ocr_par' dir='ltr' id='par_1_5' title="bbox 2137 462 3678 536">
     <span class='ocr_line' id='line_1_5' title="bbox 2137 462 3678 536; baseline 0.001 -18"><span class='ocrx_word' id='word_1_18' title='bbox 2137 465 2442 536; x_wconf 75' lang='grc' dir='ltr'>κοιμηθήσῃ</span> <span class='ocrx_word' id='word_1_19' title='bbox 2475 462 2612 534; x_wconf 77' lang='grc' dir='ltr'>μετὰ</span> <span class='ocrx_word' id='word_1_20' title='bbox 2632 464 2738 516; x_wconf 89' lang='grc' dir='ltr'><strong>τῶν</strong></span> <span class='ocrx_word' id='word_1_21' title='bbox 2761 463 3008 534; x_wconf 80' lang='grc' dir='ltr'><strong>πατέρων</strong></span> <span class='ocrx_word' id='word_1_22' title='bbox 3037 479 3146 526; x_wconf 82' lang='grc' dir='ltr'>σου,</span> <span class='ocrx_word' id='word_1_23' title='bbox 3182 477 3276 516; x_wconf 89' lang='grc' dir='ltr'><strong>και</strong></span> <span class='ocrx_word' id='word_1_24' title='bbox 3313 463 3598 530; x_wconf 73' lang='grc' dir='ltr'><strong>ἀναστήσω</strong></span> <span class='ocrx_word' id='word_1_25' title='bbox 3621 467 3678 520; x_wconf 78' lang='grc' dir='ltr'>τὸ</span> 
     </span>
    </p>
   </div>
   <div class='ocr_carea' id='block_1_6' title="bbox 481 554 2038 625">
    <p class='ocr_par' dir='ltr' id='par_1_6' title="bbox 481 554 2038 625">
     <span class='ocr_line' id='line_1_6' title="bbox 481 554 2038 625; baseline 0.001 -16"><span class='ocrx_word' id='word_1_26' title='bbox 481 563 554 614; x_wconf 84' lang='lat' dir='ltr'><strong>te,</strong></span> <span class='ocrx_word' id='word_1_27' title='bbox 587 554 734 624; x_wconf 88' lang='lat' dir='ltr'><strong>quod</strong></span> <span class='ocrx_word' id='word_1_28' title='bbox 781 555 1087 625; x_wconf 75' lang='lat' dir='ltr'><strong>egredietur</strong></span> <span class='ocrx_word' id='word_1_29' title='bbox 1114 555 1180 609; x_wconf 87' lang='lat' dir='ltr'><strong>de</strong></span> <span class='ocrx_word' id='word_1_30' title='bbox 1213 565 1368 608; x_wconf 98' lang='lat' dir='ltr'><strong>utero</strong></span> <span class='ocrx_word' id='word_1_31' title='bbox 1407 563 1526 618; x_wconf 86' lang='lat' dir='ltr'><strong>tuo,</strong></span> <span class='ocrx_word' id='word_1_32' title='bbox 1565 565 1618 610; x_wconf 87' lang='lat' dir='ltr'><strong>et</strong></span> <span class='ocrx_word' id='word_1_33' title='bbox 1671 555 1896 612; x_wconf 80' lang='lat' dir='ltr'><strong>tirmabo</strong></span> <span class='ocrx_word' id='word_1_34' title='bbox 1949 571 2038 610; x_wconf 87' lang='lat' dir='ltr'><strong>re-</strong></span> 
     </span>
    </p>
   </div>
   <div class='ocr_carea' id='block_1_7' title="bbox 479 644 2032 716">
    <p class='ocr_par' dir='ltr' id='par_1_7' title="bbox 479 644 2032 716">
     <span class='ocr_line' id='line_1_7' title="bbox 479 644 2032 716; baseline 0.003 -18"><span class='ocrx_word' id='word_1_35' title='bbox 479 659 646 716; x_wconf 74' lang='lat' dir='ltr'><strong>gnum</strong></span> <span class='ocrx_word' id='word_1_36' title='bbox 699 645 838 714; x_wconf 83' lang='lat' dir='ltr'><strong>ejus.</strong></span> <span class='ocrx_word' id='word_1_37' title='bbox 895 644 1012 715; x_wconf 86' lang='lat' dir='ltr'><strong>ipse</strong></span> <span class='ocrx_word' id='word_1_38' title='bbox 1047 644 1334 701; x_wconf 67' lang='lat' dir='ltr'><strong>aediﬁcabit</strong></span> <span class='ocrx_word' id='word_1_39' title='bbox 1363 645 1581 702; x_wconf 90' lang='lat' dir='ltr'><strong>domum</strong></span> <span class='ocrx_word' id='word_1_40' title='bbox 1627 648 1834 702; x_wconf 84' lang='lat' dir='ltr'><strong>nomini</strong></span> <span class='ocrx_word' id='word_1_41' title='bbox 1889 663 2032 712; x_wconf 85' lang='lat' dir='ltr'><strong>meo,</strong></span> 
     </span>
    </p>
   </div>
   <div class='ocr_carea' id='block_1_8' title="bbox 478 737 2034 808">
    <p class='ocr_par' dir='ltr' id='par_1_8' title="bbox 478 737 2034 808">
     <span class='ocr_line' id='line_1_8' title="bbox 478 737 2034 808; baseline 0 -16"><span class='ocrx_word' id='word_1_42' title='bbox 478 747 532 792; x_wconf 85' lang='lat' dir='ltr'><strong>et</strong></span> <span class='ocrx_word' id='word_1_43' title='bbox 563 737 830 794; x_wconf 85' lang='lat' dir='ltr'><strong>stabiliam</strong></span> <span class='ocrx_word' id='word_1_44' title='bbox 875 739 1126 792; x_wconf 88' lang='lat' dir='ltr'><strong>thronum</strong></span> <span class='ocrx_word' id='word_1_45' title='bbox 1168 740 1316 808; x_wconf 78' lang='lat' dir='ltr'><strong>regni</strong></span> <span class='ocrx_word' id='word_1_46' title='bbox 1351 739 1470 808; x_wconf 87' lang='lat' dir='ltr'><strong>ejus</strong></span> <span class='ocrx_word' id='word_1_47' title='bbox 1505 755 1680 808; x_wconf 90' lang='lat' dir='ltr'><strong>usque</strong></span> <span class='ocrx_word' id='word_1_48' title='bbox 1729 740 1782 792; x_wconf 91' lang='lat' dir='ltr'><strong>in</strong></span> <span class='ocrx_word' id='word_1_49' title='bbox 1835 740 2034 808; x_wconf 86' lang='lat' dir='ltr'><strong>sempi-</strong></span> 
     </span>
    </p>
   </div>
   <div class='ocr_carea' id='block_1_9' title="bbox 479 825 2032 900">
    <p class='ocr_par' dir='ltr' id='par_1_9' title="bbox 479 825 2032 900">
     <span class='ocr_line' id='line_1_9' title="bbox 479 825 2032 900; baseline 0.002 -21"><span class='ocrx_word' id='word_1_50' title='bbox 479 833 713 881; x_wconf 85' lang='lat' dir='ltr'><strong>ternum.</strong></span> <span class='ocrx_word' id='word_1_51' title='bbox 771 825 883 897; x_wconf 79' lang='lat' dir='ltr'><strong>Ego</strong></span> <span class='ocrx_word' id='word_1_52' title='bbox 927 843 1022 882; x_wconf 90' lang='lat' dir='ltr'><strong>ero</strong></span> <span class='ocrx_word' id='word_1_53' title='bbox 1061 829 1108 882; x_wconf 90' lang='lat' dir='ltr'><strong>ei</strong></span> <span class='ocrx_word' id='word_1_54' title='bbox 1145 827 1198 882; x_wconf 91' lang='lat' dir='ltr'><strong>in</strong></span> <span class='ocrx_word' id='word_1_55' title='bbox 1231 837 1458 898; x_wconf 85' lang='lat' dir='ltr'><strong>patrem,</strong></span> <span class='ocrx_word' id='word_1_56' title='bbox 1523 839 1576 884; x_wconf 86' lang='lat' dir='ltr'><strong>et</strong></span> <span class='ocrx_word' id='word_1_57' title='bbox 1607 831 1722 900; x_wconf 89' lang='lat' dir='ltr'><strong>ipse</strong></span> <span class='ocrx_word' id='word_1_58' title='bbox 1754 830 1857 884; x_wconf 88' lang='lat' dir='ltr'><strong>erit</strong></span> <span class='ocrx_word' id='word_1_59' title='bbox 1899 829 2032 884; x_wconf 89' lang='lat' dir='ltr'><strong>mihi</strong></span> 
     </span>
    </p>
   </div>
   <div class='ocr_carea' id='block_1_10' title="bbox 488 913 2030 988">
    <p class='ocr_par' dir='ltr' id='par_1_10' title="bbox 488 913 2030 988">
     <span class='ocr_line' id='line_1_10' title="bbox 488 913 2030 988; baseline 0.003 -21"><span class='ocrx_word' id='word_1_60' title='bbox 488 913 544 968; x_wconf 91' lang='lat' dir='ltr'><strong>in</strong></span> <span class='ocrx_word' id='word_1_61' title='bbox 587 913 776 969; x_wconf 86' lang='lat' dir='ltr'><strong>ﬁlium.</strong></span> <span class='ocrx_word' id='word_1_62' title='bbox 837 915 938 982; x_wconf 87' lang='lat' dir='ltr'><strong>Qui</strong></span> <span class='ocrx_word' id='word_1_63' title='bbox 974 917 1018 972; x_wconf 86' lang='lat' dir='ltr'><strong>si</strong></span> <span class='ocrx_word' id='word_1_64' title='bbox 1070 918 1254 986; x_wconf 87' lang='lat' dir='ltr'><strong>inique</strong></span> <span class='ocrx_word' id='word_1_65' title='bbox 1289 918 1490 986; x_wconf 86' lang='lat' dir='ltr'><strong>aliquid</strong></span> <span class='ocrx_word' id='word_1_66' title='bbox 1522 919 1772 988; x_wconf 77' lang='lat' dir='ltr'><strong>gesserit,</strong></span> <span class='ocrx_word' id='word_1_67' title='bbox 1805 932 2030 988; x_wconf 81' lang='lat' dir='ltr'><strong>arguam</strong></span> 
     </span>
    </p>
   </div>
   <div class='ocr_carea' id='block_1_11' title="bbox 478 1004 2030 1075">
    <p class='ocr_par' dir='ltr' id='par_1_11' title="bbox 478 1004 2030 1075">
     <span class='ocr_line' id='line_1_11' title="bbox 478 1004 2030 1075; baseline 0.003 -19"><span class='ocrx_word' id='word_1_68' title='bbox 478 1017 602 1056; x_wconf 88' lang='lat' dir='ltr'><strong>eum</strong></span> <span class='ocrx_word' id='word_1_69' title='bbox 635 1004 688 1057; x_wconf 88' lang='lat' dir='ltr'><strong>in</strong></span> <span class='ocrx_word' id='word_1_70' title='bbox 723 1005 874 1074; x_wconf 75' lang='lat' dir='ltr'><strong>virga</strong></span> <span class='ocrx_word' id='word_1_71' title='bbox 907 1005 1170 1070; x_wconf 86' lang='lat' dir='ltr'><strong>virorum,</strong></span> <span class='ocrx_word' id='word_1_72' title='bbox 1201 1013 1253 1058; x_wconf 91' lang='lat' dir='ltr'><strong>et</strong></span> <span class='ocrx_word' id='word_1_73' title='bbox 1277 1006 1328 1058; x_wconf 91' lang='lat' dir='ltr'><strong>in</strong></span> <span class='ocrx_word' id='word_1_74' title='bbox 1378 1006 1548 1075; x_wconf 78' lang='lat' dir='ltr'><strong>plagis</strong></span> <span class='ocrx_word' id='word_1_75' title='bbox 1591 1006 1822 1060; x_wconf 84' lang='lat' dir='ltr'><strong>ﬁliorum</strong></span> <span class='ocrx_word' id='word_1_76' title='bbox 1855 1007 2030 1060; x_wconf 80' lang='lat' dir='ltr'><strong>horni-</strong></span> 
     </span>
    </p>
   </div>
   <div class='ocr_carea' id='block_1_12' title="bbox 475 1094 2030 1154">
    <p class='ocr_par' dir='ltr' id='par_1_12' title="bbox 475 1094 2030 1154">
     <span class='ocr_line' id='line_1_12' title="bbox 475 1094 2030 1154; baseline 0.003 -7"><span class='ocrx_word' id='word_1_77' title='bbox 475 1110 623 1147; x_wconf 89' lang='lat' dir='ltr'><strong>nnm.</strong></span> <span class='ocrx_word' id='word_1_78' title='bbox 681 1094 1102 1150; x_wconf 80' lang='lat' dir='ltr'><strong>Misericordiam</strong></span> <span class='ocrx_word' id='word_1_79' title='bbox 1151 1106 1328 1150; x_wconf 90' lang='lat' dir='ltr'><strong>autem</strong></span> <span class='ocrx_word' id='word_1_80' title='bbox 1391 1113 1564 1152; x_wconf 87' lang='lat' dir='ltr'><strong>meam</strong></span> <span class='ocrx_word' id='word_1_81' title='bbox 1627 1115 1734 1152; x_wconf 87' lang='lat' dir='ltr'><strong>non</strong></span> <span class='ocrx_word' id='word_1_82' title='bbox 1787 1099 2030 1154; x_wconf 80' lang='lat' dir='ltr'><strong>auferam</strong></span> 
     </span>
    </p>
   </div>
   <div class='ocr_carea' id='block_1_13' title="bbox 473 1186 2027 1258">
    <p class='ocr_par' dir='ltr' id='par_1_13' title="bbox 473 1186 2027 1258">
     <span class='ocr_line' id='line_1_13' title="bbox 473 1186 2027 1258; baseline 0.003 -20"><span class='ocrx_word' id='word_1_83' title='bbox 473 1186 542 1240; x_wconf 82' lang='lat' dir='ltr'><strong>ab</strong></span> <span class='ocrx_word' id='word_1_84' title='bbox 582 1186 682 1246; x_wconf 84' lang='lat' dir='ltr'><strong>eis.</strong></span> <span class='ocrx_word' id='word_1_85' title='bbox 710 1187 850 1240; x_wconf 89' lang='lat' dir='ltr'><strong>sicut</strong></span> <span class='ocrx_word' id='word_1_86' title='bbox 894 1188 1088 1242; x_wconf 78' lang='lat' dir='ltr'><strong>abstuli</strong></span> <span class='ocrx_word' id='word_1_87' title='bbox 1126 1203 1155 1241; x_wconf 88' lang='lat' dir='ltr'><strong>a</strong></span> <span class='ocrx_word' id='word_1_88' title='bbox 1185 1189 1338 1251; x_wconf 80' lang='lat' dir='ltr'><strong>Saul,</strong></span> <span class='ocrx_word' id='word_1_89' title='bbox 1399 1205 1554 1258; x_wconf 88' lang='lat' dir='ltr'><strong>quem</strong></span> <span class='ocrx_word' id='word_1_90' title='bbox 1603 1189 1776 1242; x_wconf 84' lang='lat' dir='ltr'><strong>amovi</strong></span> <span class='ocrx_word' id='word_1_91' title='bbox 1823 1205 1852 1241; x_wconf 89' lang='lat' dir='ltr'><strong>a</strong></span> <span class='ocrx_word' id='word_1_92' title='bbox 1892 1189 2027 1244; x_wconf 81' lang='lat' dir='ltr'><strong>facie</strong></span> 
     </span>
    </p>
   </div>
   <div class='ocr_carea' id='block_1_14' title="bbox 472 1275 2022 1350">
    <p class='ocr_par' dir='ltr' id='par_1_14' title="bbox 472 1275 2022 1350">
     <span class='ocr_line' id='line_1_14' title="bbox 472 1275 2022 1350; baseline 0.003 -21"><span class='ocrx_word' id='word_1_93' title='bbox 472 1289 612 1329; x_wconf 89' lang='lat' dir='ltr'><strong>mea.</strong></span> <span class='ocrx_word' id='word_1_94' title='bbox 666 1275 730 1328; x_wconf 85' lang='lat' dir='ltr'><strong>Et</strong></span> <span class='ocrx_word' id='word_1_95' title='bbox 772 1277 946 1332; x_wconf 88' lang='lat' dir='ltr'><strong>lidelis</strong></span> <span class='ocrx_word' id='word_1_96' title='bbox 989 1279 1092 1332; x_wconf 87' lang='lat' dir='ltr'><strong>erit</strong></span> <span class='ocrx_word' id='word_1_97' title='bbox 1123 1280 1316 1336; x_wconf 87' lang='lat' dir='ltr'><strong>domus</strong></span> <span class='ocrx_word' id='word_1_98' title='bbox 1349 1296 1468 1344; x_wconf 80' lang='lat' dir='ltr'><strong>sua,</strong></span> <span class='ocrx_word' id='word_1_99' title='bbox 1500 1289 1553 1332; x_wconf 87' lang='lat' dir='ltr'><strong>et</strong></span> <span class='ocrx_word' id='word_1_100' title='bbox 1587 1297 1812 1350; x_wconf 76' lang='lat' dir='ltr'><strong>regnum</strong></span> <span class='ocrx_word' id='word_1_101' title='bbox 1865 1297 2022 1335; x_wconf 91' lang='lat' dir='ltr'><strong>suum</strong></span> 
     </span>
    </p>
   </div>
   <div class='ocr_carea' id='block_1_15' title="bbox 469 1366 2028 1434">
    <p class='ocr_par' dir='ltr' id='par_1_15' title="bbox 469 1366 2028 1434">
     <span class='ocr_line' id='line_1_15' title="bbox 469 1366 2028 1434; baseline 0.006 -16"><span class='ocrx_word' id='word_1_102' title='bbox 469 1381 646 1434; x_wconf 86' lang='lat' dir='ltr'><strong>usque</strong></span> <span class='ocrx_word' id='word_1_103' title='bbox 675 1366 728 1419; x_wconf 91' lang='lat' dir='ltr'><strong>in</strong></span> <span class='ocrx_word' id='word_1_104' title='bbox 757 1375 1014 1422; x_wconf 69' lang='lat' dir='ltr'><strong>azternum</strong></span> <span class='ocrx_word' id='word_1_105' title='bbox 1057 1377 1180 1422; x_wconf 85' lang='lat' dir='ltr'><strong>ante</strong></span> <span class='ocrx_word' id='word_1_106' title='bbox 1211 1369 1398 1424; x_wconf 81' lang='lat' dir='ltr'><strong>faciem</strong></span> <span class='ocrx_word' id='word_1_107' title='bbox 1449 1385 1640 1424; x_wconf 84' lang='lat' dir='ltr'><strong>meam.</strong></span> <span class='ocrx_word' id='word_1_108' title='bbox 1699 1370 1762 1422; x_wconf 79' lang='lat' dir='ltr'><strong>Et</strong></span> <span class='ocrx_word' id='word_1_109' title='bbox 1799 1371 2028 1427; x_wconf 78' lang='lat' dir='ltr'><strong>thronus</strong></span> 
     </span>
    </p>
   </div>
   <div class='ocr_carea' id='block_1_16' title="bbox 469 1459 2026 1530">
    <p class='ocr_par' dir='ltr' id='par_1_16' title="bbox 469 1459 2026 1530">
     <span class='ocr_line' id='line_1_16' title="bbox 469 1459 2026 1530; baseline 0.003 -18"><span class='ocrx_word' id='word_1_110' title='bbox 469 1473 604 1513; x_wconf 88' lang='lat' dir='ltr'><strong>suus</strong></span> <span class='ocrx_word' id='word_1_111' title='bbox 635 1459 737 1512; x_wconf 89' lang='lat' dir='ltr'><strong>erit</strong></span> <span class='ocrx_word' id='word_1_112' title='bbox 769 1459 956 1514; x_wconf 81' lang='lat' dir='ltr'><strong>ﬁrmus</strong></span> <span class='ocrx_word' id='word_1_113' title='bbox 981 1459 1302 1530; x_wconf 69' lang='lat' dir='ltr'><strong>jugiter&quot;.i</strong></span> <span class='ocrx_word' id='word_1_114' title='bbox 1363 1461 1456 1516; x_wconf 88' lang='lat' dir='ltr'><strong>llis</strong></span> <span class='ocrx_word' id='word_1_115' title='bbox 1489 1462 1598 1517; x_wconf 67' lang='lat' dir='ltr'><strong>fere</strong></span> <span class='ocrx_word' id='word_1_116' title='bbox 1639 1462 1836 1518; x_wconf 82' lang='lat' dir='ltr'><strong>similia</strong></span> <span class='ocrx_word' id='word_1_117' title='bbox 1885 1474 1938 1518; x_wconf 89' lang='lat' dir='ltr'><strong>et</strong></span> <span class='ocrx_word' id='word_1_118' title='bbox 1972 1466 2026 1518; x_wconf 89' lang='lat' dir='ltr'><strong>in</strong></span> 
     </span>
    </p>
   </div>
   <div class='ocr_carea' id='block_1_17' title="bbox 468 1550 2027 1632">
    <p class='ocr_par' dir='ltr' id='par_1_17' title="bbox 468 1550 2027 1632">
     <span class='ocr_line' id='line_1_17' title="bbox 468 1550 2027 1632; baseline 0.004 -31"><span class='ocrx_word' id='word_1_119' title='bbox 468 1550 806 1620; x_wconf 75' lang='lat' dir='ltr'><strong>octogesimo</strong></span> <span class='ocrx_word' id='word_1_120' title='bbox 838 1557 1035 1604; x_wconf 87' lang='lat' dir='ltr'><strong>octavo</strong></span> <span class='ocrx_word' id='word_1_121' title='bbox 1085 1552 1350 1632; x_wconf 74' lang='lat' dir='ltr'><strong>dicuntur</strong></span> <span class='ocrx_word' id='word_1_122' title='bbox 1373 1553 1602 1621; x_wconf 84' lang='lat' dir='ltr'><strong>psalmo.</strong></span> <span class='ocrx_word' id='word_1_123' title='bbox 1661 1553 1815 1619; x_wconf 86' lang='lat' dir='ltr'><strong>Quod</strong></span> <span class='ocrx_word' id='word_1_124' title='bbox 1847 1556 1890 1608; x_wconf 91' lang='lat' dir='ltr'><strong>si</strong></span> <span class='ocrx_word' id='word_1_125' title='bbox 1927 1552 2027 1608; x_wconf 84' lang='lat' dir='ltr'><strong>Ju-</strong></span> 
     </span>
    </p>
   </div>
   <div class='ocr_carea' id='block_1_18' title="bbox 467 1637 2026 1716">
    <p class='ocr_par' dir='ltr' id='par_1_18' title="bbox 467 1637 2026 1716">
     <span class='ocr_line' id='line_1_18' title="bbox 467 1637 2026 1716; baseline 0.005 -24"><span class='ocrx_word' id='word_1_126' title='bbox 467 1637 598 1696; x_wconf 61' lang='lat' dir='ltr'><strong>dteis</strong></span> <span class='ocrx_word' id='word_1_127' title='bbox 647 1641 960 1711; x_wconf 80' lang='lat' dir='ltr'><strong>ambiguum</strong></span> <span class='ocrx_word' id='word_1_128' title='bbox 995 1643 1210 1696; x_wconf 90' lang='lat' dir='ltr'><strong>videtur</strong></span> <span class='ocrx_word' id='word_1_129' title='bbox 1243 1645 1294 1696; x_wconf 90' lang='lat' dir='ltr'><strong>in</strong></span> <span class='ocrx_word' id='word_1_130' title='bbox 1325 1645 1409 1698; x_wconf 83' lang='lat' dir='ltr'><strong>his</strong></span> <span class='ocrx_word' id='word_1_131' title='bbox 1439 1645 1594 1710; x_wconf 81' lang='lat' dir='ltr'><strong>locis,</strong></span> <span class='ocrx_word' id='word_1_132' title='bbox 1640 1647 1762 1716; x_wconf 89' lang='lat' dir='ltr'><strong>quis</strong></span> <span class='ocrx_word' id='word_1_133' title='bbox 1803 1647 1906 1702; x_wconf 84' lang='lat' dir='ltr'><strong>sibi</strong></span> <span class='ocrx_word' id='word_1_134' title='bbox 1943 1647 2026 1700; x_wconf 85' lang='lat' dir='ltr'><strong>in-</strong></span> 
     </span>
    </p>
   </div>
   <div class='ocr_carea' id='block_1_19' title="bbox 469 1732 2024 1806">
    <p class='ocr_par' dir='ltr' id='par_1_19' title="bbox 469 1732 2024 1806">
     <span class='ocr_line' id='line_1_19' title="bbox 469 1732 2024 1806; baseline 0.006 -22"><span class='ocrx_word' id='word_1_135' title='bbox 469 1732 794 1802; x_wconf 78' lang='lat' dir='ltr'><strong>telligendus</strong></span> <span class='ocrx_word' id='word_1_136' title='bbox 843 1735 936 1800; x_wconf 92' lang='lat' dir='ltr'><strong>sit,</strong></span> <span class='ocrx_word' id='word_1_137' title='bbox 973 1734 1186 1792; x_wconf 79' lang='lat' dir='ltr'><strong>Deusne</strong></span> <span class='ocrx_word' id='word_1_138' title='bbox 1239 1752 1306 1790; x_wconf 92' lang='lat' dir='ltr'><strong>an</strong></span> <span class='ocrx_word' id='word_1_139' title='bbox 1333 1737 1520 1802; x_wconf 83' lang='lat' dir='ltr'><strong>David,</strong></span> <span class='ocrx_word' id='word_1_140' title='bbox 1547 1739 1625 1791; x_wconf 91' lang='lat' dir='ltr'><strong>vel</strong></span> <span class='ocrx_word' id='word_1_141' title='bbox 1653 1740 1772 1806; x_wconf 86' lang='lat' dir='ltr'><strong>ejus</strong></span> <span class='ocrx_word' id='word_1_142' title='bbox 1806 1753 2024 1793; x_wconf 85' lang='lat' dir='ltr'><strong>succes-</strong></span> 
     </span>
    </p>
   </div>
   <div class='ocr_carea' id='block_1_20' title="bbox 2135 555 3678 627">
    <p class='ocr_par' dir='ltr' id='par_1_20' title="bbox 2135 555 3678 627">
     <span class='ocr_line' id='line_1_20' title="bbox 2135 555 3678 627; baseline 0 -17"><span class='ocrx_word' id='word_1_143' title='bbox 2135 558 2352 627; x_wconf 84' lang='grc' dir='ltr'>σπέρμα</span> <span class='ocrx_word' id='word_1_144' title='bbox 2385 573 2474 610; x_wconf 89' lang='grc' dir='ltr'><strong>σου</strong></span> <span class='ocrx_word' id='word_1_145' title='bbox 2511 555 2646 626; x_wconf 80' lang='grc' dir='ltr'>μετὰ</span> <span class='ocrx_word' id='word_1_146' title='bbox 2693 557 2780 616; x_wconf 79' lang='grc' dir='ltr'><strong>σὲ,</strong></span> <span class='ocrx_word' id='word_1_147' title='bbox 2815 556 2873 618; x_wconf 87' lang='grc' dir='ltr'>ὂς</span> <span class='ocrx_word' id='word_1_148' title='bbox 2920 555 3068 608; x_wconf 72' lang='grc' dir='ltr'>ἔσται</span> <span class='ocrx_word' id='word_1_149' title='bbox 3105 558 3168 607; x_wconf 81' lang='grc' dir='ltr'><strong>ἐκ</strong></span> <span class='ocrx_word' id='word_1_150' title='bbox 3193 555 3289 624; x_wconf 88' lang='grc' dir='ltr'><strong>τῆς</strong></span> <span class='ocrx_word' id='word_1_151' title='bbox 3335 555 3540 620; x_wconf 85' lang='grc' dir='ltr'>κοιλίας</span> <span class='ocrx_word' id='word_1_152' title='bbox 3573 574 3678 620; x_wconf 85' lang='grc' dir='ltr'>σου,</span> 
     </span>
    </p>
   </div>
   <div class='ocr_carea' id='block_1_21' title="bbox 2133 645 3682 718">
    <p class='ocr_par' dir='ltr' id='par_1_21' title="bbox 2133 645 3682 718">
     <span class='ocr_line' id='line_1_21' title="bbox 2133 645 3682 718; baseline 0.001 -18"><span class='ocrx_word' id='word_1_153' title='bbox 2133 649 2228 702; x_wconf 74' lang='grc' dir='ltr'><strong>καὶ</strong></span> <span class='ocrx_word' id='word_1_154' title='bbox 2255 648 2524 718; x_wconf 79' lang='grc' dir='ltr'><strong>ἑτοιμάσω</strong></span> <span class='ocrx_word' id='word_1_155' title='bbox 2551 647 2648 718; x_wconf 78' lang='grc' dir='ltr'><strong>τὴν</strong></span> <span class='ocrx_word' id='word_1_156' title='bbox 2667 646 2940 718; x_wconf 83' lang='grc' dir='ltr'>βασιλείαν</span> <span class='ocrx_word' id='word_1_157' title='bbox 2959 645 3142 698; x_wconf 75' lang='grc' dir='ltr'>αὑτοῦ.</span> <span class='ocrx_word' id='word_1_158' title='bbox 3165 645 3334 710; x_wconf 77' lang='grc' dir='ltr'>Αὐτὸς</span> <span class='ocrx_word' id='word_1_159' title='bbox 3353 647 3682 718; x_wconf 73' lang='grc' dir='ltr'><strong>οἰκοδομήσει</strong></span> 
     </span>
    </p>
   </div>
   <div class='ocr_carea' id='block_1_22' title="bbox 2135 735 3682 810">
    <p class='ocr_par' dir='ltr' id='par_1_22' title="bbox 2135 735 3682 810">
     <span class='ocr_line' id='line_1_22' title="bbox 2135 735 3682 810; baseline 0.001 -18"><span class='ocrx_word' id='word_1_160' title='bbox 2135 757 2222 810; x_wconf 88' lang='grc' dir='ltr'><strong>μοι</strong></span> <span class='ocrx_word' id='word_1_161' title='bbox 2251 735 2394 792; x_wconf 78' lang='grc' dir='ltr'>οἷκον</span> <span class='ocrx_word' id='word_1_162' title='bbox 2417 737 2494 809; x_wconf 83' lang='grc' dir='ltr'>τῷ</span> <span class='ocrx_word' id='word_1_163' title='bbox 2517 739 2736 808; x_wconf 83' lang='grc' dir='ltr'>ὀνόματί</span> <span class='ocrx_word' id='word_1_164' title='bbox 2779 755 2900 807; x_wconf 85' lang='grc' dir='ltr'>μου,</span> <span class='ocrx_word' id='word_1_165' title='bbox 2937 738 3028 791; x_wconf 82' lang='grc' dir='ltr'>καὶ</span> <span class='ocrx_word' id='word_1_166' title='bbox 3052 737 3344 810; x_wconf 74' lang='grc' dir='ltr'><strong>ἀνορθώσω</strong></span> <span class='ocrx_word' id='word_1_167' title='bbox 3371 739 3464 790; x_wconf 79' lang='grc' dir='ltr'><strong>τὸν</strong></span> <span class='ocrx_word' id='word_1_168' title='bbox 3507 737 3682 810; x_wconf 81' lang='grc' dir='ltr'>θρόνον</span> 
     </span>
    </p>
   </div>
   <div class='ocr_carea' id='block_1_23' title="bbox 2131 827 3683 898">
    <p class='ocr_par' dir='ltr' id='par_1_23' title="bbox 2131 827 3683 898">
     <span class='ocr_line' id='line_1_23' title="bbox 2131 827 3683 898; baseline 0.001 -16"><span class='ocrx_word' id='word_1_169' title='bbox 2131 829 2294 882; x_wconf 80' lang='grc' dir='ltr'>αὐτοῦ</span> <span class='ocrx_word' id='word_1_170' title='bbox 2319 831 2421 892; x_wconf 73' lang='grc' dir='ltr'><strong>ἕως</strong></span> <span class='ocrx_word' id='word_1_171' title='bbox 2454 831 2532 892; x_wconf 83' lang='grc' dir='ltr'><strong>είς</strong></span> <span class='ocrx_word' id='word_1_172' title='bbox 2561 829 2648 881; x_wconf 87' lang='grc' dir='ltr'><strong>τὸν</strong></span> <span class='ocrx_word' id='word_1_173' title='bbox 2681 829 2872 882; x_wconf 86' lang='grc' dir='ltr'>αίῶνα.</span> <span class='ocrx_word' id='word_1_174' title='bbox 2918 827 3056 896; x_wconf 81' lang='grc' dir='ltr'><strong>Ἐγὼ</strong></span> <span class='ocrx_word' id='word_1_175' title='bbox 3078 829 3270 898; x_wconf 74' lang='grc' dir='ltr'>ἔσομαι</span> <span class='ocrx_word' id='word_1_176' title='bbox 3303 828 3452 898; x_wconf 81' lang='grc' dir='ltr'>αὐτῷ</span> <span class='ocrx_word' id='word_1_177' title='bbox 3477 831 3554 892; x_wconf 79' lang='grc' dir='ltr'>εἰς</span> <span class='ocrx_word' id='word_1_178' title='bbox 3589 847 3683 884; x_wconf 83' lang='grc' dir='ltr'>πα-</span> 
     </span>
    </p>
   </div>
   <div class='ocr_carea' id='block_1_24' title="bbox 2131 917 3684 992">
    <p class='ocr_par' dir='ltr' id='par_1_24' title="bbox 2131 917 3684 992">
     <span class='ocr_line' id='line_1_24' title="bbox 2131 917 3684 992; baseline 0 -20"><span class='ocrx_word' id='word_1_179' title='bbox 2131 919 2284 990; x_wconf 82' lang='grc' dir='ltr'><strong>τέρα,</strong></span> <span class='ocrx_word' id='word_1_180' title='bbox 2313 921 2405 972; x_wconf 74' lang='grc' dir='ltr'><strong>καὶ</strong></span> <span class='ocrx_word' id='word_1_181' title='bbox 2432 920 2592 982; x_wconf 77' lang='grc' dir='ltr'>αὐτὸς</span> <span class='ocrx_word' id='word_1_182' title='bbox 2621 919 2770 974; x_wconf 77' lang='grc' dir='ltr'>ἔσται</span> <span class='ocrx_word' id='word_1_183' title='bbox 2811 936 2899 990; x_wconf 85' lang='grc' dir='ltr'><strong>μοι</strong></span> <span class='ocrx_word' id='word_1_184' title='bbox 2921 921 2998 981; x_wconf 86' lang='grc' dir='ltr'><strong>είς</strong></span> <span class='ocrx_word' id='word_1_185' title='bbox 3037 919 3168 972; x_wconf 83' lang='grc' dir='ltr'>υἱόν.</span> <span class='ocrx_word' id='word_1_186' title='bbox 3201 917 3310 971; x_wconf 79' lang='grc' dir='ltr'><strong>Καὶ</strong></span> <span class='ocrx_word' id='word_1_187' title='bbox 3337 918 3404 972; x_wconf 82' lang='grc' dir='ltr'>ἂν</span> <span class='ocrx_word' id='word_1_188' title='bbox 3429 918 3560 992; x_wconf 77' lang='grc' dir='ltr'>ἔλθῃ</span> <span class='ocrx_word' id='word_1_189' title='bbox 3581 920 3684 972; x_wconf 75' lang='grc' dir='ltr'>ἁδι-</span> 
     </span>
    </p>
   </div>
   <div class='ocr_carea' id='block_1_25' title="bbox 2131 1009 3684 1082">
    <p class='ocr_par' dir='ltr' id='par_1_25' title="bbox 2131 1009 3684 1082">
     <span class='ocr_line' id='line_1_25' title="bbox 2131 1009 3684 1082; baseline 0 -20"><span class='ocrx_word' id='word_1_190' title='bbox 2131 1011 2222 1062; x_wconf 90' lang='grc' dir='ltr'><strong>κία</strong></span> <span class='ocrx_word' id='word_1_191' title='bbox 2251 1009 2436 1074; x_wconf 77' lang='grc' dir='ltr'>αὐτοῦ,</span> <span class='ocrx_word' id='word_1_192' title='bbox 2463 1011 2552 1062; x_wconf 75' lang='grc' dir='ltr'><strong>καὶ</strong></span> <span class='ocrx_word' id='word_1_193' title='bbox 2589 1009 2792 1078; x_wconf 72' lang='grc' dir='ltr'>ἐλέγξω</span> <span class='ocrx_word' id='word_1_194' title='bbox 2823 1010 2982 1064; x_wconf 77' lang='grc' dir='ltr'>αὑτὸν</span> <span class='ocrx_word' id='word_1_195' title='bbox 3013 1012 3068 1062; x_wconf 75' lang='grc' dir='ltr'>ὲν</span> <span class='ocrx_word' id='word_1_196' title='bbox 3099 1009 3278 1081; x_wconf 73' lang='grc' dir='ltr'><strong>ῥάϐδῳ</strong></span> <span class='ocrx_word' id='word_1_197' title='bbox 3315 1010 3558 1082; x_wconf 78' lang='grc' dir='ltr'>ἀνδρῶν,</span> <span class='ocrx_word' id='word_1_198' title='bbox 3598 1011 3684 1064; x_wconf 74' lang='grc' dir='ltr'>καὶ</span> 
     </span>
    </p>
   </div>
   <div class='ocr_carea' id='block_1_26' title="bbox 2135 1089 3712 1172">
    <p class='ocr_par' dir='ltr' id='par_1_26' title="bbox 2135 1089 3712 1172">
     <span class='ocr_line' id='line_1_26' title="bbox 2135 1089 3712 1172; baseline 0.001 -19"><span class='ocrx_word' id='word_1_199' title='bbox 2135 1103 2190 1153; x_wconf 81' lang='grc' dir='ltr'>ὲν</span> <span class='ocrx_word' id='word_1_200' title='bbox 2226 1102 2386 1168; x_wconf 83' lang='grc' dir='ltr'>ἁφαῖς</span> <span class='ocrx_word' id='word_1_201' title='bbox 2421 1100 2548 1152; x_wconf 89' lang='grc' dir='ltr'>υίῶν</span> <span class='ocrx_word' id='word_1_202' title='bbox 2599 1099 2932 1172; x_wconf 84' lang='grc' dir='ltr'>ἀνθρώπων·</span> <span class='ocrx_word' id='word_1_203' title='bbox 2995 1099 3054 1152; x_wconf 73' lang='grc' dir='ltr'>τὸ</span> <span class='ocrx_word' id='word_1_204' title='bbox 3099 1101 3156 1152; x_wconf 76' lang='grc' dir='ltr'>δὲ</span> <span class='ocrx_word' id='word_1_205' title='bbox 3203 1099 3348 1162; x_wconf 76' lang='grc' dir='ltr'>ἔλεός</span> <span class='ocrx_word' id='word_1_206' title='bbox 3397 1118 3498 1170; x_wconf 85' lang='grc' dir='ltr'><strong>μου</strong></span> <span class='ocrx_word' id='word_1_207' title='bbox 3527 1102 3588 1154; x_wconf 80' lang='grc' dir='ltr'><strong>οὐ</strong></span> <span class='ocrx_word' id='word_1_208' title='bbox 3617 1089 3712 1172; x_wconf 60' lang='grc' dir='ltr'><strong>μὴ’</strong></span> 
     </span>
    </p>
   </div>
   <div class='ocr_carea' id='block_1_27' title="bbox 2129 1183 3688 1258">
    <p class='ocr_par' dir='ltr' id='par_1_27' title="bbox 2129 1183 3688 1258">
     <span class='ocr_line' id='line_1_27' title="bbox 2129 1183 3688 1258; baseline 0.001 -17"><span class='ocrx_word' id='word_1_209' title='bbox 2129 1189 2420 1258; x_wconf 77' lang='grc' dir='ltr'>ἀποστήσω</span> <span class='ocrx_word' id='word_1_210' title='bbox 2454 1191 2546 1242; x_wconf 85' lang='grc' dir='ltr'><strong>ἀπ’</strong></span> <span class='ocrx_word' id='word_1_211' title='bbox 2575 1190 2770 1252; x_wconf 76' lang='grc' dir='ltr'>αὐτῶν,</span> <span class='ocrx_word' id='word_1_212' title='bbox 2819 1187 2998 1252; x_wconf 86' lang='grc' dir='ltr'>καθὼς</span> <span class='ocrx_word' id='word_1_213' title='bbox 3039 1189 3320 1258; x_wconf 71' lang='grc' dir='ltr'>ἀπέστησα</span> <span class='ocrx_word' id='word_1_214' title='bbox 3355 1191 3452 1258; x_wconf 81' lang='grc' dir='ltr'><strong>ἀφ’</strong></span> <span class='ocrx_word' id='word_1_215' title='bbox 3477 1183 3552 1240; x_wconf 77' lang='grc' dir='ltr'>ὧν</span> <span class='ocrx_word' id='word_1_216' title='bbox 3591 1191 3688 1242; x_wconf 79' lang='grc' dir='ltr'><strong>ὰπ-</strong></span> 
     </span>
    </p>
   </div>
   <div class='ocr_carea' id='block_1_28' title="bbox 2128 1277 3686 1353">
    <p class='ocr_par' dir='ltr' id='par_1_28' title="bbox 2128 1277 3686 1353">
     <span class='ocr_line' id='line_1_28' title="bbox 2128 1277 3686 1353; baseline 0.001 -20"><span class='ocrx_word' id='word_1_217' title='bbox 2128 1281 2328 1352; x_wconf 81' lang='grc' dir='ltr'>έστησα</span> <span class='ocrx_word' id='word_1_218' title='bbox 2355 1283 2418 1334; x_wconf 81' lang='grc' dir='ltr'>ἐκ</span> <span class='ocrx_word' id='word_1_219' title='bbox 2445 1281 2730 1353; x_wconf 76' lang='grc' dir='ltr'>προσώπου</span> <span class='ocrx_word' id='word_1_220' title='bbox 2761 1299 2880 1352; x_wconf 89' lang='grc' dir='ltr'>μου.</span> <span class='ocrx_word' id='word_1_221' title='bbox 2921 1284 3029 1334; x_wconf 78' lang='grc' dir='ltr'><strong>Καὶ</strong></span> <span class='ocrx_word' id='word_1_222' title='bbox 3063 1281 3462 1351; x_wconf 80' lang='grc' dir='ltr'>πιστωθήσεται</span> <span class='ocrx_word' id='word_1_223' title='bbox 3492 1284 3522 1334; x_wconf 85' lang='grc' dir='ltr'>ὁ</span> <span class='ocrx_word' id='word_1_224' title='bbox 3549 1277 3686 1346; x_wconf 73' lang='grc' dir='ltr'>οἶκος</span> 
     </span>
    </p>
   </div>
   <div class='ocr_carea' id='block_1_29' title="bbox 2127 1371 3684 1444">
    <p class='ocr_par' dir='ltr' id='par_1_29' title="bbox 2127 1371 3684 1444">
     <span class='ocr_line' id='line_1_29' title="bbox 2127 1371 3684 1444; baseline 0.001 -21"><span class='ocrx_word' id='word_1_225' title='bbox 2127 1371 2312 1434; x_wconf 82' lang='grc' dir='ltr'>αὑτοῦ,</span> <span class='ocrx_word' id='word_1_226' title='bbox 2343 1373 2432 1424; x_wconf 76' lang='grc' dir='ltr'><strong>καὶ</strong></span> <span class='ocrx_word' id='word_1_227' title='bbox 2455 1374 2485 1444; x_wconf 79' lang='grc' dir='ltr'>ἡ</span> <span class='ocrx_word' id='word_1_228' title='bbox 2515 1372 2756 1443; x_wconf 82' lang='grc' dir='ltr'>βασιλεία</span> <span class='ocrx_word' id='word_1_229' title='bbox 2783 1373 2946 1426; x_wconf 74' lang='grc' dir='ltr'>αὑτοῦ</span> <span class='ocrx_word' id='word_1_230' title='bbox 2965 1373 3068 1436; x_wconf 78' lang='grc' dir='ltr'>ἓως</span> <span class='ocrx_word' id='word_1_231' title='bbox 3093 1372 3286 1434; x_wconf 80' lang='grc' dir='ltr'>αἰῶνος</span> <span class='ocrx_word' id='word_1_232' title='bbox 3311 1371 3542 1424; x_wconf 75' lang='grc' dir='ltr'>ἐνώπιόν</span> <span class='ocrx_word' id='word_1_233' title='bbox 3567 1391 3684 1440; x_wconf 82' lang='grc' dir='ltr'>μου·</span> 
     </span>
    </p>
   </div>
   <div class='ocr_carea' id='block_1_30' title="bbox 2127 1461 3688 1534">
    <p class='ocr_par' dir='ltr' id='par_1_30' title="bbox 2127 1461 3688 1534">
     <span class='ocr_line' id='line_1_30' title="bbox 2127 1461 3688 1534; baseline 0 -20"><span class='ocrx_word' id='word_1_234' title='bbox 2127 1463 2220 1516; x_wconf 76' lang='grc' dir='ltr'>καὶ</span> <span class='ocrx_word' id='word_1_235' title='bbox 2245 1464 2274 1514; x_wconf 87' lang='grc' dir='ltr'>ὁ</span> <span class='ocrx_word' id='word_1_236' title='bbox 2301 1463 2485 1534; x_wconf 80' lang='grc' dir='ltr'>θρόνος</span> <span class='ocrx_word' id='word_1_237' title='bbox 2518 1465 2678 1518; x_wconf 79' lang='grc' dir='ltr'>αὑτοῦ</span> <span class='ocrx_word' id='word_1_238' title='bbox 2703 1465 2850 1517; x_wconf 71' lang='grc' dir='ltr'>ἔσται</span> <span class='ocrx_word' id='word_1_239' title='bbox 2883 1463 3268 1534; x_wconf 82' lang='grc' dir='ltr'>ἀνωρθωμένος</span> <span class='ocrx_word' id='word_1_240' title='bbox 3319 1465 3400 1524; x_wconf 83' lang='grc' dir='ltr'>εἰς</span> <span class='ocrx_word' id='word_1_241' title='bbox 3445 1461 3536 1514; x_wconf 73' lang='grc' dir='ltr'>τὸν</span> <span class='ocrx_word' id='word_1_242' title='bbox 3561 1463 3688 1516; x_wconf 82' lang='grc' dir='ltr'>αἰῶ-</span> 
     </span>
    </p>
   </div>
   <div class='ocr_carea' id='block_1_31' title="bbox 2127 1553 3685 1626">
    <p class='ocr_par' dir='ltr' id='par_1_31' title="bbox 2127 1553 3685 1626">
     <span class='ocr_line' id='line_1_31' title="bbox 2127 1553 3685 1626; baseline -0.001 -21"><span class='ocrx_word' id='word_1_243' title='bbox 2127 1569 2210 1605; x_wconf 90' lang='grc' dir='ltr'><strong>να.</strong></span> <span class='ocrx_word' id='word_1_244' title='bbox 2264 1573 2281 1603; x_wconf 71' lang='grc' dir='ltr'><strong>ι</strong></span> <span class='ocrx_word' id='word_1_245' title='bbox 2317 1553 2534 1618; x_wconf 81' lang='grc' dir='ltr'>Τούτοις</span> <span class='ocrx_word' id='word_1_246' title='bbox 2594 1553 2662 1608; x_wconf 78' lang='grc' dir='ltr'>τὰ</span> <span class='ocrx_word' id='word_1_247' title='bbox 2711 1553 3059 1626; x_wconf 84' lang='grc' dir='ltr'>παραπλήσια</span> <span class='ocrx_word' id='word_1_248' title='bbox 3108 1554 3199 1606; x_wconf 72' lang='grc' dir='ltr'><strong>καὶ</strong></span> <span class='ocrx_word' id='word_1_249' title='bbox 3240 1554 3297 1604; x_wconf 78' lang='grc' dir='ltr'><strong>ἐν</strong></span> <span class='ocrx_word' id='word_1_250' title='bbox 3349 1553 3685 1624; x_wconf 77' lang='grc' dir='ltr'>ὀγδοηκοστῷ</span> 
     </span>
    </p>
   </div>
   <div class='ocr_carea' id='block_1_32' title="bbox 2125 1641 3682 1716">
    <p class='ocr_par' dir='ltr' id='par_1_32' title="bbox 2125 1641 3682 1716">
     <span class='ocr_line' id='line_1_32' title="bbox 2125 1641 3682 1716; baseline 0 -20"><span class='ocrx_word' id='word_1_251' title='bbox 2125 1645 2292 1714; x_wconf 80' lang='grc' dir='ltr'><strong>ὀγδόῳ</strong></span> <span class='ocrx_word' id='word_1_252' title='bbox 2323 1645 2532 1715; x_wconf 76' lang='grc' dir='ltr'>εἴρηται</span> <span class='ocrx_word' id='word_1_253' title='bbox 2559 1644 2754 1716; x_wconf 76' lang='grc' dir='ltr'>ψαλμῷ</span> <span class='ocrx_word' id='word_1_254' title='bbox 2779 1662 2790 1674; x_wconf 89' lang='grc'><strong>·</strong></span> <span class='ocrx_word' id='word_1_255' title='bbox 2815 1641 2881 1714; x_wconf 75' lang='grc' dir='ltr'>ἦν</span> <span class='ocrx_word' id='word_1_256' title='bbox 2910 1644 2954 1696; x_wconf 84' lang='grc' dir='ltr'>δ’</span> <span class='ocrx_word' id='word_1_257' title='bbox 2988 1643 3052 1696; x_wconf 81' lang='grc' dir='ltr'><strong>ἂν</strong></span> <span class='ocrx_word' id='word_1_258' title='bbox 3091 1643 3362 1707; x_wconf 75' lang='grc' dir='ltr'><strong>Ἰουδαίοις</strong></span> <span class='ocrx_word' id='word_1_259' title='bbox 3383 1643 3532 1708; x_wconf 79' lang='grc' dir='ltr'>ἄξιον</span> <span class='ocrx_word' id='word_1_260' title='bbox 3555 1646 3682 1696; x_wconf 79' lang='grc' dir='ltr'>ἁπο-</span> 
     </span>
    </p>
   </div>
   <div class='ocr_carea' id='block_1_33' title="bbox 2129 1731 3682 1806">
    <p class='ocr_par' dir='ltr' id='par_1_33' title="bbox 2129 1731 3682 1806">
     <span class='ocr_line' id='line_1_33' title="bbox 2129 1731 3682 1806; baseline 0 -19"><span class='ocrx_word' id='word_1_261' title='bbox 2129 1735 2286 1806; x_wconf 80' lang='grc' dir='ltr'>ρῆσαι</span> <span class='ocrx_word' id='word_1_262' title='bbox 2310 1736 2448 1788; x_wconf 72' lang='grc' dir='ltr'>κατὰ</span> <span class='ocrx_word' id='word_1_263' title='bbox 2471 1737 2594 1798; x_wconf 80' lang='grc' dir='ltr'>τοὺς</span> <span class='ocrx_word' id='word_1_264' title='bbox 2621 1735 2834 1798; x_wconf 79' lang='grc' dir='ltr'>τόπους,</span> <span class='ocrx_word' id='word_1_265' title='bbox 2861 1734 2946 1788; x_wconf 70' lang='grc' dir='ltr'>διὰ</span> <span class='ocrx_word' id='word_1_266' title='bbox 2971 1733 3088 1786; x_wconf 86' lang='grc' dir='ltr'>τίνα</span> <span class='ocrx_word' id='word_1_267' title='bbox 3132 1731 3240 1805; x_wconf 85' lang='grc' dir='ltr'>ἆρα</span> <span class='ocrx_word' id='word_1_268' title='bbox 3264 1735 3446 1786; x_wconf 77' lang='grc' dir='ltr'>αἰτίαν</span> <span class='ocrx_word' id='word_1_269' title='bbox 3489 1735 3682 1803; x_wconf 71' lang='grc' dir='ltr'>φήσου-</span> 
     </span>
    </p>
   </div>
   <div class='ocr_carea' id='block_1_34' title="bbox 467 1815 2018 1896">
    <p class='ocr_par' dir='ltr' id='par_1_34' title="bbox 467 1821 2018 1892">
     <span class='ocr_line' id='line_1_34' title="bbox 467 1821 2018 1892; baseline 0.006 -17"><span class='ocrx_word' id='word_1_270' title='bbox 467 1837 559 1876; x_wconf 89' lang='lat' dir='ltr'><strong>sor</strong></span> <span class='ocrx_word' id='word_1_271' title='bbox 583 1821 876 1892; x_wconf 86' lang='lat' dir='ltr'><strong>Salomon;</strong></span> <span class='ocrx_word' id='word_1_272' title='bbox 905 1827 968 1879; x_wconf 88' lang='lat' dir='ltr'><strong>ad</strong></span> <span class='ocrx_word' id='word_1_273' title='bbox 1003 1826 1191 1892; x_wconf 88' lang='lat' dir='ltr'><strong>Deum,</strong></span> <span class='ocrx_word' id='word_1_274' title='bbox 1225 1837 1280 1882; x_wconf 92' lang='lat' dir='ltr'><strong>ut</strong></span> <span class='ocrx_word' id='word_1_275' title='bbox 1309 1829 1600 1883; x_wconf 78' lang='lat' dir='ltr'><strong>verisimile</strong></span> <span class='ocrx_word' id='word_1_276' title='bbox 1640 1837 1744 1892; x_wconf 84' lang='lat' dir='ltr'><strong>est,</strong></span> <span class='ocrx_word' id='word_1_277' title='bbox 1781 1829 2018 1884; x_wconf 83' lang='lat' dir='ltr'><strong>fatebun-</strong></span> 
     </span>
    </p>
   </div>
   <div class='ocr_carea' id='block_1_35' title="bbox 2122 1815 3684 1896">
    <p class='ocr_par' dir='ltr' id='par_1_35' title="bbox 2127 1823 3684 1896">
     <span class='ocr_line' id='line_1_35' title="bbox 2127 1823 3684 1896; baseline -0.001 -18"><span class='ocrx_word' id='word_1_278' title='bbox 2127 1841 2208 1878; x_wconf 84' lang='grc' dir='ltr'><strong>σιν</strong></span> <span class='ocrx_word' id='word_1_279' title='bbox 2233 1825 2322 1877; x_wconf 86' lang='grc' dir='ltr'><strong>τὸν</strong></span> <span class='ocrx_word' id='word_1_280' title='bbox 2356 1825 2504 1888; x_wconf 83' lang='grc' dir='ltr'>Θεὸν,</span> <span class='ocrx_word' id='word_1_281' title='bbox 2537 1825 2652 1896; x_wconf 73' lang='grc' dir='ltr'>ἦτοι</span> <span class='ocrx_word' id='word_1_282' title='bbox 2690 1825 2778 1878; x_wconf 77' lang='grc' dir='ltr'><strong>τὸν</strong></span> <span class='ocrx_word' id='word_1_283' title='bbox 2813 1824 2990 1889; x_wconf 77' lang='grc' dir='ltr'>Δαυὶδ,</span> <span class='ocrx_word' id='word_1_284' title='bbox 3033 1825 3064 1894; x_wconf 87' lang='grc' dir='ltr'>ἣ</span> <span class='ocrx_word' id='word_1_285' title='bbox 3107 1825 3195 1876; x_wconf 78' lang='grc' dir='ltr'><strong>τὸν</strong></span> <span class='ocrx_word' id='word_1_286' title='bbox 3237 1823 3296 1888; x_wconf 80' lang='grc' dir='ltr'>ἐξ</span> <span class='ocrx_word' id='word_1_287' title='bbox 3339 1824 3505 1877; x_wconf 80' lang='grc' dir='ltr'>αύτοῦ</span> <span class='ocrx_word' id='word_1_288' title='bbox 3539 1825 3684 1894; x_wconf 73' lang='grc' dir='ltr'>βασι-</span> 
     </span>
    </p>
   </div>
   <div class='ocr_carea' id='block_1_36' title="bbox 465 1916 2020 1990">
    <p class='ocr_par' dir='ltr' id='par_1_36' title="bbox 465 1916 2020 1990">
     <span class='ocr_line' id='line_1_36' title="bbox 465 1916 2020 1990; baseline 0.007 -24"><span class='ocrx_word' id='word_1_289' title='bbox 465 1921 554 1966; x_wconf 89' lang='lat' dir='ltr'><strong>tur</strong></span> <span class='ocrx_word' id='word_1_290' title='bbox 583 1916 854 1984; x_wconf 83' lang='lat' dir='ltr'><strong>pertinere</strong></span> <span class='ocrx_word' id='word_1_291' title='bbox 897 1918 1234 1988; x_wconf 86' lang='lat' dir='ltr'><strong>pr0phetiam</strong></span> <span class='ocrx_word' id='word_1_292' title='bbox 1278 1935 1384 1990; x_wconf 87' lang='lat' dir='ltr'><strong>qua</strong></span> <span class='ocrx_word' id='word_1_293' title='bbox 1432 1921 1572 1974; x_wconf 81' lang='lat' dir='ltr'><strong>[ilius</strong></span> <span class='ocrx_word' id='word_1_294' title='bbox 1627 1922 2020 1990; x_wconf 81' lang='lat' dir='ltr'><strong>primogenitus</strong></span> 
     </span>
    </p>
   </div>
   <div class='ocr_carea' id='block_1_37' title="bbox 465 2009 2018 2083">
    <p class='ocr_par' dir='ltr' id='par_1_37' title="bbox 465 2009 2018 2083">
     <span class='ocr_line' id='line_1_37' title="bbox 465 2009 2018 2083; baseline 0.004 -23"><span class='ocrx_word' id='word_1_295' title='bbox 465 2009 791 2062; x_wconf 87' lang='lat' dir='ltr'><strong>statuendus</strong></span> <span class='ocrx_word' id='word_1_296' title='bbox 831 2010 1186 2078; x_wconf 85' lang='lat' dir='ltr'><strong>promittitur.</strong></span> <span class='ocrx_word' id='word_1_297' title='bbox 1217 2009 1302 2066; x_wconf 87' lang='lat' dir='ltr'><strong>his</strong></span> <span class='ocrx_word' id='word_1_298' title='bbox 1339 2011 1550 2066; x_wconf 82' lang='lat' dir='ltr'><strong>verbis:</strong></span> <span class='ocrx_word' id='word_1_299' title='bbox 1594 2031 1610 2061; x_wconf 75' lang='grc' dir='ltr'><strong>ι</strong></span> <span class='ocrx_word' id='word_1_300' title='bbox 1647 2011 1762 2083; x_wconf 88' lang='lat' dir='ltr'><strong>Ipse</strong></span> <span class='ocrx_word' id='word_1_301' title='bbox 1793 2014 2018 2068; x_wconf 87' lang='lat' dir='ltr'><strong>invoca-</strong></span> 
     </span>
    </p>
   </div>
   <div class='ocr_carea' id='block_1_38' title="bbox 464 2097 2019 2160">
    <p class='ocr_par' dir='ltr' id='par_1_38' title="bbox 464 2097 2019 2160">
     <span class='ocr_line' id='line_1_38' title="bbox 464 2097 2019 2160; baseline 0.006 -10"><span class='ocrx_word' id='word_1_302' title='bbox 464 2097 542 2151; x_wconf 88' lang='lat' dir='ltr'><strong>bit</strong></span> <span class='ocrx_word' id='word_1_303' title='bbox 573 2114 690 2152; x_wconf 89' lang='lat' dir='ltr'><strong>me:</strong></span> <span class='ocrx_word' id='word_1_304' title='bbox 721 2097 878 2154; x_wconf 86' lang='lat' dir='ltr'><strong>Pater</strong></span> <span class='ocrx_word' id='word_1_305' title='bbox 920 2115 1074 2156; x_wconf 88' lang='lat' dir='ltr'><strong>meus</strong></span> <span class='ocrx_word' id='word_1_306' title='bbox 1102 2117 1161 2156; x_wconf 88' lang='lat' dir='ltr'><strong>es</strong></span> <span class='ocrx_word' id='word_1_307' title='bbox 1187 2109 1272 2156; x_wconf 88' lang='lat' dir='ltr'><strong>tu:</strong></span> <span class='ocrx_word' id='word_1_308' title='bbox 1335 2101 1474 2158; x_wconf 90' lang='lat' dir='ltr'><strong>Deus</strong></span> <span class='ocrx_word' id='word_1_309' title='bbox 1524 2119 1674 2158; x_wconf 86' lang='lat' dir='ltr'><strong>meus</strong></span> <span class='ocrx_word' id='word_1_310' title='bbox 1736 2112 1788 2160; x_wconf 88' lang='lat' dir='ltr'><strong>et</strong></span> <span class='ocrx_word' id='word_1_311' title='bbox 1827 2122 2019 2160; x_wconf 87' lang='lat' dir='ltr'><strong>susce—</strong></span> 
     </span>
    </p>
   </div>
   <div class='ocr_carea' id='block_1_39' title="bbox 462 2186 2018 2264">
    <p class='ocr_par' dir='ltr' id='par_1_39' title="bbox 462 2186 2018 2264">
     <span class='ocr_line' id='line_1_39' title="bbox 462 2186 2018 2264; baseline 0.008 -26"><span class='ocrx_word' id='word_1_312' title='bbox 462 2191 584 2254; x_wconf 87' lang='lat' dir='ltr'><strong>ptor</strong></span> <span class='ocrx_word' id='word_1_313' title='bbox 617 2186 809 2242; x_wconf 89' lang='lat' dir='ltr'><strong>salutis</strong></span> <span class='ocrx_word' id='word_1_314' title='bbox 859 2203 1012 2242; x_wconf 72' lang='lat' dir='ltr'><strong>meae.</strong></span> <span class='ocrx_word' id='word_1_315' title='bbox 1073 2187 1136 2242; x_wconf 86' lang='lat' dir='ltr'><strong>Et</strong></span> <span class='ocrx_word' id='word_1_316' title='bbox 1183 2205 1284 2260; x_wconf 83' lang='lat' dir='ltr'><strong>ego</strong></span> <span class='ocrx_word' id='word_1_317' title='bbox 1333 2191 1752 2262; x_wconf 80' lang='lat' dir='ltr'><strong>primogenitum</strong></span> <span class='ocrx_word' id='word_1_318' title='bbox 1819 2211 2018 2264; x_wconf 84' lang='lat' dir='ltr'><strong>ponam</strong></span> 
     </span>
    </p>
   </div>
   <div class='ocr_carea' id='block_1_40' title="bbox 463 2273 2017 2353">
    <p class='ocr_par' dir='ltr' id='par_1_40' title="bbox 463 2273 2017 2353">
     <span class='ocr_line' id='line_1_40' title="bbox 463 2273 2017 2353; baseline 0.011 -27"><span class='ocrx_word' id='word_1_319' title='bbox 463 2273 612 2326; x_wconf 68' lang='lat' dir='ltr'><strong>illttn</strong></span> <span class='ocrx_word' id='word_1_320' title='bbox 661 2275 934 2330; x_wconf 79' lang='lat' dir='ltr'><strong>excelsum</strong></span> <span class='ocrx_word' id='word_1_321' title='bbox 982 2293 1092 2348; x_wconf 68' lang='lat' dir='ltr'><strong>pra&quot;:</strong></span> <span class='ocrx_word' id='word_1_322' title='bbox 1125 2281 1344 2350; x_wconf 84' lang='lat' dir='ltr'><strong>regibus</strong></span> <span class='ocrx_word' id='word_1_323' title='bbox 1388 2284 1640 2349; x_wconf 73' lang='lat' dir='ltr'><strong>teme&quot;;</strong></span> <span class='ocrx_word' id='word_1_324' title='bbox 1677 2305 1694 2335; x_wconf 74' lang='grc' dir='ltr'><strong>ι</strong></span> <span class='ocrx_word' id='word_1_325' title='bbox 1741 2293 1793 2339; x_wconf 87' lang='lat' dir='ltr'><strong>et</strong></span> <span class='ocrx_word' id='word_1_326' title='bbox 1826 2287 1878 2342; x_wconf 92' lang='lat' dir='ltr'><strong>in</strong></span> <span class='ocrx_word' id='word_1_327' title='bbox 1930 2303 2017 2353; x_wconf 88' lang='lat' dir='ltr'><strong>eo,</strong></span> 
     </span>
    </p>
   </div>
   <div class='ocr_carea' id='block_1_41' title="bbox 461 2365 2022 2450">
    <p class='ocr_par' dir='ltr' id='par_1_41' title="bbox 461 2365 2022 2450">
     <span class='ocr_line' id='line_1_41' title="bbox 461 2365 2022 2450; baseline 0.012 -34"><span class='ocrx_word' id='word_1_328' title='bbox 461 2365 548 2418; x_wconf 88' lang='lat' dir='ltr'><strong>cui</strong></span> <span class='ocrx_word' id='word_1_329' title='bbox 597 2381 742 2420; x_wconf 88' lang='lat' dir='ltr'><strong>nunc</strong></span> <span class='ocrx_word' id='word_1_330' title='bbox 788 2383 1008 2438; x_wconf 86' lang='lat' dir='ltr'><strong>operam</strong></span> <span class='ocrx_word' id='word_1_331' title='bbox 1040 2369 1254 2436; x_wconf 86' lang='lat' dir='ltr'><strong>damus,</strong></span> <span class='ocrx_word' id='word_1_332' title='bbox 1313 2373 1470 2430; x_wconf 87' lang='lat' dir='ltr'><strong>loco:</strong></span> <span class='ocrx_word' id='word_1_333' title='bbox 1535 2393 1552 2426; x_wconf 75' lang='grc' dir='ltr'><strong>ι</strong></span> <span class='ocrx_word' id='word_1_334' title='bbox 1581 2375 1684 2430; x_wconf 83' lang='lat' dir='ltr'><strong>Ero</strong></span> <span class='ocrx_word' id='word_1_335' title='bbox 1733 2378 1780 2432; x_wconf 92' lang='lat' dir='ltr'><strong>ei</strong></span> <span class='ocrx_word' id='word_1_336' title='bbox 1841 2379 1896 2433; x_wconf 91' lang='lat' dir='ltr'><strong>in</strong></span> <span class='ocrx_word' id='word_1_337' title='bbox 1925 2396 2022 2450; x_wconf 89' lang='lat' dir='ltr'><strong>pa-</strong></span> 
     </span>
    </p>
   </div>
   <div class='ocr_carea' id='block_1_42' title="bbox 464 2457 2020 2528">
    <p class='ocr_par' dir='ltr' id='par_1_42' title="bbox 464 2457 2020 2528">
     <span class='ocr_line' id='line_1_42' title="bbox 464 2457 2020 2528; baseline 0.013 -24"><span class='ocrx_word' id='word_1_338' title='bbox 464 2461 622 2515; x_wconf 87' lang='lat' dir='ltr'><strong>trem,</strong></span> <span class='ocrx_word' id='word_1_339' title='bbox 656 2465 708 2510; x_wconf 91' lang='lat' dir='ltr'><strong>et</strong></span> <span class='ocrx_word' id='word_1_340' title='bbox 735 2457 848 2528; x_wconf 87' lang='lat' dir='ltr'><strong>ipse</strong></span> <span class='ocrx_word' id='word_1_341' title='bbox 881 2458 986 2512; x_wconf 90' lang='lat' dir='ltr'><strong>erit</strong></span> <span class='ocrx_word' id='word_1_342' title='bbox 1020 2460 1150 2514; x_wconf 89' lang='lat' dir='ltr'><strong>mihi</strong></span> <span class='ocrx_word' id='word_1_343' title='bbox 1203 2463 1256 2516; x_wconf 91' lang='lat' dir='ltr'><strong>in</strong></span> <span class='ocrx_word' id='word_1_344' title='bbox 1307 2463 1530 2519; x_wconf 66' lang='lat' dir='ltr'><strong>ﬁlium.»</strong></span> <span class='ocrx_word' id='word_1_345' title='bbox 1589 2465 1842 2522; x_wconf 81' lang='lat' dir='ltr'><strong>Attamen</strong></span> <span class='ocrx_word' id='word_1_346' title='bbox 1883 2471 2020 2525; x_wconf 89' lang='lat' dir='ltr'><strong>nihil</strong></span> 
     </span>
    </p>
   </div>
   <div class='ocr_carea' id='block_1_43' title="bbox 460 2546 2016 2627">
    <p class='ocr_par' dir='ltr' id='par_1_43' title="bbox 460 2546 2016 2627">
     <span class='ocr_line' id='line_1_43' title="bbox 460 2546 2016 2627; baseline 0.01 -28"><span class='ocrx_word' id='word_1_347' title='bbox 460 2546 677 2602; x_wconf 73' lang='lat' dir='ltr'><strong>diﬂ‘crre</strong></span> <span class='ocrx_word' id='word_1_348' title='bbox 707 2565 738 2604; x_wconf 89' lang='lat' dir='ltr'><strong>a</strong></span> <span class='ocrx_word' id='word_1_349' title='bbox 767 2551 976 2607; x_wconf 66' lang='lat' dir='ltr'><strong>caeteris</strong></span> <span class='ocrx_word' id='word_1_350' title='bbox 1001 2553 1278 2622; x_wconf 85' lang='lat' dir='ltr'><strong>prophetis</strong></span> <span class='ocrx_word' id='word_1_351' title='bbox 1320 2555 1462 2610; x_wconf 87' lang='lat' dir='ltr'><strong>dicet</strong></span> <span class='ocrx_word' id='word_1_352' title='bbox 1508 2558 1705 2627; x_wconf 87' lang='lat' dir='ltr'><strong>aliquis</strong></span> <span class='ocrx_word' id='word_1_353' title='bbox 1743 2558 2016 2626; x_wconf 87' lang='lat' dir='ltr'><strong>Davidem,</strong></span> 
     </span>
    </p>
   </div>
   <div class='ocr_carea' id='block_1_44' title="bbox 461 2640 2014 2712">
    <p class='ocr_par' dir='ltr' id='par_1_44' title="bbox 461 2640 2014 2712">
     <span class='ocr_line' id='line_1_44' title="bbox 461 2640 2014 2712; baseline 0.012 -22"><span class='ocrx_word' id='word_1_354' title='bbox 461 2640 552 2706; x_wconf 87' lang='lat' dir='ltr'><strong>qui</strong></span> <span class='ocrx_word' id='word_1_355' title='bbox 584 2641 796 2708; x_wconf 87' lang='lat' dir='ltr'><strong>culpam</strong></span> <span class='ocrx_word' id='word_1_356' title='bbox 828 2641 894 2696; x_wconf 91' lang='lat' dir='ltr'><strong>de</strong></span> <span class='ocrx_word' id='word_1_357' title='bbox 925 2641 1070 2698; x_wconf 66' lang='lat' dir='ltr'><strong>Uria:</strong></span> <span class='ocrx_word' id='word_1_358' title='bbox 1097 2647 1324 2702; x_wconf 86' lang='lat' dir='ltr'><strong>muliere</strong></span> <span class='ocrx_word' id='word_1_359' title='bbox 1365 2647 1746 2712; x_wconf 78' lang='lat' dir='ltr'><strong>confitebatur,</strong></span> <span class='ocrx_word' id='word_1_360' title='bbox 1789 2651 2014 2708; x_wconf 90' lang='lat' dir='ltr'><strong>dicens:</strong></span> 
     </span>
    </p>
   </div>
   <div class='ocr_carea' id='block_1_45' title="bbox 465 2723 2014 2810">
    <p class='ocr_par' dir='ltr' id='par_1_45' title="bbox 465 2723 2014 2810">
     <span class='ocr_line' id='line_1_45' title="bbox 465 2723 2014 2810; baseline 0.011 -34"><span class='ocrx_word' id='word_1_361' title='bbox 465 2744 483 2775; x_wconf 74' lang='grc' dir='ltr'><strong>ι</strong></span> <span class='ocrx_word' id='word_1_362' title='bbox 514 2723 632 2779; x_wconf 83' lang='lat' dir='ltr'><strong>Tibi</strong></span> <span class='ocrx_word' id='word_1_363' title='bbox 666 2729 764 2782; x_wconf 91' lang='lat' dir='ltr'><strong>soli</strong></span> <span class='ocrx_word' id='word_1_364' title='bbox 801 2732 1040 2798; x_wconf 81' lang='lat' dir='ltr'><strong>peccavi.</strong></span> <span class='ocrx_word' id='word_1_365' title='bbox 1077 2742 1130 2787; x_wconf 88' lang='lat' dir='ltr'><strong>et</strong></span> <span class='ocrx_word' id='word_1_366' title='bbox 1179 2738 1381 2790; x_wconf 89' lang='lat' dir='ltr'><strong>malum</strong></span> <span class='ocrx_word' id='word_1_367' title='bbox 1426 2753 1608 2792; x_wconf 88' lang='lat' dir='ltr'><strong>coram</strong></span> <span class='ocrx_word' id='word_1_368' title='bbox 1661 2751 1713 2794; x_wconf 90' lang='lat' dir='ltr'><strong>te</strong></span> <span class='ocrx_word' id='word_1_369' title='bbox 1768 2739 1868 2796; x_wconf 80' lang='lat' dir='ltr'><strong>feci</strong></span> <span class='ocrx_word' id='word_1_370' title='bbox 1888 2743 1968 2810; x_wconf 85' lang='grc'><strong>’¹⁹;</strong></span> <span class='ocrx_word' id='word_1_371' title='bbox 1997 2761 2014 2793; x_wconf 76' lang='grc' dir='ltr'><strong>ι</strong></span> 
     </span>
    </p>
   </div>
   <div class='ocr_carea' id='block_1_46' title="bbox 460 2815 2019 2892">
    <p class='ocr_par' dir='ltr' id='par_1_46' title="bbox 460 2815 2019 2892">
     <span class='ocr_line' id='line_1_46' title="bbox 460 2815 2019 2892; baseline 0.014 -27"><span class='ocrx_word' id='word_1_372' title='bbox 460 2817 542 2870; x_wconf 86' lang='lat' dir='ltr'><strong>vel</strong></span> <span class='ocrx_word' id='word_1_373' title='bbox 575 2815 942 2886; x_wconf 85' lang='lat' dir='ltr'><strong>Salomonem,</strong></span> <span class='ocrx_word' id='word_1_374' title='bbox 996 2839 1153 2892; x_wconf 84' lang='lat' dir='ltr'><strong>quem</strong></span> <span class='ocrx_word' id='word_1_375' title='bbox 1201 2841 1230 2878; x_wconf 91' lang='lat' dir='ltr'><strong>a</strong></span> <span class='ocrx_word' id='word_1_376' title='bbox 1268 2825 1376 2880; x_wconf 90' lang='lat' dir='ltr'><strong>Deo</strong></span> <span class='ocrx_word' id='word_1_377' title='bbox 1407 2832 1700 2887; x_wconf 80' lang='lat' dir='ltr'><strong>recessisse</strong></span> <span class='ocrx_word' id='word_1_378' title='bbox 1747 2839 1802 2886; x_wconf 88' lang='lat' dir='ltr'><strong>et</strong></span> <span class='ocrx_word' id='word_1_379' title='bbox 1859 2833 2019 2887; x_wconf 91' lang='lat' dir='ltr'><strong>idolis</strong></span> 
     </span>
    </p>
   </div>
   <div class='ocr_carea' id='block_1_47' title="bbox 461 2909 2022 2986">
    <p class='ocr_par' dir='ltr' id='par_1_47' title="bbox 461 2909 2022 2986">
     <span class='ocr_line' id='line_1_47' title="bbox 461 2909 2022 2986; baseline 0.012 -27"><span class='ocrx_word' id='word_1_380' title='bbox 461 2918 682 2976; x_wconf 83' lang='lat' dir='ltr'><strong>prOpter</strong></span> <span class='ocrx_word' id='word_1_381' title='bbox 711 2909 1034 2966; x_wconf 83' lang='lat' dir='ltr'><strong>feminarum</strong></span> <span class='ocrx_word' id='word_1_382' title='bbox 1069 2918 1566 2986; x_wconf 82' lang='lat' dir='ltr'><strong>concupiscentiam</strong></span> <span class='ocrx_word' id='word_1_383' title='bbox 1601 2923 1857 2978; x_wconf 81' lang='lat' dir='ltr'><strong>serviisse</strong></span> <span class='ocrx_word' id='word_1_384' title='bbox 1894 2923 2022 2976; x_wconf 87' lang='lat' dir='ltr'><strong>sim-</strong></span> 
     </span>
    </p>
   </div>
   <div class='ocr_carea' id='block_1_48' title="bbox 459 2997 2019 3075">
    <p class='ocr_par' dir='ltr' id='par_1_48' title="bbox 459 2997 2019 3075">
     <span class='ocr_line' id='line_1_48' title="bbox 459 2997 2019 3075; baseline 0.012 -27"><span class='ocrx_word' id='word_1_385' title='bbox 459 2997 578 3064; x_wconf 81' lang='lat' dir='ltr'><strong>plex</strong></span> <span class='ocrx_word' id='word_1_386' title='bbox 637 2999 794 3054; x_wconf 82' lang='lat' dir='ltr'><strong>docet</strong></span> <span class='ocrx_word' id='word_1_387' title='bbox 853 3001 1150 3072; x_wconf 75' lang='lat' dir='ltr'><strong>Scriptura:</strong></span> <span class='ocrx_word' id='word_1_388' title='bbox 1209 3005 1455 3062; x_wconf 86' lang='lat' dir='ltr'><strong>historia.</strong></span> <span class='ocrx_word' id='word_1_389' title='bbox 1517 3008 1799 3075; x_wconf 85' lang='lat' dir='ltr'><strong>Quomodo</strong></span> <span class='ocrx_word' id='word_1_390' title='bbox 1835 3021 2019 3067; x_wconf 89' lang='lat' dir='ltr'><strong>autem</strong></span> 
     </span>
    </p>
   </div>
   <div class='ocr_carea' id='block_1_49' title="bbox 459 3087 2017 3172">
    <p class='ocr_par' dir='ltr' id='par_1_49' title="bbox 459 3087 2017 3172">
     <span class='ocr_line' id='line_1_49' title="bbox 459 3087 2017 3172; baseline 0.011 -31"><span class='ocrx_word' id='word_1_391' title='bbox 459 3087 678 3146; x_wconf 81' lang='lat' dir='ltr'><strong>Davidis</strong></span> <span class='ocrx_word' id='word_1_392' title='bbox 733 3100 827 3146; x_wconf 88' lang='lat' dir='ltr'><strong>aut</strong></span> <span class='ocrx_word' id='word_1_393' title='bbox 865 3092 1168 3148; x_wconf 85' lang='lat' dir='ltr'><strong>Salomonis</strong></span> <span class='ocrx_word' id='word_1_394' title='bbox 1220 3115 1236 3146; x_wconf 80' lang='grc' dir='ltr'><strong>ι</strong></span> <span class='ocrx_word' id='word_1_395' title='bbox 1265 3113 1488 3167; x_wconf 82' lang='lat' dir='ltr'><strong>regnum</strong></span> <span class='ocrx_word' id='word_1_396' title='bbox 1535 3118 1710 3172; x_wconf 89' lang='lat' dir='ltr'><strong>usque</strong></span> <span class='ocrx_word' id='word_1_397' title='bbox 1765 3104 1817 3156; x_wconf 92' lang='lat' dir='ltr'><strong>in</strong></span> <span class='ocrx_word' id='word_1_398' title='bbox 1852 3113 2017 3158; x_wconf 65' lang='lat' dir='ltr'><strong>aster-</strong></span> 
     </span>
    </p>
   </div>
   <div class='ocr_carea' id='block_1_50' title="bbox 461 3185 2014 3260">
    <p class='ocr_par' dir='ltr' id='par_1_50' title="bbox 461 3185 2014 3260">
     <span class='ocr_line' id='line_1_50' title="bbox 461 3185 2014 3260; baseline 0.01 -24"><span class='ocrx_word' id='word_1_399' title='bbox 461 3197 633 3236; x_wconf 63' lang='lat' dir='ltr'><strong>num;</strong></span> <span class='ocrx_word' id='word_1_400' title='bbox 696 3185 862 3239; x_wconf 86' lang='lat' dir='ltr'><strong>stabit</strong></span> <span class='ocrx_word' id='word_1_401' title='bbox 922 3195 1090 3242; x_wconf 68' lang='lat' dir='ltr'><strong>«ante</strong></span> <span class='ocrx_word' id='word_1_402' title='bbox 1151 3187 1390 3244; x_wconf 68' lang='lat' dir='ltr'><strong>faciem:</strong></span> <span class='ocrx_word' id='word_1_403' title='bbox 1461 3191 1583 3260; x_wconf 89' lang='lat' dir='ltr'><strong>Dei,</strong></span> <span class='ocrx_word' id='word_1_404' title='bbox 1627 3203 1681 3249; x_wconf 84' lang='lat' dir='ltr'><strong>et</strong></span> <span class='ocrx_word' id='word_1_405' title='bbox 1746 3197 2014 3256; x_wconf 73' lang='lat' dir='ltr'><strong>«thronus</strong></span> 
     </span>
    </p>
   </div>
   <div class='ocr_carea' id='block_1_51' title="bbox 458 3269 2016 3356">
    <p class='ocr_par' dir='ltr' id='par_1_51' title="bbox 458 3269 2016 3356">
     <span class='ocr_line' id='line_1_51' title="bbox 458 3269 2016 3356; baseline 0.013 -33"><span class='ocrx_word' id='word_1_406' title='bbox 458 3271 562 3324; x_wconf 89' lang='lat' dir='ltr'><strong>erit</strong></span> <span class='ocrx_word' id='word_1_407' title='bbox 599 3269 784 3328; x_wconf 78' lang='lat' dir='ltr'><strong>firmus</strong></span> <span class='ocrx_word' id='word_1_408' title='bbox 848 3273 1105 3346; x_wconf 64' lang='lat' dir='ltr'><strong>jugiter.»</strong></span> <span class='ocrx_word' id='word_1_409' title='bbox 1167 3283 1226 3331; x_wconf 86' lang='lat' dir='ltr'><strong>ut</strong></span> <span class='ocrx_word' id='word_1_410' title='bbox 1279 3281 1522 3348; x_wconf 87' lang='lat' dir='ltr'><strong>subjecta</strong></span> <span class='ocrx_word' id='word_1_411' title='bbox 1581 3285 1656 3336; x_wconf 89' lang='lat' dir='ltr'><strong>ait</strong></span> <span class='ocrx_word' id='word_1_412' title='bbox 1711 3288 2016 3356; x_wconf 79' lang='lat' dir='ltr'><strong>praphetia,</strong></span> 
     </span>
    </p>
   </div>
   <div class='ocr_carea' id='block_1_52' title="bbox 458 3369 2018 3436">
    <p class='ocr_par' dir='ltr' id='par_1_52' title="bbox 458 3369 2018 3436">
     <span class='ocr_line' id='line_1_52' title="bbox 458 3369 2018 3436; baseline 0.012 -20"><span class='ocrx_word' id='word_1_413' title='bbox 458 3377 670 3419; x_wconf 88' lang='lat' dir='ltr'><strong>necnon</strong></span> <span class='ocrx_word' id='word_1_414' title='bbox 747 3369 941 3436; x_wconf 89' lang='lat' dir='ltr'><strong>psalmi</strong></span> <span class='ocrx_word' id='word_1_415' title='bbox 1011 3369 1124 3424; x_wconf 69' lang='lat' dir='ltr'><strong>hmc</strong></span> <span class='ocrx_word' id='word_1_416' title='bbox 1182 3371 1286 3425; x_wconf 87' lang='lat' dir='ltr'><strong>alia</strong></span> <span class='ocrx_word' id='word_1_417' title='bbox 1345 3371 1454 3428; x_wconf 81' lang='lat' dir='ltr'><strong>fere</strong></span> <span class='ocrx_word' id='word_1_418' title='bbox 1506 3375 1738 3432; x_wconf 83' lang='lat' dir='ltr'><strong>similis:</strong></span> <span class='ocrx_word' id='word_1_419' title='bbox 1790 3379 2018 3436; x_wconf 72' lang='lat' dir='ltr'><strong>«Juravi</strong></span> 
     </span>
    </p>
   </div>
   <div class='ocr_carea' id='block_1_53' title="bbox 457 3450 2018 3538">
    <p class='ocr_par' dir='ltr' id='par_1_53' title="bbox 457 3450 2018 3538">
     <span class='ocr_line' id='line_1_53' title="bbox 457 3450 2018 3538; baseline 0.013 -33"><span class='ocrx_word' id='word_1_420' title='bbox 457 3450 627 3508; x_wconf 82' lang='lat' dir='ltr'><strong>David</strong></span> <span class='ocrx_word' id='word_1_421' title='bbox 691 3472 847 3512; x_wconf 89' lang='lat' dir='ltr'><strong>servo</strong></span> <span class='ocrx_word' id='word_1_422' title='bbox 897 3475 1046 3514; x_wconf 89' lang='lat' dir='ltr'><strong>meo:</strong></span> <span class='ocrx_word' id='word_1_423' title='bbox 1078 3462 1262 3532; x_wconf 81' lang='lat' dir='ltr'><strong>Usque</strong></span> <span class='ocrx_word' id='word_1_424' title='bbox 1306 3463 1360 3516; x_wconf 90' lang='lat' dir='ltr'><strong>in</strong></span> <span class='ocrx_word' id='word_1_425' title='bbox 1401 3471 1663 3519; x_wconf 72' lang='lat' dir='ltr'><strong>aaternum</strong></span> <span class='ocrx_word' id='word_1_426' title='bbox 1695 3471 2018 3538; x_wconf 70' lang='lat' dir='ltr'><strong>prmparabo</strong></span> 
     </span>
    </p>
   </div>
   <div class='ocr_carea' id='block_1_54' title="bbox 458 3553 2012 3634">
    <p class='ocr_par' dir='ltr' id='par_1_54' title="bbox 458 3553 2012 3634">
     <span class='ocr_line' id='line_1_54' title="bbox 458 3553 2012 3634; baseline 0.012 -33"><span class='ocrx_word' id='word_1_427' title='bbox 458 3562 638 3602; x_wconf 87' lang='lat' dir='ltr'><strong>semen</strong></span> <span class='ocrx_word' id='word_1_428' title='bbox 672 3557 847 3614; x_wconf 86' lang='lat' dir='ltr'><strong>tuum,</strong></span> <span class='ocrx_word' id='word_1_429' title='bbox 894 3559 946 3606; x_wconf 91' lang='lat' dir='ltr'><strong>et</strong></span> <span class='ocrx_word' id='word_1_430' title='bbox 977 3553 1256 3612; x_wconf 80' lang='lat' dir='ltr'><strong>aedificabo</strong></span> <span class='ocrx_word' id='word_1_431' title='bbox 1301 3557 1352 3610; x_wconf 92' lang='lat' dir='ltr'><strong>in</strong></span> <span class='ocrx_word' id='word_1_432' title='bbox 1383 3561 1789 3628; x_wconf 82' lang='lat' dir='ltr'><strong>generationem</strong></span> <span class='ocrx_word' id='word_1_433' title='bbox 1836 3573 1889 3618; x_wconf 92' lang='lat' dir='ltr'><strong>et</strong></span> <span class='ocrx_word' id='word_1_434' title='bbox 1916 3581 2012 3634; x_wconf 78' lang='lat' dir='ltr'><strong>ge-</strong></span> 
     </span>
    </p>
   </div>
   <div class='ocr_carea' id='block_1_55' title="bbox 457 3643 2014 3720">
    <p class='ocr_par' dir='ltr' id='par_1_55' title="bbox 457 3643 2014 3720">
     <span class='ocr_line' id='line_1_55' title="bbox 457 3643 2014 3720; baseline 0.01 -26"><span class='ocrx_word' id='word_1_435' title='bbox 457 3643 790 3696; x_wconf 86' lang='lat' dir='ltr'><strong>nerationem</strong></span> <span class='ocrx_word' id='word_1_436' title='bbox 821 3643 1000 3698; x_wconf 84' lang='lat' dir='ltr'><strong>sedem</strong></span> <span class='ocrx_word' id='word_1_437' title='bbox 1037 3653 1186 3700; x_wconf 87' lang='lat' dir='ltr'><strong>tuam</strong></span> <span class='ocrx_word' id='word_1_438' title='bbox 1205 3647 1274 3712; x_wconf 79' lang='lat'><strong>&#39;°,</strong></span> <span class='ocrx_word' id='word_1_439' title='bbox 1303 3667 1320 3697; x_wconf 73' lang='grc' dir='ltr'><strong>ι</strong></span> <span class='ocrx_word' id='word_1_440' title='bbox 1374 3655 1430 3702; x_wconf 86' lang='lat' dir='ltr'><strong>et</strong></span> <span class='ocrx_word' id='word_1_441' title='bbox 1477 3651 1636 3718; x_wconf 87' lang='lat' dir='ltr'><strong>paulo</strong></span> <span class='ocrx_word' id='word_1_442' title='bbox 1671 3660 1790 3720; x_wconf 89' lang='lat' dir='ltr'><strong>post</strong></span> <span class='ocrx_word' id='word_1_443' title='bbox 1823 3653 1973 3707; x_wconf 84' lang='lat' dir='ltr'><strong>addit</strong></span> <span class='ocrx_word' id='word_1_444' title='bbox 2000 3673 2014 3709; x_wconf 90' lang='lat'><strong>:</strong></span> 
     </span>
    </p>
   </div>
   <div class='ocr_carea' id='block_1_56' title="bbox 459 3729 2012 3802">
    <p class='ocr_par' dir='ltr' id='par_1_56' title="bbox 459 3729 2012 3802">
     <span class='ocr_line' id='line_1_56' title="bbox 459 3729 2012 3802; baseline 0.009 -20"><span class='ocrx_word' id='word_1_445' title='bbox 459 3729 678 3788; x_wconf 67' lang='lat' dir='ltr'><strong>«Semel</strong></span> <span class='ocrx_word' id='word_1_446' title='bbox 705 3733 884 3802; x_wconf 81' lang='lat' dir='ltr'><strong>juravi</strong></span> <span class='ocrx_word' id='word_1_447' title='bbox 929 3735 984 3789; x_wconf 90' lang='lat' dir='ltr'><strong>in</strong></span> <span class='ocrx_word' id='word_1_448' title='bbox 1031 3745 1224 3792; x_wconf 85' lang='lat' dir='ltr'><strong>sancto</strong></span> <span class='ocrx_word' id='word_1_449' title='bbox 1263 3755 1402 3800; x_wconf 84' lang='lat' dir='ltr'><strong>meo.</strong></span> <span class='ocrx_word' id='word_1_450' title='bbox 1453 3741 1497 3794; x_wconf 87' lang='lat' dir='ltr'><strong>si</strong></span> <span class='ocrx_word' id='word_1_451' title='bbox 1555 3741 1722 3796; x_wconf 87' lang='lat' dir='ltr'><strong>David</strong></span> <span class='ocrx_word' id='word_1_452' title='bbox 1755 3745 2012 3798; x_wconf 84' lang='lat' dir='ltr'><strong>mentiar.</strong></span> 
     </span>
    </p>
   </div>
   <div class='ocr_carea' id='block_1_57' title="bbox 455 3822 2016 3904">
    <p class='ocr_par' dir='ltr' id='par_1_57' title="bbox 455 3822 2016 3904">
     <span class='ocr_line' id='line_1_57' title="bbox 455 3822 2016 3904; baseline 0.01 -27"><span class='ocrx_word' id='word_1_453' title='bbox 455 3822 651 3878; x_wconf 84' lang='lat' dir='ltr'><strong>Semen</strong></span> <span class='ocrx_word' id='word_1_454' title='bbox 697 3827 818 3894; x_wconf 89' lang='lat' dir='ltr'><strong>ejus</strong></span> <span class='ocrx_word' id='word_1_455' title='bbox 851 3827 906 3880; x_wconf 89' lang='lat' dir='ltr'><strong>in</strong></span> <span class='ocrx_word' id='word_1_456' title='bbox 937 3836 1205 3883; x_wconf 67' lang='lat' dir='ltr'><strong>aeternum</strong></span> <span class='ocrx_word' id='word_1_457' title='bbox 1259 3831 1521 3896; x_wconf 86' lang='lat' dir='ltr'><strong>manebit,</strong></span> <span class='ocrx_word' id='word_1_458' title='bbox 1554 3844 1608 3888; x_wconf 88' lang='lat' dir='ltr'><strong>et</strong></span> <span class='ocrx_word' id='word_1_459' title='bbox 1636 3833 1867 3891; x_wconf 89' lang='lat' dir='ltr'><strong>thronus</strong></span> <span class='ocrx_word' id='word_1_460' title='bbox 1897 3837 2016 3904; x_wconf 87' lang='lat' dir='ltr'><strong>ejus</strong></span> 
     </span>
    </p>
   </div>
   <div class='ocr_carea' id='block_1_58' title="bbox 453 3917 2017 3988">
    <p class='ocr_par' dir='ltr' id='par_1_58' title="bbox 453 3917 2017 3988">
     <span class='ocr_line' id='line_1_58' title="bbox 453 3917 2017 3988; baseline 0.009 -21"><span class='ocrx_word' id='word_1_461' title='bbox 453 3917 596 3968; x_wconf 84' lang='lat' dir='ltr'><strong>sicut</strong></span> <span class='ocrx_word' id='word_1_462' title='bbox 631 3917 714 3970; x_wconf 83' lang='lat' dir='ltr'><strong>sol</strong></span> <span class='ocrx_word' id='word_1_463' title='bbox 769 3919 824 3970; x_wconf 86' lang='lat' dir='ltr'><strong>in</strong></span> <span class='ocrx_word' id='word_1_464' title='bbox 856 3929 1156 3988; x_wconf 89' lang='lat' dir='ltr'><strong>conspectu</strong></span> <span class='ocrx_word' id='word_1_465' title='bbox 1213 3937 1335 3976; x_wconf 89' lang='lat' dir='ltr'><strong>meo</strong></span> <span class='ocrx_word' id='word_1_466' title='bbox 1355 3923 1456 3978; x_wconf 76' lang='grc'><strong>⁸⁸.»</strong></span> <span class='ocrx_word' id='word_1_467' title='bbox 1509 3923 1575 3977; x_wconf 87' lang='grc' dir='ltr'>Ει</span> <span class='ocrx_word' id='word_1_468' title='bbox 1621 3941 1854 3982; x_wconf 82' lang='lat' dir='ltr'><strong>rursus:</strong></span> <span class='ocrx_word' id='word_1_469' title='bbox 1907 3927 2017 3981; x_wconf 73' lang='lat' dir='ltr'><strong>«Et</strong></span> 
     </span>
    </p>
   </div>
   <div class='ocr_carea' id='block_1_59' title="bbox 455 4009 2014 4082">
    <p class='ocr_par' dir='ltr' id='par_1_59' title="bbox 455 4009 2014 4082">
     <span class='ocr_line' id='line_1_59' title="bbox 455 4009 2014 4082; baseline 0.01 -22"><span class='ocrx_word' id='word_1_470' title='bbox 455 4021 652 4075; x_wconf 85' lang='lat' dir='ltr'><strong>ponam</strong></span> <span class='ocrx_word' id='word_1_471' title='bbox 685 4009 742 4062; x_wconf 91' lang='lat' dir='ltr'><strong>in</strong></span> <span class='ocrx_word' id='word_1_472' title='bbox 774 4011 1032 4064; x_wconf 63' lang='lat' dir='ltr'><strong>saeculum</strong></span> <span class='ocrx_word' id='word_1_473' title='bbox 1068 4015 1252 4068; x_wconf 71' lang='lat' dir='ltr'><strong>saaculi</strong></span> <span class='ocrx_word' id='word_1_474' title='bbox 1284 4031 1468 4072; x_wconf 87' lang='lat' dir='ltr'><strong>semen</strong></span> <span class='ocrx_word' id='word_1_475' title='bbox 1504 4016 1640 4082; x_wconf 88' lang='lat' dir='ltr'><strong>ejus.</strong></span> <span class='ocrx_word' id='word_1_476' title='bbox 1674 4029 1726 4074; x_wconf 91' lang='lat' dir='ltr'><strong>et</strong></span> <span class='ocrx_word' id='word_1_477' title='bbox 1756 4021 2014 4074; x_wconf 90' lang='lat' dir='ltr'><strong>thronum</strong></span> 
     </span>
    </p>
   </div>
   <div class='ocr_carea' id='block_1_60' title="bbox 451 4097 2014 4167">
    <p class='ocr_par' dir='ltr' id='par_1_60' title="bbox 451 4097 2014 4167">
     <span class='ocr_line' id='line_1_60' title="bbox 451 4097 2014 4167; baseline 0.011 -17"><span class='ocrx_word' id='word_1_478' title='bbox 451 4097 572 4166; x_wconf 77' lang='lat' dir='ltr'><strong>ejus</strong></span> <span class='ocrx_word' id='word_1_479' title='bbox 626 4099 768 4152; x_wconf 88' lang='lat' dir='ltr'><strong>sicut</strong></span> <span class='ocrx_word' id='word_1_480' title='bbox 797 4101 914 4156; x_wconf 90' lang='lat' dir='ltr'><strong>dies</strong></span> <span class='ocrx_word' id='word_1_481' title='bbox 947 4104 1186 4158; x_wconf 59' lang='grc' dir='ltr'><strong>(πῆμ’.)</strong></span> <span class='ocrx_word' id='word_1_482' title='bbox 1239 4104 1370 4161; x_wconf 85' lang='lat' dir='ltr'><strong>Fere</strong></span> <span class='ocrx_word' id='word_1_483' title='bbox 1433 4107 1630 4162; x_wconf 87' lang='lat' dir='ltr'><strong>similia</strong></span> <span class='ocrx_word' id='word_1_484' title='bbox 1663 4110 1914 4167; x_wconf 85' lang='lat' dir='ltr'><strong>invenias</strong></span> <span class='ocrx_word' id='word_1_485' title='bbox 1957 4113 2014 4166; x_wconf 87' lang='lat' dir='ltr'><strong>in</strong></span> 
     </span>
    </p>
   </div>
   <div class='ocr_carea' id='block_1_61' title="bbox 450 4185 2009 4262">
    <p class='ocr_par' dir='ltr' id='par_1_61' title="bbox 450 4185 2009 4262">
     <span class='ocr_line' id='line_1_61' title="bbox 450 4185 2009 4262; baseline 0.01 -22"><span class='ocrx_word' id='word_1_486' title='bbox 450 4185 703 4252; x_wconf 86' lang='lat' dir='ltr'><strong>Jeremia,</strong></span> <span class='ocrx_word' id='word_1_487' title='bbox 743 4189 832 4244; x_wconf 86' lang='lat' dir='ltr'><strong>ubi</strong></span> <span class='ocrx_word' id='word_1_488' title='bbox 867 4192 1087 4258; x_wconf 82' lang='lat' dir='ltr'><strong>dicitur,</strong></span> <span class='ocrx_word' id='word_1_489' title='bbox 1137 4213 1155 4246; x_wconf 81' lang='grc' dir='ltr'><strong>ι</strong></span> <span class='ocrx_word' id='word_1_490' title='bbox 1189 4195 1328 4262; x_wconf 87' lang='lat' dir='ltr'><strong>Quia</strong></span> <span class='ocrx_word' id='word_1_491' title='bbox 1369 4197 1484 4252; x_wconf 63' lang='lat' dir='ltr'><strong>haec</strong></span> <span class='ocrx_word' id='word_1_492' title='bbox 1533 4199 1671 4252; x_wconf 87' lang='lat' dir='ltr'><strong>dicit</strong></span> <span class='ocrx_word' id='word_1_493' title='bbox 1703 4199 2009 4255; x_wconf 89' lang='lat' dir='ltr'><strong>Dominus:</strong></span> 
     </span>
    </p>
   </div>
   <div class='ocr_carea' id='block_1_62' title="bbox 451 4279 2016 4363">
    <p class='ocr_par' dir='ltr' id='par_1_62' title="bbox 451 4279 2016 4363">
     <span class='ocr_line' id='line_1_62' title="bbox 451 4279 2016 4363; baseline 0.01 -30"><span class='ocrx_word' id='word_1_494' title='bbox 451 4279 570 4334; x_wconf 83' lang='lat' dir='ltr'><strong>Non</strong></span> <span class='ocrx_word' id='word_1_495' title='bbox 621 4280 864 4337; x_wconf 83' lang='lat' dir='ltr'><strong>interibit</strong></span> <span class='ocrx_word' id='word_1_496' title='bbox 895 4284 961 4340; x_wconf 90' lang='lat' dir='ltr'><strong>de</strong></span> <span class='ocrx_word' id='word_1_497' title='bbox 1019 4285 1184 4344; x_wconf 87' lang='lat' dir='ltr'><strong>David</strong></span> <span class='ocrx_word' id='word_1_498' title='bbox 1221 4289 1304 4344; x_wconf 86' lang='lat' dir='ltr'><strong>vir</strong></span> <span class='ocrx_word' id='word_1_499' title='bbox 1333 4291 1424 4360; x_wconf 89' lang='lat' dir='ltr'><strong>qui</strong></span> <span class='ocrx_word' id='word_1_500' title='bbox 1451 4291 1635 4346; x_wconf 86' lang='lat' dir='ltr'><strong>sedeat</strong></span> <span class='ocrx_word' id='word_1_501' title='bbox 1667 4309 1834 4363; x_wconf 91' lang='lat' dir='ltr'><strong>super</strong></span> <span class='ocrx_word' id='word_1_502' title='bbox 1865 4294 2016 4348; x_wconf 88' lang='lat' dir='ltr'><strong>thro-</strong></span> 
     </span>
    </p>
   </div>
   <div class='ocr_carea' id='block_1_63' title="bbox 449 4373 2013 4442">
    <p class='ocr_par' dir='ltr' id='par_1_63' title="bbox 449 4373 2013 4442">
     <span class='ocr_line' id='line_1_63' title="bbox 449 4373 2013 4442; baseline 0.012 -18"><span class='ocrx_word' id='word_1_503' title='bbox 449 4387 576 4425; x_wconf 93' lang='lat' dir='ltr'><strong>num</strong></span> <span class='ocrx_word' id='word_1_504' title='bbox 605 4373 802 4430; x_wconf 90' lang='lat' dir='ltr'><strong>domus</strong></span> <span class='ocrx_word' id='word_1_505' title='bbox 833 4374 1014 4432; x_wconf 84' lang='lat' dir='ltr'><strong>lsraei.</strong></span> <span class='ocrx_word' id='word_1_506' title='bbox 1047 4377 1112 4432; x_wconf 87' lang='lat' dir='ltr'><strong>Et</strong></span> <span class='ocrx_word' id='word_1_507' title='bbox 1140 4381 1206 4436; x_wconf 90' lang='lat' dir='ltr'><strong>de</strong></span> <span class='ocrx_word' id='word_1_508' title='bbox 1233 4384 1606 4440; x_wconf 81' lang='lat' dir='ltr'><strong>sacerdotibus</strong></span> <span class='ocrx_word' id='word_1_509' title='bbox 1633 4393 1684 4439; x_wconf 89' lang='lat' dir='ltr'><strong>et</strong></span> <span class='ocrx_word' id='word_1_510' title='bbox 1717 4385 1784 4440; x_wconf 88' lang='lat' dir='ltr'><strong>de</strong></span> <span class='ocrx_word' id='word_1_511' title='bbox 1806 4383 2013 4442; x_wconf 86' lang='lat' dir='ltr'><strong>Levitis</strong></span> 
     </span>
    </p>
   </div>
   <div class='ocr_carea' id='block_1_64' title="bbox 2123 1909 3680 1988">
    <p class='ocr_par' dir='ltr' id='par_1_64' title="bbox 2123 1909 3680 1988">
     <span class='ocr_line' id='line_1_64' title="bbox 2123 1909 3680 1988; baseline 0 -20"><span class='ocrx_word' id='word_1_512' title='bbox 2123 1918 2382 1971; x_wconf 87' lang='grc' dir='ltr'>λεύσαντα</span> <span class='ocrx_word' id='word_1_513' title='bbox 2413 1917 2716 1987; x_wconf 88' lang='grc' dir='ltr'>Σολομῶνα·</span> <span class='ocrx_word' id='word_1_514' title='bbox 2756 1917 2880 1988; x_wconf 80' lang='grc' dir='ltr'>περὶ</span> <span class='ocrx_word' id='word_1_515' title='bbox 2910 1909 2990 1980; x_wconf 73' lang='grc' dir='ltr'><strong>οὗ,</strong></span> <span class='ocrx_word' id='word_1_516' title='bbox 3025 1917 3098 1980; x_wconf 88' lang='grc' dir='ltr'><strong>ώς</strong></span> <span class='ocrx_word' id='word_1_517' title='bbox 3127 1916 3290 1982; x_wconf 78' lang='grc' dir='ltr'>εἰκὸς,</span> <span class='ocrx_word' id='word_1_518' title='bbox 3319 1917 3680 1988; x_wconf 72' lang='grc' dir='ltr'>ὑπολήψονται</span> 
     </span>
    </p>
   </div>
   <div class='ocr_carea' id='block_1_65' title="bbox 2122 2003 3682 2074">
    <p class='ocr_par' dir='ltr' id='par_1_65' title="bbox 2122 2003 3682 2074">
     <span class='ocr_line' id='line_1_65' title="bbox 2122 2003 3682 2074; baseline 0.002 -20"><span class='ocrx_word' id='word_1_519' title='bbox 2122 2003 2296 2072; x_wconf 82' lang='grc' dir='ltr'>λέγειν</span> <span class='ocrx_word' id='word_1_520' title='bbox 2317 2003 2409 2074; x_wconf 78' lang='grc' dir='ltr'>τὴν</span> <span class='ocrx_word' id='word_1_521' title='bbox 2439 2005 2768 2074; x_wconf 72' lang='grc' dir='ltr'><strong>προφητείαν</strong></span> <span class='ocrx_word' id='word_1_522' title='bbox 2798 2005 2906 2056; x_wconf 75' lang='grc' dir='ltr'>υἱὸν</span> <span class='ocrx_word' id='word_1_523' title='bbox 2937 2003 3270 2074; x_wconf 81' lang='grc' dir='ltr'>πρωτότοκον</span> <span class='ocrx_word' id='word_1_524' title='bbox 3297 2005 3484 2074; x_wconf 80' lang='grc' dir='ltr'>θήσειν</span> <span class='ocrx_word' id='word_1_525' title='bbox 3519 2009 3682 2072; x_wconf 65' lang='grc' dir='ltr'>ἐπαγ-</span> 
     </span>
    </p>
   </div>
   <div class='ocr_carea' id='block_1_66' title="bbox 2122 2093 3683 2166">
    <p class='ocr_par' dir='ltr' id='par_1_66' title="bbox 2122 2093 3683 2166">
     <span class='ocr_line' id='line_1_66' title="bbox 2122 2093 3683 2166; baseline -0.001 -18"><span class='ocrx_word' id='word_1_526' title='bbox 2122 2095 2422 2163; x_wconf 79' lang='grc' dir='ltr'>γέλλεσθαι,</span> <span class='ocrx_word' id='word_1_527' title='bbox 2458 2097 2514 2148; x_wconf 85' lang='grc' dir='ltr'><strong>ὲν</strong></span> <span class='ocrx_word' id='word_1_528' title='bbox 2555 2093 2651 2166; x_wconf 82' lang='grc' dir='ltr'><strong>μὲν</strong></span> <span class='ocrx_word' id='word_1_529' title='bbox 2673 2093 2748 2165; x_wconf 82' lang='grc' dir='ltr'>τῷ</span> <span class='ocrx_word' id='word_1_530' title='bbox 2775 2093 2971 2164; x_wconf 75' lang='grc' dir='ltr'>ψαλμῷ</span> <span class='ocrx_word' id='word_1_531' title='bbox 3009 2095 3282 2164; x_wconf 74' lang='grc' dir='ltr'>εἰρηκότα,</span> <span class='ocrx_word' id='word_1_532' title='bbox 3317 2114 3334 2144; x_wconf 82' lang='grc' dir='ltr'><strong>ι</strong></span> <span class='ocrx_word' id='word_1_533' title='bbox 3367 2097 3544 2158; x_wconf 71' lang='grc' dir='ltr'>Αὐτὸς</span> <span class='ocrx_word' id='word_1_534' title='bbox 3569 2099 3683 2148; x_wconf 79' lang='grc' dir='ltr'>ἐπι-</span> 
     </span>
    </p>
   </div>
   <div class='ocr_carea' id='block_1_67' title="bbox 2121 2183 3676 2260">
    <p class='ocr_par' dir='ltr' id='par_1_67' title="bbox 2121 2183 3676 2260">
     <span class='ocr_line' id='line_1_67' title="bbox 2121 2183 3676 2260; baseline -0.003 -18"><span class='ocrx_word' id='word_1_535' title='bbox 2121 2188 2402 2242; x_wconf 79' lang='grc' dir='ltr'>καλέσεταί</span> <span class='ocrx_word' id='word_1_536' title='bbox 2437 2206 2522 2258; x_wconf 89' lang='grc' dir='ltr'><strong>με,</strong></span> <span class='ocrx_word' id='word_1_537' title='bbox 2559 2189 2744 2260; x_wconf 77' lang='grc' dir='ltr'>Πατήρ</span> <span class='ocrx_word' id='word_1_538' title='bbox 2775 2205 2872 2258; x_wconf 91' lang='grc' dir='ltr'><strong>μου</strong></span> <span class='ocrx_word' id='word_1_539' title='bbox 2898 2183 2948 2239; x_wconf 77' lang='grc' dir='ltr'>εἶ</span> <span class='ocrx_word' id='word_1_540' title='bbox 2971 2189 3056 2250; x_wconf 83' lang='grc' dir='ltr'><strong>σὺ,</strong></span> <span class='ocrx_word' id='word_1_541' title='bbox 3090 2185 3222 2250; x_wconf 87' lang='grc' dir='ltr'>Θεός</span> <span class='ocrx_word' id='word_1_542' title='bbox 3267 2204 3369 2258; x_wconf 90' lang='grc' dir='ltr'><strong>μου</strong></span> <span class='ocrx_word' id='word_1_543' title='bbox 3411 2189 3505 2240; x_wconf 77' lang='grc' dir='ltr'><strong>καὶ</strong></span> <span class='ocrx_word' id='word_1_544' title='bbox 3537 2188 3676 2239; x_wconf 76' lang='grc' dir='ltr'>ἀντι·</span> 
     </span>
    </p>
   </div>
   <div class='ocr_carea' id='block_1_68' title="bbox 2119 2277 3681 2351">
    <p class='ocr_par' dir='ltr' id='par_1_68' title="bbox 2119 2277 3681 2351">
     <span class='ocr_line' id='line_1_68' title="bbox 2119 2277 3681 2351; baseline -0.003 -18"><span class='ocrx_word' id='word_1_545' title='bbox 2119 2280 2341 2351; x_wconf 81' lang='grc' dir='ltr'>λήπτωρ</span> <span class='ocrx_word' id='word_1_546' title='bbox 2367 2281 2465 2349; x_wconf 79' lang='grc' dir='ltr'>τῆς</span> <span class='ocrx_word' id='word_1_547' title='bbox 2493 2279 2760 2350; x_wconf 78' lang='grc' dir='ltr'>σωτηρίας</span> <span class='ocrx_word' id='word_1_548' title='bbox 2791 2295 2912 2348; x_wconf 86' lang='grc' dir='ltr'>μου.</span> <span class='ocrx_word' id='word_1_549' title='bbox 2952 2277 3119 2344; x_wconf 70' lang='grc' dir='ltr'><strong>Κάγὼ</strong></span> <span class='ocrx_word' id='word_1_550' title='bbox 3155 2278 3493 2348; x_wconf 78' lang='grc' dir='ltr'>πρωτότοκον</span> <span class='ocrx_word' id='word_1_551' title='bbox 3529 2277 3681 2348; x_wconf 81' lang='grc' dir='ltr'>θήσο-</span> 
     </span>
    </p>
   </div>
   <div class='ocr_carea' id='block_1_69' title="bbox 2123 2367 3682 2442">
    <p class='ocr_par' dir='ltr' id='par_1_69' title="bbox 2123 2367 3682 2442">
     <span class='ocr_line' id='line_1_69' title="bbox 2123 2367 3682 2442; baseline -0.003 -18"><span class='ocrx_word' id='word_1_552' title='bbox 2123 2389 2220 2442; x_wconf 88' lang='grc' dir='ltr'><strong>μαι</strong></span> <span class='ocrx_word' id='word_1_553' title='bbox 2252 2371 2432 2432; x_wconf 75' lang='grc' dir='ltr'>αὐτὸν,</span> <span class='ocrx_word' id='word_1_554' title='bbox 2453 2369 2649 2440; x_wconf 65' lang='grc' dir='ltr'>ὑψηλὸν</span> <span class='ocrx_word' id='word_1_555' title='bbox 2687 2369 2834 2440; x_wconf 81' lang='grc' dir='ltr'>παρὰ</span> <span class='ocrx_word' id='word_1_556' title='bbox 2855 2371 2963 2430; x_wconf 81' lang='grc' dir='ltr'>τοῖς</span> <span class='ocrx_word' id='word_1_557' title='bbox 2993 2367 3264 2438; x_wconf 79' lang='grc' dir='ltr'>βασιλεῦσι</span> <span class='ocrx_word' id='word_1_558' title='bbox 3289 2369 3388 2438; x_wconf 77' lang='grc' dir='ltr'>τῆς</span> <span class='ocrx_word' id='word_1_559' title='bbox 3421 2369 3546 2438; x_wconf 71' lang='grc' dir='ltr'><strong>γῆς·</strong></span> <span class='ocrx_word' id='word_1_560' title='bbox 3579 2389 3594 2420; x_wconf 73' lang='grc' dir='ltr'><strong>ι</strong></span> <span class='ocrx_word' id='word_1_561' title='bbox 3627 2371 3682 2421; x_wconf 82' lang='grc' dir='ltr'>ὲν</span> 
     </span>
    </p>
   </div>
   <div class='ocr_carea' id='block_1_70' title="bbox 2117 2460 3682 2534">
    <p class='ocr_par' dir='ltr' id='par_1_70' title="bbox 2117 2460 3682 2534">
     <span class='ocr_line' id='line_1_70' title="bbox 2117 2460 3682 2534; baseline -0.002 -18"><span class='ocrx_word' id='word_1_562' title='bbox 2117 2463 2174 2516; x_wconf 80' lang='grc' dir='ltr'><strong>δὲ</strong></span> <span class='ocrx_word' id='word_1_563' title='bbox 2208 2463 2284 2534; x_wconf 80' lang='grc' dir='ltr'><strong>τῷ</strong></span> <span class='ocrx_word' id='word_1_564' title='bbox 2311 2462 2446 2532; x_wconf 74' lang='grc' dir='ltr'>μετὰ</span> <span class='ocrx_word' id='word_1_565' title='bbox 2474 2465 2656 2533; x_wconf 85' lang='grc' dir='ltr'>χεῖρας</span> <span class='ocrx_word' id='word_1_566' title='bbox 2689 2461 2982 2532; x_wconf 75' lang='grc' dir='ltr'>κεφαλαίῳ,</span> <span class='ocrx_word' id='word_1_567' title='bbox 3007 2482 3024 2512; x_wconf 81' lang='grc' dir='ltr'><strong>ι</strong></span> <span class='ocrx_word' id='word_1_568' title='bbox 3047 2460 3184 2528; x_wconf 75' lang='grc' dir='ltr'><strong>Ἐγὼ</strong></span> <span class='ocrx_word' id='word_1_569' title='bbox 3209 2461 3398 2531; x_wconf 83' lang='grc' dir='ltr'>ἔσομαι</span> <span class='ocrx_word' id='word_1_570' title='bbox 3429 2461 3578 2532; x_wconf 77' lang='grc' dir='ltr'>αὐτῷ</span> <span class='ocrx_word' id='word_1_571' title='bbox 3609 2463 3682 2525; x_wconf 87' lang='grc' dir='ltr'><strong>είς</strong></span> 
     </span>
    </p>
   </div>
   <div class='ocr_carea' id='block_1_71' title="bbox 2119 2553 3674 2626">
    <p class='ocr_par' dir='ltr' id='par_1_71' title="bbox 2119 2553 3674 2626">
     <span class='ocr_line' id='line_1_71' title="bbox 2119 2553 3674 2626; baseline -0.001 -20"><span class='ocrx_word' id='word_1_572' title='bbox 2119 2555 2350 2626; x_wconf 82' lang='grc' dir='ltr'><strong>πατέρα,</strong></span> <span class='ocrx_word' id='word_1_573' title='bbox 2378 2555 2470 2608; x_wconf 84' lang='grc' dir='ltr'>καὶ</span> <span class='ocrx_word' id='word_1_574' title='bbox 2489 2553 2649 2617; x_wconf 73' lang='grc' dir='ltr'>αὐτὸς</span> <span class='ocrx_word' id='word_1_575' title='bbox 2682 2553 2828 2605; x_wconf 74' lang='grc' dir='ltr'>ἔσται</span> <span class='ocrx_word' id='word_1_576' title='bbox 2856 2571 2944 2622; x_wconf 92' lang='grc' dir='ltr'><strong>μοι</strong></span> <span class='ocrx_word' id='word_1_577' title='bbox 2974 2555 3050 2618; x_wconf 85' lang='grc' dir='ltr'><strong>είς</strong></span> <span class='ocrx_word' id='word_1_578' title='bbox 3073 2554 3202 2607; x_wconf 86' lang='grc' dir='ltr'>υἱόν.</span> <span class='ocrx_word' id='word_1_579' title='bbox 3234 2574 3251 2604; x_wconf 75' lang='grc' dir='ltr'><strong>ι</strong></span> <span class='ocrx_word' id='word_1_580' title='bbox 3279 2555 3388 2608; x_wconf 73' lang='grc' dir='ltr'>Καὶ</span> <span class='ocrx_word' id='word_1_581' title='bbox 3419 2555 3526 2624; x_wconf 72' lang='grc' dir='ltr'><strong>μὴν</strong></span> <span class='ocrx_word' id='word_1_582' title='bbox 3559 2553 3674 2606; x_wconf 81' lang='grc' dir='ltr'>κατ’</span> 
     </span>
    </p>
   </div>
   <div class='ocr_carea' id='block_1_72' title="bbox 2119 2645 3678 2717">
    <p class='ocr_par' dir='ltr' id='par_1_72' title="bbox 2119 2645 3678 2717">
     <span class='ocr_line' id='line_1_72' title="bbox 2119 2645 3678 2717; baseline -0.002 -18"><span class='ocrx_word' id='word_1_583' title='bbox 2119 2647 2269 2700; x_wconf 78' lang='grc' dir='ltr'>οὐδὲν</span> <span class='ocrx_word' id='word_1_584' title='bbox 2298 2646 2657 2716; x_wconf 77' lang='grc' dir='ltr'>διενηνοχέναι</span> <span class='ocrx_word' id='word_1_585' title='bbox 2681 2645 2785 2698; x_wconf 88' lang='grc' dir='ltr'><strong>τῶν</strong></span> <span class='ocrx_word' id='word_1_586' title='bbox 2811 2645 3010 2699; x_wconf 82' lang='grc' dir='ltr'>λοιπῶν</span> <span class='ocrx_word' id='word_1_587' title='bbox 3041 2645 3329 2717; x_wconf 73' lang='grc' dir='ltr'>προφητῶν</span> <span class='ocrx_word' id='word_1_588' title='bbox 3365 2645 3558 2714; x_wconf 79' lang='grc' dir='ltr'>φήσειέ</span> <span class='ocrx_word' id='word_1_589' title='bbox 3601 2662 3678 2708; x_wconf 88' lang='grc' dir='ltr'><strong>τις</strong></span> 
     </span>
    </p>
   </div>
   <div class='ocr_carea' id='block_1_73' title="bbox 2119 2736 3675 2808">
    <p class='ocr_par' dir='ltr' id='par_1_73' title="bbox 2119 2736 3675 2808">
     <span class='ocr_line' id='line_1_73' title="bbox 2119 2736 3675 2808; baseline -0.002 -18"><span class='ocrx_word' id='word_1_590' title='bbox 2119 2739 2208 2790; x_wconf 79' lang='grc' dir='ltr'><strong>τὸν</strong></span> <span class='ocrx_word' id='word_1_591' title='bbox 2233 2737 2412 2802; x_wconf 69' lang='grc' dir='ltr'>Δαυὶδ,</span> <span class='ocrx_word' id='word_1_592' title='bbox 2449 2739 2506 2802; x_wconf 86' lang='grc' dir='ltr'>ὃς</span> <span class='ocrx_word' id='word_1_593' title='bbox 2536 2737 2629 2790; x_wconf 68' lang='grc' dir='ltr'><strong>καὶ</strong></span> <span class='ocrx_word' id='word_1_594' title='bbox 2659 2736 3086 2808; x_wconf 72' lang='grc' dir='ltr'>ἐξομολογεῖσθαι</span> <span class='ocrx_word' id='word_1_595' title='bbox 3116 2737 3204 2790; x_wconf 79' lang='grc' dir='ltr'>διὰ</span> <span class='ocrx_word' id='word_1_596' title='bbox 3229 2737 3324 2807; x_wconf 80' lang='grc' dir='ltr'>τὴν</span> <span class='ocrx_word' id='word_1_597' title='bbox 3353 2736 3452 2790; x_wconf 77' lang='grc' dir='ltr'>τοῦ</span> <span class='ocrx_word' id='word_1_598' title='bbox 3483 2737 3675 2808; x_wconf 80' lang='grc' dir='ltr'>υύρίου</span> 
     </span>
    </p>
   </div>
   <div class='ocr_carea' id='block_1_74' title="bbox 2120 2827 3676 2900">
    <p class='ocr_par' dir='ltr' id='par_1_74' title="bbox 2120 2827 3676 2900">
     <span class='ocr_line' id='line_1_74' title="bbox 2120 2827 3676 2900; baseline -0.003 -20"><span class='ocrx_word' id='word_1_599' title='bbox 2120 2829 2289 2882; x_wconf 82' lang='grc' dir='ltr'>ἐδεῖτο</span> <span class='ocrx_word' id='word_1_600' title='bbox 2329 2829 2497 2896; x_wconf 77' lang='grc' dir='ltr'>λέγων</span> <span class='ocrx_word' id='word_1_601' title='bbox 2522 2869 2536 2892; x_wconf 86' lang='grc'><strong>,</strong></span> <span class='ocrx_word' id='word_1_602' title='bbox 2579 2849 2596 2880; x_wconf 82' lang='grc' dir='ltr'><strong>ι</strong></span> <span class='ocrx_word' id='word_1_603' title='bbox 2635 2829 2722 2882; x_wconf 71' lang='grc' dir='ltr'><strong>Σοὶ</strong></span> <span class='ocrx_word' id='word_1_604' title='bbox 2753 2829 2895 2898; x_wconf 85' lang='grc' dir='ltr'>μόνῳ</span> <span class='ocrx_word' id='word_1_605' title='bbox 2922 2829 3163 2900; x_wconf 71' lang='grc' dir='ltr'>ἥμαρτον</span> <span class='ocrx_word' id='word_1_606' title='bbox 3208 2827 3302 2880; x_wconf 76' lang='grc' dir='ltr'>καὶ</span> <span class='ocrx_word' id='word_1_607' title='bbox 3343 2828 3404 2878; x_wconf 77' lang='grc' dir='ltr'>τὸ</span> <span class='ocrx_word' id='word_1_608' title='bbox 3449 2827 3676 2896; x_wconf 73' lang='grc' dir='ltr'>πονηρὸν</span> 
     </span>
    </p>
   </div>
   <div class='ocr_carea' id='block_1_75' title="bbox 2121 2909 3676 2992">
    <p class='ocr_par' dir='ltr' id='par_1_75' title="bbox 2121 2909 3676 2992">
     <span class='ocr_line' id='line_1_75' title="bbox 2121 2909 3676 2992; baseline -0.001 -20"><span class='ocrx_word' id='word_1_609' title='bbox 2121 2919 2349 2973; x_wconf 71' lang='grc' dir='ltr'>ἐνώπιόν</span> <span class='ocrx_word' id='word_1_610' title='bbox 2377 2938 2467 2974; x_wconf 89' lang='grc' dir='ltr'><strong>σου</strong></span> <span class='ocrx_word' id='word_1_611' title='bbox 2495 2909 2720 2992; x_wconf 77' lang='grc' dir='ltr'>ἐποίησα</span> <span class='ocrx_word' id='word_1_612' title='bbox 2741 2939 2753 2952; x_wconf 94' lang='grc'><strong>·</strong></span> <span class='ocrx_word' id='word_1_613' title='bbox 2791 2941 2808 2972; x_wconf 72' lang='grc' dir='ltr'><strong>ι</strong></span> <span class='ocrx_word' id='word_1_614' title='bbox 2839 2922 2870 2992; x_wconf 78' lang='grc' dir='ltr'>ἢ</span> <span class='ocrx_word' id='word_1_615' title='bbox 2895 2921 2984 2974; x_wconf 86' lang='grc' dir='ltr'><strong>τὸν</strong></span> <span class='ocrx_word' id='word_1_616' title='bbox 3015 2919 3318 2990; x_wconf 85' lang='grc' dir='ltr'>Σολομῶνα,</span> <span class='ocrx_word' id='word_1_617' title='bbox 3353 2920 3412 2972; x_wconf 82' lang='grc' dir='ltr'>ὃν</span> <span class='ocrx_word' id='word_1_618' title='bbox 3455 2919 3550 2972; x_wconf 78' lang='grc' dir='ltr'><strong>καὶ</strong></span> <span class='ocrx_word' id='word_1_619' title='bbox 3592 2922 3676 2972; x_wconf 82' lang='grc' dir='ltr'><strong>ἐκ·</strong></span> 
     </span>
    </p>
   </div>
   <div class='ocr_carea' id='block_1_76' title="bbox 2121 3000 3676 3078">
    <p class='ocr_par' dir='ltr' id='par_1_76' title="bbox 2121 3000 3676 3078">
     <span class='ocr_line' id='line_1_76' title="bbox 2121 3000 3676 3078; baseline -0.001 -18"><span class='ocrx_word' id='word_1_620' title='bbox 2121 3007 2293 3060; x_wconf 87' lang='grc' dir='ltr'>κλῖναι</span> <span class='ocrx_word' id='word_1_621' title='bbox 2315 3007 2424 3060; x_wconf 76' lang='grc' dir='ltr'><strong>ἀπὸ</strong></span> <span class='ocrx_word' id='word_1_622' title='bbox 2445 3006 2538 3060; x_wconf 81' lang='grc' dir='ltr'>τοῦ</span> <span class='ocrx_word' id='word_1_623' title='bbox 2567 3007 2700 3060; x_wconf 76' lang='grc' dir='ltr'>Θεοῦ</span> <span class='ocrx_word' id='word_1_624' title='bbox 2718 3009 2806 3061; x_wconf 73' lang='grc' dir='ltr'>καὶ</span> <span class='ocrx_word' id='word_1_625' title='bbox 2831 3000 3064 3074; x_wconf 74' lang='grc' dir='ltr'><strong>εἰδώλοις</strong></span> <span class='ocrx_word' id='word_1_626' title='bbox 3094 3009 3180 3063; x_wconf 81' lang='grc' dir='ltr'>διὰ</span> <span class='ocrx_word' id='word_1_627' title='bbox 3201 3007 3472 3078; x_wconf 77' lang='grc' dir='ltr'>γυναικῶν</span> <span class='ocrx_word' id='word_1_628' title='bbox 3499 3009 3676 3060; x_wconf 79' lang='grc' dir='ltr'>ἐπιθυ-</span> 
     </span>
    </p>
   </div>
   <div class='ocr_carea' id='block_1_77' title="bbox 2125 3098 3674 3170">
    <p class='ocr_par' dir='ltr' id='par_1_77' title="bbox 2125 3098 3674 3170">
     <span class='ocr_line' id='line_1_77' title="bbox 2125 3098 3674 3170; baseline 0.007 -21"><span class='ocrx_word' id='word_1_629' title='bbox 2125 3098 2252 3168; x_wconf 87' lang='grc' dir='ltr'>μίας</span> <span class='ocrx_word' id='word_1_630' title='bbox 2293 3099 2768 3170; x_wconf 80' lang='grc' dir='ltr'>προσκεκινηκὲναι</span> <span class='ocrx_word' id='word_1_631' title='bbox 2807 3103 2839 3170; x_wconf 83' lang='grc' dir='ltr'>ἡ</span> <span class='ocrx_word' id='word_1_632' title='bbox 2873 3100 3000 3170; x_wconf 75' lang='grc' dir='ltr'>ψιλὴ</span> <span class='ocrx_word' id='word_1_633' title='bbox 3036 3101 3272 3153; x_wconf 67' lang='grc' dir='ltr'>διδάσκει</span> <span class='ocrx_word' id='word_1_634' title='bbox 3323 3100 3420 3170; x_wconf 77' lang='grc' dir='ltr'>τῆς</span> <span class='ocrx_word' id='word_1_635' title='bbox 3463 3099 3501 3150; x_wconf 88' lang='grc' dir='ltr'><strong><em>Γ</em></strong></span> <span class='ocrx_word' id='word_1_636' title='bbox 3507 3099 3674 3170; x_wconf 53' lang='lat' dir='ltr'><strong>pagi;</strong></span> 
     </span>
    </p>
   </div>
   <div class='ocr_carea' id='block_1_78' title="bbox 2129 3189 3674 3262">
    <p class='ocr_par' dir='ltr' id='par_1_78' title="bbox 2129 3189 3674 3262">
     <span class='ocr_line' id='line_1_78' title="bbox 2129 3189 3674 3262; baseline 0.001 -24"><span class='ocrx_word' id='word_1_637' title='bbox 2129 3189 2362 3260; x_wconf 78' lang='grc' dir='ltr'>ἱστορία·</span> <span class='ocrx_word' id='word_1_638' title='bbox 2395 3189 2509 3252; x_wconf 84' lang='grc' dir='ltr'><strong>πῶς</strong></span> <span class='ocrx_word' id='word_1_639' title='bbox 2545 3189 2599 3242; x_wconf 80' lang='grc' dir='ltr'>δὲ</span> <span class='ocrx_word' id='word_1_640' title='bbox 2629 3189 2720 3242; x_wconf 83' lang='grc' dir='ltr'>τοῦ</span> <span class='ocrx_word' id='word_1_641' title='bbox 2751 3191 2913 3244; x_wconf 78' lang='grc' dir='ltr'>Δαυὶδ</span> <span class='ocrx_word' id='word_1_642' title='bbox 2949 3191 2980 3262; x_wconf 81' lang='grc' dir='ltr'><strong>ἢ</strong></span> <span class='ocrx_word' id='word_1_643' title='bbox 3005 3189 3094 3243; x_wconf 81' lang='grc' dir='ltr'>τοῦ</span> <span class='ocrx_word' id='word_1_644' title='bbox 3119 3189 3424 3260; x_wconf 86' lang='grc' dir='ltr'>Σολομῶνος</span> <span class='ocrx_word' id='word_1_645' title='bbox 3458 3192 3490 3260; x_wconf 78' lang='grc' dir='ltr'><strong>ἡ</strong></span> <span class='ocrx_word' id='word_1_646' title='bbox 3531 3189 3674 3259; x_wconf 80' lang='grc' dir='ltr'>βασι-</span> 
     </span>
    </p>
   </div>
   <div class='ocr_carea' id='block_1_79' title="bbox 2121 3277 3672 3351">
    <p class='ocr_par' dir='ltr' id='par_1_79' title="bbox 2121 3277 3672 3351">
     <span class='ocr_line' id='line_1_79' title="bbox 2121 3277 3672 3351; baseline -0.001 -20"><span class='ocrx_word' id='word_1_647' title='bbox 2121 3279 2238 3331; x_wconf 82' lang='grc' dir='ltr'>λεία</span> <span class='ocrx_word' id='word_1_648' title='bbox 2263 3280 2366 3342; x_wconf 78' lang='grc' dir='ltr'><strong>ἕως</strong></span> <span class='ocrx_word' id='word_1_649' title='bbox 2390 3279 2582 3343; x_wconf 85' lang='grc' dir='ltr'>αἰῶνος</span> <span class='ocrx_word' id='word_1_650' title='bbox 2607 3297 2626 3330; x_wconf 72' lang='grc' dir='ltr'>ι</span> <span class='ocrx_word' id='word_1_651' title='bbox 2667 3279 2892 3333; x_wconf 76' lang='grc' dir='ltr'>ἐνώπιον</span> <span class='ocrx_word' id='word_1_652' title='bbox 2915 3282 3041 3351; x_wconf 72' lang='grc' dir='ltr'>ἔστη</span> <span class='ocrx_word' id='word_1_653' title='bbox 3077 3280 3170 3332; x_wconf 80' lang='grc' dir='ltr'><strong>τοῦ</strong></span> <span class='ocrx_word' id='word_1_654' title='bbox 3201 3279 3354 3341; x_wconf 82' lang='grc' dir='ltr'>Θεοῦ,</span> <span class='ocrx_word' id='word_1_655' title='bbox 3386 3281 3480 3332; x_wconf 72' lang='grc' dir='ltr'><strong>καὶ</strong></span> <span class='ocrx_word' id='word_1_656' title='bbox 3505 3281 3532 3330; x_wconf 85' lang='grc' dir='ltr'><strong>ό</strong></span> <span class='ocrx_word' id='word_1_657' title='bbox 3555 3277 3672 3348; x_wconf 78' lang='grc' dir='ltr'>θρό-</span> 
     </span>
    </p>
   </div>
   <div class='ocr_carea' id='block_1_80' title="bbox 2119 3371 3670 3442">
    <p class='ocr_par' dir='ltr' id='par_1_80' title="bbox 2119 3371 3670 3442">
     <span class='ocr_line' id='line_1_80' title="bbox 2119 3371 3670 3442; baseline -0.001 -20"><span class='ocrx_word' id='word_1_658' title='bbox 2119 3387 2208 3433; x_wconf 89' lang='grc' dir='ltr'><strong>νος</strong></span> <span class='ocrx_word' id='word_1_659' title='bbox 2241 3371 2630 3440; x_wconf 84' lang='grc' dir='ltr'>ὰνωρθωμένος</span> <span class='ocrx_word' id='word_1_660' title='bbox 2667 3374 2744 3436; x_wconf 86' lang='grc' dir='ltr'><strong>είς</strong></span> <span class='ocrx_word' id='word_1_661' title='bbox 2773 3373 2862 3425; x_wconf 79' lang='grc' dir='ltr'><strong>τὸν</strong></span> <span class='ocrx_word' id='word_1_662' title='bbox 2894 3373 3079 3438; x_wconf 78' lang='grc' dir='ltr'>αἰῶνα,</span> <span class='ocrx_word' id='word_1_663' title='bbox 3113 3393 3130 3426; x_wconf 74' lang='grc' dir='ltr'><strong>ι</strong></span> <span class='ocrx_word' id='word_1_664' title='bbox 3165 3373 3303 3426; x_wconf 72' lang='grc' dir='ltr'>κατὰ</span> <span class='ocrx_word' id='word_1_665' title='bbox 3324 3371 3419 3442; x_wconf 74' lang='grc' dir='ltr'>τὴν</span> <span class='ocrx_word' id='word_1_666' title='bbox 3443 3373 3670 3440; x_wconf 74' lang='grc' dir='ltr'>φάσκου-</span> 
     </span>
    </p>
   </div>
   <div class='ocr_carea' id='block_1_81' title="bbox 2120 3461 3670 3536">
    <p class='ocr_par' dir='ltr' id='par_1_81' title="bbox 2120 3461 3670 3536">
     <span class='ocr_line' id='line_1_81' title="bbox 2120 3461 3670 3536; baseline -0.001 -22"><span class='ocrx_word' id='word_1_667' title='bbox 2120 3479 2218 3514; x_wconf 87' lang='grc' dir='ltr'><strong>σαν</strong></span> <span class='ocrx_word' id='word_1_668' title='bbox 2246 3461 2262 3532; x_wconf 93' lang='grc'>(</span> <span class='ocrx_word' id='word_1_669' title='bbox 2286 3461 2322 3515; x_wconf 77' lang='grc' dir='ltr'><strong>Γ.</strong></span> <span class='ocrx_word' id='word_1_670' title='bbox 2358 3462 2423 3515; x_wconf 79' lang='grc'><strong>15</strong></span> <span class='ocrx_word' id='word_1_671' title='bbox 2448 3465 2538 3532; x_wconf 75' lang='grc' dir='ltr'>νο)</span> <span class='ocrx_word' id='word_1_672' title='bbox 2561 3463 2790 3518; x_wconf 81' lang='grc' dir='ltr'>ἐνταῦθα</span> <span class='ocrx_word' id='word_1_673' title='bbox 2817 3465 3164 3536; x_wconf 75' lang='grc' dir='ltr'>προφητείαν,</span> <span class='ocrx_word' id='word_1_674' title='bbox 3193 3465 3285 3517; x_wconf 67' lang='grc' dir='ltr'><strong>καὶ</strong></span> <span class='ocrx_word' id='word_1_675' title='bbox 3323 3463 3462 3516; x_wconf 78' lang='grc' dir='ltr'>κατὰ</span> <span class='ocrx_word' id='word_1_676' title='bbox 3481 3462 3578 3534; x_wconf 78' lang='grc' dir='ltr'><strong>τὴν</strong></span> <span class='ocrx_word' id='word_1_677' title='bbox 3619 3465 3670 3515; x_wconf 77' lang='grc' dir='ltr'>ἐν</span> 
     </span>
    </p>
   </div>
   <div class='ocr_carea' id='block_1_82' title="bbox 2117 3545 3668 3624">
    <p class='ocr_par' dir='ltr' id='par_1_82' title="bbox 2117 3545 3668 3624">
     <span class='ocr_line' id='line_1_82' title="bbox 2117 3545 3668 3624; baseline 0.001 -22"><span class='ocrx_word' id='word_1_678' title='bbox 2117 3550 2194 3620; x_wconf 83' lang='grc' dir='ltr'><strong>τῷ</strong></span> <span class='ocrx_word' id='word_1_679' title='bbox 2221 3551 2419 3622; x_wconf 76' lang='grc' dir='ltr'>ψαλμῷ</span> <span class='ocrx_word' id='word_1_680' title='bbox 2439 3545 2540 3604; x_wconf 81' lang='grc' dir='ltr'>ῶδὲ</span> <span class='ocrx_word' id='word_1_681' title='bbox 2567 3571 2681 3616; x_wconf 87' lang='grc' dir='ltr'><strong>πως</strong></span> <span class='ocrx_word' id='word_1_682' title='bbox 2718 3555 3089 3624; x_wconf 83' lang='grc' dir='ltr'>περιέχουσαν,</span> <span class='ocrx_word' id='word_1_683' title='bbox 3129 3573 3146 3603; x_wconf 79' lang='grc' dir='ltr'><strong>ι</strong></span> <span class='ocrx_word' id='word_1_684' title='bbox 3181 3555 3388 3622; x_wconf 85' lang='grc' dir='ltr'>Ὦμοσα</span> <span class='ocrx_word' id='word_1_685' title='bbox 3416 3553 3580 3605; x_wconf 67' lang='grc' dir='ltr'>Δαυὶδ</span> <span class='ocrx_word' id='word_1_686' title='bbox 3599 3551 3668 3622; x_wconf 76' lang='grc' dir='ltr'>τῷ</span> 
     </span>
    </p>
   </div>
   <div class='ocr_carea' id='block_1_83' title="bbox 2117 3641 3668 3714">
    <p class='ocr_par' dir='ltr' id='par_1_83' title="bbox 2117 3641 3668 3714">
     <span class='ocr_line' id='line_1_83' title="bbox 2117 3641 3668 3714; baseline -0.001 -20"><span class='ocrx_word' id='word_1_687' title='bbox 2117 3641 2286 3712; x_wconf 85' lang='grc' dir='ltr'>δούλῳ</span> <span class='ocrx_word' id='word_1_688' title='bbox 2310 3661 2430 3712; x_wconf 90' lang='grc' dir='ltr'>μου.</span> <span class='ocrx_word' id='word_1_689' title='bbox 2458 3644 2602 3706; x_wconf 78' lang='grc' dir='ltr'>Ἕως</span> <span class='ocrx_word' id='word_1_690' title='bbox 2618 3643 2710 3696; x_wconf 81' lang='grc' dir='ltr'>τοῦ</span> <span class='ocrx_word' id='word_1_691' title='bbox 2733 3646 2922 3707; x_wconf 84' lang='grc' dir='ltr'>αἰῶνος</span> <span class='ocrx_word' id='word_1_692' title='bbox 2945 3644 3214 3714; x_wconf 80' lang='grc' dir='ltr'>ἑτοιμάσω</span> <span class='ocrx_word' id='word_1_693' title='bbox 3235 3645 3294 3696; x_wconf 67' lang='grc' dir='ltr'><strong>τό</strong></span> <span class='ocrx_word' id='word_1_694' title='bbox 3317 3643 3538 3714; x_wconf 80' lang='grc' dir='ltr'>σπέρμα</span> <span class='ocrx_word' id='word_1_695' title='bbox 3561 3659 3668 3700; x_wconf 87' lang='grc' dir='ltr'>σου,</span> 
     </span>
    </p>
   </div>
   <div class='ocr_carea' id='block_1_84' title="bbox 2117 3733 3664 3804">
    <p class='ocr_par' dir='ltr' id='par_1_84' title="bbox 2117 3733 3664 3804">
     <span class='ocr_line' id='line_1_84' title="bbox 2117 3733 3664 3804; baseline -0.004 -18"><span class='ocrx_word' id='word_1_696' title='bbox 2117 3734 2210 3786; x_wconf 78' lang='grc' dir='ltr'>καὶ</span> <span class='ocrx_word' id='word_1_697' title='bbox 2225 3734 2473 3804; x_wconf 70' lang='grc' dir='ltr'>οἰκοδομή</span> <span class='ocrx_word' id='word_1_698' title='bbox 2482 3751 2557 3786; x_wconf 89' lang='grc' dir='ltr'><strong>σω</strong></span> <span class='ocrx_word' id='word_1_699' title='bbox 2572 3737 2649 3796; x_wconf 90' lang='grc' dir='ltr'><strong>είς</strong></span> <span class='ocrx_word' id='word_1_700' title='bbox 2667 3733 2858 3802; x_wconf 83' lang='grc' dir='ltr'>γενεὰν</span> <span class='ocrx_word' id='word_1_701' title='bbox 2879 3735 2970 3788; x_wconf 61' lang='grc' dir='ltr'><strong>κα)⁸</strong></span> <span class='ocrx_word' id='word_1_702' title='bbox 2989 3733 3177 3802; x_wconf 81' lang='grc' dir='ltr'>γενεὰν</span> <span class='ocrx_word' id='word_1_703' title='bbox 3203 3733 3290 3785; x_wconf 80' lang='grc' dir='ltr'><strong>τὸν</strong></span> <span class='ocrx_word' id='word_1_704' title='bbox 3313 3733 3502 3804; x_wconf 85' lang='grc' dir='ltr'>θρόνον</span> <span class='ocrx_word' id='word_1_705' title='bbox 3527 3747 3636 3784; x_wconf 88' lang='grc' dir='ltr'>σου·</span> <span class='ocrx_word' id='word_1_706' title='bbox 3649 3751 3664 3780; x_wconf 77' lang='grc' dir='ltr'><strong>ι</strong></span> 
     </span>
    </p>
   </div>
   <div class='ocr_carea' id='block_1_85' title="bbox 2118 3821 3672 3895">
    <p class='ocr_par' dir='ltr' id='par_1_85' title="bbox 2118 3821 3672 3895">
     <span class='ocr_line' id='line_1_85' title="bbox 2118 3821 3672 3895; baseline -0.003 -20"><span class='ocrx_word' id='word_1_707' title='bbox 2118 3823 2212 3875; x_wconf 76' lang='grc' dir='ltr'>καὶ</span> <span class='ocrx_word' id='word_1_708' title='bbox 2245 3823 2361 3893; x_wconf 76' lang='grc' dir='ltr'>μεθ’</span> <span class='ocrx_word' id='word_1_709' title='bbox 2384 3825 2544 3895; x_wconf 72' lang='grc' dir='ltr'>ἕτερα</span> <span class='ocrx_word' id='word_1_710' title='bbox 2567 3823 2897 3892; x_wconf 83' lang='grc' dir='ltr'>φάσκουσαν,</span> <span class='ocrx_word' id='word_1_711' title='bbox 2917 3823 3128 3888; x_wconf 55' lang='lat' dir='ltr'><strong>(&quot;Arma</strong></span> <span class='ocrx_word' id='word_1_712' title='bbox 3150 3821 3336 3894; x_wconf 79' lang='grc' dir='ltr'>ὤμοσα</span> <span class='ocrx_word' id='word_1_713' title='bbox 3359 3825 3414 3874; x_wconf 77' lang='grc' dir='ltr'>ἐν</span> <span class='ocrx_word' id='word_1_714' title='bbox 3435 3822 3512 3893; x_wconf 79' lang='grc' dir='ltr'>τῷ</span> <span class='ocrx_word' id='word_1_715' title='bbox 3539 3823 3672 3890; x_wconf 70' lang='grc' dir='ltr'><strong>ἁγίῳ</strong></span> 
     </span>
    </p>
   </div>
   <div class='ocr_carea' id='block_1_86' title="bbox 2123 3913 3672 3987">
    <p class='ocr_par' dir='ltr' id='par_1_86' title="bbox 2123 3913 3672 3987">
     <span class='ocr_line' id='line_1_86' title="bbox 2123 3913 3672 3987; baseline -0.001 -21"><span class='ocrx_word' id='word_1_716' title='bbox 2123 3931 2246 3986; x_wconf 90' lang='grc' dir='ltr'>μου,</span> <span class='ocrx_word' id='word_1_717' title='bbox 2283 3917 2329 3968; x_wconf 88' lang='grc' dir='ltr'><strong>εί</strong></span> <span class='ocrx_word' id='word_1_718' title='bbox 2355 3915 2432 3986; x_wconf 87' lang='grc' dir='ltr'>τῷ</span> <span class='ocrx_word' id='word_1_719' title='bbox 2453 3916 2614 3968; x_wconf 70' lang='grc' dir='ltr'>Δαυὶδ</span> <span class='ocrx_word' id='word_1_720' title='bbox 2637 3915 2924 3987; x_wconf 78' lang='grc' dir='ltr'>ψεύσομαι.</span> <span class='ocrx_word' id='word_1_721' title='bbox 2945 3915 3017 3968; x_wconf 84' lang='grc' dir='ltr'>Τὸ</span> <span class='ocrx_word' id='word_1_722' title='bbox 3041 3916 3258 3987; x_wconf 87' lang='grc' dir='ltr'>σπέρμα</span> <span class='ocrx_word' id='word_1_723' title='bbox 3285 3914 3449 3968; x_wconf 74' lang='grc' dir='ltr'>αὐτοῦ</span> <span class='ocrx_word' id='word_1_724' title='bbox 3483 3917 3560 3976; x_wconf 80' lang='grc' dir='ltr'><strong>είς</strong></span> <span class='ocrx_word' id='word_1_725' title='bbox 3589 3913 3672 3966; x_wconf 70' lang='grc' dir='ltr'><strong>τὸν</strong></span> 
     </span>
    </p>
   </div>
   <div class='ocr_carea' id='block_1_87' title="bbox 2119 4003 3672 4078">
    <p class='ocr_par' dir='ltr' id='par_1_87' title="bbox 2119 4003 3672 4078">
     <span class='ocr_line' id='line_1_87' title="bbox 2119 4003 3672 4078; baseline -0.003 -20"><span class='ocrx_word' id='word_1_726' title='bbox 2119 4005 2288 4058; x_wconf 88' lang='grc' dir='ltr'>αίῶνα</span> <span class='ocrx_word' id='word_1_727' title='bbox 2318 4010 2484 4077; x_wconf 86' lang='grc' dir='ltr'>μενεῖ,</span> <span class='ocrx_word' id='word_1_728' title='bbox 2520 4009 2613 4061; x_wconf 78' lang='grc' dir='ltr'><strong>καὶ</strong></span> <span class='ocrx_word' id='word_1_729' title='bbox 2635 4009 2664 4059; x_wconf 86' lang='grc' dir='ltr'>ὁ</span> <span class='ocrx_word' id='word_1_730' title='bbox 2687 4007 2872 4078; x_wconf 81' lang='grc' dir='ltr'>θρόνος</span> <span class='ocrx_word' id='word_1_731' title='bbox 2897 4006 3058 4061; x_wconf 77' lang='grc' dir='ltr'>αὐτοῦ</span> <span class='ocrx_word' id='word_1_732' title='bbox 3089 4007 3164 4070; x_wconf 86' lang='grc' dir='ltr'>ὠς</span> <span class='ocrx_word' id='word_1_733' title='bbox 3186 4009 3214 4058; x_wconf 87' lang='grc' dir='ltr'>ὁ</span> <span class='ocrx_word' id='word_1_734' title='bbox 3247 4005 3396 4076; x_wconf 55' lang='grc' dir='ltr'><strong>⁴ῖίιλιος</strong></span> <span class='ocrx_word' id='word_1_735' title='bbox 3439 4003 3672 4057; x_wconf 79' lang='grc' dir='ltr'>ἐναντίον</span> 
     </span>
    </p>
   </div>
   <div class='ocr_carea' id='block_1_88' title="bbox 2120 4093 3668 4169">
    <p class='ocr_par' dir='ltr' id='par_1_88' title="bbox 2120 4093 3668 4169">
     <span class='ocr_line' id='line_1_88' title="bbox 2120 4093 3668 4169; baseline -0.004 -19"><span class='ocrx_word' id='word_1_736' title='bbox 2120 4115 2240 4169; x_wconf 93' lang='grc' dir='ltr'>μου.</span> <span class='ocrx_word' id='word_1_737' title='bbox 2287 4118 2304 4150; x_wconf 64' lang='grc' dir='ltr'><strong><em>θ</em></strong></span> <span class='ocrx_word' id='word_1_738' title='bbox 2337 4099 2444 4152; x_wconf 59' lang='grc' dir='ltr'><strong>Καὶ⁸</strong></span> <span class='ocrx_word' id='word_1_739' title='bbox 2470 4098 2630 4151; x_wconf 77' lang='grc' dir='ltr'>πάλιν</span> <span class='ocrx_word' id='word_1_740' title='bbox 2650 4115 2664 4128; x_wconf 89' lang='grc'>·</span> <span class='ocrx_word' id='word_1_741' title='bbox 2697 4117 2716 4149; x_wconf 77' lang='grc' dir='ltr'><strong>ι</strong></span> <span class='ocrx_word' id='word_1_742' title='bbox 2753 4099 2862 4151; x_wconf 72' lang='grc' dir='ltr'><strong>Καὶ</strong></span> <span class='ocrx_word' id='word_1_743' title='bbox 2891 4099 3125 4169; x_wconf 85' lang='grc' dir='ltr'>θήσομαι</span> <span class='ocrx_word' id='word_1_744' title='bbox 3149 4100 3226 4160; x_wconf 87' lang='grc' dir='ltr'><strong>είς</strong></span> <span class='ocrx_word' id='word_1_745' title='bbox 3255 4097 3344 4148; x_wconf 78' lang='grc' dir='ltr'>τὸν</span> <span class='ocrx_word' id='word_1_746' title='bbox 3381 4095 3552 4148; x_wconf 81' lang='grc' dir='ltr'>αἰῶνα</span> <span class='ocrx_word' id='word_1_747' title='bbox 3583 4093 3668 4147; x_wconf 73' lang='grc' dir='ltr'>τοῦ</span> 
     </span>
    </p>
   </div>
   <div class='ocr_carea' id='block_1_89' title="bbox 2115 4189 3670 4264">
    <p class='ocr_par' dir='ltr' id='par_1_89' title="bbox 2115 4189 3670 4264">
     <span class='ocr_line' id='line_1_89' title="bbox 2115 4189 3670 4264; baseline -0.003 -20"><span class='ocrx_word' id='word_1_748' title='bbox 2115 4191 2308 4255; x_wconf 79' lang='grc' dir='ltr'>αἰῶνος</span> <span class='ocrx_word' id='word_1_749' title='bbox 2329 4192 2389 4244; x_wconf 81' lang='grc' dir='ltr'><strong>τὸ</strong></span> <span class='ocrx_word' id='word_1_750' title='bbox 2415 4193 2634 4264; x_wconf 85' lang='grc' dir='ltr'>σπέρμα</span> <span class='ocrx_word' id='word_1_751' title='bbox 2657 4191 2842 4254; x_wconf 80' lang='grc' dir='ltr'>αὐτοῦ,</span> <span class='ocrx_word' id='word_1_752' title='bbox 2871 4191 3068 4246; x_wconf 74' lang='grc' dir='ltr'>καὶτὸν</span> <span class='ocrx_word' id='word_1_753' title='bbox 3091 4191 3274 4262; x_wconf 78' lang='grc' dir='ltr'>θρόνον</span> <span class='ocrx_word' id='word_1_754' title='bbox 3299 4191 3461 4242; x_wconf 74' lang='grc' dir='ltr'>αὑτοῦ</span> <span class='ocrx_word' id='word_1_755' title='bbox 3485 4191 3560 4252; x_wconf 84' lang='grc' dir='ltr'>ὡς</span> <span class='ocrx_word' id='word_1_756' title='bbox 3581 4189 3670 4252; x_wconf 72' lang='grc' dir='ltr'><strong>τὰς</strong></span> 
     </span>
    </p>
   </div>
   <div class='ocr_carea' id='block_1_90' title="bbox 2117 4280 3670 4354">
    <p class='ocr_par' dir='ltr' id='par_1_90' title="bbox 2117 4280 3670 4354">
     <span class='ocr_line' id='line_1_90' title="bbox 2117 4280 3670 4354; baseline -0.005 -18"><span class='ocrx_word' id='word_1_757' title='bbox 2117 4283 2326 4354; x_wconf 77' lang='grc' dir='ltr'>ἡμέρας</span> <span class='ocrx_word' id='word_1_758' title='bbox 2357 4283 2449 4336; x_wconf 83' lang='grc' dir='ltr'>τοῦ</span> <span class='ocrx_word' id='word_1_759' title='bbox 2475 4283 2720 4354; x_wconf 83' lang='grc' dir='ltr'>ούρανοῦ.</span> <span class='ocrx_word' id='word_1_760' title='bbox 2759 4301 2776 4334; x_wconf 74' lang='grc' dir='ltr'><strong>ι</strong></span> <span class='ocrx_word' id='word_1_761' title='bbox 2813 4285 2891 4338; x_wconf 78' lang='grc' dir='ltr'><strong>Τὰ</strong></span> <span class='ocrx_word' id='word_1_762' title='bbox 2933 4283 3278 4354; x_wconf 82' lang='grc' dir='ltr'>παραπλήσια</span> <span class='ocrx_word' id='word_1_763' title='bbox 3311 4281 3354 4334; x_wconf 80' lang='grc' dir='ltr'>δ’</span> <span class='ocrx_word' id='word_1_764' title='bbox 3381 4280 3446 4333; x_wconf 82' lang='grc' dir='ltr'><strong>ἂν</strong></span> <span class='ocrx_word' id='word_1_765' title='bbox 3499 4281 3670 4350; x_wconf 76' lang='grc' dir='ltr'>εὕροις</span> 
     </span>
    </p>
   </div>
   <div class='ocr_carea' id='block_1_91' title="bbox 2117 4369 3668 4443">
    <p class='ocr_par' dir='ltr' id='par_1_91' title="bbox 2117 4369 3668 4443">
     <span class='ocr_line' id='line_1_91' title="bbox 2117 4369 3668 4443; baseline -0.003 -20"><span class='ocrx_word' id='word_1_766' title='bbox 2117 4369 2210 4423; x_wconf 71' lang='grc' dir='ltr'>καὶ</span> <span class='ocrx_word' id='word_1_767' title='bbox 2233 4371 2290 4422; x_wconf 77' lang='grc' dir='ltr'><strong>ἐν</strong></span> <span class='ocrx_word' id='word_1_768' title='bbox 2317 4369 2393 4440; x_wconf 82' lang='grc' dir='ltr'>τῷ</span> <span class='ocrx_word' id='word_1_769' title='bbox 2433 4371 2688 4442; x_wconf 77' lang='grc' dir='ltr'>Ἱερεμίᾳ,</span> <span class='ocrx_word' id='word_1_770' title='bbox 2724 4371 2850 4426; x_wconf 72' lang='grc' dir='ltr'>ἔνθα</span> <span class='ocrx_word' id='word_1_771' title='bbox 2876 4371 3125 4443; x_wconf 76' lang='grc' dir='ltr'>εἴρηται,</span> <span class='ocrx_word' id='word_1_772' title='bbox 3169 4390 3188 4422; x_wconf 73' lang='grc' dir='ltr'><strong>ι</strong></span> <span class='ocrx_word' id='word_1_773' title='bbox 3226 4371 3345 4422; x_wconf 77' lang='grc' dir='ltr'>Ὀτι</span> <span class='ocrx_word' id='word_1_774' title='bbox 3379 4369 3507 4422; x_wconf 73' lang='grc' dir='ltr'>τάδε</span> <span class='ocrx_word' id='word_1_775' title='bbox 3531 4369 3668 4436; x_wconf 64' lang='grc' dir='ltr'>λέγει</span> 
     </span>
    </p>
   </div>
   <div class='ocr_carea' id='block_1_92' title="bbox 451 4459 2018 4563">
    <p class='ocr_par' dir='ltr' id='par_1_92' title="bbox 451 4461 2011 4544">
     <span class='ocr_line' id='line_1_92' title="bbox 451 4461 2011 4544; baseline 0.011 -29"><span class='ocrx_word' id='word_1_776' title='bbox 451 4479 555 4518; x_wconf 89' lang='lat' dir='ltr'><strong>non</strong></span> <span class='ocrx_word' id='word_1_777' title='bbox 585 4465 830 4521; x_wconf 87' lang='lat' dir='ltr'><strong>interibit</strong></span> <span class='ocrx_word' id='word_1_778' title='bbox 865 4469 949 4522; x_wconf 91' lang='lat' dir='ltr'><strong>vir</strong></span> <span class='ocrx_word' id='word_1_779' title='bbox 979 4485 1008 4523; x_wconf 87' lang='lat' dir='ltr'><strong>a</strong></span> <span class='ocrx_word' id='word_1_780' title='bbox 1039 4469 1177 4526; x_wconf 81' lang='lat' dir='ltr'><strong>facie</strong></span> <span class='ocrx_word' id='word_1_781' title='bbox 1219 4489 1358 4536; x_wconf 87' lang='lat' dir='ltr'><strong>mea,</strong></span> <span class='ocrx_word' id='word_1_782' title='bbox 1391 4475 1482 4544; x_wconf 88' lang='lat' dir='ltr'><strong>qui</strong></span> <span class='ocrx_word' id='word_1_783' title='bbox 1522 4475 1711 4531; x_wconf 65' lang='lat' dir='ltr'><strong>oderat</strong></span> <span class='ocrx_word' id='word_1_784' title='bbox 1747 4461 2011 4532; x_wconf 83' lang='lat' dir='ltr'><strong>holocau-</strong></span> 
     </span>
    </p>
   </div>
   <div class='ocr_carea' id='block_1_93' title="bbox 2122 4459 3672 4563">
    <p class='ocr_par' dir='ltr' id='par_1_93' title="bbox 2122 4459 3672 4536">
     <span class='ocr_line' id='line_1_93' title="bbox 2122 4459 3672 4536; baseline -0.003 -20"><span class='ocrx_word' id='word_1_785' title='bbox 2122 4461 2320 4533; x_wconf 84' lang='grc' dir='ltr'>Κύριος</span> <span class='ocrx_word' id='word_1_786' title='bbox 2345 4478 2358 4492; x_wconf 78' lang='grc' dir='ltr'><strong>ο</strong></span> <span class='ocrx_word' id='word_1_787' title='bbox 2393 4463 2504 4515; x_wconf 87' lang='grc' dir='ltr'><strong>Οὐκ</strong></span> <span class='ocrx_word' id='word_1_788' title='bbox 2525 4461 3024 4536; x_wconf 81' lang='grc' dir='ltr'>ὲξολοθρευθήσεται</span> <span class='ocrx_word' id='word_1_789' title='bbox 3043 4461 3120 4533; x_wconf 82' lang='grc' dir='ltr'>τῷ</span> <span class='ocrx_word' id='word_1_790' title='bbox 3152 4461 3311 4514; x_wconf 81' lang='grc' dir='ltr'>Δαυὶδ</span> <span class='ocrx_word' id='word_1_791' title='bbox 3342 4459 3481 4530; x_wconf 77' lang='grc' dir='ltr'>ἀνὴρ</span> <span class='ocrx_word' id='word_1_792' title='bbox 3519 4461 3672 4530; x_wconf 73' lang='grc' dir='ltr'>καθή-</span> 
     </span>
    </p>
   </div>
   <div class='ocr_carea' id='block_1_94' title="bbox 449 4557 2006 4626">
    <p class='ocr_par' dir='ltr' id='par_1_94' title="bbox 449 4557 2006 4626">
     <span class='ocr_line' id='line_1_94' title="bbox 449 4557 2006 4626; baseline 0.01 -18"><span class='ocrx_word' id='word_1_793' title='bbox 449 4562 673 4622; x_wconf 83' lang='lat' dir='ltr'><strong>tomata,</strong></span> <span class='ocrx_word' id='word_1_794' title='bbox 705 4565 759 4611; x_wconf 90' lang='lat' dir='ltr'><strong>et</strong></span> <span class='ocrx_word' id='word_1_795' title='bbox 789 4557 1042 4614; x_wconf 89' lang='lat' dir='ltr'><strong>incendat</strong></span> <span class='ocrx_word' id='word_1_796' title='bbox 1075 4563 1422 4626; x_wconf 76' lang='lat' dir='ltr'><strong>sacrificium,</strong></span> <span class='ocrx_word' id='word_1_797' title='bbox 1462 4571 1516 4620; x_wconf 89' lang='lat' dir='ltr'><strong>et</strong></span> <span class='ocrx_word' id='word_1_798' title='bbox 1545 4567 1718 4620; x_wconf 65' lang='lat' dir='ltr'><strong>caedat</strong></span> <span class='ocrx_word' id='word_1_799' title='bbox 1752 4567 2006 4623; x_wconf 88' lang='lat' dir='ltr'><strong>victimas</strong></span> 
     </span>
    </p>
   </div>
   <div class='ocr_carea' id='block_1_95' title="bbox 449 4645 2008 4724">
    <p class='ocr_par' dir='ltr' id='par_1_95' title="bbox 449 4645 2008 4724">
     <span class='ocr_line' id='line_1_95' title="bbox 449 4645 2008 4724; baseline 0.008 -28"><span class='ocrx_word' id='word_1_800' title='bbox 449 4645 703 4701; x_wconf 88' lang='lat' dir='ltr'><strong>omnibus</strong></span> <span class='ocrx_word' id='word_1_801' title='bbox 756 4647 1059 4705; x_wconf 55' lang='lat' dir='ltr'><strong>diebus‘M</strong></span> <span class='ocrx_word' id='word_1_802' title='bbox 1139 4651 1269 4720; x_wconf 67' lang='lat' dir='ltr'><strong>Quae</strong></span> <span class='ocrx_word' id='word_1_803' title='bbox 1327 4655 1372 4709; x_wconf 93' lang='lat' dir='ltr'><strong>si</strong></span> <span class='ocrx_word' id='word_1_804' title='bbox 1422 4655 1547 4724; x_wconf 89' lang='lat' dir='ltr'><strong>quis</strong></span> <span class='ocrx_word' id='word_1_805' title='bbox 1599 4655 1844 4710; x_wconf 77' lang='lat' dir='ltr'><strong>conferat</strong></span> <span class='ocrx_word' id='word_1_806' title='bbox 1883 4671 2008 4710; x_wconf 90' lang='lat' dir='ltr'><strong>cum</strong></span> 
     </span>
    </p>
   </div>
   <div class='ocr_carea' id='block_1_96' title="bbox 447 4737 2012 4816">
    <p class='ocr_par' dir='ltr' id='par_1_96' title="bbox 447 4737 2012 4816">
     <span class='ocr_line' id='line_1_96' title="bbox 447 4737 2012 4816; baseline 0.011 -29"><span class='ocrx_word' id='word_1_807' title='bbox 447 4749 714 4804; x_wconf 74' lang='lat' dir='ltr'><strong>pnesente</strong></span> <span class='ocrx_word' id='word_1_808' title='bbox 741 4737 1049 4796; x_wconf 70' lang='lat' dir='ltr'><strong>Judaaonum</strong></span> <span class='ocrx_word' id='word_1_809' title='bbox 1097 4745 1275 4806; x_wconf 85' lang='lat' dir='ltr'><strong>ruina,</strong></span> <span class='ocrx_word' id='word_1_810' title='bbox 1311 4761 1608 4816; x_wconf 88' lang='lat' dir='ltr'><strong>eorumque</strong></span> <span class='ocrx_word' id='word_1_811' title='bbox 1657 4747 1902 4803; x_wconf 87' lang='lat' dir='ltr'><strong>historiis</strong></span> <span class='ocrx_word' id='word_1_812' title='bbox 1943 4749 2012 4804; x_wconf 91' lang='lat' dir='ltr'><strong>ab</strong></span> 
     </span>
    </p>
   </div>
   <div class='ocr_carea' id='block_1_97' title="bbox 449 4827 2010 4908">
    <p class='ocr_par' dir='ltr' id='par_1_97' title="bbox 449 4827 2010 4908">
     <span class='ocr_line' id='line_1_97' title="bbox 449 4827 2010 4908; baseline 0.009 -28"><span class='ocrx_word' id='word_1_813' title='bbox 449 4827 678 4882; x_wconf 85' lang='lat' dir='ltr'><strong>Ezechia</strong></span> <span class='ocrx_word' id='word_1_814' title='bbox 706 4838 760 4884; x_wconf 90' lang='lat' dir='ltr'><strong>et</strong></span> <span class='ocrx_word' id='word_1_815' title='bbox 787 4829 1050 4886; x_wconf 81' lang='lat' dir='ltr'><strong>Jechonia</strong></span> <span class='ocrx_word' id='word_1_816' title='bbox 1093 4835 1336 4904; x_wconf 82' lang='lat' dir='ltr'><strong>regibus,</strong></span> <span class='ocrx_word' id='word_1_817' title='bbox 1367 4853 1598 4907; x_wconf 87' lang='lat' dir='ltr'><strong>quorum</strong></span> <span class='ocrx_word' id='word_1_818' title='bbox 1635 4838 1738 4892; x_wconf 90' lang='lat' dir='ltr'><strong>sub</strong></span> <span class='ocrx_word' id='word_1_819' title='bbox 1781 4839 2010 4908; x_wconf 83' lang='lat' dir='ltr'><strong>imperio</strong></span> 
     </span>
    </p>
   </div>
   <div class='ocr_carea' id='block_1_98' title="bbox 451 4919 2007 4999">
    <p class='ocr_par' dir='ltr' id='par_1_98' title="bbox 451 4919 2007 4999">
     <span class='ocr_line' id='line_1_98' title="bbox 451 4919 2007 4999; baseline 0.008 -26"><span class='ocrx_word' id='word_1_820' title='bbox 451 4919 628 4974; x_wconf 89' lang='lat' dir='ltr'><strong>deleta</strong></span> <span class='ocrx_word' id='word_1_821' title='bbox 659 4931 741 4976; x_wconf 87' lang='lat' dir='ltr'><strong>est</strong></span> <span class='ocrx_word' id='word_1_822' title='bbox 767 4919 1076 4978; x_wconf 67' lang='lat' dir='ltr'><strong>Judaaorum</strong></span> <span class='ocrx_word' id='word_1_823' title='bbox 1119 4926 1288 4996; x_wconf 79' lang='lat' dir='ltr'><strong>regia,</strong></span> <span class='ocrx_word' id='word_1_824' title='bbox 1333 4929 1400 4982; x_wconf 88' lang='lat' dir='ltr'><strong>de</strong></span> <span class='ocrx_word' id='word_1_825' title='bbox 1437 4926 1636 4982; x_wconf 87' lang='lat' dir='ltr'><strong>Davide</strong></span> <span class='ocrx_word' id='word_1_826' title='bbox 1669 4937 1812 4994; x_wconf 86' lang='lat' dir='ltr'><strong>orta,</strong></span> <span class='ocrx_word' id='word_1_827' title='bbox 1851 4938 2007 4999; x_wconf 81' lang='lat' dir='ltr'><strong>pote-</strong></span> 
     </span>
    </p>
   </div>
   <div class='ocr_carea' id='block_1_99' title="bbox 446 5013 2008 5091">
    <p class='ocr_par' dir='ltr' id='par_1_99' title="bbox 446 5013 2008 5091">
     <span class='ocr_line' id='line_1_99' title="bbox 446 5013 2008 5091; baseline 0.006 -25"><span class='ocrx_word' id='word_1_828' title='bbox 446 5020 580 5074; x_wconf 82' lang='lat' dir='ltr'><strong>stas,</strong></span> <span class='ocrx_word' id='word_1_829' title='bbox 603 5014 654 5066; x_wconf 90' lang='lat' dir='ltr'><strong>in</strong></span> <span class='ocrx_word' id='word_1_830' title='bbox 681 5013 1003 5086; x_wconf 83' lang='lat' dir='ltr'><strong>Babylonem</strong></span> <span class='ocrx_word' id='word_1_831' title='bbox 1035 5017 1364 5086; x_wconf 81' lang='lat' dir='ltr'><strong>captivitatis</strong></span> <span class='ocrx_word' id='word_1_832' title='bbox 1390 5031 1650 5089; x_wconf 88' lang='lat' dir='ltr'><strong>tempore,</strong></span> <span class='ocrx_word' id='word_1_833' title='bbox 1675 5035 1740 5076; x_wconf 80' lang='lat' dir='ltr'><strong>ex</strong></span> <span class='ocrx_word' id='word_1_834' title='bbox 1765 5037 1874 5091; x_wconf 88' lang='lat' dir='ltr'><strong>quo</strong></span> <span class='ocrx_word' id='word_1_835' title='bbox 1899 5036 2008 5075; x_wconf 91' lang='lat' dir='ltr'><strong>non</strong></span> 
     </span>
    </p>
   </div>
   <div class='ocr_carea' id='block_1_100' title="bbox 439 5104 2004 5182">
    <p class='ocr_par' dir='ltr' id='par_1_100' title="bbox 439 5104 2004 5182">
     <span class='ocr_line' id='line_1_100' title="bbox 439 5104 2004 5182; baseline 0.006 -25"><span class='ocrx_word' id='word_1_836' title='bbox 439 5104 553 5174; x_wconf 89' lang='lat' dir='ltr'><strong>jam</strong></span> <span class='ocrx_word' id='word_1_837' title='bbox 581 5105 986 5174; x_wconf 84' lang='lat' dir='ltr'><strong>imperaverunt</strong></span> <span class='ocrx_word' id='word_1_838' title='bbox 1027 5115 1120 5161; x_wconf 88' lang='lat' dir='ltr'><strong>aut</strong></span> <span class='ocrx_word' id='word_1_839' title='bbox 1149 5117 1510 5178; x_wconf 81' lang='lat' dir='ltr'><strong>regnaverunt</strong></span> <span class='ocrx_word' id='word_1_840' title='bbox 1549 5109 1768 5166; x_wconf 85' lang='lat' dir='ltr'><strong>Davidis</strong></span> <span class='ocrx_word' id='word_1_841' title='bbox 1805 5115 2004 5182; x_wconf 82' lang='lat' dir='ltr'><strong>posteri</strong></span> 
     </span>
    </p>
   </div>
   <div class='ocr_carea' id='block_1_101' title="bbox 445 5197 2010 5268">
    <p class='ocr_par' dir='ltr' id='par_1_101' title="bbox 445 5197 2010 5268">
     <span class='ocr_line' id='line_1_101' title="bbox 445 5197 2010 5268; baseline 0.006 -21"><span class='ocrx_word' id='word_1_842' title='bbox 445 5209 592 5248; x_wconf 89' lang='lat' dir='ltr'><strong>nunc</strong></span> <span class='ocrx_word' id='word_1_843' title='bbox 634 5211 842 5264; x_wconf 88' lang='lat' dir='ltr'><strong>usque;</strong></span> <span class='ocrx_word' id='word_1_844' title='bbox 891 5197 1156 5268; x_wconf 77' lang='lat' dir='ltr'><strong>intelliget</strong></span> <span class='ocrx_word' id='word_1_845' title='bbox 1189 5217 1250 5252; x_wconf 86' lang='lat' dir='ltr'><strong>ea</strong></span> <span class='ocrx_word' id='word_1_846' title='bbox 1292 5201 1438 5253; x_wconf 88' lang='lat' dir='ltr'><strong>dicta</strong></span> <span class='ocrx_word' id='word_1_847' title='bbox 1481 5201 1706 5256; x_wconf 89' lang='lat' dir='ltr'><strong>minime</strong></span> <span class='ocrx_word' id='word_1_848' title='bbox 1742 5202 1808 5256; x_wconf 88' lang='lat' dir='ltr'><strong>ad</strong></span> <span class='ocrx_word' id='word_1_849' title='bbox 1851 5203 2010 5258; x_wconf 84' lang='lat' dir='ltr'><strong>Davi-</strong></span> 
     </span>
    </p>
   </div>
   <div class='ocr_carea' id='block_1_102' title="bbox 445 5287 2008 5366">
    <p class='ocr_par' dir='ltr' id='par_1_102' title="bbox 445 5287 2008 5366">
     <span class='ocr_line' id='line_1_102' title="bbox 445 5287 2008 5366; baseline 0.007 -26"><span class='ocrx_word' id='word_1_850' title='bbox 445 5287 590 5350; x_wconf 85' lang='lat' dir='ltr'><strong>dem,</strong></span> <span class='ocrx_word' id='word_1_851' title='bbox 623 5303 800 5357; x_wconf 88' lang='lat' dir='ltr'><strong>neque</strong></span> <span class='ocrx_word' id='word_1_852' title='bbox 847 5287 911 5342; x_wconf 89' lang='lat' dir='ltr'><strong>ad</strong></span> <span class='ocrx_word' id='word_1_853' title='bbox 955 5287 1306 5346; x_wconf 89' lang='lat' dir='ltr'><strong>Salomonem</strong></span> <span class='ocrx_word' id='word_1_854' title='bbox 1361 5292 1554 5348; x_wconf 81' lang='lat' dir='ltr'><strong>referri</strong></span> <span class='ocrx_word' id='word_1_855' title='bbox 1603 5311 1781 5366; x_wconf 90' lang='lat' dir='ltr'><strong>posse.</strong></span> <span class='ocrx_word' id='word_1_856' title='bbox 1847 5296 2008 5366; x_wconf 84' lang='lat' dir='ltr'><strong>Atqui</strong></span> 
     </span>
    </p>
   </div>
   <div class='ocr_carea' id='block_1_103' title="bbox 449 5377 2008 5458">
    <p class='ocr_par' dir='ltr' id='par_1_103' title="bbox 449 5377 2008 5458">
     <span class='ocr_line' id='line_1_103' title="bbox 449 5377 2008 5458; baseline 0.006 -28"><span class='ocrx_word' id='word_1_857' title='bbox 449 5377 601 5432; x_wconf 79' lang='lat' dir='ltr'><strong>nefas</strong></span> <span class='ocrx_word' id='word_1_858' title='bbox 629 5385 714 5432; x_wconf 87' lang='lat' dir='ltr'><strong>est</strong></span> <span class='ocrx_word' id='word_1_859' title='bbox 745 5379 836 5433; x_wconf 90' lang='lat' dir='ltr'><strong>Dei</strong></span> <span class='ocrx_word' id='word_1_860' title='bbox 857 5379 1261 5448; x_wconf 65' lang='lat' dir='ltr'><strong>prmdictionem</strong></span> <span class='ocrx_word' id='word_1_861' title='bbox 1281 5383 1638 5452; x_wconf 88' lang='lat' dir='ltr'><strong>jurejurando</strong></span> <span class='ocrx_word' id='word_1_862' title='bbox 1669 5387 2008 5458; x_wconf 77' lang='lat' dir='ltr'><strong>obsignatam</strong></span> 
     </span>
    </p>
   </div>
   <div class='ocr_carea' id='block_1_104' title="bbox 447 5469 2011 5544">
    <p class='ocr_par' dir='ltr' id='par_1_104' title="bbox 447 5469 2011 5544">
     <span class='ocr_line' id='line_1_104' title="bbox 447 5469 2011 5544; baseline 0.004 -21"><span class='ocrx_word' id='word_1_863' title='bbox 447 5469 732 5524; x_wconf 88' lang='lat' dir='ltr'><strong>mendacio</strong></span> <span class='ocrx_word' id='word_1_864' title='bbox 787 5485 1035 5544; x_wconf 71' lang='lat' dir='ltr'><strong>arguere.</strong></span> <span class='ocrx_word' id='word_1_865' title='bbox 1103 5469 1159 5526; x_wconf 89' lang='lat' dir='ltr'><strong>Si</strong></span> <span class='ocrx_word' id='word_1_866' title='bbox 1209 5481 1390 5528; x_wconf 86' lang='lat' dir='ltr'><strong>autem</strong></span> <span class='ocrx_word' id='word_1_867' title='bbox 1431 5490 1614 5530; x_wconf 90' lang='lat' dir='ltr'><strong>semen</strong></span> <span class='ocrx_word' id='word_1_868' title='bbox 1665 5474 1906 5540; x_wconf 84' lang='lat' dir='ltr'><strong>Davidis,</strong></span> <span class='ocrx_word' id='word_1_869' title='bbox 1943 5475 2011 5529; x_wconf 88' lang='lat' dir='ltr'><strong>de</strong></span> 
     </span>
    </p>
   </div>
   <div class='ocr_carea' id='block_1_105' title="bbox 515 5645 2018 5720">
    <p class='ocr_par' dir='ltr' id='par_1_105' title="bbox 515 5645 2018 5720">
     <span class='ocr_line' id='line_1_105' title="bbox 515 5645 2018 5720; baseline 0.001 -19"><span class='ocrx_word' id='word_1_870' title='bbox 515 5649 558 5679; x_wconf 85' lang='grc'><strong>⁷⁷</strong></span> <span class='ocrx_word' id='word_1_871' title='bbox 601 5649 640 5702; x_wconf 89' lang='lat' dir='ltr'><strong>ll</strong></span> <span class='ocrx_word' id='word_1_872' title='bbox 686 5648 816 5720; x_wconf 75' lang='lat' dir='ltr'><strong>Reg.</strong></span> <span class='ocrx_word' id='word_1_873' title='bbox 857 5665 960 5714; x_wconf 81' lang='lat' dir='ltr'><strong>vn,</strong></span> <span class='ocrx_word' id='word_1_874' title='bbox 1025 5649 1208 5720; x_wconf 59' lang='lat'><strong>12-16.</strong></span> <span class='ocrx_word' id='word_1_875' title='bbox 1285 5649 1328 5682; x_wconf 78' lang='grc'><strong>⁷³</strong></span> <span class='ocrx_word' id='word_1_876' title='bbox 1369 5645 1523 5720; x_wconf 72' lang='lat' dir='ltr'><strong>Psal.</strong></span> <span class='ocrx_word' id='word_1_877' title='bbox 1556 5667 1826 5717; x_wconf 73' lang='lat' dir='ltr'><strong>Lxxxvm,</strong></span> <span class='ocrx_word' id='word_1_878' title='bbox 1885 5651 1974 5714; x_wconf 67' lang='lat'><strong>&#39;27,</strong></span> <span class='ocrx_word' id='word_1_879' title='bbox 2013 5657 2018 5678; x_wconf 77' lang='lat'><em>‘</em></span> 
     </span>
    </p>
   </div>
   <div class='ocr_carea' id='block_1_106' title="bbox 2122 5645 3252 5720">
    <p class='ocr_par' dir='ltr' id='par_1_106' title="bbox 2179 5647 3252 5712">
     <span class='ocr_line' id='line_1_106' title="bbox 2179 5647 3252 5712; baseline -0.007 -9"><span class='ocrx_word' id='word_1_880' title='bbox 2179 5651 2223 5682; x_wconf 83' lang='grc'><strong>⁷¹⁸</strong></span> <span class='ocrx_word' id='word_1_881' title='bbox 2263 5649 2406 5704; x_wconf 88' lang='lat' dir='ltr'><strong>Psal.</strong></span> <span class='ocrx_word' id='word_1_882' title='bbox 2451 5663 2512 5712; x_wconf 81' lang='grc' dir='ltr'>ι,</span> <span class='ocrx_word' id='word_1_883' title='bbox 2550 5649 2598 5702; x_wconf 82' lang='grc'>6.</span> <span class='ocrx_word' id='word_1_884' title='bbox 2679 5649 2725 5678; x_wconf 80' lang='grc' dir='ltr'><strong>’⁸ο</strong></span> <span class='ocrx_word' id='word_1_885' title='bbox 2765 5647 2903 5702; x_wconf 81' lang='lat' dir='ltr'><strong>Psal.</strong></span> <span class='ocrx_word' id='word_1_886' title='bbox 2973 5659 3209 5700; x_wconf 58' lang='grc' dir='ltr'>ωηατ-ιιι</span> <span class='ocrx_word' id='word_1_887' title='bbox 3236 5681 3252 5708; x_wconf 87' lang='grc'><strong>,</strong></span> 
     </span>
    </p>
   </div>
   <div class='ocr_carea' id='block_1_107' title="bbox 444 5717 1549 5782">
    <p class='ocr_par' dir='ltr' id='par_1_107' title="bbox 444 5717 1549 5782">
     <span class='ocr_line' id='line_1_107' title="bbox 444 5717 1549 5782; baseline 0.001 -10"><span class='ocrx_word' id='word_1_888' title='bbox 444 5717 532 5773; x_wconf 76' lang='lat'><strong>3‘5.</strong></span> <span class='ocrx_word' id='word_1_889' title='bbox 611 5719 656 5752; x_wconf 76' lang='grc'><strong>⁸³</strong></span> <span class='ocrx_word' id='word_1_890' title='bbox 697 5717 828 5774; x_wconf 76' lang='lat' dir='ltr'><strong>ibid.</strong></span> <span class='ocrx_word' id='word_1_891' title='bbox 865 5721 956 5776; x_wconf 76' lang='lat'><strong>30.</strong></span> <span class='ocrx_word' id='word_1_892' title='bbox 1035 5720 1078 5750; x_wconf 83' lang='lat'>”</span> <span class='ocrx_word' id='word_1_893' title='bbox 1105 5719 1214 5775; x_wconf 81' lang='lat' dir='ltr'><strong>Jer.</strong></span> <span class='ocrx_word' id='word_1_894' title='bbox 1239 5735 1428 5782; x_wconf 68' lang='lat' dir='ltr'><strong>XXXIII,</strong></span> <span class='ocrx_word' id='word_1_895' title='bbox 1467 5719 1549 5774; x_wconf 77' lang='lat' dir='ltr'><strong>i7.</strong></span> 
     </span>
    </p>
   </div>
   <div class='ocr_carea' id='block_1_108' title="bbox 2124 4553 3666 4626">
    <p class='ocr_par' dir='ltr' id='par_1_108' title="bbox 2124 4553 3666 4626">
     <span class='ocr_line' id='line_1_108' title="bbox 2124 4553 3666 4626; baseline -0.001 -20"><span class='ocrx_word' id='word_1_896' title='bbox 2124 4571 2281 4624; x_wconf 82' lang='grc' dir='ltr'>μενος</span> <span class='ocrx_word' id='word_1_897' title='bbox 2301 4557 2392 4608; x_wconf 74' lang='grc' dir='ltr'>ἐπὶ</span> <span class='ocrx_word' id='word_1_898' title='bbox 2414 4554 2604 4626; x_wconf 87' lang='grc' dir='ltr'>θρόνου</span> <span class='ocrx_word' id='word_1_899' title='bbox 2633 4557 2779 4609; x_wconf 84' lang='grc' dir='ltr'>οίκου</span> <span class='ocrx_word' id='word_1_900' title='bbox 2811 4556 3024 4626; x_wconf 87' lang='grc' dir='ltr'>Ἰσραήλ</span> <span class='ocrx_word' id='word_1_901' title='bbox 3044 4571 3057 4584; x_wconf 87' lang='grc'><strong>·</strong></span> <span class='ocrx_word' id='word_1_902' title='bbox 3085 4555 3176 4608; x_wconf 82' lang='grc' dir='ltr'><strong>καὶ</strong></span> <span class='ocrx_word' id='word_1_903' title='bbox 3199 4558 3308 4618; x_wconf 90' lang='grc' dir='ltr'>τοῖς</span> <span class='ocrx_word' id='word_1_904' title='bbox 3347 4553 3550 4624; x_wconf 74' lang='grc' dir='ltr'>ἱερεῦσι</span> <span class='ocrx_word' id='word_1_905' title='bbox 3581 4555 3666 4604; x_wconf 73' lang='grc' dir='ltr'><strong>καὶ</strong></span> 
     </span>
    </p>
   </div>
   <div class='ocr_carea' id='block_1_109' title="bbox 2116 4645 3666 4722">
    <p class='ocr_par' dir='ltr' id='par_1_109' title="bbox 2116 4645 3666 4722">
     <span class='ocr_line' id='line_1_109' title="bbox 2116 4645 3666 4722; baseline -0.005 -20"><span class='ocrx_word' id='word_1_906' title='bbox 2116 4653 2226 4714; x_wconf 82' lang='grc' dir='ltr'>τοῖς</span> <span class='ocrx_word' id='word_1_907' title='bbox 2250 4651 2498 4714; x_wconf 82' lang='grc' dir='ltr'>Λευίταις</span> <span class='ocrx_word' id='word_1_908' title='bbox 2515 4649 2610 4704; x_wconf 82' lang='grc' dir='ltr'><strong>οὐκ</strong></span> <span class='ocrx_word' id='word_1_909' title='bbox 2631 4649 2810 4715; x_wconf 83' lang='grc' dir='ltr'>ὲξολοθ</span> <span class='ocrx_word' id='word_1_910' title='bbox 2820 4650 3132 4722; x_wconf 85' lang='grc' dir='ltr'>ρευθήσεται</span> <span class='ocrx_word' id='word_1_911' title='bbox 3151 4649 3288 4720; x_wconf 78' lang='grc' dir='ltr'>ἀνὴρ</span> <span class='ocrx_word' id='word_1_912' title='bbox 3302 4650 3364 4700; x_wconf 81' lang='grc' dir='ltr'>ἐκ</span> <span class='ocrx_word' id='word_1_913' title='bbox 3385 4645 3666 4717; x_wconf 74' lang='grc' dir='ltr'>προσώπου</span> 
     </span>
    </p>
   </div>
   <div class='ocr_carea' id='block_1_110' title="bbox 2120 4739 3666 4812">
    <p class='ocr_par' dir='ltr' id='par_1_110' title="bbox 2120 4739 3666 4812">
     <span class='ocr_line' id='line_1_110' title="bbox 2120 4739 3666 4812; baseline -0.003 -20"><span class='ocrx_word' id='word_1_914' title='bbox 2120 4757 2246 4810; x_wconf 87' lang='grc' dir='ltr'>μου,</span> <span class='ocrx_word' id='word_1_915' title='bbox 2285 4741 2569 4812; x_wconf 81' lang='grc' dir='ltr'>ἀναφέρων</span> <span class='ocrx_word' id='word_1_916' title='bbox 2596 4741 3039 4812; x_wconf 86' lang='grc' dir='ltr'>ὁλοκαυτώματα,</span> <span class='ocrx_word' id='word_1_917' title='bbox 3063 4741 3157 4794; x_wconf 73' lang='grc' dir='ltr'><strong>καὶ</strong></span> <span class='ocrx_word' id='word_1_918' title='bbox 3185 4741 3324 4794; x_wconf 85' lang='grc' dir='ltr'>θύων</span> <span class='ocrx_word' id='word_1_919' title='bbox 3353 4739 3542 4793; x_wconf 79' lang='grc' dir='ltr'>θυσίαν</span> <span class='ocrx_word' id='word_1_920' title='bbox 3581 4739 3666 4790; x_wconf 72' lang='grc' dir='ltr'><strong>καί</strong></span> 
     </span>
    </p>
   </div>
   <div class='ocr_carea' id='block_1_111' title="bbox 2119 4830 3664 4903">
    <p class='ocr_par' dir='ltr' id='par_1_111' title="bbox 2119 4830 3664 4903">
     <span class='ocr_line' id='line_1_111' title="bbox 2119 4830 3664 4903; baseline -0.002 -19"><span class='ocrx_word' id='word_1_921' title='bbox 2119 4831 2286 4884; x_wconf 87' lang='grc' dir='ltr'>ποιῶν</span> <span class='ocrx_word' id='word_1_922' title='bbox 2322 4832 2567 4903; x_wconf 87' lang='grc' dir='ltr'>θυμίαμα</span> <span class='ocrx_word' id='word_1_923' title='bbox 2617 4833 2794 4895; x_wconf 83' lang='grc' dir='ltr'>πάσας</span> <span class='ocrx_word' id='word_1_924' title='bbox 2831 4833 2926 4894; x_wconf 83' lang='grc' dir='ltr'>τὰς</span> <span class='ocrx_word' id='word_1_925' title='bbox 2952 4832 3180 4902; x_wconf 80' lang='grc' dir='ltr'>ἡμέρας.</span> <span class='ocrx_word' id='word_1_926' title='bbox 3217 4851 3234 4882; x_wconf 73' lang='grc' dir='ltr'><strong>ι</strong></span> <span class='ocrx_word' id='word_1_927' title='bbox 3263 4830 3446 4884; x_wconf 79' lang='grc' dir='ltr'>Ταῦτα</span> <span class='ocrx_word' id='word_1_928' title='bbox 3483 4831 3589 4900; x_wconf 76' lang='grc' dir='ltr'>γὰρ</span> <span class='ocrx_word' id='word_1_929' title='bbox 3621 4831 3664 4882; x_wconf 81' lang='grc' dir='ltr'>εἰ</span> 
     </span>
    </p>
   </div>
   <div class='ocr_carea' id='block_1_112' title="bbox 2119 4923 3660 4998">
    <p class='ocr_par' dir='ltr' id='par_1_112' title="bbox 2119 4923 3660 4998">
     <span class='ocr_line' id='line_1_112' title="bbox 2119 4923 3660 4998; baseline -0.003 -20"><span class='ocrx_word' id='word_1_930' title='bbox 2119 4923 2455 4990; x_wconf 76' lang='grc' dir='ltr'>συνεξετὰζοι</span> <span class='ocrx_word' id='word_1_931' title='bbox 2484 4943 2564 4990; x_wconf 90' lang='grc' dir='ltr'><strong>τις</strong></span> <span class='ocrx_word' id='word_1_932' title='bbox 2602 4929 2666 4996; x_wconf 78' lang='grc' dir='ltr'>τῇ</span> <span class='ocrx_word' id='word_1_933' title='bbox 2693 4943 2750 4978; x_wconf 81' lang='grc' dir='ltr'><strong>τε</strong></span> <span class='ocrx_word' id='word_1_934' title='bbox 2783 4926 3028 4998; x_wconf 74' lang='grc' dir='ltr'>παρούσῃ</span> <span class='ocrx_word' id='word_1_935' title='bbox 3051 4924 3160 4978; x_wconf 90' lang='grc' dir='ltr'><strong>τῶν</strong></span> <span class='ocrx_word' id='word_1_936' title='bbox 3203 4925 3468 4978; x_wconf 75' lang='grc' dir='ltr'>Ἰουδαίων</span> <span class='ocrx_word' id='word_1_937' title='bbox 3507 4939 3660 4976; x_wconf 83' lang='grc' dir='ltr'>κατα-</span> 
     </span>
    </p>
   </div>
   <div class='ocr_carea' id='block_1_113' title="bbox 2118 5013 3664 5086">
    <p class='ocr_par' dir='ltr' id='par_1_113' title="bbox 2118 5013 3664 5086">
     <span class='ocr_line' id='line_1_113' title="bbox 2118 5013 3664 5086; baseline -0.005 -15"><span class='ocrx_word' id='word_1_938' title='bbox 2118 5018 2304 5071; x_wconf 79' lang='grc' dir='ltr'>στάσει</span> <span class='ocrx_word' id='word_1_939' title='bbox 2327 5019 2418 5069; x_wconf 70' lang='lat' dir='ltr'><strong>xui.</strong></span> <span class='ocrx_word' id='word_1_940' title='bbox 2442 5021 2560 5079; x_wconf 88' lang='grc' dir='ltr'>ταῖς</span> <span class='ocrx_word' id='word_1_941' title='bbox 2583 5019 2700 5070; x_wconf 85' lang='grc' dir='ltr'>κατ’</span> <span class='ocrx_word' id='word_1_942' title='bbox 2735 5019 2928 5081; x_wconf 85' lang='grc' dir='ltr'>αὐτοὺς</span> <span class='ocrx_word' id='word_1_943' title='bbox 2967 5015 3225 5086; x_wconf 79' lang='grc' dir='ltr'>ἱστορίαις</span> <span class='ocrx_word' id='word_1_944' title='bbox 3247 5017 3352 5070; x_wconf 85' lang='grc' dir='ltr'>ἀπὸ</span> <span class='ocrx_word' id='word_1_945' title='bbox 3375 5017 3476 5082; x_wconf 68' lang='grc' dir='ltr'>τῆς</span> <span class='ocrx_word' id='word_1_946' title='bbox 3527 5013 3664 5078; x_wconf 76' lang='grc' dir='ltr'><strong>Ἐζε·</strong></span> 
     </span>
    </p>
   </div>
   <div class='ocr_carea' id='block_1_114' title="bbox 2116 5105 3662 5178">
    <p class='ocr_par' dir='ltr' id='par_1_114' title="bbox 2116 5105 3662 5178">
     <span class='ocr_line' id='line_1_114' title="bbox 2116 5105 3662 5178; baseline -0.005 -17"><span class='ocrx_word' id='word_1_947' title='bbox 2116 5108 2235 5161; x_wconf 89' lang='grc' dir='ltr'>κίου</span> <span class='ocrx_word' id='word_1_948' title='bbox 2257 5109 2350 5161; x_wconf 78' lang='grc' dir='ltr'><strong>καὶ</strong></span> <span class='ocrx_word' id='word_1_949' title='bbox 2383 5109 2628 5178; x_wconf 84' lang='grc' dir='ltr'>Ἰεχονίου</span> <span class='ocrx_word' id='word_1_950' title='bbox 2657 5107 2948 5176; x_wconf 80' lang='grc' dir='ltr'>βασιλείας,</span> <span class='ocrx_word' id='word_1_951' title='bbox 2985 5107 3103 5160; x_wconf 75' lang='grc' dir='ltr'>καθ’</span> <span class='ocrx_word' id='word_1_952' title='bbox 3133 5106 3224 5169; x_wconf 79' lang='grc' dir='ltr'><strong>οὓς</strong></span> <span class='ocrx_word' id='word_1_953' title='bbox 3248 5107 3280 5176; x_wconf 81' lang='grc' dir='ltr'>ἡ</span> <span class='ocrx_word' id='word_1_954' title='bbox 3305 5108 3368 5158; x_wconf 84' lang='grc' dir='ltr'>ὲκ</span> <span class='ocrx_word' id='word_1_955' title='bbox 3395 5105 3552 5158; x_wconf 77' lang='grc' dir='ltr'><strong>Δαυίδ</strong></span> <span class='ocrx_word' id='word_1_956' title='bbox 3581 5120 3662 5155; x_wconf 82' lang='grc' dir='ltr'>πε-</span> 
     </span>
    </p>
   </div>
   <div class='ocr_carea' id='block_1_115' title="bbox 2121 5191 3662 5272">
    <p class='ocr_par' dir='ltr' id='par_1_115' title="bbox 2121 5191 3662 5272">
     <span class='ocr_line' id='line_1_115' title="bbox 2121 5191 3662 5272; baseline -0.006 -18"><span class='ocrx_word' id='word_1_957' title='bbox 2121 5201 2384 5272; x_wconf 80' lang='grc' dir='ltr'>ριεγράφη</span> <span class='ocrx_word' id='word_1_958' title='bbox 2411 5200 2516 5254; x_wconf 90' lang='grc' dir='ltr'><strong>τῶν</strong></span> <span class='ocrx_word' id='word_1_959' title='bbox 2551 5201 2815 5254; x_wconf 85' lang='grc' dir='ltr'>Ἰουδαίων</span> <span class='ocrx_word' id='word_1_960' title='bbox 2843 5199 3081 5270; x_wconf 86' lang='grc' dir='ltr'>βασιλεία</span> <span class='ocrx_word' id='word_1_961' title='bbox 3111 5201 3168 5251; x_wconf 79' lang='grc' dir='ltr'>ὲν</span> <span class='ocrx_word' id='word_1_962' title='bbox 3187 5197 3263 5266; x_wconf 84' lang='grc' dir='ltr'>τῷ</span> <span class='ocrx_word' id='word_1_963' title='bbox 3283 5199 3378 5267; x_wconf 80' lang='grc' dir='ltr'><strong>τῆς</strong></span> <span class='ocrx_word' id='word_1_964' title='bbox 3399 5201 3478 5258; x_wconf 85' lang='grc' dir='ltr'><strong>είς</strong></span> <span class='ocrx_word' id='word_1_965' title='bbox 3507 5191 3662 5246; x_wconf 75' lang='grc' dir='ltr'>Βαϐυ-</span> 
     </span>
    </p>
   </div>
   <div class='ocr_carea' id='block_1_116' title="bbox 2115 5285 3656 5364">
    <p class='ocr_par' dir='ltr' id='par_1_116' title="bbox 2115 5285 3656 5364">
     <span class='ocr_line' id='line_1_116' title="bbox 2115 5285 3656 5364; baseline -0.005 -18"><span class='ocrx_word' id='word_1_966' title='bbox 2115 5294 2258 5347; x_wconf 87' lang='grc' dir='ltr'>λῶνα</span> <span class='ocrx_word' id='word_1_967' title='bbox 2283 5291 2654 5364; x_wconf 79' lang='grc' dir='ltr'>αἰχμαλωσίας</span> <span class='ocrx_word' id='word_1_968' title='bbox 2682 5293 2878 5362; x_wconf 83' lang='grc' dir='ltr'>καιρῷ,</span> <span class='ocrx_word' id='word_1_969' title='bbox 2925 5290 3040 5361; x_wconf 83' lang='grc' dir='ltr'>μεθ’</span> <span class='ocrx_word' id='word_1_970' title='bbox 3072 5290 3131 5343; x_wconf 81' lang='grc' dir='ltr'><strong>δν</strong></span> <span class='ocrx_word' id='word_1_971' title='bbox 3177 5289 3422 5358; x_wconf 72' lang='grc' dir='ltr'>οὐδαμῶς</span> <span class='ocrx_word' id='word_1_972' title='bbox 3465 5285 3656 5356; x_wconf 65' lang='grc' dir='ltr'>ᾕρχθη-</span> 
     </span>
    </p>
   </div>
   <div class='ocr_carea' id='block_1_117' title="bbox 2118 5379 3655 5454">
    <p class='ocr_par' dir='ltr' id='par_1_117' title="bbox 2118 5379 3655 5454">
     <span class='ocr_line' id='line_1_117' title="bbox 2118 5379 3655 5454; baseline -0.008 -18"><span class='ocrx_word' id='word_1_973' title='bbox 2118 5401 2216 5436; x_wconf 89' lang='grc' dir='ltr'><strong>σαν</strong></span> <span class='ocrx_word' id='word_1_974' title='bbox 2243 5383 2275 5454; x_wconf 80' lang='grc' dir='ltr'>ἢ</span> <span class='ocrx_word' id='word_1_975' title='bbox 2307 5381 2728 5453; x_wconf 75' lang='grc' dir='ltr'>ὲῦασιλεύθησαν</span> <span class='ocrx_word' id='word_1_976' title='bbox 2753 5382 2855 5434; x_wconf 85' lang='grc' dir='ltr'><strong>ὑπὸ</strong></span> <span class='ocrx_word' id='word_1_977' title='bbox 2879 5381 2985 5434; x_wconf 88' lang='grc' dir='ltr'><strong>τῶν</strong></span> <span class='ocrx_word' id='word_1_978' title='bbox 3011 5383 3074 5434; x_wconf 86' lang='grc' dir='ltr'>ἐκ</span> <span class='ocrx_word' id='word_1_979' title='bbox 3123 5381 3284 5433; x_wconf 78' lang='grc' dir='ltr'>Δαυὶδ</span> <span class='ocrx_word' id='word_1_980' title='bbox 3329 5379 3655 5446; x_wconf 83' lang='grc' dir='ltr'>καταγόντων</span> 
     </span>
    </p>
   </div>
   <div class='ocr_carea' id='block_1_118' title="bbox 2114 5463 3654 5544">
    <p class='ocr_par' dir='ltr' id='par_1_118' title="bbox 2114 5463 3654 5544">
     <span class='ocr_line' id='line_1_118' title="bbox 2114 5463 3654 5544; baseline -0.008 -15"><span class='ocrx_word' id='word_1_981' title='bbox 2114 5475 2173 5528; x_wconf 83' lang='grc' dir='ltr'>τὸ</span> <span class='ocrx_word' id='word_1_982' title='bbox 2202 5476 2358 5544; x_wconf 80' lang='grc' dir='ltr'>γένος</span> <span class='ocrx_word' id='word_1_983' title='bbox 2383 5477 2460 5538; x_wconf 83' lang='grc' dir='ltr'><strong>είς</strong></span> <span class='ocrx_word' id='word_1_984' title='bbox 2483 5473 2584 5534; x_wconf 82' lang='grc' dir='ltr'>ἔτι,</span> <span class='ocrx_word' id='word_1_985' title='bbox 2617 5475 2698 5527; x_wconf 84' lang='grc' dir='ltr'><strong>δτι</strong></span> <span class='ocrx_word' id='word_1_986' title='bbox 2729 5471 2990 5543; x_wconf 88' lang='grc' dir='ltr'>μηδαμῶς</span> <span class='ocrx_word' id='word_1_987' title='bbox 3010 5473 3234 5542; x_wconf 73' lang='grc' dir='ltr'>ἁρμόζει</span> <span class='ocrx_word' id='word_1_988' title='bbox 3260 5471 3376 5540; x_wconf 72' lang='grc' dir='ltr'>ἦτοι</span> <span class='ocrx_word' id='word_1_989' title='bbox 3405 5469 3480 5538; x_wconf 77' lang='grc' dir='ltr'>τῷ</span> <span class='ocrx_word' id='word_1_990' title='bbox 3509 5463 3654 5520; x_wconf 75' lang='grc' dir='ltr'>Δαυὶδ</span> 
     </span>
    </p>
   </div>
   <div class='ocr_carea' id='block_1_119' title="bbox 3319 5639 3644 5698">
    <p class='ocr_par' dir='ltr' id='par_1_119' title="bbox 3319 5639 3644 5698">
     <span class='ocr_line' id='line_1_119' title="bbox 3319 5639 3644 5698; baseline -0.028 0"><span class='ocrx_word' id='word_1_991' title='bbox 3319 5645 3370 5698; x_wconf 80' lang='lat'><strong>5.</strong></span> <span class='ocrx_word' id='word_1_992' title='bbox 3447 5643 3488 5674; x_wconf 83' lang='grc'><strong>³⁸</strong></span> <span class='ocrx_word' id='word_1_993' title='bbox 3531 5639 3644 5696; x_wconf 85' lang='lat' dir='ltr'><strong>ibid.</strong></span> 
     </span>
    </p>
   </div>
  </div>
