3954 6510
192 373 320 431 1081

1212 369 1507 428 ECLOGA!)
1542 365 2021 427 PROPHETICE.
2060 397 2130 407 -
2167 364 2296 421 LIB.
2336 364 2379 418 l.

3295 358 3439 413 108‘!

183 495 219 567 ἢ
247 493 340 554 αἱ
375 489 456 561 τῷ
495 488 765 560 Σολομῶνι
803 486 872 542 τά
898 486 1222 558 λελεγμένα,
1250 488 1325 553 ὡς
1342 487 1401 554 ἐξ
1439 487 1680 556 ἀνάγκης
1724 483 1738 537 ἐ

1863 498 1973 553 quo
2003 482 2092 537 hic
2133 482 2338 536 mentio
2375 479 2629 543 habetur,
2682 476 2748 532 ad
2810 475 3087 533 Christum
3129 477 3429 532 secundum

186 585 260 657 μὴ
311 583 471 654 θέμις
511 581 683 652 ψευδῆ
718 578 1088 651 διελέγχεσθαι
1132 578 1448 650 συμϐαίνειν
1492 577 1591 647 τὴν
1633 574 1751 647 μεθ’

180 678 357 749 ὅρκων
387 673 479 730 τοῦ
516 673 651 728 Θεοῦ
676 674 1011 747 πρόρῥησιν·
1050 672 1104 724 εῐ
1136 687 1197 739 γε
1244 670 1351 742 μὴν
1390 667 1754 739 ἀναφέρωμεν

177 768 238 821 τὸ
283 766 578 839 λεγόμενον
617 764 712 818 τοῦ
746 765 912 820 Δαυὶδ
947 764 1166 835 σπέρμα
1199 763 1292 815 ἐπὶ
1339 761 1432 814 τὸν
1490 759 1548 827 ἐξ
1589 758 1751 812 αὑτοῦ

179 860 317 914 κατὰ
350 860 530 931 σάρκα
558 857 848 928 γενόμενον
883 855 1138 929 Χριστὸν,
1188 854 1354 925 σαφὲς
1382 854 1498 918 πῶς
1524 856 1604 918 εἰς
1661 852 1753 906 τὸν

172 953 348 1006 αἰῶνα
373 950 532 1004 τοῦτο
562 949 621 1003 τὸ
654 949 896 1023 σπέρμα,
921 947 1063 1001 τοῦτ’
1105 946 1249 1000 ἔστιν
1275 947 1304 1000 6
1336 945 1598 1019 Χριστὸς,
1636 943 1753 997 δια-

174 1048 352 1117 μενεῖ,
392 1042 623 1107 καὶπῶς
659 1045 687 1097 6
708 1042 896 1115 θρόνος
918 1039 1082 1094 αὑτοῦ
1106 1039 1198 1093 καὶ
1226 1042 1258 1112 ἡ
1289 1038 1629 1111 πνευματικὴ
1658 1036 1753 1108 βα-

170 1137 350 1191 σιλεία
376 1136 479 1202 ἕως
499 1135 692 1198 αἰῶνος
711 1131 939 1187 ἐνώπιον
960 1133 1195 1204 ὑπάρχει
1218 1130 1313 1184 τοῦ
1342 1129 1575 1201 Πατρὸς,
1600 1129 1751 1200 ἀνορ-

166 1229 432 1301 θούμενος
463 1229 553 1282 ὑπ’
575 1225 737 1280 αὑτοῦ
771 1226 864 1279 καὶ
910 1222 1423 1295 ἀνοικοδομούμενος
1470 1220 1610 1274 κατά
1654 1236 1748 1289 γε-

166 1321 297 1373 νεὰν
322 1322 416 1374 καὶ
438 1316 632 1388 γενεὰν
668 1319 725 1371 έν
752 1319 872 1380 ταῖς
916 1315 1025 1369 τῶν
1077 1314 1438 1368 πιστευόντων
1472 1313 1557 1365 ἐπ’
1587 1312 1748 1365 αὐτὸν

164 1418 391 1487 ψυχαῖς.
417 1415 620 1467 Τούτου
651 1410 706 1463 δὲ
730 1410 820 1464 τοῦ
850 1408 1242 1479 ἀποδεδομένον
1270 1409 1399 1479 ἡμῖν
1435 1406 1749 1478 σπέρματος

162 1509 335 1566 Δαυὶδ
354 1507 601 1578 διαμενεῖ
638 1507 665 1558 ό
694 1503 898 1575 θρόνος,
935 1501 1011 1564 ὡς
1041 1503 1069 1553 ὁ
1092 1500 1193 1571 τῆς
1229 1497 1574 1569 δικαιοσύνης
1599 1497 1748 1568 ἥλιος

164 1603 411 1656 ἐναντίον
435 1599 529 1669 τοῦ
562 1597 794 1669 Πατρός,
826 1596 919 1648 καὶ
938 1594 1013 1657 ὡς
1035 1594 1090 1646 αί
1117 1595 1322 1663 ἡμέραι
1355 1591 1447 1645 τοῦ
1478 1589 1707 1663 οὐρανοῦ
1731 1606 1745 1619 ο

159 1694 245 1749 διὸ
267 1693 406 1765 πρὸς
446 1668 606 1745 αὐτὸν
633 1668 737 1742 ὑπὸ
764 1688 857 1742 τοῦ
904 1686 1061 1756 ἁγίου
1094 1685 1413 1755 Πνεύματος
1464 1686 1521 1737 έν
1571 1683 1743 1755 ἑτέρῳ

1860 591 2081 631 carnem
2137 590 2204 630 ex
2252 590 2319 630 eo
2369 581 2556 628 natum
2628 569 3001 633 attribuimus,
3042 576 3228 639 aperte
3283 576 3430 638 patet

1861 670 2136 741 quomodo
2170 651 2247 726 in.
2280 669 2480 727 sacula
2512 683 2698 723 semen
2741 666 2900 731 illud,
2936 665 2990 721 id
3024 663 3105 720 est
3151 662 3428 729 Christus,

1861 769 2199 832 permaneat,
2254 771 2311 819 et
2364 762 2637 832 quomodo
2671 762 2907 815 thronus
2944 759 3064 828 ejus
3090 773 3154 812 ac
3185 757 3430 827 spiritale

1858 869 2085 927 regnum
2121 865 2225 911 stet
2256 869 2433 925 usque
2462 855 2515 908 in
2547 861 2815 909 aeternum
2850 860 2976 907 ante
3010 851 3202 906 faciem
3226 847 3427 913 Patris.

1853 948 1924 1002 ab
1970 962 2036 1002 eo
2086 946 2357 1002 firmatum
2417 946 2856 1016 aadiilcatumque
2904 945 2958 999 in
3023 942 3426 1014 generationem

1853 1047 1907 1093 et
1934 1040 2343 1111 generationem
2380 1039 2434 1094 in
2481 1054 2669 1095 eorum
2722 1040 2921 1093 animis
2961 1039 3053 1107 qui
3104 1037 3333 1091 credunt
3369 1035 3424 1089 iu

1851 1147 1998 1186 eum.
2032 1118 2182 1186 'Dato
2237 1132 2383 1187 enim
2420 1132 2579 1187 nobis
2613 1131 2717 1187 hoc
2754 1131 2976 1187 Davidis
3025 1131 3252 1192 semine,
3301 1143 3428 1201 per-

1853 1230 2035 1276 manet
2070 1223 2325 1286 thronus,
2359 1229 2421 1275 ut
2444 1222 2680 1291 justitia:
2726 1223 2810 1280 sol
2848 1231 2972 1277 ante
3006 1222 3197 1277 faciem
3220 1221 3422 1286 Patris,

1850 1321 1905 1367 et
1940 1320 1999 1367 ut
2045 1314 2167 1370 (ταιιί
2218 1313 2357 1369 dies.
2410 1312 2536 1368 ldeo
2596 1313 2663 1367 ad
2704 1328 2827 1368 eum
2878 1329 2908 1367 a
2969 1322 3162 1368 sancto
3215 1311 3425 1383 Spiritu

1850 1407 1904 1458 in
1934 1406 2041 1460 alio
2082 1406 2292 1475 psalmo
2326 1405 2534 1459 dictum
2577 1413 2698 1461 est:
2756 1404 2967 1461 «Sedes
3010 1413 3126 1469 tua,
3170 1404 3334 1470 Deus,
3367 1406 3425 1460 in

1857 1498 2115 1552 saeculum
2145 1498 2327 1552 saeculi
2355 1516 2368 1552 :
2396 1498 2550 1567 virga
2581 1497 2928 1562 directionis,
2960 1499 3112 1568 virga
3139 1500 3289 1569 regni
3321 1500 3420 1557 tui.

1850 1588 2099 1644 Dilexisti
2117 1587 2412 1658 justitiam,
2442 1597 2495 1643 et
2529 1587 2694 1645 odisti
2722 1588 3094 1665 iniquitatem:
3137 1598 3423 1660 propterea

1849 1683 2006 1735 unxit
2051 1690 2103 1737 te
2143 1681 2311 1749 Deus,
2362 1681 2507 1737 Deus
2550 1688 2700 1746 tuus,
2746 1682 2868 1736 oleo
2907 1681 3108 1738 laetitia:
3148 1698 3260 1752 prae
3290 1697 3424 1737 con-

156 1785 366 1858 ψαλμῷ
385 1784 631 1840 λέλεκται
647 1798 660 1813 ⁸
692 1803 709 1835 ι
734 1785 791 1835 Ὁ
812 1781 999 1855 θρόνος
1018 1798 1129 1845 σου,
1148 1782 1177 1833 6
1199 1779 1351 1843 Θεὸς,
1370 1780 1448 1842 εἰς
1465 1777 1556 1830 τὸν
1572 1777 1738 1830 αἰῶνα

1853 1775 2096 1830 sortibus
2128 1776 2237 1830 tuis
2256 1775 2356 1827 ⁸⁸.»
2409 1773 2666 1829 Christus
2712 1788 2839 1829 vero
2868 1774 3090 1829 domum
3116 1773 3417 1831 Ecclesiam

154 1877 257 1929 τοῦ
305 1874 504 1939 αἰῶνος
528 1917 543 1940 ,
573 1873 765 1945 ῥάϐδος
795 1872 1085 1942 εὐθύτητος
1140 1873 1175 1942 ἡ
1233 1869 1427 1941 ῥάϐδος
1454 1868 1553 1940 τῆς
1594 1868 1744 1938 βασι-

152 1970 312 2033 ὴίας
370 1986 486 2022 σου.
552 1967 875 2037 Ἠγάπησας
935 1962 1277 2035 δικαιοσύνην
1324 1962 1417 2016 καὶ
1475 1962 1741 2033 ἐμίσησας

151 2061 420 2131 ἀνομίαν,
435 2059 524 2115 διὰ
544 2058 700 2112 τοῦτο
724 2056 907 2130 ἐχρισέ
942 2074 999 2109 σε
1021 2059 1049 2110 ὀ
1070 2055 1200 2119 Θεὸς
1219 2058 1247 2109 6
1279 2054 1411 2118 Θεὸς
1434 2071 1526 2108 σου
1566 2053 1745 2106 έλαιον

152 2152 540 2223 ἀγαλλιάσεως
584 2150 736 2222 παρά
796 2153 920 2213 τοὺς
976 2149 1233 2220 μετόχους
1275 2166 1387 2203 σου.
1451 2168 1469 2199 ›
1516 2148 1573 2201 Ὁ
1609 2148 1741 2218 Χρι-

149 2242 285 2305 στὸς
312 2242 370 2296 δὲ
394 2244 488 2296 καὶ
521 2241 667 2295 οἰκον
695 2243 792 2311 τὴν
832 2240 1154 2311 Ἐκκλησίαν
1184 2239 1503 2310 οἰκοδόμησε
1524 2238 1602 2310 τῷ
1626 2240 1741 2292 Πα-

145 2331 247 2403 cp".
272 2333 339 2383 ὲκ
364 2330 526 2383 λίθων
550 2329 765 2395 ζώντων
797 2330 890 2384 καὶ
910 2348 993 2384 νοε
1003 2332 1130 2401 ρῶν,
1158 2330 1329 2400 ἁγίων
1352 2330 1446 2383 καί
1467 2330 1740 2401 έναρέτων

144 2423 370 2494 ψυχῶν,
403 2424 529 2476 ναὸν
564 2426 782 2498 ἐγείρας
811 2424 944 2480 πολὺ
978 2425 1261 2497 κρείττονα
1296 2426 1390 2478 καὶ
1415 2423 1740 2494 διαφέροντα

146 2517 254 2587 τῆς
278 2516 386 2570 ὑπὸ
413 2517 720 2588 Σολομῶνος
750 2519 1085 2591 προσκαίρου
1109 2519 1203 2572 κα)⁸
1234 2516 1428 2588 μηκέθ’
1463 2512 1739 2587 ὑπαρχούο

146 2626 257 2680 σης
271 2609 583 2682 οἰκοδομῆς.
610 2611 795 2683 Τούτῳ
829 2611 886 2666 δὲ
926 2613 1018 2666 καὶ
1043 2612 1071 2664 6
1112 2610 1431 2674 Ἀπόστολος
1472 2608 1739 2680 μαρτυρεῖ

144 2704 458 2775 προσήκειν
490 2704 611 2775 τὴν,
642 2724 661 2755 ι
704 2705 844 2775 Ἐγὼ
876 2706 1069 2777 ἔσομαι
1102 2704 1250 2774 αὐτῷ
1279 2707 1358 2768 εἰς
1394 2703 1605 2775 πατέρα
1643 2705 1737 2757 καὶ

142 2796 317 2859 αὐτὸς
349 2795 501 2848 ἔσται
530 2814 619 2868 μοι
640 2798 719 2861 εἰς
746 2798 879 2863 υἱὸν,
906 2817 925 2849 ›
955 2798 1156 2870 φωνὴν,
1183 2796 1431 2850 ἐντεῦθεν
1457 2795 1625 2867 αὐτὴν
1656 2798 1735 2849 εἰ-

140 2884 340 2957 ληφὼς
367 2888 427 2940 ὲν
450 2890 514 2959 τῇ
556 2888 692 2960 πρὸς
731 2888 1011 2959 Ἐϐραίους
1046 2888 1314 2956 συντάξει,
1359 2888 1487 2944 ἔνθα
1531 2889 1692 2961 φησίν
1716 2904 1731 2920 '

147 2999 167 3030 σ
210 2979 339 3032 Τίνι
374 2981 485 3053 γὰρ
518 2977 670 3035 εἶπέν
717 2999 846 3034 ποτε
887 2983 994 3036 τῶν
1040 2983 1321 3052 ἀγγέλων,
1355 2984 1486 3048 Υἰός
1533 3002 1633 3057 μου
1684 2979 1737 3037 εἷ

142 3074 233 3135 σὺ,
272 3071 391 3141 ἐγὼ
421 3076 658 3144 σήμερον
685 3074 989 3147 γεγέννηκά
1016 3093 1074 3128 σε
1100 3092 1112 3105 ⁸
1157 3096 1176 3127 ι
1208 3076 1301 3129 καὶ
1323 3076 1502 3141 πάλιν,
1536 3095 1555 3128 ι
1591 3074 1732 3146 Ἐγὼ

1848 1865 2136 1921 aedificavit
2161 1864 2312 1920 Patri
2360 1867 2635 1936 lapidibus
2690 1867 3002 1923 viventibus
3061 1867 3424 1939 spiritalibus-

1845 1974 1973 2029 que,
2007 1960 2216 2015 sanctis
2247 1957 2573 2030 eximiisque
2603 1960 2824 2024 animis,
2873 1969 3057 2015 erecto
3107 1960 3279 2013 multo
3322 1975 3421 2029 po-

1845 2051 2004 2118 tiore,
2023 2052 2364 2122 multumque
2396 2067 2426 2105 a
2460 2053 2668 2107 caduco
2692 2067 2947 2123 nuncque
2984 2052 3201 2122 penitus
3227 2066 3421 2107 everso

1845 2141 2153 2201 Salomonis
2198 2145 2454 2202 dissimili
2483 2147 2705 2217 templo.
2749 2147 2827 2201 Ad
2861 2161 3021 2216 quem
3055 2161 3116 2200 ea
3170 2153 3419 2215 spectare

1842 2238 2045 2291 verba:
2104 2253 2123 2287 (
2149 2235 2261 2308 Ego
2303 2252 2398 2292 ero
2428 2236 2505 2291 illi
2546 2237 2601 2291 in
2643 2249 2875 2306 patrem,
2908 2246 2961 2292 et
3001 2238 3118 2308 ipse
3144 2236 3249 2291 erit
3278 2235 3413 2288 mihi

1842 2330 1895 2384 in
1934 2330 2124 2395 filium,
2157 2350 2175 2383 ι
2223 2338 2456 2385 testatur
2504 2340 2561 2385 et
2613 2330 2911 2401 Apostolus
2952 2332 3008 2384 in
3056 2347 3153 2386 sua
3199 2329 3266 2384 ad
3312 2328 3418 2384 He-

1842 2424 2020 2479 bra'os
2054 2424 2469 2479 admonitione:
2522 2442 2541 2473 ι
2571 2424 2674 2480 Cui
2724 2425 2870 2480 enim
2922 2425 3060 2480 dixit
3113 2422 3406 2495 aliquando

1839 2518 2189 2587 angelorum:
2216 2516 2389 2573 Filius
2419 2534 2571 2572 meus
2592 2534 2653 2573 es
2673 2528 2751 2584 tu,
2779 2533 2880 2588 ego
2908 2516 3069 2573 hodie
3096 2516 3255 2588 genui
3278 2523 3352 2573 te.
3387 2534 3408 2570 ι

1843 2607 1906 2661 Et
1939 2623 2199 2662 rursum:
2268 2626 2287 2658 ι
2322 2607 2436 2677 Ego
2466 2623 2562 2663 ero
2590 2609 2664 2662 illi
2716 2609 2772 2662 in
2819 2615 3053 2679 patrem,
3085 2614 3138 2662 et
3166 2608 3280 2679 ipse
3310 2606 3415 2662 erit

1839 2698 1970 2751 mihi
2006 2699 2060 2752 in
2113 2697 2413 2753 ﬁlium”?i
2472 2698 2604 2765 Quae
2659 2707 2840 2753 autem
2874 2699 2941 2754 ab
2974 2699 3114 2754 illis:
3166 2718 3183 2748 ι
3213 2699 3316 2765 Qui
3366 2697 3415 2754 si

1840 2787 2027 2858 inique
2079 2788 2286 2859 aliquid
2336 2789 2589 2858 gesserit,
2624 2804 2852 2860 arguam
2892 2805 3017 2842 eum
3053 2789 3108 2842 in
3144 2789 3297 2859 virga
3331 2787 3415 2841 vi-

1837 2895 2023 2934 rorum
2055 2898 2074 2931 ι
2109 2878 2174 2933 de
2197 2881 2398 2952 populo
2424 2881 2480 2934 in
2501 2880 2779 2935 Christum
2804 2881 3062 2935 credente
3083 2881 3229 2935 dicta
3251 2890 3413 2950 sunt;

1836 2988 2036 3044 corpus
2070 2973 2211 3027 enim
2238 2972 2443 3028 Christi
2468 2972 2713 3028 Ecclesia
2754 2983 2838 3028 est
2859 2974 2927 3037 ⁸⁸,
2951 2973 3250 3030 secundum
3277 2974 3414 3043 Apo-

1835 3066 2054 3122 stolum.
2097 3063 2254 3132 Quod
2279 3075 2459 3120 autem
2482 3065 2553 3121 ad
2580 3065 2865 3121 credentes
2895 3065 2949 3119 in
2975 3081 3097 3119 eum
3129 3080 3192 3119 ea
3223 3065 3411 3128 verba,

142 3165 346 3237 ἔσομαι
390 3166 538 3236 αὐτῷ
572 3169 651 3231 εἰς
706 3168 935 3240 πατέρα,
978 3169 1071 3222 καὶ
1106 3170 1265 3233 αὐτὸς
1313 3170 1466 3223 ἔσται
1526 3187 1616 3241 μοι
1650 3173 1729 3234 εἰς

1842 3162 1905 3216 de
1956 3160 2157 3232 quibus
2212 3161 2634 3231 investigamus,
2696 3167 2972 3229 spectant,
3038 3158 3413 3212 animadverte

138 3259 278 3311 υἱόν.
329 3278 347 3307 ι
388 3256 472 3310 Τά
500 3258 543 3311 δ’
585 3259 692 3311 ἀπὸ
722 3258 838 3324 τοῦ,
879 3279 897 3310 ι
934 3262 1027 3313 καὶ
1060 3260 1128 3314 ἂν
1158 3261 1285 3335 ἔλθῃ
1318 3261 1498 3316 ἀδικία
1538 3259 1726 3327 αὐτοῦ,

140 3353 237 3404 καὶ
273 3348 486 3421 ἐλέγξω
515 3352 678 3406 αὐτὸν
716 3354 773 3407 ὲν
797 3352 978 3425 ῥάϐδῳ
1030 3353 1260 3425 ἀνδρῶν,
1298 3373 1317 3408 ι
1350 3355 1479 3427 περὶ
1525 3354 1619 3409 τοῦ
1654 3357 1734 3419 εἰς

138 3443 388 3515 Χριστὸν
420 3443 805 3510 πιστεύσαντος
830 3445 959 3500 λαοῦ
993 3447 1238 3518 εἴρηται·
1273 3447 1394 3501 ἐπεὶ
1434 3448 1530 3503 καὶ
1575 3448 1733 3519 σῶμα

136 3535 389 3607 Χριστοῦ
452 3538 486 3608 ἡ
517 3536 812 3610 Ἐκκλησία
866 3538 1030 3591 αὐτοῦ
1074 3537 1421 3610 χρηματίζει,
1457 3540 1595 3595 κατά
1642 3540 1733 3594 τὸν

135 3626 493 3681 ’Δπόστολον.
522 3628 651 3682 .”οτι
682 3628 739 3682 δὲ
769 3628 1027 3700 περὶτῶν
1060 3630 1502 3685 πεπιστευκότων
1523 3632 1603 3694 εἰς
1633 3632 1730 3685 αύ-

134 3721 227 3773 τὺν
270 3719 346 3773 τὰ
372 3720 474 3791 τῆς
514 3721 817 3792 ἐπισκοπῆς
862 3722 1097 3793 εἴρηται,
1130 3722 1422 3795 ἐπίστησον
1456 3723 1729 3795 ἐπιμελῶς

133 3809 462 3882 λελεγμένῳ
502 3810 882 3882 πληθυντικῶς
911 3811 1008 3883 τῷ,
1046 3832 1064 3865 ι
1089 3814 1162 3866 Τὸ
1190 3813 1246 3867 δὲ
1297 3813 1447 3879 ἔλεός
1478 3831 1580 3886 μου
1626 3814 1730 3868 οὐκ

133 3902 443 3973 ἀποστήσω
472 3903 568 3956 ἀπ’
596 3904 804 3958 αὐτῶν
836 3925 856 3957 ι
896 3904 1080 3973 σαφῶς
1112 3905 1205 3959 καὶ⁴
1235 3908 1292 3960 ὲν
1325 3905 1402 3978 τῷ
1430 3906 1629 3978 ψαλμῷ
1662 3906 1732 3960 τά

134 3994 506 4066 παραπλήσια
530 3999 643 4061 τοῖς
659 3996 722 4068 (f.
744 3997 832 4067 16)
850 3997 1032 4053 ἐνθάδε
1060 3999 1190 4071 περὶ
1214 3999 1321 4052 τῶν
1345 3999 1474 4053 υἰῶν
1513 3999 1728 4071 εἴρηται

131 4086 225 4141 τοῦ
262 4085 770 4157 προφητεύομένου,
790 4089 847 4140 ὲν
862 4086 940 4158 τῷ
965 4105 983 4137 ι
1007 4090 1117 4142 Καὶ
1143 4087 1238 4141 ἐὰν
1262 4088 1727 4158 ὲγκαταλείπωσιν

129 4181 178 4233 οἱ
206 4179 326 4233 υἱοὶ
352 4178 516 4232 αὑτοῦ
550 4179 640 4233 τὸν
665 4181 828 4251 νόμον
852 4199 973 4253 μου,
1003 4184 1097 4236 καὶ
1124 4184 1235 4246 τοῖς
1257 4183 1487 4255 κρίμασι
1516 4200 1617 4253 μου
1653 4183 1728 4255 μὴ

132 4271 504 4345 πορευθῶσιν,
532 4273 625 4327 ἐὰν
650 4275 718 4327 τὰ
736 4274 1082 4345 δικαιώματά
1117 4293 1217 4347 μου
1244 4276 1614 4347 βεϐηλώσωσι,
1633 4277 1728 4330 καὶ

127 4365 227 4430 τάς
250 4363 481 4428 ἐντολάς
503 4383 604 4436 μου
633 4368 708 4440 μὴ
728 4367 1054 4437 φυλάξωσιν,
1075 4370 1442 4441 ἐπισκέψομαι
1463 4372 1521 4423 έν
1547 4370 1727 4441 ῥάϐδῳ

127 4455 227 4520 τὰς
280 4455 514 4525 ἀνομίας
548 4455 744 4520 αὐτῶν,
779 4458 873 4511 καὶ
911 4461 969 4512 ὲν
1012 4458 1231 4529 μάστιξι
1264 4460 1360 4524 τὰς
1386 4459 1598 4524 ἀδικίας
1625 4462 1722 4515 αύ-

1837 3254 2029 3310 sedulo
2079 3255 2286 3310 dictum
2346 3269 2470 3310 esse
2517 3254 2844 3324 pluraliter:
2932 3271 2950 3303 ‹
2981 3249 3410 3307 Misericordiam

1837 3355 2020 3401 autem
2052 3361 2232 3401 meam
2279 3360 2391 3399 non
2448 3344 2696 3399 auferam
2729 3344 2796 3398 ab
2828 3344 2950 3399 iis.»
3007 3341 3295 3397 Manifeste
3352 3347 3409 3395 et

1834 3438 1891 3493 in
1935 3438 2151 3509 psalmo
2196 3453 2308 3491 non
2364 3436 2642 3491 absimilia
2696 3435 2765 3490 iis
2816 3436 2882 3490 de
2942 3435 3070 3490 ﬁliis
3113 3433 3261 3512 illius
3316 3432 3410 3503 qui

1837 3530 2193 3602 prophetatus
2231 3536 2338 3593 est,
2374 3529 2668 3584 dicuntur:
2731 3546 2749 3578 ι
2782 3527 2837 3583 Si
2887 3537 3070 3583 autem
3101 3526 3411 3595 derelique-

1834 3622 1945 3676 rint
1986 3620 2079 3675 filii
2119 3621 2239 3690 ejus
2298 3621 2469 3692 legem
2534 3635 2737 3683 meam,
2788 3627 2843 3674 et
2895 3619 2949 3673 in
3002 3618 3228 3688 judieiis
3274 3616 3413 3671 meis

1831 3728 1941 3768 non
1966 3711 2397 3785 ambulaverint;
2431 3711 2477 3766 si
2508 3711 2755 3781 justitias
2806 3725 2957 3765 meas
2999 3706 3410 3780 profanaverint

1831 3814 1887 3861 et
1916 3802 2172 3858 mandata
2198 3818 2317 3858 mea
2346 3819 2456 3858 non
2482 3802 2873 3858 custodierint:
2926 3801 3164 3857 visitabo
3204 3800 3259 3854 in
3290 3798 3406 3851 vir-

1830 3910 1895 3967 ga
1928 3895 2243 3966 iniquitates
2267 3910 2481 3961 eorum,
2527 3904 2580 3949 et
2616 3895 2670 3949 in
2704 3892 3030 3947 verberibus
3064 3901 3287 3963 peccala
3314 3907 3399 3946 eoo

1830 4004 1975 4043 rum.
2033 3986 2472 4044 Misericordiam
2499 3996 2682 4043 autem
2722 4001 2905 4042 meam
2937 4002 3047 4040 non
3089 3984 3406 4055 dispergam

1829 4082 1899 4137 ab
1953 4081 2033 4136 eis
2057 4080 2160 4137 ⁸⁷.»
2224 4080 2461 4137 Attende
2513 4079 2788 4153 quomodo
2840 4099 2857 4130 ι
2890 4079 3072 4149 virgas
3120 4078 3403 4132 hominum

1827 4183 1882 4230 et
1912 4175 2100 4247 plagas
2133 4175 2368 4230 ﬁliorum
2415 4175 2723 4237 hominum,
2751 4192 2769 4224 ι
2811 4171 3177 4243 temporarias
3220 4184 3406 4241 perse-

1830 4267 2081 4321 cutiones
2115 4281 2274 4321 sacra
2322 4272 2482 4320 vocat
2506 4264 2758 4319 historia.
2803 4263 3188 4317 Verumtamen
3220 4262 3406 4315 multae

1829 4366 1957 4415 sunt
1996 4358 2090 4413 Dei
2123 4358 2533 4420 advocationes,
2568 4363 2622 4411 et
2672 4371 2767 4426 per
2800 4352 3114 4424 Scripturas
3141 4352 3401 4408 exhorta-

1830 4453 2030 4517 tiones,
2065 4465 2188 4521 qua:
2219 4463 2322 4504 nos
2356 4447 2653 4503 admonent
2683 4463 2751 4501 ne
2804 4444 3090 4501 suscitatis
3135 4443 3399 4498 adversus

128 4547 237 4601 τῶν
261 4564 277 4578 ·
310 4547 376 4599 τὸ
406 4546 462 4599 δὲ
487 4545 635 4611 ἔλεός
671 4566 771 4619 μου
792 4549 851 4602 ού
898 4549 971 4621 μὴ
1000 4526 1336 4604 διασκεδάσω
1362 4552 1459 4606 ἀπ’
1484 4552 1715 4605 αὐτῶν.»

1842 4560 1928 4599 ιοε
1982 4541 2459 4614 persecutionibus
2511 4538 2870 4608 temporariis
2934 4537 3273 4591 ccderemus.
3335 4534 3403 4591 Ut

128 4637 281 4711 Ὅρα
321 4637 379 4691 δὲ
408 4638 524 4703 πῶς
554 4640 781 4711 ῥάϐδους
818 4641 1024 4712 ἀνδρῶν
1054 4642 1147 4696 καὶ
1182 4642 1324 4713 ἀφάς
1352 4643 1482 4697 υἱῶν
1509 4644 1721 4717 ἀνθρώ-

1842 4639 1972 4692 enim
2004 4637 2156 4707 virga
2186 4650 2246 4690 se
2277 4634 2678 4705 castigaturum
2713 4646 2836 4687 esse
2860 4630 3112 4701 praedixit
3138 4629 3403 4700 populum

128 4747 250 4783 πων
291 4729 420 4791 τοὺς
463 4730 605 4783 κατὰ
653 4730 841 4802 καιρὸν
863 4730 1140 4802 ὠνόμασεν
1167 4735 1196 4787 6
1231 4732 1387 4802 λόγος
1417 4733 1717 4805 διωγμούςο

1842 4730 1924 4783 Dei
1959 4735 2304 4800 peccantem,
2338 4725 2419 4781 sic
2461 4731 2515 4780 et
2544 4740 2653 4779 non
2688 4725 2756 4778 ab
2797 4740 2862 4779 eu
2897 4721 3232 4779 defecturam
3276 4737 3400 4778 esse

127 4821 275 4893 πλὴν
306 4820 498 4873 πολλαὶ
525 4821 618 4875 τοῦ
645 4823 779 4876 Θεοῦ
805 4824 863 4876 αἰ
883 4823 1274 4897 παρακλήσεις,
1302 4828 1394 4880 καὶ
1425 4829 1479 4881 αἱ
1506 4826 1595 4880 διὰ
1614 4827 1721 4880 τῶν

1842 4822 2104 4893 pollicitus
2131 4829 2215 4876 est
2262 4819 2728 4883 misericordiam,
2778 4817 3000 4872 dicens:
3054 4814 3401 4871 «Misericor-

128 4912 166 4962 Γ
173 4909 375 4981 ραφῶν
404 4913 772 4984 παραμυθίαι,
801 4914 877 4986 μὴ
899 4914 1142 4987 ἀπαυδᾷν
1167 4919 1299 4988 ἡμῖν
1327 4917 1719 4990 ἐπιτρέπουσαι

1842 4914 1972 4968 liam
1999 4922 2180 4969 autem
2213 4927 2386 4967 meam
2413 4924 2526 4965 non
2574 4907 2821 4963 auferam
2852 4906 2925 4960 ab
2952 4906 3039 4969 iis,
3087 4905 3230 4959 sicut
3274 4902 3402 4956 abs-

126 5006 220 5057 έπὶ
239 5007 362 5068 τοῖς
399 5004 519 5058 καθ’
547 5006 700 5077 ἡμῶν
731 5008 1142 5080 ὲνεργουμένοις
1167 5011 1308 5065 κατά
1348 5014 1570 5085 καιροὺς
1593 5013 1719 5068 διω-

1849 5008 1920 5062 uli
1950 5008 2019 5061 ab
2078 5007 2165 5073 iis,
2199 5022 2339 5075 quos
2379 5003 2559 5060 amovi
2595 5018 2625 5056 a
2656 5001 2801 5057 facie
2834 5016 3007 5054 mea.»
3052 4997 3268 5063 Quaeret
3303 5010 3397 5048 aut

124 5100 295 5168 γμοῖς
313 5114 327 5126 ·
358 5097 434 5160 ῶς
462 5097 570 5168 γὰρ
598 5100 987 5171 ἐπισκέψεσθαι
1012 5101 1099 5157 διὰ
1132 5102 1325 5175 ῥάὁδου
1354 5104 1446 5160 τὸν
1472 5105 1566 5160 τοῦ
1591 5101 1719 5180 Χρι-

1842 5122 1934 5162 ,ειη
1972 5103 2113 5174 apud
2158 5118 2301 5173 quos
2348 5108 2496 5158 esset
2543 5108 2671 5156 ante
2731 5098 2972 5170 gentium
3012 5094 3272 5165 populum
3305 5090 3397 5145 Dei

127 5190 261 5244 στοῦ
311 5193 543 5262 προεῖπε
570 5190 695 5246 λαὸν
723 5194 1057 5266 ἁμαρτόντα,
1087 5196 1229 5250 οὓτω
1259 5198 1351 5252 καὶ
1380 5198 1440 5252 τὸ
1473 5199 1546 5271 μὴ
1577 5201 1715 5255 ἀπο-

1842 5197 2226 5260 nisericordia,
2259 5210 2422 5267 quam
2452 5192 2679 5249 omnino
2710 5191 2781 5246 ab
2832 5190 2913 5245 eis
2947 5187 3285 5242 abstulerat:
3322 5182 3399 5237 si-

127 5289 357 5359 στήσειν
378 5286 543 5341 αὐτοῦ
566 5287 627 5342 τὸ
656 5287 805 5354 ἔλεος
836 5292 1251 5362 προῦπέσχηται
1282 5294 1472 5360 εἰπὼν,
1505 5315 1523 5345 ‹
1563 5297 1634 5349 Τὸ
1658 5297 1714 5349 δὲ

1842 5292 2023 5347 uiliter
2051 5290 2198 5345 enim
2237 5304 2297 5346 se
2329 5286 2601 5344 facturum
2629 5300 2754 5342 esse
2801 5281 3080 5355 promittit
3107 5279 3162 5333 in
3189 5274 3401 5332 Christi

125 5381 277 5447 ἔλεός
328 5398 431 5452 μου
469 5381 531 5434 οὐ
574 5382 647 5454 μὴ
677 5382 969 5455 ἀποστήσω
1006 5386 1098 5438 ἀπ’
1146 5386 1345 5451 αὐτῶν,
1386 5386 1569 5452 καθὼς
1610 5391 1716 5443 ἀπ·
1825 5388 2107 5461 populum.

126 5477 339 5548 έστησα
371 5474 465 5545 ἀφ’
497 5468 572 5530 ὧν
616 5476 924 5549 ἀπέστησα·
965 5502 984 5533 ι
1021 5480 1246 5552 ζητήσει
1287 5482 1331 5535 δ’
1358 5484 1451 5536 ἐπὶ
1487 5484 1639 5550 τίνας
1674 5483 1741 5556 ἦν
1780 5488 1887 5559 πρὸ
1942 5486 2035 5541 τοῦ
2068 5484 2129 5549 ἐξ
2168 5481 2337 5538 ἐθνῶν
2361 5479 2490 5535 λαοῦ
2517 5478 2577 5533 τὸ
2612 5476 2706 5531 τοῦ
2734 5474 2868 5530 Θεοῦ
2897 5474 3063 5541 ἔλεος,
3098 5473 3234 5546 ὅπερ
3260 5486 3395 5526 παν-

123 5573 300 5635 τελῶς
336 5571 431 5624 ἀπ’
457 5570 637 5625 αὐτῶν
671 5573 1016 5645 ἀπέστησαςο
1052 5570 1114 5632 οῦ
1141 5578 1203 5631 τὸ
1229 5578 1425 5650 ιὸμοιον
1455 5582 1699 5653 ποιήσειν
1738 5584 2076 5654 ὑπισχνεῖται
2106 5580 2246 5635 κατὰ
2275 5579 2364 5632 τὸν
2389 5575 2481 5630 τοῦ
2510 5573 2745 5647 Χριστοῦ
2786 5572 2927 5627 λαόν.

195 5822 243 5853 ιι
284 5820 432 5876 Psal.
468 5835 624 5887 xuv,
658 5820 719 5885 7,
756 5818 807 5875 8.
887 5821 933 5855 ⁸³
973 5820 1138 5880 llebr.
1178 5838 1234 5894 ι,
1269 5825 1321 5883 5.
1397 5827 1444 5861 ⁸⁸
1481 5826 1693 5884 Coloss.
1731 5843 1738 5884 1

1982 5828 2025 5859 "
2068 5824 2211 5884 Psal.
2242 5840 2514 5892 Lxxxvm,
2554 5823 2643 5881 '51.
