3954 6502
210 354 345 408 1083

1231 369 1523 426 ECLOGA]
1566 372 2043 430 PROPHETICE.
2086 405 2150 415 —
2181 375 2306 433 LIB.
2350 383 2391 433 Ι.

3322 388 3455 442 1036

205 478 260 528 ἐν
293 476 432 548 οἴκῳ
465 495 566 548 μου
597 483 690 534 καὶ
712 483 770 534 έν
802 483 1048 559 βασιλείᾳ
1080 489 1242 541 αὐτοῦ
1271 491 1374 554 ἕως
1397 490 1610 556 αἰῶνος,
1643 495 1778 546 καὶό

1898 496 2166 565 piternum
2195 516 2207 551 :
2240 506 2293 551 et
2320 499 2554 555 thronus
2585 501 2706 571 ejus
2735 501 2838 556 erit
2873 503 3221 560 firmissimus
3250 506 3303 560 in
3337 523 3456 576 per-

205 569 391 640 θρόνος
422 573 586 626 αὑτοῦ
621 576 1009 647 ἀνωρθωμένος
1037 581 1140 644 ἕως
1167 583 1378 646 αἰῶνος.
1415 604 1432 635 ι
1464 586 1571 638 Καὶ
1591 586 1780 650 ταῦτα,

203 663 366 732 ὅμοια
399 662 530 717 ὄντα
557 669 667 728 τοῖς
691 668 752 719 ὲκ
781 670 880 738 τῆς
910 667 1167 741 δευτέρας
1198 672 1302 726 τῶν
1339 674 1629 727 Βασιλειῶν
1661 694 1785 748 προ-

203 755 542 826 εκτεθείσης,
581 761 1039 830 σημειωσάμενοι,
1069 762 1157 816 διὰ
1198 764 1257 817 τὸ
1291 768 1364 836 μὴ
1409 767 1606 840 πολλὴν
1645 765 1782 822 εἶναι

201 848 299 918 τὴν
330 848 536 902 τούτων
576 851 712 920 πρὸς
737 854 921 908 ἐκεῖνα
952 855 1302 930 παραλλαγὴν
1334 859 1784 934 ἀρκεσθησόμεθα

202 945 314 1004 τοῖς
350 944 430 1010 εἰς
463 945 642 998 ἐκεῖνα
678 948 1009 1018 εἰρημένοις.

711 1086 1106 1140 ΚΕΦΑΛΑΙΟΝ
1153 1089 1275 1142 ΚΔ’.

487 1196 588 1250 Ἐκ
619 1196 729 1266 τῆς
760 1199 806 1250 ϐ’
839 1197 958 1252 τῶν
996 1201 1546 1272 Παραλειπομένων.

276 1325 295 1355 ι
348 1306 458 1360 Καὶ
496 1305 612 1370 νῦν,
662 1308 834 1380 Κύριε
870 1312 898 1363 6
927 1310 1059 1373 Θεὸς
1106 1311 1338 1384 Ἰσραὴλ,
1364 1315 1687 1386 πιστωθήτω
1717 1315 1780 1388 δὴ

199 1399 260 1450 τὸ
288 1400 444 1470 ῥῆμά
469 1416 584 1463 σου,
615 1399 643 1452 ὃ
676 1400 942 1471 ὲλάλησας
969 1401 1048 1472 τῷ
1080 1402 1229 1456 παιδί
1258 1421 1351 1456 σου
1383 1405 1460 1475 τῷ
1491 1407 1671 1470 Δαυὶδ,
1700 1408 1781 1459 ὅτι

199 1486 418 1556 ἀληθῶς
434 1489 750 1557 κατοικήσει
770 1491 796 1540 6
808 1488 940 1552 Θεὸς
965 1491 1102 1559 μετά
1118 1491 1416 1564 ἀνθρώπιον
1438 1494 1527 1546 ἐπὶ
1543 1495 1640 1564 τῆς
1655 1494 1780 1564 γῆς,

200 1583 246 1633 εἰ
280 1581 310 1632 6
331 1581 559 1651 οὐρανὸς
585 1582 722 1634 καὶὸ
745 1582 968 1653 οὐρανὸς
997 1582 1090 1635 τοῦ
1107 1583 1332 1654 οὐρανοῦ
1358 1585 1455 1636 οὐκ
1492 1585 1782 1655 ἀρκέσουσι

201 1690 307 1726 σοι.
347 1694 364 1723 ι
405 1675 514 1726 Καὶ
548 1676 626 1737 εἰς
662 1674 833 1727 ταῦτα
872 1675 1151 1745 εἰρηκότες
1183 1676 1330 1742 ἅπαξ
1371 1679 1459 1730 ὅτε
1489 1677 1557 1730 τὰ
1589 1679 1652 1731 ἐκ
1682 1679 1782 1748 τῆς

197 1773 246 1834 γ’
281 1765 395 1819 τῶν
429 1765 724 1820 Βασιλειῶν
762 1766 1076 1838 ὲξεθέμεθα,
1111 1766 1206 1821 νῦν
1256 1769 1315 1821 οὐ
1353 1768 1773 1842 δευτερώσομεν.

705 1903 1098 1955 ΚΕΦΑΛΑΙΟΝ
1148 1901 1274 1957 KE'.

211 2011 317 2064 Ἐκ
361 2011 469 2066 τοῦ
507 2011 694 2082 Ἕῷα.
747 2013 807 2065 '0
850 2012 1180 2087 ζοροόάϐελ
1227 2016 1297 2068 ἐν
1347 2014 1419 2084 τῇ
1456 2015 1783 2087 δημηγορίᾳ

783 2083 967 2138 ταῦτά
1001 2099 1209 2153 φησιν.

275 2217 294 2248 ι
322 2197 708 2268 ’Δνδρες,οὐχὶ
744 2198 958 2268 ἰσχυραὶ
989 2199 1044 2252 αἱ
1077 2202 1365 2266 γυναῖκες;
1393 2201 1600 2272 μεγάλη
1636 2202 1669 2273 ἡ
1710 2203 1780 2273 γῆ

197 2289 295 2340 καὶ
329 2288 532 2357 ὑψηλὸς
565 2291 592 2342 6
622 2289 872 2360 οὐρανός
904 2290 997 2342 καὶ
1037 2291 1204 2360 ταχὺς
1227 2289 1303 2361 τῷ
1337 2291 1521 2362 δρόμῳ
1545 2295 1573 2345 6
1601 2292 1778 2360 ἥλιος·

197 2378 281 2434 ὅτι
331 2380 624 2450 στρέφεται
669 2382 724 2431 ὲν
753 2378 828 2449 τῷ
871 2379 1054 2451 κύκλῳ
1082 2379 1176 2433 τοῦ
1212 2380 1464 2452 οὐρανοῦ,
1497 2382 1588 2434 καὶ
1620 2383 1781 2436 πάλιν

197 2473 496 2544 ἀποτρέχει
542 2475 622 2534 εἰς
662 2475 750 2526 τὸν
785 2472 976 2525 ἑαυτοῦ
998 2471 1165 2525 τόπον
1191 2476 1247 2525 ὲν
1275 2473 1459 2544 ἡμέρᾳ
1495 2475 1626 2544 μιᾷ·
1661 2475 1782 2543 οὐχὶ

202 2568 377 2638 μέγας
418 2567 477 2630 ὸς
519 2566 692 2620 ταῦτα
750 2570 924 2630 ποιεῖ,
959 2569 1050 2620 καὶ
1081 2569 1113 2637 ὴ
1148 2567 1376 2638 ἀλήθεια
1426 2569 1656 2640 μεγάλη,
1688 2571 1782 2622 καὶ

202 2661 402 2733 ἰσχυρὰ
431 2660 580 2734 παρὰ
607 2661 816 2726 πάντας
849 2664 996 2727 πᾶσα
1027 2663 1060 2733 ἡ
1092 2662 1164 2732 γῆ
1207 2662 1305 2732 τὴν
1338 2663 1596 2732 ἀλήθειαν
1627 2663 1783 2716 καλεῖ

199 2751 298 2803 καὶ
349 2753 380 2804 6
423 2751 649 2822 οὐρανὸς
689 2751 857 2823 αὐτὴν
913 2753 1150 2820 εὐλογείο
1185 2754 1279 2806 καὶ
1306 2752 1485 2805 πάντα
1528 2753 1594 2806 τὰ
1643 2752 1782 2824 ἔργα

201 2843 408 2898 σείεται
439 2846 534 2898 καὶ
565 2845 789 2916 τρέμει·
822 2846 915 2898 καὶ
939 2846 1039 2898 οὐκ
1071 2845 1186 2899 ἔστι
1223 2847 1337 2916 μετ’
1375 2846 1540 2899 αὑτοῦ
1585 2847 1693 2898 οὐδ’
1723 2846 1782 2898 ἒν

199 2935 414 2992 ἀδικονο
463 2935 644 2998 ἄδικος
665 2937 692 2988 6
721 2932 860 2999 οἶνος
881 2953 893 2965 δ
925 2936 1106 2999 ἄδικος
1142 2937 1171 2987 6
1207 2935 1491 3006 βασιλεύς’
1523 2936 1694 2990 ἄδικοι
1723 2937 1779 2990 αἰ

200 3031 456 3095 γυναῖκες
474 3044 488 3056 ⁸
515 3028 686 3083 ἄδικοι
712 3029 760 3081 οἰ
792 3029 895 3081 υἱοὶ
923 3028 1030 3081 τῶν
1060 3027 1358 3100 ἀνθρώπων
1375 3045 1387 3057 ο
1415 3029 1508 3082 καὶ
1529 3028 1687 3082 ἄδικα
1711 3029 1781 3082 τά

200 3121 339 3191 ἔργα
397 3120 574 3172 αὐτῶν
639 3120 815 3173 πάντα
859 3119 927 3172 τὰ
967 3119 1221 3172 τοιαῦτα·
1258 3121 1351 3173 καὶ
1387 3120 1486 3173 οὐκ
1534 3120 1680 3173 ἐστιν
1723 3123 1782 3173 ὲν

1892 599 2114 656 petuum
2146 590 2212 643 ".
2242 610 2260 642 ι
2278 589 2403 645 Haec
2431 592 2630 645 similia
2663 593 2730 648 iis
2756 609 2875 663 qua:
2901 594 2955 648 in
2983 597 3223 650 secundo
3249 596 3454 667 Regum

1890 680 2030 734 libro
2055 683 2366 738 notavimus
2397 684 2916 755 explanavimusque
2939 726 2954 748 ,
2984 703 3093 741 non
3125 689 3352 742 multum
3387 690 3454 742 ab

1886 773 2094 827 eisdem
2137 773 2432 831 differunt:
2478 791 2650 846 quare
2695 776 2760 831 ad
2805 777 3060 848 praedicta
3100 778 3203 834 hoc
3244 779 3296 834 in
3336 780 3455 836 loco

1893 867 2244 924 remittimus.

2439 1047 2667 1104 CAPUT
2708 1049 2892 1105 XXIV.

2175 1156 2221 1211 Ε
2250 1159 2478 1213 secundo
2519 1159 2968 1228 Paralipomenon
3009 1163 3167 1219 libro.

1961 1331 1980 1364 ι
2013 1313 2078 1367 Et
2111 1329 2290 1378 nunc,
2338 1313 2562 1372 Domine
2595 1316 2736 1372 Deus
2765 1316 2927 1373 Israel
2947 1359 2964 1383 ,
2995 1319 3241 1375 firmetur
3273 1334 3453 1377 sermo

1887 1413 2050 1468 tuus,
2098 1421 2260 1474 quem
2319 1407 2532 1463 locutus
2571 1425 2630 1464 es
2676 1425 2834 1464 δεινο
2877 1419 2972 1464 tuo
3004 1411 3192 1466 David.
3242 1411 3454 1482 Ergone

1886 1499 2148 1553 credibile
2175 1506 2263 1554 est
2297 1509 2355 1552 ut
2383 1499 2593 1555 habitet
2624 1500 2766 1556 Deus
2797 1518 2920 1556 cum
2953 1503 3262 1558 hominibus
3291 1520 3456 1574 super

1887 1598 2124 1653 terram,
2171 1594 2216 1646 si
2267 1591 2469 1645 emtum
2514 1601 2568 1646 et
2613 1594 2737 1646 caeli
2789 1595 3051 1648 caelorum
3104 1611 3208 1649 non
3267 1607 3315 1650 te
3361 1614 3454 1650 ca-

1887 1681 2043 1752 piunt
2072 1684 2162 1736 "?
2191 1704 2207 1735 ι
2245 1683 2362 1737 Jam
2395 1675 2571 1755 nuper
2601 1701 2661 1739 ea
2699 1688 2751 1739 in
2785 1684 2992 1757 Regum
3028 1688 3166 1741 libro
3195 1689 3453 1758 explana-

1885 1774 2097 1838 vitnus,
2132 1789 2231 1828 nec
2261 1791 2381 1846 quae
2417 1776 2661 1831 diximus
2693 1777 2938 1831 iteranda
2968 1793 3273 1833 censemus.

2434 1910 2664 1967 CAPUT
2727 1911 2892 1968 XXV.

1886 2021 1970 2077 Ex
2003 2022 2190 2078 Esdrte
2219 2023 2374 2079 libro.
2418 2023 2547 2079 Hcce
2580 2023 2875 2096 Zorobrabel
2901 2041 3078 2079 coram
3106 2027 3297 2096 populo
3336 2042 3456 2081 con-

2450 2096 2695 2149 cinnatus
2725 2095 2873 2150 dicit.

1959 2227 1976 2259 ι
2008 2207 2052 2263 Ο
2086 2208 2208 2273 viri,
2241 2222 2423 2264 nonne
2473 2209 2642 2264 fortes
2673 2217 2801 2264 sunt
2822 2210 3075 2264 mulieres
3101 2211 3124 2262 ?
3155 2209 3343 2280 Magna
3368 2217 3453 2265 est

1882 2308 2061 2362 terra,
2111 2311 2166 2356 et
2214 2303 2490 2356 excelsum
2536 2310 2620 2357 est
2663 2302 2902 2356 caelum:
2951 2310 3003 2356 et
3048 2303 3203 2357 velox
3253 2317 3451 2359 cursus

1886 2392 2020 2446 solis
2061 2395 2335 2455 convertit
2372 2397 2425 2447 in
2473 2408 2606 2462 gyro
2651 2393 2850 2446 omium
2895 2393 2947 2446 in
2988 2393 3164 2446 locum
3210 2410 3367 2448 suum
3396 2394 3451 2446 ii

1885 2498 1994 2536 una
2040 2483 2150 2539 die.
2205 2484 2400 2540 Nonne
2443 2485 2765 2554 magnificus
2808 2493 2892 2539 est
2935 2486 3025 2554 qui
3060 2486 3172 2539 haec
3202 2484 3366 2547 facit,
3397 2492 3454 2540 et

1885 2573 2091 2638 veritas
2138 2591 2368 2646 magna,
2416 2585 2469 2630 et
2520 2575 2714 2630 fortior
2760 2592 2872 2646 pra:
2917 2575 3216 2631 omnibus?
3259 2572 3464 2629 Omnis-

1885 2673 2031 2717 terra
2065 2665 2348 2718 veritatem
2384 2665 2632 2728 invocat,
2665 2668 2864 2719 caelum
2894 2665 3056 2719 etiam
3090 2666 3264 2734 ipsam
3293 2664 3452 2718 bene-

1882 2755 2050 2816 dicit,
2081 2762 2135 2809 et
2166 2756 2350 2808 omnia
2382 2770 2545 2824 opera
2577 2765 2886 2816 moventur,
2918 2762 2972 2808 et
3014 2762 3252 2808 tremunt
3293 2769 3411 2806 eam
3437 2792 3450 2816 ,

1887 2856 1940 2900 et
1969 2864 2078 2923 non
2110 2856 2194 2903 est
2223 2864 2346 2902 cum
2377 2864 2439 2903 ea
2470 2848 2766 2919 quidquam
2802 2848 3069 2918 iniquum.
3113 2845 3312 2900 Vinum
3350 2845 3455 2898 ini-

1885 2956 2053 3010 quum
2077 2981 2092 3004 ,
2125 2941 2348 3010 iniquus
2373 2957 2467 2995 rex
2489 2983 2504 3004 ,
2535 2942 2735 3012 iniqua:
2761 2942 3044 3006 mulieres,
3074 2941 3242 3009 iniqui
3265 2953 3454 2993 omnes

1887 3030 1980 3085 ﬁlii
2013 3032 2296 3087 hominum
2318 3074 2333 3099 ,
2364 3042 2418 3088 et.
2464 3034 2647 3104 iniqua
2682 3034 2898 3087 illorum
2944 3033 3126 3087 omnia
3165 3047 3330 3102 opera
3351 3069 3366 3094 ,
3398 3039 3455 3086 et

1888 3137 1996 3175 non
2031 3131 2114 3177 est
2143 3122 2196 3176 in
2227 3125 2362 3192 ipsis
2396 3125 2603 3179 veritas
2627 3165 2642 3190 ,
2678 3132 2732 3179 et
2767 3125 2821 3177 in
2869 3140 2966 3178 sua
3003 3123 3292 3192 iniquitate
3332 3136 3455 3192 per-

197 3181 386 3272 αίδτοῖς
416 3209 640 3280 ἀλήθεια
660 3227 671 3239 ’
706 3211 798 3261 καὶ
831 3211 888 3260 ὲν
919 3212 984 3279 τῇ
1013 3209 1194 3279 ἀδικίᾳ
1214 3209 1392 3262 αὐτῶν
1423 3209 1777 3264 ἀπολοῦνται⁸

1890 3214 2044 3269 ibunt
2070 3235 2082 3266 :
2111 3225 2165 3269 et
2197 3217 2399 3270 veritas
2429 3225 2648 3280 manet,
2675 3223 2728 3270 et
2761 3215 3039 3269 invalescit
3071 3217 3122 3268 in
3150 3224 3411 3268 aeternum
3436 3252 3452 3276 ,

197 3300 296 3353 λαὶ
335 3303 370 3371 ἡ
420 3299 648 3371 ἀλήθεια
704 3300 851 3370 μένει
898 3301 977 3362 εἰς
1018 3298 1110 3351 τὸν
1149 3298 1339 3361 αἰῶνα,
1372 3300 1467 3353 καὶ
1503 3299 1674 3370 ἰσχύει
1701 3301 1780 3363 εἰς

193 3393 290 3446 τὸν
343 3392 538 3454 αἰῶνα,
585 3392 678 3444 καὶ
733 3390 797 3461 ζῇ
850 3392 944 3444 καὶ
983 3394 1174 3462 κρατεῖ
1206 3394 1286 3455 εἰς
1344 3392 1433 3443 τὸν
1478 3391 1649 3444 αἰῶνα
1684 3391 1778 3444 τοῦ

194 3485 427 3546 αἰῶνος·
486 3484 580 3536 καὶ
634 3484 732 3535 οὐκ
781 3483 895 3536 ἔστι
950 3484 1080 3552 παρ’
1107 3483 1242 3553 αὐτῇ
1288 3481 1471 3535 λαϐεῖν
1513 3483 1780 3553 πρόσωπα

192 3576 321 3629 οὐδὲ
353 3575 611 3648 διαφορὰ·
647 3575 781 3629 ἀλλά
816 3575 884 3630 τὰ
912 3574 1095 3629 δίκαια
1122 3577 1262 3628 ποιεῖ
1292 3574 1398 3627 ἀπὸ
1433 3574 1650 3627 πάντων
1671 3574 1779 3627 τῶν

190 3667 402 3721 ἀδίκων
458 3668 550 3718 καὶ
601 3665 876 3737 πονηρῶΨ
922 3666 1182 3734 ἀπέχεται
1233 3665 1470 3728 καὶτοῖς
1502 3664 1780 3718 εὑδοκοῦσι

189 3763 310 3822 τοῖς
336 3758 520 3829 ἔργοις
555 3758 721 3828 αὐτῆς
742 3774 758 3788 ο
788 3757 881 3810 καὶ
905 3757 1002 3809 οὐκ
1035 3756 1177 3808 ἐστιν
1208 3757 1263 3807 ὲν
1300 3758 1364 3825 τῇ
1400 3755 1578 3826 κρίσει
1608 3754 1781 3826 αὐτῆς

190 3851 355 3903 οὐθὲν
410 3849 591 3902 ἄδικον
612 3867 626 3879 θ
662 3849 756 3902 καὶ
804 3849 973 3918 αὐτῆς
1007 3849 1037 3917 ἡ
1073 3850 1222 3917 ἰσχὺς
1260 3846 1438 3899 καὶτὸ
1470 3845 1736 3916 βασίλειον
1764 3861 1776 3876 ⁸

192 3944 292 3996 καὶ
327 3945 360 4011 ἠ
405 3941 621 4007 ἐξουσία
653 3943 745 3993 καὶ
771 3943 804 4011 ἠ
835 3941 1187 4011 μεγαλειότης
1218 3939 1436 3992 πάντων
1463 3938 1572 3992 τῶν
1600 3938 1662 4002 (f.
1690 3938 1777 4007 17)

190 4033 412 4086 αἰώνων
432 4050 446 4063 ο
478 4033 768 4102 εὐλογητὸς
795 4035 822 4085 6
850 4031 979 4095 Θεὸς
1029 4033 1124 4102 τῆς
1182 4029 1458 4102 ἀληθείας.
1500 4049 1518 4082 ι
1579 4032 1730 4083 Ἐπεὶ
1751 4030 1779 4082 6

191 4126 391 4198 Σωτὴρ
424 4128 518 4179 καὶ
565 4126 767 4198 Κύριος
792 4125 966 4195 ἡμῶν,
996 4123 1167 4192 Λόγος
1197 4122 1272 4175 ῶν
1305 4122 1398 4176 τοῦ
1431 4123 1585 4185 Θεοῦ,
1621 4122 1776 4194 φησὶ,

191 4219 425 4289 φέρεται
457 4215 714 4287 εἰρηκὼς,
759 4233 778 4266 ι
837 4214 976 4283 Ἐγώ
1009 4215 1123 4284 εἰμι
1155 4216 1188 4284 ἡ
1217 4214 1462 4285 ἀλήθεια,
1501 4233 1519 4265 ι
1555 4213 1780 4276 εἰκότως

188 4312 259 4363 τὰ
315 4309 655 4380 προκείμενα
715 4305 1153 4378 παρατεθείμεθα
1215 4305 1341 4376 περὶ
1386 4303 1486 4373 τῆς
1523 4302 1779 4373 ἀληθείας

187 4403 480 4473 δηλοῦντα,
512 4401 588 4464 ὡς
635 4401 742 4472 ἄρα
789 4399 1082 4451 ὑπόστασίν
1113 4416 1235 4452 τινα
1261 4397 1410 4468 παρά
1434 4397 1524 4449 τὸν
1561 4396 1777 4467 Πατέρα

189 4495 318 4549 καθ’
355 4495 556 4563 ἑαυτὴν
604 4493 750 4562 ἔχει·
791 4512 807 4541 ι
856 4491 1021 4546 Μένει
1054 4488 1183 4560 γὰρ,
1232 4489 1482 4560 φησὶν,ὴ
1527 4486 1774 4558 ἀλήθεια,

189 4588 287 4639 καὶ
317 4583 491 4654 ἰσχύει
521 4585 599 4646 εἰς
628 4583 717 4634 τὸν
749 4579 940 4644 αἰῶνα,
973 4580 1067 4631 καὶ
1087 4581 1152 4650 ζῇ
1185 4579 1279 4631 καὶ
1305 4579 1522 4648 κρατεί’
1557 4579 1646 4628 καὶ
1677 4577 1776 4630 οὐκ

189 4680 311 4732 ἐστι
353 4677 482 4746 παρ’
521 4675 658 4744 αὐτῇ
699 4672 882 4725 λαϐεῖν
923 4670 1208 4740 πρόσωπα,
1246 4688 1263 4718 ι
1299 4668 1394 4721 καὶ
1424 4668 1493 4720 τὰ
1520 4666 1665 4737 ἑξῆς,
1693 4665 1775 4731 οἷς

187 4770 447 4838 ἐπιφέρει
497 4767 624 4837 περὶ
674 4764 770 4816 τοῦ
821 4763 1028 4834 Πατρὸς
1078 4761 1212 4814 Θεοῦ
1272 4760 1626 4829 τυγχάνοντος
1680 4760 1774 4814 καὶ

1882 3315 1935 3360 et
1965 3307 2096 3382 vivit
2121 3346 2134 3367 ,
2166 3314 2219 3360 et
2249 3308 2465 3361 obtinet
2496 3308 2549 3360 in
2585 3307 2784 3361 saecula
2827 3307 3174 3360 saeculorum.
3217 3303 3326 3358 Nec
3370 3311 3456 3358 est.

1883 3395 2024 3466 apud
2060 3410 2177 3448 eam
2217 3396 2467 3464 accipere
2508 3411 2804 3466 personas,
2849 3412 3027 3466 neque
3073 3395 3449 3450 differentias:

1882 3487 1974 3541 sed
2008 3502 2128 3556 quae
2154 3485 2304 3554 justa
2362 3494 2489 3539 sunt
2521 3485 2652 3539 facit
2684 3487 2970 3548 omnibus,
3007 3485 3227 3554 injustis
3250 3500 3312 3538 ac
3341 3499 3454 3538 ma-

1881 3576 2076 3647 lignis,
2108 3583 2161 3630 et
2193 3592 2382 3630 omnes
2412 3577 2776 3647 benignantur
2809 3578 2865 3631 in
2915 3579 3172 3647 operibus
3211 3576 3351 3644 ejus.
3390 3575 3454 3628 Et

1881 3682 1993 3720 non
2019 3673 2103 3721 est
2135 3667 2189 3719 in
2219 3665 2429 3734 judicio
2455 3666 2576 3734 ejus
2611 3666 2890 3735 iniquum,
2933 3665 3025 3719 sed
3073 3663 3366 3730 fortitudo,
3401 3669 3455 3714 et

1881 3771 2131 3826 regnum,
2157 3767 2208 3810 et
2225 3763 2490 3825 potestas,
2517 3763 2570 3809 et
2603 3754 2862 3823 majestas
2903 3754 3145 3807 omnium
3186 3766 3449 3806 aavorum.

1886 3847 2211 3904 Benedictus
2251 3845 2392 3901 Deus
2436 3847 2679 3902 veritatis
2705 3846 2770 3899 “.
2803 3865 2822 3898 ι
2872 3844 3166 3914 Postquam
3204 3843 3453 3897 Salvator

1883 3949 1937 3995 et
1966 3938 2228 3993 Dominus
2274 3948 2486 4004 noster,
2540 3939 2631 4009 qui
2682 3937 2777 3992 Dei
2808 3937 3046 3991 Verbum
3086 3947 3204 3998 εει,
3245 3934 3454 3988 dixisse

1882 4033 2098 4086 fertur:
2143 4050 2161 4082 ι
2198 4030 2311 4103 Ego
2361 4049 2480 4085 sum
2536 4032 2740 4086 veritas
2765 4031 2842 4094 ⁸⁷,
2883 4050 2900 4080 ι
2932 4033 3128 4083 merito
3176 4027 3452 4096 prmcitata

1880 4125 2248 4196 intelligemus
2276 4125 2433 4195 quasi
2461 4125 2528 4179 de
2558 4125 2786 4180 veritate
2813 4120 3244 4176 demonstrantia
3266 4158 3280 4182 ,
3304 4114 3452 4186 quod

1880 4217 2243 4272 substantiam
2279 4217 2421 4285 apud
2447 4215 2662 4270 Patrem
2694 4232 2790 4284 per
2821 4216 3054 4282 seipsam
3079 4212 3261 4265 habet.
3291 4230 3308 4259 ι
3340 4205 3452 4262 Ma-

1881 4317 1973 4362 net
2002 4310 2146 4362 enim
2169 4351 2183 4374 ,
2212 4309 2321 4371 ait,
2349 4309 2570 4372 veritas,
2599 4315 2653 4361 et
2684 4305 2970 4360 invalescit
2993 4306 3045 4358 in
3074 4311 3334 4356 aeternum
3359 4338 3375 4363 ,
3397 4304 3452 4352 et

1881 4400 2052 4460 vivit,
2096 4405 2150 4451 et
2181 4398 2393 4452 obtinet
2425 4437 2438 4449 .
2477 4436 2491 4450 .
2526 4439 2540 4452 .
2575 4411 2674 4450 nec
2717 4404 2800 4450 est
2851 4393 2991 4462 apud
3038 4407 3156 4446 eam
3207 4389 3452 4457 accipere

1885 4501 2147 4556 personas
2167 4525 2182 4547 ,
2207 4504 2226 4536 ι
2260 4493 2315 4539 et
2346 4495 2538 4538 caetera
2560 4526 2574 4552 ,
2608 4485 2808 4554 quibus
2841 4484 2990 4536 addit
3017 4481 3085 4534 de
3115 4480 3275 4533 Patre
3307 4478 3414 4532 Deo
3436 4516 3452 4542 ,

1885 4580 2109 4648 ipsoque
2142 4578 2249 4633 Deo
2278 4577 2456 4633 Verbo
2478 4618 2494 4641 ,
2523 4587 2577 4634 et
2609 4578 2872 4633 veritate:
2904 4596 2921 4627 ι
2955 4575 3281 4630 Benedictus
3312 4569 3452 4626 Deus

1882 4673 2158 4736 veritatis,
2193 4690 2213 4723 ι
2240 4673 2440 4742 quibus
2471 4679 2526 4726 et
2555 4671 2660 4742 ipsi
2694 4671 2996 4725 addemus:
3031 4667 3226 4723 Amen.

185 4863 362 4918 αὐτοῦ
398 4862 491 4916 τοῦ
525 4862 659 4915 Θεοῦ
684 4861 854 4928 Λόγου
882 4861 972 4914 καὶ
1001 4859 1099 4929 τῆς
1125 4855 1396 4926 ἀληθείας,
1430 4877 1447 4906 ι
1494 4855 1784 4927 εὐλογητὸς
1818 4858 1846 4909 6
1903 4856 2034 4920 Θεὸς
2064 4856 2163 4928 τῆς
2193 4855 2470 4928 ἀληθείας,
2507 4875 2525 4908 ι
2563 4848 2607 4923 ᾧ
2643 4855 2738 4908 καὶ
2769 4854 2922 4908 αὐτοὶ
2961 4852 3338 4925 προσθήσομεν
3370 4850 3450 4917 τὸ,

205 4959 408 5028 Ἀμήν.

278 5054 442 5110 Ἀλλά
474 5053 581 5124 γὰρ
610 5051 781 5105 ταῦτα
815 5051 908 5103 καὶ
938 5049 1045 5102 ἀπὸ
1075 5048 1174 5118 τῆς
1204 5046 1297 5100 τοῦ
1330 5045 1504 5118 Ἕζρα
1536 5046 1776 5117 Γραφῆς·

185 5154 303 5202 ante)
355 5162 419 5214 γε
466 5147 571 5216 μὴν
614 5145 713 5214 τῆς
755 5141 951 5212 Ἐσθὴρ
1000 5139 1108 5194 οὐδ’
1149 5139 1207 5191 ἓν
1253 5138 1484 5210 εὕρομεν
1521 5138 1647 5208 περὶ
1680 5136 1775 5190 τοῦ

187 5236 579 5310 προκειμένου·
622 5235 758 5307 μετά
800 5235 864 5306 δή
910 5252 990 5287 τοι
1023 5234 1121 5296 τὰς
1173 5231 1283 5286 ἀπὸ
1330 5230 1436 5284 τῶν
1493 5229 1777 5303 ἱστορικῶν

185 5330 429 5403 Γραφῶν
484 5329 712 5396 ἐκλογὰς
770 5328 1041 5399 μετίωμεν
1085 5326 1175 5380 ἐπὶ
1211 5324 1278 5377 τὰ
1313 5323 1561 5394 στιχήρη,
1597 5323 1677 5375 ὅτι
1704 5321 1772 5391 δὴ

181 5419 364 5473 ταῦτα
397 5422 508 5481 τοῖς
549 5418 757 5490 χρόνοις
788 5417 892 5469 τῶν
922 5416 1122 5470 λοιπῶν
1156 5414 1498 5486 προφητειῶν
1528 5415 1770 5483 ἡγεῖται·

183 5512 400 5564 τούτων
434 5510 489 5563 δὲ
525 5511 717 5581 πρῶτα
746 5509 945 5581 ἴδωμεν
970 5508 1038 5562 τὰ
1062 5509 1168 5562 ἀπὸ
1192 5508 1298 5561 τῶν
1327 5505 1593 5577 Ψαλμῶν.

1957 5045 2084 5100 Haec
2124 5053 2252 5101 sunt
2298 5044 2365 5098 de
2408 5043 2594 5099 Esdra:
2638 5043 2816 5108 libro;
2846 5041 2900 5094 in
2926 5040 3066 5094 libro
3099 5038 3292 5093 Esther
3318 5036 3450 5091 nihil

1889 5139 2034 5207 quod
2069 5137 2135 5191 ad
2173 5136 2511 5207 propositum
2545 5140 2772 5203 spectet,
2807 5132 3134 5186 invenimus.
3174 5129 3449 5184 Absolutis

1888 5226 2056 5296 igitur
2104 5226 2492 5280 historicarum
2540 5223 2948 5290 Scripturarum
2991 5221 3213 5287 eclogis,
3259 5217 3327 5270 ad
3389 5234 3449 5271 ea

1885 5333 2005 5388 qua:
2062 5317 2314 5372 versibus
2368 5316 2570 5384 scripta
2617 5321 2746 5368 sunt
2802 5321 3170 5374 transeamus,
3219 5324 3359 5377 quae,
3405 5309 3449 5363 si

1884 5420 2188 5482 temporum
2233 5416 2479 5464 servetur
2526 5408 2695 5472 ordo,
2729 5407 2939 5461 caeteris
2970 5405 3271 5476 prophetiis
3301 5412 3447 5460 antc-

1879 5511 2028 5561 cunt.
2065 5501 2109 5556 A
2131 5500 2364 5556 Psalmis
2388 5499 2553 5571 igitur
2582 5498 2950 5554 exordiantur.

263 5677 310 5706 ”
353 5673 367 5726 Ι
407 5671 584 5730 Paral.
624 5688 768 5734 xvtt,
811 5670 982 5727 ll-M.
1062 5673 1106 5702 ’⁸
1146 5670 1188 5724 ll
1222 5671 1396 5725 Paral.
1436 5687 1521 5734 vt,
1563 5669 1643 5723 l7.
1720 5670 1766 5700 "

1911 5667 2065 5723 Esdr.
2099 5681 2169 5726 tv,
2210 5664 2397 5721 56-40.
2479 5665 2520 5696 "’
2563 5660 2717 5717 Joan.
2755 5677 2865 5725 nv,
2899 5660 2954 5717 6.
