3954 6502
530 468 658 520 1091

1244 459 1514 516 EUSEBII
1555 453 2038 514 CASSARIENSIS
2075 453 2225 510 OPP.
2267 451 2448 510 PARS
2487 451 2572 508 Ill.
2613 485 2680 494 —
2711 447 3099 508 EXEHETICA

3633 459 3752 512 5093

528 578 604 658 sit
631 585 684 631 et
714 574 1094 631 rarissimum?
1141 573 1318 628 Mente
1365 573 1530 628 etiam
1577 569 2100 640 ampliﬁcatur-laus

2213 565 2347 636 μηδέ
2385 564 2489 636 μὴν
2521 565 2656 627 ὃλως
2687 565 2944 634 ἐπιϐῆναι
2978 564 3074 635 τὴν
3106 567 3302 636 ἀρχην,
3345 566 3482 637 μηδέ
3505 569 3678 639 στῆναι
3705 575 3752 626 ἐν

531 670 634 724 viri
662 669 729 723 de
755 683 863 738 quo
895 667 986 720 hic
1009 663 1214 720 mentio
1247 664 1496 718 habetur.
1547 661 1731 732 Neque
1775 661 1920 715 enim
1957 660 2109 724 abiit,

533 764 629 825 ait,
661 775 837 830 neque
869 759 1041 821 stetit,
1077 771 1254 826 neque
1296 755 1435 811 sedit
1479 755 1534 808 in
1565 753 1765 808 talibus
1797 752 2112 824 improbita-

529 851 602 905 tis
632 850 918 920 speciebus
948 867 962 902 :
990 862 1161 918 quare
1178 846 1338 900 nobis
1359 845 1579 900 videtur
1604 845 1690 898 hic
1712 851 1914 898 aaterne
1949 850 2113 912 atque

529 943 584 997 in
613 941 870 997 omnibus
901 939 1218 1010 praecellens
1249 939 1342 992 illo
1375 937 1533 993 beato
1567 937 1866 1006 designari.
1913 935 2110 991 Multos

527 1032 746 1103 quidem
805 1031 992 1086 videre
1044 1039 1128 1084 est
1181 1029 1464 1100 diligentia
1521 1036 1684 1096 atque
1723 1025 2112 1080 exercitatione

525 1125 875 1194 conspicuos,
925 1122 1020 1178 sed
1064 1119 1374 1178 istiusmodi
1421 1119 1697 1172 neminem
1729 1118 1973 1184 psalmus
2015 1115 2108 1170 de-

528 1219 742 1274 scribit.
825 1216 882 1271 Si
929 1217 1052 1288 quis
1102 1218 1247 1272 enim
1310 1214 1554 1270 attendat
1616 1220 1882 1282 quantum
1935 1209 2005 1264 sit
2053 1209 2108 1260 in

527 1310 784 1364 omnibus
814 1323 1076 1378 prospere
1121 1307 1336 1372 cedere,
1379 1312 1526 1360 recte
1569 1319 1753 1358 coram
1783 1301 1892 1355 Deo
1919 1298 2110 1353 ambu-

523 1401 663 1464 lare,
707 1401 762 1452 in
793 1400 938 1453 nulla
971 1415 1030 1453 re
1061 1411 1267 1462 errare,
1307 1412 1482 1466 neque
1510 1412 1540 1450 a
1585 1395 1803 1448 virtutis
1829 1391 2109 1462 proposito

527 1491 824 1554 declinare,
869 1491 1012 1545 sicut
1057 1489 1109 1542 in
1158 1489 1264 1542 hoc
1315 1489 1525 1558 psalmo
1569 1486 1811 1540 dicitur:
1857 1505 1874 1536 ι
1914 1483 2106 1538 Omnia

529 1597 866 1653 quaecunque
895 1580 1076 1644 l'aciet,
1109 1581 1584 1650 prosperabuntur
1606 1581 1686 1638 9’;
1729 1599 1747 1630 ι
1789 1578 1836 1632 si
1859 1577 1984 1648 quis
2015 1591 2106 1630 re-

530 1681 682 1743 putet
706 1673 865 1742 quale
889 1671 980 1734 sit,
1007 1673 1458 1741 praedicariquas't
1477 1671 1527 1724 in
1553 1670 1806 1725 omnibus
1829 1669 2104 1738 propriam

528 1767 858 1820 voluntatem
892 1781 1014 1820 cum
1043 1763 1254 1818 Domini
1287 1765 1404 1835 lege
1443 1771 1868 1818 consentaneam
1902 1763 2108 1816 haben-

2214 658 2394 719 αὐτοῖς
2414 697 2427 720 ,
2487 657 2603 720 πῶς
2647 657 2708 708 οὑ
2743 657 3054 728 θαυμαστόν
3100 674 3151 710 τι
3191 660 3380 730 χρῆμα
3427 661 3520 713 καὶ
3561 665 3750 717 σπάνιον

2211 751 2504 819 τυγχάνει;
2553 750 2890 820 Παρίσταται
2927 749 2982 801 δὲ
3014 749 3214 820 μᾶλλον
3257 754 3323 822 τῇ
3367 752 3574 824 διανοίᾳ.
3605 772 3766 826 παραι,

2211 841 2445 904 τατικῶς
2486 841 2750 912 εἰρημένα
2785 841 2853 892 τὰ
2887 840 2982 893 τοῦ
3013 841 3344 912 δηλουμένων
3387 844 3576 916 ἀνδρὸς
3605 847 3750 914 ἐγκώ-

2213 950 2312 1002 μια
2332 949 2344 961 ·
2381 929 2504 984 οὔτε
2531 931 2638 1003 γὰρ
2669 932 2960 1004 ἐπορεύθη,
2991 935 3176 1004 φησὶν,
3203 935 3314 987 οὔτ’
3339 935 3493 1007 ἔστη,
3519 937 3622 990 οὔτ’
3645 942 3753 993 ἐκάο

2211 1023 2360 1078 θισεν
2413 1027 2470 1078 ἐν
2519 1028 2632 1088 τοῖς
2695 1025 2920 1080 τοιοῖσδε
2971 1027 3070 1098 τῆς
3117 1026 3316 1090 κακίας
3377 1028 3562 1092 εἴδεσι,
3617 1029 3674 1082 δι’
3695 1025 3754 1082 ὧν

2209 1113 2534 1185 ἐμφαίνεται
2561 1117 2595 1185 ἡ
2625 1115 2686 1167 ἐκ
2715 1115 2808 1168 τοῦ
2839 1115 2929 1168 ἀεὶ
2959 1117 3052 1170 καὶ
3076 1117 3160 1169 διὰ
3189 1117 3390 1181 παντὸς
3420 1120 3660 1192 ἐνάρετος
3679 1121 3758 1174 τοῦ

2213 1205 2650 1279 μακαριζομένου
2703 1207 3051 1272 κατάστασις.
3111 1209 3346 1273 Πολλοὺς
3403 1211 3501 1281 μὲν
3537 1209 3624 1264 οὖν
3653 1216 3758 1276 τοὺς

2207 1299 2272 1350 ἐκ
2298 1299 2570 1370 προσοχῆς
2590 1299 2683 1351 καὶ
2705 1299 2990 1370 ἀσκήσεως
3014 1300 3448 1373 κατωρθωκότας
3475 1303 3573 1356 ῑδοι
3595 1305 3654 1356 ἄν
3671 1321 3758 1366 τις,

2207 1390 2395 1442 οὐδένα
2425 1407 2486 1466 γε
2521 1389 2624 1460 μὴν
2659 1389 2897 1444 τοιοῦτον
2940 1391 3121 1443 ὁποῖον
3153 1393 3181 1444 ὁ
3210 1393 3424 1463 ψαλμὸς
3460 1393 3756 1464 διαγράφεγ

2207 1484 2256 1534 εί
2287 1480 2342 1534 δέ
2387 1481 2680 1552 θεωρήσειέ
2723 1499 2806 1545 τις
2846 1477 3104 1554 ὁπηλίκον
3148 1485 3294 1538 ἐστὶν
3333 1484 3394 1537 τδ
3439 1485 3574 1556 πρὸς
3605 1469 3794 1540 πέντε

2209 1575 2416 1644 ειῦροεῖν
2451 1575 2544 1626 καὶ
2577 1573 2719 1626 κατὰ
2744 1574 2873 1627 Θεὸν
2903 1576 3216 1630 εὐοδοῦσθαι
3251 1579 3306 1630 ἐν
3340 1577 3530 1647 μηδενὶ
3559 1579 3760 1645 σφαλλό-

2210 1683 2402 1736 μενον,
2451 1667 2572 1738 μηδ’
2599 1668 2976 1721 ἀποπίπτοντα
3031 1669 3124 1722 τοῦ
3169 1671 3288 1722 κατ’
3319 1669 3520 1741 ἀρετὴν
3555 1671 3756 1734 σκοποῦ,

2207 1757 2282 1820 ὠς
2321 1758 2460 1812 κατὰ
2503 1759 2662 1811 τοῦτο
2708 1757 2961 1826 λέγεσθαι
3011 1762 3070 1812 ἐν
3113 1760 3190 1831 τῷ
3244 1761 3446 1832 ψαλμῷ
3493 1761 3574 1820 τὸ.
3619 1783 3636 1812 ι
3665 1763 3758 1815 Καὶ

527 1864 659 1921 tem,
678 1865 840 1928 atque
863 1873 1082 1928 operam
1112 1858 1424 1927 impendere
1451 1857 1596 1911 illius
1625 1855 1966 1910 meditationi
1997 1870 2100 1908 non

2207 1850 2385 1903 πάντα
2427 1852 2526 1904 ὃσα
2568 1851 2634 1904 ἂν
2671 1854 2820 1922 ποιῇ,
2866 1852 3401 1923 κατευοδωθήσεται·
3439 1875 3458 1904 ι
3519 1853 3599 1906 ἔτι
3641 1854 3694 1906 δέ
3721 1857 3760 1906 τί

531 1957 740 2004 tantum
766 1957 876 2004 tota
901 1950 1008 2014 die,
1036 1949 1130 2006 sed
1157 1959 1210 2006 et
1239 1961 1422 2012 nocte,
1452 1949 1710 2020 vigilibus
1746 1949 1944 2003 mentis
1973 1963 2100 2002 ocu-

2208 1941 2594 2011 κατανοήσειεν
2659 1942 2840 1994 ὁποῖόν
2895 1943 3008 1994 ἐστι
3073 1942 3135 1994 τὸ
3197 1943 3608 2015 ἀνακεκρᾶσθαι
3657 1945 3762 1996 τινὰ

529 2043 598 2097 lis
627 2058 841 2114 semper
869 2043 924 2098 in
949 2058 1068 2097 eam
1100 2045 1401 2107 conversis,
1438 2051 1491 2097 et
1519 2059 1625 2096 non
1657 2049 1865 2096 tantmn
1893 2040 2100 2094 diurnis

2207 2031 2493 2104 όμοδοξοῦν
2554 2033 2744 2103 ἔχοντα
2795 2033 2858 2085 τὸ
2921 2029 3049 2086 ἴδιον
3096 2033 3262 2087 αὐτοῦ
3327 2034 3541 2104 θέλημα
3583 2035 3642 2086 τὸ
3683 2035 3760 2086 τοῦ

527 2136 783 2206 operibus
813 2137 896 2192 vel
929 2136 1298 2199 sermonibus,
1350 2136 1444 2190 sed
1473 2146 1528 2191 et
1556 2152 1651 2206 per
1687 2151 1936 2191 somnum
1962 2134 2107 2203 cogi-

523 2227 827 2282 tationibus
873 2237 1037 2298 atque
1079 2228 1558 2299 imaginationibus
1612 2229 1668 2282 in
1715 2227 1818 2281 hac
1871 2224 2102 2282 medita-

527 2321 674 2376 tione
719 2329 1017 2384 versatum,
1069 2328 1402 2392 compertam
1433 2319 1657 2374 habebit
1711 2318 2102 2374 sublimitatem

527 2412 674 2468 illius
719 2429 877 2483 quem
929 2413 1063 2468 adeo
1095 2412 1398 2483 perfectum
1445 2411 1539 2466 Dei
1577 2409 1816 2482 Spiritus
1849 2417 2100 2464 testatur.

527 2504 596 2557 At
637 2505 684 2559 si
732 2505 974 2558 omnium
1023 2519 1296 2559 consensu
1337 2503 1455 2557 haec
1491 2503 1784 2556 humanam
1845 2507 2105 2569 superant

529 2605 806 2659 naturam,
831 2595 924 2648 uni
949 2593 1114 2664 igitur
1145 2597 1260 2650 viro
1291 2609 1532 2662 congrua
1558 2607 1682 2647 esse
1705 2599 1956 2661 possunt,
1975 2599 2104 2644 nato

527 2688 777 2742 videlicet
805 2703 834 2742 e
865 2685 1084 2740 Davidis
1132 2687 1339 2742 semine
1383 2685 1684 2740 secundum
1723 2698 1944 2738 carnem
1973 2681 2104 2737 Jesu

526 2777 766 2844 Christo,
805 2777 1032 2830 Domino
1058 2788 1110 2830 et
1131 2774 1402 2832 Salvatori
1433 2781 1646 2838 nostro,
1671 2773 1737 2828 de
1766 2787 1875 2844 quo
1897 2772 2016 2828 solo
2047 2771 2102 2826 in

527 2865 665 2920 Isaia
693 2883 721 2920 a
755 2866 960 2937 Spiritu
989 2865 1176 2920 divino
1207 2873 1575 2928 memoratur,
1617 2883 1636 2915 ι
1667 2865 1810 2935 quod
1843 2865 2104 2936 iniquita-

530 2963 636 3008 tem
667 2970 772 3008 non
805 2954 1011 3018 fecerit,
1043 2971 1220 3023 neque
1250 2955 1410 3009 dolus
1455 2953 1616 3008 fuerit
1643 2957 1696 3008 in
1725 2970 1819 3010 ore
1849 2955 1970 3024 ejus
2001 2957 2038 3010 ί.
2077 2976 2096 3008 ι

521 3035 664 3100 Cum
695 3061 758 3100 ea
790 3046 1238 3116 interpretatione
1265 3047 1424 3116 plane
1455 3048 1708 3115 congruit
1734 3045 1997 3102 llebraica
2029 3048 2104 3102 le-

527 3140 658 3202 ctio,
687 3139 914 3192 articulo
943 3153 1198 3210 expresse
1225 3137 1470 3192 adhibito
1503 3158 1516 3193 :
1553 3159 1570 3190 ι
1613 3139 1810 3194 Beatus
1839 3141 1928 3196 ille
1961 3140 2097 3196 vir.»

519 3231 764 3304 lDecebat
793 3231 1012 3301 quidem
1043 3237 1249 3301 patrem
1275 3232 1576 3286 secundum
1605 3247 1823 3287 carnem
1856 3231 2103 3286 Salvato~

519 3319 606 3378 'ris
640 3324 811 3378 nostri
853 3321 1106 3378 Davidem
1129 3365 1144 3389 ,
1173 3323 1258 3377 cui
1289 3324 1616 3392 promissum
1642 3323 1820 3378 fuerat
1859 3325 2102 3380 nascitu-

519 3399 647 3492 jrum
680 3414 748 3468 ab
777 3414 949 3484 ipsius
979 3415 1186 3470 semine
1199 3414 1498 3480 Christum,
1523 3415 1627 3470 hoc
1658 3417 1960 3487 prOpbetiis
1986 3417 2100 3473 suis

526 3505 805 3576 imponere
845 3508 1190 3575 procemium.
1251 3507 1348 3562 Cui
1381 3516 1561 3563 autem
1592 3525 1702 3564 non
1728 3510 1999 3580 ingratum
2024 3510 2101 3564 vi-

526 3597 746 3652 debitur
765 3587 832 3654 ea
862 3617 983 3670 qua:
1008 3601 1074 3656 de
1098 3599 1380 3656 Salvatore
1410 3601 1464 3656 in
1493 3601 1702 3671 psalmo
1729 3611 2100 3657 memorantur

523 3689 814 3746 manifeste
845 3693 1171 3762 perspicere,
1219 3693 1272 3746 in
1319 3707 1444 3747 eum
1487 3692 1909 3749 commentarios
1933 3693 2098 3749 altius

437 3767 450 3777 ’
525 3785 858 3852 perscrutari
888 3785 1036 3838 libet.

2156 3335 2171 3356 ‘
2212 3347 2230 3380 ι
2265 3331 2343 3383 ὅτι
2399 3329 2472 3402 μὴ
2518 3331 2788 3402 ἁμαρτίαν
2858 3331 3115 3401 ἐποίησε,

2207 2125 2412 2198 Κυρίου
2460 2126 2648 2197 νόμῳ,
2691 2126 2753 2179 τό
2795 2143 2854 2178 τε
2913 2125 3139 2199 μελετᾷν
3189 2128 3250 2178 ἐν
3296 2126 3446 2197 αὐτῷ
3495 2129 3572 2198 μὴ
3627 2127 3762 2198 μόνον

2204 2217 2270 2270 δι’
2297 2217 2424 2288 ὅλης
2453 2218 2666 2289 ἡμέρας
2705 2219 2840 2272 ἀλλὰ
2869 2221 2960 2272 καὶ
2991 2220 3078 2272 διὰ
3103 2217 3203 2288 τῆς
3229 2219 3422 2283 νυκτὸς
3459 2220 3762 2290 ἐγρηγορόσι

2204 2312 2316 2374 τοῖς
2361 2311 2461 2380 τῆς
2505 2311 2742 2375 διανοίας
2790 2311 3088 2382 ὀφθαλμοῖς
3143 2315 3222 2376 εἰς
3277 2312 3440 2366 αὐτὸν
3489 2311 3760 2385 ἐνορῶντα,

2205 2403 2300 2455 καὶ
2342 2405 2461 2454 κατ’
2497 2403 2660 2456 αὑτὸν
2700 2403 2761 2456 οὐ
2811 2403 2967 2473 μόνον
3017 2405 3126 2468 τοῖς
3171 2404 3291 2474 μεθ’
3338 2405 3550 2475 ἡμέραν
3605 2405 3762 2475 ἔργοις

2203 2511 2264 2547 τε
2297 2497 2389 2548 καὶ
2429 2495 2626 2564 λόγοις,
2651 2495 2784 2550 ἀλλὰ
2821 2497 2914 2549 καὶ
2955 2499 3074 2562 ταῖς
3115 2498 3254 2550 κατὰ
3295 2497 3384 2550 τὸν
3415 2496 3585 2550 ὕπνον
3629 2497 3760 2550 ἐνθυ-

2209 2587 2404 2658 μήσεσι
2453 2588 2545 2640 καὶ
2589 2588 2909 2658 φαντασίαις
2951 2588 3292 2658 ἐνεργοῦντα,
3327 2591 3531 2642 εἵσεται
3580 2589 3640 2642 τὸ
3681 2589 3758 2658 μέ-

2205 2678 2362 2747 γεθος
2422 2679 2515 2732 τοῦ
2564 2680 2734 2733 ταῦτα
2801 2681 3222 2752 κατωρθωκέναι
3288 2680 3425 2752 πρὸς
3483 2679 3580 2733 τοῦ
3639 2679 3758 2732 θείου

2206 2769 2525 2839 Πνεύματος
2589 2771 3054 2842 μαρτυρουμένου.
3136 2771 3272 2823 Ἀλλ’
3335 2773 3384 2823 εί
3447 2771 3543 2824 καὶ
3605 2773 3758 2822 πᾶσαν

2204 2859 2648 2932 ὁμολογουμένως
2680 2862 2776 2934 τὴν
2801 2863 3140 2933 ἀνθρωπείαν
3173 2861 3590 2934 ὑπερακοντίζει
3623 2862 3760 2932 φύσιν

2203 2952 2273 3006 τὰ
2307 2952 2622 3025 λελεγμένα,
2668 2955 2748 3007 lvi.
2784 2953 2827 3006 δ’
2857 2951 2949 3008 οὖν
2991 2954 3146 3026 ἀνδρὶ
3189 2954 3338 3026 μόνῳ
3377 2954 3674 3026 ἐφαρμόζοι
3703 2953 3758 3006 ἂν

2203 3046 2282 3117 τῷ
2323 3049 2597 3119 γενομένῳ
2639 3051 2701 3101 ἐκ
2745 3048 3056 3120 σπέρματος
3101 3049 3264 3102 Δαυὶδ
3309 3049 3368 3102 τὸ
3409 3047 3551 3100 κατά
3601 3047 3758 3116 σάρκα

2217 3140 2388 3209 Ἰησοῦ
2417 3141 2636 3213 Χριστῷ
2661 3141 2738 3212 τῷ
2771 3141 2960 3214 Κυρίῳ
2991 3141 3084 3194 καὶ
3111 3142 3320 3212 Σωτῆρι
3347 3141 3526 3214 ἡμῶν.
3635 3141 3762 3210 μένῳ

2205 3240 2340 3311 πρὸς
2371 3239 2464 3293 τοῦ
2496 3242 2554 3294 ἐν
2580 3221 2777 3312 Ἠσαίᾳ
2809 3241 2954 3294 θείου
2983 3241 3297 3312 Πνεύματος
3333 3239 3754 3312 μεμαρτύρηται,

3179 3331 3312 3403 μηδέ
3359 3330 3558 3403 εὑρέθη
3625 3329 3756 3392 δόλος

2206 3423 2264 3476 ἐν
2308 3422 2386 3493 τῷ
2437 3423 2662 3493 στόματι
2718 3423 2902 3478 αὐτοῦ.
2937 3443 2956 3474 ι
3015 3423 3088 3475 Τὸ
3137 3424 3182 3476 δ’
3219 3422 3628 3492 ἐπιδεδεγμὲνον
3671 3419 3758 3488 τῆς

2205 3513 2432 3584 ἐκδοχῆς
2477 3513 2802 3586 παρίστησιν
2841 3517 2874 3585 ἡ
2919 3516 3060 3570 κατὰ
3109 3514 3172 3568 τὸ
3205 3513 3492 3586 Ἐὁραῖκὸν
3541 3510 3758 3576 ἔντευξις

2205 3605 2680 3676 ἐπιτετηρημένως
2712 3605 2884 3670 οὕτως
2915 3607 3141 3678 ἔχουσα⁸
3167 3626 3186 3658 ι
3209 3607 3490 3676 Μακάριος
3523 3607 3552 3658 ό
3577 3603 3756 3674 ἀντήρη

2208 3695 2346 3766 μετὰ
2389 3696 2489 3766 τῆς
2514 3695 2716 3768 ἄρθρου
2769 3695 3117 3768 προσθήκης·
3173 3695 3267 3748 καὶ
3297 3693 3538 3764 ἔπρεπεν
3583 3709 3644 3762 γε
3679 3693 3757 3743 τὸν

2203 3787 2345 3841 κατά
2397 3789 2577 3860 σάρκα
2615 3787 2708 3842 τοῦ
2757 3789 3006 3862 Σωτῆρος
3047 3787 3204 3860 ἡμῶν
3261 3787 3415 3856 (ll-18
3449 3787 3530 3858 νυ)
3562 3801 3756 3857 χρημα-

527 3873 750 3928 τίσαντα
795 3875 1004 3946 πατέρα
1041 3876 1234 3938 Δαυίδ,
1283 3874 1614 3943 ἐπαγγελίαν
1649 3873 1910 3945 εἰληφότα
1959 3875 2088 3948 περὶ
2124 3877 2218 3932 τοῦ
2267 3881 2332 3934 ἐκ
2404 3881 2715 3953 σπέρματος
2756 3879 2919 3934 αὐτοῦ
2967 3879 3327 3952 τεχθήσεσθαι
3393 3876 3486 3932 τδν
3527 3877 3754 3950 Χριστὸν.

525 3965 700 4036 τούτῳ
747 3967 844 4037 τὴν
884 3966 1133 4038 ἀπαρχὴν
1210 3966 1309 4036 τῆς
1353 3967 1546 4020 ἑαυτοῦ
1598 3969 1932 4038 προφητείας
1991 3969 2286 4023 ἀναθεῖναι.
2345 3971 2492 4043 Ὅτῳ
2549 3973 2605 4024 δὲ
2685 3971 2838 4042 φίλον
2916 3971 3206 4040 διαγνῶναι
3269 3969 3332 4024 τὸ
3377 3969 3606 4041 ἀκριϐὲς
3669 3965 3754 4034 τῆς

528 4064 622 4119 ἐπὶ
681 4061 772 4114 τὸν
828 4062 1052 4133 Σωτῆρα
1103 4061 1210 4114 τῶν
1271 4064 1327 4114 ἐν
1385 4061 1464 4132 τῷ
1519 4061 1720 4135 ψαλμῷ
1781 4063 2088 4136 λεγομένων
2125 4068 2402 4136 ἀναφορᾶς
2423 4107 2436 4133 ,
2481 4070 2593 4130 τοῖς
2632 4069 2712 4132 είς
2750 4067 2911 4121 αὑτὸν
2959 4065 3572 4140 ὑπομνηματισαμένοις
3623 4063 3754 4114 ἐντυ-

528 4154 638 4228 χὼν
666 4155 864 4210 εἴσεται
874 4198 887 4210 .

1132 4276 1361 4333 CAPUT
1421 4275 1484 4332 Il.

1016 4367 1063 4422 E
1105 4371 1309 4440 psalmo
1353 4370 1600 4428 secundo.

603 4478 623 4512 ι
654 4459 833 4528 Quare
877 4461 1214 4519 fremuerunt
1262 4471 1473 4534 gentes,
1520 4473 1574 4519 et
1623 4465 1806 4537 p0puli
1850 4467 2096 4524 meditati

524 4562 653 4606 sunt
695 4552 913 4606 inania?
973 4553 1275 4610 Astiterunt
1324 4571 1484 4626 reges
1515 4565 1706 4621 terrae,
1741 4569 1794 4612 et
1819 4560 2095 4630 principes

523 4653 896 4698 convenerunt
921 4645 974 4698 in
1003 4663 1167 4700 unum
1201 4649 1463 4704 adversus
1507 4647 1794 4704 Dominum
1825 4661 1878 4706 et
1901 4651 2096 4706 adver-

2729 4277 3128 4334 ΚΕΦΑΛΑΙΟΝ
3174 4279 3248 4331 B'.

2697 4373 2946 4442 Ψαλμοῦ
2985 4371 3224 4441 δευτέρο
3233 4390 3285 4427 υ.

2278 4485 2296 4518 ι
2319 4465 2478 4521 Ἱνατί
2507 4465 2782 4536 ἐφρύαξαν
2817 4464 2965 4537 ἔθνη,
2993 4465 3088 4518 καὶ
3117 4463 3234 4516 λαοὶ
3261 4461 3596 4534 ἐμελέτησαν
3619 4459 3749 4522 atavi;

2201 4559 2560 4632 Παρέστησαν
2608 4559 2658 4610 οἱ
2701 4557 2941 4628 βασιλεῖς
2979 4557 3079 4628 τῆς
3111 4557 3244 4629 γῆς,
3290 4555 3386 4609 καὶ
3435 4556 3486 4608 οί
3517 4556 3750 4626 ἄρχοντες

2201 4655 2544 4725 συνήχθησαν
2576 4653 2668 4704 ἐπὶ
2709 4650 2769 4703 τὸ
2796 4650 2928 4703 αὐτὸ
2963 4649 3106 4702 κατὰ
3135 4647 3228 4701 τοῦ
3253 4647 3482 4718 Κυρίου,
3517 4648 3610 4701 καὶ
3633 4643 3752 4698 κατὰ

523 4749 620 4789 sus
643 4733 918 4790 Christum
955 4739 1072 4806 ejus
1095 4743 1166 4792 ι.»
1202 4739 1256 4794 In
1290 4743 1658 4810 apostolorum
1693 4743 1921 4799 Actibus
1955 4744 2096 4800 hanc

2205 4747 2292 4800 τοῦ
2315 4745 2548 4818 Χριστοῦ
2583 4743 2768 4798 αὐτοῦ,
2803 4763 2821 4794 ι
2871 4745 2957 4796 Ἐν
2986 4745 3104 4804 ταῖς
3135 4741 3244 4795 τῶν
3275 4739 3588 4793 ἀποστόλων
3627 4737 3750 4805 11ρά-

523 4827 800 4896 impletam
827 4829 992 4884 fuisse
1017 4833 1352 4900 prophetiam
1384 4835 1564 4890 testati
1599 4843 1726 4888 sunt
1749 4836 1842 4905 qui
1869 4834 2092 4892 Petrum

523 4927 576 4972 et
597 4917 860 4974 Joannem
897 4921 1166 4976 mirabilia
1202 4939 1322 4992 quae
1367 4923 1470 4992 ipsi
1519 4924 1766 4978 viderant
1807 4935 2094 4982 narrantes

523 5014 800 5068 audivere.
829 5013 1177 5068 Gratulantes
1209 5015 1377 5084 igitur
1411 5015 1554 5083 quod
1583 5023 1664 5070 tot
1693 5017 1958 5071 miracula
1989 5019 2094 5073 sibi

525 5104 866 5172 acciderant,
899 5105 984 5160 his
1015 5115 1370 5176 perrexerunt
1403 5107 1584 5161 verbis
1613 5127 1624 5162 :
1659 5127 1677 5160 ι
1708 5109 2094 5165 Convenerunt

521 5198 664 5251 enim
695 5213 822 5252 vere
845 5199 898 5251 in
925 5197 1146 5251 civitate
1173 5199 1274 5252 ista
1303 5198 1566 5272 adversus
1592 5211 1838 5254 sanctum
1865 5217 2090 5272 puerum

523 5297 674 5344 tuum
697 5287 904 5350 Iesum,
941 5305 1100 5360 quem
1136 5291 1360 5349 unxisti.
1395 5291 1636 5348 Herodes
1661 5304 1715 5348 et
1743 5293 1972 5349 Pontius
2003 5293 2093 5348 Pi-

525 5389 684 5446 latus,
729 5398 850 5437 cum
877 5384 1128 5454 gentibus
1171 5392 1225 5438 et
1263 5385 1476 5454 populis
1505 5385 1671 5441 Israel
1703 5387 1744 5442 ³.
1777 5407 1796 5437 ι
1839 5385 1956 5442 Non
1991 5388 2090 5442 soli

524 5475 664 5531 enim
715 5478 806 5544 qui
851 5475 955 5530 hoc
995 5482 1238 5546 tempore
1285 5477 1552 5531 Salvatori
1603 5487 1798 5533 nostro
1847 5479 2088 5534 insidiati

525 5575 671 5630 sunt,
708 5567 966 5622 adversus
995 5585 1119 5624 eum
1151 5577 1544 5628 convenerunt.
1600 5570 1695 5624 sed
1743 5579 1796 5626 et
1833 5571 2090 5642 deinceps

527 5675 668 5712 nunc
705 5675 876 5730 usque
911 5677 1066 5732 reges
1107 5669 1162 5716 et
1193 5661 1502 5732 principes,
1552 5664 1928 5733 universaque
1959 5679 2092 5734 gen-

461 5781 474 5796 -
525 5759 606 5806 tes
636 5760 689 5807 et
721 5755 938 5823 populi,
985 5755 1078 5824 qui
1123 5755 1642 5824 blasphemaverunt
1686 5770 1811 5810 eum
1861 5740 2092 5826 ejusque

2201 4837 2315 4901 ξεσι
2361 4836 2454 4889 καὶ
2497 4835 2702 4905 ταύτην
2764 4833 3156 4905 πεπληρῶσθαι
3205 4832 3304 4902 τὴν
3347 4829 3674 4901 προφητείαν
3707 4826 3750 4876 oi

2197 4929 2292 4982 τοῦ
2322 4929 2528 4999 Πέτρου
2573 4928 2668 4981 καὶ
2717 4927 2964 4980 Ἰωάννου
3003 4924 3070 4978 τὰ
3101 4923 3220 4976 κατ’
3252 4923 3450 4986 αὐτοὺς
3499 4917 3750 4992 παράδοξα

2199 5023 2566 5096 διηγουμένων
2603 5021 2936 5082 ἀκούσαντες
2976 5017 3382 5090 ἐμαρτύρησαν.
3435 5015 3750 5086 Εὑχαριστὴ-

2199 5131 2388 5176 σαντες
2437 5111 2546 5182 γὰρ
2601 5114 2718 5174 τοῖς
2759 5111 2842 5180 ἐφ’
2893 5105 2974 5172 οἷς
3026 5110 3221 5179 ἤκουον
3283 5107 3604 5178 θαυμασίοις
3653 5105 3750 5164 τοῖς

2199 5205 2572 5278 προεκτεθείσι
2609 5207 2793 5276 ῥητοῖς
2823 5204 3105 5272 ἐπήγαγον
3131 5202 3379 5270 λέγοντες
3399 5217 3415 5232 ·
3451 5219 3472 5252 ι
3505 5196 3748 5267 Συνήχθηο

2201 5317 2300 5352 σαν
2347 5299 2456 5368 γὰρ
2501 5300 2590 5349 ἐπ’
2641 5297 2899 5368 ἀληθείας
2954 5297 3046 5348 ἐπί
3096 5295 3158 5347 τὸ
3209 5293 3338 5347 αὐτὸ
3393 5295 3450 5345 ἐν
3503 5297 3564 5363 τῇ
3615 5291 3744 5343 πόλει

2195 5391 2366 5463 ταύτῃ
2393 5391 2484 5442 ἐπὶ
2512 5387 2604 5442 τὸν
2635 5389 2788 5458 ἅγιον
2811 5387 2976 5440 παῖδά
3006 5405 3120 5450 σου,
3161 5387 3220 5440 ὃν
3253 5388 3493 5458 ἔχρισας,
3529 5383 3744 5453 Ἡρώδης

2195 5500 2256 5535 τε
2306 5485 2398 5536 καὶ
2449 5481 2673 5546 Πόντιος
2736 5481 3002 5545 Πιλᾶτος,
3075 5481 3171 5533 σὺν
3237 5479 3416 5532 ἔθνεσι
3486 5479 3574 5531 κατ.
3615 5476 3744 5534 λαοῖς

2210 5574 2448 5644 Ἰσραήλ.
2491 5593 2508 5624 ι
2545 5573 2617 5625 Οὐ
2667 5573 2816 5643 μόνοι
2849 5571 2906 5624 δέ
2945 5571 3054 5643 ἄρα
3093 5573 3140 5624 οἱ
3178 5571 3298 5624 κατ’
3341 5571 3518 5623 ἐκεῖνο
3569 5563 3740 5636 καιροῦ

2195 5664 2683 5729 ἐπιῦουλεύσαντες
2723 5663 2802 5736 τῷ
2837 5666 3050 5736 Σωτῆρι
3090 5664 3246 5736 ἡμῶν
3275 5663 3604 5736 συνήχθησαν
3633 5657 3741 5710 κατ’

2199 5756 2386 5820 αὑτοῦ,
2433 5757 2572 5810 ἀλλὰ
2617 5759 2714 5812 καὶ
2755 5760 2804 5812 ot
2851 5757 3086 5828 καθεξῆς
3129 5757 3188 5824 ἐξ
3223 5757 3432 5810 ἐκείνου
3475 5755 3562 5808 καὶ
3597 5749 3738 5822 δεῦρο

593 5907 638 5939 ⁸⁸
677 5905 819 5964 Psal.
847 5925 885 5972 ι,
913 5909 973 5967 .3.
1049 5909 1064 5940 '
1107 5907 1212 5965 15a.
1251 5925 1380 5974 LIII,
1411 5909 1464 5964 9.
1542 5913 1562 5941 ³
1610 5910 1755 5966 Psal.
1793 5925 1864 5974 Il,
1902 5911 1949 5981 Ι,
1976 5910 2033 5966 2.

2205 5921 2290 5968 λοι.
2321 5928 2396 5980 Iv,
2431 5911 2522 5968 27.
