3954 6502
175 446 316 500 1093
1202 446 1492 502 ECLOGIE
1525 446 1723 504 PROPI

1826 447 2014 504 [‘lC/E.
2041 483 2107 492 —
2137 449 2266 508 ΗΒ.
2311 451 2372 506 11.
3300 455 3434 511 1006

170 566 407 638 βασιλεῖς
441 567 532 619 καὶ⁵
564 567 838 636 ἄρχοντες,
880 567 976 620 όλα
999 585 1057 620 τε
1091 567 1216 640 ἔθνη
1251 571 1346 622 κα⁴ι
1377 571 1514 636 λαοὶ,
1542 569 1630 623 διὰ
1655 588 1723 624 τοι

1855 572 2118 626 doctrinae
2165 573 2408 627 insidiati
2456 581 2605 629 sunt.
2659 572 2984 628 Persuasum
3020 580 3198 627 autem
3232 573 3434 630 habere

171 659 513 730 βλασφημεῖν
565 659 727 712 αὑτὸν
775 661 866 713 καὶ
916 660 1286 715 ἐπιϐουλεύειν
1336 663 1502 716 αὑτοῦ
1548 667 1614 734 τῇ
1665 664 1723 716 δι

1847 670 2060 732 oportet
2112 677 2218 716 non
2268 671 2478 718 tantum
2525 663 2770 718 visibiles
2820 664 2873 718 in
2911 663 3225 718 [toruinibus
3277 680 3433 734 reges

166 751 456 822 δασκαλίᾳ.
493 751 791 806 Πεπεῖσθαι
836 753 894 806 δέ
935 753 1040 825 χρὴ
1078 755 1150 825 μὴ
1189 755 1346 825 μόνον
1391 757 1515 820 τοὺς
1556 756 1612 808 ἐν
1650 758 1744 810 ἀν-

165 844 410 916 θρώποις
466 845 694 914 όρατοὺς
737 844 972 914 βασιλεῖς
1016 848 1108 900 καὶ¹
1144 847 1410 919 ἄρχοντας
1459 848 1744 902 ἐπιϐεϐου-

166 938 420 990 λευκέναι
464 936 640 1007 αὐτῷ,
681 937 813 990 πολὺ
857 939 913 991 δέ
962 938 1162 1008 μᾶλλον
1210 941 1336 1004 τοὺς
1381 941 1604 1012 νοητοὺς
1650 943 1746 995 καὶ

165 1031 436 1100 ἁοράτους
472 1029 736 1099 ἄρχοντας
779 1029 872 1082 τοῦ
906 1030 1100 1094 αἰῶνος
1130 1030 1353 1097 τούτου,
1398 1032 1446 1086 οἳ
1490 1034 1583 1086 καὶ
1620 1034 1740 1087 τότε

164 1122 478 1191 ἐνήργησαν
520 1121 611 1173 καὶ
663 1122 744 1184 είς
792 1121 871 1174 ἔτι
914 1121 1008 1175 νῦν
1054 1121 1368 1194 ἐνεργοῦσι,
1413 1125 1483 1177 τά
1522 1142 1580 1178 τε
1615 1125 1742 1195 ἔθνη

163 1217 258 1268 καὶ
295 1217 425 1278 τοὺς
473 1215 605 1268 κενὰ
649 1217 743 1269 καὶ
794 1218 874 1280 είς
915 1216 1089 1288 μάτην
1131 1216 1224 1270 τὸν
1267 1216 1360 1270 τοῦ
1399 1216 1533 1270 Θεοῦ
1579 1218 1743 1288 νόμον

165 1304 569 1374 μελετήσαντας
615 1304 778 1369 λαοὺς
833 1306 958 1369 τοὺς
998 1308 1062 1358 ἐκ
1110 1309 1427 1379 περιτομῆς,
1473 1309 1532 1361 οὐ
1586 1309 1742 1379 μόνον

160 1397 300 1450 κατὰ
340 1395 434 1449 τοῦ
461 1397 697 1468 Χριστοῦ
739 1397 832 1450 τοῦ
878 1397 1012 1450 Θεοῦ
1066 1397 1558 1470 βουλευσαμένους,
1606 1401 1740 1454 ἀλλὰ

138 1483 225 1539 ’δι’
259 1487 427 1540 αὐτοῦ
479 1488 570 1541 καὶ
615 1490 757 1541 κατὰ
806 1488 900 1542 τοῦ
936 1489 1250 1561 πέμψαντος
1297 1493 1459 1545 αὐτὸν
1504 1493 1737 1565 Πατρός·

159 1581 289 1650 περὶ
337 1574 411 1631 ὧν
456 1580 710 1634 ἁπάντων
743 1583 799 1634 ἐν
823 1581 902 1652 τῷ
929 1581 1127 1654 ψαλμῷ
1161 1583 1476 1655 ἐπιφέρεται
1518 1585 1599 1646 τὸ,
1641 1604 1657 1635 ι
1680 1585 1740 1638 '0

157 1672 434 1724 κατοικῶν
462 1675 518 1724 ἐν
544 1673 790 1744 οὐρανοῖς
823 1673 1178 1741 ἐκγελάσεται
1211 1676 1428 1738 αὐτοὺς,
1456 1677 1549 1728 καὶ
1577 1677 1604 1727 ὁ
1627 1675 1739 1728 Κύ-

161 1781 274 1833 ριος
300 1765 666 1835 ἐκμυκτηριεῖ
704 1763 917 1828 αὐτούς.
958 1763 1088 1818 Τότε
1120 1764 1340 1836 λαλήσει
1375 1766 1510 1836 πρὸς
1544 1766 1738 1830 αὐτοὺς

156 1855 215 1910 ἐν
246 1855 387 1924 ὀργῇ
419 1853 606 1916 αὑτοῦ,
645 1853 738 1906 καὶ
771 1854 829 1906 ἐν
856 1854 934 1925 τῷ
968 1853 1124 1926 θυμῴ
1165 1855 1330 1908 αὐτοῦ
1380 1855 1605 1928 ταράξει
1637 1857 1734 1910 αὐ-

1847 754 2230 824 priucipesque
2276 754 2324 808 ei
2372 753 2546 809 fuisse
2575 755 2860 809 insidiatos
2882 796 2898 817 ,
2927 756 3021 810 sed
3052 757 3224 809 multo
3257 755 3432 826 magis

1851 845 2128 914 spiritales
2163 845 2575 916 invisibilesque
2609 847 2771 915 hujus
2807 849 2990 902 sarculi
3019 847 3313 917 principes,
3338 849 3430 917 qui

1851 944 1980 990 tunc
2012 937 2446 1006 exagitaverunt,
2466 939 2609 992 sicut
2642 948 2694 994 et
2721 955 2867 993 nunc
2891 942 3189 1009 exagitant,
3216 949 3434 1010 gentes-

1845 1043 1951 1097 que
2003 1037 2056 1082 ct
2106 1029 2544 1086 circumcisionis
2591 1031 2821 1101 populos
2874 1031 3078 1087 frustra
3109 1040 3162 1086 et
3197 1033 3430 1102 nequid-

1842 1136 2004 1190 quam
2037 1121 2370 1192 divinazJegi
2407 1123 2714 1189 studentes,
2764 1139 2872 1177 non
2906 1131 3114 1176 tantum
3164 1124 3430 1180 adversus

1842 1211 2121 1267 Christum
2159 1212 2383 1278 Dei,sed
2414 1230 2508 1284 per
2539 1230 2686 1278 eum,
2721 1222 2774 1268 et
2807 1196 3069 1269 adversus
3098 1214 3310 1269 Patrem
3334 1214 3430 1286 qui

1843 1303 1995 1357 misit
2043 1304 2218 1367 illum,
2272 1304 2581 1360 insidiatos.
2661 1305 2736 1360 De
2790 1306 2876 1361 his
2909 1306 3168 1362 omnibus
3225 1308 3326 1362 hoc
3373 1309 3429 1362 in

1842 1395 2054 1464 psalmo
2099 1395 2319 1450 additur
2358 1415 2372 1450 :
2414 1415 2431 1446 ι
2469 1395 2570 1461 Qui
2622 1396 2829 1450 habitat
2877 1397 2929 1451 in
2974 1399 3130 1454 cmlis
3182 1397 3430 1452 irridebit

1841 1501 1958 1550 eos,
1985 1495 2038 1540 et
2065 1486 2330 1543 Dominus
2354 1489 2714 1542 subsannabit
2744 1505 2859 1543 eos.
2890 1489 3042 1543 Tunc
3074 1490 3326 1559 loquetur
3359 1489 3429 1543 ad

1847 1594 1944 1632 eos
1975 1579 2027 1633 in
2057 1580 2134 1632 ira
2169 1596 2289 1642 sua,
2321 1590 2372 1634 et
2406 1581 2456 1633 in
2491 1579 2676 1636 furore
2709 1596 2810 1636 suo
2843 1581 3190 1635 conturbabit
3218 1598 3311 1637 eos
3347 1583 3423 1636 ⁵.»

1839 1666 2049 1734 Quibus
2081 1668 2277 1723 deinde
2324 1669 2578 1724 Christus
2615 1670 2730 1739 ipse
2773 1671 2943 1734 dicit,
2997 1671 3425 1725 dominationem

1842 1775 1997 1815 suam
2048 1772 2172 1832 post
2222 1763 2534 1831 passionem
2579 1765 2934 1818 constitutam
2982 1779 3083 1820 nos
3135 1765 3424 1819 edocens:

1847 1869 1865 1902 ι
1897 1849 2010 1921 Ego
2035 1860 2217 1906 autem
2251 1855 2588 1909 constitutus
2633 1870 2752 1910 sum
2786 1870 2877 1908 rex
2907 1855 2976 1909 ab
3007 1870 3072 1909 eo
3103 1871 3266 1925 super
3292 1853 3425 1910 Sion

154 1945 305 2009 τοῦς.
344 1966 361 1996 ι
421 1940 515 2009 Οἷς
567 1945 695 2015 ἑξῆς
753 1946 916 2010 αὐτὸς
969 1949 997 2000 ό
1044 1946 1278 2018 Χριστὸς
1332 1947 1430 2019 τὴν
1491 1947 1626 2018 μετὰ
1676 1949 1723 2000 τί

1836 1944 2074 1992 montem
2110 1950 2358 1994 sanctum
2395 1941 2537 2010 ejus,
2590 1941 2895 2012 praedicans
2958 1953 3284 2014 praeceptum
3315 1944 3425 1999 Do-

155 2037 336 2101 πάθος
370 2038 740 2108 γεγενημένην
769 2040 895 2111 περὶ
933 2040 1091 2093 αὐτὸν
1126 2041 1434 2111 οἰκονομίαν
1470 2040 1737 2094 παιδεύων

154 2129 310 2198 ἡμᾶς
358 2145 559 2198 φησιν,
615 2147 633 2178 ι
667 2127 807 2197 Ἐγὼ
855 2129 912 2182 δέ
965 2128 1305 2200 κατεστάθην
1349 2129 1598 2200 βασιλεὺς
1645 2131 1736 2184 ὑπ’

153 2221 323 2274 αὐτοῦ
375 2221 469 2274 ἐπὶ
506 2219 640 2272 Σιὼν
681 2221 803 2291 ὅρος
849 2222 910 2274 τὸ
961 2221 1112 2290 ἅγιον
1157 2221 1358 2285 αὑτοῦ,
1409 2222 1735 2291 διαγγέλλων

151 2315 216 2368 τὸ
245 2315 574 2386 πρόσταγμα
606 2314 830 2386 Κυρίου.
876 2335 892 2364 ι
921 2316 992 2368 Οὐ
1025 2315 1128 2387 χρὴ
1179 2315 1423 2386 μέντοιγε
1464 2316 1602 2370 κατὰ
1634 2316 1734 2380 τὰς

165 2408 444 2461 Ἰουδαίων
490 2411 847 2478 χαμαιπετεῖς
898 2408 1191 2480 ὑπολήψεις
1232 2408 1330 2480 τὴν
1375 2402 1470 2462 τοῦ
1495 2407 1732 2480 Χριστοῦ

152 2502 436 2570 βασιλείαν
463 2501 652 2571 ὁμοίαν
677 2504 795 2565 ταῖς
822 2501 930 2554 τῶν
963 2500 1262 2573 ἀνθρώπων
1290 2502 1540 2573 ἡγεῖσθαι
1562 2504 1652 2556 ἐπί
1673 2503 1734 2556 τὸ

149 2593 292 2646 Σιὼν
315 2594 440 2663 ὅρος
467 2593 777 2663 σωματικὸν
808 2593 1239 2664 συστησομένην·
1275 2594 1411 2664 πρός
1443 2595 1494 2663 γ’
1520 2591 1613 2648 οῦν
1639 2593 1732 2647 τὸν

147 2687 508 2757 ἐρωτήσαντα
537 2685 697 2738 αὑτὸν
730 2686 777 2737 εί
809 2684 1057 2755 βασιλεὺς
1094 2686 1370 2756 τυγχάνει,
1401 2687 1731 2757 ἀπεκρίνατο

145 2781 347 2848 λέγων,
388 2800 406 2832 ι
427 2781 491 2832 Ἦ
524 2779 768 2849 βασιλεία
800 2781 832 2850 ή
870 2778 976 2850 ἐμὴ
1005 2779 1105 2831 οὐκ
1132 2779 1276 2830 ἐστιν
1309 2780 1372 2831 ἐκ
1400 2777 1494 2830 τοῦ
1524 2778 1728 2847 κόσμου

145 2873 342 2927 τούτου
363 2890 377 2903 ο
419 2894 435 2924 ι
479 2872 598 2926 ὅθεν
630 2873 693 2943 δὴ
723 2873 816 2926 καὶ
849 2870 1122 2941 βασιλείαν
1149 2872 1393 2942 οὐρανῶν
1427 2872 1730 2942 ἐπήγγελτο

142 2969 260 3030 τοῖς
305 2966 726 3019 πεπιστευκόσιν
769 2968 846 3028 εἰς
885 2965 1066 3027 αὑτὸν,
1113 2964 1208 3016 καὶ
1250 2964 1311 3016 τὸ
1345 2963 1480 3016 Σιὼν
1511 2963 1568 3016 δέ
1605 2963 1728 3035 ὅρος

141 3062 473 3131 ἐπουράνιον
501 3059 762 3128 ὑπάρχειν
785 3057 1020 3121 ἐδίδαξεν
1054 3057 1112 3109 οὑ
1146 3056 1304 3127 μόνος
1330 3059 1358 3110 ὁ
1385 3057 1724 3120 Ἀπόστολος,

140 3153 280 3205 ἀλλὰ
323 3153 418 3203 καὶ
460 3151 706 3203 πλεῖσται
745 3148 900 3202 ἄλλαι
938 3149 1284 3219 προφητεῖαι.
1335 3148 1391 3201 Ὀ
1423 3149 1473 3216 γ’
1505 3143 1596 3201 οῦν
1624 3149 1728 3202 Μι-

140 3245 308 3314 χαίας
349 3241 628 3313 προειπὼν
667 3242 742 3306 ὡς
771 3242 879 3312 ἄρα
917 3240 1004 3294 διὰ
1031 3240 1130 3303 τὰς
1175 3239 1428 3303 ἀσεϐείας
1457 3239 1552 3293 τοῦ
1590 3257 1725 3310 προ-

1839 2027 1995 2082 ιιιίιιί.
2028 2029 2069 2083 ⁸.
2105 2049 2122 2082 ι
2149 2029 2302 2086 llaud
2357 2049 2486 2087 vero
2516 2034 2814 2088 secundum
2858 2044 3167 2090 terrestrem
3205 2035 3423 2092 λυόωο-

1839 2135 1959 2174 rum
1997 2123 2498 2192 interpretationem
2547 2125 2954 2196 intelligendum
2991 2136 3074 2182 est
3100 2127 3302 2184 Christi
3339 2145 3424 2184 re-

1835 2227 2001 2281 gnum
2023 2253 2036 2275 ,
2081 2215 2227 2268 velut
2264 2215 2540 2269 hominum
2577 2233 2744 2288 regna
2765 2257 2778 2281 ,
2819 2233 2985 2289 super
3017 2227 3255 2274 montem
3287 2219 3420 2276 Sion

1836 2305 2198 2373 corporaliter
2231 2307 2632 2373 constitutum;
2670 2310 3024 2382 interroganti
3057 2312 3202 2366 enim
3254 2328 3422 2367 rexne

1833 2403 2016 2459 esset,
2063 2398 2345 2467 respondit
2372 2399 2563 2455 dicens
2599 2420 2611 2454 :
2649 2420 2666 2451 ι
2703 2399 2945 2473 Regnum
2982 2419 3160 2458 meum
3194 2420 3302 2459 non
3336 2413 3422 2461 est

1833 2485 1901 2542 de
1938 2487 2042 2542 hoc
2071 2490 2275 2545 mundo
2299 2493 2343 2546 °.
2376 2503 2402 2543 ι·
2453 2490 2659 2547 Exinde
2711 2509 2934 2562 regnum
2981 2496 3243 2551 malorum
3293 2513 3422 2566 pro-

1832 2579 1982 2634 misit
2011 2581 2092 2636 eis
2123 2583 2213 2650 qui
2248 2583 2599 2638 crediderunt
2626 2585 2679 2638 in
2708 2601 2856 2650 eum,
2896 2595 3247 2654 montemque
3284 2587 3418 2643 Sion

1830 2683 1952 2724 esse
1985 2670 2263 2725 cwlestem
2290 2674 2478 2728 docuit
2512 2689 2619 2727 non
2657 2684 2865 2728 tantum
2897 2673 3214 2745 Apostolus,
3235 2677 3328 2732 sed
3365 2685 3420 2732 et

1833 2759 2102 2831 pleraeque
2154 2762 2273 2818 alia:
2318 2764 2636 2834 prophetiae.
2682 2765 2938 2822 Michaeas
2969 2767 3134 2838 igitur
3159 2768 3418 2838 praefatus

1829 2852 1975 2922 quod
2001 2863 2223 2923 propter
2253 2855 2466 2924 priores
2491 2857 2671 2926 populi
2700 2857 3041 2928 iniquitates,
3069 2857 3230 2913 «Sion
3256 2860 3417 2930 quasi

1830 2958 1958 3014 ager
1992 2946 2259 3011 arabitur,
2291 2955 2346 3000 et
2375 2945 2678 3002 Jerusalem
2709 2948 2866 3018 quasi
2901 2963 3130 3004 acervus
3173 2950 3416 3019 lapidum

1827 3037 1963 3099 erit,
1996 3043 2050 3091 et
2082 3052 2240 3091 mons
2276 3039 2461 3106 templi
2495 3040 2548 3092 in
2583 3041 2802 3094 excelsa
2841 3041 3103 3096 silvarum
3131 3042 3150 3071 "
3175 3081 3190 3105 ,
3231 3061 3248 3092 ι
3288 3041 3416 3097 dein

1827 3125 1894 3182 de
1923 3127 2028 3181 alia
2057 3125 2188 3180 Sion
2217 3137 2269 3182 et
2295 3127 2596 3184 Jerusalem
2645 3130 2894 3184 similiter
2919 3140 3105 3185 narrat
3129 3173 3144 3198 ,
3172 3120 3365 3188 dicens
3395 3151 3410 3188 :

1833 3237 1852 3268 ι
1891 3217 1955 3272 Et
1986 3220 2091 3273 erit
2125 3220 2178 3274 in
2212 3222 2514 3277 novissimo
2539 3222 2752 3276 dierum
2789 3241 2946 3280 mons
2978 3227 3173 3280 domus
3196 3224 3413 3280 Domini

138 3300 306 3406 :épod
340 3300 496 3397 λαοῦ,
533 3353 550 3380 ι
586 3300 736 3384 Σιὼν⁷
771 3300 846 3395 ὡς
896 3330 1062 3402 ἀγρὸς
1112 3300 1600 3402 άροτριαθήσεται,
1631 3300 1723 3387 καὶ

1828 3320 2167 3380 praeparatus
2192 3312 2246 3365 in
2272 3313 2480 3367 vertice
2504 3317 2726 3378 montis,
2753 3355 2767 3368 .
2796 3354 2808 3366 .
2840 3354 2888 3369 ..
2918 3323 2972 3370 et
2997 3315 3162 3370 ﬂuent
3193 3316 3259 3369 ad
3286 3332 3411 3371 eum

144 3425 515 3500 Ἰερουσαλὴμ
533 3424 609 3487 ὡς
632 3423 1072 3495 ὀπωροφυλάκιον
1088 3421 1262 3486 ἔσται,
1284 3422 1378 3475 καὶ
1407 3421 1467 3474 τὸ
1486 3420 1610 3492 ὅρος
1629 3419 1722 3473 τοῦ

134 3520 294 3571 οἴκου
342 3517 425 3579 εἰς
467 3514 628 3577 ἄλσος
672 3511 913 3583 δρυμοῦ,
950 3531 967 3562 ι
1012 3509 1136 3580 ἑξῆς
1176 3510 1303 3581 περὶ
1342 3509 1531 3580 ἐτέρας
1585 3507 1722 3562 Σιὼν

133 3613 234 3666 καὶ
301 3607 656 3680 Ἰερουσαλὴμ
706 3606 906 3676 ὁμοίως
955 3604 1242 3673 ἐπιφέρει,
1296 3603 1500 3671 λέγων·
1567 3620 1584 3651 ι
1616 3601 1724 3654 Καὶ

132 3705 295 3756 ἔσται
321 3704 383 3755 ἐν
408 3704 524 3763 ταῖς
546 3699 800 3770 ἐσχάταις
827 3699 1058 3770 ἡμέραις
1083 3697 1324 3766 ἐμφανὲς
1361 3696 1422 3747 τὸ
1449 3695 1572 3766 ὅρος
1607 3696 1721 3746 Κυ-

133 3795 296 3865 ρίου,
340 3794 435 3846 καὶ
473 3793 693 3862 ⁴ἥξουσιν
738 3792 821 3840 ἐπ’
853 3788 1000 3858 αὐτῷ
1031 3787 1182 3850 λαοὶ,
1234 3787 1326 3839 καί¹
1367 3785 1720 3858 πορεύσονται

130 3887 267 3954 ἔθνη
307 3883 497 3943 πολλὰ,
518 3884 600 3936 ὃτι
634 3884 697 3935 ἐκ
723 3881 859 3933 Σιὼν
885 3878 1221 3943 ἐξελεύσεται
1249 3878 1410 3947 νόμος
1442 3876 1535 3929 καὶ
1565 3875 1722 3944 λόγος

132 3978 355 4050 Κυρίου
390 3975 446 4041 ἐξ
484 3974 857 4045 Ἰερουσαλήμ.
891 3992 907 4021 ι
953 3973 1087 4043 Περὶ
1133 3970 1320 4023 τούτου
1356 3969 1462 4040 ἄρα
1505 3969 1718 4040 εἴρηται

130 4073 229 4125 καὶ
263 4068 454 4122 ἐνθάδε
483 4068 586 4119 ὑπὸ
615 4066 674 4135 (f.
706 4065 791 4129 19)
820 4060 911 4117 τοῦ
941 4064 1099 4135 ὅρους
1123 4061 1215 4115 τοῦ
1241 4061 1497 4133 Χριστοῦ,
1535 4080 1552 4111 ι
1577 4059 1718 4128 Ἐγὼ

125 4165 184 4217 δὲ
229 4160 575 4228 κατεστάθην
631 4158 879 4229 βασιλεὺς
934 4156 1025 4208 ὑπ’
1069 4153 1232 4208 αὑτοῦ
1281 4153 1372 4207 ἐπὶ
1414 4152 1552 4206 Σιὼν
1593 4155 1717 4224 ὅρος

125 4258 189 4310 τδ
227 4255 392 4322 ἅγιον
430 4250 624 4304 αὐτοῦ⁹
662 4271 679 4300 ι
738 4249 843 4302 ὑπὸ
885 4249 1030 4312 τίνος
1073 4248 1129 4301 δὲ
1165 4245 1511 4315 κατεστάθη;
1558 4246 1714 4316 δῆλον

124 4351 210 4404 ὅτι
241 4348 356 4401 ὑπὸ
380 4344 472 4398 τοῦ
514 4347 782 4413 φήσαντος
822 4343 956 4414 πρὸς
987 4341 1144 4394 αὑτὸν
1178 4341 1388 4410 Πατρὸς
1428 4341 1519 4392 τό·
1558 4341 1714 4405 «Υἱός

126 4461 236 4513 μου
288 4436 339 4492 εί
388 4440 473 4502 σὺ,
502 4436 611 4505 ἐγὼ
639 4437 874 4507 σήμερον
923 4433 1227 4504 γεγέννηκά
1274 4450 1362 4486 σε·
1399 4453 1418 4485 ι
1471 4433 1566 4486 καὶ
1615 4432 1705 4485 τό·

129 4535 406 4602 «Αἷτησαι
444 4531 575 4600 παρ’
614 4528 769 4598 ἐμοῦ,
809 4527 900 4580 καὶ
923 4525 1078 4579 δώσω
1110 4543 1188 4578 σοι
1224 4523 1351 4596 ἔθνη
1388 4525 1485 4596 τὴν
1517 4524 1712 4596 κληρο-

120 4628 331 4698 νομίαν
377 4641 492 4681 σου,
525 4622 619 4675 καὶ
660 4621 759 4691 τὴν
789 4617 1116 4689 κατάσχεσίν
1156 4635 1248 4670 σου
1277 4618 1344 4672 τὰ
1376 4618 1589 4688 πέρατα
1615 4619 1713 4688 τῆς
1747 4641 1786 4694 ο

119 4720 254 4788 γῆς.
296 4736 313 4766 ι
349 4717 458 4768 Καὶ
489 4715 570 4768 ὅτι
609 4729 672 4782 γε
706 4710 910 4782 ἀληθὴς
954 4711 986 4780 ἡ
1016 4709 1321 4781 προφητεία
1349 4711 1442 4762 καὶ
1474 4709 1708 4779 ἀψευδὴς

119 4815 153 4883 ή
193 4810 528 4878 ὑπόσχεσις,
577 4808 805 4875 πάρεστι
855 4802 1146 4872 διαγνῶναι
1195 4802 1302 4856 ἀπὸ
1335 4802 1442 4856 τῶν
1477 4803 1534 4855 ἐν
1566 4801 1708 4856 οὕτω

120 4901 329 4972 βραχεί
360 4897 535 4968 χρόνῳ
581 4892 1052 4965 προσεληλυθότων
1087 4894 1150 4945 ἐκ
1177 4892 1374 4954 παντὸς
1420 4891 1604 4954 ἔθνους
1637 4895 1706 4963 τῇ

115 4994 213 5047 διὰ
262 4991 358 5043 τοῦ
391 4989 639 5060 Σωτῆρος
675 4986 835 5058 ήμῶν
877 4985 1188 5056 θεοσεϐείᾳο
1237 4984 1270 5054 ἢ
1309 4983 1614 5053 λεγέτωσαν
1656 4985 1705 5036 oi

117 5086 268 5158 πρὸς
300 5083 401 5152 τὴν
431 5081 708 5151 ἐνέργειαν
736 5077 1074 5132 ἀντιϐλέπειν
1104 5075 1334 5138 ἀναιδῶς
1373 5075 1702 5146 τολμῶντες,

114 5181 232 5233 τίνι
282 5177 349 5230 ἂν
393 5175 564 5244 ἔχοιεν
598 5170 928 5243 ἐφαρμόζειν
977 5169 1050 5240 μὴ
1092 5168 1516 5240 παραδεχόμενοι
1550 5165 1701 5220 ταῦθ’

114 5271 306 5332 οὕτως
357 5267 499 5336 ἔχειν
541 5264 638 5334 τὴν
681 5261 1054 5334 προφητείαν;
1112 5260 1274 5312 Δαυὶδ
1329 5260 1426 5330 μὲν
1464 5258 1572 5329 γὰρ
1614 5258 1704 5311 τὸν

116 5356 376 5432 βασιλέα,
407 5355 534 5424 περὶ
567 5345 627 5405 οὗ
654 5351 826 5404 ταῦτά
851 5367 996 5412 τινες
1017 5348 1275 5420 ᾠήθησαν
1301 5345 1573 5416 λέγεσθαι,
1606 5347 1703 5416 οὐχ

111 5449 223 5505 οἷοί
262 5464 324 5500 τε
355 5445 422 5498 ἂν
453 5440 561 5497 εἷεν
604 5442 950 5514 παραστῆσαι
990 5439 1167 5494 τοιάδε
1209 5436 1331 5492 τινὰ
1369 5436 1700 5496 πεπονθότα,

110 5545 193 5606 ὡς
235 5538 518 5609 ἀρχόντων
546 5537 640 5589 καὶ
673 5535 957 5605 βασιλέων,
986 5534 1155 5588 ἐθνῶν
1185 5550 1244 5585 τε
1272 5533 1367 5585 καὶ
1405 5529 1550 5583 λαῶν
1580 5531 1700 5582 ἐπι-

111 5629 562 5686 ϐεὸουλευκότων
612 5628 790 5698 αὐτῷ·
827 5627 954 5679 πότε
1001 5626 1056 5678 δὲ
1091 5625 1122 5695 ἢ
1165 5625 1261 5678 καὶ
1315 5623 1407 5676 ἐπὶ
1451 5621 1701 5692 πηλίκοις

109 5723 579 5798 ἀνδραγαθήμασι
614 5717 765 5773 εἶπεν
803 5720 831 5771 ό
857 5718 1059 5788 Κύριος
1089 5715 1167 5787 τῷ
1190 5715 1372 5779 Δαυὶδ,
1405 5713 1562 5774 «Υἱός
1597 5728 1699 5782 μου

113 5923 172 5987 7,
246 5917 304 5970 ε.

1827 3405 2032 3471 populi,
2067 3410 2120 3458 et
2152 3405 2520 3474 properabant
2544 3415 2732 3474 gentes
2766 3407 2947 3460 multae
2972 3446 2985 3459 .
3015 3448 3030 3462 .
3059 3447 3074 3462 .
3101 3447 3117 3461 .
3144 3450 3159 3473 ,
3181 3407 3310 3477 quia
3342 3408 3413 3463 de

1829 3491 1958 3546 Sion
2007 3493 2318 3563 egredietur
2349 3495 2457 3556 lex,
2489 3503 2542 3549 et
2578 3496 2803 3548 verbum
2837 3495 3050 3550 Domini
3093 3497 3159 3551 de
3187 3496 3412 3554 Jerusa-

1825 3592 1929 3646 lem
1961 3592 2002 3646 ⁸.
2045 3611 2062 3644 ι
2115 3591 2214 3646 Hic
2248 3607 2406 3648 mons
2436 3591 2640 3647 Christi
2689 3608 2907 3662 quoque
2939 3592 3041 3646 hoc
3077 3592 3130 3646 in
3168 3592 3288 3648 loco
3322 3593 3410 3646 in-

1825 3683 2013 3738 nuitur
2042 3703 2054 3738 :
2099 3703 2117 3734 ι
2154 3684 2265 3756 Ego
2290 3693 2470 3741 autem
2507 3701 2597 3739 rex
2625 3685 2959 3740 constitutus
2985 3699 3106 3740 sum
3135 3684 3204 3740 ab
3224 3699 3290 3740 eo
3313 3701 3409 3740 su-

1822 3790 1918 3843 per
1967 3771 2098 3827 Sion
2146 3784 2385 3829 montem
2440 3781 2690 3829 sanctum
2745 3773 2885 3842 ejus.
2927 3793 2946 3824 ι
3013 3774 3193 3844 Aquo
3223 3782 3407 3828 autem

1821 3866 2156 3920 constitutus
2203 3871 2307 3930 est,
2355 3866 2461 3922 nisi
2503 3867 2792 3923 manifeste
2837 3866 2908 3921 ab
2964 3866 3058 3920 illo
3115 3864 3276 3921 Patre
3309 3866 3406 3936 qui

1820 3960 1886 4013 ad
1921 3975 2044 4014 eum
2082 3959 2214 4013 dicit
2250 3976 2265 4012 :
2304 3956 2507 4014 «Filius
2539 3974 2692 4014 meus
2715 3975 2776 4015 es
2810 3967 2891 4026 tu,
2918 3965 2973 4012 et
2995 3973 3095 4030 ego
3126 3957 3289 4012 hodie
3320 3973 3408 4028 ge-

1819 4049 1912 4104 nui
1954 4059 2040 4117 te;
2077 4051 2292 4120 postula
2330 4066 2359 4104 a
2384 4066 2493 4115 me,
2531 4059 2584 4106 et
2610 4051 2750 4106 dabo
2787 4051 2884 4104 tibi
2907 4059 3094 4118 gentes
3117 4048 3406 4104 haeredita-

1817 4151 1923 4197 tem
1951 4151 2120 4207 tuam,
2153 4152 2206 4198 et
2236 4143 2641 4213 possessionem
2675 4153 2821 4198 tuam
2849 4144 3108 4197 terminos
3143 4150 3302 4196 teme
3321 4141 3397 4195 ⁸.»

1816 4235 1970 4302 Quod
2004 4235 2223 4305 quidem
2251 4250 2379 4288 vera
2408 4235 2478 4290 sit
2518 4236 2823 4306 prophetia,
2847 4250 2948 4289 nec
2978 4234 3136 4287 fallax
3169 4235 3402 4304 prornis-

1816 4327 1920 4391 sio,
1972 4328 2286 4382 nover-imus
2337 4326 2404 4381 iis
2457 4327 2549 4395 qui
2598 4329 2652 4381 in
2688 4336 2797 4381 tam
2853 4327 3003 4381 brevi
3044 4334 3287 4395 tempore
3332 4338 3399 4380 ex

1813 4417 1963 4470 omni
2009 4425 2170 4486 gente
2213 4414 2280 4469 ad
2319 4431 2500 4470 veram
2537 4414 2630 4469 Dei
2665 4416 2979 4486 religionem
3025 4429 3122 4484 per
3151 4412 3400 4466 Salvato-

1813 4523 1929 4562 rem
1980 4517 2232 4562 nostrum
2283 4516 2667 4576 pervenerunt.
2720 4503 2914 4560 Dicant
2946 4507 3233 4560 evidentiae
3261 4506 3398 4560 resi-

1816 4611 1960 4657 stere
1991 4601 2332 4671 impudenter
2361 4600 2649 4662 audentes,
2675 4603 2762 4653 cui
2794 4597 3196 4653 accommodari
3223 4597 3398 4668 possit

1817 4696 1932 4750 haec
1965 4695 2246 4764 prophetia
2271 4734 2285 4757 ,
2322 4699 2566 4747 nostram
2602 4692 2648 4745 si
2681 4689 3184 4760 interpretationem
3217 4689 3393 4744 detre-

1818 4795 1988 4842 ctant.
2057 4786 2312 4840 Davidezn
2343 4783 2487 4839 enim
2525 4799 2727 4853 regem,
2758 4781 2826 4836 de
2855 4797 2964 4851 quo
2991 4780 3104 4835 hzec
3137 4780 3244 4834 dici
3273 4779 3396 4849 opi-

1815 4889 2037 4942 nantur,
2095 4875 2370 4948 quomodo
2421 4876 2547 4930 talia
2599 4890 2818 4945 passum
2868 4871 3036 4927 fuisse
3080 4871 3390 4932 ostendent,

1812 4969 1901 5022 cui
1932 4969 2063 5022 nulli
2098 4967 2374 5037 principes
2426 4981 2648 5036 regesve
2678 4977 2914 5033 unquam
2950 4961 3190 5015 insidiati
3223 4961 3395 5013 sunt?

1810 5059 2038 5126 Quando
2069 5067 2247 5113 autem
2282 5066 2335 5111 et
2365 5073 2485 5127 qua:
2510 5058 2581 5111 ob
2612 5057 2841 5110 viriliter
2874 5061 3024 5122 gesta
3050 5051 3187 5104 dixit
3217 5048 3394 5102 Domi-

1810 5169 1914 5209 nus
1949 5153 2132 5207 Davidi
2171 5171 2184 5206 :
2222 5149 2430 5206 «Filius
2477 5165 2630 5204 meus
2677 5164 2737 5203 es
2787 5159 2862 5212 tu,
2906 5160 3006 5214 ego
3039 5143 3195 5196 hodie
3228 5143 3389 5212 genui

1811 5244 1906 5297 te?
1935 5262 1952 5295 ι
1989 5241 2272 5308 Quomodo
2302 5247 2355 5294 et
2391 5240 2503 5301 illa,
2545 5258 2562 5290 ι
2591 5237 2810 5292 Postula
2838 5251 2865 5288 a
2899 5251 3004 5296 me,
3039 5239 3092 5287 et
3121 5232 3260 5285 dabo
3290 5231 3387 5284 tibi

1806 5344 1992 5407 gentes
2045 5333 2412 5388 hereditatem
2457 5340 2627 5393 tuam,
2684 5337 2738 5382 et
2785 5325 3184 5399 possessionem
3237 5335 3385 5376 tuam

1805 5429 2069 5482 terminos
2104 5433 2281 5489 terrae,
2323 5445 2340 5476 ›
2369 5424 2418 5479 ei
2451 5424 2783 5485 dicerentur,
2818 5419 2905 5474 cui
2937 5415 3220 5471 manifeste
3251 5414 3386 5468 solis

1804 5525 1972 5579 Israel
2019 5531 2074 5577 et
2117 5521 2269 5575 Judte
2319 5517 2566 5572 terminis
2622 5530 2849 5586 regnum
2905 5508 3385 5576 circumscriptum

1803 5618 1954 5672 erat?
2013 5613 2202 5669 Dicant
2231 5625 2449 5682 quoque
2475 5624 2573 5663 cur
2603 5623 2712 5660 non
2739 5606 2954 5660 venisse
2977 5601 3252 5657 Christum
3283 5596 3383 5651 ad-

1803 5710 2042 5764 mittant.
2097 5705 2317 5769 Annon,
2369 5718 2492 5758 cum
2526 5717 2722 5772 passus
2769 5707 2872 5761 est,
2903 5697 3065 5750 alium
3098 5693 3260 5764 igitur
3284 5704 3384 5744 ex-

187 5850 211 5880 δ
258 5844 405 5899 Psal.
441 5859 515 5909 ιι,
550 5843 613 5906 4,
646 5844 697 5898 5.
807 5842 828 5873 '
869 5840 1000 5896 ibid.
1034 5841 1086 5894 6.
1199 5840 1219 5870 °
1254 5837 1411 5894 Joan.
1445 5851 1575 5890 xvm
1599 5879 1612 5900 ,
1649 5836 1718 5890 ’56

1856 5834 1875 5864 ⁷
1922 5831 2084 5888 Mich.
2154 5847 2253 5893 ιιι,
2292 5829 2377 5884 12.
2454 5829 2476 5858 ⁸
2524 5825 2683 5882 Mich.
2721 5841 2794 5888 Iv,
2835 5821 2945 5877 1-2.
3056 5819 3076 5850 °
3117 5815 3262 5871 Psal.
3298 5825 3381 5879 tt,
