3954 6520
593 477 731 531 1υ95

1291 471 1563 529 EUSEBH
1601 471 2078 528 CESARIENSIS
2117 471 2145 527 ί

2253 515 2268 528 .
2308 471 2488 527 PARS
2527 471 2614 529 III.
2655 504 2724 515 —
2753 469 3166 528 EXEGETICA.

3659 475 3767 528 {096

592 601 838 661 spectare
867 606 961 646 eos
1003 605 1228 668 necesse
1269 597 1352 643 est
1377 589 1512 642 nihil
1539 567 1668 650 tale,
1701 589 1858 658 quale
1887 588 1995 650 hic,
2035 603 2145 658 pas-

2265 585 2316 642 εἶ
2342 591 2428 651 σὺ,
2458 588 2568 656 ἐγὼ
2607 590 2842 660 σήμερον
2887 589 3190 659 γεγέννηκά
3223 603 3318 650 ce;
3345 606 3366 639 ι
3391 586 3510 650 Πῶς
3533 587 3584 640 δέ
3607 590 3686 641 καὶ
3705 589 3766 646 τὸ.

595 684 818 739 surum?
866 683 930 735 Et
960 683 1230 750 quomodo
1279 681 1632 751 implerentur
1673 683 1966 751 prophetia:
1997 683 2164 736 multa

591 792 712 847 quze
741 789 1004 845 passurus
1028 784 1144 828 erat
1172 773 1262 828 Dei
1281 773 1531 828 Christus
1554 815 1568 838 ,
1593 782 1646 829 et
1667 775 1720 829 in
1751 773 1999 844 pluribus
2023 775 2162 836 aliis,

591 883 698 921 non
748 869 925 920 minus
973 881 1133 935 quam
1187 865 1239 918 in
1283 866 1386 919 hoc
1421 865 1650 934 psalmo,
1703 865 2166 935 praenuntiantes?

589 958 862 1027 Numquid
903 957 1323 1012 existimandum
1369 967 1450 1011 est
1499 957 1633 1010 adeo
1673 972 1768 1027 per
1814 958 1997 1011 orbem
2047 957 2166 1012 sine

591 1049 684 1104 Dei
713 1039 926 1103 auxilio'
950 1050 1316 1119 pervulgatam
1353 1048 1518 1102 fuisse
1562 1049 1628 1102 de
1658 1049 1898 1102 omnium
1927 1047 2036 1103 Deo
2067 1048 2164 1103 do-

589 1143 856 1206 ctrinam;
895 1141 1278 1209 hominumque
1308 1141 1450 1202 vim,
1502 1137 1760 1192 adversus
1805 1155 1984 1193 rerum
2017 1141 2164 1194 vices

587 1237 698 1284 tam
757 1229 1036 1292 inermem,
1094 1229 1228 1284 adeo
1291 1230 1586 1284 invaluisse
1645 1237 1699 1283 et
1753 1231 2160 1283 corroboratam

591 1321 759 1378 fuisse
805 1330 864 1375 ut
903 1321 1117 1391 propria
1161 1319 1534 1374 tantummodo
1566 1319 1811 1374 doctrina
1837 1361 1851 1383 ,
1891 1321 2006 1374 sine
2051 1320 2162 1372 ullo

587 1411 803 1468 deitatis
821 1414 1039 1474 auxilio,
1065 1413 1118 1464 in
1139 1412 1388 1466 omnibus
1405 1411 1717 1481 regionibus
1753 1411 1823 1464 ita
1852 1411 2159 1464 auditorum

589 1505 798 1558 animas
845 1503 1175 1566 instituerit,
1221 1501 1422 1571 Deique
1461 1503 1700 1555 omnium
1733 1501 1960 1556 scientia
2009 1501 2162 1568 prius

588 1594 714 1646 olim
741 1593 1010 1658 imbuerit,
1039 1602 1092 1647 et
1125 1609 1294 1662 usque
1321 1608 1464 1645 nunc
1495 1593 1560 1644 iis
1591 1593 1942 1661 persuaserit,
1979 1599 2036 1644 ut
2066 1607 2162 1660 pa-

587 1686 746 1738 triam
780 1693 1012 1755 gentem,
1069 1688 1344 1754 vitamque
1371 1686 1649 1753 injustam,
1685 1685 1853 1739 feram
1891 1699 1955 1738 ac
1983 1685 2161 1739 disso-

588 1779 756 1832 lutam
785 1777 1097 1846 abjicerent,
1143 1775 1344 1847 Deique
1367 1778 1553 1846 pietati
1581 1777 1923 1831 solummodo
1970 1776 2160 1831 stude-

588 1877 729 1932 rent,
765 1867 1014 1937 illamque
1055 1883 1162 1920 non
1224 1867 1399 1922 solum
1445 1867 1662 1936 opibus,
1695 1866 1788 1920 sed
1815 1873 1868 1920 et
1903 1867 2005 1935 ipsi
2037 1867 2159 1920 vita:

586 1959 721 2012 adeo
764 1959 1014 2013 omnibus
1062 1957 1274 2012 dilectae
1318 1957 1744 2028 anteponerent?
1797 1955 1996 2012 Verum
2047 1973 2153 2010 non
2187 1989 2228 2044 Β

584 2051 777 2118 opinor
835 2065 1156 2118 quemquam
1221 2065 1442 2112 eorum,
1497 2051 1588 2120 qui
1651 2059 1796 2104 recte
1857 2050 1922 2104 de
1995 2051 2157 2106 rebus

585 2142 787 2196 sentire
852 2143 1058 2205 volunt,
1130 2152 1448 2211 negaturum
1521 2156 1642 2196 esse
1687 2143 1801 2196 hac
1845 2149 1990 2194 tanta
2058 2141 2152 2197 Dei

583 2247 684 2302 epe
715 2241 767 2286 et
807 2232 944 2286 ultra
979 2233 1256 2287 hominum
1313 2232 1622 2288 facultatem
1671 2248 1768 2303 per
1815 2231 2152 2288 Salvatorein

584 2333 827 2379 nostrum
868 2325 1136 2380 evenisse.
1193 2325 1402 2390 Quibus
1445 2326 1605 2381 simul
1638 2313 1941 2379 ostenditur
1974 2325 2154 2378 incar-

582 2415 694 2467 nati
726 2413 938 2468 Domini
971 2413 1247 2480 divinitas,
1270 2413 1432 2469 simul
1458 2421 1510 2467 et
1541 2423 1724 2483 aperte
1748 2412 2151 2467 demonstratur

581 2521 702 2560 eum
728 2507 1002 2576 accepisse
1027 2521 1056 2559 a
1087 2505 1245 2560 Patre
1283 2514 1499 2576 «gentes
1525 2505 1913 2568 lizereditatem,
1939 2511 1992 2557 et
2023 2517 2151 2572 pos-

581 2598 880 2652 sessionem
907 2598 1023 2664 ejus
1067 2598 1332 2652 terminos
1375 2604 1552 2660 terra},
1583 2616 1602 2647 ι
1631 2603 1992 2664 congruenter
2023 2609 2145 2648 cum

581 2693 858 2758 pratcitata
915 2689 1214 2758 prophetia.
1280 2687 1647 2758 Quaecumque
1693 2687 1760 2742 de
1807 2687 1908 2740 hoc
1939 2687 2149 2756 psalmo

2273 699 2291 730 ι
2320 681 2543 751 Αἴτησαι
2589 682 2714 750 παρ’
2753 679 2910 749 ἐμοῦ,
2949 680 3044 732 καὶ
3069 677 3222 757 δῲσω
3265 695 3347 730 σοι
3387 677 3510 748 ἔθνη
3545 677 3632 748 τὴν
3667 679 3771 748 κλη-

2270 773 2524 843 ρονομίαν
2567 789 2680 835 σου,
2721 773 2815 825 καὶ
2859 773 2957 843 τὴν
2999 771 3322 841 κατάσχεσίν
3367 787 3460 823 σου
3503 771 3568 824 τὰ
3605 772 3775 842 πέρατα

2263 864 2364 934 τῆς
2397 863 2517 932 γῆς,
2556 883 2572 914 ι
2613 863 2806 932 λέγοιτ’
2840 864 2906 916 ἃν
2955 863 3030 926 ὡς
3067 863 3202 934 πρὸς
3245 862 3406 916 αὑτὸν
3445 863 3623 930 σαφῶς
3657 879 3778 931 περι-

2265 953 2570 1025 ορισθείσης
2595 955 2757 1008 αὑτοῦ
2781 956 2878 1025 τῆς
2904 954 3176 1024 βασιλείας
3204 957 3293 1008 ἐπὶ
3324 955 3482 1020 μόνον
3507 955 3594 1006 τὸν
3607 955 3784 1024 Ἰσραὴλ

2267 1046 2360 1099 καὶ
2406 1048 2531 1109 τοὺς
2569 1047 2670 1114 τῆς
2715 1047 2972 1109 Ἰουδαίας
3019 1046 3210 1117 ὄρους;
3267 1047 3364 1100 Διὰ
3411 1047 3464 1098 τί
3515 1046 3570 1098 δὲ
3617 1047 3698 1098 καὶ
3737 1047 3782 1098 οὐ

2266 1138 2576 1206 προσίενται
2607 1138 2696 1190 τὸν
2725 1137 3018 1208 ἐληλυθότα
3033 1137 3284 1202 Χριστὸν,
3317 1137 3782 1205 ἁποκρινέσθωσαν·

2263 1226 2374 1300 ἇρά
2413 1247 2474 1298 γε
2523 1229 2707 1300 ἐπειδὴ
2759 1229 3043 1292 πέπονθεν,
3073 1231 3256 1298 ἓτερον
3301 1230 3479 1282 τοίνυν
3523 1229 3786 1299 προσδοκᾷν

2263 1323 2459 1386 αὐτοὺς
2495 1323 2705 1392 ἀνάγκη
2750 1323 2912 1394 μηδὲν
2955 1321 3189 1375 τοιοῦτον
3227 1323 3408 1374 ὁποῖον
3449 1315 3604 1384 οὗτος
3639 1323 3784 1373 πεισό-

2265 1431 2464 1485 μενον;
2530 1416 2638 1468 Καὶ
2695 1415 2810 1478 πῶς
2869 1413 2935 1467 ἂν
2991 1413 3321 1484 πληρωθεῐεν
3380 1415 3437 1466 αι
3498 1415 3786 1484 προφητεῖαι

2263 1503 2486 1556 πλεῖστα
2533 1504 2636 1557 ὅσα
2685 1502 2876 1557 παθεῖν
2900 1502 2990 1555 τὸν
3021 1501 3255 1572 Χριστὸν
3286 1500 3381 1554 τοῦ
3433 1499 3590 1562 Θεοῦ,
3637 1501 3719 1552 καὶ
3743 1501 3788 1550 ὲν

2261 1595 2463 1665 ἑτέροις
2492 1596 2590 1666 μὲν
2622 1595 2881 1656 πλείοσιν,
2913 1595 3010 1664 οὐχ
3035 1595 3232 1664 ἥκιστα
3265 1592 3320 1646 δὲ
3356 1593 3448 1646 καὶ
3486 1594 3544 1645 ὲν
3679 1591 3790 1660 μετὰ

2260 1689 2447 1756 χεῖρας
2492 1685 2851 1758 προλέγουσαι
2889 1683 3122 1754 ψαλμῷς
3153 1681 3298 1754 'Apa
3337 1683 3392 1735 δὲ
3433 1684 3540 1754 χρὴ
3583 1680 3788 1751 νομίζειν

2259 1775 2410 1830 ἀθεεὶ
2458 1777 2556 1847 τὴν
2605 1777 2732 1849 περὶ
2787 1774 2880 1828 τοῦ
2939 1776 3054 1828 τῶν
3113 1775 3248 1828 ὅλων
3294 1774 3426 1828 Θεοῦ
3475 1773 3788 1826 διδασκαλίαν

2259 1867 2647 1940 ἐνεσπαρκέναι
2698 1867 2886 1920 τοῦτον
2929 1870 2996 1938 τῇ
3051 1866 3374 1937 οἰκουμένῃ·
3443 1866 3558 1918 ἔστι
3609 1866 3664 1918 δὲ
3711 1864 3788 1916 κᾶν

2261 1959 2537 2030 ἐπινοῆσαι
2567 1957 2910 2030 ἀνθρωπίνην
2940 1956 3114 2030 ὁρμὴν
3142 1957 3234 2010 καὶ
3259 1957 3416 2028 ψιλὴν
3445 1955 3542 2009 τοῦ
3573 1956 3788 2025 τυχόντος

2261 2048 2514 2121 ἐπιϐολὴν
2547 2048 2796 2102 τοσοῦτον
2836 2048 3048 2118 ισχῦσαί
3077 2065 3136 2101 τε
3168 2051 3261 2102 καὶ
3301 2047 3612 2118 δυνηθῆναι,
3639 2045 3787 2108 ngas:

2263 2141 2428 2213 μόνης
2463 2141 2559 2213 τῆς
2599 2140 2762 2196 αὑτοῦ
2805 2139 3144 2203 διδασκαλίας
3175 2139 3302 2194 ἄνευ
3347 2139 3599 2208 θεότητος
3633 2155 3786 2206 συνερ-

2255 2231 2458 2302 γούσης
2503 2231 2845 2296 παντοδαπὰς
2885 2231 3164 2303 ἀκροατῶν
3193 2229 3454 2283 διαθεῖναι
3479 2229 3656 2298 ψυχὰς
3687 2228 3786 2298 περὶ

2253 2321 2344 2372 τὸν
2385 2320 2492 2372 τῶν
2541 2319 2678 2372 ὅλων
2709 2320 2837 2373 Θεὸν
2874 2319 3046 2374 ταῦτα
3089 2323 3270 2372 πεῖσαι
3319 2319 3484 2372 πάλαι
3533 2319 3782 2388 spesspes,

2255 2416 2347 2466 καὶ
2379 2412 2545 2468 εἰσέτι
2576 2414 2670 2466 νῦν
2719 2413 2924 2466 πείθειν
2973 2411 3284 2466 καταλιπεῖν
3323 2411 3418 2480 μὲν
3453 2409 3550 2480 ἔθη
3593 2409 3781 2477 πάτρια,

2255 2504 2368 2574 βίον
2403 2522 2462 2557 τε
2492 2504 2744 2575 ἄθεσμον,
2780 2505 2874 2558 καὶ
2907 2506 3198 2575 ἀνήμερον,
3233 2505 3324 2558 καὶ
3349 2503 3664 2568 ἀκόλαστον,
3691 2501 3776 2554 θεο-

2255 2593 2438 2666 σεϐείᾳ
2472 2594 2528 2646 δὲ
2571 2595 2704 2665 μόνῃ
2739 2594 3040 2664 προσέχειν,
3081 2595 3172 2647 καὶ
3211 2593 3410 2664 ταύτην
3439 2593 3498 2645 ού
3533 2594 3684 2662 μόνον
3709 2591 3781 2658 τῆς

2253 2685 2598 2756 ὑπαρχούσης
2637 2686 2856 2749 οὐσίας,
2901 2685 3036 2738 ἀλλά
3082 2687 3174 2738 καὶ
3209 2685 3274 2738 δι’
3331 2685 3494 2738 αὑτοῦ
3545 2684 3636 2736 τοῦ
3677 2685 3778 2736 πᾶσι

580 2779 806 2833 dicenda
852 2787 980 2834 sunt
1011 2779 1289 2833 absolvere
1334 2787 1545 2848 tempus
1587 2787 1764 2842 vetat,
1802 2792 1924 2832 cum
1951 2777 2061 2846 jam
2093 2788 2145 2830 ct

2251 2775 2620 2848 περιποθήτου
2659 2776 2758 2847 ζῇν
2799 2778 3102 2848 προτιμᾷνς
3151 2778 3290 2830 Ἀλλ’
3327 2779 3426 2830 οὐκ
3473 2775 3652 2846 οἴομαί
3683 2791 3778 2826 τινα

579 2869 829 2923 diflusius
859 2869 924 2922 de
951 2870 1042 2923 illo
1070 2869 1444 2924 disseruimus.

2249 2868 2359 2922 τῶν
2400 2866 2502 2922 κᾶν
2549 2867 2782 2939 μετρίως
2833 2869 3192 2938 εὐγνωμονεῖν
3239 2867 3532 2922 ἐθελόντων
3577 2866 3648 2936 μὴ
3683 2865 3780 2932 οὐχὶ

583 2961 956 3031 συνομολογεῖν
987 2961 1054 3014 τὰ
1117 2961 1415 3029 τηλικαῦτα
1487 2963 1622 3034 μετά
1659 2962 2024 3035 συνεργούσης
2068 2963 2218 3027 θείας
2255 2963 2348 3018 καὶ
2403 2963 2542 3034 ὑπὲρ
2592 2963 2892 3036 ἀνθρώπων
2949 2964 3225 3036 δυνάμεως
3274 2963 3360 3017 διὰ
3415 2962 3510 3016 τοῦ
3561 2961 3778 3030 Σιιιτῆρκ

579 3055 736 3128 ἡμῶν
783 3057 1094 3126 γεγονέναγ
1147 3059 1206 3122 ἐξ
1251 3051 1324 3110 ὧν
1379 3058 1512 3128 ὁμοῦ
1571 3060 1666 3128 μὲν
1725 3059 1816 3111 καὶ
1872 3061 1904 3126 ἡ
1949 3058 2136 3128 θεότης
2172 3059 2556 3112 ἀποδείκνυται
2608 3057 2702 3112 τοῦ
2751 3058 3266 3130 ἐνανθρωπήσαντος
3306 3057 3536 3130 Κυρίου,
3571 3053 3694 3128 ὁμοῦ
3735 3052 3778 3104 δὲ

579 3151 673 3204 καὶ
711 3150 778 3204 τά
819 3152 1086 3220 τεκμήρια
1126 3151 1312 3220 σαφῶς
1349 3152 1676 3223 παρίσταται
1720 3151 1816 3203 τοῦ
1866 3151 2141 3221 εἰληφέναι
2181 3153 2340 3206 αὐτὸν
2375 3152 2479 3205 ὑπὸ
2513 3151 2606 3205 τοῦ
2669 3151 2879 3222 Πατρὸς
2929 3171 2946 3202 ι
2979 3151 3046 3204 τὰ.
3095 3151 3223 3220 ἔθνη
3273 3150 3650 3222 κληρονομίαν,
3703 3143 3778 3196 καὶ

579 3241 678 3314 τὴν
713 3243 1036 3311 κατάσχεσιν
1079 3241 1241 3294 αὐτοῦ
1293 3242 1362 3296 τά
1405 3245 1625 3316 πέρατα
1663 3244 1761 3312 τῆς
1803 3245 1925 3316 γῆς,
1995 3265 2014 3295 ι
2062 3243 2368 3308 ἀκολούθως
2432 3248 2496 3317 τῇ
2537 3245 2674 3316 μετά
2708 3248 2894 3317 χεῖρας
2935 3244 3256 3316 προφητείᾳ.
3289 3243 3426 3296 Ὄλα
3452 3243 3510 3296 δὲ
3543 3241 3610 3296 τὰ
3661 3237 3777 3292 κατὰ

577 3331 668 3384 τὸν
740 3331 953 3403 ψαλμὸν
1003 3333 1300 3404 διηγεῖσθαι
1345 3335 1405 3387 οὐ
1471 3333 1565 3388 τοῦ
1621 3335 1885 3406 παρόντος
1942 3337 2196 3406 τυγχάνει
2247 3335 2472 3408 καιροῦ,
2547 3337 2777 3407 μάλιστα
2821 3339 2908 3390 ὅτε
2971 3336 3344 3408 πληρεστάτης
3396 3335 3495 3406 ἥδη
3543 3332 3776 3402 τετύχηκε

575 3427 894 3499 διηγήσεως.

1182 3546 1408 3602 CAPUT
1445 3547 1531 3604 Ill.

1105 3637 1150 3692 Ε
1179 3640 1380 3707 psalmo
1422 3641 1594 3696 tertio.

647 3725 890 3784 Tertium
938 3745 1154 3799 quoque
1202 3735 1468 3800 psalmum
1520 3732 1676 3787 facile
1713 3740 1797 3788 est
1826 3732 1892 3788 de
1925 3731 2142 3788 Christo

575 3818 957 3890 interpretari,
1007 3832 1370 3890 congruenter
1412 3839 1534 3876 cum
1585 3824 1797 3878 insidiis
1850 3839 1970 3894 quae
2018 3833 2142 3878 ante

575 3926 698 3965 eum
727 3910 962 3976 fuerunt,
996 3912 1222 3966 insidias
1247 3914 1509 3968 adversus
1533 3931 1656 3968 eum
1677 3923 1894 3985 paratas
1919 3917 2144 3970 demon-

576 4009 757 4056 strans
781 4001 882 4056 hoc
909 4001 1066 4060 modo
1097 4021 1108 4056 :
1149 4022 1167 4054 ι
1203 4001 1451 4064 Domine.
1478 4006 1606 4074 quid
1637 4007 1976 4077 multiplicati
2014 4015 2140 4061 sunt

573 4091 667 4160 qui
698 4092 958 4146 tribulant
990 4109 1074 4146 me
1103 4094 1183 4147 1°?
1211 4114 1229 4146 ι
1296 4095 1360 4148 Et
1392 4112 1512 4165 quae
1542 4098 1991 4152 resurrectionem
2020 4099 2138 4169 ejus

573 4178 826 4245 innuunt,
876 4181 962 4236 his
1009 4183 1188 4238 verbis
1221 4203 1232 4237 :
1272 4203 1290 4236 ι
1331 4183 1441 4254 Ego
1471 4187 1722 4254 dormivi,
1768 4197 1820 4243 et
1851 4199 2136 4258 soporatns

571 4285 726 4338 sum;
761 4280 814 4324 et
847 4274 1150 4340 exsurrexi,
1183 4277 1307 4345 quia
1337 4277 1596 4334 Dominus
1620 4279 1857 4349 suscepit
1889 4297 1974 4335 me
2010 4279 2071 4332 “.
2112 4299 2129 4330 υ

570 4359 893 4416 Conveniret
921 4363 1139 4418 Christo
1167 4374 1220 4419 et
1251 4367 1482 4438 quisque
1513 4369 1674 4438 hujus
1707 4369 1900 4438 psalmi
1921 4385 2131 4434 versus,

569 4453 660 4518 qui
693 4451 849 4505 nobis
881 4454 1320 4523 interpretandus
1363 4465 1464 4512 est.
1525 4457 1644 4513 Non
1684 4459 1992 4514 inconsulto
2021 4469 2132 4515 ter-

568 4544 676 4598 tius
721 4543 807 4597 ille
838 4545 1082 4614 psalmus
1121 4545 1324 4603 Christi
1373 4551 1825 4606 resurrectionem
1873 4567 2131 4622 praenun-

567 4633 688 4698 tiat,
738 4647 1100 4704 congruenter
1143 4657 1266 4694 cum
1309 4645 1602 4712 prazcitatis
1635 4646 1953 4715 prophetiis.
2015 4643 2132 4698 Pri-

563 4739 688 4780 mus
714 4727 878 4788 enim,
925 4729 1068 4784 sicut
1095 4733 1400 4794 retulimus,
1449 4733 1852 4804 integerrimam
1897 4737 2016 4805 ejus
2050 4741 2126 4792 vi-

561 4819 715 4880 tam,
771 4816 1182 4890 iniquitatisque
1237 4822 1530 4878 immunem
1586 4825 1796 4880 vivendi
1861 4829 2125 4884 rationem

2761 3547 3156 3601 ΚΕΦΑΛΔῘΟΝ
3195 3547 3272 3602 Γν.

2849 3637 3097 3706 Ψαλμοῦ
3133 3644 3200 3706 γ’.

2311 3731 2420 3785 Καὶ
2441 3732 2532 3784 τὸν
2565 3730 2748 3801 τρίτον
2779 3729 2988 3801 ψαλμὸν
3039 3729 3130 3780 ἐπὶ
3179 3729 3269 3782 τὸν
3323 3729 3556 3798 Χριστὸν
3599 3727 3772 3796 ἐκλαμ-

2241 3821 2366 3875 ϐἀνε
2375 3839 2422 3875 ιν
2449 3823 2686 3892 εὐχερὲς,
2711 3819 3014 3883 ἀκολούθως
3041 3824 3154 3883 τοῖς
3177 3819 3283 3890 πρὸ
3301 3817 3468 3873 αὑτοῦ
3487 3819 3770 3873 διδάσκοντα

2237 3913 2307 3966 τὰ
2339 3913 2584 3984 περὶτῆς
2605 3913 2724 3966 κατ’
2748 3912 2910 3966 αὐτοῦ
2941 3911 3228 3982 ἐπιϐουλῆς
3286 3910 3372 3964 διὰ
3401 3910 3518 3973 τοῦ,
3549 3929 3568 3962 ι
3605 3910 3766 3980 Κύριε,

2236 4003 2288 4055 τί
2319 4001 2728 4075 ἐπληθύνθησαν
2751 4005 2799 4055 oi
2825 4003 3093 4065 θλίϐοντές
3121 4019 3218 4073 με;
3279 4021 3298 4054 ι
3339 4004 3434 4056 καὶ
3461 4003 3530 4056 τὰ
3553 4005 3674 4074 περὶ
3689 4001 3768 4068 τῆς

2235 4096 2578 4159 ἀναστάσεως
2644 4095 2705 4166 (f.
2745 4096 2810 4150 19
2836 4100 2911 4164 νο)
2953 4095 3135 4155 αὐτοῦ,
3169 4095 3202 4150 ἃ
3267 4098 3360 4150 καὶ
3412 4095 3660 4165 δηλοῦται
3695 4095 3766 4146 διὰ

2233 4183 2348 4246 τοῦ,
2383 4203 2400 4233 ι
2425 4183 2564 4251 Ἐγὼ
2592 4183 2888 4254 ἐκοιμήθην
2947 4183 3040 4236 καὶ
3072 4183 3315 4248 ὕπνωσα,
3363 4181 3672 4256 ἐξηγέρθην.
3701 4185 3766 4235 ὃτι

2234 4275 2436 4346 Κύριος
2473 4275 2816 4346 ἀντιλήψεταί
2849 4291 2999 4346 μου.)
3039 4275 3318 4347 Ἀρμόσειε
3375 4277 3420 4330 δ’
3456 4277 3524 4332 ἂν
3549 4277 3622 4348 τῷ
3653 4275 3740 4344 Χρι

2236 4361 2345 4432 στῴ
2373 4364 2466 4416 καὶ
2495 4363 2723 4427 ἕκαστος
2745 4364 2838 4416 τοῦ
2852 4364 3064 4433 ψαλμοῦ
3089 4366 3268 4435 στίχος
3291 4367 3389 4436 τῆς
3415 4365 3766 4437 προσηκούσης

2231 4452 2408 4524 τυχὼν
2454 4453 2780 4526 ἐξηγήσεως
2817 4454 2925 4525 ἔχει
2961 4455 3017 4508 δὲ
3046 4455 3200 4525 λόγον
3240 4456 3416 4510 καὶτὸ
3437 4457 3612 4529 τρίτον
3631 4457 3764 4510 αὐτὸν

2229 4544 2556 4615 τεταγμένον
2609 4545 2678 4598 τά
2731 4547 2858 4618 περὶ
2903 4549 3002 4618 τῆς
3055 4549 3398 4613 ἀναστάσεως
3439 4548 3532 4602 τοῦ
3589 4547 3762 4618 Κυρίου

2232 4635 2508 4698 θεσπίζειν
2532 4636 2839 4700 ἀκολούθως
2866 4642 2984 4702 ταῖς
3011 4640 3116 4712 πρὸ
3169 4639 3330 4694 αὐτοῦ
3364 4643 3716 4714 προφητείαις·
3739 4641 3764 4688 ὁ

2233 4727 2331 4796 μὲν
2359 4726 2465 4798 γὰρ
2497 4727 2726 4798 πρῶτος,
2762 4729 2942 4794 καθὼς
2970 4731 3413 4803 ἀποδεδώκαμεν,
3445 4735 3534 4786 τὸν
3555 4734 3762 4804 ἄληπτον

2231 4819 2342 4890 βίον
2361 4823 2455 4874 καὶ
2486 4821 2586 4892 τὴν
2612 4819 2738 4874 ἄνευ
2759 4823 3033 4895 ἁμαρτίας
3054 4823 3216 4877 αὑτοῦ
3235 4825 3504 4878 πολιτείαν
3529 4825 3758 4878 διδάσκει’

563 4907 828 4974 ostendit;
865 4911 1245 4982 secundusque
1288 4915 1631 4984 passionem;
1663 4926 1784 4986 apte
1813 4918 1978 4988 igitur
2022 4929 2128 4976 ter-

2248 4933 2254 4961 ι
2281 4911 2528 4984 δεύτερος
2549 4913 2614 4966 τά
2647 4915 2788 4967 κατὰ
2819 4915 2878 4968 τὸ
2925 4915 3112 4978 πάθοςο
3145 4915 3352 4979 τούτοις
3385 4915 3656 4987 τοιγαροῦν
3683 4912 3760 4966 καὶ

561 4997 672 5053 tius
698 5001 1148 5057 resurrectionem
1177 5003 1297 5072 ejus
1321 5007 1664 5073 praenuntiat.

1163 5177 1392 5233 CAPUT
1431 5177 1522 5236 IV.

1073 5265 1122 5320 E
1145 5269 1348 5335 psalmo
1388 5281 1589 5324 octavo.

547 5429 550 5434 η
624 5356 812 5412 Octavi
849 5359 1040 5430 psalmi
1083 5360 1254 5429 prima
1295 5361 1458 5415 verba
1489 5382 1502 5416 :
1533 5381 1550 5413 ι
1585 5361 1808 5419 Domine
1843 5365 1981 5422 Deus
2027 5384 2118 5423 no-

557 5460 686 5512 ster,
711 5465 870 5520 quam
903 5449 1218 5505 admirabile
1261 5461 1344 5506 est
1392 5469 1582 5508 nomen
1617 5463 1768 5510 tuum
1802 5457 1855 5510 in
1905 5459 2114 5513 univer-

557 5552 616 5590 sa
650 5544 792 5590 terra
827 5538 900 5590 ιιι
943 5559 960 5590 ι
1007 5540 1072 5594 de
1115 5540 1352 5609 gentium
1395 5545 1680 5598 vocatione
1735 5545 2114 5615 prophetizare

557 5627 768 5681 videtur
804 5641 1010 5698 :quare
1059 5631 1419 5687 inscribitur:
1458 5653 1474 5684 ι
1525 5649 1621 5702 pro
1669 5638 2055 5695 torcularibus.
2091 5661 2109 5692 ι

557 5715 654 5771 llic
683 5727 1016 5787 usurpantur
1043 5724 1334 5778 toreularia
1387 5739 1483 5795 pro
1521 5723 1782 5781 Ecclesiis
1823 5743 1943 5798 quae
1985 5740 2115 5785 sunt

623 5876 665 5906 ¹⁶
699 5873 844 5930 Psal.
879 5889 976 5940 In,
1005 5876 1064 5934 2.
1137 5880 1176 5912 “
1215 5879 1346 5933 ibid.
1379 5879 1428 5934 6.
1509 5883 1548 5912 ¹²
1587 5879 1731 5936 Psal.
1767 5897 1900 5948 vin,
1939 5882 1989 5940 Ι.

2229 5006 2258 5057 ὁ
2305 5003 2485 5074 τρίτος
2539 5005 2668 5076 ὲξῆς
2732 5007 2801 5060 τὰ
2857 5009 2984 5079 περὶ
3059 5007 3156 5079 τῆς
3217 5007 3558 5070 ἀναστάσεως
3617 5003 3758 5058 αὑτοῦ

2226 5091 2483 5158 θεσπίζει.

2749 5185 3140 5240 ΚΕΦΑΛΑΙΟΝ
3187 5191 3259 5242 Δ’.

2824 5277 3072 5347 Ψαλμοῦ
3109 5287 3162 5346 η’

2293 5361 2398 5416 Τοῦ
2425 5363 2608 5432 ὀγδόου
2635 5363 2846 5436 ψαλμοῦ
2886 5365 2954 5418 τά
2983 5367 3077 5436 μέν
3108 5367 3295 5436 πρῶτα
3319 5368 3428 5420 ἀπὸ
3453 5367 3562 5434 τοῦ,
3581 5363 3752 5436 «Κύριε

2217 5454 2246 5505 ὁ
2271 5453 2472 5526 Κύριος
2505 5455 2680 5526 ἡμῶν,
2709 5456 2782 5519 ὡς
2819 5455 3126 5524 θαυμαστὸν
3151 5459 3210 5510 τὸ
3233 5453 3530 5530 δνομάσου
3555 5461 3608 5510 ὲν
3625 5458 3751 5525 πάσῃ

2218 5551 2283 5620 τῇ
2314 5553 2439 5620 γῇν)
2479 5553 2732 5622 περὶτῆς
2765 5552 2820 5618 ἐξ
2859 5551 3024 5606 ἐθνῶν
3079 5553 3322 5626 κλήσεως
3375 5557 3512 5610 ἔοικε
3567 5570 3752 5627 προφη-

2219 5641 2490 5695 τεύεσθαι·
2515 5642 2596 5695 διὸ
2627 5643 2719 5696 καὶ¹
2747 5643 3146 5717 ἐπιγέγραπται
3195 5665 3214 5697 ι
3233 5648 3374 5718 ὑπὲρ
3421 5649 3524 5702 τῶν
3543 5646 3744 5716 ληνῶνοι

2221 5731 2393 5803 ληνῶν
2425 5733 2725 5790 νοουιιένων
2753 5735 2859 5789 τῶν
2891 5737 2994 5790 ἀνά
3041 5737 3138 5809 τὴν
3193 5739 3510 5812 οἰκουμένην
3551 5736 3748 5807 Ἐκκλη-
