3954 6510
172 426 312 483 1097

1195 427 1488 484 ECLOGA}
1528 424 2007 484 PROPHETICAS.
2049 452 2121 463 -
2162 421 2291 475 LIB.
2329 418 2399 475 ll.

3292 417 3429 472 {098

172 558 327 601 σ.ων,
365 544 422 595 ἐν
453 537 539 603 αἷς
574 542 671 612 τῆς
709 541 965 613 ἀληθινῆς
991 543 1236 613 ἀμπέλου
1256 543 1351 597 τοῦ
1378 542 1636 615 Χριστοῦ,
1661 545 1755 595 καὶ

1870 552 2020 608 super
2052 546 2274 598 terram,
2310 535 2365 588 in
2398 534 2600 605 quibus
2622 546 2763 587 vera:
2788 532 2912 586 vitis
2934 530 3163 593 Christi,
3192 539 3245 586 et
3270 528 3427 601 quasi

170 631 281 684 τῶν
313 631 555 702 ὡσπερεὶ
588 631 879 702 κλημάτων
906 632 1070 685 αὑτοῦ
1098 632 1205 685 τῶν
1238 633 1398 705 ίερῶν
1423 634 1752 695 ἀποστόλων,

169 724 218 776 οἱ
246 722 455 791 λογικοὶ
485 723 707 793 βότρυες
739 724 1048 793 πιεζόμενοι
1076 724 1167 777 τὸν
1200 726 1308 778 ἀπὸ
1354 725 1463 779 τῶν
1496 724 1754 797 μαθημά-

171 831 279 866 των
310 812 489 867 αυτῶν
520 814 702 886 νοερὸν
737 815 829 866 καὶ
855 814 1035 884 πάσης
1084 814 1420 885 εὐφροσύνης
1477 815 1755 885 ποιητικὸν

169 908 316 959 οἶνον
342 907 688 978 παρέχουσινο
727 907 900 970 ἄλλως
932 908 1042 978 γάρ
1081 909 1141 960 ού
1163 909 1385 961 δυνατὸν
1420 911 1755 978 σωματικαῖς

170 998 353 1069 ληνοῖς
392 999 699 1069 ἐφαρμόσαι
726 998 797 1050 τά
828 1000 884 1051 ἐν
946 1000 1023 1071 τῷ
1052 1000 1250 1071 ψαλμῴ
1293 1001 1578 1071 λεγόμενα·
1635 1003 1755 1054 ἐπεὶ

172 1092 299 1163 μηδ’
326 1092 461 1155 ὅλως
483 1092 557 1153 ὡς
598 1094 653 1145 ἐν
677 1092 882 1165 ἑτέροις
920 1094 1037 1165 ἤτοι
1094 1098 1221 1166 περὶ
1265 1096 1511 1167 ἀμπέλου
1544 1114 1754 1168 μεταροο

170 1184 357 1254 θείσης
385 1185 443 1249 ἐξ
474 1183 769 1252 Αἰγύπτου,
806 1184 837 1255 ἢ
871 1186 998 1257 περὶ
1035 1186 1357 1256 ἀμπελῶνος
1415 1188 1620 1258 Κυρίου
1654 1188 1756 1239 Σα-

169 1274 348 1337 ϐαὼθ,
382 1276 416 1346 ἦ
444 1294 603 1328 τινων
627 1275 901 1340 τοιούτων,
923 1276 1159 1330 διάνοιάν
1190 1296 1309 1330 τινα
1339 1279 1408 1333 τὰ
1442 1279 1539 1349 τῆς
1560 1278 1757 1344 λέξεως

170 1366 442 1437 περιέχει.
474 1366 554 1418 Τά
588 1366 631 1419 δ’
662 1366 768 1418 ἀπὸ
804 1366 920 1429 τοῦ,
979 1386 995 1417 ι
1030 1368 1093 1420 Τί
1127 1369 1272 1422 ἐστιν
1323 1368 1625 1439 ἄνθρωπος,
1676 1368 1756 1419 ὅτι

171 1459 461 1527 μιμνήσκῃ
492 1457 676 1520 αὑτοῦ,
734 1457 914 1527 ῆυίὸς
969 1459 1276 1530 ἀνθρώπου,
1334 1461 1413 1513 ὅτι
1454 1459 1756 1528 ἐπισκέπτῃ

170 1548 376 1610 αὑτόν;
424 1547 767 1611 Ἠλάττωσας
797 1550 957 1602 αὑτὸν
991 1549 1163 1620 βραχύ
1196 1568 1247 1603 τι
1307 1552 1434 1622 παρ’
1470 1550 1754 1619 ἀγγέλους,

168 1640 300 1711 δόξῃ
330 1639 426 1693 καὶ
451 1643 582 1710 τιμῇ
615 1642 997 1709 ἐστεφάνωσας
1019 1642 1234 1705 αύτὸν,›
1271 1642 1366 1695 καὶ
1395 1642 1462 1695 τὰ
1493 1642 1640 1711 ἑξῆς,
1667 1642 1759 1693 ἐπὶ

167 1732 258 1783 τὸν
298 1732 531 1802 Σωτῆρα
560 1734 654 1785 καὶ
704 1733 907 1804 Κύριον
962 1734 1120 1805 ἡμῶν
1173 1733 1379 1804 Ἰησοῦν
1414 1735 1471 1786 ὲν
1520 1737 1585 1805 τῇ
1624 1733 1759 1805 πρὸς

179 1824 473 1895 Ἐϐραίους
516 1826 769 1897 ἐπιστολῇ
806 1827 1177 1897 μετείληπται,
1216 1826 1342 1880 ἔνθα
1371 1824 1465 1897 τῷ·
1509 1844 1527 1877 ι
1577 1826 1760 1879 Πάντα

169 1915 451 1980 ὑπέταξας
482 1916 738 1969 ὑποκάτω
788 1916 892 1969 τῶν
938 1916 1112 1969 ποδῶν
1141 1917 1327 1981 αὑτοῦ,
1372 1935 1390 1967 ι
1443 1916 1760 1987 ἐπιφέρεται

167 2007 245 2061 τό·
284 2027 306 2058 ι
340 2008 454 2061 Νῦν
488 2009 543 2061 δὲ
590 2008 801 2061 οὐδέπω
839 2007 1052 2079 ὁρῶμεν
1080 2008 1227 2078 αὑτῷ
1253 2007 1321 2062 τά
1369 2009 1545 2063 πάντα
1573 2010 1763 2063 ὑποτε-

166 2103 443 2173 ταγμένα.
471 2101 576 2154 Τὸν
604 2101 659 2155 δέ
695 2101 866 2172 βραχύ
915 2119 968 2155 τι
1024 2102 1153 2173 παρ’
1196 2102 1461 2170 ἀγγέλους
1518 2102 1762 2170 ⁷ἦλοιττω-

171 2195 338 2266 μένον
362 2194 631 2266 βλέπομεν
665 2194 894 2266 Ἰησοῦν,
920 2194 1006 2247 διὰ
1033 2194 1092 2247 τὸ
1123 2195 1354 2264 πάθημα
1386 2193 1479 2246 τοῦ
1508 2192 1759 2257 Θανάτου,

166 2286 299 2360 δόξῃ
338 2287 433 2339 καὶ
464 2289 596 2358 τιμῇ
628 2287 1125 2355 ἐστεφανωμένον.)
1166 2284 1323 2337 Εἴποι
1366 2284 1409 2337 δ’
1456 2285 1519 2338 ἄν
1562 2302 1644 2348 τις
1689 2284 1761 2355 μὴ

173 2377 340 2447 μόνον
364 2376 453 2429 διὰ
485 2376 545 2428 τὸ
575 2376 803 2446 πάθημα
827 2375 917 2429 τοῦ
943 2375 1197 2434 θανάτου,
1226 2374 1361 2429 ἀλλά
1387 2375 1480 2428 καὶ
1513 2375 1578 2428 δι’
1596 2376 1762 2445 αὑτὴν

168 2469 270 2539 τὴν
304 2467 720 2539 ἐνανθρώπησιν
749 2468 915 2521 αὑτοῦ
954 2466 1296 2538 ἡλαττῶσθαι
1321 2468 1483 2520 αὑτὸν
1511 2467 1682 2537 βραχύ
1712 2485 1763 2520 τι

171 2562 308 2633 παρ’
338 2562 622 2630 ἀγγέλους·
684 2581 701 2613 ι
731 2562 878 2625 Ὅτε,
918 2562 974 2613 ἐν
1037 2564 1214 2632 μορφῇ
1266 2559 1400 2614 Θεοῦ
1471 2561 1761 2631 ὑπάρχων,

168 2653 270 2722 οὑχ
304 2652 598 2722 ἁρπαγμὸν
632 2653 977 2723 ἡγησάμενος
999 2653 1057 2704 τὸ
1099 2654 1188 2706 ἴσα
1214 2652 1331 2723 Θεῷ
1382 2648 1537 2713 εἶναι,
1571 2652 1767 2704 ἐκένω-

172 2761 266 2797 σεν
300 2744 495 2797 ἐαυτὸν
522 2745 736 2816 μορφὴν
767 2743 952 2796 δούλου
990 2742 1189 2809 λαϐὼν,
1232 2763 1249 2795 ι
1305 2745 1400 2797 καὶ
1452 2744 1545 2796 ἐπὶ
1574 2742 1763 2796 τοσοῦ-

168 2853 263 2890 τον
289 2836 728 2905 ἠλάττωσεν,ὠς
775 2838 894 2890 ἀντὶ
950 2836 1045 2907 τῆς
1098 2838 1154 2888 ἐν
1210 2839 1388 2907 μορφῇ
1424 2835 1557 2888 Θεοῦ
1610 2835 1767 2907 δόξης

170 2927 437 2999 λεχθῆναι
469 2928 600 3000 περὶ
632 2927 794 2981 αὑτοῦ
847 2929 926 2982 τό·
972 2948 988 2978 ι
1033 2928 1258 2998 Εἴδομεν
1299 2928 1482 2991 αὑτὸν,
1536 2928 1627 2981 καὶ
1668 2930 1767 2981 οὑκ

172 3018 325 3092 εἶχεν
345 3016 485 3084 εἶδος
518 3021 639 3073 οὑδέ
670 3020 884 3084 κάλλος.
927 3020 1039 3073 ἀλλ’
1062 3017 1129 3091 ἦν
1182 3022 1241 3073 τὸ
1279 3015 1418 3084 εἶδος
1458 3020 1620 3074 αὑτοῦ
1652 3020 1768 3075 ἄτι-

175 3132 305 3186 μον,
340 3115 435 3168 καὶ
458 3112 706 3167 ἐκλεῖπον
737 3115 885 3185 παρά
932 3115 1057 3177 τοὺς
1088 3116 1236 3177 υἱοὺς
1270 3113 1377 3167 τῶν
1407 3113 1763 3185 ἀνθρώπωνσι

173 3203 296 3257 ἀνθ’
330 3197 407 3255 ὧν
430 3204 790 3274 ἀμειϐόμενος
817 3206 845 3255 ὁ
880 3203 1089 3275 Πατὴρ,
1130 3224 1147 3255 ι
1177 3204 1302 3275 δόξῃ
1334 3205 1427 3257 καὶ
1454 3208 1585 3277 τιμῇ
1620 3208 1770 3259 ἐστε-

174 3295 435 3366 φάνωσεν
462 3296 645 3347 αὑτόν·
680 3296 779 3348 ὑπε
792 3295 1043 3367 ρυψώσας
1074 3297 1167 3350 καὶ
1226 3297 1591 3369 χαρισάμενος
1620 3298 1768 3369 αὑτῷ

174 3389 233 3441 τὸ
262 3387 442 3458 ὄνομα
473 3387 533 3439 τὸ
563 3388 698 3460 ὑπὲρ
730 3390 836 3441 πᾶν
859 3388 1047 3458 ὄνομα·
1101 3389 1166 3443 ἵν’
1198 3390 1255 3443 ἐν
1283 3388 1359 3459 τῷ
1396 3390 1620 3460 ὀνόματι
1667 3391 1769 3461 Ἰη-

177 3478 275 3533 σοῦ
312 3482 423 3533 πᾶν
448 3480 576 3548 γόνυ
608 3480 800 3551 κάμψῃ
847 3481 1206 3552 ἐπουρανίων,
1235 3483 1328 3535 καὶ
1362 3484 1639 3550 ἐπιγείων,
1676 3483 1769 3535 καὶ

175 3572 576 3643 καταχθονίων,
618 3574 709 3628 καὶ
737 3576 885 3627 πάσα
925 3574 1146 3643 γλῶσσα
1192 3574 1649 3649 ἐξομολογήσηται
1688 3578 1768 3630 ὅτι

174 3668 390 3737 Κύριος
423 3667 626 3738 Ἰησοῦς
652 3667 882 3738 Χριστὸς
901 3670 979 3730 είς
1007 3667 1162 3732 δόξαν
1187 3667 1320 3722 Θεοῦ
1350 3669 1578 3741 Πατρός.
1596 3690 1612 3722 ι
1638 3671 1766 3724 Καίο

183 3781 202 3811 ε
235 3758 564 3830 Κατέστησε
615 3759 661 3811 δ’
710 3760 872 3812 αὑτὸν
904 3759 996 3811 ἐπὶ
1039 3759 1105 3812 τά
1133 3758 1270 3830 ἔργα
1309 3761 1416 3813 τῶν
1446 3761 1644 3833 χειρῶν
1676 3763 1771 3816 αὑ-

177 3853 332 3907 τοῦ-ι
371 3852 509 3922 ὅπερ
560 3852 653 3905 καὶ
702 3853 832 3904 αὑτὸ
861 3851 938 3923 τῷ
974 3854 1069 3923 μὲν
1102 3853 1194 3906 τοῦ
1218 3854 1470 3924 Σωτῆρος
1491 3854 1649 3926 ἡμῶν
1679 3857 1772 3926 ἀρ-

182 3946 424 4014 μόζοντα
454 3944 639 4014 (ζοιτο)
675 3942 951 4015 προσώπῳ
982 3944 1071 3996 διά
1103 3944 1193 3997 τὸν
1224 3946 1281 3999 ἐν
1326 3946 1473 4016 αὑτῷ
1515 3946 1605 3999 τὸν
1638 3946 1769 4001 Θεὸν

178 4036 379 4103 Λόγον,
413 4034 593 4087 ούκέτι
633 4034 687 4086 δὲ
727 4036 819 4087 καὶ
868 4034 945 4104 τῷ
977 4035 1211 4106 τυχόντι,
1239 4036 1295 4089 εἴ
1348 4054 1412 4105 γε
1442 4040 1498 4090 ἐν
1540 4042 1650 4101 τοῖς
1677 4039 1769 4092 τοῦ

179 4127 323 4181 Θεοῦ
354 4127 535 4197 ἔργοις
570 4128 660 4179 καὶ
682 4127 807 4189 τοὺς
833 4128 1094 4197 οὑρανοὺς
1127 4130 1482 4200 καταριθμεῖν
1514 4130 1632 4194 ἕθος
1661 4134 1771 4195 τοῖς

184 4221 356 4290 ἱεροῖς
388 4216 586 4285 λόγοις,
618 4220 758 4272 κατά
789 4219 868 4283 τὸ,
912 4237 928 4268 ι
954 4219 1064 4271 Καὶ
1118 4219 1253 4291 ἔργα
1289 4221 1393 4273 τῶν
1424 4222 1621 4293 χειρῶν
1679 4241 1769 4277 σου

182 4310 327 4364 εἰσιν
348 4312 398 4362 οἱ
427 4310 699 4381 οὐρανοί.»
733 4310 875 4381 Πρὸς
900 4310 1130 4376 τούτοις-ο
1170 4330 1187 4361 ‹
1222 4312 1332 4365 Καὶ
1363 4314 1537 4366 πάντα
1569 4314 1771 4368 ὑπέτα-

184 4401 277 4466 ξεν
310 4402 418 4455 ὑπὸ
453 4403 578 4465 τοὺς
604 4402 766 4465 πόδας
789 4402 975 4464 αὑτοῦ,
1024 4403 1271 4474 πρόὸατα
1315 4405 1409 4457 καὶ
1446 4404 1573 4475 βόας
1628 4407 1771 4459 ἀπά-

186 4513 309 4558 σας,
349 4494 431 4547 ἔτι
454 4493 510 4545 δὲ
545 4495 636 4547 καὶ
666 4495 733 4547 τά
785 4496 953 4563 κτήνη
985 4494 1078 4547 τοῦ
1113 4494 1314 4557 πεδίου,
1356 4497 1423 4549 τά
1468 4496 1528 4565 (Γ.
1557 4496 1645 4567 20)
1678 4514 1773 4550 πε-

185 4587 342 4640 τεινά
375 4585 471 4639 τοῦ
506 4586 757 4656 ούρανοῦ,
789 4588 881 4639 καί
907 4586 1031 4649 τοὺς
1064 4586 1250 4656 ἰχθύας
1282 4590 1380 4658 τῆς
1410 4586 1705 4660 θαλάσσηςο
1749 4608 1767 4640 ι

1855 645 2189 702 gemmarum
2225 629 2345 698 ejus
2375 635 2690 682 sanctorum
2731 625 3128 695 apostolorum,
3155 624 3430 694 spiritales

1855 722 2056 778 racemi
2105 722 2282 793 pressi
2324 719 2593 775 doctrinis
2653 718 2768 774 suis
2813 718 3056 789 spiritale
3106 733 3431 787 omnemque

1856 815 2181 873 suavitatem
2233 812 2471 868 eﬂiciens
2511 812 2697 866 vinum
2748 811 3011 883 praebent.
3059 809 3232 865 Aliter
3285 810 3428 865 enim

1856 906 2197 978 impossibile
2234 912 2381 960 esset
2405 904 2783 975 corporalibus
2818 903 3187 958 torcularibus
3224 917 3435 956 accom-

1855 999 2077 1053 modare
2105 1013 2225 1068 quae
2256 998 2310 1051 in
2339 997 2443 1051 hoc
2469 997 2678 1066 psalmo
2700 995 2996 1062 dicuntur;
3031 1010 3154 1050 cum
3185 994 3427 1055 minime.

1856 1100 1916 1146 ut
1958 1091 2012 1145 in
2059 1089 2294 1154 caeteris,
2346 1090 2460 1145 sive
2504 1089 2571 1143 de
2603 1089 2712 1143 vite
2754 1103 2874 1158 quae
2920 1105 2986 1142 ex
3032 1086 3265 1159 Egypto
3309 1102 3431 1143 sur-

1856 1185 2016 1247 rexit,
2059 1184 2174 1239 sive
2214 1183 2281 1238 de
2315 1181 2527 1236 Domini
2576 1179 2812 1235 Sabaoth
2843 1181 2972 1244 vite,
3019 1180 3133 1235 sive
3175 1181 3243 1235 de
3286 1179 3435 1249 ejus-

1858 1278 2006 1332 modi
2040 1277 2163 1331 aliis
2200 1277 2363 1330 verba
2404 1276 2570 1345 hujus
2615 1275 2720 1329 loci
2771 1290 2938 1329 sensu
2981 1274 3176 1344 quovis
3205 1274 3435 1344 intelligi

1859 1370 2097 1441 possint.
2136 1368 2268 1435 Quae
2300 1385 2425 1424 vero
2468 1369 2536 1422 ab
2570 1368 2637 1422 iis
2665 1387 2676 1421 :
2712 1387 2729 1417 ‹
2760 1366 2901 1433 Quid
2951 1375 3035 1421 est
3064 1352 3257 1433 .homo,
3290 1367 3436 1437 quod

1858 1477 2067 1516 memor
2092 1477 2151 1516 es
2192 1461 2350 1529 ejus?
2379 1469 2473 1513 aut
2496 1457 2641 1513 ﬁlius
2672 1458 2934 1520 hominis,
2954 1459 3210 1527 quoniam
3244 1458 3436 1512 visitas

1858 1554 2017 1608 eum?
2052 1552 2309 1607 Minuisti’
2334 1568 2456 1607 eum
2492 1551 2659 1621 paulo
2694 1550 2877 1605 minus
2907 1551 2975 1603 ab
3001 1551 3229 1621 angelis,
3264 1550 3436 1619 gloria

1859 1653 1912 1701 et
1938 1646 2149 1700 honore
2188 1644 2609 1699 coronastieum
2640 1642 2706 1709 ",
2742 1662 2759 1694 ι
2799 1652 2851 1696 et
2884 1641 3111 1711 reliqua,
3144 1640 3209 1695 ad
3252 1639 3438 1694 Salva—

1860 1746 2031 1792 torem
2061 1745 2115 1792 et
2159 1735 2445 1790 Dominum
2493 1741 2741 1790 nostrum
2767 1732 2951 1788 Jesum
3000 1735 3053 1787 in
3089 1732 3328 1803 Epistola
3370 1731 3438 1786 ad

1861 1829 2118 1885 Hebrzcos
2154 1828 2491 1891 referuntur,
2538 1828 2629 1883 ubi
2657 1838 2782 1897 post
2812 1828 2926 1893 illa,
2958 1846 2975 1878 ι
3011 1827 3205 1882 Omnia
3254 1826 3438 1896 subje—

1862 1922 1986 1978 cisti
2021 1922 2124 1977 sub
2160 1920 2389 1991 pedibus
2420 1919 2540 1988 ejus
2570 1919 2635 1984 ³⁸,
2671 1939 2689 1971 ι
2729 1920 3062 1989 adjiciuntur
3090 1935 3152 1973 ea
3186 1938 3198 1973 :
3235 1938 3252 1970 ι
3281 1918 3438 1973 Nunc

1864 2022 2043 2069 autem
2091 2013 2322 2069 necdum
2366 2014 2613 2068 videmus
2665 2014 2849 2068 omnia
2894 2012 3141 2083 subjecta
3188 2012 3257 2067 ei.
3296 2010 3438 2066 Eum

1863 2114 2067 2173 autem,
2094 2106 2188 2175 qui
2217 2105 2433 2160 modico
2461 2120 2624 2175 quam
2666 2105 2842 2175 angeli
2880 2104 3185 2158 minoratus
3221 2113 3326 2168 est,
3357 2104 3439 2160 vi-

1863 2198 2056 2253 demus
2079 2195 2287 2259 Jesum,
2327 2204 2550 2266 propter
2585 2195 2895 2266 passionem
2931 2194 3146 2257 mortis,
3182 2194 3352 2263 gloria
3385 2202 3440 2248 et

1864 2289 2072 2344 honore
2103 2300 2423 2345 coronatum
2451 2291 2515 2344 ⁸⁸.
2552 2308 2571 2341 ι
2610 2288 2725 2342 Dici
2753 2287 2950 2357 poterit
2984 2301 3091 2340 non
3126 2294 3337 2340 tantum
3369 2287 3440 2341 ob

1865 2381 2061 2435 mortis
2112 2382 2471 2451 passionem,
2518 2379 2615 2435 sed
2668 2382 2830 2433 etiam
2884 2378 2955 2432 ob
3004 2377 3439 2431 incarnationem

1866 2487 2020 2528 suam
2045 2487 2168 2527 eum
2207 2473 2537 2527 minoratum
2571 2471 2740 2527 fuisse
2770 2470 2932 2541 paulo
2971 2470 3148 2525 minus
3177 2470 3247 2525 ab
3278 2484 3443 2539 ange-

1864 2568 1970 2622 lis:
2012 2586 2031 2618 ‹
2062 2566 2197 2621 Cum
2228 2566 2281 2620 in
2316 2565 2488 2620 forma
2522 2564 2616 2621 Dei
2658 2573 2822 2629 esset,
2871 2579 2978 2619 non
3015 2563 3258 2633 rapinam
3293 2562 3443 2617 arbi-

1866 2666 2042 2715 tratus
2084 2667 2320 2715 estesse
2369 2675 2428 2715 se
2468 2660 2729 2730 aequalem
2762 2658 2894 2723 Deo,
2940 2658 3032 2713 sed
3086 2657 3438 2727 semetipsum

1866 2751 2166 2806 exinanivit
2212 2751 2440 2805 formam
2472 2752 2617 2807 servi
2654 2752 2927 2821 accipiens
2954 2750 3017 2812 ³⁸,
3051 2770 3069 2801 ι
3103 2757 3266 2820 atque
3304 2749 3441 2803 adeo

1868 2843 2142 2898 imminuit
2176 2859 2257 2907 se,
2298 2850 2359 2897 ut
2386 2858 2494 2897 non
2515 2842 2627 2913 jam
2665 2844 2723 2897 in
2766 2842 2941 2897 forma
2981 2842 3071 2897 Dei
3102 2842 3288 2912 gloriae
3317 2855 3442 2896 esse

1867 2932 2166 2997 diceretur,
2213 2934 2308 2990 sed
2336 2953 2349 2988 :
2383 2953 2401 2985 ι
2435 2932 2688 2990 Vidimus
2719 2948 2867 2997 eum,
2901 2940 2954 2988 et
2981 2947 3090 2986 non
3125 2938 3242 2986 erat
3282 2945 3442 3001 aspe-

1869 3036 1993 3083 ctus
2044 3044 2224 3098 neque
2266 3028 2454 3093 decor,
2491 3035 2545 3082 et
2587 3026 3020 3082 desideravimus
3056 3040 3205 3088 eum,
3252 3024 3446 3095 despe-

1869 3125 2041 3180 ctum,
2083 3126 2138 3173 et
2195 3118 2558 3174 novissimum
2610 3117 2853 3172 virorum
2883 3117 2945 3171 ".
2981 3135 2999 3168 ι
3034 3115 3237 3170 Contra
3267 3124 3447 3169 autem

1872 3210 2209 3281 respondens
2259 3209 2462 3277 Pater,
2520 3228 2539 3261 ι
2572 3211 2742 3281 gloria
2798 3217 2852 3265 et
2899 3209 3110 3263 honore
3165 3207 3450 3263 coronavit

1796 3323 1836 3378 ο
1870 3317 1993 3356 eum
2021 3303 2085 3366 ’⁸,
2119 3301 2378 3357 exaltavit
2412 3301 2565 3355 illum
2598 3308 2652 3355 et
2681 3299 2903 3354 donavit
2931 3299 3007 3352 illi
3036 3314 3257 3362 nomen,
3301 3295 3447 3367 quod

1875 3400 1958 3448 est
1990 3408 2155 3462 super
2208 3407 2368 3447 omne
2408 3406 2632 3456 nomen,
2664 3401 2726 3446 ut
2772 3390 2825 3444 in
2872 3390 3091 3444 nomine
3114 3387 3243 3444 Jesu
3286 3402 3448 3443 omne

1876 3501 2017 3557 genu
2052 3484 2306 3539 ﬂectatur
2333 3483 2667 3547 caelestium,
2691 3482 3060 3547 terrestrium,
3109 3490 3163 3537 et
3203 3480 3446 3537 inferno-

1876 3593 2037 3644 rum;
2080 3586 2133 3632 et
2181 3576 2363 3631 omnis
2401 3577 2585 3646 lingua
2633 3576 2980 3638 confiteatur,
3026 3574 3152 3644 quia
3182 3573 3448 3629 Dominus

1874 3668 2035 3725 Jesus
2081 3668 2335 3723 Christus
2377 3668 2431 3722 in
2478 3667 2651 3737 gloria
2696 3675 2782 3723 est
2832 3667 2926 3720 Dei
2973 3665 3155 3719 Patris
3182 3666 3245 3719 ‘9.
3283 3684 3301 3717 ι
3336 3663 3448 3719 Et:

1881 3778 1903 3811 ‹
1932 3758 2233 3814 Constituit
2259 3775 2384 3814 eum
2405 3773 2570 3828 super
2595 3773 2761 3828 opera
2786 3773 3047 3812 manuum
3084 3771 3304 3811 suarum
3326 3756 3393 3810 ²⁰.
3421 3773 3443 3808 ι

1877 3853 2009 3919 Quae
2050 3852 2272 3922 quidem
2326 3851 2628 3907 Salvatoris
2676 3851 2853 3906 nostri
2902 3864 3150 3921 personae
3189 3855 3334 3919 apta,
3380 3847 3451 3902 ob

1880 3944 2048 4001 Deum
2079 3943 2321 4000 Verbum
2354 3944 2501 4016 quod
2532 3945 2675 4001 inest
2703 3945 2758 3998 in
2789 3959 2875 4007 ea,
2908 3959 3018 3997 non
3057 3949 3236 3996 autem
3267 3941 3454 3995 humao

1878 4055 1963 4093 na:
1992 4053 2261 4109 personae,
2313 4038 2359 4092 si
2397 4037 2617 4107 quidem
2664 4036 2719 4091 in
2756 4035 2851 4091 Dei
2896 4036 3152 4105 operibus
3195 4049 3453 4089 annume-

1879 4139 2071 4183 rantur
2108 4128 2256 4193 coali,
2290 4138 2350 4181 ut
2394 4128 2451 4182 in
2502 4128 2674 4183 sacris
2728 4125 3030 4196 Scripturis
3070 4126 3229 4187 solet,
3263 4140 3453 4180 secun-

1879 4225 2007 4278 dum
2051 4222 2185 4277 illud
2221 4242 2234 4277 :
2273 4241 2291 4274 ι
2316 4222 2492 4291 Opera
2542 4236 2804 4275 manuum
2846 4220 2967 4287 ejus
3002 4228 3132 4273 sunt
3178 4218 3391 4272 coeli".
3427 4236 3445 4267 ι

1879 4315 2009 4370 Post
2056 4315 2171 4369 haec
2205 4313 2430 4382 adjicit:
2470 4331 2487 4364 ‹
2518 4310 2712 4366 Omnia
2765 4310 3047 4379 subjecisti
3095 4308 3197 4363 sub
3223 4305 3453 4378 pedibus

1879 4407 2021 4477 ejus,
2066 4421 2195 4460 oves
2241 4413 2295 4458 et
2346 4404 2514 4457 boves
2550 4402 2858 4463 universas,
2904 4399 3129 4467 insuper
3171 4403 3226 4451 et
3257 4398 3453 4465 pecora

1880 4498 2091 4568 campi;
2122 4496 2373 4550 volucres
2408 4494 2532 4549 caeli
2561 4503 2615 4548 et
2645 4491 2826 4563 pisces
2859 4492 3050 4553 maris,
3100 4488 3192 4559 qui
3236 4504 3451 4559 peram—

1881 4589 2073 4644 bulant
2108 4587 2336 4643 semitas
2367 4586 2535 4641 maris
2559 4586 2625 4640 “.
2659 4604 2677 4635 ι
2712 4582 2810 4639 His
2837 4580 3091 4637 videntur
3122 4581 3297 4651 magis
3327 4581 3456 4635 alle-

186 4679 254 4733 δι’
282 4672 360 4731 ὧν
390 4677 564 4730 ἔοικεν
599 4676 1100 4749 ἀλληγορικώτερον
1154 4677 1443 4753 δηλοῦσθαι
1492 4680 1601 4733 τῶν
1662 4682 1764 4735 ἀλο

1881 4682 2064 4754 gorice
2116 4679 2328 4737 ostendi
2375 4679 2570 4733 anima:
2612 4677 2813 4740 stultae,
2870 4674 3455 4745 etquodammodOpe

184 4769 454 4841 γωτὲρων
478 4768 681 4821 καὶτὸν
712 4770 907 4840 τρόπον
940 4768 1152 4839 κτηνῶν
1174 4769 1440 4842 δευτέρων
1489 4771 1694 4843 ψυχῶν,
1742 4772 1775 4844 ἢ

188 4862 289 4916 καὶ
320 4862 605 4932 δυνάμεων
637 4862 1045 4932 ἀντικειμένων,
1071 4862 1104 4929 ἡ
1129 4864 1234 4916 ὑπὸ
1254 4863 1344 4916 τὸν
1368 4864 1530 4932 ζυγὸν
1560 4864 1653 4917 καὶ
1680 4862 1777 4935 τὴν

190 4954 290 5007 τοῦ
319 4953 481 5006 λόγου
509 4953 749 5007 δουλείαν
771 4957 1036 5027 ὑποταγή.

732 5065 1126 5120 ΚΕΦΑΛΑΙΟΝ
1170 5068 1246 5123 E’.

817 5182 1068 5252 Ψαλμοῦ
1096 5185 1163 5237 θ’.

280 5273 349 5327 Ἦ
382 5271 477 5327 τοῦ
507 5273 696 5328 ἐνάτου
719 5273 933 5344 ψαλμοῦ
956 5274 1236 5345 ἐπιγραφὴ
1256 5273 1477 5342 τοιαύτη
1501 5273 1585 5336 τίς
1605 5274 1770 5327 ἐστιν·

203 5387 223 5419 ι
252 5367 349 5430 Εἰς
371 5365 433 5418 τὸ
453 5365 605 5429 τέλος
623 5366 760 5438 ὑπὲρ
787 5365 892 5419 τῶν
915 5366 1179 5437 κρυφίων.
1197 5356 1426 5435 vanis;
1441 5364 1519 5436 τῷ
1559 5364 1737 5417 Δαυῖδ.
1753 5382 1772 5415 ι

212 5461 355 5515 Ἀνθ’
390 5453 467 5513 ὧν
493 5458 523 5511 ὁ
550 5457 842 5528 Σύμμαχος
897 5458 1211 5523 ἐκδέδωκεν,
1253 5475 1271 5508 ι
1308 5456 1602 5509 Ἐπινίκιον
1652 5457 1780 5526 περὶ

199 5553 298 5609 τοῦ
324 5552 557 5607 θανάτου
584 5551 677 5606 τοῦ
707 5552 849 5606 υἱοῦ.
886 5546 1075 5621 τᾼσμα
1108 5551 1199 5604 τοῦ
1231 5551 1444 5605 Δαυΐδ.»
1492 5548 1705 5618 Ὥσπερ
1732 5545 1777 5599 δ’

200 5641 296 5699 οῦν
324 5643 652 5714 καὶμᾶλλον
700 5644 874 5697 ἔοικεν
927 5642 1069 5713 ἔχειν
1130 5643 1191 5697 τὸ
1252 5642 1536 5714 Ἐὁραῖκδν
1593 5638 1781 5692 τοῦτον

270 5829 319 5861 ⁸³
358 5828 501 5882 Psal.
522 5844 646 5888 vnn,
667 5827 720 5888 6,
758 5827 813 5880 7.

206 5900 253 5934 ¹⁹
291 5892 529 5970 Philipp.
564 5915 632 5963 ιι,
671 5898 824 5953 9-H.

491 5994 760 6055 PATROL.
796 5996 911 6057 Gn.
957 5995 1161 6056 XXII.

890 5827 933 5859 “
973 5827 1105 5881 ihid.
1140 5828 1193 5882 8.
1274 5827 1315 5860 ¹⁸
1339 5827 1500 5884 llcbr.
1538 5827 1675 5891 n.8,
1708 5827 1762 5881 9.

1841 5824 1884 5856 ¹⁶
1909 5822 2141 5893 Philipp.
2182 5821 2316 5888 n.6,
2353 5822 2402 5878 7.

934 5899 978 5931 ὀ
1019 5897 1182 5954 Hebr.
1220 5914 1291 5963 ιι,
1330 5899 1381 5955 'l.
1458 5900 1515 5971 _"
1560 5896 1702 5954 Psal.
1740 5910 1764 5953 c

1870 5894 1937 5952 ιθ.
1985 5892 2270 5979 Psal.
2302 5909 2402 5981 vni
2458 5894 2491 5950 8
2538 5894 2592 5951 9.
2670 5895 2716 5928 ³³
2752 5892 2896 5949 Psal.
2935 5910 3011 5959 ix,
3053 5892 3105 5947 l.

1882 4774 2103 4829 corihus
2134 4772 2365 4838 similes,
2396 4771 2481 4825 vel
2511 4770 2754 4824 adversae
2783 4773 3102 4838 potestates,
3132 4766 3234 4821 sub
3261 4764 3455 4835 jugum

1880 4867 1965 4921 vel
1998 4865 2228 4921 rationis
2256 4865 2518 4919 ditionem
2550 4862 2804 4917 redactae.

2498 5060 2730 5118 CAPUT
2772 5060 2838 5117 ν.

2434 5176 2480 5231 Ε
2508 5178 2713 5245 psalmo
2749 5193 2910 5230 nono.

1957 5266 2085 5323 Haec
2116 5277 2200 5324 est
2230 5268 2359 5322 noni
2396 5268 2593 5339 psalmi
2642 5267 2971 5337 inscriptio:
3006 5284 3027 5317 α
3067 5264 3127 5319 In
3157 5262 3320 5318 ﬁnem
3361 5280 3460 5335 pro

1885 5357 2135 5412 occultis.
2164 5356 2418 5412 Psalmus
2455 5357 2625 5412 David
2645 5358 2709 5410 ".
2749 5377 2768 5409 ι
2810 5355 3172 5427 Symmachus
3201 5371 3331 5410 vero
3379 5357 3459 5411 sic

1886 5449 2054 5505 edidit
2080 5469 2094 5505 :
2128 5469 2147 5502 ι
2183 5449 2440 5506 Victoriae
2471 5466 2691 5505 carmen
2717 5450 2785 5505 de
2818 5458 2993 5504 morte
3023 5448 3138 5502 lilii.
3168 5447 3456 5503 Canticum

1888 5543 2078 5599 David.
2114 5564 2131 5597 ι
2161 5543 2330 5599 Nobis
2373 5545 2552 5613 potior
2592 5544 2808 5598 videtur
2847 5541 3112 5596 Hebraica
3157 5542 3319 5598 lectio
3357 5542 3461 5595 hoc

1888 5637 2084 5692 modo:
2120 5636 2457 5710 Λαμανασσὴ
2486 5635 2726 5708 Ἀλμαὺθ
2776 5637 2866 5707 βὲν
2908 5635 3186 5707 μασμωρά
3208 5635 3389 5690 Δαυῒδ.

2482 5824 2524 5855 ¹⁷
2559 5824 2666 5879 lsa.
2704 5837 2797 5877 ιιιι
2820 5863 2834 5887 ,
2867 5821 2923 5889 2,
2944 5823 2999 5878 5.
3082 5821 3385 5886 "llebmt,
3410 5821 3460 5877 7.

3070 5987 3148 6049 35
