3954 6502
540 422 559 474 i
570 421 673 479 099

1238 423 1507 480 EUSEBII
1545 421 2024 482 CESARIENSIS
2057 419 2207 478 OPP.
2243 417 2424 475 PARS
2460 416 2549 474 Ill.
2587 447 2660 460 —
2697 415 3115 474 EXEGETICA.

3640 421 3760 478 ιιω

535 541 601 597 Et
629 541 917 614 pulchrum
948 541 1152 600 Judaeis
1173 543 1268 614 qui
1295 543 1400 598 hoc
1442 551 1674 600 utuntur
1710 552 1886 611 textu,
1938 543 2087 598 incer

2216 538 2539 612 περιέχοντα
2588 537 2680 592 τὸν
2728 536 2949 608 τρόπον·
3012 533 3384 606 ιΛαμανασοή
3439 533 3640 606 alita-‘40
3680 536 3761 606 βὲν

525 644 647 687 tum
681 635 876 689 habere
901 634 970 690 de
997 651 1104 706 qua
1140 643 1314 692 morte
1351 645 1446 691 aut
1479 637 1546 693 de
1581 653 1691 710 quo
1722 638 1834 692 lilio
1864 637 2108 708 psalmus

533 728 714 782 dictus
748 729 818 782 sit
853 727 1060 782 Davidi.
1109 728 1281 786 Nobis
1313 732 1532 801 quidem
1569 732 1857 803 perspicue
1885 739 2108 800 apparet

534 819 600 874 de
627 817 931 875 Salvatoris
969 823 1226 890 passione
1268 825 1672 894 prophetizare.
1715 823 1830 878 l-loc
1879 833 1932 878 et
1960 837 2109 877 area-

534 926 661 964 num
696 912 985 968 obscurius
1033 912 1308 986 designari
1353 914 1706 988 Septuaginta
1752 921 2100 986 putaverunt.

531 1002 648 1074 Ipse
680 1003 897 1073 quidem
945 1005 1140 1076 Aquila
1171 1007 1558 1064 demonstrans
1592 1023 1846 1080 magnum
1898 1008 2103 1079 aliquid

535 1095 743 1152 fortiter
766 1106 1004 1168 gestum,
1057 1099 1124 1154 ad
1153 1101 1463 1171 passionem
1509 1100 1812 1156 Salvatoris
1853 1101 2105 1155 attribuit

529 1185 720 1242 dicens
755 1207 772 1242 τ
829 1206 847 1238 ι
877 1189 1100 1243 Auctori
1150 1190 1395 1246 victoria:
1443 1190 1555 1245 lilii.
1628 1191 1798 1246 Melos
1852 1189 2047 1249 David.
2077 1208 2096 1241 ι

525 1277 725 1335 Omnia
757 1291 936 1337 autem
956 1283 1154 1353 psalmi
1187 1284 1356 1346 dicta.
1384 1285 1428 1340 si
1462 1286 1584 1356 quis
1614 1291 1818 1339 attente
1846 1299 2104 1354 perscru-

527 1382 692 1439 tetur,
729 1387 854 1445 apta
884 1384 1011 1430 sunt
1039 1375 1263 1431 Christo
1294 1393 1309 1443 ;
1343 1376 1675 1447 indigentem
1704 1384 1758 1432 et
1789 1375 2100 1430 mendicum

524 1474 650 1515 eum
690 1469 850 1515 vocat
881 1468 935 1513 et
969 1459 1036 1514 de
1063 1460 1184 1529 ejus
1207 1462 1618 1516 resurrectione
1648 1476 1678 1514 a
1712 1461 1947 1515 mortuis
1973 1475 2102 1530 pro-

524 1550 765 1620 plietizat
797 1551 880 1605 his
912 1551 1093 1605 verbis
1119 1569 1132 1603 :
1162 1568 1180 1601 ι
1210 1549 1472 1607 Miserere
1507 1551 1633 1614 mei,
1688 1551 1933 1617 Domine,
1977 1551 2100 1607 vide

523 1641 890 1697 humilitatem
929 1657 1105 1697 meam
1146 1642 1214 1697 de
1247 1643 1488 1699 inimicis
1541 1643 1711 1716 meis;
1755 1644 1851 1715 qui
1886 1644 2098 1700 cxaltas

521 1749 608 1788 me
639 1733 707 1789 d'e
738 1736 910 1805 portis
942 1737 1154 1800 mortis,
1207 1745 1266 1792 ut
1307 1739 1628 1793 annuntiem
1666 1717 1858 1793 omnes
1909 1737 2099 1792 lauda-

520 1825 698 1880 tiones
717 1835 838 1881 tuas
860 1828 913 1881 in
943 1829 1115 1898 portis
1143 1829 1266 1885 lilia:
1287 1827 1418 1884 Sion
1449 1829 1516 1884 “.
1550 1848 1567 1880 ι
1594 1827 1767 1899 Cujus
1783 1843 1913 1884 vero
1936 1827 2091 1894 Sion,

2215 629 2490 702 μασμωρὰ
2517 629 2731 684 Δαυΐδ.»
2770 629 2880 684 Καὶ
2935 627 3098 682 καλόν
3150 644 3215 696 γε
3244 630 3355 690 τοῖς
3385 629 3450 680 ἐκ
3490 629 3757 700 περιτομῆς

2209 722 2358 794 αὐτῷ
2389 723 2688 794 χριομένοις
2730 721 3004 794 ἀπορῆσαι
3066 721 3195 791 περὶ
3249 719 3403 772 ποίου
3445 719 3683 786 θανάτου,
3729 722 3760 791 ἢ

2209 815 2336 886 περὶ
2353 814 2448 868 τοῦ
2478 815 2622 878 τίνος
2652 814 2768 868 υἱοῦ
2803 813 3061 884 ὀψαλμὲις
3092 813 3307 885 εἴρηται
3339 812 3416 884 τῷ
3435 812 3606 866 Δαυῖδο
3645 815 3762 883 ⁴ἡμῖν

2211 907 2308 977 μὲν
2341 906 2450 978 γὰρ
2476 906 2660 975 σαφῶς
2688 906 2936 976 φαίνεται
2969 906 3098 976 περὶ
3124 905 3218 958 τοῦ
3245 905 3450 968 πάθους
3472 905 3563 957 τοῦ
3606 905 3761 975 Σωτῆ-

2207 1014 2298 1072 ρος
2325 998 2782 1072 προφητεύεσθαι·
2819 999 2976 1053 τοῦτο
3003 999 3059 1051 δὲ
3089 999 3181 1053 καὶ
3217 1000 3344 1059 τοὺς
3381 1000 3435 1050 0'
3470 996 3760 1065 νενοηκότας

2204 1090 2640 1163 ἀπορρητότερον
2667 1089 2901 1162 ⁴ᾐνίχθαν
2934 1094 2963 1144 6
2991 1091 3173 1158 μέντοι
3203 1106 3265 1157 γε
3309 1089 3539 1152 ’Λκύλας
3567 1092 3652 1143 καὶ
3675 1089 3760 1142 αύ-

2202 1182 2293 1246 τὸς
2318 1183 2594 1254 ἐμφαίνων
2621 1183 2762 1254 μέγα
2811 1200 2863 1236 τι
2911 1183 3305 1255 ἀνδραγάθημα
3336 1181 3478 1235 κατὰ
3531 1182 3589 1234 τὸ
3613 1183 3762 1246 πάθος

2202 1274 2424 1344 γεγονὸς
2480 1274 2573 1329 τοῦ
2630 1275 2880 1347 Σωτῆρος
2947 1275 3208 1339 ἐξέδωκεν
3259 1273 3452 1340 εἰπὼν,
3508 1295 3527 1326 ι
3570 1276 3655 1346 Τῷ
3697 1295 3762 1329 νι-

2203 1367 2406 1439 κοποιῷ
2445 1368 2787 1438 νεανιότητος
2813 1368 2904 1421 τοῦ
2932 1368 3072 1422 υἱοῦ.
3102 1368 3412 1439 Μελῶδημα
3440 1367 3536 1421 τοῦ
3566 1368 3756 1422 Maian

2201 1461 2312 1513 Καὶ
2337 1461 2432 1514 ὅλα
2465 1461 2522 1514 δέ
2553 1459 2622 1513 τὰ
2645 1460 2782 1531 ῥητά
2800 1459 2894 1512 τοῦ
2918 1459 3133 1530 ψαλμοῦ
3155 1477 3235 1522 τις
3261 1461 3600 1530 ἐπιτηρήσας
3623 1461 3766 1531 ἐσαρ-

2203 1551 2418 1622 μόσειεν
2446 1553 2512 1606 ἂν
2533 1553 2612 1623 τῷ
2641 1551 2879 1623 Χριστῷ,
2925 1552 3133 1624 πένητα
3183 1553 3276 1605 καί
3339 1553 3556 1622 πτωχὸν
3596 1553 3763 1606 ἑαυτὸν

2198 1645 2576 1715 ὀνομάζοντος,
2629 1645 2722 1698 καὶ
2776 1645 2902 1716 περὶ
2931 1645 3029 1715 τῆς
3081 1646 3144 1697 ἐκ
3194 1645 3404 1716 νεκρῶν
3434 1646 3764 1708 ἀναστάσεως

2197 1735 2360 1790 αὑτοῦ
2393 1737 2846 1808 προσητεύοντος,
2901 1738 2958 1790 ἐν
2985 1735 3084 1807 τῷ,
3114 1758 3130 1786 ι
3178 1737 3430 1807 Ἐλέησόν
3470 1755 3562 1808 με,
3590 1738 3763 1807 Κύριε,

2201 1829 2273 1882 ἴδε
2303 1828 2401 1901 τὴν
2428 1829 2757 1883 ταπείνωσίν
2807 1845 2908 1899 μου
2935 1830 2996 1881 ἐκ
3024 1829 3130 1880 τῶν
3158 1828 3367 1898 ἐχθρῶν
3419 1845 3546 1898 μου·
3584 1831 3612 1882 ὁ
3633 1829 3764 1898 ὑψῶν

519 1915 661 1970 infra
694 1917 852 1973 nobis
875 1919 1206 1974 ostenditur.
1239 1919 1303 1974 Et
1326 1919 1394 1976 de
1415 1920 1671 1991 gentibus
1698 1921 1768 1975 ab
1787 1935 1856 1975 eo
1879 1921 2087 1975 salvam

2199 1939 2264 1994 με
2286 1923 2350 1974 ὲκ
2378 1922 2486 1976 τῶν
2516 1922 2698 1975 πυλῶν
2732 1921 2822 1975 τοῦ
2872 1921 3122 1987 θανάτου,
3172 1922 3318 1984 ὅπως
3363 1921 3428 1974 ἂν
3483 1921 3766 1989 ἐξαγγεῦω

517 2007 625 2070 dis,
659 2010 818 2080 quasi
850 2009 916 2064 de
947 2011 1216 2066 mendicis
1244 2019 1297 2066 et
1329 2011 1622 2082 egentibus
1665 2010 1914 2081 quaedam
1954 2025 2096 2082 prte-

517 2102 759 2166 nuntiat,
802 2102 946 2157 inter
979 2119 1101 2174 qua:
1145 2111 1200 2158 et
1250 2103 1386 2156 illa:
1425 2121 1442 2153 ι
1474 2102 1788 2164 Constitue,
1840 2101 2092 2166 Domine,

516 2195 881 2266 legislatorem
925 2211 1090 2266 super
1122 2211 1239 2260 eos,
1281 2203 1343 2250 ut
1387 2195 1567 2251 sciant
1611 2204 1800 2265 gentes
1833 2195 2094 2265 quoniam

515 2288 766 2345 homines
799 2299 925 2344 sunt
948 2291 1016 2342 ³⁸.
1057 2308 1074 2340 ι
1115 2288 1213 2342 Hic
1236 2296 1290 2344 et
1323 2289 1615 2344 ostendere
1645 2305 1825 2359 opera:
1858 2289 2095 2359 pretium

513 2391 622 2451 est,
657 2384 932 2453 quomodo
968 2398 1076 2438 non
1111 2383 1223 2438 sint
1248 2391 1435 2454 gentes
1459 2381 1666 2452 Moysis
1703 2382 1806 2452 legi
1840 2381 2091 2436 subditze.

513 2475 647 2531 Illud
674 2476 1064 2548 proferendum
1109 2485 1192 2530 est
1225 2475 1433 2529 dictum
1479 2475 1826 2530 circumcisis
1863 2475 2092 2545 gentiles

511 2570 940 2626 criminantibus
986 2569 1134 2639 quod
1173 2568 1474 2624 secundum
1527 2567 1731 2638 Moysis
1768 2567 1940 2637 legem
1982 2582 2090 2622 non

511 2665 728 2730 vivunt,
761 2665 955 2735 eisque
988 2663 1479 2720 demonstrandum
1511 2661 1659 2733 quod
1690 2662 1936 2716 futurum
1969 2677 2092 2718 esse

512 2756 680 2810 alium
731 2772 760 2810 a
822 2755 1006 2827 Moyse
1053 2755 1426 2826 legislatorem
1482 2753 1727 2824 gentium
1773 2753 2091 2824 prophetica

511 2847 753 2902 ostendit
791 2845 1106 2918 Scriptura;
1135 2863 1261 2902 cum
1295 2846 1429 2900 dicit
1467 2846 1521 2899 in
1574 2846 1864 2901 oratione:
1893 2863 1912 2896 ι
1945 2845 2092 2900 Con-

511 2940 702 3006 stitue,
739 2938 986 3004 Domine,
1033 2939 1404 3010 legislatorem
1435 2953 1602 3008 super
1642 2953 1767 3003 eos,
1797 2957 1821 2991 ι
1869 2939 2094 2993 manife-

508 3041 592 3086 ste
649 3042 838 3101 gentes
885 3031 1215 3085 inuuuntur.
1266 3030 1472 3100 Adjicit
1505 3031 1711 3102 igitur:
1744 3051 1762 3083 ι
1796 3030 1866 3086 Ut
1911 3032 2090 3088 sciant

508 3131 696 3194 gentes
730 3123 986 3194 quoniam
1022 3123 1274 3178 homines
1304 3129 1470 3189 sunt;
1506 3142 1524 3174 ι
1552 3123 1712 3192 quasi
1740 3123 1970 3186 diceret,
2003 3139 2090 3177 ac-

507 3213 715 3287 cipiant
767 3222 958 3286 gentes
1015 3215 1296 3271 notionem
1356 3221 1412 3271 et
1473 3215 1759 3271 scientiam
1820 3216 2086 3286 spiritalis

2201 2015 2380 2079 πάσας
2401 2015 2500 2080 τὰς
2528 2015 2764 2079 αἰνέσεις
2794 2033 2885 2067 σου
2911 2017 2968 2068 ἐν
3013 2018 3132 2078 ταῖς
3159 2015 3352 2078 πύλαις
3391 2014 3488 2082 τῆς
3513 2015 3764 2082 θυγατρὸς

2197 2105 2388 2160 Σιώνί
2428 2107 2586 2171 ποίας
2614 2107 2668 2161 δὲ
2702 2106 2861 2172 Σιὼν,
2897 2106 3074 2180 μικρῷ
3111 2105 3346 2177 πρόσθεν
3370 2107 3503 2176 ἡμῖν
3562 2105 3764 2176 δεδήλωι

2195 2217 2304 2254 ται-
2344 2199 2438 2254 καὶ
2487 2201 2613 2271 περὶ
2643 2199 2751 2254 τῶν
2784 2199 2954 2252 ἐθνῶν
2987 2199 3044 2252 δὲ
3081 2198 3189 2252 τῶν
3236 2199 3302 2251 δι’
3329 2196 3497 2251 αὑτοῦ
3544 2197 3763 2268 σωθησο-

2200 2292 2396 2364 μένων,
2429 2293 2505 2356 ῶς
2529 2293 2658 2364 περὶ
2684 2292 2914 2363 πτωχῶν
2962 2293 3056 2345 καὶ
3097 2291 3339 2360 πενήτων
3375 2291 3434 2342 ἐν
3465 2289 3620 2359 αὑτῷ
3661 2306 3764 2342 τινα

2199 2384 2621 2457 προφητεύεται,
2674 2386 2733 2438 ἐν
2781 2381 2862 2448 οἷς
2915 2385 3154 2438 ἐστικαὶ
3210 2383 3291 2446 τὸ,
3340 2401 3357 2433 ι
3394 2383 3760 2451 Κατάστησον,

2196 2478 2388 2548 Κύριε,
2417 2476 2716 2548 νομοθέτην
2740 2477 2941 2539 αὐτοῖς·
2972 2473 3263 2544 γνώτωσαν
3285 2473 3413 2544 ἔθνη
3464 2475 3552 2526 ὅτι
3585 2474 3765 2542 ἀνθρω-

2197 2569 2286 2622 ποί
2321 2571 2512 2624 siam.»
2556 2569 2724 2622 Ἔνθα
2750 2571 2844 2622 καὶ
2871 2569 3162 2639 ἐπιστῆσαι
3185 2568 3352 2632 ἄξιον,
3391 2567 3470 2629 ὡς
3509 2566 3615 2636 οὐχ
3651 2564 3763 2617 ὑπό-

2195 2680 2406 2716 κεινται
2435 2663 2503 2716 τὰ
2534 2663 2662 2733 ἔθνη
2693 2662 2768 2732 τῷ
2788 2658 3069 2723 Μωῦσέως
3098 2661 3264 2731 νόμῳο
3323 2660 3418 2711 καὶ
3443 2655 3762 2730 προσακτέον

2194 2773 2257 2825 γε
2286 2758 2396 2817 τοῖς
2430 2756 2495 2809 ὲκ
2525 2755 2825 2826 περιτομῆς
2872 2753 2934 2806 τὸ
2984 2752 3150 2825 ῥητὸν
3201 2750 3490 2819 ἐγκαλοῦσι
3550 2753 3664 2812 τοῖς
3713 2747 3760 2813 ἐξ

2187 2848 2362 2906 ἐθνῶν
2386 2847 2474 2903 διὰ
2505 2848 2564 2901 τὸ
2619 2849 2693 2920 μὴ
2749 2847 2898 2918 βιοῦν
2946 2844 3087 2899 κατὰ
3147 2845 3238 2898 τὸν
3266 2843 3548 2908 Μωῦσέως
3595 2843 3759 2912 νόμον,

2192 2940 2432 3016 δεικτέον
2457 2958 2515 2993 τε
2543 2939 2618 3004 ῶς
2647 2939 2755 3012 ἄρα
2813 2939 3000 3010 ἔτερόν
3027 2955 3148 2991 τινα
3173 2935 3325 3008 παρὰ
3355 2935 3600 2990 Μωῦσέα
3617 2950 3761 3004 νομο-

2193 3032 2352 3104 θέτην
2386 3031 2602 3085 ἔσεσθαι
2667 3031 2774 3084 τῶν
2805 3029 2974 3083 ἐθνῶν
3031 3031 3060 3082 6
3105 3028 3440 3100 προφητικὸς
3487 3027 3761 3079 ἐπίσταται

2191 3124 2368 3194 λόγος,
2391 3125 2467 3188 ὼς
2490 3125 2546 3177 ἐν
2572 3125 2704 3196 εὐχῇ
2740 3123 2964 3193 φάσκων
2990 3122 3072 3187 τὸ,
3104 3141 3122 3172 ι
3160 3123 3540 3190 Κατάστησον,
3585 3120 3762 3189 Κύριε,

2191 3215 2485 3288 νομοθέτην
2505 3218 2739 3282 aiatait,»
2769 3217 2927 3286 δῆλον
2955 3217 3000 3270 δ’
3017 3217 3096 3269 ὅτι
3125 3219 3235 3278 τοῖς
3267 3214 3494 3267 ἔθνεσιν·
3523 3212 3763 3282 ἐπιφέρει

505 3309 825 3364 substantia:
846 3324 977 3375 suae,
1004 3324 1103 3380 per
1135 3309 1502 3380 legislatorem
1527 3308 1620 3379 qui
1646 3321 1811 3380 super
1826 3323 1921 3364 eos
1948 3323 2083 3363 con.

2191 3311 2236 3380 γ’
2261 3305 2354 3363 οὖν
2376 3308 2548 3380 τούτῳ
2576 3309 2655 3372 τὸ,
2711 3328 2728 3360 ι
2754 3307 3053 3362 Γνὼτωσαν
3082 3307 3206 3378 ἔθνη
3260 3307 3341 3360 ὅτι
3384 3304 3669 3376 ἄνθρωποί
3695 3305 3761 3357 εἰ·

505 3401 818 3456 stituendus
849 3409 953 3456 cst.
987 3400 1088 3456 Hic
1117 3409 1299 3457 autem
1333 3409 1479 3456 esset
1517 3401 1792 3465 Christus,
1825 3401 1918 3472 qui
1942 3414 2084 3455 com-

502 3508 673 3547 mune
717 3493 876 3548 nobis
926 3500 1317 3547 testamentum
1369 3490 1542 3546 edixit
1601 3492 1834 3546 dicens:
1878 3509 1896 3542 ι
1928 3489 2082 3544 Dicta

503 3593 632 3638 sunt
656 3585 899 3654 antiquis
924 3583 1037 3637 haec
1069 3591 1122 3637 et
1146 3583 1272 3650 illa;
1299 3597 1401 3652 ego
1424 3591 1604 3637 autem
1629 3583 1754 3637 dico
1774 3583 1932 3638 vobis
1961 3583 2038 3650 “;
2061 3603 2077 3634 ι

501 3673 595 3742 qui
629 3674 814 3728 divina
847 3684 898 3727 et
928 3689 1130 3728 arcana
1169 3681 1438 3744 potestate
1477 3672 1744 3728 stabilivit
1775 3673 1922 3745 leges
1951 3687 2082 3728 snas

503 3781 614 3819 non
647 3766 700 3819 iu
740 3781 845 3819 una
875 3766 961 3820 vel
993 3767 1162 3820 altera
1202 3773 1382 3834 gente,
1417 3765 1604 3818 nonin
1639 3765 1875 3835 quadam
1911 3768 2082 3821 totius

501 3858 654 3913 orbis
692 3865 864 3927 parte.
901 3873 1010 3910 non
1037 3858 1274 3911 breviter
1299 3859 1669 3920 obsoleturas,
1697 3858 1792 3913 sed
1819 3870 1876 3913 ut
1897 3874 2083 3930 exspe-

501 3949 760 4004 ctandum
803 3957 887 4004 est
934 3949 1003 4004 de
1046 3949 1230 4003 divina
1275 3951 1476 4004 virtute
1523 3966 1619 4005 sua
1653 3951 1708 4004 in
1759 3959 2081 4021 perpetuum

501 4052 665 4112 atque
691 4043 834 4112 apud
869 4043 1155 4099 universas
1187 4051 1398 4114 gentes.
1435 4042 1566 4108 Quae
1591 4043 1666 4096 ita
1697 4059 1757 4099 se
1802 4044 2005 4099 habere
2033 4046 2081 4100 si

501 4135 628 4205 quis
656 4149 763 4190 non
793 4134 1068 4200 admittat,
1104 4134 1356 4191 ostendat
1395 4136 1643 4205 quemvis
1670 4137 1860 4200 alium,
1885 4146 2081 4206 praeter

505 4226 844 4282 Salvatorern
877 4227 1274 4299 Dominumque
1297 4235 1547 4283 nostrum
1566 4222 1752 4283 Jesum
1775 4228 2076 4296 Christum,

501 4332 867 4392 congruenter
928 4336 1053 4374 cum
1100 4321 1202 4375 hac
1252 4323 1538 4393 prophetia
1588 4323 1958 4393 legislatorem
2011 4323 2081 4376 ah

497 4412 744 4466 omnium
773 4411 882 4467 Deo
911 4413 1273 4467 constitutum
1307 4415 1582 4484 gentibus,
1628 4414 1830 4470 factum
1862 4417 2079 4473 cunctis

489 4503 812 4560 hominibus
841 4507 1060 4576 pictatis
1095 4508 1416 4579 magistrum
1457 4524 1585 4579 erga
1621 4523 1803 4563 rerum
1831 4507 2075 4562 omnium

497 4597 832 4654 Creatorem.

2190 3418 2328 3466 σιν,›
2355 3401 2487 3454 ὡσεὶ
2543 3400 2748 3470 ἔλεγεν,
2783 3399 3212 3472 ἀναλαμϐανέτω
3264 3397 3334 3451 τὰ
3383 3395 3512 3467 ἔθνη
3577 3397 3765 3465 γνῶσιν

2188 3495 2282 3547 καὶ
2303 3495 2611 3565 ἐπιστήμην
2639 3493 2736 3563 τῆς
2765 3493 2987 3564 λογικῆς
3011 3491 3190 3546 αὐτῶν
3214 3491 3397 3553 οὐσίας
3418 3489 3506 3542 διὰ
3535 3488 3634 3544 τοῦ
3656 3489 3763 3560 μὲλ-

2186 3586 2367 3650 λοντος
2393 3572 2577 3650 αὐτοῖς
2601 3585 2959 3639 καθίστασθαι
2990 3583 3300 3654 νομοθέτου·
3335 3579 3490 3646 οὗτος
3516 3582 3565 3634 δ’
3594 3583 3662 3637 ἂν
3689 3583 3762 3649 εἴη

2185 3681 2213 3732 6
2245 3679 2500 3751 Χριστὸς,
2533 3681 2561 3732 6
2590 3679 2688 3749 τὴν
2715 3677 2898 3750 κοινὴν
2924 3677 3289 3748 νομοθετήσας
3344 3678 3478 3746 ἡμῖν
3511 3675 3762 3746 διαθήκην

2184 3771 2263 3842 τῷ
2286 3771 2498 3841 λέγειν·
2534 3790 2550 3822 ι
2593 3770 2824 3842 Ἒρῤἐθη
2871 3774 2982 3834 τοῖς
3029 3769 3271 3841 ἀρχαίοις
3303 3769 3427 3822 τάδε
3481 3768 3627 3830 τινὰ,
3666 3765 3760 3835 ἐγὼ

2183 3865 2240 3919 δὲ
2262 3865 2404 3934 λέγω
2424 3864 2604 3918 τάδε’»
2635 3863 2692 3926 ὃς
2717 3863 2812 3917 καὶ
2845 3861 2965 3933 θεία
2995 3862 3088 3914 καὶ
3124 3861 3347 3934 ἀρρήτῳ
3375 3859 3609 3929 δυνάμει
3643 3875 3759 3930 κραο

2182 3956 2336 4010 τῦναι
2386 3960 2510 4022 τοὺς
2573 3955 2767 4009 ἑαυτοῦ
2829 3956 3027 4027 νόμους
3083 3955 3181 4007 οὐκ
3220 3954 3312 4005 ἐπὶ
3349 3953 3405 4005 ἐν
3447 3968 3504 4004 τι
3547 3948 3757 4018 ἔθνοςῆ

2181 4049 2451 4120 δεύτερον,
2483 4048 2591 4102 ούδ’
2613 4049 2708 4101 ἐπὶ
2737 4048 2900 4120 μέρος
2925 4065 2976 4100 τι
3009 4046 3109 4118 τῆς
3137 4045 3262 4116 ὅλης
3287 4045 3637 4115 οἰκουμένης,
3657 4042 3755 4098 ἀλλ’

2182 4142 2301 4196 οὐδὲ
2330 4144 2415 4194 ἐπ’
2431 4141 2610 4210 ὀλίγον
2633 4140 2754 4194 τινὰ
2791 4139 3074 4210 δεδύνηται
3121 4137 3329 4209 χρόνον,
3357 4136 3473 4190 ἀλλ’
3507 4137 3584 4198 ὡς
3626 4137 3756 4188 ἐστιν

2181 4234 2240 4299 ἐξ
2263 4235 2428 4305 αὐτῆς
2457 4233 2787 4306 παραλαϐεῖν
2840 4233 2940 4302 τῆς
2993 4231 3268 4305 ἐνεργείας
3299 4230 3379 4293 εἰς
3421 4229 3483 4282 τὸ
3523 4228 3755 4300 διηνεκὲς

2182 4327 2275 4380 καὶ
2298 4327 2388 4379 ἐπὶ
2423 4326 2600 4380 πάντα
2625 4325 2692 4379 τὰ
2719 4324 2868 4399 ἔθνη.
2897 4326 2958 4378 Εἰ
2988 4325 3043 4378 δέ
3076 4323 3149 4396 μὴ
3195 4321 3473 4394 προσίοιτό
3503 4338 3586 4384 τις
3612 4317 3751 4372 ταῦθ’

2180 4417 2352 4483 οὕτως
2379 4418 2540 4490 ἔχειν,
2571 4418 2832 4472 δεικνύτω
2861 4418 2982 4472 τίνα
3006 4417 3072 4471 ἂν
3091 4417 3246 4471 ἄλλον
3279 4415 3393 4486 ἔχοι
3421 4414 3599 4482 λέγειν
3617 4411 3754 4484 παρὰ

2179 4510 2271 4564 τὸν
2302 4513 2530 4585 Σωτῆρα
2552 4512 2646 4565 καὶ
2679 4511 2882 4584 Κύριον
2910 4510 3067 4582 ήμῶν
3107 4508 3312 4580 Ἰησοῦν
3343 4507 3602 4579 Χριστὸν,
3637 4508 3753 4559 ἀκο-

2179 4602 2382 4670 λούθως
2406 4608 2472 4677 τῇ
2509 4604 2646 4677 μετὰ
2677 4609 2865 4678 χεῖρας
2893 4603 3198 4677 προφητείᾳ
3226 4601 3526 4672 νομοθέτην
3548 4600 3652 4653 ὑπὸ
3669 4595 3750 4650 τοῦ

494 4689 602 4744 τῶν
633 4691 767 4746 ὅλων
792 4693 926 4747 Θεοῦ
963 4696 1366 4752 κατασταθέντα
1389 4700 1499 4761 τοῖς
1522 4697 1718 4760 ἔθνεσι,
1757 4695 2077 4749 διδάσκαλον
2114 4700 2476 4772 γεγενημένον
2513 4701 2716 4756 ἅπασιν
2739 4697 3048 4771 ἀνθρώποις
3104 4697 3203 4768 τῆς
3264 4697 3344 4760 είς
3367 4695 3458 4748 τὸν
3491 4694 3599 4746 τῶν
3629 4691 3750 4744 ὅλων

493 4787 833 4858 Δημιουργὸν
870 4789 1168 4854 εὐσεϐείας.

1107 4905 1338 4961 CAPUT
1378 4905 1466 4960 Vl.

969 4997 1016 5051 E
1048 4999 1254 5064 psalmo
1307 5000 1604 5056 undecimo.

2720 4900 3116 4956 κεφΑΑΑιοΝ
3146 4902 3235 4966 ς’.

2775 4993 3024 5064 Ψαλμοῦ
3061 4999 3153 5046 ια’.

566 5088 624 5144 1η
658 5089 948 5146 undecimo
997 5091 1208 5160 psalqu
1257 5090 1522 5148 Dominus
1559 5091 1739 5147 dicit:
1783 5110 1800 5142 ι
1846 5091 2075 5163 Propter

2269 5089 2421 5142 Ἐπεὶ
2454 5088 2511 5140 ἐν
2559 5087 2638 5158 τῷ
2698 5085 2970 5155 ἑνδεκάτῳ
3018 5082 3218 5154 ψαλμῷ
3252 5083 3280 5134 6
3323 5081 3527 5153 Κύριός
3561 5096 3740 5153 φησιν·

491 5181 772 5236 miseriam
795 5181 1048 5253 inopum,
1083 5188 1136 5234 et
1165 5181 1423 5250 gemitum
1450 5198 1772 5254 pauperum,
1799 5199 1947 5237 nunc
1976 5193 2074 5238 ex-

492 5288 736 5344 surgam,
761 5271 894 5328 dicit
923 5271 1211 5330 Dominus.
1241 5273 1445 5330 Ponam
1478 5277 1531 5330 iu
1559 5275 1814 5341 salutari,
1848 5273 2073 5329 ﬁducia-

494 5367 614 5420 liter
646 5380 801 5437 agam
834 5353 890 5420 in
932 5381 997 5420 eo
1032 5367 1098 5419 ⁸⁷.
1133 5385 1151 5419 ι
1215 5366 1582 5438 Exquiramus
1634 5385 1816 5424 annon
1864 5365 2068 5422 Christi

492 5473 739 5526 personae
763 5473 918 5513 suam
948 5473 978 5511 a
1019 5459 1252 5516 mortuis
1295 5462 1756 5516 resurrectionem
1807 5473 2062 5529 praenun-

491 5549 646 5604 tianti
679 5551 794 5606 haec
815 5552 1452 5623 convenirent,quorum
1501 5555 1587 5608 hic
1637 5569 1835 5609 sensus
1882 5559 2066 5606 esset:

489 5657 708 5715 propter
739 5654 934 5716 gentes
968 5647 1020 5700 in
1051 5646 1360 5716 iniquitatis
1380 5647 1599 5701 miseria
1633 5653 1814 5708 natas,
1848 5644 2062 5712 inopes-

487 5754 594 5809 que
634 5739 900 5809 probrose
926 5749 1170 5802 vocatas,
1197 5754 1262 5795 eo
1293 5740 1436 5809 quod
1477 5737 1570 5793 Dei
1600 5737 1816 5793 divitiis
1841 5737 2066 5808 privata:

559 5896 604 5930 ”
642 5893 769 5951 Psal
824 5911 899 5964 ix,
941 5895 1035 5961 l4,
1074 5897 1162 5950 15.
1238 5898 1284 5928 ’⁸
1324 5895 1452 5950 ibid.
1486 5895 1576 5950 2t.

1653 5898 1697 5928 ιο
1741 5893 1904 5950 Matth
1960 5911 2014 5964 ν,
2045 5892 2234 5950 ειςιι.

2185 5204 2202 5235 ι
2236 5183 2460 5236 Ἕνεκεν
2490 5181 2590 5251 τῆς
2635 5179 3014 5250 ταλαιπωρίας
3071 5177 3179 5230 τῶν
3213 5175 3467 5246 πτωχῶν,
3524 5175 3614 5227 καὶ
3662 5170 3742 5226 τοῦ

2181 5271 2480 5343 στεναγμοῦ
2517 5270 2664 5340 (L20
2687 5271 2760 5340 v°)
2789 5269 2899 5323 τῶν
2924 5270 3174 5340 πενήτων
3215 5267 3310 5318 νῦν
3357 5266 3738 5333 ἁναστήσομαι,

2175 5362 2320 5432 λέγει
2378 5360 2600 5433 Κύριος·
2635 5359 2870 5432 θήσομαι
2909 5362 2965 5412 ἐν
3001 5357 3272 5426 σωτηρίῳ,
3306 5352 3740 5424 παρρησιάσομαι

2177 5459 2234 5510 ὲν
2261 5453 2462 5526 αὐτῷ’»
2503 5453 2825 5523 ἐξετάζομεν
2849 5451 2923 5523 μὴ
2953 5449 3080 5520 περὶ
3117 5446 3353 5519 Χριστοῦ
3383 5445 3657 5517 προσώπῳ
3683 5443 3740 5494 τὰ

2178 5547 2433 5621 περὶτῆς
2487 5547 2550 5599 ἐκ
2581 5545 2791 5617 νεκρῶν
2825 5543 3171 5604 ἀναστάσεως
3233 5537 3400 5592 αὑτοῦ
3454 5537 3736 5591 διδάσκοντι

2177 5641 2460 5697 καὶταῦτα
2485 5641 2550 5695 ἂν
2577 5638 2826 5712 ἁρμόζοι,
2851 5635 3056 5691 τοιάνδε
3083 5635 3323 5688 διάνοιαν
3359 5632 3570 5702 ἔχοντα·
3592 5631 3739 5683 ἕνεκα

2173 5734 2283 5786 τῶν
2325 5735 2382 5786 ἐν
2411 5730 2755 5802 ταλαιπωρίᾳ
2780 5728 2976 5792 κακίας
3014 5725 3314 5796 γεγονότων
3365 5722 3555 5788 ἐθνῶν,
3605 5735 3736 5776 πτω-

2313 5891 2354 5925 ²⁷
2394 5889 2540 5947 Psal.
2579 5904 2670 5956 ιι,
2704 5888 2756 5944 6.
