3954 6530
229 460 360 515 MOI

1254 464 1544 525 ECLOGA?
1586 468 2062 528 PROPHETICIE.
2097 504 2169 515 —
2206 472 2333 529 LIB.
2375 475 2440 530 Π.

3350 486 3483 541 “09.

225 581 340 653 χῶν
377 580 795 652 ὀνομαζομένων
838 582 1056 654 ψεκτῶς
1103 584 1190 640 διὰ
1245 588 1305 642 τὸ
1361 590 1786 662 ἐστερῆσθαιτοὶ

1914 602 2061 659 sunt,
2097 593 2423 650 exinaniens
2461 595 2836 667 semetipsum,
2865 600 3164 655 certamine
3188 616 3361 671 usque
3413 608 3481 660 ad

224 673 372 728 κατὰ
397 673 531 727 Θεὸν
555 674 805 740 πλούτου,
867 678 1111 740 κενώσας
1156 681 1345 733 ἐαυτὸν
1364 721 1378 743 ,
1417 681 1808 753 ἀναδεξάμενος

220 778 283 817 τε
321 764 488 835 μέχρι
528 765 623 817 καλ⁸
659 763 888 819 θανάτου
944 768 1035 821 τὸν
1083 770 1223 841 ὑπὲρ
1249 771 1426 823 αὐτῶν
1476 772 1682 839 ἀγῶνα,
1712 772 1807 826 νῦν

218 855 623 928 ἀναστήσομαι,
661 859 756 911 καὶ
781 859 843 930 δὴ
874 859 1051 913 λαϐὼν
1089 861 1187 933 τὴν
1218 863 1356 917 κατά
1415 863 1632 918 πάντων
1656 864 1803 931 ἐξου-

222 948 346 1001 σίαν
375 948 529 1019 παρά
564 949 658 1003 τοῦ
690 951 923 1022 Πατρὸς,
950 953 1156 1017 πάντας
1189 956 1313 1018 τοὺς
1359 957 1438 1017 είς
1469 957 1568 1026 ἐμὲ
1591 956 1803 1009 πιστεύ-

221 1058 427 1105 σαντας
465 1042 700 1114 θήσομαι
749 1046 830 1109 είς
879 1047 1172 1118 σωτηρίαν,
1221 1050 1315 1100 καὶ
1356 1049 1803 1121 παρρησιάσομαι

216 1133 278 1185 ἐν
308 1132 483 1203 αύτῷ,
507 1134 625 1204 ήτοι
650 1133 727 1205 τῷ
758 1136 953 1208 Πατρὶ,
986 1137 1018 1207 ἢ
1052 1138 1128 1209 τῷ
1172 1140 1544 1211 πεπραγμένῳ
1580 1157 1669 1210 μοι
1712 1141 1805 1193 ἐπὶ

216 1240 369 1296 σωτη
382 1226 472 1297 ρίᾳ
495 1225 605 1281 τῶν
636 1228 903 1282 τοσούτων
938 1230 1459 1302 ἀνδραγαθημάτων.
1501 1234 1666 1304 Καὶή
1707 1236 1804 1305 μὲν

214 1315 309 1369 τοῦ
349 1316 518 1387 ῥητοῦ
549 1319 769 1391 τοιαύτη
803 1338 889 1384 τις
919 1320 985 1374 ἂν
1013 1322 1099 1392 εἵη
1127 1321 1354 1375 διάνοια·
1397 1323 1465 1376 τὰ
1507 1324 1686 1394 μέντοι
1741 1343 1803 1394 γε

211 1406 416 1476 πρῶτα
431 1407 525 1459 τοῦ
555 1407 790 1480 ψαλμοῦ,
827 1431 844 1461 ι
872 1410 1052 1463 Σῶσόν
1082 1427 1172 1481 με,
1211 1412 1239 1464 6
1267 1410 1419 1474 Θεὸς,
1444 1431 1462 1463 ι
1486 1413 1805 1484 περιέχοντα

219 1517 238 1549 ι
269 1500 356 1551 ὅτι
378 1498 691 1552 ἐκλέλοιπεν
717 1502 883 1565 ὅσιος,
898 1520 915 1553 ι
937 1502 1031 1556 καὶ
1045 1504 1111 1556 τὰ
1127 1504 1274 1574 ἐξῆς,
1300 1505 1389 1558 τὸν
1406 1506 1592 1577 καιρὸν
1610 1506 1729 1559 καθ’
1746 1505 1805 1560 ὃν

213 1591 487 1645 πέπονθεν
519 1592 700 1656 ὁποῖός
725 1610 809 1658 τις
840 1593 1053 1667 ὑπῆρχε
1090 1596 1256 1667 δηλοῖ·
1291 1615 1309 1647 ι
1335 1597 1663 1651 Ἐκλελοίπει
1690 1598 1802 1670 γὰρ

207 1682 363 1745 ὅσιος
404 1702 425 1735 ι
462 1683 605 1749 τότε,
623 1685 718 1737 καί
757 1704 775 1737 ι
818 1684 1179 1757 Ὠλιγώθησαν
1208 1690 1262 1740 αί
1290 1687 1537 1758 ἀλήθειαι
1559 1689 1667 1742 ἀπὸ
1699 1687 1806 1741 τῶν

1915 692 2143 740 mortem
2187 701 2287 754 pro
2319 686 2427 742 illis
2477 695 2733 758 suscepto
2766 688 2833 753 ",
2866 704 3010 743 nunc
3043 706 3335 764 exsurgam
3389 712 3483 754 ac-

1913 776 2232 847 cipiensque
2263 793 2293 831 a
2324 776 2485 833 Patre
2516 780 2573 833 in
2596 780 2851 836 omnibus
2883 782 3332 851 dominationem,
3363 803 3482 842 om-

1912 885 2009 924 nes
2044 871 2136 939 qui
2169 871 2223 926 iu
2248 886 2333 926 me
2363 873 2605 936 credent,
2627 893 2646 924 ι
2674 888 2869 943 ponam
2905 877 2959 931 in
2980 879 3230 946 salutari,
3256 889 3311 934 et
3343 880 3481 936 fidu-

1910 961 2121 1015 cialiter
2154 976 2307 1031 agam
2342 962 2396 1016 in
2420 977 2507 1028 eo,
2542 983 2560 1015 ι
2584 965 2699 1019 sive
2727 966 2781 1019 in
2818 963 3000 1031 Patre,
3026 968 3141 1024 sive
3164 970 3215 1024 in
3248 986 3313 1026 eo
3334 973 3481 1041 quod

1912 1052 2013 1106 feci
2044 1051 2365 1121 praeclarum
2402 1051 2457 1106 in
2496 1068 2685 1108 eorum
2719 1056 2974 1112 salutem.
3006 1056 3104 1113 Hic
3132 1059 3296 1129 igitur
3321 1062 3480 1118 nobis

1908 1140 2126 1196 videtur
2161 1143 2354 1213 psalmi
2393 1159 2605 1200 sensus.
2653 1145 2831 1200 Prima
2860 1156 3039 1203 autem
3074 1151 3237 1220 hujus
3268 1153 3433 1208 verba
3462 1173 3474 1207 :

1915 1248 1936 1282 ι
1978 1231 2197 1287 Salvum
2250 1250 2336 1289 me
2380 1235 2487 1301 fac,
2518 1236 2765 1303 Domine,
2796 1241 3053 1309 quoniam
3101 1243 3301 1300 defecit
3351 1260 3479 1300 san-

1910 1331 2033 1379 ctus
2062 1325 2130 1389 ",
2163 1345 2181 1377 ι
2206 1333 2259 1379 et
2290 1326 2518 1397 reliqua,
2541 1343 2650 1398 quo
2688 1338 2931 1400 tempore
2967 1348 3165 1402 passus
3194 1336 3266 1392 sit
3295 1345 3479 1392 osten-

1910 1414 2068 1473 dunt.
2116 1415 2268 1472 Tunc
2308 1418 2454 1495 enim
2496 1438 2509 1473 :
2547 1438 2568 1472 ι
2602 1419 2807 1477 Defecit
2864 1433 3109 1491 sanctus,
3144 1437 3198 1484 et
3238 1430 3478 1487 diminu-

1913 1515 1981 1562 ta:
2004 1518 2132 1564 sunt
2158 1510 2415 1565 veritates
2437 1526 2468 1565 a
2486 1511 2614 1568 filiis
2636 1512 2916 1571 hominum
2940 1534 2954 1583 ;
2990 1534 3129 1575 vana
3150 1522 3315 1578 locuti
3348 1536 3476 1583 sunt

1912 1602 2289 1672 unusquisque
2331 1602 2399 1657 ad
2440 1604 2745 1674 proximum
2801 1623 2961 1664 suum
2988 1612 3055 1666 ³⁸³.
3097 1633 3118 1666 ι
3166 1614 3292 1672 Haec
3327 1620 3473 1674 enim

1912 1692 2117 1755 omnia,
2141 1700 2193 1746 et
2214 1707 2334 1763 qua:
2356 1702 2682 1762 sequuntur,
2704 1697 2796 1753 illo
2819 1707 3060 1771 tempore
3085 1703 3303 1775 impleta
3326 1718 3472 1765 sunt.

210 1776 346 1829 υἱῶν
374 1776 485 1866 τῶν
512 1777 833 1849 ἀνθρώπων·
862 1779 1066 1850 μάταια
1097 1780 1354 1854 ἐλάλησεν
1382 1783 1612 1847 ἕκαστος
1664 1782 1801 1855 πρὸς
1835 1784 1927 1840 τὸν
1952 1786 2175 1858 πλησίον
2236 1787 2421 1842 αὐτοῦ’
2471 1810 2490 1843 ι
2526 1792 2619 1845 καὶ
2655 1793 2722 1848 τά
2745 1794 2953 1861 τούτοις
2987 1798 3045 1853 δὲ
3091 1783 3217 1872 ἑξῆς
3260 1802 3474 1859 ἅπαντα

207 1869 334 1923 κατ’
359 1852 566 1924 ἐκεῖνον
589 1870 912 1944 πεπλήρωτο
940 1872 1030 1926 τόν
1065 1852 1273 1945 χρόνον.

748 1990 1141 2045 ΚΕΦΑΛᾹΙΟΝ
1189 1994 1262 2046 Z'.

821 2080 1072 2148 Ψαλμοῦ
1122 2088 1206 2135 ιε’.

284 2188 305 2221 ι
345 2169 702 2243 Προωρώμην
732 2172 821 2225 τὸν
854 2172 1057 2244 Κύριον
1084 2174 1314 2229 ἐνώπιόν
1342 2194 1440 2247 μου
1483 2178 1794 2246 διαπαντὸς,

201 2263 291 2317 ὅτι
325 2264 393 2317 ἐκ
421 2262 610 2329 δεξιῶν
647 2282 747 2335 μου
773 2266 929 2320 ἐστὶν
975 2268 1060 2321 ἵνα
1111 2269 1184 2340 μὴ
1225 2269 1483 2324 σαλευθῶ.
1513 2270 1610 2325 Διά
1640 2271 1798 2325 τοῦτο

206 2353 501 2425 ηὐφράνθη
528 2357 559 2425 ἡ
592 2356 791 2427 καρδία
826 2374 949 2428 μου,
978 2360 1073 2412 καὶ
1098 2360 1465 2429 ἠγαλλιάσατο
1497 2365 1530 2433 ή
1576 2362 1797 2430 γλῶσσά

211 2460 343 2513 μου,
380 2443 463 2496 ἔτι
490 2444 546 2498 δὲ
574 2446 667 2498 καὶ
693 2447 725 2517 ἡ
767 2446 901 2519 σάρξ
934 2466 1034 2519 μου
1063 2450 1470 2523 κατασκηνώσει
1501 2452 1791 2507 ἐπ’ἐλπίδι.

208 2537 339 2592 Ὅτι
374 2539 476 2591 οὐκ
510 2541 921 2612 ἐγκαταλείψεις
946 2544 1042 2616 τὴν
1064 2545 1241 2616 ψυχήν
1271 2564 1370 2617 μου
1405 2549 1483 2609 είς
1505 2546 1655 2618 ᾅδην,
1673 2547 1794 2600 οὐδὲ

204 2628 405 2692 δώσεις
437 2631 527 2683 τὸν
551 2631 696 2684 ὅσιόν
723 2650 814 2685 σου
844 2634 969 2687 ἰδεῖν
996 2635 1310 2707 διαφθοράν.
1348 2637 1678 2709 Ἐγνώρισάς
1704 2656 1793 2709 μοι

204 2719 363 2783 ὀδοὺς
423 2721 591 2791 ζωῆς,
650 2722 958 2795 πληρώσεις
1008 2744 1073 2797 με
1101 2729 1440 2800 εὐφροσύνης
1504 2731 1642 2800 μετὰ
1697 2732 1790 2785 τοῦ

207 2812 506 2884 προσώπου
533 2831 646 2867 σου.
674 2834 693 2865 ›
718 2816 841 2868 Ὅτι
868 2818 924 2870 δὲ
947 2820 1040 2872 καὶ
1054 2820 1224 2873 ταῦτα
1244 2823 1323 2885 είς
1356 2824 1644 2895 πρόσωπον
1660 2826 1791 2878 ἀνα-

207 2905 443 2974 φέρεται
492 2906 729 2975 Χριστοῦ
770 2914 1039 2980 μαρτυρεῖ
1083 2913 1112 2963 ὁ
1172 2914 1377 2985 Πέτρος
1423 2918 1479 2969 ἐν
1508 2919 1626 2980 ταῖς
1682 2916 1790 2971 τῶν

202 2996 522 3049 ἀποστόλων
568 2997 829 3068 Πράξεσι,
865 3002 929 3053 δι’
955 2996 1028 3054 ὧν
1068 3002 1239 3057 ταῦτά
1285 3021 1467 3075 φησιν’
1507 3024 1525 3056 ι
1584 3006 1790 3078 Ἰησοῦν

202 3086 295 3138 τὸν
323 3086 665 3159 Ναζωραῖον,
690 3090 857 3163 ἄνδρα
908 3093 1359 3166 ἀποδεδειγμένον
1392 3098 1473 3160 είς
1492 3098 1636 3168 ὑμᾶς
1678 3099 1787 3152 ἀπὸ

202 3174 340 3229 Θεοῦ
364 3177 626 3248 δυνάμεσι
652 3181 745 3232 καὶ
776 3183 965 3251 τέρασι
1002 3184 1095 3236 καὶ
1126 3186 1389 3256 σημείοις,
1420 3183 1502 3249 οἷς
1565 3188 1786 3259 ἐποίησε

202 3266 269 3319 δι’
303 3268 471 3320 αὐτοῦ
498 3271 527 3322 6
557 3269 688 3334 Θεὸς
716 3274 773 3325 ἐν
810 3274 958 3344 μέσῳ
992 3275 1166 3345 ὑμῶν,
1194 3276 1375 3341 καθὼς
1403 3279 1555 3332 αὐτοὶ
1588 3258 1783 3346 οἴδατε,

2488 1992 2717 2049 CAPUT
2771 1995 2881 2054 Vll.

2316 2080 2364 2135 Ε
2389 2086 2594 2152 psalmo
2630 2090 2813 2158 quinto
2846 2092 3071 2151 decimo.

1976 2188 1995 2221 ι
2031 2171 2389 2227 Providebam
2431 2174 2720 2233 Dominum
2768 2181 2820 2235 in
2848 2196 3147 2255 conspectu
3179 2204 3299 2245 meo
3321 2210 3467 2250 sem-

1898 2278 2028 2333 per;
2060 2264 2317 2333 quoniam
2368 2281 2399 2321 a
2447 2266 2655 2325 dextris
2684 2281 2767 2326 est
2798 2274 2949 2341 mihi,
2987 2293 3057 2332 ne
3099 2294 3461 2343 COIDJDOVCIU'.

1896 2353 2125 2426 Propter
2154 2356 2257 2412 hoc
2285 2358 2522 2413 laetatura
2555 2370 2640 2416 est
2660 2376 2757 2417 cor
2773 2379 2951 2420 meum
2968 2374 3021 2421 et
3044 2371 3338 2427 exsultavit
3362 2378 3465 2431 lin-

1897 2461 2003 2517 gua
2031 2463 2150 2503 mea
2178 2465 2191 2499 :
2231 2448 2456 2519 insuper
2488 2458 2542 2505 et
2588 2466 2718 2509 caro
2767 2471 2887 2511 mea
2919 2460 3225 2529 requiescet
3264 2465 3319 2520 in
3345 2484 3461 2537 spe.

1896 2538 2166 2604 Quoniam
2210 2555 2320 2594 non
2351 2539 2699 2613 derelinques
2727 2546 2965 2602 animam
2999 2565 3174 2606 meam
3204 2553 3261 2609 in
3296 2557 3464 2613 infer-

1896 2644 1987 2695 no,
2016 2644 2116 2685 nec
2147 2626 2304 2686 dabis
2340 2642 2595 2688 sanctum
2631 2642 2786 2690 tuum
2815 2638 2999 2696 videre
3032 2647 3459 2716 corruptionem.

1893 2720 2063 2777 Notas
2096 2723 2229 2777 mihi
2277 2725 2454 2779 fecisti
2501 2726 2618 2782 vias
2648 2728 2793 2793 vitae,
2818 2730 3139 2803 adimplebis
3168 2755 3253 2795 me
3274 2742 3461 2800 laetitia

1894 2826 2017 2865 cum
2048 2813 2201 2867 vultu
2243 2820 2338 2869 tuo
2365 2814 2432 2868 ³¹.
2473 2834 2493 2869 ι
2522 2815 2647 2871 Haec
2674 2834 2891 2890 quoque
2924 2824 2992 2877 ad
3030 2824 3235 2884 Christi
3276 2848 3465 2902 perso-

1892 2917 2018 2957 nam
2054 2913 2301 2974 spectare
2337 2914 2574 2962 testatur
2612 2908 2809 2969 Petrus
2838 2914 2895 2967 in
2923 2914 3154 2976 Actibus
3180 2927 3460 2993 apostolo-

1892 3010 2035 3059 rum,
2067 2996 2153 3051 his
2184 2999 2368 3056 verbis
2401 3018 2414 3054 :
2463 3019 2481 3051 ι
2519 3000 2706 3056 Jesum
2741 3003 3089 3065 Nazarenum
3112 3050 3127 3075 ,
3159 3016 3335 3069 virum
3365 3032 3462 3087 ap—

1890 3088 2178 3155 probatum
2208 3104 2237 3141 a
2275 3088 2389 3146 Deo
2422 3092 2477 3147 iu
2512 3093 2689 3160 vobis,
2727 3097 3044 3167 virtutibus.
3077 3112 3131 3158 et
3174 3109 3457 3180 prodigiis,

1891 3188 1943 3232 et
1991 3180 2183 3249 signis,
2219 3199 2341 3253 qua:
2386 3184 2515 3240 fecit
2568 3186 2712 3244 Deus
2739 3206 2837 3260 per
2869 3192 3021 3248 illum
3067 3197 3121 3250 in
3153 3201 3334 3256 medio
3364 3219 3459 3258 ve-

1891 3272 2012 3337 stri,
2041 3272 2186 3327 sicut
2217 3285 2262 3330 el
2299 3292 2395 3332 vos
2427 3279 2583 3336 scitis
2612 3298 2628 3335 :
2663 3282 2811 3338 hunc
2844 3284 3067 3343 definito
3117 3294 3368 3361 consilio,
3405 3303 3459 3350 et

199 3358 391 3412 τοῦτον
430 3365 497 3431 τῇ
522 3362 801 3435 ὡρισμένῃ
835 3366 996 3438 βουλῇ
1026 3369 1119 3422 καὶ
1150 3369 1455 3439 προγνώσει
1506 3373 1599 3426 τοῦ
1647 3373 1782 3428 Θεοῦ

1894 3362 2231 3430 praescientia
2258 3365 2353 3422 Dei
2410 3370 2693 3437 traditum,
2747 3389 2848 3443 per
2910 3392 3104 3434 manus
3142 3358 3458 3453 iniquorum

200 3448 419 3502 ἔκδοτον
449 3449 722 3515 λαϐόντες,
767 3453 854 3507 διὰ
904 3456 1085 3525 χειρὸς
1121 3457 1336 3527 ἀνόμων
1370 3459 1782 3529 προσπήξαντες

197 3543 471 3596 ἀνείλατε·
507 3544 565 3597 ὃν
596 3547 624 3598 6
654 3546 786 3610 Θεὸς
840 3549 1123 3620 ἀνέστησε,
1147 3549 1315 3613 λύσας
1337 3551 1437 3614 τὰς
1463 3552 1658 3615 ὠδῖνας
1685 3552 1778 3606 τοῦ

199 3632 457 3700 θανάτου,
500 3636 619 3688 καθ’
650 3639 855 3691 ὅτιούκ
896 3634 962 3709 ἧν
1001 3639 1219 3693 δυνατὸν
1251 3641 1565 3713 κρατεῖσθαι
1621 3643 1781 3696 αὑτὸν

198 3725 293 3777 ὑπ’
319 3725 510 3781 αὐτοῦ.
540 3727 701 3781 Δαυῖδ
749 3729 856 3801 γὰρ
881 3730 1049 3799 λέγει,
1086 3732 1440 3804 Προωρώμην
1467 3734 1557 3787 τὸν
1578 3734 1780 3804 Κύριον

196 3815 432 3872 ἐνώπιόν
467 3837 569 3890 μου
624 3821 936 3887 διαπαντός.
981 3842 999 3875 ι
1055 3820 1189 3878 Εἷτὰ
1208 3842 1327 3878 τινα
1361 3824 1565 3895 μεταξὺ
1588 3826 1776 3891 εἰπὼν,

196 3910 457 3981 ἐπιφέρει
482 3912 652 3965 ταῦτα
692 3914 830 3966 κατὰ
875 3915 1041 3981 λέξινο
1084 3934 1101 3966 ι
1149 3916 1373 3987 Ἄνδρες
1402 3916 1635 3986 ἀδελφοὶ,
1662 3918 1779 3983 ἐξὸν

192 4004 376 4056 εἶπεῖν
438 4004 576 4073 μετά
633 4007 945 4078 παρρησίας
980 4008 1117 4080 πρὸς
1166 4010 1310 4079 ὑμᾶς
1374 4011 1502 4081 περὶ
1542 4010 1636 4064 τοῦ
1670 4030 1776 4064 πα-

191 4096 462 4167 τριάρχου
482 4096 664 4159 Δαυῒδ,
705 4100 787 4151 ὅτι
821 4101 914 4153 καὶ
939 4100 1255 4172 ἐτελεύτησε
1309 4104 1402 4154 καὶ
1447 4104 1642 4174 ἐτάφη,
1683 4106 1777 4157 καὶ

191 4188 255 4241 τὸ
298 4190 489 4259 μνῆμα
509 4190 672 4243 αὐτοῦ
702 4193 848 4245 ἐστιν
871 4193 929 4245 ἐν
960 4190 1092 4264 ἡμῖν
1120 4193 1225 4257 ἓως
1262 4195 1359 4266 τῆς
1399 4196 1611 4266 ἡμέρας
1643 4197 1775 4249 ταύ-

190 4297 314 4352 της·
342 4284 629 4355 προφήτης
680 4279 771 4337 οὖν
803 4286 1083 4356 ὑπάρχων,
1144 4287 1239 4340 καὶ
1295 4287 1452 4351 εἰδὼς
1494 4290 1576 4342 ὅτι
1628 4291 1775 4360 ὅρκῳ

191 4370 409 4442 ὤμοσεν
434 4374 581 4445 αύτῷ
614 4377 643 4427 6
669 4375 820 4440 Θεὸς,
854 4378 917 4429 ἐκ
970 4377 1184 4448 καρποῦ
1228 4379 1327 4449 τῆς
1359 4379 1555 4450 ὀσφύος
1612 4382 1772 4435 αὐτοῦ

191 4464 417 4517 καθίσαι
440 4466 533 4517 ἐπὶ
557 4467 648 4519 τὸν
671 4467 859 4538 θρόνον
885 4468 1072 4531 αὑτοῦ,
1121 4469 1356 4541 προϊδὼν
1386 4470 1615 4541 ἐλάλησε
1647 4473 1773 4541 περὶ

188 4556 669 4626 τῆςοάναστάσεως
701 4558 792 4611 τοῦ
817 4558 1075 4630 Χριστοῦ,
1109 4562 1188 4615 ὅτι
1212 4561 1337 4614 οὔτε
1379 4563 1769 4635 ἐγκατελείφθη

1884 3456 2163 3528 adigentes
2193 3460 2544 3518 interemistis
2574 3482 2587 3516 :
2611 3463 2934 3534 quem'Deus
2955 3472 3238 3528 suscitavit
3261 3475 3456 3533 solutis

1884 3548 2167 3604 doloribus
2216 3549 2436 3616 inferni,
2469 3555 2624 3621 juxta
2673 3556 2821 3624 quod
2856 3558 3190 3629 impossibile
3222 3572 3340 3619 erat
3376 3574 3455 3621 te-

1884 3640 2001 3695 neri
2032 3641 2185 3695 illum
2232 3639 2299 3695 ab
2332 3658 2417 3698 eo.
2457 3642 2625 3700 David
2654 3649 2799 3703 enim
2822 3649 2952 3706 dicit
2984 3653 3038 3706 in
3060 3668 3183 3708 eum
3213 3673 3226 3709 :
3264 3654 3456 3713 Provi-

1885 3732 2079 3789 debam
2140 3734 2428 3791 Dominum
2480 3738 2537 3793 in
2583 3752 2879 3811 conspectu
2925 3760 3046 3799 meo
3089 3762 3302 3815 semper
3326 3748 3391 3804 ³¹.
3430 3768 3448 3800 ι

1884 3821 2104 3893 Aliquot
2130 3842 2259 3881 vero
2303 3827 2665 3897 interpositis,
2694 3832 2809 3893 haec
2850 3834 3075 3903 subjicit
3115 3835 3397 3907 Scriptura
3436 3858 3448 3893 :

1888 3933 1905 3966 ι
1959 3913 2069 3969 Viri
2120 3916 2340 3980 fratres.
2373 3919 2535 3975 liceat
2585 3921 2852 3979 audenter
2901 3924 3085 3979 dicere
3141 3926 3206 3980 ad
3242 3942 3338 3981 vos
3381 3927 3454 3983 de

1880 4008 2190 4077 patriarcha
2224 4009 2412 4076 David,
2444 4015 2731 4085 quoniam}
2756 4015 3045 4071 defunctus
3075 4026 3159 4072 est
3186 4026 3239 4072 et
3270 4019 3449 4088 sepul-

1881 4105 2008 4153 tus:
2035 4107 2089 4154 et
2129 4102 2439 4171 sepulcrum
2476 4104 2597 4174 ejus
2624 4112 2708 4161 est
2742 4107 2885 4177 apud
2926 4124 3027 4162 nos
3059 4124 3232 4178 usque
3262 4110 3317 4163 in
3353 4110 3452 4163 ho-

1878 4189 2126 4245 diernum
2167 4192 2330 4248 diem.
2363 4193 2632 4265 Propheta
2666 4196 2831 4267 igitur
2857 4213 2981 4252 cum
3013 4207 3180 4263 esset,
3200 4208 3253 4254 et
3284 4202 3450 4257 sciret

1878 4285 2004 4351 quia
2038 4283 2401 4353 jurejurando
2425 4286 2669 4355 jurasset
2697 4288 2772 4342 illi
2800 4287 2945 4345 Deus
2972 4290 3039 4344 de
3069 4290 3251 4344 fructu
3277 4293 3447 4345 lumbi

1876 4376 1997 4446 ejus
2043 4377 2237 4433 sedere
2276 4394 2441 4449 super
2480 4379 2662 4434 sedem
2693 4381 2854 4450 ejus;
2885 4383 3177 4452 providens
3232 4386 3448 4441 locutus

1876 4477 1961 4524 est
1983 4469 2050 4525 de
2079 4472 2483 4527 resurrectione
2511 4471 2736 4537 Christi,
2769 4474 2900 4543 quia
2937 4491 3110 4544 neque
3153 4476 3447 4532 derelictus

1874 4571 1960 4615 est
2013 4561 2071 4615 in
2125 4562 2363 4627 inferno,
2413 4579 2591 4634 neque
2628 4579 2758 4619 caro
2804 4565 2924 4635 ejus
2969 4568 3101 4620 vidit
3133 4570 3445 4638 corruptio~

188 4646 274 4708 εἰς
309 4644 464 4715 ᾅδην,
495 4644 618 4698 οὔτε
645 4648 677 4717 ή
706 4648 841 4719 σὰρξ
885 4650 1050 4703 αὑτοῦ
1110 4651 1184 4703 ἴδε
1245 4652 1561 4725 διαφθοράν.
1604 4674 1623 4704 ι
1659 4654 1765 4707 Τοῦ

1894 4666 1998 4706 tem
2026 4650 2091 4706 ³³.
2128 4670 2147 4703 ι
2187 4649 2349 4706 Petro
2375 4653 2536 4722 igitur
2565 4655 2704 4708 hanc
2749 4654 2818 4711 de
2856 4655 3076 4710 Christo
3105 4660 3445 4727 prophetiam

189 4736 254 4807 δὴ
284 4737 492 4807 Πέτρου
520 4739 701 4793 τοίνυν
752 4742 1152 4806 ἀποδεδωκότος
1182 4748 1261 4807 είς
1288 4720 1378 4800 τὸν
1408 4720 1637 4819 Σωτῆρα
1668 4749 1765 4819 τὴν

1894 4753 1991 4809 pso
2014 4720 2429 4809 interpretante,
2453 4742 2826 4811 reliquumest
2854 4759 3314 4815 supervacaneam
3348 4748 3447 4802 ho-

185 4826 293 4894 ⁸ιὲῆς
341 4830 673 4899 προφητείας
702 4832 1018 4904 ἑρμηνείαν,
1060 4836 1326 4907 παρέσται
1351 4838 1429 4909 τῷ
1462 4840 1535 4910 μὴ
1560 4840 1766 4912 πάρερ-

185 4936 286 4989 γον
308 4920 406 4991 τὴν
427 4921 632 4975 τούτων
680 4924 903 4996 ἔρευναν
945 4929 1271 5000 ποιουμένῳ,
1325 4932 1443 5001 ήτοι
1494 4934 1581 4986 ἐπ’
1620 4934 1769 5003 αύτῷ

185 5014 372 5067 πᾶσαν
396 5014 495 5084 τὴν
544 5016 602 5069 ἐν
635 5017 710 5087 τῷ
749 5017 948 5089 ψαλμῷ
994 5018 1138 5083 λέξιν
1178 5020 1487 5085 ἀκολούθως
1534 5024 1776 5094 ἐφαρμό-

184 5104 300 5170 ζειν
328 5100 411 5169 οἷς
442 5109 536 5160 καὶ
569 5110 598 5160 6
651 5109 854 5181 Πέτρος
898 5111 1197 5184 ἐξείληφεν,
1225 5114 1257 5184 ἢ
1304 5117 1415 5177 τοῖς
1456 5117 1544 5183 ὑφ’
1571 5118 1772 5187 ἐτέρων

182 5196 267 5259 είς
308 5194 402 5249 τὸν
458 5196 671 5268 ψαλμὸν
718 5200 1278 5271 ὑπομνημοιτισθεῖσιν
1324 5205 1585 5274 ἐντυχεῖν·
1642 5206 1771 5275 ἡμῖν

180 5286 295 5359 γὰρ
326 5290 356 5341 6
398 5290 597 5353 σκοπὸς
617 5291 766 5344 οὐδὲν
791 5292 971 5346 πλεῖον
999 5294 1106 5346 τῶν
1137 5295 1441 5366 εἰρημένων
1480 5295 1659 5364 λέγειν
1691 5298 1770 5359 είς

181 5383 310 5447 τοὺς
334 5382 534 5445 τόπους
566 5386 874 5456 ἐπιτρέπει.

712 5480 1106 5533 ΚΕΦΛΛΑΙΟΝ
1149 5481 1229 5533 H'.

773 5572 1019 5637 Ψαλμοῦ
1059 5571 1136 5635 ις’
1148 5613 1159 5623 .

245 5658 359 5711 Καὶ
389 5659 452 5712 τὸ
482 5659 775 5733 λεγόμενον
809 5665 867 5716 ἐν
901 5666 1275 5737 ἑκκαιδεκάτῳ
1300 5664 1518 5737 ψαλμῷ,
1558 5684 1577 5717 ι
1613 5664 1759 5717 Ἐδο-

178 5747 418 5819 κίμασας
446 5752 546 5824 τὴν
573 5753 799 5826 καρδίαν
830 5773 951 5827 μου,
979 5759 1259 5829 ἐπισκέψω
1304 5759 1518 5823 νυκτὸς,
1547 5756 1760 5829 ἐπύρω-

1874 4848 1996 4887 rum
2017 4832 2420 4903 indagationem
2451 4849 2561 4887 non
2587 4833 2827 4901 facienti,
2852 4837 2937 4890 vel
2965 4836 3015 4891 ei
3046 4852 3259 4892 omnem
3296 4841 3446 4908 psal-

1875 4924 1953 4980 mi
1989 4932 2305 4981 contextum
2354 4933 2723 4995 congruenter
2765 4928 3179 4984 accommodare
3206 4946 3330 4984 cum
3378 4932 3446 4985 iis

1877 5031 1999 5086 quae
2036 5016 2231 5073 Petrus
2270 5018 2508 5083 censuit,
2534 5019 2617 5074 vel
2652 5018 2883 5089 prolatis
2919 5020 2975 5074 in
3002 5021 3146 5075 hunc
3174 5023 3446 5091 psalmum

1876 5109 2286 5164 commentariis
2329 5110 2453 5167 aliis
2498 5110 2840 5165 incumbere.
2872 5109 3040 5166 Nobis
3068 5113 3211 5166 enim
3246 5129 3447 5184 propo-

1860 5199 2041 5253 situm
2072 5200 2183 5269 jam
2222 5200 2290 5255 de
2333 5201 2435 5255 hac
2468 5203 2693 5257 materia
2742 5199 2910 5256 dicris
2955 5202 3255 5275 quidquam
3303 5215 3447 5262 vetat

1874 5290 2127 5360 adjicere.

2464 5478 2690 5536 CAPUT
2730 5482 2859 5539 νιιι.

2294 5566 2343 5620 Ε
2370 5571 2578 5637 psalmo
2607 5576 2806 5629 decimo
2852 5586 3019 5631 sexto.

1939 5661 2055 5717 Hoc
2082 5663 2137 5717 in
2160 5662 2378 5721 decimo
2417 5678 2572 5723 sexto
2594 5669 2803 5739 psalmo
2836 5669 3042 5723 dictum
3078 5688 3091 5724 :
3140 5687 3159 5720 ι
3199 5669 3447 5726 Probasti

1868 5770 1965 5810 cor
2007 5771 2188 5811 meum
2229 5765 2284 5816 et
2318 5761 2551 5816 visitasti
2590 5770 2787 5817 nocte:
2822 5762 2947 5833 igne
2978 5776 3064 5816 me
3090 5765 3446 5828 exanimasti,

246 5866 566 5953 ".Philipp-
606 5892 667 5943 ιι,
707 5875 758 5947 7,
793 5878 843 5935 8.
921 5879 965 5912 ’ν
1006 5879 1152 5939 Psal.
1190 5880 1366 5948 “,2.
1443 5882 1486 5914 ³ο
1527 5882 1661 5938 ibid.
1724 5879 1786 5949 2,

1958 5878 1999 5909 ³¹
2041 5876 2191 5940 Psal.
2252 5901 2343 5953 xv,
2377 5885 2529 5941 8-H.
2609 5887 2651 5918 ³²
2690 5886 2811 5941 Act.
2851 5900 2925 5952 ll,
2961 5882 3149 5942 22-25.
3228 5883 3272 5913 ⁸³
3312 5884 3443 5938 ibid.

178 5933 334 5996 29—51
347 5980 361 5996 .
