3954 6502
543 421 683 480 1105
787 429 794 442 ’

1246 417 1512 476 EUSEBH
1548 416 2026 474 CESARIENSIS
2063 416 2213 484 OPP.
2254 416 2435 472 PARS
2476 416 2564 472 Ill.
2610 447 2680 460 —-
2715 415 3126 474 EXEGETICA.

3645 422 3766 480 “04

543 547 598 596 et
627 554 735 594 non
760 545 843 596 est
871 545 1088 591 inventa
1108 536 1162 591 in
1179 550 1266 592 me
1281 537 1544 607 iniquitas
1565 536 1631 604 “,
1674 555 1692 588 ι
1727 535 1886 607 quasi
1915 535 2117 591 Christi

2229 534 2327 598 σάς
2359 551 2426 606 με
2459 533 2523 604 (ί.
2554 534 2667 605 21),
2709 535 2803 588 καὶ
2835 534 2933 605 οὐχ
2961 534 3158 607 εὑρέθη
3189 533 3246 587 ὲν
3275 531 3400 602 ἐμοὶ
3433 533 3623 599 ἀδικία,
3658 555 3673 586 ι
3701 536 3768 600 ὼς

545 645 678 686 voce
702 631 970 701 prolatum
1000 627 1506 694 animadvertimus,
1541 643 1666 684 cum
1693 643 1803 683 non
1834 629 1992 682 aliter
2013 628 2116 681 bu-

545 735 718 775 manae
744 729 952 774 natura:
973 718 1078 774 hoc
1105 719 1288 775 dicere
1308 721 1586 790 proprium
1617 729 1780 780 esset.
1807 718 2118 790 Omnesque

543 811 709 883 hujus
761 812 954 881 psalmi
1012 813 1297 868 sententia:
1331 828 1425 870 eas
1455 820 1714 869 accurate
1761 811 2116 884 perpendenti

543 909 797 976 spectare
824 903 891 958 ad
920 901 1260 959 Salvatorem
1285 903 1563 960 videntur.

1138 1035 1369 1092 CAPUT
1419 1037 1513 1092 IX.

929 1172 977 1228 E
1001 1175 1207 1244 psalmo
1235 1175 1436 1231 decimo
1477 1177 1720 1247 septimo.

609 1305 747 1362 Cum
779 1309 1070 1380 septimum
1108 1317 1161 1366 et
1193 1309 1466 1366 decimum
1502 1311 1769 1381 psalmum
1804 1327 1911 1366 non
1949 1314 2113 1368 alium

541 1401 787 1469 quemvis
823 1401 1110 1472 designare
1162 1401 1474 1457 circumcisi
1512 1411 1739 1471 putant,
1798 1403 1906 1458 nisi
1941 1401 2116 1457 Davi—

541 1490 696 1558 dem,
725 1506 792 1548 eo
823 1491 968 1562 quod
1004 1493 1057 1546 id
1104 1491 1390 1561 inscriptio
1421 1492 1664 1548 indicare
1688 1491 1903 1548 videtur
1925 1534 1940 1557 ,
1985 1509 2116 1549 con-

542 1581 832 1639 fundemus
899 1599 995 1639 eos
1057 1584 1204 1639 hunc
1268 1585 1448 1640 locum
1521 1585 1660 1640 tueri
1721 1597 2113 1656 nequeuntes:

545 1693 566 1728 ι
603 1674 816 1747 Eripies
857 1691 943 1731 me
990 1676 1058 1733 de
1093 1679 1622 1734 contradictionibus
1655 1680 1878 1751 populi:
1911 1681 2116 1737 consti-

540 1777 660 1824 tues
692 1784 777 1825 nte
819 1769 874 1825 in
923 1779 1084 1840 caput
1137 1772 1402 1842 gentium.
1445 1770 1719 1842 Populus,
1780 1789 1943 1845 quem
2004 1788 2112 1828 non

540 1858 808 1930 cognovi,
858 1861 1083 1916 servivit
1130 1861 1299 1915 mihi:
1340 1861 1394 1915 in
1451 1863 1640 1916 auditu
1689 1864 1838 1918 auris
1872 1861 2114 1917 obedivit

2219 627 2326 680 ἀπὸ
2352 625 2591 696 Χριστοῦ
2630 625 2814 696 φωνῆς
2840 625 3108 696 τυγχάνον
3145 623 3628 694 ἐσημειωσάμεθα,
3661 627 3771 680 ἐπεὶ

2221 720 2296 791 μὴ
2325 720 2500 784 ἄλλως
2538 719 2853 792 ἀνθρωπεία
2878 721 3039 790 φύσει
3066 719 3228 774 τοῦτο
3258 720 3489 788 φάσκειν
3517 721 3769 791 ἁρμόττει-

2219 815 2311 865 καὶ
2338 813 2537 876 πάντες
2555 813 2612 866 δὲ
2631 813 2680 865 οἱ
2702 813 2761 865 ἐν
2783 813 2858 884 τῷ
2878 812 3076 885 ψαλμῷ
3103 813 3250 882 λόγοι
3268 811 3347 882 τῷ
3364 811 3608 886 ἑνορῶντι
3637 813 3772 886 ἀκρι-

2221 894 2335 959 ϐῶς
2360 903 2556 967 αὐτοὺς
2587 905 2676 957 ἐπὶ
2705 904 2796 958 τὸν
2822 905 3050 977 Σωτῆρα
3078 904 3454 976 ἀναφέρεσθαι
3487 903 3738 960 δύνανται.

2740 1040 3139 1096 ΚΕΦΑΛᾹΙΟΝ
3178 1042 3256 1097 8'.

2817 1174 3070 1244 Ψαλμοῦ
3108 1172 3196 1236 ιζ’.

2303 1305 2455 1358 Ἐπεὶ
2486 1304 2582 1357 καὶ
2631 1304 2724 1358 τὸν
2771 1305 3231 1361 ἑπτακαιδέκατον
3269 1307 3482 1380 ψαλμὸν
3511 1310 3766 1376 061L251-

2217 1395 2311 1449 λου
2343 1395 2490 1460 τινὸς
2525 1395 2782 1466 λέγεσθαι
2811 1397 3088 1468 νομιοῦσιν
3119 1400 3167 1452 οί
3204 1400 3266 1452 ἐκ
3300 1401 3600 1472 περιτομῆς
3629 1402 3660 1472 ἢ
3697 1402 3778 1456 τοῦ

2218 1487 2401 1553 Δαυῒδ,
2434 1488 2522 1542 διὰ
2554 1489 2615 1542 τὸ
2644 1492 2737 1543 καὶ
2769 1488 2866 1560 τὴν
2893 1490 3207 1562 ἐπιγραφὴν
3237 1491 3404 1545 αὑτοῦ
3436 1492 3596 1546 τοῦτο
3626 1493 3780 1548 δοκεῖν

2218 1582 2518 1653 ἐμφαίνειν,
2547 1580 2804 1652 θλίψομεν
2833 1582 3026 1647 αὐτοὺς
3049 1583 3108 1635 οῦ
3129 1583 3460 1655 δυναμένους
3491 1585 3679 1650 σώζειν
3704 1589 3781 1640 ἐπ’

2218 1673 2384 1726 αὑτοῦ
2410 1674 2489 1738 τὸ,
2538 1692 2556 1726 t
2607 1673 2773 1746 Ῥύσῃ
2807 1691 2873 1746 με
2903 1674 2962 1741 ἐξ
2992 1675 3298 1745 ἀντιλογίας
3325 1676 3456 1730 λαοῦ
3482 1719 3495 1742 ,
3530 1682 3780 1748 καταστή-

2220 1783 2334 1830 σεις
2357 1783 2424 1837 με
2452 1768 2533 1831 εἰς
2571 1765 2814 1837 κεφαλὴν
2845 1766 3033 1821 ἐθνῶν·
3061 1766 3206 1831 λαὸς,
3231 1768 3290 1822 δν
3314 1770 3414 1822 οὐκ
3443 1769 3780 1838 ἐγνων,ἐδού-

2218 1855 2375 1910 λευσέ
2399 1875 2521 1928 μοι,
2574 1860 2653 1923 είς
2680 1859 2850 1930 ἀκοὴν
2883 1858 3046 1911 ώτίου
3094 1860 3374 1930 ὑπήκουσέ
3408 1879 3522 1932 μοι’
3569 1865 3670 1916 υἱοὶ
3701 1863 3782 1918 ἀλ-

541 1951 693 2006 mihi.
729 1950 851 2007 Filii
887 1953 1050 2009 alieni
1081 1955 1292 2009 mentiti
1327 1962 1457 2010 sunt
1497 1956 1652 2020 mihi,
1701 1954 1794 2010 ﬁlii
1829 1957 1989 2010 alieni
2031 1957 2117 2010 in-

2221 1950 2420 2022 λότριοι
2437 1950 2733 2021 ὲψεύσαντό
2755 1969 2866 2023 μοι,
2895 1952 3003 2007 υἱοὶ
3027 1952 3297 2024 ἀλλότριοι
3324 1954 3777 2028 ἐπαλαιώθησαν.»

540 2044 764 2100 veterati
791 2054 919 2101 sunt
948 2047 1014 2102 ³⁵.
1049 2066 1067 2100 ι
1125 2047 1370 2114 Quarum
1418 2048 1564 2103 enim
1596 2051 1834 2120 gentium
1870 2049 1923 2102 in
1958 2056 2122 2120 caput

539 2133 799 2193 Davidem
833 2139 1193 2195 constitutum
1245 2139 1534 2197 ostendere
1577 2141 1798 2206 valent,
1856 2149 1950 2195 aut
1995 2141 2122 2212 quis

541 2229 645 2285 iste
675 2231 910 2302 populus
929 2271 944 2297 ,
979 2247 1140 2304 quem
1174 2247 1282 2288 non
1309 2242 1639 2304 c0gnoverat
1669 2235 1822 2304 prius
1851 2275 1864 2297 .
1921 2235 2122 2306 quique

538 2333 722 2379 tamen
747 2324 796 2380 ei
825 2325 1044 2389 serviit,
1084 2327 1140 2380 in
1182 2325 1372 2380 auditu
1403 2326 1552 2383 auris
1581 2326 1846 2382 obediens
1880 2328 1963 2382 ei!
2017 2327 2120 2393 Qui

539 2424 590 2471 ct
625 2417 837 2472 mentiti
876 2419 924 2472 ei
967 2417 1060 2472 ﬁlii
1092 2419 1254 2474 alieni
1283 2419 1563 2484 dicuntur,
1604 2429 1659 2476 et
1697 2421 2012 2486 inveterati,
2067 2431 2122 2478 et

539 2509 910 2566 claudicantes
939 2526 968 2565 a
1002 2511 1212 2566 semitis
1234 2511 1390 2567 suis?
1416 2514 1486 2566 At
1516 2513 1672 2568 nobis
1705 2514 1838 2567 nihil
1874 2515 2034 2584 plane
2055 2531 2116 2569 ex

539 2600 607 2657 iis
631 2616 750 2672 quae
784 2603 838 2656 in
871 2602 975 2657 hoc
1020 2603 1232 2673 psalmo
1269 2602 1602 2668 referuntur,
1629 2620 1659 2659 a
1705 2621 1935 2676 persona
1965 2607 2124 2662 Chri-

539 2693 609 2750 sti
645 2693 1041 2750 detrahendum
1068 2735 1081 2760 ,
1139 2696 1229 2766 qui
1283 2695 1339 2751 in
1376 2698 1620 2768 gentium
1663 2697 1920 2754 Ecclesia:
1957 2707 2122 2769 caput

539 2788 875 2842 constitutus
903 2797 1026 2854 est;
1068 2788 1320 2859 hancque
1375 2789 1717 2860 prophetiam
1743 2833 1758 2853 ,
1795 2792 1938 2846 sicut
1977 2792 2123 2846 acci-

541 2881 755 2951 pimus,
807 2881 967 2950 plane
1012 2881 1286 2950 impletum
1332 2882 1600 2937 videmus.
1654 2882 1884 2938 Eramtts
1941 2884 2118 2948 enim,

539 2985 761 3024 eramus
812 2985 937 3025 vere
982 2987 999 3020 ι
1048 2971 1266 3025 alienati
1321 2987 1350 3025 a
1404 2973 1763 3026 conversione
1817 2970 2013 3038 Israel,
2069 2982 2123 3028 et

541 3064 787 3135 hospites
806 3070 1256 3120 testamentorum
1283 3063 1661 3132 promissionis
1691 3063 1757 3128 ³⁸,
1785 3082 1802 3116 ι
1837 3071 1891 3118 et
1920 3063 2124 3120 idcirco

540 3156 702 3212 Verbi
753 3156 844 3210 Dei
885 3145 1204 3227 cognitione
1248 3155 1500 3226 indigni;
1545 3157 1640 3211 sed
1679 3173 1698 3206 ι
1743 3171 1890 3210 nunc
1917 3171 2121 3226 cogno-

540 3256 758 3307 scentes
785 3246 975 3312 Deum,
1005 3248 1115 3303 imo
1149 3263 1177 3302 a
1203 3247 1313 3302 Deo
1342 3247 1545 3318 cogniti
1583 3247 1626 3279 "
1652 3264 1666 3315 ;
1701 3247 1794 3317 qui
1833 3246 2124 3316 aliquando

2222 2042 2398 2096 Ποίων
2430 2043 2540 2116 γὰρ
2562 2043 2732 2098 ἐθνῶν
2760 2047 2839 2108 είς
2879 2045 3119 2116 κεφαλὴν
3148 2047 3496 2101 καταστάντα
3524 2048 3617 2101 τὸν
3646 2049 3784 2103 Δαυῖδ

2219 2133 2395 2204 ἔχοιεν
2423 2135 2795 2207 παραστῆσαι,
2833 2136 2865 2207 ἢ
2899 2140 3051 2201 ποῖος
3084 2133 3237 2201 οὗτος
3259 2137 3408 2205 λαὸς,
3433 2139 3493 2192 ὃν
3515 2141 3617 2194 οὐκ
3643 2141 3780 2209 ἐγνώ-

2221 2240 2306 2278 κει
2341 2225 2439 2294 μὲν
2469 2225 2631 2289 αὐτὸς
2658 2226 2942 2299 πρότερον,
2979 2229 3129 2300 ὅμως
3147 2228 3202 2281 δὲ
3231 2229 3550 2286 ἐδούλευσεν
3570 2233 3782 2303 αὺτῷείς

2219 2315 2425 2384 ἀκουὴν
2457 2315 2618 2369 ὠτίου
2654 2317 2970 2382 ὑπακούσας
3011 2317 3177 2389 αὐτῷ’
3211 2319 3356 2384 τινες
3383 2321 3442 2374 δὲ
3475 2323 3574 2375 καὶ
3594 2324 3642 2375 οί
3674 2323 3778 2391 ψευ·

2220 2406 2446 2477 σάμενοι
2472 2406 2621 2478 αὑτῷ
2644 2409 2750 2462 υίολ⁸
2771 2408 3036 2480 ἀλλότριοι
3056 2409 3359 2480 λεγόμενοι,
3383 2411 3480 2464 καὶ
3498 2413 3552 2464 οί
3574 2413 3775 2467 παλαιω

2221 2494 2404 2559 θέντες
2433 2497 2527 2550 καὶ
2557 2495 2897 2566 χωλάναντες
2921 2499 3028 2553 ἀπὸ
3045 2497 3154 2553 τῶν
3178 2499 3384 2572 τρίϐων
3419 2502 3636 2569 αὑτῶνς
3668 2504 3784 2556 Ἀλλ’

2220 2591 2351 2660 ἡμῖν
2383 2591 2492 2645 οὐδ’
2517 2591 2654 2656 ὅλως
2676 2609 2729 2647 τι
2751 2592 2859 2648 τῶν
2883 2595 2942 2648 ἐν
2973 2593 3051 2665 τῷ
3077 2593 3274 2666 ψαλμῷ
3296 2595 3613 2668 λεγομένων
3642 2617 3783 2670 προσ-

2221 2683 2375 2753 κόψει
2400 2685 2464 2738 ὲκ
2498 2685 2791 2757 προσώπου
2823 2687 2918 2740 τοῦ
2942 2687 3202 2758 Χριστοῦ,
3239 2689 3336 2743 τοῦ
3376 2691 3784 2755 κατασταθέντος

2222 2775 2301 2839 εις
2326 2776 2566 2848 κεφαλὴν
2591 2778 2691 2848 τῆς
2715 2777 2774 2843 ἐξ
2805 2778 2972 2834 ἐθνῶν
3009 2778 3356 2852 Ἐκκλησίας,
3373 2782 3470 2836 καὶ
3482 2785 3684 2854 ταύτην
3711 2785 3785 2838 ἐκ·

2221 2865 2555 2936 λαμϐάνουσι
2585 2868 2682 2940 τὴν
2715 2871 3048 2942 προφητείαν
3065 2871 3330 2944 θεωροῦσί
3359 2891 3420 2928 τε
3450 2876 3626 2947 αὐτὴν
3659 2879 3786 2948 ἐναρ-

2222 2957 2335 3026 γῶς
2368 2958 2825 3032 πεπληρωμένην·
2862 2957 3004 3032 ἦμεν
3029 2961 3159 3034 γὰρ.
3181 2960 3322 3036 ἦμεν
3354 2966 3577 3038 ἀληθῶς
3610 2971 3786 3041 «dmi-

2221 3045 2575 3120 λοτριωμένοι
2602 3051 2702 3122 τῆς
2733 3051 3007 3116 πολιτείας
3031 3053 3124 3108 τοῦ
3161 3053 3399 3128 Ἰσραὴλ,
3424 3061 3520 3112 καὶ
3540 3061 3678 3127 ξένοι
3700 3061 3787 3114 τῶν

2222 3138 2495 3212 διαθηκῶν
2521 3145 2620 3214 τῆς
2650 3143 3003 3214 ἐπαγγελίας,
3039 3165 3057 3198 ι
3109 3148 3202 3201 καὶ
3233 3148 3320 3202 διὰ
3364 3151 3528 3205 τοῦτο
3551 3153 3629 3225 μὴ
3670 3155 3787 3222 ἄξιοι

2222 3231 2325 3302 τῆς
2344 3232 2438 3287 τοῦ
2467 3233 2627 3304 λόγου
2651 3235 2744 3290 τοῦ
2771 3235 2906 3291 Θεοῦ
2941 3237 3214 3307 γνώσεως·
3251 3239 3386 3296 ἀλλά
3419 3262 3438 3294 ι
3462 3244 3562 3298 νῦν
3595 3246 3787 3314 γνόντες

539 3357 761 3398 eramus
813 3341 1006 3413 longe,
1045 3339 1172 3395 facti
1215 3355 1406 3395 sumus
1459 3354 1626 3410 prope
1657 3339 1721 3404 ³⁸,
1761 3357 1779 3391 i
1816 3346 1868 3394 et
1896 3339 2117 3394 servivi-

2225 3323 2377 3387 Θεὸν,
2404 3325 2602 3396 μᾶλλον
2616 3327 2673 3381 δὲ
2695 3305 3028 3400 γνωσθέντες
3061 3333 3150 3386 ὑπ’
3171 3333 3359 3398 αὐτοῦ,
3387 3353 3406 3386 ι
3428 3305 3660 3406 ἡμεῖςίοί

540 3450 666 3491 mus
704 3449 806 3490 nos
851 3434 979 3489 olim
1014 3447 1121 3488 non
1163 3433 1538 3505 cognoscenti,
1567 3441 1622 3487 et
1659 3432 1712 3486 in
1744 3432 1931 3487 auditu
1971 3430 2122 3486 auris

539 3527 882 3584 obedlvimus
910 3528 982 3591 ei,
1009 3535 1236 3598 accepto
1273 3527 1396 3582 novi
1419 3525 1753 3608 Testamenti
1782 3525 1902 3595 ejus
1930 3525 2117 3588 verbo,

540 3621 685 3693 quod
716 3622 769 3675 in
796 3636 898 3676 nos
929 3619 1148 3675 infudit.
1183 3619 1314 3675 Mire
1343 3627 1522 3676 autem
1554 3625 1677 3692 post
1706 3617 1861 3683 illud,
1893 3637 1911 3670 ε
1949 3633 2122 3689 popu-

540 3712 627 3766 lus
659 3727 819 3783 quem
848 3727 956 3768 non
991 3713 1240 3783 cognovi,
1276 3713 1499 3768 servivit
1532 3714 1688 3782 mihi,
1727 3733 1744 3766 ι
1781 3722 1835 3770 et
1866 3723 1988 3786 post
2024 3731 2121 3770 vo-

540 3806 810 3860 cationem
840 3812 1116 3869 nostram,
1155 3812 1389 3860 veterem
1431 3804 1771 3877 Synagogam
1819 3807 1997 3861 innuit
2033 3806 2120 3861 his

537 3899 765 3954 verbis:
805 3917 822 3948 ι
872 3898 992 3952 Filii
1053 3899 1212 3952 alieni
1275 3897 1483 3952 mentiti
1545 3907 1673 3953 sunt
1733 3898 1886 3960 Inibi,
1939 3918 1957 3950 ι
2001 3914 2122 3969 qua:

540 3991 683 4047 idem
714 4000 914 4045 sonant
943 4006 1024 4054 ac,
1069 4009 1087 4041 ε
1137 3989 1303 4044 Filios
1341 3990 1574 4044 cnutrivi
1609 3997 1662 4045 et
1700 3990 1932 4045 exaltavi
1960 4031 1974 4055 ,
2019 3993 2118 4062 ipsi

539 4093 720 4138 autem
775 4091 1098 4154 spreverunt
1137 4098 1221 4138 me
1269 4082 1334 4138 ³⁸.
1389 4101 1407 4135 i
1469 4081 1562 4137 Isti
1615 4091 1796 4137 autem
1833 4082 2116 4139 inveterati

540 4193 669 4234 sunt
695 4178 1068 4234 claudicantes
1112 4177 1165 4231 in
1198 4176 1407 4232 semitis
1443 4176 1578 4241 suis,
1613 4183 1666 4231 et
1701 4175 1793 4232 Dei
1839 4175 2117 4230 Christum

509 4287 648 4326 -non
683 4270 1052 4342 accipientes:
1105 4269 1196 4340 qui
1245 4268 1312 4323 ab
1352 4269 1433 4324 eis
1481 4269 1747 4338 rejectus,
1781 4274 2117 4324 constitutus

537 4373 624 4419 est
654 4380 684 4418 a
705 4365 867 4420 Patre
906 4365 961 4419 in
985 4373 1146 4435 caput
1173 4362 1548 4424 servientium,
1578 4370 1631 4417 ct
1658 4362 1711 4417 in
1739 4362 1926 4416 auditu
1965 4363 2116 4417 auris

536 4455 907 4512 obedientium
958 4457 1006 4510 ei
1066 4454 1306 4526 gentium
1340 4495 1355 4519 ,
1419 4453 1720 4509 secundum
1771 4454 2114 4524 prophetiam

537 4551 673 4604 alias
701 4551 1024 4604 dicentem:
1089 4567 1106 4598 ι
1163 4547 1420 4618 Lapidem
1471 4561 1632 4616 quem
1685 4546 2115 4616 rcprobaverunt

534 4641 888 4702 aediﬁcantes.
909 4641 996 4694 hic
1011 4640 1187 4695 factus
1202 4640 1354 4696 estin
1370 4647 1531 4708 caput
1544 4638 1726 4708 anguli
1740 4638 1803 4690 ⁸ο.
1821 4658 1837 4689 ι
1856 4636 1995 4691 Ριιιο
2011 4653 2078 4692 au
2092 4668 2110 4678 -
2143 4654 2190 4712 ι)

535 4736 646 4783 tem
678 4726 1018 4782 divinitatem
1059 4727 1370 4796 Christique
1397 4726 1463 4780 ad
1503 4727 1750 4781 homines
1783 4726 2110 4783 descensum

535 4820 730 4892 p‘rimis
785 4819 980 4890 psalmi
1029 4819 1312 4874 versiculis
1352 4819 1605 4884 ostendi;
1656 4834 1776 4888 qua:
1826 4820 2113 4890 mysterio-

537 4913 656 4968 sius
686 4911 831 4968 dicta
877 4927 982 4965 non
1025 4911 1378 4965 adventitiatn
1435 4918 1487 4964 et
1522 4911 1825 4966 breviorem
1860 4911 2112 4982 explana-

535 5008 740 5062 tionem
771 5005 1168 5065 desiderarent,
1217 5005 1517 5075 praesertim
1554 5006 1607 5058 in
1642 5007 1740 5059 hoc
1774 5006 1929 5059 loco:
1969 5024 1986 5054 ι
2025 5003 2111 5058 Ιη-

533 5098 760 5152 clinavit
787 5098 955 5154 cmlos
994 5104 1046 5150 et
1073 5096 1396 5160 descendit,
1443 5105 1496 5150 et
1539 5096 1712 5166 caligo
1751 5095 1852 5150 sub
1884 5096 2112 5165 pedibus

534 5186 678 5256 ejus,
705 5195 758 5242 et
800 5186 1046 5242 ascendit
1080 5186 1560 5257 superCherubim
1599 5193 1652 5240 et
1680 5185 1880 5238 volavit
1909 5204 1923 5241 :
1962 5187 2114 5240 vola-

536 5277 616 5331 vit
649 5293 814 5347 super
841 5292 1049 5345 pennas
1075 5285 1361 5331 ventorum
1396 5275 1459 5328 ".
1496 5295 1512 5326 ι
1550 5274 1681 5341 Quae
1705 5282 2009 5347 sequuntur
2045 5275 2110 5329 ad

535 5369 632 5427 Dei
669 5371 900 5427 Verbum
928 5379 1195 5440 Spectant.

609 5785 654 5817 “
689 5781 834 5838 Psal.
899 5799 1024 5846 xvi,
1087 5784 1139 5839 5.
1211 5785 1260 5817 "
1299 5783 1442 5837 Psal.
1495 5799 1640 5846 xvu.
1675 5783 1866 5839 41-46.

541 5859 584 5889 "
614 5857 719 5910 lsa.
754 5869 791 5919 ι,
826 5853 880 5908 2.
958 5855 1004 5888 δ’
1039 5852 1484 5918 Psal.cxvu,22.

1974 5784 2019 5858 ’ἐ
2059 5783 2258 5858 Ephes.
2322 5805 2360 5844 tt
2387 5829 2401 5856 ,
2438 5789 2522 5846 l2.

1565 5854 1792 5911 διίδδίιι.
1827 5871 1960 5917 xvtt,
2002 5854 2208 5915 £0.11.

2222 3415 2375 3480 ὄντες
2397 3419 2614 3489 μακράν
2643 3419 2982 3492 ἐγενήθημεν
3010 3423 3195 3491 ἐγγὺς,
3239 3442 3256 3475 ι
3289 3425 3382 3476 καὶ
3412 3425 3786 3497 ὲδουλεύσαμεν

2221 3506 2301 3578 τῷ
2336 3509 2502 3563 πάλαι
2531 3509 2604 3580 μὴ
2633 3511 2814 3579 γνόντι
2839 3513 3008 3582 ἡμᾶς,
3042 3515 3139 3566 καὶ
3161 3515 3240 3578 είς
3264 3515 3433 3587 ἀκοὴν
3465 3517 3634 3571 ὠτίου
3665 3520 3785 3587 im;-

2223 3597 2498 3670 κούσαμεν
2522 3600 2688 3670 αὐτῷ,
2719 3603 3151 3674 παραδεξάμενοι
3186 3605 3276 3659 τὸν
3314 3607 3413 3677 τῆς
3455 3610 3652 3680 καινῆς
3680 3612 3785 3662 Διαο

2223 3689 2396 3762 θήκης
2424 3691 2589 3744 αὑτοῦ
2615 3692 2791 3761 λόγον,
2823 3694 2880 3747 ὃν
2899 3695 3262 3768 διέθετοπρὸς
3287 3701 3317 3768 ή
3327 3701 3453 3767 μᾶς.
3477 3699 3786 3770 Θαυμασίοις

2221 3779 2277 3832 δὲ
2313 3781 2451 3850 μετά
2481 3782 2562 3846 τὸ,
2599 3801 2617 3834 ι
2655 3782 2802 3848 λαὸς,
2846 3784 2904 3838 ὃν
2933 3785 3033 3839 οὐκ
3054 3787 3222 3854 ἔγνων
3247 3832 3260 3854 ,
3311 3789 3598 3844 ἐδούλευσέ
3645 3810 3780 3863 μοι,ι

2221 3874 2316 3926 καὶ
2341 3873 2436 3943 τὴν
2456 3891 2519 3927 πε
2529 3876 2582 3946 pl.
2603 3876 2760 3947 ἡμῶν
2795 3877 2984 3948 κλῆσιν
3014 3879 3082 3932 τὰ
3107 3880 3237 3951 περὶ
3259 3881 3359 3950 τῆς
3381 3884 3656 3954 προτέρας
3677 3885 3784 3937 2w-

2219 3965 2440 4036 αγωγῆς
2478 3969 2748 4020 ἐκτίθεται
2789 3969 2875 4022 διὰ
2924 3969 3040 4034 τοῦ,
3101 3989 3120 4022 ι
3173 3971 3290 4024 Υἱοὶ
3337 3972 3610 4046 ἀλλότριοι
3652 3974 3783 4042 ἐψεύ-

2222 4056 2381 4108 σαντό
2410 4073 2521 4126 μοι,
2562 4077 2579 4109 i
2632 4059 2987 4132 ἰσοδυναμοῦν
3011 4061 3090 4132 τῷ
3111 4102 3124 4126 ,
3166 4081 3184 4113 ι
3219 4063 3378 4127 Υίοὺς
3416 4066 3684 4137 ἐγέννησα
3705 4067 3784 4120 καὶ

2221 4147 2430 4216 ὖψωσα,
2452 4150 2604 4203 αὐτοὶ
2639 4151 2693 4204 δέ
2723 4169 2789 4222 με
2804 4152 3092 4223 ⁴ἠθέτησαν·
3116 4174 3134 4205 ι
3157 4148 3297 4208 οὗτοι
3323 4155 3379 4209 δὲ
3409 4159 3503 4209 καὶ
3535 4156 3782 4212 ἐπαλαιώο

2221 4239 2388 4310 θησαν
2419 4242 2758 4311 χωλάναντες
2783 4245 2892 4299 ἀπὸ
2920 4247 3028 4300 τῶν
3045 4247 3245 4318 τρίϐων
3268 4248 3466 4312 αὐτῶν,
3487 4251 3581 4302 καὶ
3609 4250 3680 4321 μὴ
3702 4267 3783 4303 παρ

2222 4329 2570 4403 ραδεξάμενοι
2601 4334 2692 4388 τὸν
2717 4336 2950 4406 Χριστὸν
2978 4337 3073 4391 τοῦ
3097 4337 3326 4403 Θεοῦ,ὃς
3346 4339 3782 4411 ἀποδοκιμασθεὶς

2218 4423 2308 4476 ὑπ’
2337 4423 2516 4478 αὐτῶν
2562 4425 2865 4499 κατεστάθη
2907 4427 3010 4482 ὑπὸ
3047 4429 3144 4484 τοῦ
3189 4429 3402 4502 Πατρὸς
3442 4433 3524 4496 είς
3563 4432 3783 4502 κεφαλὴν

2215 4515 2322 4568 τῶν
2349 4516 2752 4573 δουλευσάντων
2771 4560 2785 4584 ,
2834 4522 2926 4574 καὶ
2951 4523 3031 4585 είς
3070 4523 3237 4594 ἀκοὴν
3265 4523 3425 4577 ὠτίου
3464 4525 3783 4579 ὑπακουσάν-

2215 4623 2322 4662 των
2359 4608 2508 4680 αὐτῷ
2547 4610 2748 4675 ἐθνῶν,
2773 4612 2912 4666 κατὰ
2945 4614 3043 4684 τὴν
3069 4614 3292 4685 ἑτέρωθι
3324 4614 3637 4685 φάσκουσαν
3670 4632 3782 4686 προν

2217 4699 2464 4767 φητείαν,
2495 4718 2513 4750 ι
2545 4699 2725 4764 Λίθον,
2765 4701 2824 4755 ὃν
2858 4703 3268 4775 ἀπεδοκίμασαν
3289 4709 3340 4759 οί
3369 4707 3780 4778 οἰκοδομοῦντες.

2214 4786 2369 4855 οὗτος
2398 4793 2626 4866 ἐγενήθη
2662 4797 2741 4858 είς
2770 4795 3009 4868 κεφαλὴν
3034 4797 3255 4866 γωνίας.
3287 4818 3306 4850 ι
3337 4795 3504 4870 Οἶμαι
3534 4799 3591 4854 δὲ
3613 4802 3702 4854 καὶ
3725 4800 3782 4852 τὰ

2217 4884 2344 4952 περὶ
2374 4883 2475 4953 τῆς
2503 4883 2752 4957 θεότητος
2773 4889 2867 4942 καὶ
2893 4889 2993 4960 τῆς
3011 4892 3091 4956 είς
3106 4891 3427 4964 ἀνθρώπους
3449 4892 3781 4953 καταϐάσεως

2215 4975 2382 5030 αὑτοῦ
2411 4979 2468 5030 ἐν
2497 4981 2608 5042 τοῖς
2649 4979 2884 5052 πρώτοις
2907 4982 3199 5053 δηλοῦσθαι
3225 4984 3320 5038 τοῦ
3361 4985 3581 5056 ψαλμοῦ
3607 5003 3619 5013 ’
3654 4987 3780 5053 amp

2215 5067 2276 5118 οῦ
2298 5066 2398 5136 τῆς
2440 5069 2498 5120 ἐν
2533 5071 2795 5142 παρέργῳ
2834 5072 2930 5125 καὶ
2969 5071 3290 5146 παραδρομῇ
3321 5075 3481 5128 δέοιτ’
3513 5077 3580 5130 ἂν
3607 5076 3780 5146 £51m)-

2219 5173 2356 5220 σεως
2373 5158 2712 5230 ἀπορρητότε
2720 5177 2809 5230 ρον
2826 5163 3107 5234 είρημένάν
3125 5157 3214 5217 οίά
3227 5166 3372 5217 ἐστιν
3389 5165 3498 5219 ἀπὸ
3511 5165 3629 5227 τοῦ,
3655 5166 3778 5219 «Καὶ

2216 5241 2424 5298 ἔκλινεν
2453 5249 2714 5318 οὐρανοὺς
2759 5253 2849 5304 καὶ
2881 5253 3084 5325 κατέϐη
3105 5295 3120 5319 ,
3159 5255 3252 5308 καὶ⁸
3299 5257 3496 5326 γνόφος
3530 5258 3636 5311 ὑπὸ
3666 5258 3776 5318 τοὺς

2217 5337 2381 5401 πόδας
2406 5339 2594 5393 αὐτοῦ’
2631 5343 2722 5395 καὶ
2750 5343 2918 5415 ἐπέϐη
2947 5346 3038 5398 ἐπὶ
3063 5347 3327 5418 Χερουϐὶν
3360 5350 3456 5403 καὶ
3485 5349 3774 5417 autem,

2220 5429 2493 5500 ἐπετὰσθη
2536 5432 2628 5484 ἐπὶ
2662 5434 2947 5504 πτερύγων
2996 5437 3231 5507 ἀνέμων’
3273 5458 3291 5489 ι
3329 5439 3422 5492 καὶ
3441 5439 3548 5492 ῦσα
3583 5438 3773 5497 τούτοις

2223 5523 2613 5593 παραπλησίως
2642 5527 2733 5578 ἐπὶ
2759 5527 2851 5580 τὸν
2871 5528 2964 5582 τοῦ
2993 5529 3128 5583 Θεοῦ
3152 5531 3322 5598 Λόγον
3344 5532 3690 5601 ἀναφέρεται.

2637 5791 2680 5824 ³⁷
2723 5787 2902 5848 Galat.
2966 5793 3129 5862 IV,‘9.
3209 5796 3253 5829 ³⁸
3294 5794 3497 5869 Ephcs.
3554 5811 3630 5863 ιι,
3691 5795 3764 5853 ιδ.
