3954 6522
156 425 299 483 “05

716 535 1109 590 ΚΕΦΛΛΑΙΟΝ
1152 537 1207 594 l'.

757 648 1006 717 Ψαλμοῦ
1052 649 1144 716 ιη’.

229 784 250 820 ι
284 768 403 821 Οὐκ
430 767 537 819 εἰσὶ
562 765 744 820 λαλιαδ⁹
767 765 889 819 οὐδὲ
922 766 1091 834 λόγοι,
1123 758 1195 819 ὧν
1220 767 1342 836 οὐχὶ
1370 766 1655 820 ἀκούονται
1690 766 1746 818 αἰ

156 861 335 931 φωναὶ
368 860 570 915 αὐτῶν.
598 859 693 921 Εἰς
723 860 903 912 πᾶσαν
925 858 1021 929 τὴν
1052 857 1155 928 γῆν
1191 858 1412 929 ἐξῆλθεν
1447 861 1475 912 6
1514 858 1746 928 φθόγγος

158 952 360 1017 αὐτῶν,
397 952 491 1006 καὶ
518 953 599 1014 εἰς
631 951 698 1005 τά
731 951 944 1020 πέρατα
971 950 1072 1019 τῆς
1093 951 1419 1022 οἰκουμένης
1449 950 1514 1003 τά
1533 952 1749 1022 ῥήματα

158 1044 361 1099 αὐτῶν.
412 1063 431 1094 ο
464 1042 743 1117 Ζητοῦμεν
774 1042 933 1095 τίνων
960 1044 1040 1106 εἰς
1066 1044 1243 1096 πᾶσαν
1267 1042 1363 1114 τὴν
1396 1044 1498 1112 γῆν
1529 1042 1747 1113 ἐξῆλθεν

154 1139 183 1189 ό
215 1135 477 1205 φθόγγος,
510 1133 604 1187 καὶ
635 1133 701 1186 τὰ
732 1134 953 1206 ῥήματα
989 1132 1093 1196 ἕως
1125 1132 1235 1185 τῶν
1269 1135 1519 1205 περάτων
1550 1134 1741 1205 τῆςιίί.

164 1228 256 1291 21,
276 1228 355 1298 v")
382 1226 727 1298 οἰκουμένης,
754 1226 828 1290 ὡς
856 1227 930 1298 μὴ
956 1227 1577 1297 καταλελεῖφθαιλόγους
1600 1228 1749 1299 παρά

154 1336 265 1371 τισι
292 1319 389 1371 καὶ
418 1318 609 1381 λαλιὰς
640 1318 771 1387 παρ’
800 1312 881 1382 οἷς
914 1320 1014 1371 οὐκ
1050 1318 1399 1389 ἠκούσθησαν
1422 1319 1514 1371 καὶ
1544 1320 1600 1371 αἱ
1629 1318 1748 1372 τού-

155 1427 263 1461 των
295 1408 492 1477 φωναί·
547 1407 659 1462 ἀλλ’
707 1409 806 1461 οὐκ
859 1408 924 1463 ἂν
965 1408 1075 1478 ἔχοι
1116 1427 1197 1471 τις
1230 1410 1448 1481 ἐτέρους
1486 1410 1747 1474 ἐπιδεῖξαι

156 1501 262 1554 τῶν
292 1502 458 1573 ἱερῶν
482 1501 813 1567 ἀποστόλων,
846 1502 925 1565 εἰς
947 1501 1044 1565 οὒς
1068 1502 1099 1572 ἡ
1128 1501 1430 1573 προφητεία
1460 1504 1635 1574 πεπλὴ
1646 1522 1750 1575 ρω-

157 1611 243 1647 ται
271 1593 562 1663 διαϐοήτου
593 1593 691 1664 τῆς
722 1592 849 1663 περὶ
884 1591 976 1644 τοῦ
1013 1591 1249 1661 Χριστοῦ
1279 1591 1624 1654 διδασκαλίας
1651 1592 1747 1645 αῦι

156 1687 265 1739 τῶν
304 1689 385 1750 εἰς
420 1686 599 1739 πᾶσαν
624 1685 721 1756 τὴν
751 1687 840 1737 ὑπ’
867 1685 1093 1756 οὐρανὸν
1112 1685 1428 1755 γενομένης,
1456 1686 1544 1738 ὅτε
1571 1688 1750 1739 ἐνεπι-

154 1782 215 1851 δη
226 1780 461 1851 μοῦντες
485 1779 563 1849 τῷ
587 1779 686 1849 βίῳ
711 1778 847 1850 μετὰ
868 1779 968 1848 τῆς
994 1773 1360 1850 συνεργούσης
1382 1779 1563 1843 αὐτοῖς
1589 1780 1747 1834 δυνά-

160 1890 309 1943 μεως
340 1872 492 1934 Θείας
526 1870 631 1925 άνά
658 1873 837 1924 πᾶσαν
866 1870 963 1941 τὴν
984 1872 1305 1942 οἰκουμένην
1337 1872 1638 1942 ἐκήρυσσον
1653 1871 1750 1943 τὴν

156 1966 235 2028 εἰς
266 1965 362 2017 τὸν
396 1963 628 2035 Χριστδν
673 1962 767 2017 τοῦ
807 1962 941 2016 θεοῦ
977 1964 1187 2016 πίστιν⁸
1236 1964 1363 2035 περὶ
1395 1956 1455 2015 οὗ
1491 1962 1627 2033 μετά
1652 1965 1750 2035 τὴν

157 2058 471 2129 πρόρρησιν
518 2058 611 2110 τοῦ
656 2058 764 2111 τῶν
819 2057 1129 2111 ἀποστόλων
1184 2057 1345 2109 αὐτοῦ
1399 2056 1751 2128 κηρύγματος

155 2149 286 2221 ἑξῆς
322 2154 352 2203 6
385 2150 542 2218 λόγος
573 2149 834 2212 διδάσκει,
861 2150 934 2213 ὡς
964 2150 1071 2221 ἄρα
1108 2169 1125 2200 ι
1162 2151 1219 2201 ὲν
1245 2148 1322 2218 τῷ
1348 2148 1481 2220 ἡλίῳ
1510 2149 1661 2203 ἔθετο
1692 2151 1752 2203 τὸ

160 2247 433 2313 σκήνωμα
467 2240 634 2294 αὐτοῦ
658 2258 669 2270 ·
712 2261 729 2293 ν
765 2241 917 2313 ἡλίου
942 2241 1230 2311 νοουμένου
1256 2240 1354 2310 τῆς
1376 2240 1649 2311 θεότητος,
1673 2242 1754 2306 εἰς

158 2336 223 2405 ην
252 2334 357 2405 τὴν
390 2333 583 2387 ἑαυτοῦ
622 2333 787 2405 μονὴν
829 2332 924 2386 καὶ
980 2332 1079 2402 τὴν
1126 2332 1287 2384 οἰονεὶ
1337 2333 1752 2401 κατασκήνωσιν

159 2421 336 2486 εθετο,
389 2422 553 2491 ἢκαὶ
599 2423 737 2493 ὅπερ
785 2424 848 2475 ὲκ
889 2421 991 2491 τῆς
1038 2420 1315 2493 Παρθένου
1366 2420 1522 2473 ἔλαϐε
1574 2420 1752 2491 σῶμα,

162 2516 303 2585 ὅπερ
330 2510 399 2583 ἦν
434 2515 675 2586 ὡσπερεὶ
707 2515 972 2584 σκήνωμα
1002 2513 1101 2583 τῆς
1147 2515 1205 2565 ὲν
1236 2512 1385 2584 αὐτῷ
1419 2513 1755 2582 καταμενού-

160 2623 264 2677 σης
289 2606 442 2670 θείας
465 2606 766 2677 δυνάμεως
801 2598 952 2667 οὗτος
977 2605 1032 2657 δὲ
1064 2606 1156 2657 καὶ
1185 2604 1401 2675 (ὥσπερ
1415 2604 1647 2675 νυμφίος
1670 2607 1757 2658 ὲκ-

158 2700 529 2772 ποριυόμενος
552 2701 615 2752 ὲκ
638 2698 842 2752 παστοῦ
879 2698 1066 2759 αὑτοῦ,
1105 2697 1466 2768 ἠγαλλιάσατο
1488 2697 1561 2761 ὡς
1594 2697 1753 2765 γίγας

156 2795 394 2865 δραμεῖν
417 2795 556 2849 ὀδόν·
584 2788 697 2848 »οἷα
711 2795 819 2866 γάρ
842 2811 922 2857 τις
950 2794 1183 2865 νυμφίος
1203 2794 1290 2846 διὰ
1314 2794 1411 2865 τὴν
1438 2794 1601 2847 αὑτοῦ
1618 2793 1752 2863 νύμ-

162 2905 273 2959 φην
306 2887 410 2957 τὴν
448 2887 775 2957 Ἐκκλησίαν
804 2885 991 2939 ἐκτῶν
1016 2886 1297 2958 πατρικῶν
1312 2886 1603 2949 διαναστὰς
1633 2886 1754 2939 κόλ-

160 2997 303 3045 πων,
341 2980 437 3035 καὶ
475 2982 635 3035 ὁποῖά
680 2997 764 3044 τις
808 2979 969 3049 γίγας
1002 2978 1242 3049 ἀνδρεῖος
1280 2978 1393 3031 καί
1421 2976 1635 3048 ἰσχυρὸς
1661 2975 1752 3029 τὸν

162 3075 355 3144 ἀγῶνα
377 3074 471 3129 τὸν
501 3073 857 3147 προκείμενον
896 3071 1045 3143 αὐτῷ
1090 3071 1379 3144 διαθλήσας
1398 3112 1411 3136 ,
1441 3073 1667 3143 νικήσας
1692 3088 1752 3124 τε

162 3168 261 3222 καὶ
284 3167 803 3239 καταγωνισάμενος
843 3166 968 3229 τοὺς
1001 3165 1327 3228 ἀντιπάλους
1346 3205 1361 3229 ,
1387 3164 1753 3235 ἠγαλλιάσατο

1186 426 1501 485 ECLOGA}
1543 425 2029 483 PROPHETICE.
2072 426 2307 482 —.LIB.
2344 424 2426 493 Il.[

1776 559 1825 614 Α

3286 417 3422 474 1106

2489 533 2718 592 CAPUT
2758 533 2799 587 Χ

2266 652 2314 706 Ε
2347 653 2553 721 psalmo
2591 663 2772 706 octavo
2805 649 3023 704 decimo.

1926 788 1944 819 ε
1985 769 2098 822 Non
2125 777 2248 823 sunt
2272 768 2535 837 loquelae,
2588 780 2764 835 neque
2812 778 3090 819 sermones
3118 801 3131 823 ,
3191 775 3423 831 quorum

1850 878 1957 917 non
2021 861 2314 915 audiantur
2362 876 2522 915 voces
2571 874 2778 915 eorum.
2836 859 2895 911 ln
2957 868 3173 910 onmem
3225 860 3424 907 terram

1849 954 2015 1010 exivit
2047 970 2218 1009 sonus
2266 968 2477 1012 eorum.
2504 959 2559 1008 et
2610 952 2663 1005 in
2696 951 2829 1005 fines
2870 948 3021 1004 orbis
3050 956 3206 1003 terra:
3260 944 3423 999 verba

1849 1062 2036 1102 eorum
2073 1045 2137 1097 δ’.
2178 1065 2195 1098 ι
2227 1043 2532 1110 Quaerimus
2572 1058 2803 1114 quorum
2854 1042 2909 1096 in
2952 1054 3167 1094 omnem
3223 1046 3424 1093 terram

1850 1139 2015 1194 exivit
2042 1154 2232 1201 sonus,
2260 1138 2535 1206 verbaque
2572 1136 2627 1189 in
2660 1135 2793 1190 ﬁnes
2839 1133 2989 1188 orbis
3015 1141 3173 1187 terra:
3198 1171 3212 1195 ,
3246 1145 3313 1185 ne
3343 1144 3424 1184 re-

1852 1230 2168 1300 linquantur
2198 1227 2528 1300 quibusdam
2584 1228 2810 1297 loquelae
2842 1234 2896 1281 et
2937 1239 3218 1281 sermones
3246 1263 3261 1288 ,
3306 1221 3399 1291 qui

1852 1325 1953 1379 bus
2002 1340 2111 1378 non
2152 1322 2351 1377 audita:
2407 1322 2517 1376 sint
2566 1322 2796 1377 istorum
2840 1334 3022 1374 voces.
3070 1317 3252 1387 Neque
3287 1316 3426 1369 ullos

1853 1415 1986 1470 alios
2019 1415 2325 1469 invenimus
2376 1429 2439 1467 ac
2474 1421 2694 1468 sanctos
2739 1412 3048 1481 apostolos,
3091 1408 3290 1480 quibus
3328 1407 3426 1461 im-

1852 1506 2029 1577 pletur
2084 1504 2368 1575 prophetia
2403 1544 2417 1569 ,
2486 1503 2835 1572 pervulgata
2863 1501 2918 1553 in
2965 1515 3181 1554 onmem
3223 1506 3428 1552 terram

1851 1614 2038 1653 eorum
2075 1597 2141 1652 de
2177 1597 2400 1652 Christo
2427 1596 2711 1655 doctrina.
2757 1610 2881 1648 cum
2913 1594 3061 1647 omni
3090 1593 3201 1646 vita
3252 1606 3409 1660 perer

1853 1699 2057 1757 rantes,
2084 1690 2375 1760 adjuvante
2403 1704 2496 1744 eos
2552 1697 2817 1758 potestate
2858 1686 3064 1747 divina,
3096 1699 3193 1754 per
3216 1683 3430 1736 univer-

1853 1800 1973 1839 sum
1997 1785 2183 1839 orbem
2216 1792 2484 1839 terrarum
2513 1781 2670 1836 ﬁdem
2705 1782 2759 1834 in
2796 1779 3075 1833 Christum
3116 1774 3210 1831 Dei
3241 1772 3433 1844 prazdi-

1853 1885 2135 1932 caverunt.
2189 1876 2262 1931 Dc
2298 1892 2406 1945 quo
2460 1883 2580 1944 post
2634 1872 3011 1944 praevisionem
3063 1868 3433 1939 apostolorum

1855 1970 1974 2039 ejus
2008 1968 2428 2037 prmdicationis.
2459 1965 2722 2020 continuo
2758 1962 3041 2032 Scriptura
3089 1960 3269 2021 docet,
3290 1956 3434 2027 quod

1859 2080 1877 2113 ι
1919 2062 1974 2115 in
2006 2062 2120 2116 sole
2158 2060 2341 2131 posuit
2380 2058 2793 2113 tabernaculum
2828 2069 2985 2111 suum
3014 2052 3098 2120 ⁸³;
3138 2072 3157 2103 ι
3191 2051 3273 2105 sol
3321 2048 3435 2103 dei-

1851 2162 2016 2210 tatem
2049 2154 2249 2216 innuit,
2276 2153 2331 2207 in
2358 2167 2464 2221 qua
2496 2150 2677 2206 sedem
2710 2163 2871 2204 suam
2910 2154 2962 2201 et
2988 2145 3146 2217 quasi
3183 2145 3435 2198 taberna-

1852 2246 2037 2301 culum
2072 2245 2273 2315 posuit,
2305 2245 2390 2299 vel
2418 2243 2564 2314 quod
2594 2258 2656 2298 ex
2692 2241 2916 2311 Virgine
2942 2238 3175 2306 sumpsit
3214 2251 3434 2305 corpus,

1853 2339 1996 2409 quod
2033 2339 2190 2409 quasi
2223 2337 2635 2392 tabernaculum
2667 2342 2785 2391 erat
2830 2334 3029 2389 divinae
3063 2331 3349 2402 potestatis
3382 2328 3435 2383 in

1854 2445 1918 2485 eo
1955 2433 2345 2500 permanentis.
2394 2427 2494 2483 Hic
2526 2435 2579 2481 et
2617 2446 2635 2478 ι
2675 2436 2930 2496 tanquam
2960 2438 3198 2494 sponsus
3247 2410 3430 2491 proce-

1853 2522 1990 2577 dens
2018 2523 2085 2577 de
2117 2523 2357 2575 thalamo
2406 2536 2542 2587 suo;
2581 2520 2874 2575 exsultavit
2920 2529 2979 2572 ut
3014 2518 3165 2587 gigas
3211 2514 3277 2568 ad
3311 2527 3439 2568 cur-

1854 2616 2080 2670 rendam
2107 2615 2247 2669 viam
2280 2614 2344 2668 “.
2384 2633 2402 2666 ι
2443 2613 2514 2669 Ut
2561 2612 2707 2667 enim
2762 2624 3000 2682 sponsus
3054 2608 3125 2663 ob
3176 2619 3436 2677 sponsam

1856 2709 2027 2779 ipsius
2060 2707 2356 2762 Ecclesiam
2389 2722 2419 2760 c
2446 2706 2625 2775 patrio
2648 2718 2951 2773 exsurgens
2987 2702 3108 2755 sinu
3134 2740 3149 2761 ,
3195 2709 3248 2754 et
3279 2696 3437 2767 quasi

1854 2801 2030 2856 virilis
2066 2802 2436 2870 robustusque
2469 2799 2621 2869 gigas
2662 2804 2940 2852 certamen
2968 2794 3070 2850 sibi
3100 2792 3438 2862 propositum

1854 2895 2126 2957 certavit,
2161 2896 2477 2964 victorque,
2531 2901 2584 2947 et
2618 2890 2909 2962 prostratis
2944 2887 3304 2947 adversariis,
3344 2902 3441 2940 ex-

1853 2986 2079 3043 sultavit
2122 2987 2225 3039 tori
2262 2985 2466 3041 sociam
2514 2998 2879 3056 sponsamque
2925 2980 3223 3050 excipiens.
3276 2975 3441 3030 Facra

1854 3088 1938 3135 est
1966 3087 2147 3136 autem
2180 3098 2198 3131 ι
2250 3095 2279 3133 a
2312 3096 2529 3135 summo
2558 3081 2700 3137 coelo
2740 3078 2985 3150 egressio
3026 3076 3148 3144 ejus
3190 3073 3273 3133 “z
3333 3089 3351 3121 ι
3388 3078 3443 3125 et

1854 3188 2091 3228 rursus:
2128 3191 2146 3224 ι
2209 3171 2293 3226 Et-
2318 3187 2585 3228 occursus
2638 3172 2759 3242 ejus
2812 3184 2986 3240 usque
3039 3166 3104 3222 ad
3168 3176 3441 3220 summum

160 3258 264 3329 τὴν
289 3256 459 3310 αὐτοῦ
500 3256 732 3325 σύζυγόν
770 3274 829 3309 τε
865 3256 959 3310 καὶ
990 3255 1208 3326 νύμφην
1244 3255 1551 3311 ἀπολαϐών·
1591 3259 1749 3328 γεγέ-

1861 3265 1971 3335 ejus
2000 3265 2046 3297 ‘°
2071 3283 2086 3332 ;
2129 3285 2147 3318 ι
2179 3273 2233 3321 et
2271 3285 2283 3320 :
2321 3285 2338 3317 ι
2367 3266 2536 3321 Nemo
2560 3266 2703 3320 alius
2735 3262 2979 3318 ascendit
3009 3261 3062 3314 in
3092 3258 3312 3319 coelum,
3334 3253 3441 3308 nisi

162 3370 326 3423 νηται
345 3353 404 3405 δὲ
424 3351 590 3406 αὐτοῦ
618 3353 711 3405 καὶ
740 3370 758 3403 ι
779 3354 813 3424 ὴ
836 3350 1010 3419 ἔξοδος
1032 3354 1126 3406 ἀπ’
1142 3353 1309 3423 ἄκρου
1337 3350 1431 3404 τοῦ
1455 3351 1707 3425 οὐρανοῦ
1722 3372 1741 3405 ι

162 3447 259 3499 καὶ
272 3447 459 3500 πάλινο
496 3445 602 3499 (Τὸ
625 3445 947 3516 κατάντημα
974 3444 1138 3499 αὐτοῦ
1170 3445 1274 3508 ἓως
1299 3444 1469 3516 ἄκρου
1499 3446 1663 3500 αὐτοῦ
1682 3464 1697 3479 ’
1725 3466 1743 3499 ι

162 3538 286 3611 ἐπεὶ
326 3557 345 3589 ι
383 3537 459 3607 μὴ
490 3537 535 3589 δ’
567 3530 647 3600 εἷς
668 3536 823 3600 ἄλλος
848 3537 1184 3607 ἀναϐέϐηκεν
1210 3539 1289 3601 είς
1320 3537 1410 3591 τὸν
1432 3538 1681 3609 οὐρανὸν,
1702 3541 1749 3594 εἰ

165 3630 242 3701 μὴ
274 3631 303 3682 6
325 3632 389 3682 ὲκ
418 3628 511 3684 τοῦ
534 3629 592 3682 ού
603 3629 763 3700 ρανοῦ
797 3629 1059 3694 καταϐὰς,
1077 3631 1105 3683 6
1135 3629 1264 3692 Υἰδς
1285 3628 1377 3682 τοῦ
1402 3630 1710 3702 ἀνθρώπου·
1728 3652 1745 3684 ι

163 3722 259 3776 καὶ
279 3722 467 3775 πάλιν·
492 3741 510 3772 ι
532 3722 591 3775 Ὀ
612 3722 877 3786 καταϐάς,
891 3721 1052 3784 αὐτός
1074 3723 1189 3775 ἐστι
1207 3722 1297 3775 καὶ
1316 3722 1344 3775 6
1366 3722 1571 3787 ἀναϐὰς
1588 3724 1755 3797 ὑπερ⁶

164 3816 278 3869 άνω
313 3814 533 3867 πάντων
550 3814 659 3867 τῶν
706 3814 1007 3885 οὐρανῶν,ι
1031 3813 1171 3867 κατὰ
1200 3814 1290 3867 τὸν
1313 3814 1455 3885 ἱερὸν
1499 3815 1753 3870 ’Λπόστο-

161 3908 273 3960 λον⁹
315 3906 454 3959 ἀλλὰ
481 3925 498 3957 ι
522 3906 631 3959 Καὶ
652 3907 751 3959 οὐκ
783 3906 927 3959 ἐστιν
948 3906 1006 3969 ὃς
1040 3905 1482 3977 ἀποκρυϐήσεται
1511 3907 1608 3976 τὴν
1631 3907 1754 3979 θέρ-

168 4014 277 4068 μην
315 3995 505 4050 αὐτοῦ·
534 4016 552 4047 ι
597 3997 725 4067 περὶ
749 3992 817 4069 ἦς
851 3996 945 4049 καὶ
975 3996 1137 4059 αὐτὸς
1164 3992 1315 4048 εἶπεν
1348 3996 1428 4061 τὸ,
1477 4016 1493 4046 ι
1518 3997 1637 4069 Πῦρ
1659 3995 1755 4067 ἦλ-

1854 3357 1950 3428 qui
1980 3357 2265 3413 descendit
2315 3359 2382 3412 de
2403 3359 2576 3422 cmlo,
2611 3355 2780 3410 Filius
2820 3351 3059 3407 hominis
3090 3350 3166 3416 ‘7;
3206 3367 3224 3400 ο
3279 3352 3442 3414 atque

1857 3450 2096 3505 iterum:
2140 3469 2158 3501 ι
2208 3448 2311 3515 Qui
2348 3447 2633 3504 descendit
2658 3488 2672 3510 .
2722 3448 2836 3516 ipse
2871 3452 2953 3499 est
2982 3452 3036 3497 ct
3059 3442 3149 3512 qui
3191 3434 3442 3494 ascendit

1858 3556 2024 3610 super
2049 3555 2238 3596 omnes
2258 3540 2452 3605 cmlos,
2482 3548 2541 3594 ut
2569 3540 2815 3609 impleret
2854 3535 3060 3595 omnia,
3095 3553 3113 3586 ι
3140 3528 3439 3588 secundum

1859 3642 2111 3688 sanctum
2159 3631 2482 3703 Apostolum
2515 3633 2580 3685 ⁸⁸.
2620 3628 2725 3685 Sed
2759 3639 2812 3686 et
2868 3648 2886 3681 ι
2936 3626 3057 3680 Νοη
3105 3633 3190 3679 est
3238 3622 3331 3693 qui
3381 3635 3441 3676 se

1858 3723 2162 3781 abscondat
2192 3741 2223 3779 a
2259 3726 2441 3781 calore
2480 3725 2601 3794 ejus
2629 3724 2705 3791 ⁸⁹;
2745 3743 2762 3775 ι
2799 3723 2866 3777 de
2888 3736 2997 3792 quo
3032 3727 3086 3773 et
3119 3719 3236 3788 ipse
3263 3713 3401 3769 dixit
3432 3728 3439 3737 ·

1861 3836 1879 3869 ι
1920 3818 2100 3889 Ignem
2130 3820 2251 3874 veni
2287 3820 2502 3875 mittere
2536 3820 2590 3873 in
2629 3828 2849 3880 terram,
2885 3824 2939 3870 et
2973 3813 3103 3884 quid
3146 3810 3288 3875 voio,
3332 3807 3437 3866 nisi

1858 3920 1915 3964 ut
1948 3913 2281 3967 accendatur
2309 3913 2402 3965 ὀἳ
2430 3934 2448 3966 ι
2488 3911 2671 3968 Facile
2701 3909 2875 3965 cuivis
2907 3909 3008 3964 erit
3037 3904 3242 3974 reliqua
3278 3899 3441 3970 hujus

1858 4006 2052 4075 psalmi
2079 4007 2144 4061 ad
2176 4007 2455 4062 Christum
2487 4004 2739 4061 similiter
2769 4000 2994 4055 referre.

164 4092 258 4145 θον
290 4090 477 4161 βαλεῖν
500 4092 591 4145 ἐπὶ
620 4093 718 4163 τὴν
746 4093 869 4162 γῆν,
892 4092 985 4145 καὶ
1011 4093 1063 4145 τί
1118 4092 1259 4145 θέλω
1288 4094 1335 4145 εἰ
1362 4093 1462 4163 ἤδη
1498 4094 1746 4168 ἀνήφθη;
1796 4117 1812 4151 i
1856 4102 2113 4177 Εὑχερῶς
2151 4105 2194 4159 δ’
2221 4106 2286 4160 ἄν
2307 4122 2389 4169 τις
2406 4102 2580 4174 ἑαυτῷ
2610 4100 2818 4163 τούτοις
2850 4090 3126 4163 ἀναλόγως
3154 4089 3443 4163 ἐξεργάσεο

164 4204 255 4243 ται
291 4186 363 4240 τὰ
394 4186 536 4241 κατὰ
567 4188 659 4239 τὸν
674 4188 857 4243 τόπον.

702 4298 1100 4355 ΚΕΦΑΛΑΙΟΝ
1119 4300 1218 4351 lA'.

775 4412 1027 4483 Ψαλμοῦ
1061 4414 1150 4468 ιϐ’.

232 4526 313 4579 Τὸ
341 4527 399 4579 ὲν
428 4526 505 4597 τῷ
534 4526 994 4580 ὲννεακαιδεκάτω
1026 4525 1225 4598 ψαλμῷ
1254 4527 1565 4599 λεγόμενον,
1600 4548 1618 4581 ι
1642 4529 1755 4585 Νῦν

2477 4300 2702 4358 CAPUT
2743 4297 2834 4354 XI.

2285 4417 2334 4472 E
2371 4418 2575 4488 psalmo
2620 4415 2820 4469 decimo
2861 4428 3018 4466 nono.

1933 4510 2064 4577 Quae
2092 4510 2145 4565 in
2177 4510 2390 4565 decimo
2431 4522 2578 4563 nono
2629 4506 2841 4577 psalmo
2878 4503 3175 4558 dicuntur:
3216 4520 3233 4553 ι
3286 4499 3443 4556 Nunc

163 4621 342 4689 ἔγνων
365 4621 447 4672 ὅτι
476 4593 652 4672 ⁷ἔσωσε
675 4619 878 4691 Κύριος
908 4620 999 4672 τὸν
1289 4593 1476 4684 αῦτοῦ,
1497 4641 1515 4673 ι
1555 4622 1751 4693 ἐμφαί-

1862 4604 2089 4674 cognovi
2124 4602 2379 4674 quoniam
2426 4601 2633 4656 salvum
2689 4599 2818 4655 fecit
2858 4595 3121 4652 Dominus
3164 4593 3442 4649 Christum

162 4718 394 4774 νει“πω;
419 4712 510 4764 τοῦ
535 4712 784 4782 Σωτῆρος
807 4710 961 4782 ἡμῶν
999 4710 1173 4783 Ἰησοῦ
1191 4712 1428 4783 Χριστοῦ
1451 4713 1548 4785 τὴν
1574 4715 1638 4766 ἐκ
1660 4713 1755 4767 τοῦ

165 4805 407 4859 θανάτου
440 4805 730 4875 σωτηρίαν·
766 4804 912 4875 αὐτῷ
941 4804 1049 4876 γὰρ
1066 4803 1277 4876 εἴρηται
1303 4806 1495 4869 καὶτὸ,
1525 4825 1541 4855 ι
1568 4806 1758 4874 Ἀγαλ-

162 4896 486 4968 λιασώμεθα
516 4898 572 4950 ἐν
603 4896 679 4968 τῷ
712 4896 963 4969 σωτηρίῳ
997 4914 1110 4949 σουο
1146 4918 1163 4950 ι
1197 4898 1287 4950 καὶ
1309 4897 1403 4951 ὅλα
1434 4897 1491 4950 δὲ
1522 4898 1587 4952 τὰ
1622 4899 1758 4951 κατὰ

161 4990 255 5043 τὸν
290 4989 456 5041 τόπον
485 4987 853 5060 ἐφαρμοσθείη
881 4988 946 5041 ἂν
972 4986 1119 5059 αύτῷ
1143 4989 1241 5058 τῆς
1267 4988 1645 5061 προσηκούσης
1668 5006 1759 5041 τυ-

164 5080 336 5153 χόντα
372 5079 540 5150 ὲξηγή
550 5096 705 5142 σεως.

710 5191 1101 5243 ΚΕΦΔΛΑΙΟΝ
1127 5190 1226 5244 IB'.

788 5304 1037 5373 Ψαλμοῦ
1065 5305 1137 5357 κ’.

235 5400 315 5454 Τὸ
350 5399 477 5468 μέν·
513 5417 531 5450 ι
556 5396 751 5468 Κύριε,
776 5399 832 5449 ὲν
853 5399 918 5467 τῇ
945 5398 1173 5467 δυνάμει
1206 5413 1298 5448 σου
1322 5394 1756 5466 εὐφρανθήσεται

168 5493 195 5544 ὁ
232 5490 511 5562 βασιλεὺς,
539 5508 558 5539 ι
586 5488 768 5541 καὶτὰ
795 5487 940 5557 ἑξῆς,
976 5487 1118 5540 εἴποι
1148 5487 1212 5541 ἄν
1234 5503 1319 5549 τις
1351 5486 1443 5538 ἐπὶ
1471 5485 1562 5537 τὸν
1594 5484 1758 5537 Δαυῖδ

170 5582 837 5655 ἀναφέρεσθαιδύνασθαι·
865 5581 925 5633 τό
952 5597 1014 5648 γε
1046 5580 1165 5649 μὲν,
1189 5596 1208 5629 ι
1234 5578 1387 5649 Ζωὴν
1408 5575 1646 5647 ᾑτήσατό
1676 5590 1755 5638 σε,

166 5678 262 5731 καὶ
301 5676 511 5739 ἔδωκας
541 5674 691 5746 αὐτῷ
741 5673 1055 5745 μακρότητα
1089 5669 1308 5743 ἡμερῶν
1334 5672 1413 5732 εἰς
1442 5668 1613 5723 αἰῶνα
1661 5667 1758 5719 καὶ

245 5854 292 5883 δ’
333 5850 479 5905 Psal.
510 5866 679 5905 xvm.
739 5852 804 5908 ιι.
842 5848 895 5902 5.

175 5925 215 5955 δ’
258 5922 405 5977 Psal.
444 5936 611 5979 xvm.
649 5921 697 5974 ’1.
773 5920 822 5951 ⁸ο
863 5918 989 5973 [ιη’.
1026 5934 1135 5983 λιι,
1170 5916 1258 5971 49.
1338 5918 1384 5948 ⁵⁸
1422 5915 1565 5973 Psai.
1604 5932 1727 5981 nx,
1777 5916 1827 5971 7.

974 5848 1019 5913 δέ
1056 5847 1188 5902 ibid.
1222 5847 1276 5900 6.
1354 5846 1398 5877 “
1440 5846 1570 5901 ibid.
1646 5846 1691 5877 "
1729 5845 1860 5903 ibjd.
1917 5844 1966 5896 7.

1864 4705 2021 4745 suum
2057 4691 2125 4754 ⁸⁸,
2163 4710 2181 4742 ι
2219 4690 2513 4745 ostendunt
2553 4688 2827 4760 quomodo
2864 4686 3115 4740 Salvator
3144 4691 3330 4739 noster
3354 4682 3445 4740 Je-

1865 4797 1960 4836 sus
2023 4781 2274 4837 Christus
2337 4797 2366 4836 a
2430 4790 2607 4837 morte
2659 4781 2732 4837 sit
2788 4790 3059 4836 servatus.
3112 4775 3249 4833 iiuic
3299 4778 3442 4834 enim

1867 4873 2128 4928 dicuntur
2157 4883 2211 4930 et
2246 4876 2372 4930 illa:
2415 4893 2433 4926 ι
2472 4874 2803 4931 ιωιαῦἰηιιιτ
2833 4876 2888 4930 in
2922 4875 3148 4931 salutari
3178 4882 3273 4928 tuo
3298 4872 3377 4937 ⁸¹;
3420 4890 3438 4922 ι

1869 4970 2159 5038 exterique
2180 4969 2343 5037 hujus
2376 4969 2570 5039 psalmi
2597 4968 2852 5024 versiculi
2889 4983 3013 5022 cum
3042 4967 3144 5021 hac
3176 4966 3445 5032 interpre-

1864 5063 2069 5118 tatione
2099 5064 2300 5133 Optime
2337 5070 2669 5134 congruunt.

2464 5172 2694 5229 CAPUT
2729 5172 2839 5227 XII.

2366 5288 2409 5342 Ε
2436 5289 2642 5357 psalmo
2681 5287 2945 5341 vicesimo.

1937 5383 2071 5437 Illud
2098 5380 2315 5452 quidem
2345 5400 2357 5434 :
2396 5399 2414 5431 ι
2451 5378 2699 5440 Domine,
2738 5378 2791 5431 in
2820 5377 3023 5429 virtute
3056 5380 3150 5426 tua
3176 5368 3446 5425 laetabitur

1867 5493 1961 5532 rex
1993 5476 2062 5542 ",
2102 5495 2120 5527 ι
2154 5483 2209 5529 et
2229 5480 2458 5537 caetera,
2509 5477 2758 5542 spectare
2788 5468 2856 5523 ad
2893 5465 3147 5521 Davidem
3172 5467 3443 5534 possunt;

1870 5571 1983 5624 haec
2015 5584 2184 5625 vero:
2232 5585 2250 5617 ι
2292 5563 2467 5619 Vitam
2498 5563 2652 5634 petiit
2684 5577 2714 5615 a
2758 5569 2833 5624 te,
2870 5568 2925 5613 et
2959 5556 3197 5613 tribuisti
3230 5553 3277 5610 ei
3328 5553 3447 5606 lon-

1865 5661 2163 5733 gitudinem
2192 5659 2401 5713 dierum
2430 5658 2483 5711 in
2513 5654 2794 5717 saeculum,
2820 5659 2872 5708 et
2924 5651 2979 5705 in
3031 5647 3291 5705 saeculum
3341 5658 3445 5700 sm-

2044 5842 2089 5873 “
2130 5840 2260 5894 ilid.
2339 5837 2381 5869 ⁸⁷
2420 5833 2577 5891 Joan.
2616 5849 2713 5897 ιιι,
2754 5831 2836 5887 l3.
2912 5829 2957 5863 “
2994 5828 3193 5901 Ephes.
3230 5842 3301 5892 tv,
3354 5824 3442 5881 10.

1904 5916 1947 5946 ιι
1987 5913 2117 5973 ibid.
2153 5914 2204 5965 o.
2282 5910 2326 5941 σε
2362 5907 2505 5963 Psal.
2543 5924 2639 5973 xx,
2674 5904 2731 5959 2.
