3954 6518
155 390 310 447 1109

1222 389 1518 448 ECLOGIE
1558 387 2042 446 PROPHE'FIGE.
2083 416 2152 428 -ο
2188 384 2320 442 LIB.
2360 382 2427 441 11.

3319 376 3460 433 1110

151 507 328 561 λιστα
363 508 488 562 ἀπὸ
515 507 609 562 τοῦ
626 547 640 571 ,
676 527 694 559 ι
716 507 1133 586 Μνησθήσονται
1157 510 1250 564 καὶ
1275 511 1764 582 ἐπιστραφήσονται

1873 507 2025 562 mino
2090 504 2370 578 generatio
2451 507 2726 558 ventura:
2761 508 2817 557 et
2863 497 3271 554 annuntiabunt
3323 493 3451 548 coeli

152 600 302 672 πρὸς
331 601 555 673 Κύριον
579 601 755 654 πάντα
781 601 848 654 τὰ
883 602 1094 674 πέρατα
1128 603 1225 673 τῆς
1252 603 1379 672 γῆς·
1412 603 1505 656 καὶ
1539 619 1776 675 προσκυ-

150 694 443 767 νήσουσιν
463 696 690 751 ἐνώπιον
717 698 879 751 αὐτοῦ
904 700 1072 752 πᾶσαι
1095 699 1151 751 αἱ
1178 699 1404 769 πατριαὶ
1422 697 1529 751 τῶν
1549 699 1737 763 ἐθνῶν,
1751 719 1768 752 ›

153 789 339 860 μέχρι
369 791 496 854 τοῦ,
540 810 558 842 ι
582 791 1036 861 ’Λναγγελήσεται
1059 790 1136 861 τῷ
1166 792 1356 863 Κυρίῳ
1376 792 1537 861 γενεὰ
1565 794 1597 862 ἡ
1623 793 1778 864 ἐρχο-

155 880 303 953 μένη
323 923 345 949 ,
371 884 480 937 καὶ
499 884 857 953 ἀναγγελοῦσι
885 885 981 955 τὴν
1004 883 1348 956 δικαιοσύνην
1373 885 1536 939 αὐτοῦ
1560 884 1674 956 λαῷ
1697 886 1776 958 τῷ

151 972 599 1045 τεχθησομένῳ,
630 975 687 1028 ὃν
721 974 973 1045 ἐποίησεν
1005 977 1032 1027 ὁ
1063 975 1286 1048 Κύριος.
1312 997 1328 1027 ι
1351 977 1775 1048 Παριστάτωσαν

151 1064 271 1136 γὰρ
309 1064 428 1137 τὴν
463 1066 584 1120 τότε
619 1066 715 1137 μὲν
753 1065 828 1138 μὴ
865 1067 1212 1138 ὑπάρχουσάν
1249 1087 1333 1121 πω
1365 1069 1558 1137 γενεὰν
1580 1109 1594 1133 ,
1625 1068 1774 1140 ⁴ἦξειν

149 1154 212 1208 δὲ
236 1157 331 1218 εἰς
366 1155 639 1227 μέλλοντα
669 1158 860 1228 χρόνον
886 1159 1397 1230 προφητευομένηνο
1425 1159 1518 1213 καὶ
1540 1159 1630 1213 τὸν
1655 1160 1778 1231 πρό-

149 1265 321 1319 τερον
368 1250 479 1319 μὲν
513 1250 736 1322 μηδέπω
769 1250 897 1303 ὄντα
927 1249 1075 1314 λαὸν,
1106 1251 1462 1322 τεχθήσεσθαι
1495 1252 1551 1305 δὲ
1580 1253 1636 1306 ὲν
1662 1255 1775 1316 τοῖς

155 1342 483 1412 μετέπειτα
517 1343 730 1413 χρόνοις
755 1341 1135 1415 προορώμενον
1154 1359 1168 1375 ο
1207 1343 1513 1412 λεγέτωσάν
1539 1362 1597 1398 τε
1625 1345 1677 1398 τί
1708 1345 1774 1398 ἂν

150 1433 383 1485 εἴποιεν
403 1435 536 1505 περὶ
551 1434 648 1504 τῆς
666 1433 756 1486 διὰ
802 1435 858 1504 1η
868 1432 958 1486 σοῦ
977 1431 1211 1505 Χριστοῦ
1234 1433 1328 1487 τοῦ
1346 1435 1594 1506 Σωτῆρος
1617 1434 1773 1506 ἡμῶν

154 1524 464 1595 συστάσης
488 1526 553 1578 ὲκ
577 1527 795 1579 πάντων
814 1524 920 1577 τῶν
945 1525 1113 1578 ἐθνῶν
1148 1525 1473 1596 Ἐκκλησίας
1489 1544 1500 1556 ·
1531 1521 1637 1598 ἆρα
1665 1527 1773 1597 γὰρ

152 1618 252 1672 ἐπὶ
288 1622 421 1684 τοῖς
463 1620 738 1682 τοσούτοις
772 1617 1001 1688 πλήθεσι
1032 1618 1140 1672 τῶν
1173 1619 1259 1672 διὰ
1291 1618 1381 1673 τοῦ
1416 1610 1652 1690 Χριστοῦ
1683 1620 1772 1674 τὸν

153 1713 266 1767 τῶν
293 1713 452 1766 ὅλων
481 1712 612 1765 Θεὸν
640 1710 1030 1776 ὲπεγνωκότων
1058 1709 1121 1779 (f.
1152 1711 1223 1765 2’2
1246 1728 1274 1765 v
1291 1711 1334 1782 °)
1363 1711 1462 1765 οὐκ
1489 1711 1556 1766 ἂν
1580 1711 1772 1782 ὁμολο-

153 1804 409 1873 γήσαιεν
444 1801 834 1874 πεπληρῶσθαι
869 1802 962 1868 τὸ,
1019 1822 1034 1853 ι
1058 1802 1475 1874 Μνησθήσονται
1518 1804 1610 1856 καὶ
1650 1805 1773 1857 ὲπι-

1875 598 2148 671 justitiam
2178 597 2300 667 ejus
2331 595 2530 668 populo
2561 595 2657 666 qui
2686 601 2968 658 nascetur,
3001 604 3163 661 quem
3191 587 3317 643 fecit
3349 584 3457 640 Do-

1878 693 2060 746 minus
2081 691 2147 744 ⁸⁷.
2181 709 2200 742 ι
2255 688 2563 746 Ostendant
2617 687 2764 744 enim
2835 685 3279 756 generationem,
3335 693 3458 750 qua:

1879 785 2122 841 nondum
2175 783 2485 846 exstiterat,
2542 781 2702 852 quasi
2769 786 3054 834 venturam
3107 779 3162 830 in
3214 774 3499 846 futurum_

1879 879 2266 950 prophetizari,
2285 885 2630 947 veteremque
2653 874 2744 946 qui
2771 873 3010 928 nondum
3034 877 3152 926 erat
3172 866 3454 940 populum,

1878 974 2222 1028 nasciturum
2251 971 2305 1025 in
2337 969 2741 1041 posterioribus
2763 968 2894 1022 aevis
2931 961 3238 1036 prmvideri.
3265 959 3458 1013 Dicant

1877 1065 2006 1136 quid
2027 1063 2222 1120 afferre
2247 1065 2463 1134 possint
2488 1062 2556 1117 de
2585 1060 2830 1115 Ecclesia
2851 1073 2948 1129 per
2968 1057 3152 1113 Jesum
3177 1053 3457 1109 Christum

1880 1155 2220 1210 Salvatorem
2271 1161 2522 1209 nostrum
2565 1152 2824 1208 omnibus
2887 1149 3145 1220 gentibus
3199 1143 3453 1199 conﬂata.

1877 1244 2131 1301 Profecto
2165 1245 2309 1300 enim
2336 1246 2573 1298 intanta
2613 1258 2803 1298 eorum
2829 1240 3182 1296 multitudine
3211 1238 3326 1307 qui,
3361 1249 3456 1305 per

1875 1335 2176 1399 Christum,
2215 1341 2496 1388 auctorem
2549 1334 2794 1388 onmium
2846 1331 3015 1387 Deum
3060 1335 3450 1401 cognoverunt,

1876 1444 1986 1483 non
2038 1435 2265 1500 possent
2302 1443 2411 1482 non
2462 1426 2710 1481 confiteri
2755 1425 2888 1479 illud
2940 1424 3219 1494 impletum
3266 1421 3454 1485 fuisse,

1877 1519 2105 1583 scilicet,
2149 1536 2166 1569 ι
2192 1514 2642 1572 Reminiscentur
2670 1523 2725 1569 et
2758 1519 3152 1568 convertentur
3181 1509 3247 1562 ad
3271 1506 3459 1560 Domi—

1875 1627 2007 1666 num
2048 1626 2240 1666 omnes
2275 1609 2411 1664 fines
2436 1617 2632 1673 terrae;
2675 1625 2693 1658 ι
2755 1621 2858 1660 nec
2908 1619 3042 1668 non,
3083 1622 3101 1653 ‹
3134 1600 3455 1655 Aderabunt

1875 1704 1930 1757 in
1962 1711 2262 1774 conspectu
2291 1701 2413 1772 ejus
2445 1700 2714 1755 universae
2755 1697 2978 1752 familia:
3007 1694 3270 1766 gentium.
3309 1710 3326 1744 ι
3363 1690 3457 1746 Ve-

1880 1796 2282 1850 rumenimvero
2339 1793 2473 1849 hora
2537 1799 2619 1847 est
2665 1791 2755 1855 iis,
2783 1791 2876 1860 qui
2912 1801 3058 1844 recte
3113 1801 3307 1857 sapere
3363 1799 3458 1838 vo.

156 1895 587 1966 στραφήσονται
608 1893 744 1964 πρὸς
761 1893 963 1964 Κύριον
981 1893 1156 1946 πάντα
1173 1892 1239 1946 τὰ
1263 1893 1472 1964 πέρατα
1493 1893 1589 1964 τῆς
1610 1896 1731 1964 γῆς·
1748 1914 1764 1946 ι

1876 1889 2014 1955 lunt,
2060 1887 2403 1958 prophetiam
2470 1884 2628 1940 fateri
2679 1884 2748 1937 ab
2799 1882 2907 1936 alio
2955 1879 3108 1934 nullo
3153 1879 3205 1932 ὶτι
3233 1878 3453 1947 pictam,

156 1983 257 2036 καὶ
312 1983 420 2047 τὸ,
465 1982 981 2054 «ῐῐροσκυνὴσουσιν
1028 1981 1259 2036 ἐνώπιον
1300 1983 1465 2038 αὑτοῦ
1509 1986 1682 2038 πᾶσαι
1715 1988 1770 2040 αἱ

159 2077 410 2149 πατριαὶ
443 2076 552 2130 τῶν
585 2076 772 2130 ἐθνῶν.
797 2095 814 2127 ι
864 2075 1023 2131 Ἀλλὰ
1062 2076 1170 2150 γὰρ
1197 2077 1315 2150 ὥρα
1351 2082 1462 2142 τοῖς
1493 2079 1770 2150 εὐγνωμο-

159 2171 276 2221 νεῖν
310 2169 600 2223 ἐθέλουσιν
619 2210 634 2233 ,
676 2168 775 2222 οὐκ
807 2170 895 2222 ἐπ’
930 2170 1088 2224 ἄλλου
1120 2171 1264 2234 τινὸς
1361 2171 1453 2223 ἐπὶ
1486 2172 1646 2242 μόνου
1676 2171 1770 2225 τοῦ

154 2261 382 2333 Κυρίου
417 2263 514 2315 καὶ
542 2262 790 2332 Σωτῆρος
821 2261 976 2334 ἡμῶν
1014 2263 1188 2333 Ἰησοῦ
1220 2263 1456 2335 Χριστοῦ
1488 2265 1770 2335 ὁμολογεῖν

156 2352 574 2423 πεπληρῶσθαι
627 2353 726 2425 τὴν
761 2355 1125 2425 προφητείαν,
1174 2349 1236 2408 οὗ
1267 2355 1405 2409 κατὰ
1435 2355 1533 2426 τὴν
1567 2372 1772 2427 παρου-

159 2446 287 2498 σίαν
323 2443 499 2498 αὐτοῦ
527 2444 671 2516 καὶὴ
701 2445 810 2500 τῶν
834 2446 1004 2500 ἐθνῶν
1033 2447 1336 2518 ἐπιστροφὴ
1362 2446 1643 2516 γίγνεσθαι
1673 2449 1771 2520 ἦρ-

158 2534 292 2601 ξκτο
310 2577 325 2596 ,
353 2537 809 2610 παραγενομένης
828 2538 926 2609 τῆς
947 2537 1416 2610 προφητευθείσης
1437 2540 1626 2608 γενεᾶς
1635 2579 1650 2602 ν
1675 2540 1768 2593 καὶ

156 2629 254 2682 τοῦ
291 2630 435 2684 λαοῦ
473 2630 568 2683 τοῦ
612 2631 969 2702 τεχθήσεσθαι
1005 2632 1062 2684 οὐ
1103 2631 1263 2701 μόνον
1298 2630 1531 2685 ἐνταῦθα
1564 2631 1766 2703 προδη-

160 2721 440 2791 λουμένον
460 2763 475 2787 ,
503 2720 637 2774 ἀλλὰ
670 2721 761 2774 καὶ
788 2723 845 2774 ἐν
876 2722 1150 2792 ὲκατόστῳ
1184 2721 1384 2792 πρώτῳ
1416 2720 1618 2792 ψαλμῷ
1637 2762 1652 2787 ,
1679 2722 1768 2776 διὰ

160 2811 296 2875 τοῦ,
339 2831 359 2864 ι
392 2812 663 2883 Γραφήτω
695 2812 833 2884 αῦτη
863 2815 942 2876 εἰς
972 2812 1166 2882 γενεὰν
1203 2814 1419 2885 ὲτέραψ
1462 2814 1556 2867 καὶ
1588 2813 1713 2878 λαὸς
1740 2815 1768 2865 ὁ

163 2904 495 2975 κτιζόμενος
512 2903 712 2958 αἰνέσει
740 2904 832 2957 τὸν
861 2906 1083 2976 Κύριον.
1101 2924 1117 2954 ι
1152 2896 1321 2967 Οὗτος
1343 2904 1400 2957 δέ
1429 2907 1543 2959 ἐστι
1561 2907 1688 2977 περὶ
1707 2897 1767 2958 οῦ

163 2998 258 3049 καὶ
284 2998 346 3050 ἐν
384 2995 457 3062 ιζ’
480 2997 666 3068 εἴρητο
684 3037 698 3059 ,
732 3016 748 3048 t
776 2997 916 3060 Λαὸς
941 2996 1000 3050 ὃν
1025 2997 1123 3049 οὐκ
1141 2996 1310 3065 ἔγνων
1333 2997 1612 3051 ἐδούλευσὲ
1641 3015 1730 3069 μοι
1748 3013 1764 3030 ·

165 3090 247 3152 εἰς
275 3088 459 3160 ἀκοὴν
485 3089 646 3142 ὠτίου
677 3089 955 3159 ὑπήκουσέ
986 3106 1107 3159 μου.
1135 3109 1153 3140 ι
1187 3088 1383 3143 Τοῦτον
1409 3085 1500 3143 οὖν
1528 3089 1618 3142 τὸν
1653 3091 1766 3143 Σω-

160 3182 310 3255 τῆρα
342 3188 442 3238 καὶ
466 3183 669 3256 Κύριον
691 3182 869 3255 ἡμῶν,
890 3185 1066 3255 σάρκα
1095 3184 1430 3239 ἀναλαϐόντα
1460 3186 1554 3238 καὶ¹
1575 3185 1641 3238 δι’
1667 3185 1763 3238 αὺ-

166 3275 265 3347 τὴν
317 3296 336 3327 ι
369 3275 631 3348 σκώληκα
652 3294 671 3327 ι
729 3275 1141 3346 χρηματίσαντα
1161 3317 1174 3340 ,
1219 3297 1235 3328 ι
1266 3277 1505 3341 Ὄνειδός
1569 3295 1629 3330 τε
1663 3279 1759 3332 άν-

163 3366 409 3440 θρώπων
451 3369 738 3438 γενόμενον
780 3367 874 3420 καὶ
913 3368 1250 3440 ὲξουδένωμα
1278 3368 1408 3422 λαοῦ
1431 3409 1445 3433 ,
1481 3369 1681 3432 πάντες
1711 3369 1763 3422 οἱ

163 3459 506 3532 θεωροῦντες
544 3477 610 3531 με
652 3460 1117 3532 ὲξεμυκτήρισαν,
1140 3483 1160 3516 ι
1219 3462 1452 3534 μάλιστα
1503 3462 1642 3515 κατὰ
1671 3461 1762 3515 τὸν

164 3554 362 3626 καιρὸν
395 3551 490 3606 τοῦ
525 3552 762 3618 πάθους,
796 3555 884 3608 ὅτε
930 3554 1037 3608 τῶν
1079 3555 1136 3608 ἐν
1175 3558 1240 3625 τῇ
1273 3551 1580 3626 προφητείᾳ.
1612 3552 1765 3618 τέλος

168 3645 444 3716 ἰσχόντων,
458 3647 506 3697 οἱ
539 3645 1042 3717 παραπορευόμενοι
1065 3645 1451 3716 ἐϐλασφήμουν
1481 3645 1642 3698 αὐτὸν
1669 3646 1763 3698 καὶ

166 3739 385 3809 ὲμυκτή
396 3738 540 3809 ριζον
559 3738 805 3807 λέγοντες
829 3778 844 3801 ,
873 3757 890 3788 ι
906 3737 1131 3800 ’Ἄλλους
1156 3736 1348 3801 ἔσωσε,
1386 3737 1616 3791 σωσάτω
1635 3737 1761 3790 ἑαυ-

164 3832 254 3884 τόν
273 3850 288 3860 ·
317 3850 336 3883 ι
368 3831 490 3884 τότε
513 3831 568 3883 δὲ
594 3831 690 3884 καὶ
716 3851 732 3883 ι
757 3831 1054 3902 Ἑλάλησαν
1079 3833 1136 3884 ὲν
1160 3831 1362 3901 χείλεσι
1390 3834 1483 3885 καὶ
1504 3831 1762 3902 ἐκίνησαν

168 3922 416 3994 κεφαλὴν
439 3942 458 3974 ι
492 3924 699 3977 ἑαυτῶν
727 3925 846 3979 κατ’
876 3923 1038 3977 αὐτοῦ
1056 3940 1070 3954 ο
1103 3924 1286 3987 αὐτοῖς
1320 3926 1556 3998 ῥήμασιν
1583 3927 1763 3980 εἰπόν-

165 4029 255 4080 τες
279 4014 364 4076 τὸ,
402 4033 422 4064 ι
449 4015 714 4068 Ἥλπισεν
732 4017 823 4068 ἐπὶ
846 4015 1070 4087 Κύριον,
1101 4016 1354 4086 ῥυσάσθω
1377 4017 1559 4081 αὑτὸν,
1589 4019 1763 4072 σωσά-

166 4121 242 4159 τω
275 4107 459 4174 αὐτδν,
490 4109 570 4160 ὅτι
588 4106 732 4160 θέλει
760 4107 953 4160 αὐτόν·
979 4127 996 4158 ι
1030 4107 1170 4161 αὐτὰ
1198 4108 1306 4180 γὰρ
1333 4108 1397 4180 δὴ
1425 4110 1598 4164 ταῦτα
1620 4109 1763 4164 κατὰ

166 4199 225 4252 τὸ
252 4199 430 4262 πάθος
456 4198 704 4270 εἰρῆσθαι
733 4200 820 4252 an"
839 4199 988 4269 αὐτῷ
1021 4200 1078 4252 ὲν
1105 4202 1218 4263 τοῖς
1252 4200 1604 4269 Εὑαγγελίοις
1631 4203 1763 4255 ἁνα-

169 4289 498 4364 γέγραπται.
564 4290 748 4360 Τούτῳ
782 4286 874 4344 οὖν
913 4291 1006 4344 καὶ
1056 4290 1201 4360 μόνῳ
1245 4291 1379 4361 πρὸς
1421 4292 1513 4344 τὸν
1543 4292 1762 4364 Πατέρα

168 4381 352 4453 λέγειν
374 4383 603 4455 ἁρμόζει
632 4402 649 4434 ι
665 4383 785 4436 Ὅτι
813 4383 876 4436 σὺ
901 4379 991 4435 εἷό
1014 4381 1297 4447 ὲκσπάσας
1326 4400 1392 4454 με
1409 4384 1472 4437 ὲκ
1492 4385 1726 4456 γαστρός
1742 4403 1756 4416 ο

169 4476 200 4546 ἡ
223 4475 383 4540 ἐλπίς
406 4493 506 4546 μου
526 4476 634 4530 ἀπὸ
658 4476 877 4547 μαστῶν
897 4476 996 4546 τῆς
1025 4477 1229 4548 μητρός
1248 4493 1348 4546 μου
1370 4494 1382 4506 ·
1405 4478 1497 4530 ἐπὶ
1520 4477 1578 4530 σὲ
1603 4479 1768 4549 ἐπερ-

172 4569 338 4640 ρξφην
381 4568 445 4622 ἐκ
493 4571 735 4640 μήτρας·
775 4570 838 4621 ἐκ
869 4568 1076 4631 κοιλίας
1113 4569 1316 4641 μητρός
1351 4586 1452 4638 μου
1486 4568 1618 4633 Θεός
1652 4587 1756 4641 μου

1875 1981 1982 2036 nisi
2013 1995 2043 2034 a
2075 1981 2193 2036 solo
2227 1978 2458 2033 Domino
2491 1984 2544 2033 et
2573 1975 2859 2030 Salvatore
2903 1982 3096 2028 nostro
3127 1968 3257 2026 Jesu
3292 1967 3456 2023 Chri-

1874 2081 1985 2137 sto,
2014 2073 2174 2143 cujus
2201 2087 2297 2141 per
2324 2070 2758 2125 incarnationem
2795 2065 3000 2136 incepit
3047 2063 3289 2135 gentium
3320 2076 3471 2116 con-

1875 2165 2074 2230 versio,
2146 2163 2570 2235 superveniente
2629 2160 2995 2233 praenuntiata
3063 2156 3451 2229 generatione.

1872 2273 1975 2314 nec
2026 2272 2137 2313 non
2204 2257 2406 2328 populo
2460 2257 2553 2327 qui
2608 2255 2924 2311 nasciturus
2970 2266 3078 2304 non
3122 2250 3299 2303 solum
3364 2247 3453 2302 hic

1873 2351 2170 2424 praedictus
2199 2357 2305 2414 est,
2340 2349 2436 2405 sed
2472 2357 2526 2404 et
2572 2347 2628 2402 in
2659 2344 2960 2402 centesimo
3003 2344 3178 2414 primo
3218 2341 3449 2412 psalmo,

1871 2445 1960 2500 his
1979 2443 2162 2500 verbis
2194 2459 2208 2498 :
2247 2461 2266 2496 ι
2306 2439 2634 2497 Scribantur
2655 2439 2770 2493 haec
2797 2438 2852 2492 in
2881 2436 3231 2507 generatione
3254 2436 3447 2499 altera,

1870 2544 1924 2592 et
1955 2536 2210 2608 populus,
2244 2534 2338 2605 qui
2373 2533 2674 2594 creabitur,
2722 2528 2968 2583 laudabit
3006 2527 3294 2584 Dominum
3318 2527 3380 2583 δε.
3424 2545 3444 2580 ι

1870 2628 1972 2684 Hic
2033 2635 2118 2684 est
2173 2627 2241 2682 de
2303 2641 2414 2697 quo
2459 2633 2515 2682 et
2559 2626 2614 2681 in
2655 2626 2868 2683 decimo
2917 2624 3148 2694 septimo
3199 2621 3444 2676 dicitur:

1876 2739 1896 2772 ι
1935 2719 2203 2791 Populus,
2235 2734 2400 2790 quem
2453 2735 2563 2773 non
2597 2719 2828 2791 cognovi
2856 2758 2870 2782 ,
2921 2716 3146 2774 servivit
3178 2714 3309 2768 mihi
3345 2732 3358 2768 :
3391 2714 3450 2767 in

1870 2812 2062 2868 auditu
2105 2813 2257 2867 auris
2309 2811 2551 2866 obedivit
2603 2813 2822 2868 mihi”.
2857 2831 2875 2864 ι
2924 2810 3081 2864 Hunc
3133 2809 3297 2879 igitur
3332 2804 3451 2862 Sal-

1869 2916 2108 2961 vatorem
2126 2911 2181 2960 et
2210 2904 2498 2958 Dominum
2529 2914 2803 2967 nostrum,
2821 2918 2986 2958 carne
3003 2909 3279 2970 suscepta,
3307 2898 3450 2953 ideo—

1868 3016 1976 3071 que
2006 3016 2232 3055 vermem
2268 2996 2940 3068 vocatum,topprobrium
2965 2994 3248 3050 hominum
3279 3001 3334 3047 et
3361 2993 3451 3046 ab-

1864 3094 2159 3164 jectionem
2189 3091 2366 3163 plebis
2399 3109 2412 3145 :
2445 3105 2639 3146 omnes
2690 3089 2940 3144 videntes
2982 3103 3088 3150 me,
3139 3085 3451 3142 deriserunt

1870 3203 1954 3243 me
1975 3187 2044 3250 ⁷ο,
2081 3207 2100 3239 ι
2135 3185 2445 3256 praesertim
2490 3183 2543 3236 in
2576 3182 2854 3252 passionis
2897 3191 3158 3250 tempore,
3184 3194 3309 3234 cum
3333 3177 3446 3238 isti,

1867 3280 1959 3349 qui
1989 3278 2128 3333 hanc
2151 3279 2511 3348 impleverunt
2535 3277 2898 3347 prophetiam,
2925 3280 3272 3328 transeuntes
3298 3271 3445 3326 blaso

1873 3369 2204 3440 phemabant
2255 3383 2380 3422 eum
2422 3377 2476 3422 et
2531 3365 2852 3421 deridebant
2895 3363 3182 3418 dicentes:
3234 3379 3250 3409 ι
3298 3359 3449 3414 Alios

1867 3464 2046 3518 salvos
2081 3462 2227 3525 fecit,
2274 3477 2334 3517 se
2378 3459 2590 3514 salvum
2624 3457 2872 3520 faciat“,
2909 3475 2928 3508 ι
2976 3463 3106 3508 tunc
3139 3461 3194 3508 et
3227 3473 3243 3504 ‹
3279 3452 3447 3507 locuti

1867 3567 1995 3611 sunt
2020 3553 2182 3608 labiis
2216 3563 2270 3608 et
2317 3555 2612 3606 moverunt
2645 3549 2879 3618 caput"
2915 3565 2933 3598 ι
2971 3561 3132 3600 suum
3183 3546 3447 3599 adversus

1863 3663 2028 3712 eum;
2063 3647 2244 3702 verbis
2305 3643 2500 3700 iisdem
2541 3642 2788 3697 dicentes
2817 3660 2828 3694 :
2857 3657 2874 3691 ι
2913 3638 3164 3710 Speravit
3222 3637 3275 3690 in
3339 3635 3446 3690 Do-

1867 3741 2038 3804 mino,
2075 3738 2418 3809 eripiateum
2450 3755 2462 3790 :
2495 3736 2707 3790 salvum
2763 3732 2929 3787 faciat
2978 3747 3104 3788 eum
3131 3771 3145 3795 ,
3185 3728 3444 3800 quoniam

1863 3832 1979 3885 vult
2009 3829 2220 3885 eum".
2260 3847 2277 3879 ι
2317 3825 2454 3881 Huic
2502 3824 2670 3896 igitur
2737 3821 2838 3880 soli
2886 3822 2953 3877 ad
3006 3821 3222 3876 Patrem
3263 3821 3446 3874 dicere

1866 3923 2144 3985 convenit,
2179 3941 2196 3973 ι
2234 3919 2503 3988 Quoniam
2535 3928 2592 3973 tu
2620 3934 2716 3982 es,
2745 3917 2837 3988 qui
2879 3914 3171 3972 extraxisti
3237 3929 3322 3968 me
3377 3911 3452 3967 de

1863 4025 2092 4070 ventre:
2131 4029 2256 4084 spes
2285 4028 2402 4068 mea
2453 4012 2523 4067 ab
2567 4011 2833 4066 uberibus
2876 4009 3069 4063 matris
3109 4022 3260 4062 meae.
3298 4004 3359 4060 In
3390 4011 3444 4058 te

1865 4107 2140 4176 projectus
2163 4121 2284 4161 sum
2307 4120 2373 4160 ex
2397 4112 2553 4159 utero
2578 4123 2592 4158 ε
2617 4102 2684 4159 de
2706 4109 2894 4158 ventre
2923 4101 3116 4155 matris
3145 4115 3276 4155 mea:
3302 4097 3451 4154 Deus

1865 4214 2020 4253 meus
2059 4213 2118 4253 es
2149 4196 2291 4251 tu”.
2335 4216 2353 4248 ι
2395 4194 2668 4252 Praeterea
2694 4195 2854 4250 docet
2896 4208 2998 4250 nos
3028 4190 3272 4261 psalmus
3297 4188 3448 4259 quod

1863 4290 2110 4362 quaedam
2160 4289 2514 4360 nequissima:
2540 4298 2594 4344 et
2623 4289 2749 4343 fera:
2774 4295 3074 4357 potestates
3114 4282 3344 4340 insidias
3392 4282 3443 4337 ei

1865 4390 2204 4448 struxerunt,
2229 4383 2296 4438 de
2326 4383 2528 4452 quibus
2556 4381 2692 4438 dicit
2723 4401 2736 4437 :
2770 4399 2788 4431 ι
2819 4377 3313 4434 Circumdederunt
3355 4390 3444 4429 me

1864 4476 2016 4530 vituli
2049 4475 2230 4539 multi,
2259 4474 2406 4528 tauri
2441 4474 2672 4544 pingues
2718 4471 3053 4526 obsederunt
3075 4485 3160 4523 me
3183 4470 3259 4532 ⁷⁵;
3305 4485 3322 4518 ι
3359 4464 3446 4519 di-

1863 4569 1938 4623 cit
1997 4567 2160 4622 etiam
2213 4565 2282 4621 de
2325 4564 2778 4620 circumcisorum
2840 4560 3126 4633 Synagoga
3179 4557 3443 4613 adversus

170 4657 219 4715 εἴ
245 4662 332 4715 σύ.
364 4681 382 4714 ι
417 4660 562 4732 Πλὴν
591 4662 683 4714 ἐπὶ
714 4661 924 4723 τούτοις
951 4663 979 4714 ὁ
1009 4660 1166 4728 λόγος
1194 4662 1342 4731 ἡμᾶς
1376 4660 1642 4726 παιδεύει,
1677 4663 1754 4727 ὼς

1869 4678 1983 4717 eum
2009 4661 2284 4716 concitata
2315 4675 2328 4709 ε
2361 4678 2379 4710 ι
2418 4654 2911 4714 Circumdederunt
2933 4670 3019 4709 me
3043 4669 3208 4708 canes
3232 4651 3392 4706 multi
3425 4668 3438 4704 :

170 4750 277 4820 ἄρα
307 4751 402 4804 καὶ
443 4749 700 4822 δυνάμεις
729 4751 961 4824 πονηραί
987 4767 1131 4814 τινες
1159 4753 1253 4805 καὶ
1279 4751 1562 4825 θηριώδεις
1591 4754 1754 4825 ἐνήρ-

174 4862 346 4916 γησαν
367 4843 468 4914 τὴν
507 4846 625 4898 κατ’
652 4843 815 4898 αὑτοῦ
849 4843 1138 4916 ἐπιϐουλὴν
1158 4885 1172 4909 ,
1216 4845 1283 4899 δι’
1308 4845 1373 4909 ἃς
1401 4847 1494 4901 καὶ
1523 4846 1752 4916 ἔφασκε,

174 4937 670 5010 «Περιεκύκλωσάν
713 4956 778 5008 με
827 4937 1014 5010 μόσχοι
1063 4940 1285 4993 πολλοί·
1330 4938 1522 5011 ταῦροι
1569 4940 1754 5003 πίονες

171 5031 461 5102 περιέσχον
512 5048 607 5100 με·
634 5049 652 5081 ι
705 5032 799 5084 καὶ
833 5033 960 5104 περὶ
995 5032 1094 5102 τῆς
1136 5032 1506 5102 ὲπισυστάσης
1539 5031 1595 5084 δὲ
1631 5032 1750 5084 κατ’

172 5123 334 5178 αὐτοῦ
358 5126 422 5178 ἐκ
441 5126 739 5197 περιτομῆς
762 5126 1091 5196 Συναγωγῆς
1113 5143 1277 5197 φησιν
1297 5164 1311 5187 ,
1337 5126 1417 5178 ὅτι
1446 5145 1464 5176 ι
1488 5125 1754 5178 Ἐκύκλω-

171 5217 268 5272 σάν
303 5235 371 5288 με
399 5216 559 5281 κύνες
591 5218 805 5272 πολλοί·
844 5217 1134 5290 συναγωγὴ
1167 5217 1619 5288 πονηρευομένων
1653 5233 1752 5269 πε-

173 5309 385 5382 ριέσχον
427 5324 514 5379 με·
543 5305 688 5364 οῦτοι
714 5311 770 5363 δὲ
787 5312 880 5364 καὶ
907 5309 1121 5383 ὤρυξαν
1149 5310 1209 5362 ού
1241 5309 1428 5381 μόνον(
1450 5309 1548 5371 τὰς
1564 5311 1752 5380 χεῖρας

173 5401 355 5464 κὺτοῦ,
376 5401 522 5472 ,ἀλλὰ
571 5403 817 5464 καὶτοὺς
846 5403 1030 5467 πόδαςο
1069 5423 1088 5456 ι
1119 5404 1175 5475 ἢ,
1217 5402 1462 5457 κατάτὸν
1497 5402 1747 5466 Ἀκύλαν,

177 5513 194 5545 ι
212 5495 453 5566 ᾔσχυναν
472 5534 487 5558 ,
515 5513 531 5545 ι
564 5495 810 5565 φήσαντα
831 5535 844 5557 ,
883 5515 901 5547 ι
925 5496 1164 5567 ᾔσχυναν
1189 5497 1376 5569 χεῖράς
1408 5513 1507 5567 μου
1533 5496 1627 5550 καὶ
1655 5495 1751 5548 πό-

175 5586 263 5650 δας
296 5605 399 5658 μου
417 5603 428 5617 ·
459 5606 477 5638 ι
508 5586 537 5640 ὃ
559 5587 652 5640 καὶ
689 5587 906 5660 άληθῶς
927 5589 1182 5661 ἐτελέσθη
1208 5630 1223 5654 ,
1261 5591 1350 5643 ὅτε
1375 5589 1751 5661 κρεμάσαντες

1860 4753 2154 4810 concilium
2210 4750 2626 4827 malignantinm
2683 4747 2900 4804 obsedit
2942 4762 3070 4801 me:
3112 4744 3365 4800 foderunt
3419 4764 3436 4796 ι

1862 4863 1972 4903 non
2037 4855 2250 4901 tantum
2307 4863 2325 4896 ι
2384 4859 2582 4899 manus
2651 4857 2842 4906 meas,
2881 4860 2899 4893 ι
2955 4840 3048 4896 sed
3104 4859 3120 4890 ι
3160 4847 3213 4894 ει
3277 4837 3446 4907 pedes

1861 4942 2106 5006 meos";
2143 4960 2161 4992 ι
2199 4940 2303 5002 vel,
2352 4937 2652 4994 secundum
2680 4936 2932 5007 Aquilam
2960 4974 2976 4997 ,
3018 4952 3036 4984 ι
3078 4931 3448 4987 ἀειιειτοινανε-ι,

1860 5040 2008 5095 runt,
2044 5052 2062 5085 ι
2099 5032 2196 5096 ait,
2243 5052 2261 5083 ι
2293 5032 2764 5088 dedecoraverunt
2814 5042 3010 5081 manus
3026 5040 3175 5080 meas
3198 5030 3251 5078 et
3276 5020 3442 5091 pedes

1860 5141 2011 5182 meos
2037 5146 2052 5182 ε
2083 5145 2104 5181 ι
2145 5124 2290 5196 quod
2318 5134 2374 5179 et
2402 5138 2532 5177 vere
2561 5121 2815 5176 effectum
2850 5127 2956 5184 est,
2995 5131 3122 5172 cum
3154 5115 3303 5185 ligno
3334 5111 3443 5165 alii-

1858 5227 2050 5291 gentes
2073 5234 2196 5273 eum
2241 5218 2412 5272 clavis
2440 5217 2562 5285 ejus
2593 5225 2900 5282 manusque
2939 5209 3214 5280 pedesque
3264 5204 3441 5276 perfo—

1859 5318 2140 5376 raverunt,
2190 5317 2244 5365 et
2280 5308 2569 5378 pulchrum
2608 5304 2857 5377 quidem,
2899 5300 2947 5356 si
2985 5298 3112 5369 quis
3159 5303 3440 5366 expeteret

1859 5410 1920 5458 ut
1950 5401 2233 5472 Scriptura
2277 5398 2604 5468 probaretur
2642 5392 2789 5465 quod
2824 5389 3078 5446 Christus
3121 5390 3275 5454 cruci
3307 5401 3459 5476 ευρ-ξ

1860 5496 2080 5567 plicium
2130 5506 2399 5563 passurus
2447 5488 2743 5559 praedictus
2778 5492 2886 5551 est,
2927 5483 3072 5538 inter
3117 5481 3222 5535 alia
3269 5479 3439 5535 docu-

1860 5593 2040 5642 menta
2061 5592 2115 5640 ct
2143 5582 2275 5638 illud
2299 5581 2494 5638 afferre
2520 5601 2534 5637 :
2567 5599 2586 5633 ι
2628 5577 3073 5640 Perforaverunt,
3107 5593 3125 5627 ›
3154 5580 3209 5628 et
3233 5573 3438 5643 potius.

242 5771 288 5802 "
329 5769 612 5836 Psal.:xt,
638 5771 726 5826 ὅθ.
805 5771 849 5803 ⁸⁸
890 5769 1034 5826 Psal.
1070 5785 1156 5834 Cl,
1193 5770 1280 5826 19.
1357 5767 1402 5799 ⁶’
1439 5762 1755 5836 Ρεᾳὶηινῃ,

1869 5808 1880 5822 .
1958 5767 2003 5799 ⁷⁸
2042 5764 2186 5822 Psal.
2225 5781 2352 5832 χιι,
2391 5765 2443 5833 7,
2474 5765 2525 5822 8.
2603 5764 2644 5795 “
2689 5759 2822 5817 Luc.
2862 5774 3031 5825 XXIII,
3071 5754 3142 5813 55
3183 5793 3199 5812 .
3237 5752 3437 5812 "Psal.

177 5856 299 5907 ut,
335 5843 389 5898 8.
465 5842 512 5874 ⁷³
554 5842 683 5898 ibid.
715 5842 766 5898 9.
846 5842 890 5874 “
931 5840 1065 5897 ibid.
1103 5840 1204 5901 l0,
1245 5839 1333 5896 11.

1410 5835 1471 5906 ⁷⁸,
1499 5831 1635 5891 ibid.
1674 5834 1761 5891 15.
1839 5838 1885 5872 ⁷⁸
1923 5837 2057 5895 ibid.
2099 5836 2189 5895 18.
