3954 6502
515 372 646 430 HM

1151 413 1160 420 .
1217 371 1485 428 EUSEBII
1521 371 1996 430 CJESARIENSIS
2032 373 2182 430 OPP.
2223 373 2405 430 PARS
2443 373 2530 430 lii.
2570 407 2640 417 —
2677 372 3086 431 EXEGETICA.

3605 385 3720 432 1H!

519 513 537 545 ι
570 491 1040 554 dedecomverunt
1096 507 1292 548 manus
1337 509 1488 548 meas
1533 500 1588 549 et
1633 495 1799 565 pedes
1828 510 2017 551 meos:
2059 515 2078 548 ι

2197 495 2346 550 κύτὺν
2388 495 2480 548 ἐπὶ
2523 495 2617 548 τοῦ
2659 493 2832 567 ἰκρίον
2873 493 3018 564 ἥλοις
3059 491 3221 545 αὑτοῦ
3247 493 3344 556 τάς
3371 509 3430 545 τε
3453 495 3623 564 χεῖρας
3645 495 3722 547 καὶ

511 587 710 658 quibus
757 588 1008 655 protinus
1057 583 1278 640 additur
1313 605 1325 640 :
1360 605 1379 638 ι
1413 585 1725 642 Diviserunt
1775 587 1878 644 sibi
1927 586 2086 642 vesti-

513 687 694 734 menta
723 691 865 740 mea,
894 685 948 731 et
970 692 1136 746 super
1162 685 1368 733 vestem
1422 693 1598 734 meam
1655 679 1926 734 miserunt
1965 694 2084 734 sor-

513 777 618 824 tem
641 766 720 834 7';
762 785 782 819 ι
825 765 972 838 quod
1019 767 1238 838 quidem
1270 767 1466 840 Aquila
1519 769 1601 826 sic
1641 770 1853 826 edidit:
1883 791 1900 822 ι
1937 769 2084 826 Divi-

511 863 764 921 dent-sibi
787 865 1172 921 vestimentum
1207 882 1409 930 meum,
1428 875 1481 923 et
1503 883 1667 937 super
1687 875 1893 924 vestem
1907 881 2082 922 meam

513 955 726 1010 mittent
758 963 1003 1024 sortem;
1045 977 1065 1009 ι
1103 956 1466 1028 Symmachus
1493 974 1644 1023 vero,
1682 977 1700 1010 ι
1739 957 1934 1012 Partiti
1955 965 2084 1013 sunt

513 1047 834 1102 vestimenta
855 1063 974 1103 mea
1003 1049 1145 1105 inter
1174 1065 1254 1112 se,
1295 1058 1349 1105 et
1373 1049 1440 1106 de
1465 1060 1616 1106 veste
1663 1065 1784 1106 mea
1826 1051 2084 1120 conjece-

513 1149 641 1194 runt
666 1146 892 1195 sortem.
922 1159 942 1192 ι
967 1137 1104 1194 illud
1129 1155 1348 1210 quoque
1369 1141 1426 1196 in
1453 1143 1709 1212 passione
1729 1142 2082 1212 adimpletum

512 1236 614 1295 est,
646 1242 770 1282 cum
799 1229 894 1300 qui
915 1229 1301 1284 cruciilxerant
1330 1246 1477 1296 eum,
1507 1251 1527 1284 ι
1560 1239 1890 1302 acceperunt
1925 1231 2087 1286 vesti-

511 1327 693 1374 menta
730 1322 870 1391 ejus,
901 1328 954 1376 et
976 1319 1226 1377 fecerunt
1255 1330 1490 1393 quatuor
1520 1333 1706 1395 partes
1725 1363 1742 1390 ,
1789 1324 2086 1393 unicuique
2127 1369 2130 1374 .

512 1412 668 1467 militi
698 1423 932 1485 partem,
957 1423 1012 1468 et
1035 1413 1296 1469 tunicam.
1323 1415 1452 1470 Erat
1478 1427 1656 1472 autem
1686 1415 1870 1470 tunica
1901 1417 2086 1470 incon-

511 1507 718 1570 sutilis,
759 1507 996 1578 desuper
1030 1515 1287 1564 contexta
1311 1523 1407 1578 per
1435 1517 1629 1564 totum.
1665 1508 1928 1565 Dixerunt
1955 1525 2086 1581 ergo

512 1597 578 1652 ad
606 1597 838 1652 invicem
875 1613 888 1649 :
923 1595 1041 1652 Non
1069 1597 1385 1654 scindamus
1414 1613 1554 1660 eam,
1579 1598 1672 1652 sed
1704 1600 1998 1654 sortiamur
2019 1599 2086 1654 de

513 1688 604 1741 illa
625 1688 786 1756 cujus
819 1688 892 1744 sit
907 1689 977 1744 ⁷⁸.
1020 1709 1040 1742 ι
1076 1687 1290 1755 Quibus
1325 1688 1515 1759 adjicit
1547 1691 1877 1760 evangelista
1911 1710 1924 1747 :
1959 1710 1978 1742 ι
2015 1690 2086 1746 Ut

513 1775 800 1849 Scriptura
857 1779 1178 1850 impleretur
1227 1777 1416 1836 dicens
1449 1799 1463 1834 :
1495 1779 1688 1834 Partiti
1737 1787 1865 1834 sunt
1917 1781 2086 1836 vesti-

2187 592 2312 654 τοὺς
2334 589 2498 652 πόδας
2523 589 2880 662 περιέπειραν
2895 605 2910 618 ο
2938 587 3030 640 καὶ
3057 587 3218 640 καλόν
3239 602 3302 654 γε
3325 587 3372 639 εἰ
3401 585 3637 656 άπαιτοέη
3657 604 3724 650 τις

2189 685 2296 738 ἀπὸ
2327 683 2550 756 Γραφῆς
2580 683 2964 756 παραστῆσαι,
3007 682 3082 746 ὡς
3113 683 3220 756 ἄρα
3255 681 3346 736 καὶ
3377 699 3596 752 σταυρον
3619 683 3730 736 ύπο-

2192 779 2370 848 μεῖναι
2393 777 2421 830 ὁ
2450 776 2680 848 Χριστὸς
2707 777 3014 848 προείρητο,
3043 775 3178 846 μετὰ
3205 775 3299 828 καὶ
3323 773 3494 827 ἄλλων
3515 774 3610 826 τῶν
3629 775 3730 826 τού-

2187 885 2281 921 του
2314 869 2732 940 παραπατικῶν
2755 869 2848 922 καὶ
2875 868 2936 921 τὺ
2969 887 2986 920 ι
3013 867 3268 937 Ὠρυξαν,
3293 885 3312 918 ι
3333 865 3428 920 καὶ
3457 851 3638 936 μᾶλλον
3659 865 3726 928 τὺ,

2195 981 2212 1011 ε
2241 959 2477 1031 ᾔσχυναν
2503 961 2690 1033 χεῖράς
2717 979 2818 1032 μου
2849 962 2942 1014 καὶ
2977 959 3142 1023 πόδας
3173 977 3273 1030 μου
3295 965 3354 1016 .1
3393 957 3728 1028 παραθέσθαιι

2188 1047 2268 1113 οἷς
2297 1051 2420 1121 ἑξῆς
2443 1049 2757 1122 ἐπιφέρεται
2777 1051 2857 1112 τὸ,
2895 1069 2914 1101 σ
2938 1050 3326 1122 Διεμερίσαντο
3349 1048 3420 1101 τὰ
3443 1047 3622 1118 ἱμάτιὰ
3649 1063 3732 1116 μου

2191 1143 2421 1206 ἑαυτοῖς,
2457 1143 2546 1196 καὶ
2581 1143 2673 1196 ἐπὶ
2701 1143 2790 1195 τὸν
2823 1141 3116 1213 ἱματισμόν
3145 1159 3245 1212 μου
3271 1139 3464 1194 ἔϐαλον
3485 1139 3696 1208 κλῆρον’
3715 1157 3732 1190 ι

2189 1234 2325 1306 ὅπερ
2345 1236 2372 1287 ὁ
2397 1233 2494 1303 μὲν
2513 1232 2736 1296 Ἀκύλας
2759 1231 2927 1296 οὕτως
2951 1231 3231 1296 ἐξέδωκεν,
3259 1249 3278 1280 ι
3297 1229 3614 1302 Μερξσουσιν
3633 1227 3738 1296 ἱμά-

2189 1325 2299 1379 τιόν
2319 1342 2418 1395 μου
2438 1326 2669 1388 ἑαυτοῖς,
2689 1325 2780 1378 καὶ
2797 1325 2887 1377 ἐπὶ
2904 1323 3112 1376 ἔνδυσξν
3138 1340 3238 1394 μου
3259 1321 3480 1392 βαλοῦσι
3695 1337 3734 1370 ⁸»

2189 1421 2218 1472 ὁ
2247 1419 2303 1472 δὲ
2333 1417 2648 1488 Σύμμαχος,
2689 1437 2708 1468 ι
2733 1416 3047 1487 Διενέμοντο
3079 1416 3144 1469 τὰ
3177 1415 3367 1486 ἱμάτιά
3401 1432 3504 1484 μου
3535 1415 3738 1475 ἑαυτοῖς,

2191 1511 2283 1564 καὶ
2313 1511 2438 1582 περὶ
2463 1510 2689 1579 ἐσθῆτος
2717 1527 2816 1580 μου
2840 1509 3134 1579 ἐλάγχανον
3154 1525 3166 1538 ο
3194 1529 3212 1559 ι
3238 1508 3265 1559 δ
3293 1507 3387 1560 καὶ
3419 1505 3550 1560 αὐτὸ
3573 1505 3676 1575 ἅμα
3693 1521 3742 1558 τε

2190 1599 2268 1672 τῷ
2308 1601 2466 1655 πάθει
2509 1601 2858 1671 πεπλήρωται
2879 1641 2892 1664 ,
2931 1601 3019 1654 ὅτε
3062 1601 3110 1652 οἱ
3161 1597 3570 1670 σταυρώσαντες
3603 1595 3740 1648 αὐτὸν

2197 1713 2214 1742 ι
2239 1691 2491 1756 λαϐόντες
2521 1693 2587 1746 τὰ
2617 1694 2806 1763 ἱμάτια
2831 1688 2992 1746 αὑτοῦ
3023 1691 3282 1759 ἐποίησαν
3313 1690 3556 1759 τέσσαρα
3589 1687 3740 1757 μέρη.

2191 1783 2404 1853 ἑκάστῳ
2431 1781 2732 1855 στρατιώτῃ
2763 1781 2926 1854 μέρος
2951 1823 2964 1846 ,
2993 1783 3088 1833 καὶ
3117 1779 3206 1832 τὸν
3227 1780 3430 1849 χιτῶνα
3447 1796 3460 1808 ο
3493 1774 3561 1848 ἦν
3587 1777 3640 1830 δὲ
3665 1779 3746 1848 ἆῤ-

513 1877 694 1924 menta
729 1883 850 1925 mea
876 1869 1004 1938 sibi,
1033 1877 1087 1925 et
1110 1870 1166 1924 in
1193 1877 1402 1925 vestem
1441 1883 1616 1924 meam
1664 1869 1935 1924 miserunt
1965 1883 2085 1924 sor-

2197 1877 2356 1945 ῥαφος
2375 1914 2389 1939 ,
2421 1876 2483 1926 ἐκ
2505 1873 2613 1926 τῶν
2635 1873 2839 1927 ἄνωθεν
2866 1871 3096 1941 ὑφαντὸς
3120 1871 3184 1924 δι’
3210 1872 3332 1923 ὅλου
3351 1909 3368 1934 ,
3391 1869 3472 1924 διὸ
3495 1871 3590 1922 καὶ
3607 1865 3746 1924 εἶπαν

513 1970 619 2016 tem
643 1963 712 2017 ".
751 1981 770 2014 ι
803 1960 929 2016 11ωο
973 1961 1195 2034 quidem
1239 1961 1522 2032 prophetia
1562 1960 1630 2016 de
1675 1976 1742 2017 eo
1781 1961 2082 2018 secundum
2110 1999 2124 2013 .

515 2051 841 2110 Hebraicum
866 2055 1010 2110 sicut
1051 2055 1181 2108 ὲννᾶ
1207 2054 1487 2121 continet;
1515 2061 1849 2125 quapropter
1894 2053 2088 2123 adjici-

513 2153 601 2200 tur
630 2153 683 2201 et
719 2146 775 2199 in
808 2146 1022 2217 psalmo
1053 2144 1515 2216 quemadmodum
1550 2152 1604 2200 et
1647 2145 1702 2199 in
1733 2143 2043 2214 Evangeliis
2068 2183 2084 2208 ,

517 2256 536 2289 ¢
571 2234 900 2294 Benedictus
929 2238 1021 2307 qui
1045 2237 1194 2292 venit
1222 2238 1276 2291 in
1311 2238 1534 2292 nomine
1561 2235 1774 2292 Domini
1801 2237 1868 2304 "°,
1895 2255 1912 2288 ι
1939 2235 2088 2306 quod

512 2329 732 2402 quidem
790 2329 922 2383 mihi
971 2329 1287 2400 significare
1325 2329 1544 2385 videtur
1574 2347 1588 2382 :
1620 2327 1782 2384 Salva
1808 2371 1823 2397 ,
1857 2329 2085 2384 benedi-

513 2431 654 2485 ctus.
697 2421 792 2493 qui
822 2423 978 2478 venis
1026 2421 1083 2477 in
1123 2423 1344 2479 nomine
1377 2421 1612 2488 Domini,
1657 2421 1838 2478 Patris
1885 2429 1940 2478 et
1988 2421 2081 2478 Dei

513 2517 775 2572 omnium.

2187 1967 2321 2039 πρὸς
2361 1966 2650 2037 ἀλλήλους·
2697 1965 2787 2037 Μὴ
2816 1965 3089 2036 σχίσωμεν
3127 1965 3287 2018 αὑτὸν
3307 2006 3321 2029 ,
3353 1961 3492 2016 ἀλλὰ
3515 1961 3748 2032 λάχωμεν

2186 2059 2312 2130 περὶ
2343 2058 2506 2112 αὑτοῦ
2529 2099 2542 2120 ,
2565 2058 2708 2121 τίνος
2729 2059 2880 2112 ἐσται
2897 2075 2912 2090 ·
2939 2077 2957 2110 ι
2986 2052 3068 2120 οἷς
3091 2056 3342 2128 ἐπιςὲρει
3361 2055 3538 2124 λέγων
3561 2057 3592 2108 6
3611 2055 3748 2122 εύαγσ

2185 2150 2464 2221 γελιστὴς,
2504 2169 2524 2202 v
2550 2152 2666 2204 Ἵνα
2696 2153 2728 2220 ἡ
2759 2149 2947 2222 Γραφὴ
2979 2147 3265 2220 πληρωθῇ,
3293 2148 3356 2200 τὸ
3385 2146 3748 2218 Διεμρέσαντο

2188 2241 2256 2296 τὰ
2281 2242 2468 2314 ἱμάτιά
2493 2260 2594 2313 μου
2617 2243 2845 2304 ἐαυτοῖς,
2871 2241 2963 2295 καὶ
2983 2241 3076 2294 ἐπὶ
3095 2240 3184 2294 τὸν
3207 2239 3500 2311 ἱματισμόν
3529 2257 3630 2309 μου
3651 2238 3748 2290 ἔϐα-

2187 2333 2280 2386 λον
2312 2333 2531 2406 κλῆρον.
2555 2354 2572 2385 ι
2603 2334 2710 2387 Καὶ
2731 2333 2902 2387 ταῦτα
2926 2331 2990 2404 (1⁵.
3015 2333 3105 2403 25)
3133 2333 3228 2402 μὲν
3253 2333 3286 2402 ἡ
3319 2331 3624 2402 προφητεία
3643 2329 3749 2400 περὶ

2191 2425 2356 2479 αὐτοῦ
2376 2426 2435 2479 τὸ
2471 2426 2754 2499 Ἐϐραῖκδν
2783 2427 2913 2480 ὡσεὶ
2937 2423 3083 2480 arra
3109 2424 3370 2496 περιέχει·
3395 2417 3440 2492 ᾧ
3466 2423 3748 2485 ἀκολούθως

2193 2517 2509 2588 ἐπιφέρεται
2549 2519 2643 2572 καὶ
2679 2520 2736 2573 ὲν
2777 2519 2855 2590 τῷ
2895 2517 3095 2589 ψαλμῷ
3126 2516 3313 2587 ὥσπερ
3344 2515 3408 2587 δὴ
3446 2516 3542 2568 καὶ
3575 2515 3631 2567 ἐν
3657 2517 3749 2576 τοῖς

513 2605 883 2679 Εὐαγγελίοις,
917 2611 978 2664 τὸ
1013 2629 1033 2662 ‹
1069 2611 1448 2683 Εὐλογημένος
1504 2613 1532 2665 ὁ
1573 2611 1864 2684 ἐρχόμενος
1903 2610 1960 2662 ἐν
2024 2607 2246 2680 ὀνόματι
2279 2609 2486 2682 Κυρίου
2509 2629 2521 2641 ·
2559 2630 2578 2662 ι
2621 2611 2759 2682 ὅπερ
2802 2611 3038 2666 τοιοῦτόν
3078 2611 3131 2665 τί
3167 2629 3255 2683 μοι
3311 2610 3504 2682 δηλοῦν
3569 2609 3746 2664 ἔοικεν·

513 2699 691 2757 Σῶσον
711 2703 800 2775 δὴ,
823 2703 1203 2776 εὐλογημένος,
1227 2708 1255 2760 ὁ
1275 2703 1563 2776 ἐρχόμενος
1584 2707 1640 2758 ἐν
1658 2705 1880 2778 ὀνόματι
1905 2701 2130 2775 Κυρίου,
2169 2702 2262 2756 τοῦ
2293 2703 2506 2774 Πατρδς
2533 2705 2626 2758 καὶ
2645 2703 2778 2758 Θεοῦ
2813 2705 2920 2758 τῶν
2945 2705 3100 2759 ὅλων.

1096 2796 1324 2854 CAPUT
1359 2797 1498 2854 XIV.

758 2886 806 2940 E
823 2889 1030 2956 psalmo
1063 2889 1342 2944 centesimo
1373 2889 1639 2943 tricesimo
1667 2891 1857 2960 primo.

591 2992 610 3016 ι
649 2973 862 3036 Iuravit
891 2975 1154 3032 Dominus
1185 2976 1354 3032 David
1397 2979 1700 3046 veritatem,
1727 2989 1782 3036 et
1819 2996 1928 3037 non
1967 2983 2052 3039 fru

515 3064 785 3118 strabitur
817 3081 940 3120 eum
975 3087 986 3120 :
1020 3067 1089 3122 de
1124 3069 1304 3124 fructu
1333 3071 1538 3126 ventris
1566 3073 1652 3126 tui'
1691 3088 1888 3143 ponam
1925 3094 2094 3152 super

518 3155 706 3212 sedem
763 3160 998 3216 tuam".
1039 3181 1056 3213 ι
1111 3161 1175 3214 Et
1227 3177 1424 3219 rursus
1465 3183 1477 3218 :
1523 3184 1542 3216 ι
1599 3165 1734 3223 Illuc
1785 3171 2084 3238 producam

2718 2799 3110 2852 ΚΕΦΑΛΑΙΟΝ
3145 2799 3250 2852 1Δ’.

2763 2890 3014 2961 Ψαλμοῦ
3043 2894 3205 2959 p.2a'.
3585 2957 3594 2966 ί

2271 3003 2289 3033 ι
2313 2983 2515 3053 Ὤμοσε
2537 2982 2740 3057 Κύριος
2763 2983 2838 3054 τῷ
2857 2981 3018 3034 Δαυῒδ
3043 2981 3320 3052 ἀλήθειαν,
3346 2981 3440 3033 καὶ
3467 2979 3528 3032 οὐ
3555 2978 3628 3050 μὴ
3649 2977 3754 3031 ἀθε-

2191 3077 2347 3146 τὴσει
2367 3075 2549 3142 αὑτὸν,
2585 3076 2678 3129 Ἐκ
2709 3075 2923 3148 καρποῦ
2945 3077 3044 3146 τῆς
3067 3073 3273 3136 κοιλίας
3301 3089 3394 3125 σου
3421 3070 3655 3144 θήσομαι
3677 3071 3754 3121 ἐπὶ

2191 3166 2282 3220 τὸν
2311 3166 2496 3238 θρόνον
2527 3185 2673 3222 σου.)
2707 3169 2814 3222 Καὶ
2844 3167 3025 3226 πάλιν,
3058 3185 3076 3217 ι
3100 3166 3248 3220 Ἑκεί
3275 3164 3580 3228 ἐξανατελῶ
3608 3163 3754 3233 κέρας

516 3261 691 3301 cornu
745 3246 937 3314 David,
979 3253 1166 3321 paravi
1221 3252 1498 3309 lucernam
1532 3255 1757 3314 Christo
1792 3277 1934 3320 meo.
1979 3267 2090 3320 Ini-

2197 3255 2272 3326 τῷ
2299 3231 2482 3320 Δαυῒδ,
2515 3257 2781 3329 ήτοίμασα
2804 3257 2996 3327 λύχνον
3020 3256 3097 3328 τῷ
3125 3255 3344 3328 Χριστῷ
3375 3271 3497 3326 μου.
3527 3231 3754 3322 Τοὺςνὲχ-

516 3341 691 3396 micos
717 3343 838 3411 ejus
868 3343 1089 3398 induam
1122 3344 1441 3402 confusione
1467 3367 1480 3402 :
1514 3363 1679 3420 super
1703 3353 1881 3423 ipsum
1909 3365 2090 3414 autem

518 3431 782 3490 etilorebit
813 3436 1175 3492 sanctificatio
1209 3453 1328 3492 mea
1347 3437 1555 3494 ".illic
1581 3442 1870 3499 manifeste
1899 3445 2090 3502 Davidi

519 3541 643 3579 cum
673 3525 1034 3596 jurejurando
1064 3543 1092 3581 a
1121 3527 1232 3582 Deo
1253 3529 1543 3597 promissio
1565 3529 1632 3585 de
1659 3531 1880 3588 Christo
1908 3535 2090 3604 datur,

519 3619 676 3688 quasi
716 3637 746 3674 e
775 3622 984 3676 semine
1026 3621 1147 3690 ejus
1197 3623 1502 3690 nascituro,
1547 3623 1778 3696 ejusque
1831 3627 2089 3684 thronum

519 3723 910 3767 conscensuro.
939 3713 1162 3767 Multam
1213 3711 1303 3766 hic
1333 3713 1489 3770 locus
1527 3716 1963 3786 explanationem
1998 3719 2094 3776 de-

522 3799 808 3862 sideraret,
851 3815 973 3854 cum
1025 3815 1133 3855 non
1167 3801 1415 3856 videatur
1442 3806 1807 3874 corporaliter
1837 3805 2092 3866 Christus

523 3903 688 3958 super
719 3888 941 3944 Davidis
971 3891 1168 3945 solium
1203 3892 1434 3962 ejusque
1460 3909 1688 3964 regnum
1722 3895 2041 3952 consedisse
2075 3917 2090 3965 ;

521 3979 670 4050 quod
700 3995 830 4036 vero
875 3983 1296 4050 praeterihimus,
1336 3999 1460 4038 cum
1510 3999 1538 4038 a
1579 3987 1860 4056 proposito
1904 3998 2094 4044 nostro

526 4071 761 4126 alienum
802 4073 874 4126 sit
931 4073 1096 4143 hujus
1143 4075 1336 4144 psalmi
1393 4076 1828 4147 interpretationi
1875 4095 2091 4138 vacare.

523 4169 828 4224 Prudenter
866 4171 1013 4226 enim
1069 4185 1294 4228 necesse
1339 4181 1424 4228 est
1465 4187 1576 4229 non
1637 4191 1748 4230 uno
1799 4173 2095 4246 Scriptura:

523 4263 666 4325 loco,
713 4261 758 4314 si
791 4275 897 4315 non
923 4261 1098 4330 possit
1127 4264 1396 4332 corporali
1428 4279 1594 4319 sensu
1623 4263 1842 4320 Christo
1878 4281 2096 4321 accom-

523 4353 754 4417 modari,
805 4369 929 4424 qua:
993 4355 1179 4410 multis
1214 4357 1350 4411 locis
1409 4357 1696 4414 manifeste
1729 4359 1796 4413 de
1835 4373 1901 4414 eo
1948 4359 2094 4414 dicta

523 4455 654 4502 sunt
695 4449 942 4518 rejicere.
983 4447 1269 4503 Sin‘cerum
1313 4450 1478 4520 igitur
1523 4451 1748 4505 verbum
1778 4461 2090 4520 sequentes,

521 4547 576 4594 et
608 4541 710 4609 ipsi
754 4541 951 4596 divina:
985 4542 1202 4596 innixos
1258 4540 1576 4614 Scriptum,
1609 4545 1890 4598 attendere
1917 4545 2090 4604 decet.

521 4629 669 4698 quod
689 4629 888 4684 alicubi
909 4633 1084 4701 ipsum
1112 4631 1421 4686 mendicum
1437 4633 1747 4701 quemdam,
1767 4641 1822 4686 et
1843 4633 2024 4696 vilem,
2044 4643 2098 4687 et

523 4723 836 4792 ignobilem,
857 4739 1032 4794 neque
1055 4726 1287 4794 speciem
1315 4725 1604 4779 habentem
1627 4741 1802 4794 neque
1817 4725 2093 4788 decorem,

521 4821 814 4868 venturum
841 4831 964 4872 esse
987 4817 1340 4887 praznuntiat,
1359 4818 1494 4872 alias
1515 4832 1647 4872 vero
1673 4833 1852 4888 regem
1875 4818 2096 4886 conspi-

522 4923 686 4962 cuum
715 4907 993 4977 praedicat.
1031 4907 1272 4974 Quorum
1303 4909 1547 4978 qumdam
1572 4909 1790 4978 quidem
1821 4917 1874 4964 et
1902 4925 2098 4980 corpo-

523 5001 713 5057 raliter
731 4999 948 5070 impleta
965 5015 1086 5054 esse
1099 5000 1606 5070 possunt.qtnedam
1627 5015 1780 5066 vero,
1798 5000 2102 5054 solummo-

521 5093 591 5148 do
618 5091 921 5148 secundum
943 5089 1284 5160 spiritualem
1307 5086 1606 5159 Scriptura:
1641 5107 1885 5156 sensuum,
1921 5091 1975 5144 in
2009 5107 2094 5144 se-

521 5187 704 5242 cundo
735 5185 855 5255 ejus
891 5183 1124 5238 adventu
1157 5183 1431 5254 implenda
1457 5183 1902 5238 existimandum.
1949 5184 2100 5236 Atta-

523 5297 648 5335 men
681 5295 774 5334 rex
812 5277 1130 5332 Jndaeorum
1163 5285 1390 5331 vocatus
1425 5283 1508 5331 est
1540 5273 1806 5332 Dominus
1829 5287 2016 5332 noster
2041 5277 2096 5330 in

523 5375 700 5443 primo
737 5373 858 5442 ejus
897 5371 1155 5434 adventu,
1193 5385 1302 5424 non
1333 5375 1392 5422 ut
1435 5367 1640 5422 factum
1687 5377 1772 5424 cst
1805 5367 1980 5424 Pilato
2005 5367 2096 5443 ju:

523 5469 684 5520 bente
715 5467 864 5520 cruci
897 5465 1020 5532 ejus
1051 5461 1278 5525 Graecis,
1311 5459 1576 5517 Romanis
1609 5471 1661 5517 et
1691 5457 1976 5516 Hebraicis
2009 5461 2098 5516 lit-

523 5559 657 5610 teris
684 5555 908 5611 inscribi
935 5571 948 5606 :
985 5553 1084 5607 Hic
1123 5563 1200 5608 est
1229 5569 1321 5606 rex.
1345 5552 1656 5608 Judmorum
1675 5553 1736 5605 ⁸³.

2197 3346 2358 3418 θρούς
2390 3363 2484 3400 σου
2518 3347 2722 3400 ἐνδύσω
2753 3347 3014 3418 αἰσχύνην
3033 3388 3047 3410 ,
3084 3347 3176 3399 ἐπὶ
3202 3346 3258 3398 δέ
3287 3345 3450 3398 αὑτὸν
3489 3343 3756 3415 ἐξανθήσει

2196 3438 2256 3491 τὺ
2285 3439 2531 3510 ἁγίασμά
2563 3457 2684 3512 μου.
2713 3459 2729 3490 ι
2757 3441 2868 3494 Kal.
2887 3438 3117 3492 ἐνταῦθα
3147 3437 3330 3508 σαφῶς
3357 3437 3434 3508 τῷ
3463 3435 3630 3489 Δαυῒδ
3655 3435 3754 3505 μεθ’

2197 3531 2360 3600 ὅρκου
2391 3531 2496 3583 ὑπὸ
2524 3529 2616 3583 τοῦ
2647 3529 2781 3582 Θεοῦ
2812 3529 3110 3598 ἐπαγγελία
3151 3529 3280 3598 περὶ
3309 3527 3402 3579 τοῦ
3429 3525 3668 3596 Χριστοῦ
3695 3523 3756 3576 δί·

2197 3619 2378 3684 δοται,
2407 3619 2483 3684 ὡς
2517 3621 2581 3673 ἂν
2615 3623 2678 3673 ἐκ
2703 3619 3014 3690 σπέρματος
3037 3615 3198 3670 αὐτοῦ
3223 3613 3618 3684 γενηθήσεσθαι
3651 3609 3758 3680 μὲλ-

2196 3713 2378 3777 λοντος
2397 3753 2411 3774 ,
2448 3713 2541 3767 καὶ
2570 3711 2888 3778 καθέξοντος
2917 3709 3078 3764 αὐτοῦ
3114 3710 3203 3763 τὸν
3231 3707 3432 3779 θρόνον.
3489 3705 3694 3776 Πολλῆς
3719 3701 3756 3754 δ’

2199 3805 2494 3871 ἐξετάσεως
2533 3807 2721 3877 χρῄζοι
2762 3805 2827 3859 ἂν
2856 3805 2922 3858 τὰ
2955 3803 3092 3856 κατὰ
3129 3802 3252 3864 τοὺς
3283 3801 3480 3862 τόπους
3501 3839 3514 3862 ,
3547 3798 3670 3852 ἐπεὶ
3694 3797 3756 3868 μὴ

2197 3897 2326 3968 δοκῇ
2362 3895 2686 3967 σωματικῶς
2717 3897 2746 3948 ὁ
2773 3893 3004 3966 Χριστὸς
3036 3893 3128 3945 ἐπὶ
3155 3891 3243 3944 τὸν
3279 3890 3464 3960 θρόνον
3488 3889 3584 3942 τοῦ
3613 3886 3756 3940 Acuti

2199 3990 2292 4042 καὶ
2323 3989 2420 4058 τὴν
2449 3987 2722 4058 βασιλείαν
2743 3985 2908 4040 αὐτοῦ
2935 3983 3280 4038 κεκαθικέναι
3302 4023 3316 4044 ,
3350 3982 3386 4035 ἃ
3415 3979 3512 4036 καὶ
3537 3979 3754 4053 ὑπερθηο

2201 4081 2403 4152 σὸμεθα
2441 4080 2529 4133 διὰ
2566 4079 2627 4134 τὸ
2667 4080 2740 4150 μὴ
2779 4077 2880 4148 τῆς
2919 4075 3199 4148 παρούσης
3228 4073 3364 4130 εἶναι
3393 4071 3756 4145 πραγματεξας

2201 4175 2351 4246 παρὰ
2383 4173 2472 4226 τὸν
2517 4172 2876 4244 προκείμενον
2909 4169 3107 4222 σκοπὸν
3143 4165 3488 4239 κατατρξῦειν
3521 4165 3620 4222 τὴν
3649 4180 3754 4232 σχο-

2199 4263 2298 4334 λὴν
2330 4263 2422 4314 ἐπὶ
2445 4257 2543 4332 τῆν
2567 4259 2662 4313 τοῦ
2689 4258 2902 4329 ψαλμοῦ
2928 4259 3177 4330 διήγησιν
3195 4275 3208 4289 ⁸
3235 4255 3594 4326 εὐγνωμόνως
3613 4255 3668 4307 δέ
3685 4270 3754 4306 τοι

2199 4357 2304 4428 χρὴ
2341 4355 2413 4426 μὴ
2443 4353 2552 4408 ἀπὸ
2583 4355 2709 4425 μιᾶς
2735 4353 2956 4424 Γραφῆς
2975 4393 2988 4416 ,
3017 4353 3066 4404 εἰ
3095 4351 3167 4422 μὴ
3195 4351 3284 4424 ¹εἰή
3318 4349 3518 4420 δυνατὴ
3545 4348 3680 4402 κατὰ
3703 4345 3754 4398 τὸ

2201 4447 2508 4518 σωματικὸν
2529 4445 2858 4516 ἐφαρμόζειν
2873 4443 2950 4514 τῷ
2973 4443 3189 4514 Χριστῷ
3206 4484 3220 4507 ,
3237 4441 3302 4495 τὰ
3325 4439 3564 4510 πολλαχῆ
3589 4437 3754 4507 cae-6;;

2203 4541 2329 4612 περὶ
2372 4539 2534 4593 αὐτοῦ
2573 4537 2838 4609 εἰρημένα
2875 4534 3345 4606 παρακρούεσθαι·
3381 4533 3675 4604 ἑπομένους
3701 4545 3754 4597 γε

2205 4633 2310 4702 μὴν
2352 4631 2542 4700 ἁληθεῖ
2575 4630 2744 4699 λόγῳ,
2781 4629 2872 4682 καὶ
2905 4629 3040 4698 αὐτῇ
3083 4629 3148 4698 τῇ
3185 4625 3302 4698 θεία
3339 4625 3754 4698 παρισταμένους

2201 4727 2388 4796 Γραφῇ
2411 4763 2426 4780 .
2449 4723 2728 4792 scpis-cava:
2754 4721 3018 4792 προσήκει
3042 4759 3056 4782 ,
3077 4719 3136 4782 ὃς
3165 4717 3294 4770 ποτὲ
3319 4719 3416 4788 μὲν
3435 4717 3596 4769 αὐτὸν
3623 4731 3752 4769 πτω-

2203 4817 2296 4886 χόν
2327 4831 2448 4868 τινα
2477 4816 2569 4867 καὶ
2597 4813 2787 4883 εὐτελῆ
2817 4813 2910 4866 καὶ
2939 4811 3151 4882 ἄτιμον,
3174 4811 3248 4882 μὴ
3273 4810 3465 4880 ἔχοντα
3491 4805 3630 4871 εἶδος
3659 4825 3748 4879 μη-

2202 4909 2258 4961 δὲ
2285 4908 2512 4970 κάλλος,
2536 4905 2850 4959 ἐλεύσεσθαι
2881 4903 3228 4976 προφητεύει,
3259 4901 3444 4956 ἄλλοτε
3469 4901 3528 4954 δὲ
3553 4899 3752 4970 βασιλέα

2205 5001 2418 5071 ἔντιμον
2446 4999 2606 5053 αὐτόν
2635 5015 2826 5068 φησιν·
2855 4991 2929 5050 ὧν
2951 4997 3022 5049 τὰ
3055 4997 3152 5066 μὲν
3179 4996 3270 5048 καὶ
3295 4993 3618 5064 σωματικῶς
3639 4993 3750 5044 ἁπο-

2206 5090 2594 5164 πεπληρῶσθαι
2621 5089 2861 5150 δύναται,
2895 5087 3035 5142 τὰδὲ
3065 5087 3204 5140 κατᾶ
3231 5085 3388 5155 μόνον
3415 5083 3508 5136 τὸν
3535 5097 3745 5152 πνευμα-

2205 5185 2354 5237 τικὸν
2399 5183 2496 5254 τῆς
2533 5181 2754 5252 ι’ραφῆς
2797 5179 2954 5242 νοῦν,
3005 5177 3105 5247 ἤδη
3148 5177 3204 5228 δέ
3233 5191 3352 5227 τινα
3383 5175 3478 5227 καὶ
3507 5171 3642 5226 κατὰ
3671 5173 3752 5239 τὴν

2202 5275 2460 5344 δευτέραν
2507 5259 2670 5326 αὑτοῦ
2719 5267 3018 5341 παρουσίαν
3061 5262 3508 5334 πληρωθήσεσθαι
3545 5260 3748 5331 προσδο-

2205 5363 2418 5432 κητέον.
2459 5361 2602 5431 Πλὴν
2635 5361 2729 5413 καὶ
2761 5355 3012 5429 βασιλεὺς
3055 5355 3322 5408 Ἰουδαίων
3353 5349 3750 5422 ἐχρημάτισενό

2203 5458 2406 5529 Κύριος
2427 5455 2582 5526 ἡμῶν
2614 5453 2753 5508 κατὰ
2777 5453 2875 5523 τὴν
2902 5451 3122 5524 πρώτην
3146 5447 3307 5502 αὑτοῦ
3337 5445 3648 5517 παρουσίαν,
3669 5443 3750 5508 οὐχ

2203 5549 2278 5610 ὡς
2299 5549 2452 5616 ἔτυχε
2475 5563 2570 5600 του
2593 5546 2822 5598 Πιλάτου
2847 5541 3200 5603 κελεύσαντος
3223 5537 3587 5610 ἐπιγραφῆναι
3605 5529 3750 5589 αύτοῦ

521 5649 600 5720 τῷ
623 5649 837 5720 σταυρῷ
859 5647 1180 5718 γράμμασιν
1209 5645 1536 5716 Ἑλληνικοῖς
1551 5645 1646 5699 καὶ
1673 5645 2002 5715 Ῥωμαϊκοϊς
2022 5645 2115 5697 καὶ
2129 5641 2436 5714 Ἑϐραϊκοῖς
2457 5640 2536 5702 τὸ,
2551 5636 2737 5704 Οὗτός
2755 5639 2924 5692 ἐστιν
2947 5640 2980 5690 ό
2989 5633 3288 5700 βασιλεὺς
3299 5631 3418 5684 τῶν
3449 5628 3746 5685 Ἰουδαίων-

593 5769 638 5800 '-""
675 5749 822 5822 'l'sal.
855 5783 968 5828 xxv,
995 5767 1080 5821 l9.
1157 5765 1202 5796 ⁷⁸
1239 5763 1396 5819 Joan.
1435 5782 1549 5828 xix,
1585 5765 1675 5834 9.5,
1707 5765 1800 5822 24.
1877 5767 1918 5794 τῖ’
1963 5763 2091 5818 ibid.

2199 5805 2210 5818 .
2293 5763 2336 5794 5°
2371 5761 2558 5816 Matth.
2593 5775 2684 5812 xxt
2739 5759 2792 5812 9.

497 5839 610 5928 .17.
655 5839 740 5894 if.
815 5837 858 5868 ⁸³
899 5835 1084 5890 Matth.
1125 5849 1309 5898 xxvii,
1345 5835 1432 5888 57.

2905 5759 2942 5788 θ’
2987 5753 3129 5810 Psal.
3167 5767 3350 5818 csxxt,
3397 5753 3478 5806 11.
3555 5749 3593 5778 ³⁸
3633 5743 3746 5800 ii:id.
