3954 6516
185 407 348 463 HI?)

740 532 1035 587 ΚΕΦΑΛΑῙ
1043 534 1132 588 ΟΝ
1172 536 1271 588 ιε’.

785 645 1036 714 Ψαλμοῦ
1063 645 1220 716 ρμιί.

263 728 389 784 Καὶ
422 731 484 785 τὸ
519 732 704 787 ἐνθάδε
755 734 1046 807 λεγόμενον
1069 777 1083 798 ,
1118 757 1136 789 ς
1186 739 1314 810 Ἐμέ
1354 740 1679 812 ὑπομενοῦσι
1727 743 1796 797 δί-

186 840 350 876 καιοι
379 824 486 888 ἕως
526 821 587 879 οὗ
629 827 941 913 ἁνταποδῷς
973 845 1083 898 μοι,
1126 849 1143 880 υ
1180 829 1353 882 ἔοικεν
1394 833 1456 883 ἐκ
1501 832 1792 901 προσώπου

190 912 461 979 Αέγεσθαι
502 915 596 968 τοῦ
629 916 895 988 Σωτῆρος
945 917 1065 970 τίνα
1117 918 1225 991 γὰρ
1262 920 1418 974 ἄλλον
1468 922 1793 993 ὑπομενοῦσι

190 1006 405 1059 Ξίκαιοι
452 1008 556 1071 ἓως
604 1001 664 1060 οὗ
708 1009 986 1080 ἁνταποδῷ
1034 1010 1181 1081 αὐτῷ
1224 1012 1252 1062 6
1298 1012 1445 1076 Θεὸς,
1482 1013 1515 1083 ἢ
1567 1014 1790 1081 τοῦτον;

198 1093 375 1150 Ἐπεὶ
408 1098 591 1163 καθὼς
624 1101 840 1172 εἴρηταί
892 1118 993 1154 που
1034 1103 1160 1173 περὶ
1202 1103 1309 1156 τῶν
1343 1104 1507 1157 πάλαι
1547 1105 1790 1171 δικαίων,

188 1190 273 1253 ὡς
310 1193 422 1262 ἄρα
463 1212 480 1241 ι
521 1192 975 1264 Μαρτυρηθέντες
1006 1194 1104 1247 οὐκ
1147 1196 1469 1265 ἐκομίσαντο
1497 1199 1594 1261 τὰς
1625 1202 1794 1269 ἐπαγ-

196 1283 415 1351 γελίας,
445 1282 538 1335 τοῦ
567 1283 700 1336 Θεοῦ
735 1284 981 1355 κρεῖττόν
1001 1302 1053 1337 τι
1090 1286 1214 1356 περὶ
1242 1288 1272 1357 ἡ
1283 1286 1396 1357 μῶν
1422 1287 1796 1360 προϐλεψαμέ-

196 1390 290 1426 νου
320 1374 412 1426 ἵνα
451 1375 524 1444 μὴ
567 1376 734 1445 χωρὶς
773 1374 929 1445 ἡμῶν
972 1376 1350 1432 τελειωθῶσιν.
1393 1399 1411 1430 ι
1441 1380 1609 1449 Δῆλον
1639 1381 1682 1433 δ’
1710 1382 1792 1434 ὅτι

190 1466 370 1518 αὑτὸν
398 1468 501 1535 ὁρᾷ
537 1466 597 1519 τὸ
643 1467 804 1539 ῥητὸν
830 1468 936 1521 ἀπὸ
962 1468 1054 1520 τοῦ
1102 1470 1193 1521 καὶ
1234 1470 1303 1522 τὰ
1336 1472 1476 1523 κατά
1518 1471 1580 1524 τὸ
1623 1472 1793 1536 πάθος

194 1557 372 1609 αὑτοῦ
410 1559 468 1609 ἐν
504 1557 580 1628 τῷ
608 1558 810 1630 ψαλμῷ
864 1559 1171 1624 ἀκολούθως
1194 1564 1313 1624 ταῖς
1358 1561 1546 1625 ἄλλαις
1578 1580 1791 1634 προφη-

192 1651 377 1712 τείαις
431 1652 933 1723 προσημαίνεσθαισ
997 1654 1305 1724 γέγραπται
1329 1654 1481 1722 γοῦν,
1519 1673 1537 1704 ‹
1590 1657 1792 1726 Ἐκχεῶ

195 1741 440 1795 ἐνώπιον
480 1742 643 1796 αὑτοῦ
676 1743 774 1815 τὴν
826 1743 1007 1816 δέησίν
1043 1763 1163 1816 μου,
1200 1746 1297 1816 τὴν
1336 1745 1513 1816 θλίψιν
1559 1764 1657 1818 μου
1709 1749 1791 1799 ἐν·

193 1832 377 1886 ὡπιον
404 1833 569 1887 αὐτοῦ
592 1835 906 1903 ἀπαγγελῶ.
942 1837 1027 1888 Ἑν
1055 1836 1132 1907 τῷ
1158 1837 1426 1890 ἐκλείπειν
1471 1836 1528 1902 ἐξ
1569 1838 1702 1909 ἐμοῦ
1727 1840 1789 1891 τὸ

194 1927 429 1997 πνεῦμά
464 1945 585 1997 μου,
619 1928 712 1979 καὶ
753 1927 816 1980 σὺ
848 1927 1019 1997 ἔγνως
1050 1930 1147 1994 τὰς
1179 1930 1396 2001 τρίϐους
1432 1948 1530 2001 μου
1552 1948 1565 1960 ·
1592 1933 1648 1983 ἐν
1688 1930 1792 2001 ὁδῷ

199 2017 404 2095 ταύτῃ,
529 2018 892 2089 ἐπορευόμην,
941 2018 1183 2091 ἔκρυψαν
1230 2022 1430 2089 παγίδα
1484 2038 1607 2091 μοι·
1641 2042 1658 2073 ι
1699 2022 1792 2075 καὶ

201 2115 389 2177 πάλιν,
416 2134 435 2164 ‹
466 2116 654 2169 Ῥὖσαί
675 2134 739 2187 με
758 2118 821 2169 ἐκ
841 2117 947 2169 τῶν
968 2119 1407 2172 καταδιωκόντων
1432 2138 1519 2190 με.
1542 2126 1555 2181 (
1567 2121 1599 2173 Γ.
1627 2122 1698 2174 95
1716 2124 1788 2192 νο)

192 2209 279 2260 ὅτι
338 2209 793 2280 ἐκραταιώθησαν
846 2210 985 2282 ὑπὲρ
1043 2212 1162 2283 ἐμὲ.
1208 2232 1225 2263 ι
1260 2212 1481 2276 Τούτοις
1526 2215 1653 2285 ἑξῆς
1697 2215 1791 2268 καὶ

197 2296 333 2372 ἦερὶ
378 2301 479 2370 τῆς
532 2302 595 2354 ἐκ
638 2302 846 2375 νεκρῶν
892 2304 1237 2369 ἀναστάσεως
1288 2306 1450 2359 αὑτοῦ
1501 2308 1792 2377 εὐχόμενός

195 2408 393 2462 ερησιν·
426 2409 444 2443 ‹
490 2391 751 2461 Ἐξάγαγε
784 2394 846 2445 ἐκ
891 2393 1136 2464 φυλακῆς
1185 2394 1283 2464 τὴν
1317 2393 1493 2465 ψυχήν
1542 2412 1661 2465 μου,
1696 2395 1788 2448 τοῦ

197 2481 703 2553 ἐξομολογήσασθαι
732 2482 811 2554 τῷ
840 2484 1061 2555 ὀνόματί
1096 2501 1188 2537 σου
1215 2501 1229 2514 ·
1272 2505 1289 2537 ι
1327 2481 1407 2548 οἷς
1440 2485 1688 2559 ἐπιφέρει
1708 2487 1788 2552 τὸ,

203 2590 223 2626 ι
273 2573 419 2643 Ἐμέ
477 2573 806 2644 ὑπομένουσι
848 2573 1042 2627 δίκαιοι
1089 2574 1193 2637 ἕως
1246 2574 1559 2646 ἀνταποδῷς
1618 2593 1725 2646 μοι.
1765 2595 1783 2627 ι

207 2666 553 2736 ’Υπέμειναν
602 2661 695 2718 οὖν
727 2665 818 2718 τὸν
863 2666 1094 2735 Χριστὸν
1143 2666 1339 2731 πάντες
1385 2668 1580 2721 ἐκεῖνοι
1619 2670 1665 2721 οἱ
1709 2668 1785 2721 δί-

198 2775 352 2811 καιοι
417 2758 523 2821 ἓως
574 2751 635 2811 οὗ
688 2757 969 2828 ἀνταποδῷ
1029 2759 1177 2828 αὐτῷ
1219 2760 1247 2811 6
1293 2760 1513 2831 Πατὴρ,
1558 2760 1673 2814 ἀνθ’
1715 2753 1790 2815 ὧν

203 2872 221 2902 ι
259 2853 532 2905 ἐκένωσεν
582 2852 792 2913 ἑαυτὸν,
824 2852 1063 2923 ὑπήκοος
1105 2852 1252 2923 αὐτῷ
1298 2854 1587 2925 γενόμενος
1631 2854 1790 2926 μέχρι

198 2944 461 2998 θανάτου.
508 2964 526 2995 ι
552 2944 685 2997 Τίνα
718 2943 773 2995 δὲ
796 2944 1074 3015 ἀνταποδῷ
1107 2943 1313 3016 αὐτῷῆ
1355 2965 1372 2996 ι
1404 2947 1471 2999 τά
1503 2945 1628 3017 ἔθνη
1662 2946 1790 3017 κλη-

200 3035 485 3106 ρονομίαν,
529 3035 621 3087 καὶ
652 3035 751 3104 τὴν
782 3036 1106 3105 κατάσχεσιν
1141 3035 1302 3089 αὐτοῦ
1347 3034 1415 3089 τὰ
1443 3036 1656 3108 πέρατα
1688 3041 1789 3109 τῆς

200 3129 337 3198 γῆς·
382 3145 403 3177 ι
433 3128 501 3181 ἵν’
531 3129 657 3181 ὅταν
685 3128 745 3180 τὸ
771 3127 1043 3198 πλήρωμα
1068 3128 1176 3181 τῶν
1205 3129 1373 3182 ἐθνῶν
1396 3127 1631 3203 εἰσέλθῃ,
1666 3130 1788 3183 τότε

1232 412 1523 470 ECLOGA:
1564 412 2045 473 PBOPI-IETICE.
2090 450 2159 459 ——
2198 417 2327 475 LIB.
2365 419 2432 474 ll.

1830 542 1873 596 A
2491 536 2721 593 CAPUT
2750 537 2864 592 XV.

3330 425 3467 475 HM

2060 652 2106 706 E
2137 653 2343 723 psalmo
2374 651 2655 706 centesimo
2684 650 3092 722 quadragesimo
3120 648 3312 717 primo.

1965 743 2096 811 Quae
2132 744 2219 798 hic
2249 745 2506 798 dicuntur
2537 759 2551 796 :
2592 761 2609 793 ι
2650 741 2732 797 Me
2765 749 3083 812 exspectant
3108 740 3266 810 justi,
3295 739 3468 795 donec

1894 835 2168 890 retribuas
2204 836 2335 888 mihi
2355 834 2437 889 ἐς
2475 855 2492 885 ι
2529 835 2595 888 de
2629 832 2930 888 Salvatoris
2978 846 3212 903 persona
3251 831 3359 885 dici
3386 830 3470 885 vi-

1894 928 2109 981 dentur.
2142 925 2314 993 Quem
2351 928 2493 981 enim
2538 926 2703 979 alium
2741 926 3137 995 exspectabunt
3181 923 3340 992 justi,
3370 922 3469 977 do-

1894 1038 1993 1077 nec
2024 1020 2167 1076 Deus
2197 1020 2463 1075 retribuat
2491 1019 2563 1084 ei,
2590 1019 2699 1073 nisi
2725 1019 2869 1072 hunc
2911 1017 3127 1089 ipsum?
3155 1015 3467 1071 Sicutenim

1893 1113 2100 1167 dictum
2132 1123 2215 1166 est
2245 1111 2312 1166 de
2346 1111 2624 1181 prioribus
2670 1110 2864 1180 jnstis,
2905 1127 2923 1159 ι
2964 1107 3029 1161 Et
3064 1107 3117 1161 hi
3152 1122 3340 1162 omnes
3389 1113 3470 1160 te-

1894 1207 2152 1261 stimonio
2182 1205 2303 1260 fidei
2326 1204 2560 1273 probati,
2597 1218 2705 1256 non
2732 1210 3062 1271 acceperunt
3082 1196 3470 1269 repromissio-

1894 1316 2040 1361 nem,
2084 1299 2194 1353 Deo
2224 1313 2322 1368 pro
2366 1297 2525 1351 nobis
2559 1295 2754 1349 melius
2786 1294 2990 1363 aliquid
3039 1293 3374 1363 providente,
3407 1298 3467 1343 ut

1892 1408 2004 1447 non
2044 1393 2160 1447 sine
2204 1390 2363 1444 nobis
2414 1396 2935 1443 consummarentur
2956 1389 3025 1451 ⁸⁸,
3074 1406 3093 1438 ι
3128 1394 3275 1456 patet
3319 1384 3465 1454 quod

1890 1499 2017 1538 eum
2052 1482 2257 1537 indicat
2289 1481 2535 1551 psalmus
2566 1495 2661 1549 per
2689 1479 2962 1548 passionis
2989 1486 3208 1547 tempus
3227 1486 3281 1533 et
3307 1477 3373 1531 ab
3401 1491 3466 1531 eo

1894 1585 2135 1645 tempore
2186 1574 2400 1629 ostendi
2457 1573 2712 1628 similiter
2769 1587 2831 1624 ae
2884 1571 2937 1623 in
2989 1570 3110 1623 aliis
3144 1568 3463 1640 prophetiis.

1896 1665 2174 1735 Scriptum
2222 1671 2307 1719 est
2337 1664 2544 1734 igitur:
2587 1681 2606 1712 ‹
2644 1658 2877 1713 Είΐυηάο
2914 1657 2969 1711 in
3015 1664 3313 1724 compectu
3349 1654 3467 1723 ejus

1894 1759 2198 1812 orationem
2246 1770 2448 1819 meam,
2481 1760 2531 1808 et
2566 1752 2973 1807 tribulationem
3020 1761 3194 1801 meam
3240 1752 3366 1799 ante
3396 1746 3468 1815 ip-

1894 1868 2014 1907 sum
2072 1850 2389 1922 pronuntio.
2456 1848 2513 1902 ln
2574 1844 2878 1901 deﬁciendo
2934 1858 3000 1896 ex
3065 1856 3153 1895 me
3214 1839 3468 1909 spiritum

1896 1959 2099 2011 meum,
2134 1952 2188 1998 et
2221 1952 2276 1997 tu
2328 1939 2633 2011 cognovisti
2678 1937 2901 1992 semitas
2948 1948 3116 1988 meas.
3154 1931 3209 1987 In
3242 1933 3327 1986 via
3368 1931 3468 1985 hac

1895 2053 1999 2106 qua
2028 2035 2399 2096 ambulabant,
2445 2030 2855 2086 absconderunt
2891 2028 3143 2097 laqueum
3188 2023 3409 2090 mihi”;
3443 2042 3462 2076 ι

1893 2138 1948 2184 et
1994 2144 2186 2183 rursus
2231 2146 2242 2180 :
2301 2144 2318 2176 ι
2364 2124 2557 2179 Libera
2608 2138 2692 2177 me
2742 2137 2771 2175 a
2816 2117 3273 2190 persequentibus
3317 2130 3404 2170 me
3449 2129 3462 2167 :

1892 2219 2018 2289 quia
2050 2215 2342 2271 confortati
2376 2221 2503 2269 sunt
2535 2228 2701 2283 super
2733 2228 2819 2266 me
2834 2210 2899 2265 ⁸⁷.
2937 2230 2955 2262 ›
2981 2208 3112 2262 Post
3142 2208 3257 2263 haec
3287 2205 3465 2261 conti-

1894 2325 2003 2364 nuo
2041 2308 2109 2364 de
2150 2323 2247 2363 sua
2278 2324 2307 2361 a
2357 2306 2587 2360 mortuis
2635 2301 3043 2358 resurrectione
3080 2315 3245 2355 orans
3275 2298 3408 2353 dicit
3448 2318 3463 2355 :

1898 2424 1916 2457 ι
1963 2403 2114 2457 Educ
2144 2403 2211 2457 de
2240 2400 2491 2456 custodia
2526 2400 2761 2453 animam
2788 2411 2963 2452 meam
2996 2396 3063 2449 ad
3093 2394 3464 2449 conﬁtendum

1892 2494 2101 2549 nomini
2132 2500 2228 2546 tuo
2261 2505 2389 2545 :me
2436 2494 2757 2559 exspectant
2787 2487 2944 2556 justi,
2978 2485 3154 2540 donec
3189 2485 3466 2539 retribuas

1890 2583 2107 2639 mihi”.
2136 2603 2154 2635 ι
2192 2582 2663 2653 Exspectaverunt
2693 2579 2860 2649 igitur
2886 2593 3079 2633 omnes
3118 2577 3172 2631 hi
3199 2576 3336 2647 justi
3366 2574 3467 2631 do-

1892 2690 1994 2730 nec
2020 2674 2069 2730 ei
2095 2675 2362 2752 retribuat
2388 2674 2568 2740 Pater,
2600 2688 2666 2728 eo
2685 2670 2830 2741 quod
2854 2688 2874 2723 ι
2913 2669 3234 2725 exinaniens
3268 2677 3460 2725 semet-

1892 2768 2091 2839 ipsum,
2163 2768 2426 2824 obediens
2488 2767 2539 2823 ei
2597 2766 2774 2821 factus
2829 2773 2912 2821 est
2971 2777 3145 2834 usque
3190 2761 3258 2816 ad
3313 2776 3465 2815 mor-

1892 2869 1999 2917 tem
2016 2862 2084 2919 δ’.
2124 2881 2142 2914 ›
2174 2861 2308 2929 Qum
2357 2878 2490 2918 vero
2528 2862 2793 2917 retribuet
2830 2859 2901 2925 ei,
2947 2858 3057 2913 nisi
3089 2876 3107 2909 ι
3140 2862 3331 2928 gentes
3354 2855 3465 2911 ha?-

1890 2954 2198 3020 reditatem,
2230 2965 2283 3009 et
2308 2954 2690 3026 possessiones
2723 2953 2843 3021 ejus
2867 2951 3134 3006 terminos
3167 2956 3325 3003 terrae
3339 2947 3459 3017 "pi

1893 3053 1971 3112 ut,
2004 3060 2129 3100 cum
2158 3046 2559 3103 consummatio
2593 3044 2833 3116 gentium
2864 3043 3096 3106 eveniet,
3118 3049 3250 3095 tunc
3275 3046 3329 3095 et
3352 3054 3463 3094 om-

1890 3135 1977 3189 nis
2006 3135 2168 3192 Israel
2199 3138 2459 3201 salvetur,
2496 3137 2791 3207 omniaque
2821 3150 2943 3205 quae
2971 3134 3024 3188 in
3079 3134 3287 3204 psalmo
3319 3130 3463 3185 dicta

200 3223 299 3275 καὶ
329 3224 358 3275 6
384 3224 491 3283 πᾶς
530 3220 742 3292 Ἰσραὴλ
776 3220 941 3292 σωθῇ,
973 3221 1066 3274 καὶ
1096 3221 1191 3275 ὅλα
1217 3222 1271 3274 δὲ
1306 3221 1372 3275 τὰ
1402 3223 1458 3274 ἐν
1492 3222 1568 3290 τῷ
1591 3220 1787 3292 ψαλμῷ

1895 3234 2041 3293 sunt,
2075 3227 2143 3282 ad
2176 3227 2296 3298 ejus
2341 3227 2777 3283 incarnationem
2809 3227 2863 3281 in
2907 3241 3016 3297 qua
3060 3224 3298 3280 insidiati
3337 3228 3464 3277 sunt

199 3315 517 3387 ἐφαρμόσαι
548 3314 612 3367 ἂν
650 3313 726 3384 τῷ
762 3312 1002 3387 Χριστῷ,
1037 3312 1105 3365 τά
1134 3313 1272 3366 κατὰ
1304 3308 1401 3384 τὴν
1442 3312 1788 3384 ὲνανθρώπη-

200 3423 289 3460 σιν
325 3404 511 3467 αὐτοῦ,
548 3404 666 3457 καθ’
701 3404 768 3475 ἣν
798 3404 1182 3474 ἐπεϐουλεύθη,
1217 3406 1556 3475 περιέχοντα.

728 3519 1121 3572 ΚΕΦΛΛΛΙΟΝ
1163 3520 1242 3585 1:;
1260 3518 1296 3571 '.

790 3609 1037 3678 Ψαλμοῦ
1057 3616 1207 3679 pm’.

287 3703 379 3755 Ἐν
417 3704 513 3772 μὲν
547 3701 623 3772 τῷ
656 3700 794 3773 μετὰ
826 3705 1012 3772 χεῖρας
1048 3700 1247 3772 ψαλμῷ
1278 3701 1514 3770 λέγεται,
1545 3721 1561 3751 ι
1590 3700 1786 3771 Κύριε.

203 3797 383 3851 κλῖνον
416 3796 677 3866 οὐρανοὺς
714 3795 807 3848 καὶ
828 3794 1115 3865 κατάϐηθι,
1153 3813 1170 3844 ι
1215 3793 1347 3846 ἐνδέ
1379 3792 1456 3863 τῷ
1491 3790 1574 3855 ιζ’,
1617 3811 1633 3844 ι
1680 3793 1791 3846 Καὶ

203 3888 413 3941 ἔκλινεν
435 3889 696 3959 οὐρανοὺς
726 3887 818 3940 καὶ
845 3886 1069 3956 κατέϐη.
1103 3905 1121 3937 δ
1166 3885 1652 3955 Ἐσημειωσάμεθα
1683 3885 1781 3955 μὲν

204 3976 297 4033 οὖν
329 3981 491 4034 κάκεῖ
523 3981 615 4033 καὶ
642 3980 701 4032 τὸ
739 3978 920 4050 ῥητὸν,
955 3978 1048 4031 καὶ
1080 3978 1311 4031 ἐνταῦθα
1345 3979 1401 4031 δέ
1434 3979 1625 4031 ταυτὸν
1668 3996 1787 4031 ποι-

203 4068 394 4131 οῦντες
414 4069 540 4140 περὶ
564 4068 656 4121 τοῦ
684 4068 858 4136 Λόγου
895 4066 988 4119 τοῦ
1018 4067 1152 4119 Θεοῦ
1174 4068 1345 4121 ταῦτα
1366 4068 1619 4137 λέγεσθαι
1645 4070 1790 4121 ὑπει-

204 4162 479 4231 λήφαμεν.
527 4161 724 4224 Κλίνας
762 4161 869 4231 γὰρ
920 4162 1180 4232 οὐρανοὺς
1212 4160 1290 4231 τῷ
1327 4161 1559 4214 κενῶσαι
1598 4162 1789 4214 ἑαυτὸν

205 4255 305 4324 τῆς
334 4255 655 4325 ἐπουρανίου
688 4256 780 4307 καὶ
813 4256 869 4307 ἐν
897 4256 1076 4325 μορφῇ
1101 4253 1235 4307 Θεοῦ
1269 4253 1447 4325 δόξης,
1482 4255 1560 4316 εἰς
1584 4253 1653 4306 τὰ
1689 4271 1788 4306 κα-

208 4344 419 4416 τώτερα
456 4345 555 4416 τῆς
605 4344 708 4415 γῆς
744 4344 1072 4414 κατελήλυθε
1115 4344 1179 4397 δι’
1210 4345 1278 4413 ἢν
1320 4344 1602 4408 ἀνεδέξατο
1646 4345 1787 4417 ὑπὲρ

205 4434 303 4505 τῆς
338 4433 639 4505 ἀνθρώπων
683 4434 951 4506 σωτηρίας
998 4435 1333 4505 οἰκονομίαν·
1375 4435 1497 4487 ὅθεν
1543 4435 1647 4507 πρὸ
1693 4434 1786 4487 τοῦ

206 4527 519 4590 ἐκτεθέντος
559 4527 720 4597 ῥητοῦ
754 4526 1147 4597 ἀποθαυμάσας
1182 4528 1210 4579 6
1236 4526 1388 4594 λόγος
1423 4526 1591 4596 φησί·
1627 4545 1644 4576 ε
1676 4526 1788 4580 Κύ-

206 4639 313 4693 ριε,
356 4620 407 4673 τί
444 4622 589 4673 ἐστιν
619 4620 901 4689 ἄνθρωπος
944 4620 1023 4672 ὅτι
1069 4616 1344 4689 ἐγνώσθης
1394 4617 1561 4687 αὐτῷ,
1604 4619 1636 4689 ἢ
1675 4619 1790 4681 υἱὸς

205 4712 495 4784 ἀνθρώπου
521 4711 602 4764 ὃτι
630 4710 820 4783 λογίζῃ
860 4709 1052 4777 αὐτόν;
1089 4728 1107 4760 ι
1139 4710 1233 4771 Εἰς
1268 4709 1422 4761 τοῦτο
1453 4708 1561 4779 γὰρ
1604 4708 1785 4773 κλίνας

207 4808 333 4869 τοὺς
368 4802 691 4872 λεγομένους
740 4802 998 4872 οὐρανοὺς
1035 4800 1396 4871 κατελήλυθεν
1441 4801 1468 4851 ὁ
1515 4799 1606 4852 τοῦ
1649 4799 1783 4852 Θεοῦ

209 4898 402 4965 Λόγος,
425 4895 500 4958 ὡς
529 4895 593 4947 ἂν
621 4894 886 4963 γνωσθείη
919 4893 1340 4965 ἐνανθρωπήσας
1357 4892 1432 4963 τῷ
1454 4892 1561 4945 τῶν
1582 4892 1679 4944 ἀνθ
1690 4891 1786 4964 ρώ-

209 5006 326 5040 πων
358 4988 503 5056 γένει
540 4986 798 5057 πρότερον
835 4984 1194 5054 ἀγνοούμενος
1216 4984 1363 5053 αὐτῷ
1387 5000 1398 5013 ·
1437 4986 1530 5037 καὶ
1545 4985 1605 5037 οὐ
1627 5001 1784 5055 περι-

207 5082 506 5152 εφρόνησεν
555 5080 681 5150 παρ’
740 5077 889 5130 οὐδὲν
956 5077 1297 5148 ἡγησάμενος
1350 5077 1439 5129 τὸν
1499 5078 1786 5147 γενόμενον

208 5174 324 5225 υἱὸν
364 5169 675 5240 ἀνθρώπου,
720 5167 863 5220 τοῦτ’
893 5166 1005 5219 ἔστι
1056 5168 1234 5219 πᾶσαν
1272 5164 1369 5235 τὴν
1418 5164 1641 5237 λογικὴν
1694 5168 1787 5219 καὶ

208 5264 328 5317 κατ’
364 5261 550 5314 εἰκόνα
585 5258 718 5311 6εοῦ
751 5259 1047 5329 γενομένην
1078 5256 1273 5328 ψυχήν·
1315 5256 1407 5309 καὶ
1442 5257 1511 5310 τὰ
1544 5256 1702 5311 λοιπά
1731 5258 1787 5311 δὲ

209 5354 302 5408 τοῦ
337 5352 553 5422 ψαλμοῦ
589 5351 971 5421 πνευματικῶς
993 5350 1346 5420 ἐκλαμϐάνων
1373 5350 1643 5420 νοήσειας.

735 5465 1127 5517 ΚΕΦΑΛΑΙΟΝ
1168 5466 1261 5518 1Ζ’.

795 5557 1041 5625 Ψαλμοῦ
1063 5556 1206 5626 Qui".

281 5656 391 5708 Καὶ
419 5654 497 5716 τὸ,
528 5672 545 5702 ς
599 5654 655 5705 'U
696 5650 1037 5704 ἀποστέλλων
1070 5651 1129 5704 τὸ
1171 5650 1348 5718 λόγιον
1387 5648 1548 5703 αὐτοῦ
1594 5651 1660 5719 τῇ
1693 5651 1784 5719 γῇ,

287 5811 335 5841 ⁸⁵
364 5811 509 5865 Psal.
545 5826 691 5874 cm,
727 5811 780 5866 8.
856 5810 903 5841 ⁸⁸
940 5807 1103 5863 Hebr.
1143 5825 1218 5869 xi.
1255 5809 1344 5872 39,
1375 5809 1463 5862 40.
1539 5806 1584 5839 ⁸⁸
1622 5805 1764 5861 Psal.

1895 5824 1941 5864 ιι.
1978 5807 2031 5864 5,
2066 5805 2117 5859 4.
2194 5805 2237 5835 ⁸⁷
2257 5804 2387 5858 ibid.
2428 5805 2479 5857 7.

1335 5881 1378 5911 θ’
1420 5879 1561 5934 Psal.
1600 5893 1747 5943 xvn,
1786 5876 1873 5931 10.
1949 5877 1994 5908 ’³
2034 5874 2178 5932 Psal.
2215 5890 2416 5939 cum,
2450 5876 2503 5930 5.

210 5883 255 5916 ⁸⁸
296 5882 442 5939 Psal.
483 5899 553 5937 ιι.
586 5882 637 5937 8.
717 5882 760 5913 θ’
797 5878 941 5936 Psal.
973 5895 1169 5940 cum.
1207 5880 1259 5934 5.

1891 3319 1964 3384 ei,
2003 3319 2333 3375 referantur.

2486 3513 2713 3569 CAPUT
2751 3513 2889 3567 XVI.

2066 3607 2115 3663 E
2142 3609 2346 3677 psalmo
2372 3609 2652 3661 centesimo
2678 3606 3086 3677 quadragesimo
3120 3602 3290 3657 tertio.

1963 3700 2021 3756 In
2057 3702 2159 3757 hoe
2186 3701 2396 3771 psalmo
2426 3699 2628 3753 dicitur
2657 3717 2667 3751 :
2710 3716 2727 3747 ‹
2770 3697 3015 3762 Domine,
3045 3693 3255 3748 inclina
3294 3689 3461 3746 caelos

1892 3804 2017 3851 tuos
2055 3803 2109 3849 et
2143 3793 2515 3858 descende";
2559 3812 2576 3843 ι
2611 3800 2661 3847 et
2686 3792 2754 3871 ῥυ
2786 3790 2997 3845 decimo
3027 3788 3263 3858 septimo
3293 3800 3306 3837 :
3340 3802 3359 3834 ι
3384 3782 3445 3838 In

1889 3891 2113 3946 clinavit
2142 3890 2313 3944 cmlos
2339 3896 2394 3943 et
2425 3886 2792 3942 descendit”.
2824 3904 2842 3936 ι
2872 3882 3226 3939 Ostendimus
3255 3878 3388 3949 jam,
3411 3883 3459 3933 et

1889 3999 2036 4038 nunc
2080 3982 2277 4036 iterum
2316 3980 2431 4034 lucc
2464 3979 2530 4033 de
2557 3977 2732 4033 Verbo
2767 3975 2860 4030 Dei
2919 3969 3335 4030 commemorari
3367 3966 3460 4023 de-

1890 4080 2281 4130 monstramus.
2306 4071 2582 4127 lnclinans
2606 4069 2751 4125 enim
2784 4068 2974 4129 cmlos,
3007 4080 3131 4121 cum
3164 4063 3460 4125 ccelestem,

1888 4175 1942 4223 et
1980 4168 2071 4222 Dei
2109 4167 2294 4238 gloria:
2341 4164 2572 4219 formam
2620 4168 2863 4222 exueret,
2906 4160 2960 4214 in
3022 4155 3453 4229 profundissima

1890 4268 2050 4315 terra:
2082 4256 2367 4313 descendit
2413 4270 2475 4309 ea
2511 4252 2692 4322 specie
2731 4266 2894 4321 quam
2936 4264 3035 4319 pro
3063 4246 3345 4301 hominum
3378 4257 3457 4295 sa.

1889 4351 2002 4405 lute
2032 4348 2258 4417 accepit.
2290 4345 2443 4401 Unde
2470 4357 2593 4399 ante
2623 4344 2738 4397 hzec
2794 4356 2915 4411 qua:
2962 4339 3250 4395 retulimus
3277 4333 3458 4390 verba.

1890 4444 2141 4514 psalmus
2172 4441 2449 4494 admirans
2480 4438 2612 4491 dicit
2644 4455 2656 4490 :
2701 4453 2719 4485 ‹
2758 4434 3006 4496 Domine,
3032 4429 3162 4500 quid
3190 4434 3273 4482 est
3303 4426 3458 4480 homo

1894 4534 2023 4606 quia
2055 4532 2342 4587 innotuisti
2384 4530 2456 4594 ei,
2490 4538 2585 4584 aut
2609 4530 2754 4583 ﬁlius
2795 4525 3052 4590 hominis,
3080 4523 3209 4592 quia
3242 4526 3458 4591 reputas

1893 4646 2016 4685 eum
2036 4628 2081 4661 ³³
2110 4628 2133 4681 ?
2170 4648 2188 4679 ι
2216 4625 2496 4679 Inclinatis
2524 4637 2675 4693 ergo,
2703 4621 2845 4675 sicut
2869 4618 3131 4679 diximus,
3160 4614 3333 4679 caelis,
3355 4612 3451 4666 de-

1894 4720 2114 4775 scendit
2150 4717 2244 4772 Dei
2287 4715 2550 4778 Verbum,
2596 4721 2653 4767 ut
2696 4711 2945 4782 cognitus
2973 4708 3123 4765 ﬁeret
3148 4707 3458 4760 incarnatus

1892 4811 2174 4866 hominum
2216 4808 2423 4881 generi,
2446 4805 2593 4877 quod
2620 4805 2772 4871 prius
2793 4802 3081 4875 ignorabat
3107 4815 3259 4865 eum;
3290 4811 3457 4866 neque

1887 4904 2217 4974 contempsit
2260 4902 2522 4973 parvique
2586 4899 2741 4954 duxit
2772 4898 2939 4950 lilium
2982 4893 3253 4954 hominis,
3289 4889 3342 4943 id
3382 4897 3457 4942 est

1892 5011 2106 5050 onmem
2149 4994 2447 5063 spiritalem
2479 4999 2533 5046 et
2561 4992 2626 5045 ad
2658 4989 2947 5059 imaginem
2987 4985 3079 5039 Dei
3120 4983 3315 5037 factam
3343 4980 3452 5032 ani-

1894 5102 2058 5140 mam.
2091 5068 2319 5154 Reliqua
2359 5099 2489 5138 vero
2523 5081 2720 5152 psalmi
2763 5078 3082 5150 spiritaliter
3115 5070 3457 5141 intelligenti»

1896 5181 1997 5234 bus
2024 5179 2310 5250 perspicua
2334 5185 2514 5232 erunt.

2459 5461 2688 5519 CAPUT
2719 5460 2881 5515 XVII.

2028 5555 2073 5610 E
2108 5556 2310 5624 psalmo
2342 5555 2622 5609 centesimo
2650 5551 3057 5624 quadragesimo
3091 5550 3333 5618 septimo.

1973 5666 1991 5699 ι
2032 5647 2135 5713 Qui
2184 5647 2383 5702 emittit
2436 5646 2710 5718 eloquium
2755 5659 2914 5699 suum
2970 5651 3152 5708 terra,
3204 5638 3453 5695 velociter

2558 5806 2600 5837 ⁸⁸
2638 5803 2769 5860 ibid.
2806 5804 2859 5859 8.
2938 5801 2981 5833 "
3009 5799 3245 5873 Philipp.
3305 5811 3371 5862 ιι,
3404 5796 3452 5851 Β.
