3954 6504
521 365 658 422 HIS

1223 361 1496 418 EUSEBII
1535 359 2015 418 CESARIENSIS
2051 361 2202 419 OPP.
2237 360 2416 416 PARS
2454 359 2541 416 III.
2579 391 2648 402 —
2685 359 3100 419 EXEGETICA.

3641 364 3772 418 1116

519 477 691 536 currit
720 490 901 531 sermo
929 474 1132 544 ejus".
1173 493 1192 528 ι
1226 475 1340 530 Hoc
1381 475 1792 546 intelligendum
1825 476 2043 531 videtur

2191 479 2294 540 ἐως
2325 476 2523 547 τάχους
2567 476 2852 548 δραμεῖται
2901 479 2930 531 6
2957 475 3114 545 λόγος
3151 473 3338 540 αὐτοῦ,
3379 495 3397 528 ι
3431 491 3774 549 παρασημειο

518 569 674 640 quasi
710 567 941 622 docente
966 566 1069 620 hoc
1099 566 1220 621 loco
1256 565 1542 638 Scriptura
1588 567 1794 638 aliquid
1831 569 2092 622 substan-

517 662 720 716 tialiter
750 675 872 716 esse
899 659 993 713 Dei
1025 657 1288 722 Verbum,
1308 675 1431 714 cum
1456 659 1527 716 sit
1555 661 1698 722 alius
1719 675 1782 714 ac
1803 660 1968 715 Pater
1997 662 2092 731 qui

517 753 664 808 misit
697 766 844 806 eum.
881 749 1115 805 Attende
1153 753 1427 820 quomodo
1458 763 1830 823 congruenter
1860 753 2091 824 adjicia-

517 853 645 897 tur:
685 864 702 896 ι
742 843 921 898 Donec
986 843 1245 898 velociter
1313 845 1486 898 currit
1525 860 1706 899 sermo
1737 845 1874 915 ejus.
1927 864 1944 897 ι
1979 845 2094 901 Hoc

516 935 867 1006 adimpletum
902 936 1087 991 videre
1113 943 1197 991 est
1231 945 1354 1006 post
1380 938 1813 993 incarnationem
1843 937 2089 1004 Christi,

514 1025 650 1082 adeo
691 1027 1019 1083 brevissimo
1051 1028 1316 1099 temporis
1357 1028 1553 1098 spatio,
1589 1039 1752 1098 atque
1789 1027 1843 1081 in
1875 1043 2091 1083 onmem

514 1124 714 1174 terram
745 1122 934 1190 paucis
964 1122 1124 1176 annis
1152 1136 1326 1191 usque
1373 1120 1438 1174 ad
1492 1119 1758 1174 terminos
1796 1127 1954 1174 terra:
1987 1118 2094 1173 dif—

516 1207 635 1265 fusa
668 1211 786 1282 ejus
807 1211 1114 1284 disciplina.

1076 1474 1306 1530 CAPUT
1337 1474 1522 1528 XVIII.

655 1587 704 1640 Ε
734 1587 940 1658 psalmo
971 1589 1251 1643 centesimo
1283 1587 1687 1659 quadragesimo
1724 1596 1924 1642 octavo.

583 1684 715 1749 Qua:
756 1683 845 1738 hic
887 1685 1194 1738 dicuntur:
1230 1703 1248 1736 ι
1284 1682 1531 1738 Laudent
1587 1697 1784 1737 nomen
1835 1680 2084 1745 Domini,

2196 567 2436 621 ώσασθαι
2462 568 2658 634 ἔδοξεν,
2682 569 2756 632 ὡς
2777 567 3132 639 διδασκούσης
3153 569 3249 621 καὶ
3267 567 3501 622 ἐνταῦθα
3524 570 3627 639 τῆς
3647 569 3776 641 Γρα-

2197 661 2303 728 φῆς
2333 658 2408 722 ὼς
2441 659 2548 730 ἄρα
2580 659 2881 712 ὑπόστατόν
2914 677 2968 713 τι
3004 662 3234 731 πρᾶγμα
3263 662 3293 714 6
3317 660 3411 714 τοῦ
3438 660 3578 714 Θεοῦ
3616 661 3776 730 Λόγος

2195 751 2470 820 τυγχάνει,
2507 751 2693 820 ἔτερος
2724 751 2799 803 ῶν
2846 751 2996 823 παρὰ
3052 751 3142 804 τὸν
3193 752 3596 805 ἀποστέλλοντα
3641 753 3777 823 αὑτῷ

2197 843 2444 910 Πατέρα·
2475 843 2575 915 ὅρα
2605 843 2660 896 δέ
2688 844 2805 908 πῶς
2835 845 2960 916 ἑξῆς
2988 845 3308 916 ἐπιφέρεται
3343 845 3422 908 τὸ,
3463 865 3482 896 ι
3526 846 3671 908 Ἕως
3693 846 3776 898 τά·

2195 951 2324 1004 χους
2365 935 2650 1006 δραμεῖται
2679 938 2706 989 6
2749 936 2904 1005 λόγος
2937 935 3132 989 αὐτοῦ’
3169 956 3186 987 ι
3217 936 3246 989 ὃ
3273 937 3367 989 καὶ
3404 936 3542 989 αὐτὸ
3581 936 3776 1007 πεπλη-

2197 1024 2437 1097 ρωμένον
2473 1026 2620 1080 ἔστιν
2669 1027 2794 1080 ἰδεῖν
2838 1027 2974 1098 μετὰ
3022 1028 3122 1100 τὴν
3165 1026 3402 1100 Χριστοῦ
3456 1027 3774 1098 παρουσίαν,

2193 1115 2334 1169 οὕτω
2373 1119 2430 1170 ἐν
2468 1118 2670 1189 σφόδρα
2707 1117 2897 1190 βραχεῖ
2927 1118 3103 1190 χρόνῳ
3129 1119 3560 1190 διαδραμούσης,
3591 1119 3682 1172 καὶ
3705 1120 3776 1182 εἰς

2195 1211 2374 1262 πᾶσαν
2405 1210 2502 1280 τὴν
2556 1211 2658 1280 γῆν
2685 1211 2742 1262 ἐν
2782 1211 2840 1263 οὐ
2879 1209 3090 1274 πολλοῖς
3130 1210 3271 1263 ἔτεσι
3331 1210 3496 1282 μέχρι
3538 1210 3635 1262 καὶ
3678 1211 3775 1263 τῶν

2196 1301 2443 1372 περάτων
2492 1302 2588 1372 τῆς
2637 1301 2960 1373 οἰκουμένης
3008 1302 3414 1373 κεκρατηκυίας
3468 1300 3643 1354 αὑτοῦ
3693 1301 3778 1372 τῆς

2192 1391 2430 1464 διδαχῆς.

2713 1504 3107 1557 ΚΕΦΑΛΑΙΟΝ
3141 1503 3245 1556 ΙΗ’.

2761 1595 3010 1664 Ψαλμοῦ
3041 1593 3200 1665 ρμη’.

2262 1689 2372 1741 Καὶ
2403 1687 2463 1740 τὸ
2495 1687 2681 1740 ἐνθάδε
2713 1687 3022 1758 λεγόμενον,
3054 1706 3072 1738 ‹
3105 1688 3486 1742 Λίνεσάτωσαν
3523 1686 3588 1740 τὺ
3617 1686 3773 1756 ὄνομα

511 1775 640 1844 quia
657 1775 771 1844 ipse
785 1775 942 1840 dixit,
965 1783 1018 1830 et
1036 1775 1175 1830 facta
1194 1784 1343 1838 sunt,
1369 1776 1484 1844 ipse
1502 1773 1798 1838 mandavit,
1828 1784 1882 1828 et
1904 1780 2069 1828 creat:

2191 1778 2418 1850 Κυρίου,
2450 1779 2532 1832 ὅτι
2566 1778 2726 1842 αὐτὸς
2770 1774 2921 1833 εἶπεν
2961 1779 3055 1832 καὶ
3099 1776 3456 1850 ἐγενήθησαν,
3498 1777 3667 1840 αὐτὸς
3697 1780 3772 1830 ἐν-

513 1869 723 1929 sunt”,
766 1886 784 1918 ι
818 1867 872 1920 in
900 1868 1230 1923 testimoniis
1259 1868 1326 1926 de
1357 1867 1451 1920 Dei
1469 1865 1647 1921 Verbo
1676 1866 1730 1920 in
1763 1865 1920 1919 initio
1943 1881 2069 1935 aput

2188 1870 2428 1923 ετείλατο
2454 1870 2548 1922 καὶ
2583 1869 2929 1940 ἐκτίσθησαν,
2969 1889 2988 1920 ι
3025 1871 3082 1922 ἐν
3113 1872 3224 1932 τοῖς
3256 1871 3382 1938 περὶ
3413 1869 3514 1922 τοῦ
3553 1871 3611 1922 ἐν
3639 1871 3770 1940 ἀρχῇ

513 1956 681 2012 Deum
710 1959 821 2028 jam
844 1960 1153 2022 retulimus,
1188 1958 1283 2014 Dei
1317 1957 1577 2022 Verbum,
1610 1973 1919 2028 nomenque
1966 1959 2086 2027 ejus

511 2052 747 2122 quadam
796 2051 1243 2107 denominatione
1296 2051 1364 2105 de
1415 2066 1480 2104 eo
1526 2050 1883 2120 cogitationes
1941 2049 2086 2104 desi-

510 2158 678 2214 gnare
698 2151 1035 2214 compertum
1066 2144 1348 2200 habentes.
1380 2145 1516 2197 Cum
1543 2142 1707 2212 igitur
1729 2141 1936 2197 dictum
1962 2151 2079 2198 est:

515 2253 534 2287 ι
575 2234 818 2290 Laudate
851 2234 1138 2290 Dominum
1157 2236 1224 2300 ’⁸,
1265 2255 1284 2288 ι
1316 2236 1521 2306 passim
1544 2242 1908 2305 congruenter
1928 2235 2084 2305 jubet

510 2324 748 2397 Spiritus
781 2325 998 2382 Patrem
1043 2327 1283 2392 laudare,
1318 2327 1538 2382 nomine
1576 2327 1696 2397 ejus
1749 2342 2083 2383 commemo-

509 2426 648 2482 rato,
683 2437 701 2468 ι
740 2421 997 2488 quoniam
1031 2419 1146 2489 ipse
1172 2418 1311 2472 dixit
1342 2426 1396 2473 et
1431 2417 1576 2474 facta
1606 2427 1755 2483 sunt,
1781 2420 1898 2491 ipse
1931 2435 2080 2474 man-

506 2508 656 2565 davit
684 2521 737 2565 et
760 2521 942 2566 creata
975 2521 1123 2567 sunt.
1168 2531 1186 2565 ι
1229 2513 1400 2582 Igitur
1432 2512 1754 2582 praecipiens
1780 2521 1944 2582 atque
1977 2512 2080 2566 im-

506 2615 706 2672 perans
737 2615 883 2661 esset
911 2607 1156 2660 omnium
1183 2605 1327 2661 Deus
1347 2611 1399 2660 et
1428 2604 1612 2672 Pater,
1646 2605 2077 2661 subministrans

504 2709 634 2749 vero
662 2695 756 2751 Dei
789 2697 1048 2761 Verbum,
1078 2706 1133 2752 et
1164 2698 1354 2768 patriae
1397 2697 1666 2751 voluntati
1718 2697 1978 2752 obediens
2022 2697 2076 2751 in

503 2803 686 2843 rerum
741 2791 983 2844 omnium
1028 2792 1325 2845 creatione.
1376 2789 1935 2845 Animadvertendum
1992 2797 2078 2846 est

501 2879 618 2933 hac
652 2879 839 2934 eadem
878 2880 930 2934 in
973 2880 1256 2935 tricesimo
1278 2881 1522 2936 secundo
1561 2881 1772 2950 psalmo
1817 2894 2076 2950 expresse

499 2967 604 3024 dici
639 2989 651 3024 :
685 2988 704 3020 ι
744 2971 862 3040 Ipse
890 2971 1046 3036 dixit,
1089 2982 1141 3026 et
1175 2971 1318 3026 facta
1353 2979 1504 3036 sunt,
1545 2973 1660 3041 ipse
1688 2971 1987 3037 mandavit,
2022 2980 2075 3028 et

499 3066 682 3113 creata
721 3063 929 3114 sunt".
961 3082 980 3114 ι
1023 3061 1130 3118 Sed
1180 3063 1253 3118 ibi
1299 3062 1519 3132 quidem
1565 3070 1710 3117 terra
1764 3071 2074 3133 terramque

2188 1962 2325 2032 πρὸς
2353 1961 2443 2014 τὸν
2484 1960 2617 2014 Θεὸν
2651 1959 2783 2013 Θεοῦ
2817 1961 2989 2030 Λόγου
3025 1961 3343 2033 μαρτυρίοις
3376 1958 3767 2028 ἀνελεξαμεθα,

2185 2051 2276 2105 τὸν
2308 2052 2402 2104 τοῦ
2450 2051 2584 2105 Θεοῦ
2620 2052 2814 2121 Λόγον,
2851 2052 2945 2105 καὶ
2987 2051 3158 2122 ὄνομα
3205 2051 3368 2105 αὑτοῦ
3412 2049 3768 2123 χρηματίζειν

2189 2145 2565 2216 μεμαθηκότες
2603 2145 2746 2198 κατά
2779 2162 2900 2199 τινα
2951 2144 3318 2216 προσηγορίαν
3364 2143 3474 2197 τῶν
3519 2144 3652 2215 περί
3679 2143 3767 2196 αύ-

2184 2233 2275 2288 τοῦ
2300 2234 2551 2287 ἐπινοιῶν
2571 2251 2586 2266 ·
2617 2234 2753 2305 μετὰ
2785 2233 2916 2303 γοῦν
2948 2233 3008 2287 τὸ
3050 2236 3350 2306 προειπεῖν,
3388 2251 3408 2286 ι
3446 2219 3666 2286 Αἰνεῖτέ
3685 2235 3765 2287 τὸν

2182 2329 2406 2400 Κύριον,
2451 2348 2469 2381 ι
2507 2328 2631 2382 τάδε
2678 2329 2772 2381 xui.
2811 2327 2936 2381 τάδε
2979 2326 3286 2390 ἀκολούθως
3333 2325 3762 2397 παρακελεύεται

2179 2421 2241 2474 τὸ
2273 2419 2497 2491 Πνεῦμα
2526 2421 2694 2473 αἰνεῖν
2726 2420 2790 2489 (f.
2825 2417 2915 2490 21)
2945 2419 3082 2490 μετὰ
3109 2419 3197 2473 τὸν
3232 2419 3474 2490 Πατέρα,
3512 2418 3577 2470 τὸ
3606 2417 3763 2488 ὄνομα

2181 2509 2344 2564 αὑτοῦ
2370 2510 2652 2580 ἐπιλέγων,
2690 2529 2708 2560 ι
2732 2511 2820 2574 Ὠς
2853 2512 2959 2582 ἄρα
2988 2511 3150 2573 αὐτὸς
3179 2506 3352 2574 εἶπεν,
3391 2511 3484 2564 καὶ
3512 2510 3760 2580 ἐγενηθη-

2181 2620 2300 2665 σαν,
2341 2602 2500 2666 αύτὸς
2523 2601 2843 2665 ἐνετείλατο,
2878 2603 2974 2655 καὶ
3013 2600 3360 2671 ἐκτίσθησαν.
3395 2623 3414 2654 ι
3459 2603 3519 2655 Ὀ
3549 2601 3649 2672 μὲν
3679 2597 3760 2654 οὖν

2179 2695 2530 2768 προστάττων
2553 2695 2646 2748 καὶ
2671 2693 3045 2765 ἐντελλόμενος
3073 2693 3159 2764 εἴη
3188 2694 3252 2747 ἂν
3275 2697 3302 2747 6
3339 2694 3449 2748 τῶν
3478 2695 3625 2748 δλων
3643 2691 3756 2755 Θεὸς

2178 2787 2270 2840 καί
2299 2786 2506 2858 Πατὴρ,
2538 2789 2566 2839 6
2597 2786 2642 2838 δ’
2669 2785 3000 2858 ὑπουργῶνὸ
3027 2786 3118 2839 τοῦ
3145 2785 3279 2838 Θεοῦ
3309 2787 3478 2855 Λόγος
3499 2786 3754 2856 ὲξυπηρευ

2175 2877 2433 2946 τούμενος
2455 2874 2532 2946 τῷ
2581 2873 2832 2947 πατρικῴ
2877 2873 3138 2946 θελήματι
3167 2875 3301 2946 πρὸς
3327 2874 3424 2945 τὴν
3463 2873 3578 2925 τῶν
3611 2887 3752 2940 γενη-

2174 2967 2280 3020 τῶν
2302 2965 2681 3037 δημιουργίαν.
2723 2965 3000 3037 Τηρητὲον
3040 2965 3084 3017 δ’
3118 2967 3199 3019 ὅτι
3238 2966 3332 3019 καὶ
3365 2967 3423 3018 ἐν
3451 2963 3533 3017 λ6’
3567 2961 3753 3034 ψαλμῷ

2175 3056 2314 3111 κατὰ
2341 3057 2482 3120 λέξιν
2505 3056 2800 3128 ἐμφέρεται
2828 3057 2907 3120 τὸ,
2933 3076 2951 3105 ί
2988 3057 3156 3119 Λύτὸς
3183 3052 3355 3120 εἶπεν,
3384 3055 3480 3108 καὶ
3502 3055 3754 3125 ἐγενήθη.

496 3147 867 3206 inhabitantes
909 3151 1302 3223 designantur;
1333 3152 1422 3207 hic
1471 3167 1600 3207 vero
1650 3167 1771 3220 qua:
1811 3153 1864 3206 in
1917 3153 2069 3208 caelis

2181 3165 2294 3211 σαν,
2327 3148 2491 3212 αὐτὸς
2535 3148 2854 3210 ἐνετείλατο,
2887 3147 2978 3198 καὶ
3028 3146 3382 3217 ἐκτίσθησαν
3427 3168 3446 3198 ι
3482 3145 3603 3199 ἀλλ’
3647 3147 3749 3198 ἐκεῖ

497 3248 646 3307 ευηι,
678 3243 1040 3299 excelsissimi
1075 3245 1252 3314 angeli
1279 3254 1333 3300 et
1362 3252 1679 3316 potestates,
1709 3243 1812 3305 sol,
1837 3251 1890 3298 et
1918 3243 2066 3310 luna,

493 3338 547 3382 et
582 3332 782 3399 sidera,
813 3344 865 3390 et
899 3337 1081 3390 omnia
1111 3353 1232 3406 quae
1262 3352 1421 3392 sacra
1451 3345 1737 3392 enumerat
1764 3335 2066 3406 Scriptura,

492 3417 691 3476 docent
723 3440 824 3479 nos
858 3425 1004 3496 quod
1034 3441 1128 3496 per
1156 3411 1418 3490 Verbum,
1443 3435 1502 3480 ut
1547 3427 1624 3480 ait
1667 3433 1894 3481 sanctus
1921 3428 2067 3496 Apo-

492 3514 688 3580 stolus,
729 3534 748 3568 ‹
779 3517 996 3572 condita
1027 3526 1156 3572 sunt
1186 3521 1441 3573 universa
1466 3518 1519 3571 in
1538 3518 1714 3581 caalis,
1734 3525 1787 3571 et
1816 3517 1868 3570 in
1896 3526 2062 3584 terra,

491 3603 724 3660 visibilia
757 3614 811 3663 et
843 3609 1158 3674 invisibilia,
1221 3611 1334 3665 sive
1357 3592 1560 3671 throni,
1593 3609 1708 3664 sive
1737 3607 2066 3662 dominatio-

491 3705 610 3754 nes,
645 3694 760 3748 sive
801 3697 1162 3766 principatus,
1206 3700 1322 3753 sive
1350 3705 1650 3767 potestates
1693 3715 1705 3750 :
1749 3695 1930 3750 omnia
1964 3713 2060 3767 per

491 3776 668 3846 ipsum
713 3789 768 3837 et
810 3783 865 3838 in
900 3786 1019 3855 ipso
1058 3798 1238 3842 creata
1264 3787 1493 3858 suntj":
1527 3797 1582 3842 et
1625 3787 1744 3842 sine
1770 3787 1887 3857 ipso
1920 3786 2057 3841 nihil

490 3870 693 3925 factum
735 3884 819 3929 est
841 3877 929 3932 ⁸⁸⁸.
976 3897 995 3930 ι

2177 3243 2273 3312 μὲν
2305 3241 2432 3313 περί
2459 3242 2556 3310 τῆς
2579 3244 2681 3311 γῆς
2712 3240 2805 3292 καὶ
2831 3238 2936 3291 τῶν
2961 3239 3353 3292 κατοικούντων
3384 3239 3487 3307 τὴν
3513 3236 3749 3308 οἰκουμό-

2169 3351 2266 3402 νην
2297 3333 2528 3403 εἴρηται,
2553 3331 2738 3384 ἐνθάδε
2769 3330 2824 3382 δὲ
2855 3331 2980 3401 περὶ
3006 3330 3112 3383 τῶν
3153 3333 3209 3383 ἐν
3246 3331 3494 3402 οὐρανοῖς
3525 3332 3620 3383 καὶ
3650 3328 3746 3382 τῶν

2168 3426 2472 3495 λεγομένων
2507 3429 2563 3478 ἐν
2589 3424 2829 3494 ὑψίστοις
2859 3423 3101 3491 ἀγγέλων
3127 3442 3183 3477 τε
3211 3427 3302 3477 καί
3329 3423 3636 3494 δυνάμεων,
3673 3423 3745 3474 ἐτι

2166 3534 2224 3570 τε
2243 3518 2392 3587 ἡλίου
2417 3517 2507 3569 καὶ
2531 3516 2758 3587 σελήνης
2779 3515 2871 3567 καὶ
2890 3516 3124 3586 ἄστρων,
3142 3519 3236 3570 καὶ
3256 3517 3471 3570 πάντων
3493 3516 3604 3568 τῶν
3625 3514 3740 3583 £57];

2169 3607 2728 3678 συγκατειλεγμένων,
2773 3606 3128 3676 διδασκούσης
3171 3611 3318 3679 ἡμᾶς
3373 3609 3474 3679 τῆς
3503 3607 3652 3669 θείας
3689 3607 3741 3657 ἐν

2167 3697 2371 3762 τούτοις
2401 3688 2640 3770 Γραφῆς,
2667 3699 2740 3760 ὼς
2760 3696 2868 3768 ἄρα
2889 3697 2976 3749 διὰ
2998 3697 3091 3749 τοῦ
3115 3699 3286 3766 Λόγου
3317 3699 3460 3751 κατὰ
3490 3699 3581 3750 τὸν
3606 3695 3736 3765 ἱερὸν

2177 3791 2493 3845 Ἀπόστολον
2529 3810 2546 3843 ι
2600 3790 2852 3860 Ἐκτίσθη
2900 3788 2967 3842 τὰ
3001 3790 3176 3845 πάντα
3206 3791 3274 3843 τά
3301 3809 3359 3844 τε
3402 3793 3464 3842 ἐν
3495 3792 3610 3852 τοῖς
3650 3786 3736 3838 ού-

2165 3886 2342 3953 ρανοῖς
2377 3883 2469 3936 καὶ
2496 3883 2564 3937 τὰ
2601 3883 2691 3936 ἐπὶ
2716 3882 2813 3952 τῆς
2848 3881 2970 3963 γῆς,
3010 3881 3122 3934 εἴτε
3150 3881 3336 3953 ὁρατὰ,
3376 3882 3487 3936 εἴτε
3516 3881 3732 3953 ἀόρατα,

486 3962 593 4015 εἴτε
624 3963 821 4034 θρόνοι,
869 3969 980 4022 εἴτε
1020 3972 1358 4042 κυριότητες,
1399 3971 1508 4024 εἴτε
1539 3973 1724 4042 ἀρχαὶ,
1769 3973 1876 4026 εἴτε
1921 3971 2194 4037 ἐξουσίαι·
2257 3969 2332 4031 τὰ
2364 3977 2539 4032 πάντα
2570 3979 2638 4032 δι’
2676 3981 2839 4035 αὑτοῦ
2875 3962 2968 4034 καί
3001 3982 3058 4034 ἐν
3103 3981 3249 4052 αὐτῷ
3325 3980 3588 4033 ἔκτισται·
3646 3978 3728 4030 καὶ

483 4057 654 4129 χωρὶς
677 4060 840 4114 αύτοῦ
880 4062 1096 4131 ἐγένετο
1127 4063 1246 4116 οὐδὲ
1271 4064 1350 4116 ἐν.
1391 4083 1410 4117 ι

555 4147 680 4204 Haec
724 4160 912 4206 nostra
941 4153 994 4207 in
1019 4152 1265 4209 Psalmos
1295 4153 1628 4224 explanatio.
1657 4149 1787 4206 Post
1826 4151 2046 4206 brevius

480 4248 537 4298 et
569 4245 847 4314 proposito
867 4245 1119 4301 idoneum
1148 4263 1269 4302 sum
1286 4247 1537 4310 marium,
1569 4253 1794 4302 caeteras
1821 4246 1874 4300 in
1917 4261 2048 4316 poc-

479 4332 621 4389 ticos
658 4332 850 4401 libros,
880 4337 1164 4408 primoque
1190 4338 1246 4393 in
1276 4337 1568 4409 prophetas
1595 4337 1814 4408 eclogas
1847 4350 2042 4407 aggre-

479 4424 713 4483 diemur.

2225 4149 2474 4204 Τοσαῦτα
2519 4151 2617 4222 μὲν
2638 4151 2700 4224 δὴ
2730 4152 2801 4206 τὰ
2834 4154 2942 4208 ἀπὸ
2969 4155 3076 4208 τῶν
3105 4155 3350 4226 Ψαλμῶν
3368 4174 3380 4188 ·
3422 4161 3644 4231 μετρίαν
3672 4158 3723 4212 δέ

2153 4241 2248 4295 καὶ
2267 4241 2510 4313 αὐτάρκη
2539 4242 2632 4295 τοῦ
2656 4243 2810 4312 λόγου
2844 4247 3189 4318 περιγραφὴν
3211 4247 3517 4318 εἰληφότος,
3550 4249 3605 4313 ἐξ
3622 4248 3720 4301 ἐτέο

2155 4349 2254 4404 ρας
2286 4333 2459 4403 ἀρχῆς
2493 4332 2590 4396 τὰς
2636 4334 2742 4386 ἀπὸ
2773 4334 2880 4388 τῶν
2911 4334 3110 4389 λοιπῶν
3153 4337 3426 4406 στιχηρῶν
3467 4340 3563 4390 καὶ
3607 4337 3717 4408 ἑξῆς

2149 4423 2249 4490 τὰς
2278 4425 2386 4478 ἀπὸ
2407 4423 2514 4478 τῶν
2545 4427 2837 4498 προφητῶν
2870 4427 3097 4498 ἐκλογὰς
3131 4430 3492 4501 ποιησόμεθα.

477 4724 652 4800 "1:69
672 4724 2030 4800 IEIEETIQPBOPHETICABUMDECﬂBI-

2181 4731 2320 4783 ἌΔΕ
2366 4727 2697 4782 ΕΝΕΣΤΙΝ
2743 4731 2872 4800 ΕΝ,
2902 4731 2983 4798 Τῼ
3022 4731 3084 4781 Γ¹
3126 4732 3311 4800 ἸῸΜῼ
3366 4733 3506 4784 ΤΩΝ
3545 4734 3710 4786 ΠΕΡΙ

508 4794 648 4852 STO
689 4794 1127 4852 ECLOGARUM
1164 4799 1386 4854 LIBRO
1426 4798 1994 4855 CON'I‘INENTUR.

1063 4913 1106 4967 Ε
1136 4914 1460 4968 Proverbiis.

473 5023 552 5078 De
589 5023 685 5078 Dei
731 5022 895 5079 Verbo
927 5027 1081 5086 quasi
1107 5026 1170 5080 de
1194 5026 1463 5095 Sapientia
1484 5024 1911 5080 substantialiter
1941 5041 2038 5080 ea:-

540 5097 753 5148 sistente
772 5105 819 5148 et
854 5105 974 5149 ante
996 5096 1190 5150 saecula
1221 5113 1252 5149 a
1287 5097 1390 5168 Deo
1410 5109 1610 5168 creata,
1641 5097 1948 5168 diversaque
1967 5096 2032 5151 ab

536 5181 616 5232 eo,
651 5175 701 5220 et
733 5181 851 5219 cum
873 5182 932 5220 eo
961 5167 1215 5221 universis
1244 5167 1395 5220 rebus
1430 5167 1749 5221 consolante.

533 5320 611 5376 De
642 5322 851 5378 Christo
882 5325 1036 5395 quasi
1054 5323 1202 5396 Regis
1231 5323 1371 5380 Filio
1393 5337 1441 5380 et
1466 5327 1529 5381 de
1548 5328 1660 5393 eius
1693 5327 1967 5395 apostolis.

465 5473 538 5530 De
569 5474 778 5549 Christo
811 5481 962 5548 quasi
990 5481 1119 5543 viro,
1147 5490 1195 5535 et
1241 5482 1304 5535 de
1345 5483 1456 5549 eius
1482 5485 1534 5538 in
1561 5483 1714 5539 cwlos
1749 5484 2021 5539 ascensio-

531 5561 594 5599 ne
623 5561 640 5598 :
667 5546 730 5600 de
765 5546 994 5617 gentium
1021 5546 1406 5610 dominatione.

2233 4802 2316 4853 T0
2331 4801 2374 4850 Υ
2407 4800 2677 4852 ΧΡΙΣΤο
2692 4801 2736 4852 Υ
2770 4797 3249 4853 ΠΡΟΦΗΤΙΚΩΝ
3277 4797 3430 4855 ἘΚΑ
3441 4804 3644 4856 υΓΩΝ.

2595 4911 2738 4966 Ἀπὸ
2771 4909 2890 4964 τῶν
2927 4909 3277 4980 Παροιμιῶν.

2133 5023 2274 5092 Περί
2306 5023 2412 5078 τοῦ
2464 5021 2610 5076 Θεοῦ
2642 5022 2834 5090 Λόγου
2865 5023 2947 5092 ὡς
2985 5023 3117 5092 περὶ
3155 5024 3380 5092 Σοφίας
3411 5023 3701 5088 οὑσιωδὼς

2203 5091 2566 5161 ὑφεστώσης
2599 5093 2697 5162 καί
2730 5092 2842 5162 πρὸ
2885 5091 3002 5145 τῶν
3027 5091 3254 5145 αἰώνων
3277 5094 3392 5148 ὑπὸ
3427 5095 3535 5148 τοῦ
3567 5094 3698 5148 Θεοῦ

2202 5160 2554 5232 κτισθείσης
2593 5160 2798 5232 ἐτέρας
2839 5180 2903 5216 τε
2947 5163 3080 5231 παρ’
3123 5163 3310 5216 αὑτὸν
3347 5164 3572 5232 οὔσης,
3613 5163 3697 5217 καὶ

2205 5233 2328 5286 σὺν
2355 5231 2514 5296 αὐτῷ
2543 5231 2661 5284 τῶν
2693 5231 2850 5286 ὅλων
2875 5233 3304 5301 ἐπιμελόμενος
3333 5235 3474 5303 (sic).

2132 5322 2271 5391 Περί
2319 5321 2436 5391 τοῦθ
2471 5322 2726 5390 Χριστοῦ
2772 5323 2852 5387 ὡς
2891 5323 3021 5391 περί
3076 5324 3213 5378 Υίοῦ
3261 5325 3566 5388 Βασιλέως
3607 5322 3692 5377 καί

2202 5390 2331 5461 ,περὶ
2375 5390 2492 5443 τῶν
2535 5392 2892 5445 ἀποστόλων
2935 5390 3140 5447 αὐτοῦ,

2129 5481 2270 5550 Περί
2297 5480 2402 5533 τοῦ
2434 5479 2699 5550 Χριστοῦ
2729 5481 2810 5544 ὡς
2862 5480 2993 5548 περί
3041 5481 3276 5550 ἀνδρὸς,
3319 5483 3416 5536 καὶ
3461 5483 3571 5550 τῆς
3613 5484 3687 5545 εις

2198 5549 2492 5619 οίφανοὺς
2515 5549 2861 5621 ᾀναϐάσεως
2881 5551 3066 5604 αὑτοῦ
3082 5568 3094 5581 °
3121 5549 3215 5605 καὶ
3240 5551 3350 5621 τῆς
3373 5553 3491 5607 τῶν
3515 5550 3685 5608 ἐθνῶν

2197 5618 2488 5689 κάτακρατ
2497 5618 2705 5684 ήσεως.

538 5759 1035 5841 ⁶⁸ΡεοΙ.ειινιι,4.
1109 5771 1316 5829 "Psal.
1352 5776 1653 5843 emunt,
1692 5775 1742 5830 5.
1820 5778 1865 5809 ’⁸
1899 5776 2069 5830 ibid-1

2181 5775 2383 5832 "Psal.
2421 5792 2601 5841 xxx",
2641 5779 2693 5834 9.
2771 5778 3230 5846 “Coloss.t,l6.
3319 5779 3551 5837 "’Joan.
3574 5778 3672 5844 1,3.
