3954 6510
182 390 333 447 1117

610 507 742 562 Ἀπὸ
770 506 875 565 τοῦ
905 509 1401 578 Ἐκκλησιαστοῦ.

181 599 332 667 Περὶ
386 599 497 676 τοῦ
538 600 797 676 Χριστοῦ
828 602 1078 676 ὡς’περὶ
1126 606 1386 674 πένητος
1423 607 1645 676 σοφοῦ
1693 606 1789 660 καὶ

256 671 417 739 περὶ
460 670 568 725 τοῦ
608 670 892 725 διαϐόλου
937 670 1034 728 καὶ
1075 676 1181 730 τοῦ
1219 670 1645 747 Ἀντιχρίοῖτου.

179 762 331 829 Περὶ
391 762 789 837 τοῦλΧριστοῦ
828 765 907 828 ὡς
957 766 1089 837 περὶ
1128 766 1388 835 πένητος
1419 769 1616 837 σοφοῦ
1640 786 1653 798 ⁸
1692 767 1791 821 καὶ

250 834 410 902 περὶ
435 833 542 887 τοῦ
572 834 873 899 διαϐόλου,
904 836 1001 890 καὶ
1029 833 1161 904 περὶ
1188 833 1299 905 τῆς
1341 833 1716 907 Ἐκκλησίας.

689 947 822 1001 Ἀπὸ
855 948 960 1003 τοῦ
995 951 1345 1020 Ι’ᾼσματοςν

181 1039 333 1113 Περὶ
358 1038 476 1113 τοῦ
512 1039 773 1113 Χριστοῦ
794 1040 893 1113 Ᾱὼς
919 1042 1050 1113 περὶ
1083 1045 1369 1113 νυμφίου,
1410 1043 1640 1111 καὶτῆς
1673 1043 1793 1097 τῶν

251 1110 477 1183 ςὶγίιιηςΔ
510 1111 876 1183 Ἐκκλησίας
923 1112 1003 1178 ὡς
1042 1110 1300 1182 nauem,
1349 1116 1445 1167 καὶ
1492 1110 1624 1183 περὶ
1673 1113 1793 1168 τῶν

252 1181 336 1232 ἐν
374 1180 504 1245 τοῖς
527 1182 731 1245 τόποις
775 1180 1297 1252 ἐπικεκρυμμένων
1314 1180 1681 1255 μυστηρίων.

772 1290 906 1343 Ἀπὸ
938 1291 1045 1345 τοῦ
1091 1290 1227 1346 Ἰώϐ.

183 1380 336 1449 Περὶ
376 1380 488 1435 τοῦ
515 1381 773 1449 Χριστοῦ
800 1381 881 1446 ὡς
904 1382 1423 1450 περιπατήσαντος
1451 1383 1551 1437 ἐπὶ
1578 1382 1794 1439 θαλάτ-

254 1470 407 1520 της,
441 1452 539 1505 καὶ
575 1452 637 1505 τὸ
673 1451 821 1521 μέγα
854 1450 1036 1520 κῆτος
1058 1454 1521 1523 χειρωσαμένου.

185 1542 333 1611 Περὶ
388 1540 503 1609 τῆς
547 1544 633 1606 είς
672 1540 780 1593 τὸν
833 1541 1027 1611 ’ᾼδην
1063 1544 1168 1597 τοῦ
1206 1544 1464 1611 Χριστοῦ
1509 1545 1788 1600 καθόδου.

185 1633 271 1706 (F.
294 1635 475 1760 23°)
498 1635 636 1703 Περὶ
663 1633 773 1703 τῆς
795 1635 901 1689 τοῦ
926 1635 1206 1691 διαϐόλου
1235 1637 1385 1705 πρὸς
1410 1638 1517 1691 τὸν
1536 1638 1795 1707 Χριστὸν

258 1720 357 1759 πα
408 1724 504 1774 ης.

750 1818 882 1872 Ἀπὸ
914 1819 1020 1870 τοῦ
1060 1819 1254 1887 Ὠσηὲ.

380 1912 524 1981 Περὶ
562 1910 668 1964 τοῦ
703 1912 959 1980 Χριστοῦ
993 1912 1072 1976 ὡς
1108 1913 1241 1981 περὶ
1286 1912 1612 1982 πανθῆρος.

189 2002 339 2071 Περὶ
374 2001 493 2070 τῆς
518 2003 625 2056 τοῦ
668 2002 907 2069 Ἰσραὴλ
933 2002 1259 2071 ἀποϐολῆς,
1288 2004 1381 2057 καὶ
1408 2003 1520 2072 τῆς
1550 2004 1656 2058 τοῦ
1679 2005 1794 2069 βας

262 2074 528 2145 σιλείου
550 2072 751 2126 αὐτῶν
782 2074 1234 2145 καταπαύσεως,
1267 2074 1378 2142 τῆς
1417 2092 1481 2128 τε
1523 2076 1630 2129 τοῦ
1662 2079 1794 2145 Χρι-

264 2144 433 2197 στοῦ
471 2143 541 2208 ἐξ
575 2146 877 2213 Αίγύπτου
900 2143 1348 2213 μετακλήσεως.

203 2236 306 2303 Ὠς
354 2240 392 2290 ὁ
436 2236 580 2302 Θεὸς
623 2237 814 2308 Λόγος
871 2238 1015 2303 Θεὸς
1072 2237 1521 2307 ὀνομαζόμενος,
1578 2241 1795 2308 Κύριον

277 2308 577 2377 όμολογεῐ
599 2307 706 2361 τὸν
729 2308 981 2376 Πατέρα.

752 2422 885 2475 Ἀπὸ
920 2423 1025 2477 τοῦ
1063 2422 1258 2493 Ἄμῶς.

209 2511 313 2576 Ὠς
346 2514 383 2563 ό
410 2509 579 2583 Θεὸς
624 2514 816 2583 Λόγρς
859 2514 1076 2581 Κύριος
1119 2512 1549 2582 ὀνομαζόμενος
1591 2513 1796 2583 ἕτερον

272 2582 420 2651 παρ’
452 2582 672 2635 ἑαυτὸν
711 2579 864 2637 εἶναι
890 2579 997 2637 τὸν
1025 2579 1258 2653 Πατέρα
1288 2579 1581 2641 διδάσκει.

198 2673 345 2742 Περὶ
378 2671 491 2739 τῆς
527 2674 614 2737 είς
642 2672 994 2741 ἀνθρώπους
1020 2673 1338 2743 ἐπιδημίας
1366 2674 1472 2727 τοῦ
1512 2673 1793 2741 Χριστοῦ.

712 2788 846 2842 Ἀπὸ
881 2788 988 2844 τοῦ
1025 2788 1300 2842 Ἃϐδειοῦ.

210 2878 312 2945 Ὠς
342 2882 377 2933 ὀ
413 2877 559 2944 Θεὸς
590 2880 779 2945 Λόγος
816 2879 1031 2946 Κύριος
1058 2879 1154 2933 καὶ
1198 2877 1342 2945 Θεὸς
1370 2876 1799 2947 ὀνομαζόμενος

272 2949 604 3017 ἀκηκοέναι
635 2951 767 3002 τινὰ
805 2949 965 3017 παρὰ
1011 2950 1228 3018 Κυρίου
1283 2948 1580 3019 ὁμολογεῖ.

758 3064 891 3117 Ἀπὸ
940 3064 1045 3118 τοῦ
1087 3064 1265 3120 Ἰωνᾶ.

1232 395 1526 455 ECLOGA]
1562 396 2045 456 PROPHETICE.
2084 430 2155 439 —
2183 398 2313 455 LIB.
2354 397 2439 455 III.

1820 522 1868 579 Α

3326 399 3462 456 1118

2424 513 2509 568 En:
2534 510 2929 570 Ecclesiastico.

1894 604 2209 729 DelCIhris‘to
2236 606 2392 678 quasi
2422 606 2568 674 inopi
2595 607 2829 675 sapiente
2872 622 2890 659 :
2924 603 2989 659 de
3022 602 3235 659 diabolo
3260 612 3313 659 et
3350 602 3465 657 An-

1986 693 2034 729 tc
2074 694 2146 729 ris
2174 694 2225 729 ο.

1986 693 2225 731 icnrtsto.

1892 766 1970 822 De
1995 765 2215 892 [Christo
2236 768 2390 838 quasi
2415 769 2556 837 inopi
2593 736 2828 838 sapiente
2860 786 2879 824 :
2907 766 2972 821 de
3016 764 3228 821 diabolo
3255 774 3306 821 et
3362 764 3465 819 Ec-

1965 856 1991 891 c
2015 856 2146 892 esia.

1965 856 2146 894 ειεειιι.

2522 951 2568 1005 Ε
2592 951 2833 1007 Cantica.

1893 1040 1972 1096 De
2002 1042 2214 1099 Christo
2242 1044 2396 1112 quasi
2439 1060 2649 1111 sponso,
2681 1054 2730 1097 et
2779 1043 2842 1097 de
2884 1052 3188 1097 sanctorum
3224 1039 3464 1094 Ecclesia

1963 1116 2116 1196 quasi
2164 1130 2379 1183 sponsa,
2410 1114 2473 1169 de
2503 1115 2826 1169 absconditis
2856 1115 2911 1168 in
2942 1115 3039 1168 hoc
3095 1112 3230 1166 libro
3271 1120 3465 1182 myste-

1966 1200 2081 1238 τηε.

2568 1294 2649 1348 Ex
2701 1294 2825 1351 Job.

1894 1384 1972 1439 De
1997 1385 2208 1441 Christo
2246 1387 2400 1457 quasi
2429 1402 2585 1455 super
2612 1403 2759 1441 mare
2782 1386 3086 1441 ambulante
3128 1393 3179 1439 et
3219 1398 3463 1456 magnum

1964 1468 2070 1510 cete
2102 1457 2418 1512 devincente.

1892 1547 1973 1601 De
2008 1545 2209 1601 Christi
2233 1549 2285 1600 in
2317 1547 2580 1617 infernum
2610 1546 2880 1602 descensu.

1894 1638 1971 1691 De
1998 1637 2202 1693 diaboli
2239 1638 2296 1692 in
2328 1637 2599 1697 Christum
2630 1640 2935 1695 certamine.

2540 1820 2625 1876 Ea!
2665 1821 2817 1878 Osee.

1825 1879 1867 1933 Β
1896 1915 1974 1969 De
2003 1915 2213 1977 ωλι-ἰειο
2238 1916 2392 1986 quasi
2414 1915 2690 1985 panthera.

1894 2006 1974 2061 De
2017 2005 2191 2061 Israel
2236 2008 2474 2075 repudio.
2508 2006 2571 2061 de
2594 2007 2740 2075 regni
2779 2023 2960 2061 eorum
3003 2008 3287 2071 eversione,
3318 2014 3371 2061 et
3406 2004 3471 2061 de

1966 2076 2169 2131 Christi
2193 2093 2258 2132 etc
2287 2076 2521 2149 .IEgypto
2552 2079 2900 2132 revocatione.

1898 2234 2174 2301 Quomodo
2209 2234 2346 2289 Deus
2402 2233 2628 2289 Verbum
2660 2235 2797 2290 Deus
2829 2235 3134 2290 nominatus
3184 2232 3469 2287 Dominum

1966 2316 2113 2363 vocat
2142 2306 2375 2361 Patrem.

2534 2420 2617 2475 Ex
2648 2422 2831 2476 Amos.

1898 2513 2175 2581 Quomodo
2204 2513 2344 2568 Deus
2389 2514 2614 2569 Verbum
2643 2514 2902 2569 Dominus
2953 2514 3258 2569 nominatus
3305 2512 3472 2569 alium

1967 2601 2029 2638 ac
2059 2601 2112 2638 se
2138 2602 2250 2639 esse
2286 2587 2499 2639 Patrem
2531 2589 2697 2640 docet.

1898 2677 1976 2731 De
2002 2675 2203 2732 Christi
2235 2678 2377 2746 apud
2410 2678 2643 2731 homines
2668 2677 3099 2732 commoratione.

2534 2791 2619 2844 Ex
2654 2792 2849 2847 Abdia.

1901 2884 2178 2952 Quomodo
2215 2883 2351 2936 Deus
2391 2882 2613 2936 Verbum
2654 2883 2907 2935 Dominus
2950 2891 2997 2934 et
3050 2881 3189 2935 Deus
3228 2880 3475 2936 nomina-

1972 2969 2077 3023 tus,
2101 2954 2286 3009 audita
2316 2955 2480 3023 fuisse
2505 2954 2748 3021 qua’dam
2778 2971 2810 3006 a
2843 2953 3072 3006 Domino
3106 2952 3403 3022 conﬁtetur.

2573 3066 2620 3120 E
2641 3066 2803 3121 Jona.

217 3156 329 3231 Ὠς
358 3155 398 3223 ἡ
434 3155 565 3231 περὶ
608 3156 717 3231 τὸν
759 3154 957 3231 Ἰωνᾶν
998 3156 1409 3231 οἰκονομίαᾼτὸ
1458 3153 1649 3222 πάθος
1689 3157 1797 3211 τοῦ

1926 3162 2180 3231 Quomodo
2209 3162 2362 3217 J0me
2390 3162 2614 3215 historia
2647 3158 2848 3231 Christi
2869 3160 3166 3228 passionem
3200 3159 3415 3229 ejusque
3444 3174 3477 3211 ιι

277 3221 567 3296 Χριστοῦ,
614 3226 712 3280 καὶ
754 3225 867 3294 τὴν
904 3228 973 3280 ἐκ
1018 3221 1247 3297 νεκρῶν
1293 3221 1637 3284 ἀνάστασιν
1686 3244 1799 3297 ση-

1926 3221 1944 3231 ’
1973 3236 2196 3288 mortuis
2226 3233 2659 3288 resurrectionem
2691 3221 2910 3284 indicat.
3220 3221 3237 3229 ⁷
3331 3221 3340 3228 ’
3470 3242 3473 3245 ‘

273 3297 504 3367 μαίνει.

738 3407 873 3461 Ἀπὸ
901 3408 1008 3462 τοῦ
1040 3409 1287 3478 Μιχαία.

208 3497 355 3566 Περὶ
398 3497 510 3571 τῆς
548 3497 833 3571 δευτέρας
869 3501 975 3554 τοῦ
1015 3500 1273 3569 Χριστοῦ
1316 3503 1673 3571 παρουσίας,
1720 3501 1803 3568 ὡς

280 3568 418 3638 περὶ
448 3570 691 3637 Κυρίου.

210 3661 356 3730 Περὶ
375 3659 494 3732 τῆς
518 3660 946 3732 Ᾱτοῦνπροτέρου
975 3662 1128 3717 λαοῦ
1158 3662 1254 3715 καὶ
1288 3662 1398 3731 τῆς
1433 3662 1668 3732 Ἰσραὴλ
1702 3663 1801 3718 καὶ

282 3731 397 3803 τοῦ
438 3730 590 3803 Σιὼν
618 3731 795 3800 ὅρους
825 3733 1090 3803 ἐρημίας,
1125 3733 1223 3785 καὶ
1265 3730 1395 3801 περὶ
1439 3730 1549 3800 τῆς
1592 3736 1804 3803 ἐπιφα-

286 3801 457 3873 νείας
485 3802 592 3873 τοῦ
623 3802 881 3869 Χριστοῦ
909 3805 996 3873 ὡς
1018 3802 1151 3871 περὶ
1183 3804 1381 3872 ὅρους,
1414 3804 1509 3857 καὶ
1534 3804 1666 3873 περὶ
1694 3801 1805 3873 τῆς

284 3870 409 3945 τῶν
432 3870 624 3945 ἐθνῷν
649 3871 1045 3945 προσαγωγῆς
1062 3890 1075 3903 ·
1091 3870 1223 3945 καῖ
1239 3874 1346 3928 τοῦ
1379 3875 1589 3929 καινοῦ
1606 3870 1803 3945 ’νόμου

287 3942 396 3997 τοῦ
430 3942 581 3996 κατὰ
620 3942 735 4010 τὴν
759 3942 977 4010 καινὴν
1006 3944 1325 4012 Διαθήκην.

213 4031 681 4122 Περιγξζηθλεὲμ
721 4034 832 4122 καζ
887 4033 1027 4122 τῆς.
1052 4036 1141 4114 ἐν.
1172 4035 1326 4122 αὐτῆ
1386 4038 1513 4122 τοῦ.
1543 4039 1803 4122 Χριστοῦ

287 4105 616 4229 ἷενέσεωςο
666 4104 761 4158 καὶ
800 4105 881 4171 ὡς
921 4106 1033 4173 πρὸ
1067 4104 1187 4159 τῶν
1225 4104 1455 4162 αἰώνων
1481 4112 1513 4163 ό
1549 4104 1806 4178 Χριστὸς

330 4190 585 4244 πηρχεν.

693 4286 829 4340 Ἀπὸ
874 4286 979 4341 τοῦ
1024 4288 1343 4356 Σοφονίειο.

216 4376 362 4447 Περί
383 4374 495 4443 τῆς
524 4374 926 4447 ’ἀναστάσεως
956 4374 1062 4429 τοῦ
1096 4376 1378 4444 Χριστοῦ,
1411 4375 1507 4431 καὶ
1545 4375 1674 4445 περὶ
1698 4375 1809 4445 τῆς

291 4444 413 4499 τῶν
443 4444 636 4502 ἐθνῶν
680 4444 975 4512 κλήσεως.

728 4556 861 4610 Ἀπὸ
897 4556 1001 4610 τοῦ
1026 4556 1311 4626 Ζαχαρία.

229 4650 325 4717 Ὠς
356 4651 389 4703 ὀ
416 4648 559 4713 Θεὸς
597 4648 787 4717 Λόγος
820 4647 1038 4717 Κύριος
1076 4647 1499 4718 παντοκράτωρ
1524 4648 1807 4718 ὀνομαζό-

286 4736 475 4791 μενος
505 4718 625 4791 ῦπὸ
660 4721 884 4791 Κυρίου
929 4717 1409 4788 παντοκράτορος
1440 4718 1549 4773 τοῦ
1578 4717 1809 4789 Πατρὸς

289 4788 667 4845 ἀπεστάλθαι
696 4790 880 4860 λέγει.

231 4885 327 4950 ’.Ως
350 4886 384 4937 ό
412 4880 558 4947 Θεὸς
592 4884 782 4953 Λόγος
805 4883 1017 4951 Κύριος
1043 4882 1474 4953 ὀνομαζόμενος
1510 4884 1682 4949 ἥξειν
1711 4882 1810 4936 ἐπὶ

290 4953 410 5021 τὴν
453 4954 840 5022 Ἰερουσαλὴμ
875 4953 1151 5023 προλέγει
1190 4954 1263 5007 τὰ
1298 4954 1443 5019 ἔθνη
1483 4955 1578 5008 ἐπ’
1623 4954 1811 5008 αὐτὸν

290 5024 769 5095 καταφεύξεσθαι
796 5024 1256 5095 ἀπεσταλμένον
1280 5022 1399 5079 ὑπὸ
1411 5025 1633 5093 Κυρίου
1662 5042 1812 5077 παν-

292 5094 673 5164 τοκράτορος.

223 5190 365 5259 Περὶ
399 5188 505 5260 τοῦ
539 5188 797 5260 Χριστοῦ
836 5189 917 5260 ὡς
962 5188 1095 5256 περὶ
1132 5188 1326 5260 Ἰησοῦ
1360 5188 1466 5242 τοῦ
1505 5187 1805 5260 Ἰωσεδέκῖ

295 5257 542 5345 ualere.
564 5257 931 5345 αὑτὸςέὶνῄρ
975 5258 1473 5345 ᾉνατρλὴιόνομα
1504 5257 1682 5323 αὐτῷ,
1712 5258 1807 5312 καὶ

206 5372 213 5439 Ι
296 5330 433 5400 περὶ
469 5332 581 5401 τῆς
611 5329 932 5399 οἰκοδομῆς
958 5329 1070 5396 τῆς
1116 5329 1494 5398 Ἑκκλησίας.

209 5422 216 5497 ξ
224 5427 365 5497 Περὶ
394 5427 501 5497 τοῦ
528 5424 784 5497 Χριστοῦ
807 5425 891 5497 ᾡς
924 5423 1063 5497 περὶ.
1088 5422 1397 5497 Βασιλέως
1429 5422 1687 5497 ἥξοντος
1712 5422 1809 5497 ἐπὶ

209 5470 607 5566 ε”ζῗὲεᾶξιῖγὶῖρν
615 5470 1069 5559 Ξάῖεἱώῖιὶρζῖιῗλι
1088 5470 1575 5566 assignatas
1589 5470 1677 5546 ⁷ἱό
1703 5470 1813 5545 ἐξὲξ

294 5572 399 5621 λαι
433 5560 644 5621 οἰκοῦν
670 5568 739 5620 ἐν
782 5564 1172 5633 Ἰερουσαλὴμ
1220 5560 1336 5618 τῶν
1389 5564 1675 5617 Ιουδιιίων
1716 5567 1810 5633 ιπ-

296 5638 479 5691 πικόν
540 5655 601 5690 τε
651 5636 747 5690 καὶ
801 5636 1146 5689 ὁπλιτικόν·
1205 5635 1301 5687 καὶ
1352 5634 1483 5701 περὶ
1528 5633 1637 5703 τῆς
1696 5632 1813 5687 τῶν

295 5707 491 5761 ἐθνῶν
527 5707 791 5780 εἰρήνης.

237 5798 334 5863 Ὠς
367 5802 400 5852 ό
450 5796 595 5863 Θεὸς
626 5799 815 5867 Λόγος
854 5796 1065 5864 Κύριος
1099 5795 1550 5867 ὀνομαζόμενος,
1593 5797 1814 5865 Κιιρίου

299 5868 409 5923 τοῦ
457 5868 686 5936 Πατρὸς
720 5866 1030 5935 μέμνηται.

2530 3407 2578 3462 Ε
2607 3406 2856 3462 Michwa.

1902 3501 1981 3557 De
2007 3501 2233 3557 secundo
2258 3502 2458 3557 Christi
2482 3500 2727 3561 adventu.
2757 3500 2913 3570 quasi
2949 3496 3192 3553 Domino.

1903 3667 1981 3721 De
2020 3674 2185 3721 vetere
2212 3664 2425 3734 populo.
2466 3663 2530 3717 de
2575 3659 2784 3734 Israel._
2802 3659 3095 3734 montisque
3128 3658 3257 3734 Sion
3290 3654 3481 3734 solitue

1974 3738 2117 3797 dine.
2150 3729 2222 3789 de
2257 3729 2689 3803 manifestatione
2746 3732 2947 3784 Christi
2996 3731 3150 3803 quasi
3182 3729 3397 3803 montis,
3427 3733 3476 3779 et

1974 3809 2039 3862 de
2066 3807 2299 3878 gentium
2328 3798 2699 3869 institutione;
2734 3803 2798 3858 de
2838 3820 2972 3857 nova
3009 3798 3122 3872 tege
3152 3809 3202 3854 et
3241 3798 3307 3854 de
3348 3812 3481 3851 nouo

1979 3879 2335 3935 Testamento.

1908 4030 1986 4089 De
2017 4034 2317 4090 Bethlehem
2335 4044 2386 4088 et
2420 4037 2484 4088 de
2505 4033 2707 4090 Christi
2738 4034 2790 4086 in
2815 4028 2877 4086 ea
2911 4030 3229 4094 nativitate;
3271 4038 3321 4082 et
3346 4040 3481 4098 quo-

1978 4106 2137 4159 modo
2166 4116 2289 4160 ante
2316 4106 2515 4161 scecula
2545 4104 2789 4161 Christus
2817 4103 3129 4158 exsistebat.

2522 4279 2571 4334 E
2599 4279 2892 4349 Sophonia.

1918 4374 1996 4431 De
2024 4374 2226 4432 Christi
2252 4374 2633 4430 resurrectione
2663 4382 2711 4426 et
2732 4372 2797 4424 de
2827 4369 3061 4441 gentium
3085 4365 3377 4421 vocatione.

2520 4548 2563 4603 E
2588 4548 2877 4604 Zacharia.

1914 4645 2187 4715 Quomodo
2211 4646 2377 4702 Deum
2411 4645 2632 4700 Verbum
2658 4644 2941 4698 Dominum
2967 4642 3369 4715 omnipotentem
3393 4654 3484 4693 no-

1977 4721 2265 4860 ’minattzm.
2306 4736 2339 4773 a
2373 4718 2599 4773 Domino
2652 4716 3003 4783 omnipotente
3054 4712 3220 4767 Patre
3269 4711 3485 4767 missum

2002 4792 2142 4845 uisse
2208 4790 2318 4845 icit.
3312 4834 3323 4849 ι

1914 4882 2191 4948 Quomodo
2224 4883 2362 4936 Deus
2402 4882 2624 4936 Verbum
2651 4881 2906 4935 Dominus
2934 4880 3263 4948 nominatus
3308 4882 3484 4929 ventu-

1984 4970 2101 5007 rum
2124 4970 2237 5008 esse
2266 4954 2334 5007 ad
2362 4952 2663 5007 Jerusalem
2694 4951 2954 5022 pradicit,
2981 4958 3154 5022 gentes
3196 4946 3265 5001 ad
3311 4948 3485 5015 ipsum

1984 5042 2039 5079 se
2064 5041 2400 5079 concessuros
2438 5029 2659 5079 missum
2693 5020 2725 5077 ιι
2762 5020 2991 5075 Domino
3014 5020 3383 5088 omnipotente.

1914 5181 1992 5237 De
2021 5182 2232 5239 Christo
2261 5186 2415 5255 quasi
2442 5184 2571 5237 Jesu
2603 5183 2723 5255 ﬁlio
2738 5180 2994 5255 Josedec;
3023 5177 3232 5255 etquod
3259 5178 3368 5244 ipse
3410 5175 3485 5232 vir

1988 5255 2177 5311 Oriens
2204 5250 2387 5310 nomen
2416 5257 2483 5321 ei,
2510 5270 2558 5308 et
2581 5250 2644 5306 de
2678 5252 2927 5307 Ecclesia:
2957 5250 3325 5319 (edi/icatione.

1915 5420 1993 5475 De
2020 5420 2234 5476 Christo
2279 5419 2433 5488 quasi
2461 5417 2596 5487 Rege
2648 5426 2860 5470 venturo
2910 5415 3058 5488 inea
3093 5428 3211 5483 qute
3242 5409 3336 5465 sub
3363 5410 3486 5488 jugc

1984 5504 2063 5546 est
2094 5502 2143 5544 et
2176 5492 2227 5543 in
2257 5483 2402 5557 pullo
2430 5483 2567 5559 ejus',
2604 5500 2652 5541 et
2677 5504 2919 5559 eversuro
2947 5484 3279 5559 Jﬁudtporum‘
3298 5483 3486 5559 equites

1984 5574 2032 5616 et
2064 5551 2299 5615 armatos
2326 5563 2413 5629 qui
2443 5551 2570 5613 olim
2617 5558 2927 5613 habitabant
2971 5558 3025 5609 in
3059 5553 3400 5619 Jerusalem;
3429 5551 3485 5606 de

1985 5650 2112 5702 pace
2134 5633 2387 5703 gentium.

1919 5792 2194 5861 Quomodo
2221 5791 2360 5846 Deus
2412 5789 2635 5844 Verbum
2665 5788 2921 5844 Dominus
2956 5786 3284 5853 nominatus,
3310 5781 3481 5839 Domi-

1990 5881 2115 5919 num
2148 5863 2365 5919 Patrem
2392 5862 2649 5917 meminit.
