3954 6518
209 454 367 511 “Si

1230 470 1519 535 ΕΟιοοΕ
1562 476 2040 539 ΡΒΟΡΙΙΕΤΙΕᾹΞ.
2082 516 2150 525 —
2188 485 2315 543 [ΑΒ.
2357 488 2444 546 Ill.

3373 501 3513 555 “'22

208 569 333 622 τῶν
382 573 663 630 ἀνέκαθεν
696 582 991 651 προφητῶν
1034 584 1131 648 τὰς
1177 589 1305 658 περὶ
1331 590 1496 645 αὐτοῦ
1532 598 1796 667 πιστουμέ

401 664 624 684 ,πλην
779 669 876 684 ,ιηη
1025 673 1037 684 .
1093 676 1105 684 .
1253 680 1272 684 ._
1473 682 1481 684 .

1931 599 2058 656 inde
2079 617 2189 657 non
2220 603 2491 659 immerito
2517 607 2945 676 exprobraretur
2974 607 3198 675 Iudaeis,
3227 614 3320 684 qui
3352 615 3511 672 Chri-

206 676 330 751 νων
390 664 729 732 ἀποδείξεις.
779 669 940 723 Ὅθεν
991 673 1214 739 εἰκότως
1243 680 1307 732 ἄν
1339 699 1423 744 τις
1471 664 1744 751 Ἰουδαίοις
1776 706 1835 743 τε

206 749 295 820 μὴ
332 752 449 807 τὸν
483 755 715 824 Χριστὸν
739 760 1222 833 παραδεξαμένοις,
1247 769 1338 822 καὶ
1362 773 1473 834 τοῖς
1496 773 1596 837 τὰς
1624 749 1836 848 προιρη-

202 844 386 906 τείας
446 844 703 901 ἀθετοῦσι
732 851 1079 922 αἱρεσιώταις
1106 860 1520 931 καταμέμψοιτο
1568 868 1646 929 εἰς
1699 869 1833 922 ἀσύ-

204 950 414 988 στατα
450 942 935 1012 περιτρεπομένοις
956 962 968 975 ·
993 949 1043 999 οἱ
1075 948 1171 1018 μὲν
1192 949 1299 1021 γάρ
1318 952 1392 1015 ὼς
1414 953 1548 1008 Θεοῦ
1572 957 1671 1022 τὰς
1702 976 1833 1032 προ-

203 1027 476 1096 φητείας
506 1030 914 1105 ἀποδεχόμενοι,
945 1037 1145 1116 ταύτας
1183 1041 1398 1111 ψευδεῖς
1440 1027 1830 1120 ἀπελέγχουσιν

202 1116 459 1182 ἀτελεῖς
484 1121 652 1186 αύτάς
676 1124 1115 1192 καταλείποντες,
1144 1132 1224 1184 ὅτι
1257 1133 1330 1205 μὴ
1354 1135 1454 1199 τάς
1484 1140 1563 1201 είς
1589 1139 1677 1193 τὸν
1699 1141 1831 1212 Χρι-

206 1208 355 1261 στὸν
391 1211 892 1284 ἀποπληρωθείσας
914 1219 1022 1274 τῶν
1053 1226 1396 1295 προφητειῶν
1443 1229 1696 1295 ἐκϐάσεις
1727 1208 1829 1287 οἷοί

202 1299 277 1354 τέ
312 1303 439 1355 εἰσι
471 1306 909 1377 παραδέξασθαι·
946 1314 994 1365 oi
1025 1314 1082 1367 δὲ
1107 1316 1198 1369 τὸν
1223 1319 1454 1389 Χριστὸν
1500 1323 1824 1393 ὁμολογοῦν-

204 1409 313 1456 τες
354 1395 671 1451 ἀσύστατον
702 1402 795 1454 καὶ
825 1403 1210 1462 ἀναπόδεικτον
1232 1413 1329 1482 τήν
1350 1416 1428 1476 είς
1460 1416 1622 1470 αὐτὸν
1647 1418 1826 1473 πίστιν

207 1489 585 1559 περιέπουσι,
623 1493 698 1566 μὴ
732 1498 843 1560 τοῖς
876 1496 1200 1570 Θαυμασίοις
1231 1505 1324 1558 τοῦ
1355 1504 1488 1560 Θεοῦ
1522 1512 1825 1580 προφήταις

204 1578 287 1632 τὰ
310 1597 394 1632 πε
404 1584 460 1653 pi
481 1584 645 1637 αὐτοῦ
676 1595 1213 1663 προμαρτυρομένοις
1234 1578 1607 1669 συγχρώμενοι
1632 1578 1823 1675 ’ήμεῖς

206 1671 281 1737 γέ
308 1688 429 1724 τοιο
461 1674 560 1739 τὰς
604 1676 784 1746 μέντοι
815 1684 1147 1754 προφητείας
1188 1687 1275 1741 διὰ
1309 1690 1406 1760 τῆς
1442 1690 1535 1744 τοῦ
1586 1671 1821 1767 Χριστοῦ

207 1766 565 1835 παρουσίας,
601 1770 809 1841 ταύτην
825 1772 881 1825 δὲ
907 1775 995 1828 διὰ
1027 1776 1136 1830 τῶν
1161 1783 1500 1853 προφητειῶν
1524 1788 1825 1860 πιστούμε-

207 1872 326 1922 νοι,
377 1858 443 1911 τὸ
472 1860 639 1927 φανὸν
688 1863 780 1916 καὶ
814 1867 1039 1938 στερρὸν
1088 1869 1189 1939 τῆς
1235 1872 1491 1945 ἀληθείας
1539 1858 1822 1952 ἀνεξελέγ-

208 1964 384 2015 κτοις
448 1952 751 2018 ἀποδείξεσι
806 1961 1179 2033 παριστῶμεν.
1241 1964 1424 2022 Ταῦτα
1479 1970 1578 2041 μὲν
1628 1972 1704 2037 ὼς
1756 1977 1815 2030 ἐν

207 2044 510 2115 προοιμίῳ
530 2063 542 2075 ·
576 2046 743 2117 ἴωμεν
766 2048 819 2102 δὲ
846 2051 938 2103 ἐπὶ
965 2053 1023 2105 τὸ
1055 2057 1435 2129 προκείμενον.

765 2164 1064 2221 ΚΕΦΑΛΑΙ
1072 2169 1164 2222 ΟΝ
1216 2171 1298 2225 A'.

708 2278 840 2333 Ἀπὸ
874 2279 993 2335 τῶν
1018 2285 1369 2355 Παροιμιῶν.

291 2386 462 2441 Πᾶσα
509 2389 606 2459 μὲν
639 2392 671 2460 ή
707 2390 886 2461 βίϐλος
916 2393 1024 2448 τῶν
1061 2397 1378 2469 Παροιμιῶν
1411 2402 1473 2455 ἐκ
1525 2405 1815 2475 προσώπου

208 2475 486 2546 λέγεσθαι
510 2481 609 2550 τῆς
640 2482 840 2553 Σοφίας
862 2484 1025 2554 ἔοικε,
1052 2489 1126 2560 πῆ
1160 2490 1259 2560 μὲν
1291 2493 1383 2545 τὸν
1419 2495 1605 2565 ἠθικὸν
1634 2499 1818 2554 ὑποτι-

212 2568 466 2642 θεμένης
520 2572 653 2643 βίον,
700 2577 777 2646 πῆ
810 2577 866 2631 δὲ
907 2584 1429 2657 προσωποποιούσης
1480 2589 1683 2662 ἐτέρων
1729 2591 1817 2645 λό-

210 2678 358 2731 γους
379 2679 395 2693 ’
432 2664 526 2718 καὶ
560 2667 689 2719 ποτὲ
726 2668 822 2739 μὲν
856 2671 1150 2742 αἰνίγματα
1185 2674 1648 2751 προϐαλλομένης,
1683 2683 1813 2737 ποτὲ

211 2756 263 2808 δ’
300 2752 374 2810 αὗ
412 2758 544 2830 περὶ
571 2761 740 2832 αὐτῆς
769 2779 890 2816 τινα
920 2763 1293 2838 διδασκούσης,
1324 2771 1420 2823 καὶ
1461 2772 1529 2826 τὰ
1564 2776 1691 2846 περὶ
1717 2776 1813 2829 τοῦ

213 2846 428 2920 ἑαυτῆς
482 2849 665 2904 ἐνθέου
716 2852 1026 2925 ἀξιώματος
1087 2859 1465 2932 παιδευούσης.
1523 2865 1741 2921 Τούτων
1766 2868 1812 2922 δ’

211 2939 599 3013 ἀναλεξάμεθα
631 2944 696 2996 δι’
729 2937 804 2998 ὧν
861 2946 1203 3021 μανθάνομεν
1249 2953 1330 3005 ὅτι
1387 2955 1450 3027 δὴ
1501 2953 1635 3019 ζῶον
1669 2959 1811 3015 θεῖον

212 3035 316 3087 καὶ
348 3034 526 3107 πάντη
558 3036 655 3108 τὴν
687 3037 846 3107 φύσιν
881 3040 1134 3112 ἐνάρετον
1180 3044 1212 3115 ή
1247 3046 1416 3114 Σοφία
1464 3050 1743 3120 τυγχάνει,
1773 3056 1805 3126 ὴ

213 3127 361 3200 αὑτὴ
404 3125 537 3181 οὖσα
592 3129 669 3201 τῷ
700 3131 837 3201 μετά
884 3131 974 3185 τὸν
1004 3134 1217 3206 πρῶτον
1269 3136 1401 3191 Θεὸν
1433 3139 1668 3214 δευτέρῳ
1701 3144 1808 3197 τῶν

210 3218 357 3273 ὅλων
414 3219 573 3291 αἰτίῳ
597 3259 611 3285 ,
663 3222 740 3293 τῷ
790 3241 849 3276 τε
886 3243 904 3276 ‹
944 3227 1002 3278 ἐν
1035 3228 1176 3299 ἀρχῇ
1206 3228 1343 3300 πρὸς
1382 3231 1473 3284 τὸν
1509 3233 1641 3289 Θεὸν
1689 3235 1807 3307 Θεῷ

211 3310 400 3381 Λόγῳ,
435 3331 455 3363 ι
488 3314 581 3367 καὶ
604 3316 670 3386 τῇ
699 3314 976 3388 διοικούσῃ
1019 3318 1113 3370 καὶ
1163 3320 1521 3396 οἰκονομούσῃ
1552 3325 1618 3377 τὰ
1668 3326 1805 3399 σύμ-

211 3408 421 3468 παντά,
453 3403 547 3456 καὶ⁸
577 3405 738 3476 μέχρι
764 3406 871 3461 τῶν
898 3409 990 3463 ἐπὶ
1013 3410 1116 3481 γῆς
1159 3414 1498 3483 πραγμάτων
1530 3415 1803 3491 φθανούσῃ
1833 3432 1873 3487 c

211 3494 449 3567 προνοίᾳ
474 3496 568 3550 τοῦ
609 3498 766 3566 Θεοῦ,
800 3501 834 3571 ἢ
885 3502 979 3555 καὶ
1008 3502 1116 3574 πρὸ
1145 3505 1328 3574 πάσης
1359 3507 1547 3573 οὐσίας
1601 3527 1661 3563 τε
1710 3514 1804 3566 καὶ

211 3587 570 3653 ὑποστάσεως
596 3590 864 3660 ἔκτισται,
896 3593 1037 3665 ἀρχὴ
1078 3595 1213 3649 ὁδῶν
1242 3593 1374 3651 οὖσα
1409 3600 1507 3670 τῆς
1539 3602 1665 3673 ὅλης
1706 3604 1801 3674 δη-

213 3680 532 3759 μιουργίας.
570 3681 649 3735 Τὰ
673 3682 729 3735 δὲ
767 3683 905 3754 ρητά
932 3685 1007 3747 ὡς
1038 3683 1097 3749 ἐξ
1123 3686 1292 3756 αὐτῆς
1315 3687 1416 3758 τῆς
1450 3690 1650 3759 Σοφίας
1678 3692 1803 3745 τοῦ-

210 3788 305 3825 τον
331 3758 580 3827 λέλεκται
620 3774 712 3829 τὸν
740 3776 974 3846 τρόπον’
1015 3795 1033 3828 ι
1070 3777 1211 3847 Ἐγὼ
1259 3780 1488 3851 ήΣοφία
1529 3786 1799 3858 κατεσκή-

211 3880 366 3917 νωσα
400 3863 595 3935 βουλὴν
630 3866 723 3920 καὶ
751 3866 971 3934 γνῶσιν,
1011 3866 1102 3922 καὶ
1133 3867 1338 3923 ἔννοιαν
1378 3870 1490 3939 ἐγὼ
1544 3874 1800 3929 ἐπεκαλε-

211 3955 420 4027 σάμην.
476 3954 644 4023 Φόϐος
698 3959 900 4030 Κυρίου
954 3963 1103 4032 μισεῖ
1146 3963 1361 4028 κακίαν,
1417 3963 1574 4037 ὓϐριν
1606 3985 1664 4021 τε
1703 3970 1797 4023 καὶ

209 4049 596 4121 ὑπερηφανίαν
634 4050 725 4103 καὶ⁹
776 4051 927 4116 ὀδοὺς
964 4055 1247 4126 πονηρῶν,
1308 4057 1545 4129 ἐμίσησα
1589 4060 1644 4113 δὲ
1686 4062 1796 4131 ἐγὼ

206 4136 649 4211 διεστραμμένας
683 4141 835 4205 ὁδοὺς
864 4144 1070 4199 κακῶν.
1105 4148 1241 4219 Ἑμὴ
1281 4146 1442 4220 βουλὴ
1483 4152 1577 4204 καὶ
1615 4153 1794 4223 ἀσφά-

207 4230 363 4287 λεια·
399 4232 511 4301 ἐγὼ
542 4234 786 4298 σύνεσις,
829 4237 934 4309 ἐμὴ
970 4239 1025 4292 δὲ
1054 4242 1223 4310 ἰσχύς.
1266 4244 1343 4295 Δι’
1379 4244 1513 4313 ἐμοῦ
1556 4245 1792 4315 βασιλεῖς

208 4325 592 4394 βασιλεύουσι,
667 4328 759 4381 καὶ
831 4332 877 4383 οἱ
928 4330 1185 4387 δυνάσται
1254 4337 1525 4407 γράφουσι
1583 4340 1790 4394 δικαιο-

210 4418 503 4489 σύνην.Δι’
544 4421 678 4489 ἐμοῦ
726 4425 1048 4491 μεγιστᾶνες
1106 4427 1517 4495 μεγαλύνονται,
1566 4431 1658 4485 καὶ
1694 4432 1790 4485 τύ-

208 4528 391 4581 ραννοι
433 4510 500 4564 δι’
555 4513 689 4583 ἐμοῦ
727 4515 990 4585 κρατοῦσι
1021 4517 1140 4588 γῆς’
1188 4520 1327 4587 Ἐγὼ
1375 4523 1499 4585 10b;
1544 4524 1642 4593 ἐμὲ
1704 4544 1790 4595 φι-

205 4601 433 4665 λοῦντας
508 4603 727 4671 ἀγαπῶ,
781 4606 829 4657 οἱ
872 4605 929 4658 δὲ
978 4608 1077 4675 ἐμὲ
1140 4607 1433 4679 ζητοῦντες
1499 4614 1786 4685 εὑρήσουσι

203 4699 384 4767 χάριν.
420 4696 654 4759 Πλοῦτος
683 4700 774 4751 καὶ
824 4698 948 4765 δόξα
996 4702 1119 4770 ἐμοὶ
1171 4703 1437 4775 ὑπάρχει,
1471 4707 1565 4759 καὶ
1596 4710 1784 4779 κτῆσις

1941 700 2087 747 stum
2117 710 2227 751 non
2257 695 2572 763 admittunt,
2603 715 2704 754 nec
2732 716 2841 755 non
2891 702 3162 761 haereticis
3198 708 3512 777 prophetias

1941 785 2338 854 rejicientibus,
2390 790 2534 860 quod
2593 792 2648 846 in
2695 795 3186 853 contradictionem
3237 800 3506 856 incidunt.

1939 878 2019 932 Illi
2040 880 2185 934 enim
2215 882 2362 936 velut
2393 897 2423 936 a
2452 882 2561 938 Deo
2587 885 2905 955 prophetias
2949 890 3247 960 accipiunt,
3282 892 3508 949 menda-

1938 971 2007 1025 cii
2030 983 2207 1029 autem
2232 991 2325 1030 eas
2346 988 2604 1046 arguunt,
2633 979 2759 1033 dum
2785 980 3129 1050 imperfectas
3153 998 3276 1040 esse
3297 986 3523 1051 sinunt,

1938 1061 1991 1116 in
2015 1063 2234 1120 Christo
2257 1079 2693 1123 consummatum
2725 1070 2895 1127 fuisse
2917 1074 3319 1143 prophetiarum
3337 1092 3503 1132 even-

1936 1160 2051 1208 tum
2099 1170 2394 1227 agnoscere
2420 1172 2784 1229 nequeuntes;
2814 1163 2869 1216 lii
2917 1181 3067 1229 vero,
3098 1167 3189 1235 qui
3226 1167 3502 1223 Christum

1934 1246 2284 1313 confitentur,
2315 1252 2606 1306 absurdam
2635 1261 2815 1308 tamen
2852 1272 3027 1326 neque
3059 1261 3221 1315 certis
3259 1259 3500 1314 fulcitam

1932 1337 2281 1397 documentis
2322 1342 2481 1401 ﬁdem
2518 1346 2640 1414 ejus
2695 1350 3057 1413 contendunt,
3106 1351 3502 1409 admirabiliter

1933 1428 2027 1486 Dei
2061 1434 2379 1503 prophetas,
2411 1438 2505 1507 qui
2539 1440 2915 1494 testimonium
2963 1444 3091 1497 olim
3140 1443 3207 1497 de
3258 1459 3323 1499 eo
3374 1443 3502 1499 red-

1930 1523 2209 1594 diderunt,
2232 1542 2342 1582 non
2371 1541 2751 1599 agnoscentes.
2781 1533 2922 1599 Quid
2950 1550 3080 1589 vero
3108 1536 3243 1590 nos?
3268 1534 3501 1606 Prophe-

1929 1615 2035 1672 tias
2070 1619 2291 1688 quidem
2330 1630 2552 1694 propter
2604 1625 2808 1681 Christi
2865 1626 3178 1691 adventum,
3210 1629 3355 1682 hunc
3401 1645 3496 1684 au-

1928 1715 2037 1763 tem
2074 1724 2295 1783 propter
2337 1717 2650 1786 prophetias
2700 1721 2993 1785 credimus,
3036 1737 3102 1776 ac
3167 1723 3496 1778 evidentiam

1934 1807 2222 1879 roburque
2245 1813 2490 1868 veritatis
2524 1814 2853 1871 arctissimis
2886 1817 3237 1872 ostendemus
3273 1817 3497 1872 demon-

1928 1898 2310 1957 strationibus.
2337 1901 2442 1959 S‘ed
2473 1905 2605 1960 satis
2632 1905 2699 1961 de
2727 1906 3022 1976 prommio;
3043 1907 3155 1977 jam
3197 1907 3263 1961 ad
3300 1922 3496 1979 propo-

1920 1989 2083 2046 situm
2125 2000 2487 2053 transeamus.

2554 2200 2783 2257 CAPUT
2820 2202 2861 2259 1.

2513 2311 2563 2366 Ε
2590 2312 2912 2373 Ρνοι·ενὺίἱε.

1989 2420 2160 2479 Totus
2183 2422 2602 2483 Proverbiorum
2624 2429 2762 2486 liber
2784 2431 2850 2487 de
2873 2430 3174 2505 Sapientia,
3197 2436 3240 2491 si
3265 2437 3329 2492 ad
3354 2437 3489 2495 titu-

1917 2512 2029 2569 lum
2080 2517 2367 2587 respicias,
2396 2526 2636 2576 tractare
2676 2522 2920 2589 videtur;
2954 2543 3098 2582 nunc
3132 2529 3379 2585 moribus
3409 2533 3490 2585 vi-

1914 2612 2026 2662 tam
2060 2610 2303 2677 instruit,
2346 2627 2493 2668 nunc
2534 2613 2672 2670 alios
2715 2616 2999 2687 loquentes
3046 2619 3298 2675 inducit:
3344 2638 3486 2677 non-

1915 2714 2192 2770 nunquam
2228 2705 2485 2773 proponit
2531 2707 2852 2778 aenigmata;
2888 2709 3061 2779 ipsam
3114 2712 3387 2769 interdum
3419 2714 3487 2769 de

1913 2822 1973 2862 se
2001 2808 2247 2878 quaedam
2276 2809 2616 2876 edocentem,
2646 2815 2925 2885 multaque
2947 2815 3014 2870 de
3045 2817 3227 2872 divina
3261 2820 3483 2875 suimet-

1913 2898 2088 2969 ipsius
2145 2900 2415 2971 dignitate
2462 2904 2861 2962 ostendentem.
2912 2907 3154 2973 Quorum
3204 2926 3268 2964 ea
3332 2913 3486 2981 prius

1910 2988 2229 3071 colligemus
2254 2991 2455 3061 quibus
2486 3006 2823 3063 compertum
2867 2997 3131 3055 habemus
3162 3001 3367 3073 aliquid
3401 3003 3485 3059 di-

1908 3081 2094 3136 vinum
2124 3064 2246 3138 esse
2270 3084 2589 3154 sapientiam
2617 3096 2671 3142 et
2696 3097 2891 3143 natura
2912 3094 3133 3147 omnino
3164 3097 3483 3164 praacellen-

1909 3179 2042 3237 tem,
2075 3174 2359 3246 ipsamque
2390 3178 2709 3246 secundam,
2748 3187 2872 3251 post
2902 3184 3138 3254 priorem
3174 3186 3363 3253 Deum,
3397 3206 3483 3245 re-

1908 3295 2029 3334 rum
2086 3282 2466 3339 universarum
2520 3300 2768 3356 causam,
2801 3306 2920 3360 quae
2964 3294 3181 3363 quidem
3230 3312 3352 3351 cum
3409 3299 3481 3353 sit

1916 3391 1935 3424 ι
1973 3375 2026 3428 in
2067 3378 2339 3449 principio
2362 3384 2501 3452 apud
2526 3382 2695 3438 Deum
2730 3382 2872 3440 Deus
2896 3383 3218 3451 Verbum”,
3244 3408 3262 3442 ι
3299 3391 3479 3445 omnia

1909 3481 2105 3536 regens
2151 3475 2314 3540 atque
2342 3473 2625 3537 ordinans,
2655 3483 2708 3529 et
2730 3474 2825 3530 Dei
2856 3478 3196 3547 providentia
3222 3482 3479 3537 omnibus

1906 3573 2026 3626 quae
2076 3568 2204 3613 sunt
2259 3577 2424 3631 super
2464 3571 2662 3619 terram
2711 3569 3027 3632 consulens,
3076 3579 3202 3626 ante
3260 3588 3474 3628 omnem

1904 3651 2199 3705 essentiam
2264 3663 2315 3707 et
2372 3654 2737 3711 substantiam
2808 3671 3121 3729 procreata,
3186 3665 3477 3734 omnisque

1904 3743 2199 3796 creationis
2222 3744 2434 3800 viarum
2461 3748 2810 3819 principium.
2840 3750 2963 3806 llaec
3003 3768 3129 3808 vero
3163 3770 3284 3824 qua:
3316 3757 3473 3825 quasi

1901 3844 1966 3900 de
1998 3862 2057 3901 se
2090 3847 2205 3917 ipsa
2233 3848 2510 3920 Sapientia
2539 3853 2671 3909 dicit
2703 3872 2715 3907 :
2755 3874 2774 3907 ‹
2815 3854 2928 3927 Ego
2974 3856 3252 3928 Sapientia
3286 3859 3474 3917 habito

1900 3939 1955 3993 in
2012 3940 2266 4007 consilio,
2304 3952 2358 3997 et
2413 3945 2645 4002 eruditis
2708 3949 2971 4004 intersum
3024 3952 3467 4021 cogitationibus.

1898 4031 2085 4088 Timor
2108 4034 2317 4091 Domini
2343 4039 2458 4094 odit
2490 4042 2690 4096 malum
2724 4061 2736 4094 ε
2771 4044 3163 4113 arrogantiam,
3196 4054 3249 4101 et
3281 4062 3468 4117 supcr-

1896 4124 2063 4191 hiam,
2110 4136 2164 4181 et
2218 4130 2360 4184 viam
2408 4148 2653 4202 pravam,
2702 4145 2750 4188 et
2800 4151 2862 4191 os
2908 4137 3147 4209 bilingue
3203 4139 3463 4195 detestor.

1897 4216 2071 4273 Meum
2106 4228 2191 4276 est
2218 4223 2528 4288 consilium,
2561 4234 2614 4279 et
2644 4227 2912 4297 mqttitas;
2950 4244 3067 4283 mea
3117 4240 3199 4285 est
3227 4231 3466 4299 pruden-

1894 4310 2009 4376 tia;
2048 4328 2167 4367 mea
2199 4320 2283 4367 est
2326 4312 2604 4370 fortitudo.
2639 4315 2742 4370 Per
2781 4333 2867 4372 me
2920 4334 3076 4389 reges
3126 4328 3377 4391 regnant,
3409 4328 3465 4375 et

1894 4402 2074 4471 legum
2119 4403 2431 4458 conditores
2472 4404 2623 4473 justa
2681 4406 3016 4474 decernunt;
3060 4425 3156 4479 per
3190 4426 3276 4464 me
3306 4410 3459 4478 prin-

1892 4494 2041 4563 cipes
2113 4495 2400 4565 imperant,
2467 4506 2520 4552 et
2581 4501 2794 4569 tyranni
2863 4508 3018 4555 terra:
3077 4502 3455 4560 dominantur.

1891 4585 2003 4656 Ego
2025 4587 2312 4657 diligentes
2351 4606 2437 4645 me
2471 4592 2639 4663 diligo
2699 4611 2711 4645 :
2748 4600 2802 4646 et
2829 4594 2920 4663 qui
2954 4609 3112 4649 mane
3138 4596 3363 4665 vigilant
3390 4598 3457 4652 ad

1890 4706 1995 4752 me.
2031 4691 2307 4747 invenient
2336 4710 2450 4750 me.
2486 4696 2692 4752 Merum
2747 4705 2874 4753 sunt
2917 4697 3135 4757 divitiae.
3163 4706 3217 4752 et
3264 4699 3454 4768 gloria,

204 4788 416 4841 πολλῶν
469 4790 563 4841 καὶ
600 4789 936 4862 δικαιοσύνη.
991 4793 1207 4849 Βέλτιον
1268 4798 1366 4866 ἐμὲ
1420 4800 1783 4871 καρπίζεσθαι

1908 4799 2021 4853 ipes
2059 4786 2326 4854 superbae.
2360 4796 2413 4843 et
2451 4790 2685 4858 justitia.
2716 4789 2907 4845 Melior
2939 4799 3022 4845 est
3054 4792 3197 4846 enim
3244 4790 3457 4846 fructus

203 4881 347 4953 ὑπὲρ
382 4882 604 4953 χρυσίον
662 4884 757 4937 καὶ
814 4884 958 4939 λίθον
1016 4886 1193 4958 τίμιον
1228 4889 1425 4944 πολύνο
1456 4892 1524 4945 τά
1572 4893 1627 4947 δὲ
1675 4896 1782 4965 ἐμά

1888 4892 2042 4932 meus
2095 4893 2248 4942 auro,
2286 4888 2341 4935 et
2392 4880 2569 4951 lapide
2611 4884 2869 4953 pretioso,
2902 4890 2955 4938 et
3013 4883 3285 4953 genimina
3336 4898 3453 4939 mea

1885 4978 2114 5037 argento
2153 4972 2346 5027 electo.
2402 4974 2454 5028 ln
2512 4975 2615 5030 viis
2656 4976 2884 5045 justitiae
2909 4976 3149 5039 ambulo,
3192 4975 3244 5029 in
3274 4974 3454 5029 medio

1884 5063 2201 5118 semitarum
2232 5065 2443 5134 judicii,
2490 5074 2547 5120 ut
2584 5066 2750 5123 ditem
2785 5068 3072 5137 diligentes
3114 5082 3218 5131 me,
3254 5074 3307 5121 ct
3336 5067 3453 5120 the-

1884 5167 2076 5209 sauros
2126 5172 2313 5210 eorum
2373 5160 2630 5229 repleam.
2672 5160 2933 5213 Dominus
2978 5158 3219 5228 possedit
3263 5174 3348 5212 me
3395 5158 3449 5212 in

1881 5246 2039 5301 initio
2069 5248 2277 5302 viarum
2320 5266 2564 5320 suarum,
2601 5260 2891 5323 antequam
2924 5249 3217 5320 quidquam
3249 5250 3449 5306 faceret

201 4975 515 5046 γεννήματα
548 4977 785 5047 κρείσσω
814 4978 1075 5049 ἀργυηίου
1104 4981 1381 5036 ἐκλεκτοῦ.
1453 4985 1539 5039 Ἐν
1565 4984 1645 5055 (F.
1676 4988 1781 5057 26)

200 5066 338 5130 ὁδοῖς
389 5066 734 5139 δικαιοσύνης
790 5072 1103 5141 περιπατῶ,
1141 5074 1233 5127 καὶ
1259 5075 1529 5146 ἀναμέσον
1579 5080 1780 5150 τρίϐων

200 5156 567 5228 δικαιώματος
630 5160 1074 5233 ἀναστρέφομαιθ
1128 5164 1213 5217 ἵνα
1269 5167 1481 5237 μερίσω
1521 5173 1633 5233 τοῖς
1679 5170 1779 5240 ἐμὲ

200 5249 488 5318 ἀγαπῶσιν
522 5250 776 5322 ὓπαρξιν,
810 5254 1054 5318 καὶτοὺς
1096 5255 1401 5328 θησαυροὺς
1447 5259 1626 5313 αὐτῶν
1676 5264 1776 5332 ἐμ-

200 5342 394 5414 πλήσω
426 5342 674 5411 ἀγαθῶν·
712 5344 805 5397 ἐὰν
835 5347 1141 5415 ἀναγγείλω
1164 5350 1290 5420 ὑμῖν
1318 5350 1386 5403 τά
1416 5352 1535 5405 καθ’
1563 5353 1773 5425 ἡμέραν

198 5436 478 5506 γινόμενα,
507 5439 864 5508 μνημονεύσω
885 5442 951 5493 τὰ
995 5442 1053 5508 ἐξ
1080 5440 1274 5505 αἰῶνος
1309 5442 1628 5513 ἀριθμῆσαι.
1670 5444 1775 5497 Κύ-

201 5545 311 5597 ριος
334 5527 515 5581 ἕκτισέ
541 5547 606 5599 με
628 5530 800 5602 ἀρχὴν
825 5530 958 5584 ὁδῶν
990 5534 1152 5586 αὑτοῦ
1185 5536 1262 5597 είς
1288 5534 1424 5604 ἔργα
1456 5535 1643 5600 αὑτοῦ,
1669 5537 1774 5610 πρὸ

194 5618 286 5671 τοῦ
313 5619 506 5683 αίῶνος
527 5620 851 5692 ἐθεμελίωσέ
879 5641 965 5692 με,
994 5627 1050 5677 ὲν
1079 5627 1217 5697 ἀρχῇ
1267 5627 1372 5697 πρὸ
1408 5626 1502 5679 τοῦ
1542 5627 1639 5697 τὴν
1672 5631 1773 5699 γῆν

196 5711 438 5783 ποιῆσαι,
467 5713 560 5765 καὶ
594 5714 699 5785 πρὸ
722 5714 816 5766 τοῦ
846 5715 943 5779 τὰς
964 5716 1230 5781 ἀϐύσσους
1264 5720 1506 5789 ποιῆσαι,
1544 5721 1649 5792 πρὸ
1677 5720 1770 5773 τοῦ

194 5804 369 5858 ἐλθεῖν
400 5806 499 5870 τὰς
534 5808 713 5877 πηγάς
762 5808 868 5861 τῶν
921 5810 1156 5863 ὑδάτων’
1202 5813 1305 5881 πρὸ
1351 5812 1443 5866 τοῦ
1478 5813 1577 5883 ὅρη
1609 5814 1768 5885 ἐδρα-

197 5894 408 5966 σθῆναι,
462 5898 566 5969 πρὸ
591 5898 647 5951 δὲ
699 5900 914 5954 πάντων
949 5900 1171 5970 βουνῶν,
1203 5904 1365 5974 γεννᾷ
1430 5921 1515 5974 με.
1565 5904 1767 5975 Κύριος

1882 5366 1912 5405 a
1938 5353 2225 5425 principio.
2279 5356 2363 5410 Ab
2392 5367 2596 5412 aeterno
2628 5358 2875 5411 ordinata
2918 5372 3037 5411 sum
3060 5395 3073 5419 ,
3109 5364 3164 5411 et
3204 5371 3268 5410 ex
3307 5355 3447 5408 anti-

1880 5444 2003 5513 quis
2034 5456 2323 5517 antequam
2364 5459 2506 5503 terra
2532 5450 2702 5504 ﬁeret.
2752 5448 3000 5502 Nondum
3051 5455 3206 5502 erant
3241 5447 3442 5517 abyssi,

1880 5548 1933 5596 et
1956 5556 2054 5611 ego
2083 5542 2194 5611 jam
2247 5556 2508 5614 concepta
2555 5561 2739 5610 eram;
2784 5543 3012 5597 necdum
3067 5541 3244 5595 fontes
3277 5556 3446 5609 aqua-

1880 5649 1999 5687 rum
2032 5644 2355 5704 eruperant;
2401 5637 2630 5691 necdum
2678 5645 2892 5690 montes
2926 5633 3072 5704 gravi
3146 5632 3286 5686 mole
3313 5647 3445 5685 con-

1881 5727 2131 5781 stiterant
2161 5744 2172 5778 :
2202 5737 2326 5782 ante
2352 5730 2519 5784 colles
2569 5745 2669 5799 ego
2722 5728 3083 5800 parturicbar.
3115 5724 3307 5779 Adhuc
3334 5731 3445 5776 ter—

1876 5834 1993 5872 ram
2046 5834 2154 5874 non
2216 5819 2439 5886 fecerat,
2479 5830 2533 5877 et
2595 5821 2839 5883 ﬂumina,
2885 5828 2938 5875 et
2987 5817 3237 5872 cardines
3293 5814 3443 5870 orbis

1875 5916 2053 5967 terras.
2090 5912 2319 5979 Quando
2349 5915 2686 5985 praeparabat
2715 5913 2906 5979 caelos,
2940 5911 3192 5977 aderam;
3222 5907 3446 5979 quando

261 6015 306 6048 "
346 6013 503 6070 Joan.
545 6030 596 6070 ι.
637 6016 687 6070 1.
