3954 6494
526 453 665 511 1125

1207 449 1475 507 EUSEBII
1511 445 1987 507 CESARIENS‘S
2025 442 2175 502 OPP.
2215 443 2397 501 PARS
2435 441 2525 502 111.
2564 473 2636 485 -
2672 440 3082 501 EXEGETICA.

3599 447 3715 505 Mil

519 585 670 630 certa
701 572 838 642 lege,
867 577 922 626 et
949 583 1080 642 gyro
1109 569 1343 624 vallabat
1371 569 1620 641 abyssos,
1647 567 1864 639 quando
1888 567 2076 622 aethera

2189 564 2409 635 ἐποίησε
2439 563 2620 635 χώρας
2672 565 2765 618 καὶ
2807 564 3110 637 ἀοικήτους,
3156 565 3252 619 καὶ
3283 566 3426 636 ἄκρα
3463 567 3720 639 οἰκούμενα

522 664 780 722 ﬁrmabat
841 679 1086 724 sursum,
1137 669 1192 717 et
1252 663 1486 718 librabat
1545 661 1724 717 fontes
1787 676 2084 732 aquarum;

524 758 743 830 quando
766 754 1141 811 circumdabat
1172 754 1309 810 mari
1339 755 1630 810 terminum
1655 770 1812 808 suum
1833 762 1886 810 et
1915 754 2084 824 legem

523 852 758 921 ponebat
799 849 978 919 aquis,
1027 864 1097 904 ne
1151 850 1452 906 transirent
1499 848 1634 904 lines
1659 863 1827 904 suos:
1865 847 2086 917 quando

522 941 861 1012 appendebat
908 941 1262 997 fundamenta
1310 949 1504 1008 terrae;
1535 957 1657 997 cum
1689 957 1754 996 eo
1774 955 1922 995 eram
1950 955 2087 993 cun-

521 1042 607 1089 cta
650 1047 985 1104 componens
1017 1052 1031 1088 :
1067 1040 1122 1086 et
1161 1033 1472 1088 delectabar
1525 1049 1621 1102 per
1673 1033 1922 1102 singulos
1943 1032 2082 1096 dies,

520 1125 715 1181 ludens
759 1139 944 1178 coram
1000 1140 1066 1179 eo
1113 1125 1259 1178 omni
1309 1133 1581 1194 tempore;
1630 1123 1824 1178 ludens
1866 1123 1921 1176 in
1954 1124 2085 1179 orbe

518 1223 833 1270 terrarum:
866 1221 921 1269 et
969 1214 1178 1268 deliciae
1222 1229 1376 1280 meae,
1409 1229 1534 1269 esse
1573 1228 1696 1269 cum
1740 1213 1864 1268 [iliis
1909 1214 2084 1269 homi-

519 1321 648 1362 num
675 1309 714 1360 ί.
755 1324 774 1358 ι
809 1304 933 1360 Haec
957 1305 1175 1376 quidem
1221 1305 1291 1360 'de
1325 1321 1384 1361 se
1428 1307 1544 1375 ipsa
1575 1303 1853 1375 Sapientia
1887 1319 1900 1354 :
1935 1319 2083 1374 qua:-

518 1415 644 1455 nam
672 1412 801 1454 vero
825 1398 941 1468 ipsa
990 1398 1081 1460 sit,
1125 1403 1349 1452 sanctus
1373 1395 1668 1467 Apostolus
1712 1395 1952 1450 ostendit
1999 1394 2084 1448 di-

524 1505 658 1546 cens
689 1507 702 1544 :
741 1507 760 1540 ι
789 1487 1045 1543 Christus
1075 1485 1168 1542 Dei
1197 1487 1372 1543 virtus
1400 1494 1454 1542 et
1485 1485 1576 1541 Dei
1608 1485 1937 1556 Sapientia’;
1970 1506 1987 1538 ι
2025 1491 2081 1540 et

517 1597 712 1637 rursus
743 1600 756 1635 :
796 1599 814 1631 ι
848 1579 952 1646 Qui
984 1580 1162 1634 lactus
1190 1586 1274 1633 est
1312 1579 1470 1633 nobis
1496 1577 1772 1648 Sapientia
1805 1593 1835 1631 a
1859 1577 1967 1632 Deo
1987 1578 2028 1632 ⁸.
2053 1596 2073 1630 ι

519 1670 662 1742 Ergo
678 1671 933 1727 Christus
953 1680 1038 1725 est
1065 1671 1156 1741 qui
1184 1669 1410 1740 praelata
1432 1670 1680 1725 elocutus
1707 1677 1824 1736 est;
1851 1669 2080 1740 Sapien-

518 1762 592 1816 tia
626 1771 680 1817 et
712 1760 950 1817 Verbum
989 1770 1073 1817 est
1127 1760 1241 1826 Dei,
1269 1775 1298 1814 a
1349 1775 1458 1830 quo
1503 1761 1687 1815 omnia
1733 1760 1874 1814 facta
1926 1767 2073 1815 sunt.

2185 655 2285 726 τῆς
2319 655 2412 708 ὑπ’
2439 656 2684 727 οὐρανόν.
2723 655 2914 708 Ἦνίκα
2938 655 3200 727 ἡτοίμαζε
3222 656 3314 709 τὸν
3341 658 3581 728 οὐρανὸν,
3604 677 3719 731 συμ-

2187 747 2448 817 παρήμην
2470 747 2636 818 αύτῷ,
2661 747 2825 818 ἡνίκα
2852 747 3095 820 ἀφώριζε
3121 747 3210 801 τὸν
3235 749 3430 802 ἐαυτοῦ
3457 749 3629 822 θρόνον
3651 754 3720 806 ἐπ’

2186 835 2419 906 ἀνέμων.
2461 836 2652 892 Ἠνίκα
2675 836 2871 909 ίσχυρά
2896 839 3067 891 ἐποίει
3090 839 3158 892 τὰ
3186 839 3297 894 ἄνω
3342 838 3474 910 νέφη
3500 882 3514 905 ,
3556 841 3641 893 καὶ
3663 841 3727 905 ὡς

2185 927 2447 996 ἀσφαλεῖς
2473 928 2636 982 ἐτίθει
2679 930 2860 1000 πηγάς
2891 929 2992 999 τῆς
3017 930 3107 983 ὑπ’
3145 931 3392 1003 οὐρανὸν,
3430 933 3488 984 ἐν
3513 931 3588 1002 τῷ
3609 932 3732 988 τιθέι

2185 1035 2272 1071 ναι
2301 1018 2462 1072 αὐτὸν
2489 1023 2555 1091 τῇ
2579 1020 2818 1093 θαλάσσῃ
2842 1021 3181 1092 ἀκρισασμὸν
3229 1021 3396 1075 αὑτοῦ
3421 1062 3437 1084 ,
3472 1025 3565 1076 καὶ
3587 1021 3737 1078 ὕδατα

2183 1111 2244 1164 οὑ
2270 1110 2692 1183 παρελεύσονται
2719 1113 2895 1183 στόμα
2923 1113 3087 1167 αὑτοῦ
3108 1129 3124 1143 ·
3155 1115 3318 1184 ἡνίκα
3345 1115 3544 1184 ίσχυρά
3584 1117 3736 1170 ἐποίει

2181 1201 2251 1255 τὰ
2284 1203 2505 1273 θεμέλια
2547 1203 2648 1274 τῆς
2685 1205 2788 1276 γῆς
2810 1246 2826 1270 ,
2860 1206 3008 1276 ήμην
3049 1207 3181 1277 παρ’
3210 1205 3358 1276 αὐτῷ
3407 1207 3734 1277 ἁρμόζουσαν

2183 1292 2292 1362 ἐγὼ
2327 1294 2504 1365 ήμην,
2617 1295 2942 1367 προσέχαιρε
2976 1295 3098 1349 καθ’
3120 1296 3352 1368 ἡμέραν,
3387 1297 3739 1372 εὐφραινόμην

2179 1383 2236 1438 δὲ
2265 1387 2323 1438 ἐν
2346 1384 2621 1457 προσώπῳ
2648 1386 2814 1440 αὑτοῦ
2849 1389 2906 1440 ἐν
2947 1388 3112 1440 παντὶ
3150 1386 3328 1458 καιρῷ
3347 1404 3363 1418 ’
3407 1389 3498 1442 ὅτε
3529 1391 3738 1462 εὐφραί-

2181 1493 2299 1529 νετο
2319 1477 2416 1548 τὴν
2447 1478 2773 1548 οἰκουμένην
2799 1479 3141 1544 συντελέσας,
3189 1480 3281 1532 καὶ
3331 1481 3653 1551 εὐφραίνετο
3691 1485 3741 1537 ἐν

2182 1571 2315 1632 υἱοῖς
2337 1569 2442 1621 τῶν
2473 1568 2793 1639 ἀνθρώπων.
2824 1588 2842 1622 ι
2883 1569 3064 1623 Ταῦτα
3093 1571 3190 1641 μὲν
3219 1567 3312 1624 οὖν
3353 1572 3598 1626 διδάσκει
3629 1579 3740 1648 περὶ

2179 1661 2377 1732 ἑαυτῆς
2406 1663 2440 1732 ἡ
2467 1661 2632 1730 Σοφία
2654 1679 2668 1692 ·
2697 1661 2783 1725 τίς
2807 1661 2862 1714 δέ
2891 1663 3038 1716 ἐστιν
3067 1662 3227 1734 αὕτη,
3249 1665 3278 1716 ὁ
3313 1665 3456 1735 ἱερὸς
3507 1667 3740 1720 ’Λπόστο-

2177 1751 2267 1817 λος
2296 1751 2538 1805 παιδεύει
2560 1751 2752 1821 λέγων,
2784 1771 2802 1804 ι
2826 1753 3060 1824 Χριστὸς
3085 1753 3220 1807 Θεοῦ
3248 1755 3480 1826 δύναμις
3504 1759 3598 1812 καὶ
3621 1758 3739 1812 Θεοῦ

521 1871 541 1905 ι
581 1852 641 1908 In
672 1855 940 1924 principio
982 1863 1100 1910 erat
1141 1853 1404 1920 Verbum,
1435 1863 1490 1911 et
1518 1853 1754 1909 Verbum
1786 1861 1904 1910 erat
1932 1853 2075 1923 apud

2181 1843 2340 1912 σοφία
2363 1861 2377 1874 ’
2414 1862 2433 1896 ι
2467 1844 2560 1898 καὶ
2593 1844 2754 1898 πάλιν
2775 1885 2790 1910 ,
2845 1863 2864 1896 ι
2904 1846 2998 1908 Ὃς
3021 1846 3247 1918 ἐγενήθη
3279 1849 3450 1915 Σοφία
3492 1851 3622 1919 ἡμῖν
3650 1851 3742 1904 ἀπὸ

516 1922 706 2010 Deum,
741 1954 795 2000 et
828 1922 970 2001 Deus
1025 1954 1145 2002 erat
1204 1944 1464 2003 Verbum.
1505 1944 1699 2001 Omnia
1750 1961 1847 2016 per
1899 1922 2076 2014 ipsum

2181 1934 2334 1990 Θεοῦ.
2374 1954 2392 1986 ι
2427 1935 2659 2006 Χριστὸς
2683 1932 2776 1989 οὖν
2804 1937 2951 1988 ἐστιν
2970 1939 2998 1990 ό
3022 1936 3089 1989 τά
3111 1939 3484 2009 προειρημένα
3506 1941 3738 2008 φάσκωνο

515 2037 658 2092 facta
687 2038 903 2105 sunt";
943 2056 962 2089 ι
994 2047 1046 2092 et
1074 2054 1086 2089 :
1125 2057 1142 2090 ι
1177 2038 1234 2092 1η
1261 2040 1379 2108 ipso
1401 2039 1617 2093 condita
1643 2046 1770 2092 sunt
1804 2038 2079 2103 universa,

513 2127 603 2182 inc
621 2129 743 2184 uelis
771 2137 825 2182 et
855 2129 907 2182 in
937 2129 1735 2199 terra,visibiliafetinvisibilia
1757 2128 1800 2191 ⁸,
1830 2147 1848 2179 ι
1885 2144 2077 2184 secun-

513 2220 640 2274 dum
691 2221 1034 2291 Apostolum.
1087 2219 1256 2286 Quem
1321 2223 1464 2276 enim
1521 2221 1585 2274 ad
1651 2220 1871 2273 modum
1939 2233 2076 2288 quo-

511 2309 632 2364 dam
648 2327 810 2366 sensu
825 2309 1060 2366 Verbum
1084 2309 1176 2365 Dei
1200 2309 1458 2379 loquitur,
1477 2309 1582 2362 alio
1600 2315 1775 2361 autem
1803 2325 1821 2357 ι
1844 2306 1952 2359 vita
1970 2305 2034 2369 δ’,
2050 2324 2068 2356 ι

510 2409 563 2455 et
581 2417 792 2464 rursus,
805 2420 823 2452 ι
852 2399 1072 2457 veritasr
1086 2421 1103 2452 ›
1121 2408 1174 2454 et
1191 2418 1208 2450 ι
1233 2401 1323 2455 lux
1337 2413 1459 2454 vera
1474 2399 1540 2462 ",
1554 2405 1634 2452 iet
1655 2397 1860 2466 reliqua
1875 2394 2075 2465 quibus

510 2507 633 2547 eum
658 2493 1066 2549 vocantdivinm
1095 2492 1412 2562 Scriptura,
1443 2490 1523 2547 sic
1548 2505 1767 2559 quoque
1793 2487 2071 2558 Sapientia

512 2583 678 2648 fatur,
709 2583 854 2638 Patri
885 2585 1310 2639 subministrans
1338 2583 1393 2636 in
1422 2581 1662 2636 omnium
1685 2594 1866 2634 rerum
1897 2578 2078 2648 provi-

510 2670 696 2726 dentia
722 2680 774 2727 et
806 2672 1300 2726 administratione.

2177 2028 2211 2095 ἡ
2238 2026 2408 2095 Σοφία
2438 2026 2531 2078 καὶ
2561 2026 2732 2095 Λόγος
2761 2028 2878 2080 ἐστὶ
2902 2028 3036 2081 Θεοῦ
3057 2069 3072 2094 ,
3100 2028 3166 2080 δι’
3197 2023 3258 2082 οὗ
3283 2029 3350 2082 τὰ
3387 2032 3569 2085 πάντα
3600 2034 3744 2103 γεγέ-

2177 2134 2364 2188 νηται’
2401 2135 2419 2168 ι
2473 2119 2562 2172 Ἐν
2589 2120 2728 2190 ἀρχῇ
2765 2120 2875 2191 γάρ
2906 2117 2973 2191 ἦν
2994 2123 3023 2173 ὁ
3053 2122 3223 2189 Λόγος
3243 2163 3258 2188 ,
3293 2125 3386 2176 καὶ
3418 2126 3448 2177 ό
3474 2126 3648 2194 Λόγος
3684 2123 3743 2197 ἦν

2181 2210 2316 2278 πρὸς
2339 2209 2432 2264 τὸν
2453 2210 2602 2275 Θεὸν,
2635 2215 2729 2265 καὶ
2761 2212 2893 2275 Θεὸς
2911 2209 2979 2288 ἦν
2997 2215 3024 2250 Α
3057 2213 3244 2282 Λόγος.
3276 2216 3462 2268 Πάντα
3494 2216 3564 2268 δι’
3589 2216 3741 2270 αὑτοῦ

2181 2299 2395 2367 ἐγένετο
2415 2317 2427 2331 ·
2470 2319 2488 2352 ι
2529 2303 2640 2366 καὶ,
2673 2322 2688 2352 ι
2729 2303 2816 2357 Ἐν
2840 2305 2989 2374 αύτῷ
3012 2305 3234 2376 ἐκτίσθη
3259 2306 3326 2359 τὰ
3357 2308 3561 2369 πάντα,
3602 2308 3668 2359 τά
3693 2309 3742 2361 ἐν

2179 2394 2291 2454 τοῖς
2321 2392 2567 2462 οὐρανοῖς
2615 2395 2709 2448 καὶ
2743 2394 2812 2447 τά
2842 2396 2934 2448 ἐπὶ
2959 2397 3058 2466 τῆς
3083 2397 3184 2467 γῆς
3204 2438 3219 2461 ,
3254 2398 3363 2450 εἴτε
3393 2398 3591 2470 όρατά,
3643 2399 3741 2452 εἴτε

2179 2483 2435 2554 ἀόρατα,›
2463 2486 2602 2539 κατά
2626 2486 2715 2539 τὸν
2751 2487 3067 2542 Ἀπόστολον
3087 2507 3100 2521 ο
3129 2490 3293 2562 ὅνπερ
3320 2489 3374 2542 δὲ
3399 2491 3743 2560 τρόπονκατά

2177 2591 2296 2627 τινα
2322 2575 2566 2630 ἐπίνοιαν
2596 2577 2767 2645 Λόγος
2787 2578 2921 2632 Θεοῦ
2953 2581 3309 2650 χρηματίζει,
3354 2582 3452 2634 καὶ
3480 2581 3606 2634 καθ’
3641 2581 3741 2634 ἐτέ-

2181 2683 2281 2739 ραν
2313 2686 2331 2716 ⁸
2374 2668 2506 2738 ζωὴ,
2545 2687 2563 2719 ι
2591 2671 2684 2722 καὶ
2715 2671 2897 2736 πάλιν,
2936 2690 2954 2722 ι
2984 2671 3206 2742 ἀλήθεια
3239 2691 3258 2723 ι
3297 2674 3392 2726 καὶ
3433 2692 3451 2724 ι
3480 2674 3598 2736 φῶς
3625 2673 3741 2743 ἀλη-

509 2762 676 2830 θινὸν,
725 2781 746 2816 ι
788 2765 881 2818 καὶ
936 2765 1000 2818 τὰ
1028 2763 1191 2817 λοιπά
1237 2763 1410 2818 ὁπόσα
1473 2765 1637 2831 φασὶν
1668 2761 1828 2816 αὑτὸν
1866 2761 1922 2815 αἱ
1966 2760 2106 2814 θεῖαι
2142 2759 2374 2832 Γραφαὶ,
2422 2762 2514 2814 τὸν
2547 2763 2708 2816 αὑτὸν
2738 2763 2800 2834 δὴ
2820 2765 3016 2835 τρόπον
3048 2768 3140 2819 καὶ
3189 2766 3353 2835 Σοφία
3382 2769 3739 2839 προσηγόρευ-

506 2871 618 2921 ται,
645 2856 922 2929 ὑπηρέτης
966 2863 1306 2927 τυγχάνουσα
1335 2855 1428 2910 τοῦ
1459 2855 1671 2928 Πατρὸς
1699 2856 1778 2918 είς
1812 2854 1910 2923 τὴν
1938 2852 2074 2906 ὅλων
2113 2851 2368 2922 πρόνοιάν
2394 2869 2451 2905 τε
2473 2855 2564 2907 καὶ
2590 2856 2918 2926 οἰκονομίαν.

1115 2971 1347 3028 CAPUT
1387 2969 1456 3029 ll.

1085 3083 1135 3152 Ε
1173 3085 1492 3142 Proverbiis.

2701 2972 2878 3024 KE<I>A
2886 2973 3096 3026 AAlON
3148 2974 3221 3028 B'.

2709 3081 2831 3136 Τῶν
2873 3083 3220 3153 Παροιμιῶν.

582 3215 604 3250 ι
638 3196 700 3252 ln
752 3197 872 3253 luce
915 3196 1009 3251 lilii
1055 3199 1198 3268 regis
1218 3197 1342 3252 vitae
1379 3217 1392 3254 :
1428 3196 1723 3252 familiares
1774 3203 1955 3251 autem
2025 3194 2075 3251 ei

2256 3212 2274 3245 ι
2344 3195 2416 3248 Εν
2450 3195 2587 3264 φωτὶ
2629 3195 2746 3248 υἱοῦ
2788 3195 3046 3266 βασιλέως
3073 3198 3183 3269 ζωή
3207 3215 3220 3227 ·
3247 3200 3297 3251 oi
3331 3198 3385 3252 δὲ
3432 3201 3746 3272 προσδεκτοὶ

505 3289 663 3361 quasi
686 3287 859 3342 imber
896 3287 1170 3342 serotinus
1189 3288 1231 3345 ‘.
1265 3306 1284 3339 ι
1319 3287 1490 3356 Cujus
1538 3287 1678 3342 alius
1713 3287 1855 3356 regis
1899 3284 1992 3339 ﬁlii
2017 3286 2072 3340 in

505 3381 628 3436 luce
648 3381 758 3434 vita
788 3387 893 3446 est,
929 3380 1032 3435 nisi
1058 3381 1112 3434 in
1146 3379 1238 3435 Dei
1274 3378 1474 3448 Verbo,
1509 3381 1600 3450 qui
1640 3378 1801 3450 Regis
1830 3377 2074 3434 omnium

505 3471 600 3528 Dei
633 3471 802 3528 Filius
830 3472 952 3527 est?
976 3471 1096 3542 lpse
1137 3473 1282 3528 enim
1311 3480 1396 3527 est
1447 3491 1465 3524 ι
1504 3471 1620 3526 Lux
1649 3487 1776 3526 vera
1805 3486 1925 3542 quae
1951 3471 2076 3523 illu—

504 3565 682 3618 minat
726 3579 942 3619 omnem
992 3564 1267 3618 hominem
1315 3564 1621 3619 venientem
1657 3563 1713 3617 in
1741 3563 1884 3617 hunc
1915 3579 2074 3616 mun-

507 3656 714 3722 dum";
746 3675 766 3708 ι
798 3657 850 3710 in
885 3672 992 3726 quo
1023 3656 1227 3711 lumine
1273 3657 1385 3711 vita
1446 3663 1550 3720 est,
1585 3656 1886 3712 secundum
1939 3655 2073 3710 illud

505 3747 784 3818 Evangelii
816 3749 1043 3804 verbum
1079 3768 1093 3804 :
1127 3767 1145 3800 ι
1181 3750 1238 3804 In
1276 3750 1394 3820 ipso
1425 3752 1533 3804 vita
1571 3758 1709 3813 erat,
1736 3760 1789 3804 et
1819 3749 1926 3803 vita
1958 3757 2076 3803 erat

505 3839 600 3894 lux
632 3840 918 3894 hominum
943 3841 986 3895 ⁸.
1028 3860 1047 3893 ι
1085 3839 1260 3910 Hujus
1287 3856 1417 3895 vero
1455 3841 1771 3905 familiares,
1796 3856 1935 3910 quos
1963 3840 2078 3895 exi-

505 3927 796 3982 stimamus
835 3942 960 3982 esse
1009 3927 1132 3997 ejus
1183 3929 1463 3997 apostolos
1495 3934 1549 3983 et
1581 3927 1905 3999 discipulos,
1943 3927 2075 3982 lacti

504 4024 635 4072 sunt
660 4035 678 4068 ι
698 4019 855 4088 quasi
873 4017 1047 4073 imber
1080 4020 1354 4074 serotinus
1381 4038 1399 4072 ι
1437 4021 1490 4074 in
1511 4019 1822 4075 novissimis
1837 4019 2072 4086 dierum,

503 4109 638 4165 etin
668 4111 1143 4166 consummatione
1175 4110 1380 4174 saeculi,
1409 4111 1680 4167 desertam
1713 4111 1844 4167 olim
1877 4110 2077 4166 sitien-

503 4211 723 4274 temque
769 4214 992 4268 terram,
1024 4203 1078 4258 id
1130 4211 1214 4259 est
1263 4205 1503 4276 gentium
1559 4197 1881 4269 Ecclesiam,
1910 4203 2076 4274 spiri-

502 4295 598 4351 tali
625 4296 726 4368 piae
752 4295 1015 4354 doctrinae
1045 4311 1168 4353 rore
1202 4300 1506 4370 irrigantes.

1112 4579 1341 4637 CAPUT
1375 4581 1463 4639 ΙΙΙ.

1086 4699 1134 4754 Ε
1169 4699 1487 4754 Proverbiis.

579 4807 598 4843 ι
633 4789 761 4846 Haec
794 4791 927 4847 dicit
956 4792 1042 4848 vir
1063 4793 1118 4847 in
1150 4791 1318 4846 Deum
1344 4791 1716 4857 credentibus,
1739 4800 1793 4846 et
1821 4790 2068 4860 quiesco.

506 4883 879 4941 Stultissimus
913 4886 1058 4940 enim
1111 4901 1230 4939 sum
1289 4885 1553 4948 virorum,
1587 4893 1640 4938 et
1672 4883 1942 4954 sapientia
1972 4884 2072 4939 ho-

503 4977 714 5032 minum
743 4992 852 5032 non
883 4985 967 5031 est
1001 4991 1233 5030 mecum.
1257 4974 1399 5030 Deus
1428 4983 1610 5030 autem
1632 4975 1818 5032 docuit
1851 4992 1939 5033 me
1978 4991 2069 5031 sa-

505 5070 766 5140 pientiam
793 5109 808 5134 ,
847 5076 900 5124 et
932 5068 1217 5124 scientiam
1269 5079 1584 5125 sanctorum
1637 5085 1739 5138 ego
1761 5069 1909 5124 novi.
1941 5068 2074 5135 Quis

504 5161 751 5218 ascendit
776 5162 832 5216 in
863 5162 1062 5216 caelum
1092 5167 1254 5231 atque
1279 5161 1604 5217 descendit?
1637 5159 1771 5227 Quis
1805 5160 2077 5216 continuit

505 5264 697 5310 ventos
720 5255 775 5308 in
806 5253 969 5318 sinu?
995 5252 1130 5318 Quis
1180 5254 1458 5325 colligavit
1501 5269 1671 5324 aquas
1699 5254 1856 5324 quasi
1890 5255 1944 5308 in
1977 5270 2072 5310 ve-

504 5348 810 5403 stimento?
845 5347 980 5415 Quis
1011 5349 1298 5404 suscitavit
1357 5365 1548 5405 omnes
1589 5350 1850 5405 terminos
1879 5351 2076 5405 terra?

503 5437 658 5503 Quod
693 5454 890 5494 nomen
915 5448 1000 5494 est
1025 5440 1184 5510 ejus?
1209 5441 1423 5512 etquod
1451 5457 1647 5498 nomen
1681 5442 1806 5498 liliis
1833 5443 1953 5512 ejus
1977 5444 1998 5474 '
2015 5443 2068 5495 ?»

504 5529 640 5595 Quis
663 5530 805 5587 alius
823 5531 906 5587 vir
929 5531 1043 5588 haec
1072 5532 1296 5598 diceret,
1321 5534 1428 5590 nisi
1458 5534 1777 5590 incarnatus
1808 5533 2072 5591 Dominus

503 5629 713 5689 noster,
751 5623 865 5680 sive
922 5635 1146 5708 propter
1193 5629 1486 5683 amentiam
1513 5636 1782 5694 nostram,
1809 5643 1972 5698 quam
2013 5629 2067 5683 in

579 5809 596 5841 ¹
633 5805 797 5866 Prov.
832 5825 960 5874 vm,
995 5811 1179 5867 l2-3l.
1253 5815 1273 5844 ²
1313 5810 1328 5864 l
1361 5810 1488 5868 Cor.
1527 5827 1574 5876 ι,
1608 5811 1697 5866 24.
1777 5811 1797 5842 ³
1833 5809 1966 5865 ibid.
2006 5810 2095 5864 50.

2178 3286 2325 3358 αύτῷ
2361 3287 2550 3358 ὥσπερ
2581 3288 2739 3358 νέφος
2771 3289 2985 3359 ὄψιμον.
3027 3309 3046 3340 ι
3083 3291 3194 3342 Kal
3233 3292 3376 3355 τίνος
3407 3292 3576 3347 ἄλλου
3607 3293 3747 3364 βασι»

2175 3376 2308 3441 λέως
2337 3376 2454 3430 υἱοῦ
2503 3379 2562 3430 ἐν
2598 3379 2736 3447 φωτὶ
2782 3379 2894 3451 ζωὴ
2925 3383 3202 3449 τυγχάνει,
3237 3383 3269 3452 ἢ
3303 3385 3360 3436 ἐν
3380 3383 3460 3454 τῷ
3496 3385 3596 3438 τοῦ
3621 3385 3748 3440 Θεοῦ

2175 3469 2354 3541 Λόγῳ,
2379 3468 2496 3522 υίοῦ
2533 3471 2892 3540 τυγχάνοντος
2917 3469 3009 3524 τοῦ
3039 3471 3255 3526 πάντων
3280 3473 3556 3539 Βασιλέως
3583 3475 3716 3530 Θεοῦ
3735 3496 3747 3508 ·

2175 3561 2337 3624 αὐτὸς
2356 3561 2463 3632 γάρ
2481 3563 2628 3614 ἐστιν
2648 3561 2710 3614 τὸ
2731 3580 2749 3612 ι
2774 3560 2894 3622 Φῶς
2913 3561 2974 3613 τὸ
2999 3562 3248 3634 ἀληθινὸν
3273 3564 3302 3616 ὃ
3329 3564 3554 3634 φωτίζει
3582 3567 3752 3620 πάντα

2175 3654 2459 3725 ἄνθρωπον
2480 3653 2772 3724 ἐρχόμενον
2795 3655 2875 3716 εἰς
2901 3654 2990 3708 τὸν
3019 3656 3222 3725 κόσμον
3243 3672 3256 3684 ·
3291 3677 3307 3707 ι
3335 3659 3390 3708 ἐν
3410 3651 3456 3724 ᾧ
3479 3659 3622 3726 φωτὶ
3647 3658 3751 3728 ζωὴ

2174 3747 2431 3816 τυγχάνει
2480 3745 2620 3799 κατά
2653 3745 2744 3798 τὸν
2788 3747 3038 3816 φήσαντα
3074 3748 3169 3801 τοῦ
3207 3749 3542 3817 Εύαγγελίου
3580 3751 3749 3818 λόγον,

2183 3857 2201 3889 ι
2239 3839 2326 3891 Ἐν
2342 3837 2490 3908 αὺτῷ
2511 3837 2623 3909 ζωὴ
2655 3833 2742 3909 ἦν,
2763 3839 2858 3892 καὶ
2893 3841 2925 3910 ἡ
2963 3839 3074 3912 ζωὴ
3107 3835 3174 3910 ἦν
3197 3841 3256 3892 τὸ
3289 3841 3402 3909 φῶς
3420 3842 3531 3894 τῶν
3550 3842 3750 3914 ἀνθρὼ-

2175 3945 2322 3982 πων·
2361 3949 2380 3982 ›
2418 3929 2610 3983 τούτου
2642 3929 2698 3984 δὲ
2744 3932 2838 3984 καὶ
2876 3932 2925 3984 οἱ
2967 3932 3306 4003 προσδεκτοὶ,
3333 3933 3426 3996 οὓς
3471 3935 3754 4004 ἡγούμεθα

2176 4017 2460 4085 εἶναιτοὺς
2485 4022 2816 4085 ἀποστόλους
2845 4021 3010 4075 αὐτοῦ
3039 4023 3132 4075 καὶ
3168 4023 3432 4094 μαθητὰς,
3469 4026 3752 4092 γεγόνασιν

2175 4110 2362 4183 ὥσπερ
2401 4133 2418 4166 ι
2452 4114 2610 4183 νέφος
2637 4112 2831 4184 ὂψιμον
2865 4132 2883 4164 ι
2910 4114 2996 4167 ἐπ’
3020 4115 3250 4185 ἐσχάτου
3279 4115 3386 4168 τῶν
3411 4117 3639 4186 ἡμερῶν
3669 4117 3753 4170 καὶ

2176 4204 2270 4256 ἐπὶ
2299 4204 2576 4276 συντελείᾳ
2609 4204 2702 4260 τοῦ
2735 4207 2950 4271 αἰῶνος,
2991 4206 3088 4278 τὴν
3123 4207 3328 4280 ἔρημόν
3368 4225 3501 4260 ποτε
3533 4210 3640 4278 γῆν
3667 4210 3752 4262 καὶ

2175 4297 2423 4370 ἄνυδρον,
2452 4297 2697 4351 τουτέστι
2723 4299 2822 4368 τὴν
2850 4299 2958 4352 τῶν
2990 4298 3158 4352 ἐθνῶν
3190 4298 3536 4370 Ἐκκλησίαν,
3564 4299 3750 4372 ἀρδεύ-

2177 4406 2369 4454 σαντες
2421 4388 2500 4459 τῷ
2549 4390 2904 4461 πνευματικῷ
2960 4391 3060 4460 τῆς
3100 4390 3357 4455 εὐσεϐοῦς
3405 4391 3752 4454 διδασκαλίας

2175 4481 2324 4552 αὐτῷ
2349 4479 2505 4552 ύετῷ.

2705 4597 3097 4650 ΚΕΦΛΛΛῘΟΝ
3143 4596 3215 4652 Ρ.

2716 4709 2837 4765 Τῶν
2867 4709 3224 4780 Παροιμιῶν.

2257 4821 2275 4853 ι
2315 4801 2452 4856 Τάδε
2482 4800 2629 4870 λέγει
2652 4801 2790 4874 ἀνὴρ
2819 4805 2932 4865 τοῖς
2962 4802 3275 4855 πιστεύουσι
3303 4802 3442 4874 Θεῷ,
3462 4805 3558 4856 καὶ
3593 4803 3752 4858 παύο-

2182 4910 2297 4964 μαι,
2349 4892 2770 4963 ’Δφρονέστατος
2797 4892 2906 4963 γάρ
2927 4895 3041 4963 είμι
3069 4893 3284 4947 πάντων
3309 4893 3640 4965 ἀνθρώπων,
3669 4895 3752 4949 καὶ

2181 4985 2442 5056 φρόνησις
2474 4984 2775 5057 ἀνθρώπων
2801 4984 2901 5036 οὐκ
2933 4983 3079 5037 ἐστιν
3118 4986 3175 5037 ἐν
3203 4985 3344 5055 ἐμοί.
3395 4985 3532 5050 Θεὸς
3577 4987 3622 5039 δ⁴
3651 4988 3750 5041 ἐδί-

2180 5075 2338 5142 δαξέν
2384 5093 2450 5148 με
2487 5076 2698 5145 σοφίαν,
2752 5077 2846 5130 καὶ
2898 5073 3099 5142 γνῶσιν
3152 5076 3321 5144 ἁγίων
3361 5075 3472 5144 ἐγὼ
3523 5076 3748 5144 ἔγνωκα.

2182 5169 2278 5234 Τίς
2301 5169 2464 5242 ἀνέϐη
2499 5173 2577 5234 είς
2601 5170 2692 5225 τὸν
2712 5171 2938 5241 οὐρανὸν
2961 5169 2979 5240 (
3004 5168 3041 5222 ί.
3077 5168 3146 5222 26
3177 5170 3258 5239 v°)
3297 5170 3389 5221 καὶ
3412 5170 3620 5240 κατέὸη
3641 5188 3655 5232 ;
3679 5171 3752 5233 τίς

2183 5261 2485 5330 συνήγαγεν
2515 5261 2747 5332 ἀνέμους
2772 5263 2830 5314 ἐν
2860 5261 3077 5330 κόλπῳ;
3106 5260 3186 5324 τίς
3218 5261 3580 5332 συνέστρεψεν
3619 5262 3750 5332 ὕδωρ

2183 5351 2240 5403 ἐν
2270 5351 2498 5422 ίματίῳς
2534 5353 2617 5416 τίς
2648 5354 2916 5424 ἐκράτησε
2949 5354 3058 5407 τῶν
3109 5354 3293 5424 ἄκρων
3351 5353 3450 5423 τῆς
3496 5354 3604 5424 γῆς
3633 5372 3648 5420 ;
3707 5353 3750 5406 τί

2181 5442 2350 5513 όνομα
2384 5443 2567 5514 αύτῷ;
2605 5444 2637 5516 ἢ
2685 5445 2739 5497 τί
2771 5445 2941 5516 ὄνομα
2976 5449 3087 5509 τοῖς
3126 5446 3336 5510 τέκνοις
3376 5448 3572 5512 autcf»;
3604 5468 3621 5499 ι
3652 5448 3750 5500 Καὶ

2179 5535 2262 5598 τίς
2290 5534 2356 5589 ἂν
2378 5534 2462 5606 εἴη
2494 5536 2649 5601 ἄλλος
2677 5538 2816 5609 ἀνὴρ
2836 5539 2864 5591 ό
2892 5537 3066 5591 ταῦτα
3093 5538 3337 5607 φάσκων,
3367 5539 3399 5609 ἦ
3436 5541 3464 5591 ό
3496 5539 3747 5611 eme?»

2178 5630 2358 5701 πήσας
2398 5628 2602 5701 Κύριος
2634 5630 2814 5702 ἡμῶν,
2843 5631 2959 5702 ἦτοι
2988 5631 3077 5686 διὰ
3109 5633 3205 5696 τὰς
3233 5633 3390 5704 ημῶν
3421 5633 3744 5704 ἀφροσύνας,

2172 5810 2213 5842 ³⁸
2254 5810 2411 5866 Joan.
2449 5827 2502 5874 ι,
2539 5811 2600 5879 l,
2634 5812 2690 5868 2.
2767 5813 2788 5844 ⁸
2826 5811 3036 5869 Coloss.
3075 5831 3114 5878 ι,
3151 5814 3236 5870 16.
3315 5813 3523 5873 “Joan.
3564 5812 3740 5881 x1v,6.

507 5880 528 5912 '
557 5879 686 5936 ibid.
761 5879 982 5936 "Joan.
1014 5895 1052 5947 ι,
1079 5881 1132 5936 9.
1213 5883 1234 5914 ⁸
1269 5879 1430 5938 Prov.
1467 5897 1577 5949 ινι,
1617 5882 1704 5938 l5.
1780 5881 1801 5916 ⁷
1835 5879 1992 5935 Joan.
2031 5897 2076 5948 ι,

2247 5883 2268 5913 ⁸
2304 5881 2436 5938 ibid.
2473 5882 2526 5936 4.
2604 5885 2624 5915 ⁸
2664 5883 2826 5942 Prov.
2862 5900 3001 5945 xxx.
3032 5883 3078 5942 l.
3101 5885 3152 5938 ι.
