3954 6516
190 459 353 517 1125

1277 472 1597 570 Εειοϐκετ
1614 478 2094 576 PROPHETICE.
2117 486 2329 546 —LlB.
2368 489 2457 551 ili.

3356 508 3493 563 H26

188 578 261 641 ἃς
314 579 422 645 εἰς
466 581 657 638 ἑαυτὸν
708 585 1013 656 ἀνεδέξατο,
1064 593 1096 665 ἢ
1140 593 1229 649 διὰ
1258 596 1358 667 τὴν
1398 616 1417 649 ι
1459 601 1673 671 μωρίαν
1723 602 1815 656 τοῦ

1922 605 2103 676 seipso
2133 610 2387 681 sumpsit,
2419 611 2536 668 sive
2582 621 2805 686 propter
2846 633 2866 668 ι
2901 617 3188 676 stultitiam
3223 626 3493 695 praedica-

186 674 605 748 κηρύγματος,
635 698 655 734 ι
678 685 991 757 σοφωτέραν
1025 688 1118 740 καὶ
1148 690 1502 764 ἰσχυροτέραν
1531 690 1696 748 οὖσαν
1715 696 1816 766 τῆς

185 766 312 821 τῶν
344 770 668 841 ἀνθρώπων
696 776 919 846 σοφίας;
954 778 1140 834 ἐνθάδε
1169 782 1268 852 μὲν
1303 783 1548 852 φάσκων,
1590 805 1608 837 ι
1642 788 1813 859 ἀφρο-

182 858 480 926 νέστατος
530 864 637 935 γάρ
685 870 800 939 εἰμι
852 872 1069 925 πάντων
1118 874 1453 947 ἀνθρώπων·
1495 896 1514 929 ι
1548 881 1607 931 ἐν
1645 879 1701 932 δὲ
1724 858 1813 951 γξηθ

183 949 445 1021 ψαλμῷ,
484 972 502 1004 ι
543 955 614 1007 Σὺ
648 955 818 1025 ἔγνως
853 960 951 1031 τὴν
982 961 1292 1034 ἀφροσύνην
1335 982 1456 1034 μου·
1502 985 1519 1017 ι
1558 967 1722 1037 φησὶν
1756 949 1814 1020 δὲ

184 1041 302 1105 ὅτι,
351 1062 376 1094 ε
420 1045 533 1098 Καὶ
562 1048 825 1120 φρόνησις
849 1050 1150 1125 ἀνθρώπων
1186 1056 1285 1109 οὑκ
1325 1055 1473 1109 ἔστιν
1503 1060 1560 1111 ὲν
1606 1059 1750 1130 ἐμοὶ,
1785 1079 1802 1112 ι

186 1133 411 1207 ὥσπερ
460 1139 546 1191 ἐπ’
587 1140 1041 1215 ἀνδραγαθήματι
1081 1146 1544 1220 λαμπρυνάμενος
1588 1152 1683 1206 ἐπὶ
1732 1154 1811 1226 τῷ

189 1227 497 1298 μηδεμίαν
519 1232 808 1303 ἐσχηκέναι
833 1236 1093 1308 φρόνησιν
1109 1238 1217 1293 τῶν
1238 1243 1810 1315 παρασυμϐληθέντων

182 1321 313 1383 τοῖς
362 1323 593 1393 κτήνεσι
638 1328 751 1391 τοῖς
778 1329 1045 1401 ἀνοήτοις,
1092 1332 1186 1386 καὶ
1219 1335 1592 1404 όμοιωθέντων
1626 1339 1809 1404 αὐτοῖς

178 1412 543 1485 ἀνθρώπων⁸
574 1418 605 1487 ἢ
643 1412 718 1472 ὧν
749 1421 847 1492 τὴν
876 1424 1067 1493 σοφίαν
1108 1424 1389 1497 ἐμώρανεν
1419 1429 1449 1479 ὁ
1472 1428 1603 1492 Θεὸς
1642 1431 1809 1501 μηδὲν

184 1504 376 1560 πλέον
405 1510 748 1581 φρονούντων
771 1514 838 1567 τά
878 1516 969 1569 ἐπὶ
1002 1518 1100 1588 τῆς
1121 1520 1244 1588 γῆς,
1286 1520 1387 1574 ὅσα
1432 1521 1642 1590 πέφυκε
1676 1540 1808 1595 σαρ-

181 1599 313 1652 κῶν
340 1618 407 1653 τε
449 1603 543 1656 καὶ
580 1603 712 1674 ὕλης
752 1608 955 1661 οίκεῖα·
994 1609 1114 1664 ὅθεν
1149 1606 1210 1683 δὴ
1234 1613 1328 1666 καὶ⁹
1358 1615 1806 1687 μεμαρτύρηνται

186 1693 249 1745 ὲν
276 1696 355 1764 τῇ
390 1698 558 1766 γενεᾷ
603 1698 783 1751 αὑτῶν
831 1703 1081 1773 φρόνιμοι
1126 1694 1288 1772 εἶναι,
1312 1707 1515 1779 τὸ(τῴ)
1550 1711 1685 1781 μόνα
1735 1711 1805 1764 τά

183 1783 287 1835 ἐπὶ
322 1785 438 1855 γῆς
466 1784 647 1855 ζητεῖν
686 1791 781 1843 καὶ
815 1791 1144 1847 διανοεῖσθαι
1178 1797 1241 1848 ἐκ
1270 1796 1520 1869 νεότητος
1549 1801 1640 1853 ἐπὶ
1677 1800 1802 1873 (ἔτι)

180 1874 257 1927 τὰ
288 1880 542 1950 πονηρά·
566 1880 879 1952 ἀνθρωπεία
914 1886 1011 1955 μὲν
1042 1888 1295 1960 οὐδαμῶς
1322 1886 1390 1961 ἦν
1419 1893 1476 1944 ἐν
1506 1892 1587 1963 τῷ
1617 1911 1803 1966 προει-

186 1968 435 2040 ρημένῳ
478 1971 631 2043 ἀνδρὶ¹
665 1976 946 2048 φρόνησις,
979 1978 1137 2049 δῆλον
1168 1981 1212 2034 δ’
1256 1983 1334 2036 ὃτι
1364 1984 1457 2038 καὶ
1486 1962 1603 2039 θεία
1632 1962 1802 2059 ὑπερ-
1835 1962 1874 2015 Β

182 2058 527 2132 ἅνθρωπος·
562 2064 628 2117 δι’
665 2066 692 2117 ὃ
732 2069 826 2121 καὶ
865 2070 1115 2141 ἐπιφέρει
1155 2072 1347 2141 λέγων,
1387 2095 1404 2124 ι
1433 2076 1563 2140 Θεὸς
1609 2077 1653 2129 δ’
1690 2058 1798 2130 ἐδί-

181 2151 321 2219 δαξέ
369 2172 442 2224 με
485 2158 701 2226 σοφίαν,
743 2162 836 2213 καὶ
865 2162 1068 2230 γνῶσιν
1103 2165 1277 2232 ἁγίων
1319 2165 1431 2235 ἐγὼ
1477 2168 1720 2236 ἔγνωκα·
1777 2189 1795 2223 ι

181 2241 313 2299 εἶτα
339 2250 776 2320 ἐρωτηματικῶς
831 2271 986 2325 φησι,
1023 2277 1040 2306 ι
1080 2256 1174 2318 Τίς
1207 2257 1373 2328 ἀνέϐη
1408 2261 1486 2322 εἰς
1516 2260 1610 2313 τὸν
1636 2262 1801 2333 οὑρα-

184 2338 281 2392 νδν
324 2340 428 2392 καὶ
454 2343 691 2413 κατέ6η;
724 2364 741 2395 ι
775 2347 937 2399 οίονεὶ
968 2348 1248 2419 διεγείρων
1273 2351 1421 2420 ἡμᾶς
1448 2352 1540 2403 ἐπὶ
1567 2351 1797 2425 ζήτησιν

182 2431 283 2484 τοῦ
315 2432 394 2486 τὰ
422 2435 725 2503 τηλικαῦτα
772 2440 897 2510 περὶ
934 2441 1126 2495 ἑαυτοῦ
1175 2442 1538 2508 διδάσκοντος,
1568 2448 1695 2518 περὶ
1736 2442 1797 2502 οὑ

171 2524 285 2575 οιαὶ
339 2524 414 2577 τὰ
461 2526 589 2597 ἑξῆς
633 2527 849 2600 εἴρηται
888 2531 1025 2595 ἰδίας
1071 2534 1301 2603 δεόμενα
1352 2536 1564 2608 σχολῆς.
1606 2539 1663 2592 ὐ
1700 2540 1798 2610 μὲν

179 2610 447 2680 οὗνίθείος
464 2619 788 2685 Ἀπόστολος
811 2639 876 2674 πε
884 2624 938 2694 ρὶ
962 2624 1125 2677 αὑτοῦ
1152 2625 1418 2680 διδάσκων
1442 2630 1585 2699 ἡμᾶς
1611 2647 1794 2700 φησιν,

189 2726 211 2759 ι
262 2711 325 2762 Ὀ
357 2711 608 2775 καταϐὰς
636 2714 715 2775 είς
745 2712 814 2767 τά
855 2716 1139 2790 κατώτερα
1174 2719 1315 2791 μέρη
1353 2721 1450 2789 τῆς
1477 2722 1598 2793 γῆς,
1634 2724 1795 2787 αὑτός

183 2800 341 2854 ἐστιν
371 2802 468 2855 καὶ
494 2806 521 2856 ό
545 2805 752 2871 ἀναϐὰς
788 2808 1042 2880 ὑπεράνω
1076 2809 1186 2863 τῶν
1214 2812 1487 2884 οὐρανῶν·
1530 2834 1549 2866 ι
1595 2818 1795 2887 προτά-

186 2889 287 2955 ξας
309 2893 374 2945 τὸ
418 2895 837 2965 κατεληλυθέναι
856 2898 1037 2962 αὑτὸν,
1061 2896 1158 2954 εἶτ’
1196 2902 1560 2971 ἐπαναγαγὼν
1592 2904 1653 2957 τὸ
1700 2906 1793 2959 ἀν-

187 2982 518 3053 εληλυθέναι
539 2989 720 3059 φησὶν,
740 2989 927 3044 ἔπειτα
949 2992 1388 3065 κατεληλυθέναι·
1407 2996 1636 3068 ἐπείπερ
1657 2998 1792 3067 μετά

184 3073 285 3146 τὴν
322 3080 392 3130 ὲκ
437 3080 646 3151 νεκρῶν
689 3082 985 3138 ἀνάστασιν
1034 3086 1205 3140 εἰπὼν
1253 3090 1317 3159 τῇ
1358 3089 1608 3161 Μαριὰμ,
1643 3110 1660 3142 ι
1697 3093 1787 3164 Μή

189 3184 292 3237 μου
340 3168 536 3234 ἅπτου,
578 3172 732 3226 οὑπω
765 3174 872 3246 γάρ
902 3176 1219 3249 ἀναϐέϐηκα
1257 3180 1393 3251 πρὸς
1433 3180 1526 3234 τὸν
1560 3181 1783 3254 Πατέρα

189 3277 324 3331 μου⁸
369 3281 390 3313 ι
428 3263 566 3333 μετὰ
590 3265 759 3319 ταῦτα
791 3265 944 3341 ώφθη
978 3273 1089 3334 τοῖς
1125 3270 1394 3342 μαθηταῖς
1425 3273 1518 3325 ἐπὶ
1547 3274 1781 3346 ἡμέραις
1813 3308 1855 3365 c

182 3355 602 3425 τεσσαράκοντα
620 3359 1071 3432 συναυλιζόμενος
1090 3364 1274 3427 αὑτοῖς
1291 3383 1304 3395 ·
1334 3363 1674 3436 ἀνεληλυθώς
1696 3367 1788 3438 δη-

178 3443 318 3517 λαδὴ
350 3446 490 3518 πρὸς
520 3452 610 3500 τὸν
629 3450 867 3521 Πατέρα,
903 3453 995 3505 καὶ
1018 3449 1173 3517 αὖθις
1200 3454 1266 3506 δι’
1288 3453 1354 3525 ἥν
1383 3454 1624 3508 ἐπετέλει
1650 3457 1787 3509 οίκο·

179 3536 382 3606 νομίαν
407 3538 806 3608 κατεληλυθώς.
857 3543 947 3596 Διὸ
976 3544 1070 3598 καὶ
1095 3544 1308 3615 εἴρηται
1338 3562 1351 3575 ⁸
1381 3565 1399 3596 ‹
1446 3546 1678 3610 ’Λναὸἁς
1705 3548 1785 3613 είς

180 3626 320 3698 ὕψος
372 3630 793 3701 ᾐχμαλώτευσεν
827 3636 1223 3706 αἰχμαλωσίαν,
1272 3637 1439 3692 ἔδωκε
1483 3639 1694 3709 δόματα
1725 3643 1783 3693 ἐν

180 3718 517 3791 ἀνθρώποις.
552 3740 570 3773 ι
608 3723 740 3776 Τίνα
773 3723 827 3775 δὲ
851 3724 1024 3779 ταῦτα
1054 3725 1085 3796 ἧ
1109 3726 1175 3779 τὰ
1196 3726 1284 3778 διὰ
1303 3727 1397 3779 τοῦ
1434 3728 1586 3796 ἁγίου
1612 3728 1782 3781 Πνεὺ-

183 3826 356 3878 ματος
401 3806 735 3882 χαρίσματα,
767 3815 910 3886 ειπερ
954 3814 1014 3880 ἐξ
1043 3816 1274 3887 οὑρανοῧ
1299 3816 1659 3885 κατεϐίϐασε;
1690 3820 1781 3873 Διὸ

182 3902 277 3953 καὶ
306 3903 544 3955 ἐνταῦοα
573 3905 723 3975 παρὰ
775 3906 852 3975 τῷ
890 3906 1092 3978 Ἀκὺλᾳ
1132 3907 1365 3978 εἴρηται·
1409 3927 1427 3960 ι
1489 3909 1584 3973 Τίς
1612 3911 1777 3983 άνέόη

178 3996 259 4058 εἰς
287 3995 381 4048 τὸν
408 3996 634 4066 οὐρανὸν
663 4000 756 4052 καὶ
783 3998 1138 4053 κατεϐίϐασεν
1162 4017 1176 4066 ;
1199 4001 1370 4057 Αὐτὸς
1399 4001 1455 4054 δὲ
1491 4003 1584 4055 καὶ
1611 4003 1779 4075 ἐκράο

180 4103 314 4158 τησε
359 4088 466 4140 τῶν
497 4089 680 4160 ἄκρων
712 4090 815 4160 τῆς
854 4091 978 4161 γῆς,
1011 4091 1151 4146 ὣστε
1202 4095 1281 4156 εἰς
1317 4096 1497 4149 πᾶσαν
1530 4096 1628 4168 τὴν
1671 4098 1776 4167 γῆν

178 4177 415 4244 ἐξελθεῖν
458 4180 547 4232 τὸν
579 4180 732 4249 λόγον
760 4182 947 4247 αὑτοῦ,
994 4184 1086 4237 καὶ
1128 4186 1208 4248 εἰς
1234 4186 1302 4239 τὰ
1334 4186 1545 4258 πέρατα
1568 4188 1669 4258 τῆς
1695 4191 1774 4242 οῖ-

182 4272 454 4343 κουμένης
502 4272 570 4326 τὰ
624 4276 843 4346 ῥήματα
893 4276 1078 4331 αὑτοῦ.
1115 4297 1133 4329 ι
1172 4272 1240 4350 ᾯ
1280 4278 1336 4330 δὲ
1371 4279 1574 4334 δέδοται
1618 4280 1774 4350 λόγος

180 4365 454 4431 γνώσεως,
487 4360 641 4430 οὗτος
675 4369 879 4423 εἴσεται
900 4370 1047 4434 ὅπως
1068 4370 1133 4425 ἂν
1158 4372 1376 4443 νοηθείη
1406 4373 1586 4425 καὶτὰ
1608 4372 1773 4428 λοιπά

178 4456 287 4510 τῶν
326 4458 468 4512 κατὰ
510 4460 601 4512 τὸν
642 4461 803 4514 τόπον
823 4477 835 4489 ·
875 4464 1173 4534 προτρέπει
1201 4464 1256 4517 δὲ
1295 4466 1442 4535 ἡμᾶς
1468 4464 1560 4517 ἐπὶ
1589 4465 1648 4517 τὸ
1674 4465 1770 4537 ζη-

177 4551 341 4622 τῆσαι
365 4554 419 4605 τί
440 4553 608 4625 ὄνομα
635 4555 785 4625 αὑτῷ
817 4573 875 4608 τε
907 4558 1001 4610 καὶ
1030 4560 1142 4621 τοῖς
1179 4558 1389 4621 τέκνοις
1422 4559 1608 4612 αὑτοῦ·
1633 4560 1769 4633 πρὸς

1918 693 2085 749 tionis
2119 695 2194 761 “,
2240 716 2258 750 ι
2311 700 2699 769 sapientiorem
2759 703 3154 781 fortioremque
3206 693 3488 769 hominum

1918 786 2227 855 sapientia?
2259 788 2360 845 Hic
2389 794 2533 847 enim
2552 794 2765 861 dicens,
2794 816 2813 848 ‹
2838 800 3198 859 stultissimus
3222 820 3342 859 sum
3375 821 3495 861 oms

1917 878 2070 932 nium
2100 880 2365 947 virorum,
2410 903 2430 935 ι
2482 895 2535 940 et
2564 888 2619 941 in
2660 893 3004 960 sexagesimo
3036 906 3227 951 octavo
3255 899 3489 969 psalmo,

1922 988 1940 1020 ι
1969 969 2050 1025 Tu
2072 972 2185 1028 scis
2212 973 2581 1046 insipientiam
2613 996 2785 1036 meam
2808 984 2871 1049 “,
2899 1004 2917 1037 ι
2955 989 3109 1057 quasi
3131 991 3202 1045 ob
3232 1008 3493 1061 generose

1915 1060 2118 1118 factum
2169 1067 2509 1136 gloriﬁcatur
2554 1075 2698 1142 quod
2749 1077 2954 1131 nullam
2984 1096 3212 1150 prorsus
3240 1060 3482 1155 iprudenv

1914 1157 2044 1211 tiam
2073 1158 2270 1213 habeat
2296 1177 2485 1218 eorum
2550 1168 2642 1237 qui
2697 1172 2991 1237 pecoribus
3021 1183 3075 1230 et
3106 1177 3495 1247 insipientibus

1912 1250 2233 1322 aequiparati
2266 1263 2416 1319 sunt,
2450 1258 2530 1312 vel
2557 1258 2871 1319 istiusmodi
2936 1265 3240 1335 hominum,
3269 1273 3487 1341 etquod

1911 1338 2173 1395 insanivit
2232 1346 2535 1400 secundum
2591 1351 2917 1419 sapientiam
2976 1370 3165 1409 eorum
3217 1358 3308 1427 qui
3350 1338 3486 1413 nihil

1912 1432 2021 1488 nisi
2046 1438 2351 1502 terrestria,
2386 1440 2624 1494 carnalia
2650 1450 2705 1497 et
2736 1445 3039 1500 materialia
3074 1450 3315 1520 sapiunt.
3355 1449 3492 1507 Inde

1910 1527 2213 1597 prudentiae
2234 1530 2496 1586 indicium
2524 1542 2608 1588 est
2656 1535 2710 1589 in
2742 1539 3091 1607 generatione
3116 1557 3236 1607 sua,
3277 1544 3323 1599 si
3362 1553 3485 1599 tan-

1908 1621 2191 1677 tummodo
2222 1640 2343 1693 quaa
2370 1633 2498 1680 sunt
2544 1642 2709 1692 super
2739 1639 2940 1683 terram
2965 1634 3267 1702 requirant,
3296 1643 3349 1691 et
3367 1651 3493 1708 qua"

1906 1725 2075 1781 prava
2106 1723 2236 1769 sunt
2262 1716 2492 1784 juvenili
2529 1718 2742 1786 sapiant
2776 1719 3067 1791 imperitia.
3090 1722 3338 1779 Humana
3365 1728 3458 1796 qui

1906 1801 2029 1855 dem
2061 1818 2189 1857 cum
2212 1806 2439 1861 minime
2482 1807 2536 1860 in
2587 1810 2868 1877 przecitato
2918 1812 3142 1869 homine
3174 1814 3485 1871 inveniatur

1905 1895 2220 1964 prudentia,
2250 1898 2470 1954 divinus
2510 1900 2582 1954 sit
2612 1910 2665 1955 et
2694 1901 2911 1958 homine
2939 1906 3115 1975 major
3138 1923 3363 1965 necesse
3378 1917 3483 1966 est.

1905 1986 2086 2055 Quare
2121 1989 2312 2061 adjicit
2346 1992 2665 2063 Scriptura:
2703 2014 2721 2045 ι
2754 1995 2896 2051 Deus
2929 1998 3224 2057 docuitme
3266 2004 3483 2073 sapien-

1904 2081 2038 2134 tiam
2071 2120 2085 2145 ,
2129 2089 2183 2137 et
2243 2084 2530 2139 scientiam
2582 2095 2895 2143 sanctorum
2960 2106 3060 2160 ego
3105 2094 3253 2147 novi.
3294 2114 3312 2146 ι
3348 2094 3480 2149 Dein

1903 2170 2326 2242 interrogatorie
2355 2176 2517 2231 dicit:
2546 2197 2565 2228 ι
2595 2178 2729 2245 Quis
2751 2182 3067 2237 ascenditin
3100 2186 3296 2240 ccelum
3320 2197 3481 2258 atque

1905 2259 2298 2317 descendit?»
2353 2264 2465 2321 Nos
2517 2268 2766 2324 videlicet
2829 2272 3152 2331 adhortatus
3203 2276 3270 2330 ad
3332 2278 3481 2333 illius

1901 2349 2377 2423 investigationem
2434 2358 2525 2427 qui
2572 2360 2700 2413 talia
2733 2360 2800 2415 de
2834 2378 2891 2417 se
2944 2365 3065 2434 ipso
3116 2367 3294 2425 docet.
3351 2369 3481 2437 Qua’

1901 2455 2235 2513 sequuntur,
2295 2451 2570 2519 peculiare
2627 2458 3082 2511 commentarium
3142 2458 3476 2520 desiderant.

1901 2535 2129 2593 Divinos
2154 2540 2629 2613 igitur-Apostolus
2655 2545 2721 2600 de
2745 2562 2806 2600 eo
2838 2563 2938 2603 nos
2973 2550 3178 2606 docens
3212 2557 3349 2611 aitu
3376 2556 3478 2623 Qui

1902 2623 2207 2691 descendit,
2239 2629 2354 2699 ipse
2386 2641 2544 2686 estet
2570 2634 2661 2703 qui
2688 2636 2932 2691 ascendit
2961 2654 3126 2709 super
3153 2658 3345 2698 omnes
3367 2660 3477 2700 cm-

1897 2716 1979 2772 los
2010 2719 2072 2773 ¹¹.
2106 2738 2123 2769 ι
2158 2718 2313 2775 Ηυηο
2349 2722 2492 2776 enim
2529 2725 2771 2781 vicissim
2817 2727 3170 2788 descendisse
3197 2742 3252 2789 et
3279 2752 3476 2791 ascen-

1895 2807 2048 2864 disse
2072 2824 2376 2881 rursusque
2401 2812 2790 2884 descendisse;
2817 2822 3157 2878 etenimcum
3189 2840 3219 2879 a
3250 2830 3476 2885 mortuis

1895 2898 2248 2963 surrexisset,
2285 2901 2467 2957 Maria:
2497 2904 2666 2961 dixit:
2690 2908 2846 2963 «Noli
2878 2923 3215 2983 metangere,
3235 2919 3476 2975 nondum

1893 2990 2039 3045 enim
2090 2994 2317 3048 ascendi
2350 2996 2415 3050 ad
2446 2995 2659 3053 Patrem
2695 3017 2877 3056 meum
2914 3004 2979 3059 “.
3018 3024 3037 3057 ›
3069 3005 3268 3064 Postea
3308 3010 3468 3067 disci-

1892 3080 2037 3149 pulis
2071 3083 2187 3139 suis
2220 3084 2373 3142 visus
2399 3095 2482 3142 est
2513 3104 2609 3158 per
2641 3091 2757 3147 dies
2805 3095 3189 3167 quadraginta,
3244 3102 3299 3156 in
3359 3120 3474 3160 me-

1890 3173 1982 3229 dio
2033 3190 2220 3231 eorum
2277 3193 2607 3250 congressus
2629 3184 2691 3237 ”.
2733 3183 2985 3242 Profecto
3022 3189 3089 3243 ad
3116 3189 3331 3247 Patrem
3360 3194 3473 3265 jam

1892 3282 2169 3334 reversus,
2202 3270 2402 3326 iterum
2435 3273 2503 3328 ad
2535 3291 2630 3330 eos
2679 3276 3047 3336 instituendos
3081 3282 3472 3349 descendebat.

1891 3354 2049 3413 Unde
2079 3368 2133 3412 et
2165 3359 2373 3413 dictum
2406 3370 2490 3415 est
2527 3380 2539 3416 :
2584 3382 2602 3413 ι
2641 3363 2957 3421 Ascendens
2982 3368 3034 3422 in
3062 3370 3229 3423 altum
3251 3412 3266 3436 ,
3300 3376 3473 3443 capti-

1886 3464 2007 3503 vam
2039 3449 2194 3505 duxit
2224 3453 2593 3521 captivitatem
2634 3474 2647 3508 :
2682 3456 2988 3513 deditdona
3015 3461 3331 3520 hominibus
3365 3466 3466 3521 η.»

1886 3538 2017 3606 Qum
2045 3551 2247 3605 autem,
2275 3544 2381 3598 nisi
2407 3542 2643 3616 Spiritus
2677 3549 2854 3602 sancti
2885 3565 3133 3615 munera,
3164 3569 3284 3623 qua:
3307 3571 3337 3610 e
3356 3571 3469 3611 cm-

1885 3633 1953 3687 lis
1978 3634 2387 3691 demisit?ldeo
2443 3646 2498 3692 et
2542 3641 2685 3707 apud
2720 3641 2973 3712 Aquilam
3007 3643 3250 3702 dicitur:
3282 3666 3300 3697 ι
3332 3646 3471 3715 Quis

1882 3722 2205 3779 ascenditin
2238 3727 2439 3781 cmlum
2473 3735 2526 3783 et
2556 3728 2827 3785 demisit?
2873 3730 3019 3788 Idem
3052 3736 3145 3806 qui
3195 3738 3465 3796 altissima

1882 3820 2042 3869 terrae
2086 3819 2388 3887 superavit,
2430 3820 2505 3874 ita
2551 3830 2612 3876 ut
2661 3822 2716 3877 in
2757 3838 2973 3880 omnem
3034 3835 3237 3883 terram
3293 3833 3466 3889 exiret

1882 3922 2052 3963 sonus
2096 3909 2239 3980 ejus,
2263 3919 2319 3966 et
2365 3913 2418 3966 in
2454 3913 2591 3969 ﬁnes
2616 3915 2766 3971 orbis
2812 3924 2971 3973 terra).
2995 3920 3156 3975 verba
3188 3923 3310 3993 ejus
3341 3924 3404 3979 “.
3437 3944 3459 3979 ι

1880 3999 1979 4055 Cui
2012 4017 2141 4057 vero
2170 4003 2357 4059 datum
2425 4016 2511 4062 est
2547 4008 2775 4063 verbum
2828 4012 3094 4077 scientiae,
3137 4014 3227 4069 hic
3250 4018 3463 4073 noverit

1878 4096 2154 4163 quomodo
2195 4097 2544 4170 intelligenda
2590 4102 2700 4157 sint
2756 4111 2952 4160 castora
2978 4106 3144 4177 hujus
3168 4109 3293 4165 loci.
3346 4110 3462 4167 Nos

1878 4185 2041 4256 igitur
2075 4187 2336 4244 admonet
2358 4201 2415 4245 ut
2447 4208 2761 4262 quaeramus
2791 4197 2939 4265 quod
2982 4198 3055 4251 sit
3105 4198 3176 4265 ei,
3228 4199 3457 4271 ejusque

1878 4277 2001 4337 tiliis
2050 4298 2268 4339 nomen.
2324 4283 2437 4339 Hac
2467 4285 2613 4339 enim
2647 4286 3068 4357 investigatione
3110 4290 3271 4346 nobis
3303 4307 3457 4347 com-

1873 4384 2087 4446 portum
2121 4377 2231 4441 ﬁet,
2265 4378 2395 4433 huic
2422 4395 2618 4435 nomen
2645 4396 2768 4436 esse
2784 4380 2996 4449 Jesum,
3020 4384 3167 4452 quod
3184 4384 3281 4439 Dei
3303 4385 3451 4441 salus

1874 4468 2286 4539 interpretatur,
2352 4472 2499 4540 quod
2535 4479 2588 4527 et
2618 4480 2875 4542 parentes
2904 4474 3045 4542 ejus,
3102 4490 3134 4528 a
3193 4477 3453 4533 Gabriele

1872 4563 2159 4626 admoniti,
2189 4564 2571 4633 imposuerunt
2631 4566 2703 4633 ei,
2747 4566 2907 4622 istius
2936 4583 3159 4623 causam
3204 4571 3454 4625 denomi-

176 4644 335 4698 τοῦτο
358 4645 402 4698 δ’
434 4646 852 4718 ὑπακουσόμεθα
893 4649 957 4701 ἐκ
986 4650 1083 4720 τῆς
1110 4650 1389 4721 ἐνεργείας
1434 4652 1768 4723 παρειληφό-
1801 4661 1815 4714 |

1894 4654 2115 4709 nationis
2147 4656 2340 4726 angelo
2379 4656 2500 4726 ipso
2542 4658 2907 4726 signiﬁcante.
2943 4678 2961 4710 ι
2988 4661 3107 4731 Ipse
3140 4663 3309 4725 enim,
3367 4664 3457 4719 in-

176 4754 287 4800 τες,
333 4738 480 4810 αὐτῷ
517 4741 613 4809 μὲν
651 4742 916 4812 ὑπάρχειν
945 4742 1114 4811 ὄνομα
1162 4742 1388 4814 Ἰησοῦς,
1416 4745 1552 4816 ὅπερ
1591 4746 1764 4817 ἑρμη-

173 4830 393 4884 νεύεται
430 4832 576 4886 Θεοῦ
604 4834 885 4903 σωτηρία·
915 4834 943 4886 ὃ
968 4835 1060 4887 καί⁵
1092 4835 1140 4886 οἱ
1175 4835 1315 4887 κατὰ
1355 4836 1534 4907 σάρκα
1590 4853 1762 4907 προσ-

173 4928 399 4993 ήκοντες
435 4924 577 4978 κατά
601 4925 691 4978 τὸν
725 4926 818 4979 τοῦ
857 4926 1094 4999 Γαϐριὴλ
1146 4928 1528 4999 χρηματισμὸν
1578 4929 1762 4981 ἐπιτε-

172 5015 417 5070 θείκασιν
446 5017 615 5087 αὐτῷ,
642 5017 976 5090 ὑποθεμένου
1007 5020 1101 5072 καὶ
1133 5020 1229 5089 τὴν
1258 5019 1436 5073 αἰτίαν
1470 5021 1564 5074 τοῦ
1596 5023 1762 5091 ἀγγέ-

170 5108 262 5163 λου
301 5109 404 5180 τῆς
438 5109 692 5180 τοιαύτης
725 5112 1114 5182 προσηγορίας,
1156 5132 1174 5161 ι
1216 5111 1385 5176 Αὑτὸς
1429 5114 1537 5185 γὰρ
1571 5115 1755 5179 σώσει,

174 5201 327 5273 φησὶ,
362 5202 452 5255 τὸν
489 5201 613 5255 λαὸν
669 5202 830 5257 αὑτοῦ
868 5204 975 5256 ἀπὸ
1009 5204 1118 5258 τῶν
1168 5205 1457 5277 ἁμαρτιῶν
1491 5208 1691 5261 αὑτῶν.
1732 5228 1749 5258 ι

1872 4747 2011 4817 quit,
2068 4749 2280 4802 salvum
2332 4749 2496 4804 faciet
2522 4750 2781 4820 populum
2815 4767 2976 4807 suum
3026 4768 3056 4807 a
3087 4756 3330 4825 peccatis
3357 4772 3450 4813 eo-

1870 4853 1990 4893 rum
2030 4840 2093 4895 ’7.
2136 4861 2154 4893 ι
2212 4839 2418 4895 Nomen
2473 4856 2601 4896 vero
2662 4840 2899 4897 tiliorum
2940 4860 3188 4911 suorum,
3249 4848 3453 4917 quibus

1871 4930 2048 4984 dixit:
2076 4950 2093 4981 ι
2121 4930 2325 4995 Filioli,
2354 4931 2535 4986 adhuc
2569 4933 2845 4987 modicum
2881 4935 3164 4992 vobiscum
3206 4939 3444 4999 sum‘m

1869 5038 2169 5093 eorumque
2222 5025 2315 5093 qui
2346 5032 2469 5093 post
2496 5040 2591 5079 eos
2624 5026 2679 5079 in
2713 5027 2972 5084 omnibus
3028 5028 3290 5085 Eeclesiis
3344 5046 3446 5084 na-

1869 5125 2089 5168 scentur
2114 5114 2373 5179 ﬁliorum,
2402 5124 2454 5169 ct
2480 5127 2839 5188 pronepotum
2857 5135 3049 5174 eorum
3073 5160 3087 5185 ,
3124 5122 3269 5191 quod
3298 5123 3444 5177 aliud

1864 5218 2030 5271 esset,
2060 5208 2168 5263 nisi
2203 5208 2551 5264 benedictum
2580 5210 2712 5264 illud
2739 5212 3099 5266 christianum
3136 5213 3376 5268 nomen?

169 5296 242 5351 Τὸ
273 5298 331 5351 δὲ
362 5299 471 5352 τῶν
516 5300 720 5354 τέκνων
778 5301 943 5355 αὑτοῦ
980 5302 1169 5374 ὄνομα,
1204 5297 1284 5366 οἷς
1319 5302 1492 5371 ἔλεγε,
1526 5322 1544 5355 ι
1580 5304 1810 5369 Τεκνία,
1836 5303 1914 5357 ἔτι
1952 5305 2146 5376 μικρὸν
2180 5302 2241 5372 (Γ.
2284 5305 2376 5375 27)
2405 5305 2595 5377 χρόνον
2640 5306 2757 5375 μεθ’
2789 5306 2943 5377 ὑμῶν
2972 5308 3106 5377 είμι,
3146 5325 3167 5357 ι
3196 5309 3290 5361 καὶ
3335 5309 3443 5364 τῶν

172 5397 287 5464 μετ’
317 5395 558 5458 ἐκείνους
582 5398 639 5449 ὲν
660 5397 895 5462 ἀπάσαις
922 5402 1036 5462 ταῖς
1077 5399 1423 5470 Ἐκκλησίαις
1458 5400 1590 5454 υἱῶν
1632 5418 1691 5454 τε
1743 5400 1907 5454 αὑτοῦ
1950 5401 2043 5453 καὶ
2086 5400 2292 5453 υίωνῶν
2335 5404 2430 5455 κα)⁵
2468 5401 2781 5469 ἀπογόνων,
2819 5402 2875 5454 τί
2908 5400 2974 5455 ἂν
3006 5400 3132 5456 ἄλλο
3183 5401 3267 5474 είη
3305 5403 3359 5473 ἢ.
3381 5404 3446 5457 τὸ

167 5489 360 5561 εὑλογη
371 5490 527 5561 μένον
551 5494 862 5563 χριστιανδν
890 5494 1095 5565 δνομα;

711 5586 1105 5641 ΚΕΦΑΛΑΙΟΝ
1142 5589 1216 5643 A'.

545 5676 688 5731 Ἀπὸ
716 5677 823 5731 τοῦ
870 5678 1371 5747 Ἑκκλησισστοῦ.

310 5767 537 5837 Ἂγαθὸς
585 5772 715 5833 παῖς
764 5770 933 5841 πένης
981 5771 1073 5824 καὶ
1117 5772 1279 5841 σοφὸς
1326 5772 1468 5843 ὑπὲρ
1525 5772 1748 5843 βασιλέα

238 5901 284 5933 ⁸⁸
319 5902 334 5955 |
369 5904 496 5960 Cor.
533 5903 706 5969 1,.21.

169 5986 250 6038 Iv,
298 5971 351 6028 8.
450 5974 499 6007 "
537 5972 681 6033 Psal.
719 5989 882 6042 xvnt,
918 5975 970 6031 4.

1421 5908 1464 5938 "
1504 5905 1700 5977 Eplies.
1737 5923 1825 5977 tv,
1865 5906 1952 5962 10.
2033 5907 2075 5938 ’⁸
2109 5905 2271 5961 Joan.
2308 5923 2407 5977 xx,
2438 5906 2566 5964 H7.
2646 5908 2689 5941 “
2724 5907 2845 5963 Act.
2911 5923 2964 5972 ι,
2998 5907 3051 5965 3.

1548 5924 1700 5979 pnes.
1737 5924 1825 5971 ιν,
1865 5924 1952 5962 ιυ.
2033 5924 2075 5938 ¹’
2109 5924 2271 5961 Joan.
2308 5924 2407 5977 XX,

1553 6018 1566 6032 .
1684 5979 1726 6011 η
1758 5976 1915 6035 Joan.
1952 5992 2087 6041 xtn.
2124 5978 2211 6033 53.

2467 5584 2698 5641 CAPUT
2730 5584 2819 5638 IV.

2412 5677 2495 5732 Ex
2534 5678 2876 5733 Ecclesiaste.

1931 5789 1950 5822 ι
1988 5770 2176 5827 Melior
2225 5779 2309 5827 est
2340 5786 2473 5842 puer
2503 5787 2711 5843 pauper
2735 5782 2787 5827 et
2811 5771 3033 5843 sapiens
3067 5787 3194 5844 rege
3229 5788 3359 5830 sene
3380 5781 3436 5830 et

3147 5908 3192 5941 "
3228 5906 3426 5979 Ephes.
