3954 6530
511 469 646 524 “27

1225 463 1494 520 EUSEBII
1518 456 2008 522 CASSARIENSIS
2044 463 2194 521 OPP.
2233 461 2414 516 PARS
2439 460 2528 515 Ill.
2567 489 2640 504 ι·-
2673 455 3082 513 EXEGETICA.

3623 448 3746 502 ιιειι

509 581 696 644 stulto,
733 579 828 651 qui
863 580 1044 636 nescit
1069 581 1368 652 praevidere
1416 583 1470 636 in
1499 589 1800 652 posterum.
1831 581 1986 648 Quod
2011 581 2077 636 de

2199 579 2552 652 τρεσϐύτερον
2580 579 2674 630 καὶ
2703 577 2930 646 ἄφρονα,
2961 574 3018 636 ὃς
3045 573 3146 625 οὐκ
3185 569 3326 638 ἔγνω
3349 567 3446 622 τοῦ
3477 566 3746 638 προσέχειν

507 686 729 726 carcere
783 673 1102 740 catenisque
1147 672 1422 726 interdum
1467 674 1596 743 quis
1647 673 1962 744 egrediatur
2007 674 2078 728 ad

509 777 738 832 regnum
766 782 778 817 :
807 771 861 817 et
895 757 1040 820 alius
1065 769 1228 818 natus
1259 764 1314 816 i-n
1345 779 1537 833 regno,
1569 764 1754 833 inopia
1787 779 2080 820 consuma-

509 866 615 911 tur.
657 854 780 910 Vidi
808 865 1038 911 cunctos
1074 856 1338 916 viventes.
1379 855 1474 926 qui
1506 857 1786 910 ambulant
1833 857 1938 912 sub
1965 857 2081 914 sole

509 964 634 1003 cum
681 947 1028 1004 adolescente
1079 950 1344 1014 secundo,
1376 951 1470 1021 qui
1509 957 1805 1022 consurget
1846 967 1948 1021 pro
1993 967 2080 1007 eo.

510 1040 759 1096 lnﬁnitus
790 1056 1052 1095 numerus
1097 1047 1180 1096 est
1209 1042 1394 1112 populi
1425 1042 1670 1096 omnium
1693 1081 1710 1106 ,
1733 1042 1824 1114 qui
1863 1043 2082 1098 fuerunt

511 1141 639 1188 ante
675 1148 800 1188 eum
834 1151 848 1189 :
882 1134 1044 1202 etqui
1085 1141 1274 1203 postea
1305 1132 1472 1188 futuri
1505 1143 1654 1198 sunt,
1683 1150 1790 1189 non
1819 1135 2083 1190 laetabun-

513 1229 600 1275 tur
653 1223 708 1276 in
768 1237 853 1276 eo.
900 1221 1007 1275 Sed
1063 1223 1118 1276 in
1171 1222 1294 1287 hoc,
1327 1224 1542 1278 vanitas
1585 1231 1641 1278 et
1671 1223 1892 1278 aﬂlictio
1921 1225 2085 1294 spiri-

512 1322 604 1368 tus
630 1315 696 1369 ¹⁹.
737 1311 909 1368 ιϐιιιιι
941 1311 1213 1377 Christus,
1246 1315 1337 1382 qui
1375 1332 1394 1365 ι
1431 1316 1700 1384 sapientia
1728 1315 1823 1370 Dei
1855 1317 1900 1346 ὀ
1933 1335 1954 1367 ι
1979 1323 2082 1382 est,

513 1419 614 1474 pro
643 1404 799 1458 nobis
833 1401 1186 1466 mendicavit,
1219 1403 1372 1459 dives
1423 1404 1568 1468 licet,
1599 1405 1732 1458 mihi
1767 1406 1980 1460 videtur
2019 1407 2087 1461 de

513 1511 580 1552 eo
603 1496 750 1550 dici:
795 1514 814 1546 ι
861 1493 1050 1549 Melior
1089 1504 1172 1550 est
1210 1511 1344 1565 puer
1377 1511 1584 1565 pauper
1621 1505 1674 1550 et
1712 1498 1932 1567 sapiens
1963 1513 2088 1568 rege

517 1604 648 1646 sene
685 1599 740 1655 et
787 1589 978 1649 stulto,
1015 1607 1032 1638 ι
1068 1603 1230 1657 quem
1263 1602 1463 1642 censeo
1495 1588 1936 1657 antiquissimum
1977 1605 2092 1644 ma-

517 1679 692 1734 lorum
722 1677 932 1731 dierum
963 1692 1084 1731 esse
1099 1677 1398 1732 diabolum.
1429 1675 1527 1730 Hic
1549 1693 1741 1747 nempe
1765 1679 1832 1732 iis
1860 1693 1952 1734 rex
1981 1687 2087 1744 est,

515 1771 610 1842 qul
639 1778 863 1840 peccato
893 1785 988 1840 per
1010 1785 1134 1824 eum
1166 1769 1220 1823 in
1245 1770 1376 1824 orbe
1409 1769 1608 1824 dilfuso
1641 1779 1928 1840 reguntur;
1961 1773 2093 1828 stul-

516 1871 608 1918 tus
643 1878 772 1916 vero
801 1902 816 1926 ,
858 1871 916 1916 ut
947 1862 1038 1932 qui
1071 1863 1278 1931 optima
1309 1866 1611 1916 secundum
1653 1861 1824 1918 Deum
1855 1866 2093 1935 pruden-

515 1955 590 2010 tia
639 1963 843 2010 careat.
885 1953 978 2010 llle
1017 1963 1196 2008 autem
1233 1953 1548 2024 praecitatus
1586 1972 1604 2006 ι
1653 1971 1787 2025 puer
1813 1971 2018 2027 pauper
2037 1965 2093 2012 et
2121 1947 2164 2001 Β

517 2049 736 2119 sapiens
763 2048 829 2102 de
857 2063 1098 2112 carcere,
1133 2066 1151 2098 ι
1181 2047 1298 2102 sive
1329 2047 1396 2104 de
1421 2049 1526 2104 hoc
1557 2049 1812 2105 terrestri
1840 2050 1984 2114 loco,
2016 2051 2092 2105 si-

516 2157 582 2196 ve
605 2141 673 2196 de
692 2140 927 2208 inferno,
958 2155 988 2192 a
1019 2141 1250 2196 mortuis
1270 2157 1560 2212 resurgens
1587 2157 1844 2212 egressus
1870 2151 1954 2198 est
1977 2140 2088 2197 Rex

517 2249 550 2288 a
571 2233 734 2289 Patre
761 2249 929 2304 super
961 2234 1240 2289 cmlestem
1263 2233 1396 2290 Sion
1423 2243 1662 2291 montem
1697 2235 1794 2291 Dei
1823 2235 2094 2290 constitu-

519 2334 610 2382 tus
632 2327 698 2390 ¹¹,
739 2335 792 2382 ct
843 2327 900 2380 in
951 2327 1070 2397 ipso
1129 2343 1298 2398 regno
1339 2329 1463 2398 ejus
1501 2329 1684 2385 factus
1729 2337 1814 2386 est
1863 2345 2090 2400 pauper,

526 2439 546 2474 ι
587 2436 696 2476 non
718 2419 962 2490 rapinam
993 2420 1292 2476 arbitratus
1311 2437 1435 2477 esse
1471 2437 1532 2478 se
1555 2422 1820 2492 aequalem
1847 2420 2042 2485 Deo“.
2067 2440 2086 2474 ι

519 2513 616 2568 sed
645 2512 886 2584 seipsum
923 2511 1244 2578 humilians,
1277 2522 1332 2570 et
1361 2514 1430 2569 de
1459 2515 1726 2570 altissima
1756 2513 2094 2570 descendens

519 2601 715 2674 gloria,
745 2613 969 2675 propter
1011 2619 1108 2658 eos
1142 2605 1236 2674 qui
1287 2606 1572 2675 sapientia
1613 2605 1737 2674 ejus
1779 2606 2091 2662 divitiarum

519 2695 818 2766 participes
839 2711 950 2752 non
977 2704 1154 2752 erant.
1175 2695 1280 2763 Qui
1311 2706 1494 2752 autem
1524 2696 1790 2752 adversus
1812 2713 1936 2752 eum
1970 2713 2095 2752 sur-

521 2789 730 2844 rexisse
770 2788 971 2844 dicitur
1021 2791 1296 2845 secundus
1337 2789 1678 2852 adolescens.
1721 2789 2094 2845 Antichristus

521 2895 646 2937 esse
685 2882 817 2936 mihi
861 2881 1100 2947 videtur,
1132 2897 1370 2952 quocum
1404 2897 1596 2936 omnes
1623 2882 1728 2936 sub
1767 2883 1882 2936 sole
1907 2882 2096 2936 vivenv

523 2979 610 3026 tes
635 2979 689 3026 et
720 2972 1062 3028 ambulantes
1109 2971 1315 3026 vidisse
1347 2971 1482 3026 dicit
1521 2971 1828 3042 Scriptura.
1862 2969 2095 3037 Quinam

523 3065 658 3118 vero
685 3063 776 3118 isti
804 3069 956 3125 sunt,
983 3062 1090 3118 nisi
1118 3070 1492 3132 quotcunque.
1542 3077 1664 3131 quae
1697 3064 1804 3118 sub
1833 3062 1948 3116 sole
1975 3076 2098 3117 esse

525 3145 752 3214 dicitur,
789 3167 807 3201 ι
847 3148 1148 3204 vanitatem
1183 3147 1488 3202 vanitatum
1513 3165 1532 3199 ι
1569 3148 1804 3218 amplexi
1831 3147 2005 3204 sunt?

1154 3421 1382 3480 CAPUT
1427 3422 1492 3480 ν.

1091 3515 1176 3571 Ea:
1197 3516 1538 3574 Ecclesiaste.

605 3628 628 3666 ι
658 3609 808 3666 lianc
837 3625 1055 3682 quoque
1093 3610 1197 3666 sub
1237 3611 1352 3666 sole
1377 3609 1490 3664 vidi
1519 3609 1868 3681 sapientiam,
1894 3616 1949 3666 et
1977 3625 2104 3680 pro-

529 3703 655 3761 bavi
681 3703 995 3758 maximam.
1033 3701 1241 3756 Civitas
1267 3715 1453 3772 parva,
1483 3709 1538 3756 et
1575 3704 1734 3770 pauci
1765 3701 1820 3755 in
1852 3717 1916 3757 ea
1953 3702 2058 3759 viri
2087 3720 2100 3756 :

531 3794 684 3850 venit
710 3801 903 3849 contra
935 3807 1055 3847 eam
1099 3809 1192 3848 rex
1230 3807 1482 3863 magnus.
1514 3801 1568 3848 et
1595 3794 1818 3848 vallavit
1839 3809 1980 3858 eam,
2007 3811 2105 3850 ex-

532 3885 842 3955 struxitque
893 3885 1228 3939 munitiones
1271 3901 1368 3956 per
1415 3900 1628 3956 gyrum,
1657 3895 1710 3940 et
1757 3885 1996 3955 perfecta
2023 3893 2106 3941 est

533 3980 766 4036 obsidio.
792 3978 1160 4048 lnventusque
1176 3988 1258 4034 est
1285 3979 1338 4032 in
1358 3995 1420 4034 ea
1441 3979 1526 4032 vir
1547 3995 1752 4050 pauper
1779 3987 1833 4033 et
1859 3995 1916 4034 sa
1925 3981 2102 4050 piens.

532 4079 588 4126 et
618 4071 868 4126 liberavit
911 4071 1101 4124 urbem
1133 4085 1231 4139 per
1258 4071 1580 4140 sapientiam
1613 4085 1791 4134 suam,
1826 4081 1882 4125 et
1925 4074 2106 4130 nullus

533 4163 794 4232 deinceps
822 4161 1145 4216 recordatus
1169 4167 1256 4216 est
1299 4161 1535 4216 hominis
1567 4162 1714 4216 illius
1737 4164 2012 4232 pauperis.
2043 4164 2108 4218 Et

533 4256 782 4310 dicebam
811 4271 912 4326 ego
939 4255 1216 4309 meliorem
1246 4269 1366 4310 esse
1393 4255 1713 4324 sapientiam
1747 4254 2064 4310 fortitudine
2091 4277 2104 4312 :

535 4348 812 4418 quomodo
835 4364 966 4420 ergo
993 4350 1262 4418 sapientia
1297 4351 1554 4421 pauperis
1592 4359 1906 4421 contempta
1927 4361 2031 4416 est,
2055 4361 2108 4408 et

537 4445 702 4500 verba
733 4442 852 4512 ejus
882 4458 990 4496 non
1011 4452 1140 4498 sunt
1171 4442 1356 4498 audita
1379 4445 1448 4498 ³³³2
1485 4463 1503 4495 ι
1537 4443 1640 4510 Qui
1671 4444 1756 4497 hic
1788 4445 1926 4498 bella
1947 4446 2108 4514 gerit.

537 4551 634 4590 rex
664 4533 900 4602 dicitur;
927 4543 980 4588 et
1000 4536 1092 4603 qui
1115 4535 1186 4589 ab
1229 4551 1295 4590 eo
1333 4547 1693 4604 expugnatam
1735 4535 1940 4589 salvam
1981 4534 2109 4588 fecit

2179 670 2279 726 ἔτι.
2319 671 2440 723 Ὅτι
2473 669 2530 735 ἐξ
2555 667 2704 721 οἴκου
2735 665 2968 736 δεσμίων
3005 662 3344 728 ἐξελεύσεται
3379 659 3478 712 τοῦ
3513 657 3732 729 βασιλεῦ-

2181 780 2290 826 σαι,
2322 762 2405 816 ὅτι
2437 760 2530 814 καί
2572 776 2635 828 γε
2679 761 2738 811 ὲν
2779 757 3026 828 βασιλείᾳ.
3067 754 3232 809 αὑτοῦ
3281 751 3520 823 ἐγενήθη
3575 749 3748 822 πένης.

2181 852 2332 908 Εἶδον
2369 853 2684 924 σύμπαντας
2725 851 2850 913 τοὺς
2899 849 3107 913 ζῶντας
3153 847 3280 909 τοὺς
3329 842 3750 926 περιπατοῦντας

2181 945 2286 998 ὑπὸ
2313 944 2403 996 τὸν
2431 942 2580 1013 ἥλιον
2625 939 2760 1011 μετὰ
2803 938 2900 992 τοῦ
2946 938 3226 991 νεανίσκου
3259 935 3352 988 τοῦ
3403 933 3678 1004 δευτέρου,
3703 931 3750 993 ὃς

2181 1038 2546 1107 ἀναστήσεται
2565 1036 2682 1088 ἀντ’
2707 1032 2891 1088 αὑτοῦ.
2918 1032 3032 1085 Οὐκ
3059 1030 3172 1094 ἔστι
3196 1029 3478 1101 περασμὸς
3505 1027 3584 1098 τῷ
3609 1027 3750 1078 παπῖ

2183 1129 2298 1200 λαῷ
2327 1132 2439 1193 τοῖς
2471 1129 2656 1191 πᾶσιν,
2691 1128 2805 1181 ὅσοι
2827 1126 3076 1194 ἐγένοντο
3105 1123 3414 1195 ἔμπροσθεν
3441 1122 3644 1174 αὐτῶν·
3673 1123 3752 1174 καῖ

2183 1240 2246 1292 γε
2273 1225 2322 1276 οἱ
2356 1221 2571 1291 ἔσχατοι
2611 1220 2711 1274 οὐκ
2757 1217 3222 1289 εὐφρανθήσονται
3259 1217 3318 1268 ἐν
3349 1213 3520 1283 αὐτῷ,
3553 1215 3638 1266 ὅτι
3675 1213 3752 1266 καί

2185 1333 2249 1384 γε
2305 1315 2463 1368 τοῦτο
2520 1313 2821 1384 ματαιότης
2859 1312 2953 1364 καὶ
3006 1309 3326 1382 προαίρεσις
3375 1307 3695 1377 πνεύματος.
3735 1325 3752 1356 ι

2199 1407 2349 1460 Ἐπεὶ
2377 1405 2610 1477 Χριστὸς
2639 1423 2657 1454 ι
2691 1403 2854 1472 copia.
2876 1402 3012 1456 Θεοῦ
3043 1422 3062 1454 ι
3081 1399 3176 1466 ὢν,
3197 1400 3262 1454 δι’
3289 1401 3436 1470 ἡμᾶς
3459 1397 3754 1467 ὲπτὼχευσε

2189 1500 2442 1562 πλούσιος
2471 1496 2568 1562 ὢν,
2597 1492 2749 1566 οἶμαι
2785 1496 2910 1567 περὶ
2939 1495 3101 1548 αὑτοῦ
3133 1495 3390 1562 λέγεσθαι
3419 1492 3500 1555 τὺ,
3539 1510 3558 1540 ι
3610 1493 3754 1558 ’Δγαο

2190 1591 2281 1654 θὸς
2305 1594 2434 1654 παῖς
2467 1589 2634 1660 πένης
2667 1590 2762 1641 καὶ
2787 1589 2950 1658 σῠφὸς
2965 1587 3107 1658 ὑπὲρ
3147 1585 3368 1656 βασιλέα
3401 1584 3756 1656 πρεσῧύτερον

2191 1685 2284 1737 καὶ
2331 1683 2559 1754 ἄφρονα·
2609 1699 2628 1732 ι
2663 1680 2722 1734 ὃν
2755 1679 2958 1744 νομίζω
3005 1673 3144 1732 εἶναι
3193 1678 3285 1732 τὸν
3321 1676 3756 1746 πεπαλαιωμένον

2191 1773 2412 1845 ἡμερῶν
2443 1772 2626 1826 κακῶν
2665 1771 2912 1826 διάϐολον
2931 1789 2946 1804 ·
2977 1771 3038 1834 ὃς
3073 1770 3318 1841 βασιλεὺς
3364 1769 3464 1839 μέν
3507 1771 3620 1821 ἐστι
3661 1767 3755 1820 τῶν

2196 1865 2623 1936 βασιλευομένων
2638 1865 2744 1918 ὑπὸ
2764 1863 2865 1931 τῆς
2881 1863 3278 1934 ἐνεργουμένης
3303 1862 3396 1913 ὑπ’
3413 1859 3582 1914 αὐτοῦ
3601 1861 3754 1930 ἁμαρ

2192 1960 2332 2023 τίας,
2359 1959 2548 2030 ἄφρων
2579 1976 2644 2028 γε
2677 1957 2782 2028 μὴν
2816 1957 2903 2010 διὰ
2939 1957 3000 2010 τὸ
3027 1955 3350 2028 ἐστερῆσθαι
3379 1953 3482 2022 τῆς
3517 1953 3756 2023 ἐναρέτου

2192 2053 2286 2108 καὶ
2318 2051 2458 2106 κατὰ
2485 2051 2616 2104 Θεὸν
2649 2052 2985 2122 φρονήσεως·
3019 2053 3048 2102 ό
3079 2049 3134 2102 δὲ
3157 2047 3556 2120 προειρημένος
3579 2064 3598 2096 ι
3633 2047 3753 2112 άγα·

2194 2144 2286 2208 θος
2327 2145 2422 2198 καὶ
2471 2144 2630 2212 σοφὸς
2667 2146 2815 2207 παῖς,
2860 2143 2918 2209 ἐξ
2961 2142 3110 2196 οἴκου
3161 2141 3420 2211 δεσμίων,
3461 2159 3480 2191 ι
3519 2140 3632 2208 ἤτοι
3673 2137 3754 2190 τοῦ

2196 2237 2472 2310 περιγείου
2499 2239 2688 2302 τόπου,
2715 2238 2831 2308 ἦτοι
2851 2236 2960 2290 τῶν
3009 2239 3066 2288 ὲν
3091 2235 3228 2307 ᾌδῃ
3255 2233 3490 2304 χωρίων,
3515 2229 3652 2284 κατὰ
3671 2229 3756 2300 τὴν

2193 2333 2260 2385 ὲκ
2285 2330 2494 2402 νεκρῶν
2513 2331 2806 2384 ἀνάστασιν
2833 2327 3110 2400 προελθὼν
3133 2325 3392 2386 Βασιλεὺς
3419 2324 3529 2376 ὑπὸ
3553 2321 3642 2375 τοῦ
3661 2323 3752 2374 Πα-

2193 2423 2321 2494 τρὸς
2345 2422 2439 2474 ἐπὶ
2465 2421 2604 2474 Σιὼν
2629 2421 2690 2474 τὸ
2719 2421 3042 2492 ἐπουράνιον
3067 2419 3192 2491 ὅρος
3228 2417 3322 2470 τοῦ
3350 2415 3486 2468 Θεοῦ
3513 2415 3752 2482 κατέστη,

2195 2515 2290 2569 καὶ
2315 2517 2372 2568 ὲν
2397 2515 2534 2586 αὐτῇ
2555 2517 2621 2585 τῇ
2665 2511 2912 2584 βασιλείᾳ
2945 2511 3108 2565 αὑτοῦ
3141 2508 3370 2581 ἐγενήθη
3397 2509 3590 2576 πένης,
3619 2525 3636 2556 ι
3671 2507 3760 2573 οὐχ

2197 2607 2488 2678 ἁρπαγμὸν
2513 2605 2815 2678 ἡγούμενος
2843 2607 2904 2658 τὸ
2937 2600 3072 2658 εἶναι
3105 2603 3193 2656 ῐσα
3221 2601 3360 2672 Θεῷ,
3391 2621 3410 2652 ι
3446 2601 3560 2654 ἀλλ’
3585 2597 3754 2652 ἑαυτὸν
3827 2623 3848 2658 ο

2193 2698 2464 2753 ταπεινῶν
2492 2699 2586 2751 καὶ
2607 2697 2706 2766 τῆς
2734 2697 2994 2750 ἀνωτάτω
3019 2695 3180 2766 δόξης
3221 2693 3664 2747 ὑποκαταϐαἱνων
3679 2691 3751 2743 διὰ

2195 2792 2321 2853 τοὺς
2349 2791 2421 2862 μὴ
2444 2787 2750 2862 χωροῦντας
2779 2782 2944 2841 αὑτοῦ
2969 2790 3060 2842 τὸν
3087 2787 3187 2857 τῆς
3209 2787 3400 2856 σοφίας
3419 2784 3658 2838 πλοῦτον·
3677 2782 3753 2835 τὸν

2195 2883 2240 2936 δ’
2272 2883 2393 2935 ἀντὶ
2421 2882 2609 2935 τούτου
2636 2881 2926 2952 λεγόμενον
2961 2879 3356 2951 ἀναστήσεσθαι
3389 2878 3634 2949 δεύτερον
3651 2891 3752 2929 νεα-

2196 2973 2399 3038 νίσκον,
2433 2973 2524 3027 τὸν
2562 2973 2926 3044 Ἀντίχριστον
2969 2969 3109 3027 εἶναι
3149 2971 3532 3043 ὑπολαμϐάνω,
3563 2967 3672 3040 μεθ’
3703 2959 3754 3018 οὗ

2199 3065 2524 3136 σύμπαντας
2571 3066 2696 3128 τοὺς
2725 3065 2830 3118 ὑπὸ
2867 3065 2959 3118 τὸν
2990 3065 3139 3136 ἥλιον
3173 3064 3379 3130 ζῶντας
3425 3064 3518 3116 καὶ
3548 3075 3752 3132 περιπα-

2197 3157 2422 3221 τοῦντας
2445 3158 2747 3227 ἑωρακέναι
2775 3159 2939 3228 φησιν
2961 3160 2990 3211 ὁ
3017 3157 3193 3226 λόγος·
3221 3157 3368 3221 τίνες
3395 3157 3442 3210 δ’
3465 3157 3530 3210 ἂν
3557 3153 3656 3209 εἶεν
3681 3151 3752 3210 οὖν

2129 3252 2172 3311 C
2205 3267 2305 3314 τοι,
2329 3250 2362 3321 ἢ
2391 3249 2592 3312 πάντες
2616 3249 2667 3302 οἱ
2693 3249 3046 3320 περιέποντες
3071 3248 3169 3320 τὴν
3199 3250 3304 3302 ὑπὸ
3330 3248 3422 3302 τὸν
3457 3249 3602 3318 ἥλιον
3630 3249 3752 3316 λεγο-

2205 3341 2372 3414 μένην
2409 3361 2428 3394 ‹
2469 3342 2821 3411 Ματαιότητα
2857 3343 3258 3412 ματαιοτήτων;
3309 3361 3328 3392 ι

2731 3436 3124 3490 ΚΕΦΑΛΑΙΟΝ
3173 3435 3251 3487 Ε’.

2598 3529 2701 3583 Ἐκ
2741 3528 2848 3583 τοῦ
2895 3526 3396 3594 Ἐκκλησιαστοῦ.

2280 3640 2298 3674 ι
2347 3621 2455 3674 Καί
2499 3637 2564 3690 γε
2610 3619 2768 3674 τοῦτο
2799 3615 2936 3673 εἶδον
2979 3619 3170 3688 σοφίαν
3203 3618 3308 3671 ὑπὸ
3353 3617 3444 3670 τὸν
3481 3619 3641 3690 ἥλιον,
3675 3617 3750 3670 καὶ

2209 3712 2414 3785 μεγάλη
2471 3712 2588 3764 ἐστὶ
2627 3710 2765 3783 πρὸς
2817 3711 2903 3782 μέ.
2935 3712 3096 3774 Πόλις
3147 3712 3318 3783 μικρὰ
3372 3712 3470 3766 καὶ
3507 3712 3680 3783 ἄνδρες
3705 3713 3754 3762 ἐν

2205 3807 2340 3876 αὐτῇ
2371 3805 2564 3872 ὀλίγοι,
2600 3805 2692 3856 καὶ
2727 3802 2856 3876 ἔλθῃ
2881 3806 2959 3867 εἰς
2989 3803 3154 3874 αὐτὴν
3181 3804 3428 3874 βασιλεὺς
3459 3805 3643 3874 μέγας,
3677 3802 3752 3854 καὶ

2207 3895 2476 3952 κυκλώσει
2505 3897 2696 3966 αὐτὴν,
2731 3896 2826 3948 καὶ
2859 3895 3198 3966 οἰκοδομήσει
3225 3895 3312 3947 ἐπ’
3351 3896 3518 3967 αὐτὴν
3543 3897 3752 3966 χάρακας

2211 3991 2515 4063 μεγάλους·
2558 3992 2652 4043 καὶ
2689 3989 2824 4061 εὕρῃ
2861 3992 2918 4040 ἐν
2945 3989 3082 4060 αὐτῇ
3117 3989 3286 4059 ἄνδρα
3329 3988 3537 4060 πένητα
3579 3988 3662 4040 καὶ
3687 4002 3752 4038 σε·

2207 4087 2327 4155 φὺν,
2357 4085 2451 4138 καὶ
2489 4083 2744 4137 διασώσει
2779 4081 2943 4145 αὐτὸς
2984 4082 3080 4152 τὴν
3109 4081 3261 4134 πόλιν
3301 4084 3356 4134 ὲν
3383 4085 3450 4152 τῇ
3489 4083 3642 4152 σοφία
3677 4081 3751 4132 αὑ·

2207 4175 2324 4238 τοῦ,
2365 4176 2459 4228 καὶ
2485 4173 2768 4246 ἄνθρωπος
2810 4173 2910 4224 οὐκ
2931 4171 3173 4242 ἐμνήσθη
3215 4171 3308 4224 τοῦ
3339 4172 3531 4242 ἀνδρὸς
3560 4171 3644 4224 τοῦ
3677 4169 3754 4223 πέ-

2208 4285 2366 4337 νητος
2409 4267 2640 4319 ἐκείνου.
2691 4265 2800 4318 Καὶ
2833 4261 2962 4317 εἶπα
2999 4262 3128 4332 ἐγὼ,
3187 4262 3390 4334 Ἀγαθὴ
3437 4265 3596 4332 σοφία
3641 4263 3756 4331 ὑπὲρ

2209 4358 2454 4429 δύναμιν·
2489 4359 2582 4411 καὶ
2625 4357 2786 4426 σοφία
2826 4356 2920 4408 τοῦ
2971 4357 3198 4426 πένητος
3237 4356 3650 4426 έξουδενωμένη,
3681 4355 3756 4406 καὶ

2209 4450 2355 4519 λόγοι
2401 4447 2564 4502 αὑτοῦ
2609 4449 2709 4502 οὐκ
2752 4449 2890 4501 είσὶν
2917 4448 3252 4518 ἀκουόμενοι.
3296 4467 3314 4499 ι
3361 4448 3514 4500 Ἐπεὶ
3557 4449 3644 4500 καὶ
3689 4448 3756 4497 ὲν-

2212 4539 2383 4594 ταῦθα
2421 4541 2450 4592 ό
2481 4539 2577 4610 μὲν
2605 4539 2674 4592 τὰ
2699 4539 2792 4592 τοῦ
2827 4539 3064 4609 πολέμου
3097 4537 3334 4608 ἐνεργῶν
3368 4537 3616 4608 βασιλεὺς
3639 4531 3756 4588 εἶναι

539 4629 751 4691 urbem,
777 4627 860 4681 vir
887 4642 1095 4698 pauper
1131 4635 1185 4682 et
1213 4628 1463 4698 sapiens;
1491 4627 1544 4680 in
1567 4624 1893 4696 praecedenti
1927 4632 2098 4680 autem

2213 4635 2448 4704 λέγεται,
2476 4635 2504 4686 ὁ
2531 4633 2586 4686 δὲ
2631 4631 2906 4696 διασώζων
2938 4633 3037 4700 τὴν
3079 4631 3184 4683 ὑπὸ
3231 4630 3422 4684 τούτου
3473 4630 3756 4700 πολιορκου-

539 4718 720 4788 capite
745 4734 792 4771 ιι
817 4717 1002 4771 Melior
1023 4727 1108 4772 est
1127 4733 1262 4789 puer
1289 4732 1494 4787 pauper
1517 4724 1570 4771 et
1595 4717 1812 4786 sapiens
1829 4733 1953 4786 rege
1983 4733 2113 4774 sene

545 4818 600 4864 et
621 4809 813 4874 stulto,
845 4829 865 4864 ι
907 4809 1052 4880 quod
1073 4809 1418 4880 interpretati
1445 4825 1636 4864 sumus
1661 4809 1887 4863 stultum
1929 4823 2111 4879 regem

541 4919 666 4960 esse
703 4903 997 4966 diabolum,
1025 4917 1316 4974 pauperem
1367 4916 1530 4963 vero,
1569 4901 1982 4971 sapientemque
2027 4917 2114 4956 se-

543 4997 725 5067 ipsum
783 4997 1102 5050 exinaniens
1139 4995 1554 5064 memlicumque
1615 5004 1833 5063 propter
1894 5010 1996 5050 nos
2034 4995 2115 5048 fa-

541 5103 692 5148 ctum
747 5091 839 5146 Dei
884 5091 1144 5147 Verbum.
1195 5087 1408 5142 Idcirco
1460 5087 1626 5157 priori
1679 5088 2114 5158 interpretationi

547 5192 748 5242 nostrae
773 5190 1164 5255 congruenter.
1189 5197 1298 5236 non
1338 5180 1502 5234 alium
1529 5195 1651 5234 esse
1674 5178 1964 5248 Opinamur
1994 5179 2112 5233 bel-

547 5277 714 5330 licunt
753 5275 846 5344 qui
899 5273 987 5328 hic
1013 5271 1344 5328 describitur
1375 5285 1578 5341 regem,
1609 5285 1673 5323 ac
1729 5271 1879 5324 illum
1935 5285 2114 5339 regem

547 5369 800 5422 stultum.
855 5363 1116 5420 Similiter
1143 5364 1238 5434 qui
1284 5365 1500 5436 prepria
1532 5362 1797 5432 sapientia
1841 5377 2118 5434 expugna-

545 5469 656 5514 tam
682 5468 868 5515 servat
890 5458 1102 5520 urbem,
1117 5457 1260 5512 idem
1278 5468 1360 5511 est
1384 5472 1445 5510 ac
1467 5457 1556 5510 ille
1575 5471 1780 5526 pauper
1802 5463 1854 5509 et
1871 5457 2112 5523 sapiens,

547 5566 710 5620 quem
741 5551 980 5606 diximus
1027 5565 1148 5606 esse
1205 5548 1508 5604 Christum.
1554 5547 1660 5614 Qui
1703 5551 1846 5602 enim
1889 5561 2112 5616 parvam

551 5645 766 5711 urbem,
797 5645 944 5699 hunc
965 5645 1176 5699 scilicet
1207 5650 1523 5698 terrestrem
1555 5642 1758 5706 locum,
1797 5640 1843 5694 si
1869 5654 1992 5694 cum
2023 5653 2116 5692 or-

549 5735 616 5792 be
642 5734 898 5792 universo
927 5735 1204 5803 conferas.
1221 5735 1630 5799 brevissimum,
1662 5746 1964 5802 ontuesque
1993 5745 2113 5784 eam

619 5890 668 5926 *ν
703 5895 886 5948 Eccle.
923 5908 998 5951 iv.
1039 5890 1222 5946 i346.
1301 5892 1346 5924 ³⁸
1384 5889 1406 5946 1
1439 5889 1566 5946 Cor.
1606 5903 1662 5956 ι,
1693 5888 1786 5944 24.
1861 5888 1906 5920 ¹¹
1931 5885 2078 5942 Psal.

2213 5884 2270 5943 6.
2347 5887 2392 5920 ²²
2414 5875 2652 5954 Philipp.
2689 5901 2762 5952 ιι,
2797 5894 2852 5940 6.

2219 4727 2386 4797 μένην
2411 4725 2564 4780 πόλιν
2592 4724 2732 4796 ἀνὴρ
2755 4723 2922 4794 πένης
2959 4723 3052 4776 καὶ
3081 4723 3262 4792 σοφός·
3296 4723 3583 4792 λεγομένου
3611 4723 3660 4774 δὲ
3679 4717 3756 4772 καὶ

2215 4820 2274 4870 ὲν
2307 4816 2388 4887 τῷ
2417 4817 2524 4888 πρὸ
2551 4816 2739 4870 τούτου
2771 4813 3049 4884 κεφαλαίῳ
3083 4813 3200 4876 τοῦ,
3243 4814 3470 4882 Ἀγαθός
3497 4813 3656 4882 πένης
3683 4807 3756 4862 καὶ

2219 4908 2376 4978 σοφὸς
2387 4908 2532 4979 ὑπὲρ
2544 4907 2763 4978 βασιλέα
2791 4903 3155 4976 πρεσϐύτερον
3182 4905 3273 4958 καὶ
3295 4906 3524 4976 ἄφρονα,
3543 4925 3560 4954 ι
3577 4903 3658 4956 τὸν

2217 5001 2425 5072 ἄφρονα
2479 4999 2702 5070 βασιλέα
2741 4998 2832 5052 τὸν
2868 4997 3112 5051 διάϐολον
3162 4997 3542 5069 ὲξειλήφαμεν,
3589 4997 3672 5048 τὸν
3713 4991 3756 5045 δὲ

2218 5093 2422 5162 πένητα
2453 5094 2545 5146 καὶ
2580 5091 2740 5159 σοφὸν
2764 5090 2854 5142 τὸν
2877 5089 2942 5144 δι’
2965 5091 3111 5161 ἡμᾶς
3141 5089 3330 5142 ἑαυτὸν
3359 5089 3662 5142 κενώσαντα
3683 5083 3756 5140 3'4"

2219 5183 2612 5254 πτωχεύσαντα
2655 5182 2748 5236 τοῦ
2783 5183 2916 5238 Θεοῦ
2961 5184 3159 5250 Λόγον·
3191 5181 3380 5235 τούτου
3407 5183 3470 5251 δὴ
3501 5183 3650 5254 χάριν
3681 5177 3756 5233 καὶ

2217 5277 2286 5331 τά
2322 5277 2657 5347 προκείμενα
2695 5271 3168 5346 ἐσημειωσάμεθα,
3201 5274 3300 5328 οὐκ
3337 5273 3496 5326 ἄλλον
3535 5267 3664 5326 εἶναι
3696 5285 3756 5321 νο·

2223 5367 2466 5438 μίζοντες
2499 5366 2588 5419 τὸν
2627 5365 2810 5418 ἐνθάδε
2843 5363 3268 5435 διαγραφόμενον
3319 5363 3604 5433 πολεμικὸν
3633 5361 3752 5430 βασι·

2220 5459 2314 5512 λέα
2347 5461 2408 5528 (ί.
2441 5459 2508 5512 27
2545 5460 2619 5528 v°)
2653 5457 2746 5510 τοῦ
2776 5459 2892 5510 ἐκεῖ
2918 5457 3206 5527 λεγομένου
3237 5455 3498 5526 βασιλέως
3535 5455 3750 5524 ἄφρονος·

2219 5549 2478 5612 ὡσαύτως
2500 5549 2558 5602 δὲ
2587 5549 2676 5602 τὸν
2705 5547 2937 5602 ἐνταῦθα
2966 5546 3296 5610 διασώζοντα
3323 5549 3388 5618 τῇ
3419 5545 3602 5599 ἑαυτοῦ
3621 5541 3748 5611 σοφία

2219 5641 2316 5712 τὴν
2345 5641 2808 5712 πολιορκουμένην
2839 5640 2992 5694 πόλιν
3023 5640 3115 5694 τοῦ
3153 5643 3266 5694 ἐκεῖ
3301 5641 3524 5709 πένητος
3561 5637 3646 5692 καὶ
3679 5647 3746 5684 εο-

2221 5730 2345 5802 φοῡ,
2374 5730 2432 5784 ὃν
2463 5729 2717 5800 ἐλέγομεν
2762 5727 2898 5784 εἶναι
2941 5731 3033 5784 τὸν
3069 5731 3328 5806 Χριστόν·
3363 5731 3420 5795 ὃς
3447 5731 3544 5803 τὴν
3585 5719 3748 5800 μικρὰν

2963 5887 3008 5920 ³³
3037 5885 3216 5944 Eccle.
3250 5901 3324 5944 ix.
3355 5885 3536 5942 13-16.
