  <div class='ocr_page' id='page_1' title='image "/cluster/home/n/w/nwhite01/storage/ocr_20150623/22/hvd.32044020605168/594.png"; bbox 0 0 3954 6504; ppageno 0'>
   <div class='ocr_carea' id='block_1_1' title="bbox 191 370 337 425">
    <p class='ocr_par' dir='ltr' id='par_1_1' title="bbox 191 370 337 425">
     <span class='ocr_line' id='line_1_1' title="bbox 191 370 337 425; baseline -0.007 0"><span class='ocrx_word' id='word_1_1' title='bbox 191 370 337 425; x_wconf 70' lang='lat'><strong>“29</strong></span> 
     </span>
    </p>
   </div>
   <div class='ocr_carea' id='block_1_2' title="bbox 1217 373 2441 432">
    <p class='ocr_par' dir='ltr' id='par_1_2' title="bbox 1217 373 2441 432">
     <span class='ocr_line' id='line_1_2' title="bbox 1217 373 2441 432; baseline 0.002 -4"><span class='ocrx_word' id='word_1_2' title='bbox 1217 373 1512 431; x_wconf 67' lang='lat' dir='ltr'><strong>ECLOGIE</strong></span> <span class='ocrx_word' id='word_1_3' title='bbox 1552 375 2034 432; x_wconf 67' lang='lat' dir='ltr'><strong>PROPHETIC/E.</strong></span> <span class='ocrx_word' id='word_1_4' title='bbox 2075 405 2146 418; x_wconf 85' lang='lat'><strong>—-</strong></span> <span class='ocrx_word' id='word_1_5' title='bbox 2182 375 2308 431; x_wconf 88' lang='lat' dir='ltr'><strong>LIB.</strong></span> <span class='ocrx_word' id='word_1_6' title='bbox 2353 374 2441 430; x_wconf 88' lang='lat' dir='ltr'><strong>lll.</strong></span> 
     </span>
    </p>
   </div>
   <div class='ocr_carea' id='block_1_3' title="bbox 3316 383 3450 438">
    <p class='ocr_par' dir='ltr' id='par_1_3' title="bbox 3316 383 3450 438">
     <span class='ocr_line' id='line_1_3' title="bbox 3316 383 3450 438; baseline 0 -2"><span class='ocrx_word' id='word_1_7' title='bbox 3316 383 3450 438; x_wconf 74' lang='lat'><strong>“30</strong></span> 
     </span>
    </p>
   </div>
   <div class='ocr_carea' id='block_1_4' title="bbox 191 483 1769 559">
    <p class='ocr_par' dir='ltr' id='par_1_4' title="bbox 191 483 1769 559">
     <span class='ocr_line' id='line_1_4' title="bbox 191 483 1769 559; baseline 0.004 -23"><span class='ocrx_word' id='word_1_8' title='bbox 191 484 372 548; x_wconf 84' lang='grc' dir='ltr'>πόλιν,</span> <span class='ocrx_word' id='word_1_9' title='bbox 422 483 667 539; x_wconf 78' lang='grc' dir='ltr'><strong>τουτέστι</strong></span> <span class='ocrx_word' id='word_1_10' title='bbox 707 483 797 537; x_wconf 85' lang='grc' dir='ltr'>τὸν</span> <span class='ocrx_word' id='word_1_11' title='bbox 838 486 1109 556; x_wconf 90' lang='grc' dir='ltr'>περίγειον</span> <span class='ocrx_word' id='word_1_12' title='bbox 1151 487 1312 540; x_wconf 84' lang='grc' dir='ltr'>τόπον</span> <span class='ocrx_word' id='word_1_13' title='bbox 1367 489 1645 559; x_wconf 81' lang='grc' dir='ltr'><strong>συγκρίσει</strong></span> <span class='ocrx_word' id='word_1_14' title='bbox 1685 490 1769 542; x_wconf 79' lang='grc' dir='ltr'>τοῐ</span> 
     </span>
    </p>
   </div>
   <div class='ocr_carea' id='block_1_5' title="bbox 1875 483 3428 559">
    <p class='ocr_par' dir='ltr' id='par_1_5' title="bbox 1885 486 3428 558">
     <span class='ocr_line' id='line_1_5' title="bbox 1885 486 3428 558; baseline 0.007 -20"><span class='ocrx_word' id='word_1_15' title='bbox 1885 486 2208 552; x_wconf 77' lang='lat' dir='ltr'><strong>incolentes,</strong></span> <span class='ocrx_word' id='word_1_16' title='bbox 2257 504 2367 558; x_wconf 81' lang='lat' dir='ltr'><strong>prae</strong></span> <span class='ocrx_word' id='word_1_17' title='bbox 2411 488 2654 544; x_wconf 87' lang='lat' dir='ltr'><strong>omnium</strong></span> <span class='ocrx_word' id='word_1_18' title='bbox 2691 490 3048 546; x_wconf 85' lang='lat' dir='ltr'><strong>animantium</strong></span> <span class='ocrx_word' id='word_1_19' title='bbox 3079 494 3428 549; x_wconf 77' lang='lat' dir='ltr'><strong>multitudine</strong></span> 
     </span>
    </p>
   </div>
   <div class='ocr_carea' id='block_1_6' title="bbox 189 576 1780 654">
    <p class='ocr_par' dir='ltr' id='par_1_6' title="bbox 189 576 1780 654">
     <span class='ocr_line' id='line_1_6' title="bbox 189 576 1780 654; baseline 0.004 -26"><span class='ocrx_word' id='word_1_20' title='bbox 189 576 400 638; x_wconf 81' lang='grc' dir='ltr'>παντὸς</span> <span class='ocrx_word' id='word_1_21' title='bbox 445 577 650 647; x_wconf 80' lang='grc' dir='ltr'><strong>κόσμου</strong></span> <span class='ocrx_word' id='word_1_22' title='bbox 687 577 1018 649; x_wconf 79' lang='grc' dir='ltr'><strong>βραχύτατον</strong></span> <span class='ocrx_word' id='word_1_23' title='bbox 1059 581 1205 643; x_wconf 74' lang='grc' dir='ltr'>ὄντα,</span> <span class='ocrx_word' id='word_1_24' title='bbox 1238 583 1330 635; x_wconf 81' lang='grc' dir='ltr'>καὶ</span> <span class='ocrx_word' id='word_1_25' title='bbox 1370 583 1496 645; x_wconf 77' lang='grc' dir='ltr'>τοὺς</span> <span class='ocrx_word' id='word_1_26' title='bbox 1531 585 1589 634; x_wconf 88' lang='grc' dir='ltr'><strong>ἐν</strong></span> <span class='ocrx_word' id='word_1_27' title='bbox 1620 583 1780 654; x_wconf 79' lang='grc' dir='ltr'>αὐτῇ,</span> 
     </span>
    </p>
   </div>
   <div class='ocr_carea' id='block_1_7' title="bbox 185 668 1781 743">
    <p class='ocr_par' dir='ltr' id='par_1_7' title="bbox 185 668 1781 743">
     <span class='ocr_line' id='line_1_7' title="bbox 185 668 1781 743; baseline 0.004 -23"><span class='ocrx_word' id='word_1_28' title='bbox 185 668 266 730; x_wconf 83' lang='grc' dir='ltr'>ὡς</span> <span class='ocrx_word' id='word_1_29' title='bbox 290 668 352 722; x_wconf 82' lang='grc' dir='ltr'><strong>ὲν</strong></span> <span class='ocrx_word' id='word_1_30' title='bbox 403 670 704 739; x_wconf 79' lang='grc' dir='ltr'>παραθέσει</span> <span class='ocrx_word' id='word_1_31' title='bbox 735 673 834 743; x_wconf 84' lang='grc' dir='ltr'>τῆς</span> <span class='ocrx_word' id='word_1_32' title='bbox 866 672 972 726; x_wconf 84' lang='grc' dir='ltr'>τῶν</span> <span class='ocrx_word' id='word_1_33' title='bbox 1004 673 1234 742; x_wconf 81' lang='grc' dir='ltr'><strong>λογικῶν</strong></span> <span class='ocrx_word' id='word_1_34' title='bbox 1262 673 1516 726; x_wconf 83' lang='grc' dir='ltr'>ἀπάντων</span> <span class='ocrx_word' id='word_1_35' title='bbox 1542 673 1781 742; x_wconf 81' lang='grc' dir='ltr'><strong>πληθύος</strong></span> 
     </span>
    </p>
   </div>
   <div class='ocr_carea' id='block_1_8' title="bbox 184 760 1781 835">
    <p class='ocr_par' dir='ltr' id='par_1_8' title="bbox 184 760 1781 835">
     <span class='ocr_line' id='line_1_8' title="bbox 184 760 1781 835; baseline 0.003 -21"><span class='ocrx_word' id='word_1_36' title='bbox 184 760 416 828; x_wconf 77' lang='grc' dir='ltr'><strong>ὀλίγους</strong></span> <span class='ocrx_word' id='word_1_37' title='bbox 455 760 614 826; x_wconf 76' lang='grc' dir='ltr'>ὄντας</span> <span class='ocrx_word' id='word_1_38' title='bbox 645 763 738 816; x_wconf 76' lang='grc' dir='ltr'>ἐπὶ</span> <span class='ocrx_word' id='word_1_39' title='bbox 774 764 952 818; x_wconf 83' lang='grc' dir='ltr'>πάντα</span> <span class='ocrx_word' id='word_1_40' title='bbox 983 765 1051 818; x_wconf 84' lang='grc' dir='ltr'>τὰ</span> <span class='ocrx_word' id='word_1_41' title='bbox 1087 765 1235 835; x_wconf 78' lang='grc' dir='ltr'>ἔθνη,</span> <span class='ocrx_word' id='word_1_42' title='bbox 1266 767 1340 828; x_wconf 86' lang='grc' dir='ltr'>ὠς</span> <span class='ocrx_word' id='word_1_43' title='bbox 1383 765 1594 834; x_wconf 86' lang='grc' dir='ltr'>σταγών</span> <span class='ocrx_word' id='word_1_44' title='bbox 1635 769 1781 820; x_wconf 82' lang='grc' dir='ltr'>ἐστιν</span> 
     </span>
    </p>
   </div>
   <div class='ocr_carea' id='block_1_9' title="bbox 183 851 1778 930">
    <p class='ocr_par' dir='ltr' id='par_1_9' title="bbox 183 851 1778 930">
     <span class='ocr_line' id='line_1_9' title="bbox 183 851 1778 930; baseline 0.004 -25"><span class='ocrx_word' id='word_1_45' title='bbox 183 851 300 905; x_wconf 77' lang='grc' dir='ltr'>ἀπὸ</span> <span class='ocrx_word' id='word_1_46' title='bbox 332 853 521 916; x_wconf 86' lang='grc' dir='ltr'>κάδου,</span> <span class='ocrx_word' id='word_1_47' title='bbox 546 853 888 927; x_wconf 80' lang='grc' dir='ltr'>έλυτρώσατο</span> <span class='ocrx_word' id='word_1_48' title='bbox 915 857 1398 928; x_wconf 77' lang='grc' dir='ltr'>πολιορκουμένους</span> <span class='ocrx_word' id='word_1_49' title='bbox 1425 859 1533 912; x_wconf 76' lang='grc' dir='ltr'><strong>ἀπὸ</strong></span> <span class='ocrx_word' id='word_1_50' title='bbox 1565 861 1664 930; x_wconf 82' lang='grc' dir='ltr'>τῆς</span> <span class='ocrx_word' id='word_1_51' title='bbox 1685 860 1778 913; x_wconf 87' lang='grc' dir='ltr'><strong>τοῦ</strong></span> 
     </span>
    </p>
   </div>
   <div class='ocr_carea' id='block_1_10' title="bbox 180 943 1782 1020">
    <p class='ocr_par' dir='ltr' id='par_1_10' title="bbox 180 943 1782 1020">
     <span class='ocr_line' id='line_1_10' title="bbox 180 943 1782 1020; baseline 0.004 -25"><span class='ocrx_word' id='word_1_52' title='bbox 180 943 444 997; x_wconf 78' lang='grc' dir='ltr'>διαϐόλου</span> <span class='ocrx_word' id='word_1_53' title='bbox 470 944 763 1015; x_wconf 78' lang='grc' dir='ltr'><strong>βασιλείας,</strong></span> <span class='ocrx_word' id='word_1_54' title='bbox 793 947 1055 1002; x_wconf 80' lang='grc' dir='ltr'><strong>πάντοθεν</strong></span> <span class='ocrx_word' id='word_1_55' title='bbox 1075 948 1166 1000; x_wconf 81' lang='grc' dir='ltr'>τὸν</span> <span class='ocrx_word' id='word_1_56' title='bbox 1191 949 1465 1020; x_wconf 77' lang='grc' dir='ltr'>περίγειον</span> <span class='ocrx_word' id='word_1_57' title='bbox 1488 949 1662 1020; x_wconf 80' lang='grc' dir='ltr'>χῶρον</span> <span class='ocrx_word' id='word_1_58' title='bbox 1688 950 1782 1002; x_wconf 74' lang='grc' dir='ltr'>καὶ</span> 
     </span>
    </p>
   </div>
   <div class='ocr_carea' id='block_1_11' title="bbox 181 1034 1778 1106">
    <p class='ocr_par' dir='ltr' id='par_1_11' title="bbox 181 1034 1778 1106">
     <span class='ocr_line' id='line_1_11' title="bbox 181 1034 1778 1106; baseline 0.002 -19"><span class='ocrx_word' id='word_1_59' title='bbox 181 1035 324 1099; x_wconf 77' lang='grc' dir='ltr'>τοὺς</span> <span class='ocrx_word' id='word_1_60' title='bbox 355 1037 414 1088; x_wconf 86' lang='grc' dir='ltr'><strong>ἐν</strong></span> <span class='ocrx_word' id='word_1_61' title='bbox 448 1034 595 1106; x_wconf 79' lang='grc' dir='ltr'>αὐτῷ</span> <span class='ocrx_word' id='word_1_62' title='bbox 619 1035 965 1102; x_wconf 88' lang='grc' dir='ltr'>κυκλοῦντος,</span> <span class='ocrx_word' id='word_1_63' title='bbox 987 1037 1391 1106; x_wconf 88' lang='grc' dir='ltr'>οίκοδομοῦντός</span> <span class='ocrx_word' id='word_1_64' title='bbox 1422 1054 1478 1089; x_wconf 89' lang='grc' dir='ltr'><strong>τε</strong></span> <span class='ocrx_word' id='word_1_65' title='bbox 1512 1037 1596 1089; x_wconf 88' lang='grc' dir='ltr'><strong>ἐπ’</strong></span> <span class='ocrx_word' id='word_1_66' title='bbox 1619 1037 1778 1090; x_wconf 79' lang='grc' dir='ltr'>αὐτὸν</span> 
     </span>
    </p>
   </div>
   <div class='ocr_carea' id='block_1_12' title="bbox 128 1124 1778 1200">
    <p class='ocr_par' dir='ltr' id='par_1_12' title="bbox 128 1124 1778 1200">
     <span class='ocr_line' id='line_1_12' title="bbox 128 1124 1778 1200; baseline 0.002 -22"><span class='ocrx_word' id='word_1_67' title='bbox 128 1163 130 1166; x_wconf 54' lang='grc' dir='ltr'>μ</span> <span class='ocrx_word' id='word_1_68' title='bbox 180 1124 449 1196; x_wconf 77' lang='grc' dir='ltr'><strong>χάρακας</strong></span> <span class='ocrx_word' id='word_1_69' title='bbox 475 1126 760 1197; x_wconf 82' lang='grc' dir='ltr'>μεγάλους,</span> <span class='ocrx_word' id='word_1_70' title='bbox 787 1146 805 1176; x_wconf 87' lang='grc'><strong><em>‹</em></strong></span> <span class='ocrx_word' id='word_1_71' title='bbox 824 1127 920 1191; x_wconf 77' lang='grc' dir='ltr'><strong>τὰς</strong></span> <span class='ocrx_word' id='word_1_72' title='bbox 941 1127 1137 1200; x_wconf 76' lang='grc' dir='ltr'>ἀρχὰς,</span> <span class='ocrx_word' id='word_1_73' title='bbox 1155 1128 1370 1191; x_wconf 79' lang='grc' dir='ltr'>καὶτὰς</span> <span class='ocrx_word' id='word_1_74' title='bbox 1397 1127 1663 1195; x_wconf 81' lang='grc' dir='ltr'>ἐξουσίας,</span> <span class='ocrx_word' id='word_1_75' title='bbox 1683 1131 1778 1183; x_wconf 65' lang='grc' dir='ltr'>καὶ</span> 
     </span>
    </p>
   </div>
   <div class='ocr_carea' id='block_1_13' title="bbox 175 1218 1780 1290">
    <p class='ocr_par' dir='ltr' id='par_1_13' title="bbox 175 1218 1780 1290">
     <span class='ocr_line' id='line_1_13' title="bbox 175 1218 1780 1290; baseline 0.003 -20"><span class='ocrx_word' id='word_1_76' title='bbox 175 1219 321 1282; x_wconf 76' lang='grc' dir='ltr'>τοὺς</span> <span class='ocrx_word' id='word_1_77' title='bbox 342 1219 791 1290; x_wconf 81' lang='grc' dir='ltr'>κοσμοκράτορας</span> <span class='ocrx_word' id='word_1_78' title='bbox 813 1219 906 1272; x_wconf 92' lang='grc' dir='ltr'><strong>τοῦ</strong></span> <span class='ocrx_word' id='word_1_79' title='bbox 933 1220 1156 1283; x_wconf 88' lang='grc' dir='ltr'>σκότους</span> <span class='ocrx_word' id='word_1_80' title='bbox 1179 1218 1388 1281; x_wconf 87' lang='grc' dir='ltr'>τούτου,</span> <span class='ocrx_word' id='word_1_81' title='bbox 1418 1221 1509 1274; x_wconf 72' lang='grc' dir='ltr'>καὶ</span> <span class='ocrx_word' id='word_1_82' title='bbox 1527 1221 1595 1274; x_wconf 72' lang='grc' dir='ltr'>τὰ</span> <span class='ocrx_word' id='word_1_83' title='bbox 1617 1239 1780 1274; x_wconf 89' lang='grc' dir='ltr'>πνευ-</span> 
     </span>
    </p>
   </div>
   <div class='ocr_carea' id='block_1_14' title="bbox 182 1305 1776 1380">
    <p class='ocr_par' dir='ltr' id='par_1_14' title="bbox 182 1305 1776 1380">
     <span class='ocr_line' id='line_1_14' title="bbox 182 1305 1776 1380; baseline 0.001 -20"><span class='ocrx_word' id='word_1_84' title='bbox 182 1308 406 1378; x_wconf 86' lang='grc' dir='ltr'>ματικά</span> <span class='ocrx_word' id='word_1_85' title='bbox 431 1311 530 1379; x_wconf 82' lang='grc' dir='ltr'>τῆς</span> <span class='ocrx_word' id='word_1_86' title='bbox 557 1309 843 1380; x_wconf 75' lang='grc' dir='ltr'>πονηρίας.</span> <span class='ocrx_word' id='word_1_87' title='bbox 886 1328 903 1359; x_wconf 75' lang='grc' dir='ltr'><strong>ι</strong></span> <span class='ocrx_word' id='word_1_88' title='bbox 939 1308 1137 1362; x_wconf 87' lang='grc' dir='ltr'>Τοῦτον</span> <span class='ocrx_word' id='word_1_89' title='bbox 1180 1305 1271 1362; x_wconf 75' lang='grc' dir='ltr'>οὖν</span> <span class='ocrx_word' id='word_1_90' title='bbox 1301 1310 1400 1362; x_wconf 82' lang='grc' dir='ltr'>οὐκ</span> <span class='ocrx_word' id='word_1_91' title='bbox 1438 1308 1594 1372; x_wconf 84' lang='grc' dir='ltr'>ἄλλος</span> <span class='ocrx_word' id='word_1_92' title='bbox 1632 1326 1712 1371; x_wconf 91' lang='grc' dir='ltr'><strong>τις</strong></span> <span class='ocrx_word' id='word_1_93' title='bbox 1744 1308 1776 1378; x_wconf 81' lang='grc' dir='ltr'><strong>ἢ</strong></span> 
     </span>
    </p>
   </div>
   <div class='ocr_carea' id='block_1_15' title="bbox 183 1399 1777 1471">
    <p class='ocr_par' dir='ltr' id='par_1_15' title="bbox 183 1399 1777 1471">
     <span class='ocr_line' id='line_1_15' title="bbox 183 1399 1777 1471; baseline 0 -19"><span class='ocrx_word' id='word_1_94' title='bbox 183 1399 358 1468; x_wconf 82' lang='grc' dir='ltr'>μόνος</span> <span class='ocrx_word' id='word_1_95' title='bbox 383 1399 632 1453; x_wconf 85' lang='grc' dir='ltr'><strong>καθεῖλεν</strong></span> <span class='ocrx_word' id='word_1_96' title='bbox 655 1403 684 1454; x_wconf 98' lang='lat'><strong>6</strong></span> <span class='ocrx_word' id='word_1_97' title='bbox 717 1400 884 1469; x_wconf 86' lang='grc' dir='ltr'>πένης</span> <span class='ocrx_word' id='word_1_98' title='bbox 911 1400 1006 1453; x_wconf 73' lang='grc' dir='ltr'>καὶ</span> <span class='ocrx_word' id='word_1_99' title='bbox 1036 1399 1197 1469; x_wconf 69' lang='grc' dir='ltr'>σοφὸς</span> <span class='ocrx_word' id='word_1_100' title='bbox 1228 1401 1388 1471; x_wconf 78' lang='grc' dir='ltr'>ἀνὴρ,</span> <span class='ocrx_word' id='word_1_101' title='bbox 1415 1401 1442 1452; x_wconf 87' lang='grc' dir='ltr'>ὁ</span> <span class='ocrx_word' id='word_1_102' title='bbox 1465 1399 1656 1470; x_wconf 80' lang='grc' dir='ltr'>Σωτὴρ</span> <span class='ocrx_word' id='word_1_103' title='bbox 1686 1399 1777 1452; x_wconf 75' lang='grc' dir='ltr'>καὶ</span> 
     </span>
    </p>
   </div>
   <div class='ocr_carea' id='block_1_16' title="bbox 181 1490 1774 1563">
    <p class='ocr_par' dir='ltr' id='par_1_16' title="bbox 181 1490 1774 1563">
     <span class='ocr_line' id='line_1_16' title="bbox 181 1490 1774 1563; baseline 0 -20"><span class='ocrx_word' id='word_1_104' title='bbox 181 1490 400 1562; x_wconf 77' lang='grc' dir='ltr'>Κύριος</span> <span class='ocrx_word' id='word_1_105' title='bbox 425 1492 601 1562; x_wconf 84' lang='grc' dir='ltr'>ἡμῶν,</span> <span class='ocrx_word' id='word_1_106' title='bbox 631 1490 876 1556; x_wconf 82' lang='grc' dir='ltr'>κενώσας</span> <span class='ocrx_word' id='word_1_107' title='bbox 907 1492 1100 1545; x_wconf 80' lang='grc' dir='ltr'>ἑαυτὸν</span> <span class='ocrx_word' id='word_1_108' title='bbox 1130 1492 1223 1545; x_wconf 78' lang='grc' dir='ltr'>καὶ</span> <span class='ocrx_word' id='word_1_109' title='bbox 1254 1493 1320 1545; x_wconf 83' lang='grc' dir='ltr'><strong>δι’</strong></span> <span class='ocrx_word' id='word_1_110' title='bbox 1351 1494 1498 1563; x_wconf 83' lang='grc' dir='ltr'>ἡμᾶς</span> <span class='ocrx_word' id='word_1_111' title='bbox 1527 1491 1774 1561; x_wconf 87' lang='grc' dir='ltr'>πτωχεύ-</span> 
     </span>
    </p>
   </div>
   <div class='ocr_carea' id='block_1_17' title="bbox 181 1578 1777 1653">
    <p class='ocr_par' dir='ltr' id='par_1_17' title="bbox 181 1578 1777 1653">
     <span class='ocr_line' id='line_1_17' title="bbox 181 1578 1777 1653; baseline -0.003 -18"><span class='ocrx_word' id='word_1_112' title='bbox 181 1599 290 1646; x_wconf 87' lang='grc' dir='ltr'><strong>σας</strong></span> <span class='ocrx_word' id='word_1_113' title='bbox 325 1585 385 1636; x_wconf 86' lang='grc' dir='ltr'>ὲν</span> <span class='ocrx_word' id='word_1_114' title='bbox 418 1581 496 1652; x_wconf 83' lang='grc' dir='ltr'>τῷ</span> <span class='ocrx_word' id='word_1_115' title='bbox 540 1583 757 1653; x_wconf 85' lang='grc' dir='ltr'>πλούτῳ</span> <span class='ocrx_word' id='word_1_116' title='bbox 800 1582 893 1635; x_wconf 88' lang='grc' dir='ltr'><strong>τοῦ</strong></span> <span class='ocrx_word' id='word_1_117' title='bbox 940 1583 1131 1635; x_wconf 87' lang='grc' dir='ltr'>ἐαυτοῦ</span> <span class='ocrx_word' id='word_1_118' title='bbox 1173 1581 1373 1645; x_wconf 80' lang='grc' dir='ltr'>ἐλέους,</span> <span class='ocrx_word' id='word_1_119' title='bbox 1412 1581 1506 1634; x_wconf 71' lang='grc' dir='ltr'>καὶ</span> <span class='ocrx_word' id='word_1_120' title='bbox 1535 1578 1777 1634; x_wconf 86' lang='grc' dir='ltr'>καθελὼν</span> 
     </span>
    </p>
   </div>
   <div class='ocr_carea' id='block_1_18' title="bbox 177 1671 1775 1746">
    <p class='ocr_par' dir='ltr' id='par_1_18' title="bbox 177 1671 1775 1746">
     <span class='ocr_line' id='line_1_18' title="bbox 177 1671 1775 1746; baseline -0.003 -19"><span class='ocrx_word' id='word_1_121' title='bbox 177 1673 450 1729; x_wconf 84' lang='grc' dir='ltr'>διέσωσεν</span> <span class='ocrx_word' id='word_1_122' title='bbox 493 1677 552 1728; x_wconf 82' lang='grc' dir='ltr'><strong>ὲν</strong></span> <span class='ocrx_word' id='word_1_123' title='bbox 597 1677 662 1746; x_wconf 85' lang='grc' dir='ltr'><strong>τῇ</strong></span> <span class='ocrx_word' id='word_1_124' title='bbox 716 1675 878 1746; x_wconf 83' lang='grc' dir='ltr'>σοφίᾳ</span> <span class='ocrx_word' id='word_1_125' title='bbox 905 1674 1068 1728; x_wconf 88' lang='grc' dir='ltr'>αὐτοῦ</span> <span class='ocrx_word' id='word_1_126' title='bbox 1104 1675 1200 1745; x_wconf 84' lang='grc' dir='ltr'>τὴν</span> <span class='ocrx_word' id='word_1_127' title='bbox 1250 1672 1452 1744; x_wconf 80' lang='grc' dir='ltr'>μικρὰν</span> <span class='ocrx_word' id='word_1_128' title='bbox 1485 1672 1656 1734; x_wconf 86' lang='grc' dir='ltr'>πόλιν,</span> <span class='ocrx_word' id='word_1_129' title='bbox 1699 1671 1775 1736; x_wconf 89' lang='grc' dir='ltr'>ὼς</span> 
     </span>
    </p>
   </div>
   <div class='ocr_carea' id='block_1_19' title="bbox 180 1763 1778 1838">
    <p class='ocr_par' dir='ltr' id='par_1_19' title="bbox 180 1763 1778 1838">
     <span class='ocr_line' id='line_1_19' title="bbox 180 1763 1778 1838; baseline -0.002 -19"><span class='ocrx_word' id='word_1_130' title='bbox 180 1767 342 1830; x_wconf 78' lang='grc' dir='ltr'>εἰκὸς</span> <span class='ocrx_word' id='word_1_131' title='bbox 369 1766 469 1838; x_wconf 72' lang='grc' dir='ltr'>τὴν</span> <span class='ocrx_word' id='word_1_132' title='bbox 513 1766 834 1836; x_wconf 79' lang='grc' dir='ltr'>Ἐκκλησίαν</span> <span class='ocrx_word' id='word_1_133' title='bbox 865 1766 986 1820; x_wconf 85' lang='grc' dir='ltr'>καθ’</span> <span class='ocrx_word' id='word_1_134' title='bbox 1022 1766 1213 1838; x_wconf 81' lang='grc' dir='ltr'>ἑτέραν</span> <span class='ocrx_word' id='word_1_135' title='bbox 1249 1766 1495 1836; x_wconf 80' lang='grc' dir='ltr'>ἐκδοχὴν,</span> <span class='ocrx_word' id='word_1_136' title='bbox 1528 1765 1622 1818; x_wconf 78' lang='grc' dir='ltr'>καὶ</span> <span class='ocrx_word' id='word_1_137' title='bbox 1652 1763 1778 1826; x_wconf 78' lang='grc' dir='ltr'>τοὺς</span> 
     </span>
    </p>
   </div>
   <div class='ocr_carea' id='block_1_20' title="bbox 1883 581 3448 658">
    <p class='ocr_par' dir='ltr' id='par_1_20' title="bbox 1883 581 3448 658">
     <span class='ocr_line' id='line_1_20' title="bbox 1883 581 3448 658; baseline 0.006 -24"><span class='ocrx_word' id='word_1_138' title='bbox 1883 594 2186 649; x_wconf 89' lang='lat' dir='ltr'><strong>perpaucos</strong></span> <span class='ocrx_word' id='word_1_139' title='bbox 2219 589 2384 652; x_wconf 88' lang='lat' dir='ltr'><strong>atque</strong></span> <span class='ocrx_word' id='word_1_140' title='bbox 2406 581 2550 637; x_wconf 90' lang='lat' dir='ltr'><strong>inter</strong></span> <span class='ocrx_word' id='word_1_141' title='bbox 2584 597 2776 638; x_wconf 91' lang='lat' dir='ltr'><strong>omnes</strong></span> <span class='ocrx_word' id='word_1_142' title='bbox 2804 593 2992 653; x_wconf 76' lang='lat' dir='ltr'><strong>gentes</strong></span> <span class='ocrx_word' id='word_1_143' title='bbox 3016 586 3173 656; x_wconf 89' lang='lat' dir='ltr'><strong>quasi</strong></span> <span class='ocrx_word' id='word_1_144' title='bbox 3205 595 3357 658; x_wconf 79' lang='lat' dir='ltr'><strong>gutta</strong></span> <span class='ocrx_word' id='word_1_145' title='bbox 3380 590 3448 643; x_wconf 70' lang='grc' dir='ltr'><strong>-ἰίι</strong></span> 
     </span>
    </p>
   </div>
   <div class='ocr_carea' id='block_1_21' title="bbox 1882 673 3453 745">
    <p class='ocr_par' dir='ltr' id='par_1_21' title="bbox 1882 673 3453 745">
     <span class='ocr_line' id='line_1_21' title="bbox 1882 673 3453 745; baseline 0.006 -21"><span class='ocrx_word' id='word_1_146' title='bbox 1882 685 2076 742; x_wconf 82' lang='lat' dir='ltr'><strong>magna</strong></span> <span class='ocrx_word' id='word_1_147' title='bbox 2110 673 2395 743; x_wconf 87' lang='lat' dir='ltr'><strong>amphora,</strong></span> <span class='ocrx_word' id='word_1_148' title='bbox 2419 685 2760 745; x_wconf 78' lang='lat' dir='ltr'><strong>expugnatas</strong></span> <span class='ocrx_word' id='word_1_149' title='bbox 2792 675 3043 732; x_wconf 88' lang='lat' dir='ltr'><strong>liberavit</strong></span> <span class='ocrx_word' id='word_1_150' title='bbox 3084 691 3115 730; x_wconf 92' lang='lat' dir='ltr'><strong>a</strong></span> <span class='ocrx_word' id='word_1_151' title='bbox 3143 673 3345 733; x_wconf 84' lang='lat' dir='ltr'><strong>diaboli</strong></span> <span class='ocrx_word' id='word_1_152' title='bbox 3369 680 3453 733; x_wconf 85' lang='lat' dir='ltr'><strong>dl-</strong></span> 
     </span>
    </p>
   </div>
   <div class='ocr_carea' id='block_1_22' title="bbox 1883 762 3452 838">
    <p class='ocr_par' dir='ltr' id='par_1_22' title="bbox 1883 762 3452 838">
     <span class='ocr_line' id='line_1_22' title="bbox 1883 762 3452 838; baseline 0.006 -22"><span class='ocrx_word' id='word_1_153' title='bbox 1883 762 2048 826; x_wconf 86' lang='lat' dir='ltr'><strong>tione,</strong></span> <span class='ocrx_word' id='word_1_154' title='bbox 2075 764 2169 834; x_wconf 86' lang='lat' dir='ltr'><strong>qui</strong></span> <span class='ocrx_word' id='word_1_155' title='bbox 2203 765 2349 818; x_wconf 91' lang='lat' dir='ltr'><strong>hunc</strong></span> <span class='ocrx_word' id='word_1_156' title='bbox 2377 773 2691 820; x_wconf 90' lang='lat' dir='ltr'><strong>terrestrem</strong></span> <span class='ocrx_word' id='word_1_157' title='bbox 2734 767 2916 820; x_wconf 86' lang='lat' dir='ltr'><strong>locum</strong></span> <span class='ocrx_word' id='word_1_158' title='bbox 2967 768 3196 838; x_wconf 85' lang='lat' dir='ltr'><strong>ejusque</strong></span> <span class='ocrx_word' id='word_1_159' title='bbox 3246 769 3452 825; x_wconf 83' lang='lat' dir='ltr'><strong>incolas</strong></span> 
     </span>
    </p>
   </div>
   <div class='ocr_carea' id='block_1_23' title="bbox 1880 855 3453 932">
    <p class='ocr_par' dir='ltr' id='par_1_23' title="bbox 1880 855 3453 932">
     <span class='ocr_line' id='line_1_23' title="bbox 1880 855 3453 932; baseline 0.006 -24"><span class='ocrx_word' id='word_1_160' title='bbox 1880 855 2030 908; x_wconf 90' lang='lat' dir='ltr'><strong>omni</strong></span> <span class='ocrx_word' id='word_1_161' title='bbox 2077 871 2143 910; x_wconf 76' lang='lat' dir='ltr'><strong>ex</strong></span> <span class='ocrx_word' id='word_1_162' title='bbox 2195 864 2349 926; x_wconf 87' lang='lat' dir='ltr'><strong>parte</strong></span> <span class='ocrx_word' id='word_1_163' title='bbox 2396 857 2715 922; x_wconf 84' lang='lat' dir='ltr'><strong>vallaverat,</strong></span> <span class='ocrx_word' id='word_1_164' title='bbox 2751 859 3194 931; x_wconf 86' lang='lat' dir='ltr'><strong>munitionesque</strong></span> <span class='ocrx_word' id='word_1_165' title='bbox 3228 877 3453 932; x_wconf 81' lang='lat' dir='ltr'><strong>magnas</strong></span> 
     </span>
    </p>
   </div>
   <div class='ocr_carea' id='block_1_24' title="bbox 1881 950 3452 1020">
    <p class='ocr_par' dir='ltr' id='par_1_24' title="bbox 1881 950 3452 1020">
     <span class='ocr_line' id='line_1_24' title="bbox 1881 950 3452 1020; baseline 0.006 -21"><span class='ocrx_word' id='word_1_166' title='bbox 1881 963 1978 1017; x_wconf 89' lang='lat' dir='ltr'><strong>per</strong></span> <span class='ocrx_word' id='word_1_167' title='bbox 2019 963 2211 1018; x_wconf 80' lang='lat' dir='ltr'><strong>gyrum</strong></span> <span class='ocrx_word' id='word_1_168' title='bbox 2255 956 2624 1012; x_wconf 82' lang='lat' dir='ltr'><strong>exstruxerat,</strong></span> <span class='ocrx_word' id='word_1_169' title='bbox 2666 968 2684 1000; x_wconf 80' lang='grc' dir='ltr'><strong>ι</strong></span> <span class='ocrx_word' id='word_1_170' title='bbox 2722 950 3000 1020; x_wconf 79' lang='lat' dir='ltr'><strong>principes</strong></span> <span class='ocrx_word' id='word_1_171' title='bbox 3041 971 3059 1002; x_wconf 78' lang='grc' dir='ltr'><strong>ι</strong></span> <span class='ocrx_word' id='word_1_172' title='bbox 3105 953 3314 1008; x_wconf 91' lang='lat' dir='ltr'><strong>scilicet</strong></span> <span class='ocrx_word' id='word_1_173' title='bbox 3340 973 3357 1005; x_wconf 82' lang='grc' dir='ltr'><strong>ι</strong></span> <span class='ocrx_word' id='word_1_174' title='bbox 3399 965 3452 1009; x_wconf 85' lang='lat' dir='ltr'><strong>et</strong></span> 
     </span>
    </p>
   </div>
   <div class='ocr_carea' id='block_1_25' title="bbox 1881 1039 3453 1110">
    <p class='ocr_par' dir='ltr' id='par_1_25' title="bbox 1881 1039 3453 1110">
     <span class='ocr_line' id='line_1_25' title="bbox 1881 1039 3453 1110; baseline 0.004 -17"><span class='ocrx_word' id='word_1_175' title='bbox 1881 1045 2199 1108; x_wconf 86' lang='lat' dir='ltr'><strong>potestates,</strong></span> <span class='ocrx_word' id='word_1_176' title='bbox 2233 1039 2422 1093; x_wconf 91' lang='lat' dir='ltr'><strong>mundi</strong></span> <span class='ocrx_word' id='word_1_177' title='bbox 2478 1051 2719 1096; x_wconf 86' lang='lat' dir='ltr'><strong>rectores</strong></span> <span class='ocrx_word' id='word_1_178' title='bbox 2767 1043 3118 1096; x_wconf 80' lang='lat' dir='ltr'><strong>tenebrarum</strong></span> <span class='ocrx_word' id='word_1_179' title='bbox 3149 1043 3365 1110; x_wconf 88' lang='lat' dir='ltr'><strong>harum,</strong></span> <span class='ocrx_word' id='word_1_180' title='bbox 3399 1057 3453 1099; x_wconf 84' lang='lat' dir='ltr'><strong>et</strong></span> 
     </span>
    </p>
   </div>
   <div class='ocr_carea' id='block_1_26' title="bbox 1881 1131 3453 1208">
    <p class='ocr_par' dir='ltr' id='par_1_26' title="bbox 1881 1131 3453 1208">
     <span class='ocr_line' id='line_1_26' title="bbox 1881 1131 3453 1208; baseline 0.004 -23"><span class='ocrx_word' id='word_1_181' title='bbox 1881 1131 2189 1200; x_wconf 81' lang='lat' dir='ltr'><strong>Spiritualia</strong></span> <span class='ocrx_word' id='word_1_182' title='bbox 2207 1132 2464 1202; x_wconf 58' lang='lat' dir='ltr'><strong>nequitiae</strong></span> <span class='ocrx_word' id='word_1_183' title='bbox 2494 1133 2558 1189; x_wconf 71' lang='grc' dir='ltr'>ἰ.</span> <span class='ocrx_word' id='word_1_184' title='bbox 2599 1153 2618 1184; x_wconf 74' lang='grc' dir='ltr'><strong>ι</strong></span> <span class='ocrx_word' id='word_1_185' title='bbox 2655 1132 2812 1188; x_wconf 88' lang='lat' dir='ltr'><strong>Hunc</strong></span> <span class='ocrx_word' id='word_1_186' title='bbox 2847 1133 3012 1200; x_wconf 79' lang='lat' dir='ltr'><strong>igitur</strong></span> <span class='ocrx_word' id='word_1_187' title='bbox 3037 1150 3144 1190; x_wconf 89' lang='lat' dir='ltr'><strong>non</strong></span> <span class='ocrx_word' id='word_1_188' title='bbox 3167 1137 3306 1192; x_wconf 90' lang='lat' dir='ltr'><strong>alius</strong></span> <span class='ocrx_word' id='word_1_189' title='bbox 3333 1140 3453 1208; x_wconf 91' lang='lat' dir='ltr'><strong>qui-</strong></span> 
     </span>
    </p>
   </div>
   <div class='ocr_carea' id='block_1_27' title="bbox 1879 1221 3453 1295">
    <p class='ocr_par' dir='ltr' id='par_1_27' title="bbox 1879 1221 3453 1295">
     <span class='ocr_line' id='line_1_27' title="bbox 1879 1221 3453 1295; baseline 0.004 -21"><span class='ocrx_word' id='word_1_190' title='bbox 1879 1222 1961 1275; x_wconf 88' lang='lat' dir='ltr'><strong>vis</strong></span> <span class='ocrx_word' id='word_1_191' title='bbox 1995 1221 2102 1276; x_wconf 86' lang='lat' dir='ltr'><strong>nisi</strong></span> <span class='ocrx_word' id='word_1_192' title='bbox 2159 1222 2312 1276; x_wconf 88' lang='lat' dir='ltr'><strong>solus</strong></span> <span class='ocrx_word' id='word_1_193' title='bbox 2343 1223 2569 1277; x_wconf 89' lang='lat' dir='ltr'><strong>sustulit</strong></span> <span class='ocrx_word' id='word_1_194' title='bbox 2600 1239 2806 1294; x_wconf 88' lang='lat' dir='ltr'><strong>pauper</strong></span> <span class='ocrx_word' id='word_1_195' title='bbox 2833 1231 2886 1278; x_wconf 89' lang='lat' dir='ltr'><strong>et</strong></span> <span class='ocrx_word' id='word_1_196' title='bbox 2936 1227 3153 1295; x_wconf 81' lang='lat' dir='ltr'><strong>sapiens</strong></span> <span class='ocrx_word' id='word_1_197' title='bbox 3193 1226 3298 1289; x_wconf 87' lang='lat' dir='ltr'><strong>vir,</strong></span> <span class='ocrx_word' id='word_1_198' title='bbox 3333 1225 3453 1281; x_wconf 76' lang='lat' dir='ltr'><strong>Sal-</strong></span> 
     </span>
    </p>
   </div>
   <div class='ocr_carea' id='block_1_28' title="bbox 1879 1310 3448 1386">
    <p class='ocr_par' dir='ltr' id='par_1_28' title="bbox 1879 1310 3448 1386">
     <span class='ocr_line' id='line_1_28' title="bbox 1879 1310 3448 1386; baseline 0.004 -23"><span class='ocrx_word' id='word_1_199' title='bbox 1879 1318 2054 1374; x_wconf 85' lang='lat' dir='ltr'><strong>vator,</strong></span> <span class='ocrx_word' id='word_1_200' title='bbox 2097 1310 2462 1380; x_wconf 88' lang='lat' dir='ltr'><strong>Dominusque</strong></span> <span class='ocrx_word' id='word_1_201' title='bbox 2490 1321 2700 1376; x_wconf 86' lang='lat' dir='ltr'><strong>noster,</strong></span> <span class='ocrx_word' id='word_1_202' title='bbox 2722 1315 3045 1371; x_wconf 83' lang='lat' dir='ltr'><strong>exinaniens</strong></span> <span class='ocrx_word' id='word_1_203' title='bbox 3074 1317 3448 1386; x_wconf 83' lang='lat' dir='ltr'><strong>semetipsum,</strong></span> 
     </span>
    </p>
   </div>
   <div class='ocr_carea' id='block_1_29' title="bbox 1879 1401 3453 1472">
    <p class='ocr_par' dir='ltr' id='par_1_29' title="bbox 1879 1401 3453 1472">
     <span class='ocr_line' id='line_1_29' title="bbox 1879 1401 3453 1472; baseline 0.006 -18"><span class='ocrx_word' id='word_1_204' title='bbox 1879 1409 1933 1454; x_wconf 91' lang='lat' dir='ltr'><strong>et</strong></span> <span class='ocrx_word' id='word_1_205' title='bbox 1974 1409 2198 1470; x_wconf 79' lang='lat' dir='ltr'><strong>prapter</strong></span> <span class='ocrx_word' id='word_1_206' title='bbox 2225 1417 2328 1456; x_wconf 87' lang='lat' dir='ltr'><strong>nos</strong></span> <span class='ocrx_word' id='word_1_207' title='bbox 2364 1403 2523 1472; x_wconf 90' lang='lat' dir='ltr'><strong>inops</strong></span> <span class='ocrx_word' id='word_1_208' title='bbox 2570 1401 2749 1459; x_wconf 87' lang='lat' dir='ltr'><strong>factus</strong></span> <span class='ocrx_word' id='word_1_209' title='bbox 2795 1405 2852 1458; x_wconf 91' lang='lat' dir='ltr'><strong>in</strong></span> <span class='ocrx_word' id='word_1_210' title='bbox 2905 1406 3297 1463; x_wconf 62' lang='lat' dir='ltr'><strong>misericordia</strong></span> <span class='ocrx_word' id='word_1_211' title='bbox 3341 1424 3453 1464; x_wconf 73' lang='lat' dir='ltr'><strong>sua:</strong></span> 
     </span>
    </p>
   </div>
   <div class='ocr_carea' id='block_1_30' title="bbox 1877 1491 3454 1569">
    <p class='ocr_par' dir='ltr' id='par_1_30' title="bbox 1877 1491 3454 1569">
     <span class='ocr_line' id='line_1_30' title="bbox 1877 1491 3454 1569; baseline 0.006 -24"><span class='ocrx_word' id='word_1_212' title='bbox 1877 1491 2107 1555; x_wconf 82' lang='lat' dir='ltr'><strong>divitiis,</strong></span> <span class='ocrx_word' id='word_1_213' title='bbox 2145 1500 2198 1546; x_wconf 88' lang='lat' dir='ltr'><strong>ct</strong></span> <span class='ocrx_word' id='word_1_214' title='bbox 2243 1493 2335 1548; x_wconf 94' lang='lat' dir='ltr'><strong>illo</strong></span> <span class='ocrx_word' id='word_1_215' title='bbox 2372 1495 2608 1559; x_wconf 89' lang='lat' dir='ltr'><strong>sublato,</strong></span> <span class='ocrx_word' id='word_1_216' title='bbox 2648 1497 2913 1566; x_wconf 84' lang='lat' dir='ltr'><strong>sapientia</strong></span> <span class='ocrx_word' id='word_1_217' title='bbox 2948 1514 3046 1554; x_wconf 89' lang='lat' dir='ltr'><strong>sua</strong></span> <span class='ocrx_word' id='word_1_218' title='bbox 3070 1514 3289 1569; x_wconf 87' lang='lat' dir='ltr'><strong>parvam</strong></span> <span class='ocrx_word' id='word_1_219' title='bbox 3319 1503 3454 1556; x_wconf 87' lang='lat' dir='ltr'><strong>civi—</strong></span> 
     </span>
    </p>
   </div>
   <div class='ocr_carea' id='block_1_31' title="bbox 1879 1583 3451 1659">
    <p class='ocr_par' dir='ltr' id='par_1_31' title="bbox 1879 1583 3451 1659">
     <span class='ocr_line' id='line_1_31' title="bbox 1879 1583 3451 1659; baseline 0.004 -23"><span class='ocrx_word' id='word_1_220' title='bbox 1879 1591 2042 1637; x_wconf 87' lang='lat' dir='ltr'><strong>tatem</strong></span> <span class='ocrx_word' id='word_1_221' title='bbox 2079 1584 2285 1637; x_wconf 87' lang='lat' dir='ltr'><strong>salvam</strong></span> <span class='ocrx_word' id='word_1_222' title='bbox 2323 1583 2475 1651; x_wconf 87' lang='lat' dir='ltr'><strong>fecit,</strong></span> <span class='ocrx_word' id='word_1_223' title='bbox 2501 1585 2616 1639; x_wconf 85' lang='lat' dir='ltr'><strong>sive</strong></span> <span class='ocrx_word' id='word_1_224' title='bbox 2653 1583 2953 1640; x_wconf 85' lang='lat' dir='ltr'><strong>Ecclesiam</strong></span> <span class='ocrx_word' id='word_1_225' title='bbox 2990 1588 3095 1640; x_wconf 91' lang='lat' dir='ltr'><strong>alia</strong></span> <span class='ocrx_word' id='word_1_226' title='bbox 3127 1589 3451 1659; x_wconf 86' lang='lat' dir='ltr'><strong>interpreta-</strong></span> 
     </span>
    </p>
   </div>
   <div class='ocr_carea' id='block_1_32' title="bbox 1879 1675 3452 1750">
    <p class='ocr_par' dir='ltr' id='par_1_32' title="bbox 1879 1675 3452 1750">
     <span class='ocr_line' id='line_1_32' title="bbox 1879 1675 3452 1750; baseline 0.005 -24"><span class='ocrx_word' id='word_1_227' title='bbox 1879 1675 2050 1737; x_wconf 89' lang='lat' dir='ltr'><strong>tione,</strong></span> <span class='ocrx_word' id='word_1_228' title='bbox 2087 1689 2402 1744; x_wconf 86' lang='lat' dir='ltr'><strong>paucosque</strong></span> <span class='ocrx_word' id='word_1_229' title='bbox 2432 1676 2525 1746; x_wconf 90' lang='lat' dir='ltr'><strong>qui</strong></span> <span class='ocrx_word' id='word_1_230' title='bbox 2550 1684 2678 1730; x_wconf 90' lang='lat' dir='ltr'><strong>sunt</strong></span> <span class='ocrx_word' id='word_1_231' title='bbox 2725 1678 2779 1750; x_wconf 82' lang='lat' dir='ltr'><strong>in</strong></span> <span class='ocrx_word' id='word_1_232' title='bbox 2816 1693 2896 1732; x_wconf 92' lang='lat' dir='ltr'><strong>ea.</strong></span> <span class='ocrx_word' id='word_1_233' title='bbox 2929 1677 3141 1732; x_wconf 83' lang='lat' dir='ltr'><strong>Etenim</strong></span> <span class='ocrx_word' id='word_1_234' title='bbox 3172 1696 3190 1728; x_wconf 76' lang='grc' dir='ltr'><strong>ι</strong></span> <span class='ocrx_word' id='word_1_235' title='bbox 3223 1690 3452 1750; x_wconf 74' lang='lat' dir='ltr'><strong>angusta</strong></span> 
     </span>
    </p>
   </div>
   <div class='ocr_carea' id='block_1_33' title="bbox 1883 1747 3455 1841">
    <p class='ocr_par' dir='ltr' id='par_1_33' title="bbox 1883 1747 3455 1841">
     <span class='ocr_line' id='line_1_33' title="bbox 1883 1747 3455 1841; baseline 0.004 -25"><span class='ocrx_word' id='word_1_236' title='bbox 1883 1772 2037 1832; x_wconf 90' lang='lat' dir='ltr'><strong>porta</strong></span> <span class='ocrx_word' id='word_1_237' title='bbox 2065 1771 2118 1818; x_wconf 91' lang='lat' dir='ltr'><strong>et</strong></span> <span class='ocrx_word' id='word_1_238' title='bbox 2151 1773 2302 1818; x_wconf 85' lang='lat' dir='ltr'><strong>arcta</strong></span> <span class='ocrx_word' id='word_1_239' title='bbox 2333 1766 2420 1820; x_wconf 92' lang='lat' dir='ltr'><strong>via</strong></span> <span class='ocrx_word' id='word_1_240' title='bbox 2447 1773 2530 1821; x_wconf 88' lang='lat' dir='ltr'><strong>est</strong></span> <span class='ocrx_word' id='word_1_241' title='bbox 2567 1783 2688 1838; x_wconf 60' lang='lat' dir='ltr'><strong>quae</strong></span> <span class='ocrx_word' id='word_1_242' title='bbox 2715 1747 2865 1822; x_wconf 66' lang='lat' dir='ltr'><strong>ducit</strong></span> <span class='ocrx_word' id='word_1_243' title='bbox 2900 1769 2965 1823; x_wconf 85' lang='lat' dir='ltr'><strong>ad</strong></span> <span class='ocrx_word' id='word_1_244' title='bbox 3018 1770 3207 1835; x_wconf 87' lang='lat' dir='ltr'><strong>vitam,</strong></span> <span class='ocrx_word' id='word_1_245' title='bbox 3239 1747 3455 1841; x_wconf 29' lang='lat' dir='ltr'><strong>etvpau-</strong></span> 
     </span>
    </p>
   </div>
   <div class='ocr_carea' id='block_1_34' title="bbox 180 1855 1769 1931">
    <p class='ocr_par' dir='ltr' id='par_1_34' title="bbox 180 1857 1769 1931">
     <span class='ocr_line' id='line_1_34' title="bbox 180 1857 1769 1931; baseline 0.001 -20"><span class='ocrx_word' id='word_1_246' title='bbox 180 1857 245 1911; x_wconf 68' lang='grc' dir='ltr'><strong>ἐν</strong></span> <span class='ocrx_word' id='word_1_247' title='bbox 265 1858 410 1930; x_wconf 79' lang='grc' dir='ltr'>αὐτῇ</span> <span class='ocrx_word' id='word_1_248' title='bbox 441 1859 654 1927; x_wconf 80' lang='grc' dir='ltr'>ὀλίγους</span> <span class='ocrx_word' id='word_1_249' title='bbox 670 1859 826 1922; x_wconf 80' lang='grc' dir='ltr'>ὄντας</span> <span class='ocrx_word' id='word_1_250' title='bbox 844 1876 858 1889; x_wconf 73' lang='grc' dir='ltr'><strong><em>ο</em></strong></span> <span class='ocrx_word' id='word_1_251' title='bbox 886 1860 1070 1931; x_wconf 83' lang='grc' dir='ltr'>ἐπειδὴ</span> <span class='ocrx_word' id='word_1_252' title='bbox 1094 1878 1111 1910; x_wconf 82' lang='grc' dir='ltr'><strong>ι</strong></span> <span class='ocrx_word' id='word_1_253' title='bbox 1149 1860 1305 1931; x_wconf 82' lang='grc' dir='ltr'>στενὴ</span> <span class='ocrx_word' id='word_1_254' title='bbox 1329 1861 1421 1912; x_wconf 73' lang='grc' dir='ltr'>καὶ</span> <span class='ocrx_word' id='word_1_255' title='bbox 1441 1859 1769 1930; x_wconf 80' lang='grc' dir='ltr'>τεθλιμμένη</span> 
     </span>
    </p>
   </div>
   <div class='ocr_carea' id='block_1_35' title="bbox 1875 1855 3454 1931">
    <p class='ocr_par' dir='ltr' id='par_1_35' title="bbox 1880 1858 3454 1928">
     <span class='ocr_line' id='line_1_35' title="bbox 1880 1858 3454 1928; baseline 0.004 -18"><span class='ocrx_word' id='word_1_256' title='bbox 1880 1858 1928 1910; x_wconf 89' lang='lat' dir='ltr'><strong>ci</strong></span> <span class='ocrx_word' id='word_1_257' title='bbox 1986 1865 2132 1919; x_wconf 89' lang='lat' dir='ltr'><strong>sunt,</strong></span> <span class='ocrx_word' id='word_1_258' title='bbox 2163 1859 2254 1928; x_wconf 92' lang='lat' dir='ltr'><strong>qui</strong></span> <span class='ocrx_word' id='word_1_259' title='bbox 2308 1859 2595 1914; x_wconf 87' lang='lat' dir='ltr'><strong>inveniunt</strong></span> <span class='ocrx_word' id='word_1_260' title='bbox 2627 1876 2743 1915; x_wconf 88' lang='lat' dir='ltr'><strong>eam</strong></span> <span class='ocrx_word' id='word_1_261' title='bbox 2773 1862 2839 1915; x_wconf 79' lang='grc'><strong>³³.</strong></span> <span class='ocrx_word' id='word_1_262' title='bbox 2878 1881 2895 1914; x_wconf 74' lang='grc' dir='ltr'><strong>ι</strong></span> <span class='ocrx_word' id='word_1_263' title='bbox 2953 1861 3075 1916; x_wconf 83' lang='lat' dir='ltr'><strong>Haec</strong></span> <span class='ocrx_word' id='word_1_264' title='bbox 3131 1863 3454 1918; x_wconf 77' lang='lat' dir='ltr'><strong>mirabiliter</strong></span> 
     </span>
    </p>
   </div>
   <div class='ocr_carea' id='block_1_36' title="bbox 178 1949 1774 2022">
    <p class='ocr_par' dir='ltr' id='par_1_36' title="bbox 178 1949 1774 2022">
     <span class='ocr_line' id='line_1_36' title="bbox 178 1949 1774 2022; baseline 0 -20"><span class='ocrx_word' id='word_1_265' title='bbox 178 1950 217 2017; x_wconf 78' lang='grc' dir='ltr'><strong>ἡ</strong></span> <span class='ocrx_word' id='word_1_266' title='bbox 247 1949 373 2013; x_wconf 83' lang='grc' dir='ltr'><strong>ὁδὸς</strong></span> <span class='ocrx_word' id='word_1_267' title='bbox 422 1950 454 2020; x_wconf 76' lang='grc' dir='ltr'>ἡ</span> <span class='ocrx_word' id='word_1_268' title='bbox 483 1950 770 2019; x_wconf 85' lang='grc' dir='ltr'>ἀπάγουσα</span> <span class='ocrx_word' id='word_1_269' title='bbox 802 1953 881 2014; x_wconf 89' lang='grc' dir='ltr'><strong>είς</strong></span> <span class='ocrx_word' id='word_1_270' title='bbox 907 1950 1006 2022; x_wconf 84' lang='grc' dir='ltr'>τὴν</span> <span class='ocrx_word' id='word_1_271' title='bbox 1030 1949 1194 2022; x_wconf 81' lang='grc' dir='ltr'>ζωὴν,</span> <span class='ocrx_word' id='word_1_272' title='bbox 1222 1951 1316 2004; x_wconf 74' lang='grc' dir='ltr'>καὶ</span> <span class='ocrx_word' id='word_1_273' title='bbox 1349 1950 1516 2018; x_wconf 81' lang='grc' dir='ltr'>ὀλίγοι</span> <span class='ocrx_word' id='word_1_274' title='bbox 1562 1951 1699 2002; x_wconf 79' lang='grc' dir='ltr'>εἰσὶν</span> <span class='ocrx_word' id='word_1_275' title='bbox 1724 1951 1774 2003; x_wconf 88' lang='grc' dir='ltr'><strong>οί</strong></span> 
     </span>
    </p>
   </div>
   <div class='ocr_carea' id='block_1_37' title="bbox 177 2042 1776 2114">
    <p class='ocr_par' dir='ltr' id='par_1_37' title="bbox 177 2042 1776 2114">
     <span class='ocr_line' id='line_1_37' title="bbox 177 2042 1776 2114; baseline 0 -20"><span class='ocrx_word' id='word_1_276' title='bbox 177 2042 419 2106; x_wconf 86' lang='grc' dir='ltr'>διιόντες</span> <span class='ocrx_word' id='word_1_277' title='bbox 448 2043 638 2113; x_wconf 83' lang='grc' dir='ltr'>αὐτήν.</span> <span class='ocrx_word' id='word_1_278' title='bbox 676 2061 694 2095; x_wconf 78' lang='grc'><strong><em>›</em></strong></span> <span class='ocrx_word' id='word_1_279' title='bbox 717 2043 852 2096; x_wconf 76' lang='grc' dir='ltr'>Φασὶ</span> <span class='ocrx_word' id='word_1_280' title='bbox 883 2042 926 2095; x_wconf 84' lang='grc' dir='ltr'><strong>δ’</strong></span> <span class='ocrx_word' id='word_1_281' title='bbox 960 2044 1008 2096; x_wconf 91' lang='grc' dir='ltr'><strong>οί</strong></span> <span class='ocrx_word' id='word_1_282' title='bbox 1047 2043 1147 2113; x_wconf 80' lang='grc' dir='ltr'>τὴν</span> <span class='ocrx_word' id='word_1_283' title='bbox 1187 2043 1517 2114; x_wconf 80' lang='grc' dir='ltr'>τηλικαύτην</span> <span class='ocrx_word' id='word_1_284' title='bbox 1542 2042 1776 2114; x_wconf 83' lang='grc' dir='ltr'>ὁρῶντες</span> 
     </span>
    </p>
   </div>
   <div class='ocr_carea' id='block_1_38' title="bbox 181 2133 1774 2206">
    <p class='ocr_par' dir='ltr' id='par_1_38' title="bbox 181 2133 1774 2206">
     <span class='ocr_line' id='line_1_38' title="bbox 181 2133 1774 2206; baseline 0.001 -20"><span class='ocrx_word' id='word_1_285' title='bbox 181 2135 506 2205; x_wconf 73' lang='grc' dir='ltr'>οἰκονομίαν</span> <span class='ocrx_word' id='word_1_286' title='bbox 523 2134 604 2196; x_wconf 77' lang='grc' dir='ltr'>τὸ,</span> <span class='ocrx_word' id='word_1_287' title='bbox 630 2153 647 2185; x_wconf 80' lang='grc' dir='ltr'><strong>ι</strong></span> <span class='ocrx_word' id='word_1_288' title='bbox 671 2134 872 2206; x_wconf 81' lang='grc' dir='ltr'>’Δγαθὴ</span> <span class='ocrx_word' id='word_1_289' title='bbox 908 2133 1070 2202; x_wconf 81' lang='grc' dir='ltr'>σοφία</span> <span class='ocrx_word' id='word_1_290' title='bbox 1087 2135 1225 2205; x_wconf 81' lang='grc' dir='ltr'>ὑπὲρ</span> <span class='ocrx_word' id='word_1_291' title='bbox 1239 2134 1486 2205; x_wconf 83' lang='grc' dir='ltr'>δύναμιν·</span> <span class='ocrx_word' id='word_1_292' title='bbox 1508 2155 1526 2185; x_wconf 78' lang='grc' dir='ltr'><strong>ι</strong></span> <span class='ocrx_word' id='word_1_293' title='bbox 1550 2134 1774 2204; x_wconf 83' lang='grc' dir='ltr'>δύναμιν</span> 
     </span>
    </p>
   </div>
   <div class='ocr_carea' id='block_1_39' title="bbox 179 2222 1771 2296">
    <p class='ocr_par' dir='ltr' id='par_1_39' title="bbox 179 2222 1771 2296">
     <span class='ocr_line' id='line_1_39' title="bbox 179 2222 1771 2296; baseline -0.001 -18"><span class='ocrx_word' id='word_1_294' title='bbox 179 2225 241 2278; x_wconf 80' lang='grc' dir='ltr'><strong>δὲ</strong></span> <span class='ocrx_word' id='word_1_295' title='bbox 259 2224 424 2294; x_wconf 76' lang='grc' dir='ltr'>δῆλον</span> <span class='ocrx_word' id='word_1_296' title='bbox 447 2225 528 2278; x_wconf 82' lang='grc' dir='ltr'>ὅτι</span> <span class='ocrx_word' id='word_1_297' title='bbox 548 2225 646 2296; x_wconf 79' lang='grc' dir='ltr'>τὴν</span> <span class='ocrx_word' id='word_1_298' title='bbox 662 2223 768 2277; x_wconf 85' lang='grc' dir='ltr'>τῶν</span> <span class='ocrx_word' id='word_1_299' title='bbox 795 2223 1067 2293; x_wconf 88' lang='grc' dir='ltr'>πολεμίων</span> <span class='ocrx_word' id='word_1_300' title='bbox 1083 2241 1096 2254; x_wconf 73' lang='grc' dir='ltr'><strong><em>ο</em></strong></span> <span class='ocrx_word' id='word_1_301' title='bbox 1116 2222 1250 2276; x_wconf 85' lang='grc' dir='ltr'><strong>ἀλλά</strong></span> <span class='ocrx_word' id='word_1_302' title='bbox 1265 2223 1378 2282; x_wconf 70' lang='grc' dir='ltr'>καὶ,</span> <span class='ocrx_word' id='word_1_303' title='bbox 1402 2242 1420 2274; x_wconf 82' lang='grc' dir='ltr'><strong>ι</strong></span> <span class='ocrx_word' id='word_1_304' title='bbox 1436 2222 1771 2292; x_wconf 75' lang='grc' dir='ltr'>Ἄνθρωπος,</span> 
     </span>
    </p>
   </div>
   <div class='ocr_carea' id='block_1_40' title="bbox 183 2314 1768 2388">
    <p class='ocr_par' dir='ltr' id='par_1_40' title="bbox 183 2314 1768 2388">
     <span class='ocr_line' id='line_1_40' title="bbox 183 2314 1768 2388; baseline -0.003 -19"><span class='ocrx_word' id='word_1_305' title='bbox 183 2317 376 2388; x_wconf 80' lang='grc' dir='ltr'>φησὶν,</span> <span class='ocrx_word' id='word_1_306' title='bbox 403 2317 504 2370; x_wconf 79' lang='grc' dir='ltr'>οὐκ</span> <span class='ocrx_word' id='word_1_307' title='bbox 531 2314 774 2388; x_wconf 75' lang='grc' dir='ltr'>ἐμνήσθη</span> <span class='ocrx_word' id='word_1_308' title='bbox 793 2315 886 2370; x_wconf 90' lang='grc' dir='ltr'><strong>τοῦ</strong></span> <span class='ocrx_word' id='word_1_309' title='bbox 903 2315 1092 2387; x_wconf 86' lang='grc' dir='ltr'>ἀνδρὸς</span> <span class='ocrx_word' id='word_1_310' title='bbox 1119 2314 1212 2368; x_wconf 89' lang='grc' dir='ltr'><strong>τοῦ</strong></span> <span class='ocrx_word' id='word_1_311' title='bbox 1237 2315 1462 2386; x_wconf 82' lang='grc' dir='ltr'>πένητος</span> <span class='ocrx_word' id='word_1_312' title='bbox 1484 2314 1692 2367; x_wconf 78' lang='grc' dir='ltr'>ἐκείνου</span> <span class='ocrx_word' id='word_1_313' title='bbox 1710 2332 1724 2345; x_wconf 81' lang='grc' dir='ltr'><strong>ο</strong></span> <span class='ocrx_word' id='word_1_314' title='bbox 1751 2332 1768 2365; x_wconf 77' lang='grc' dir='ltr'><strong>ι</strong></span> 
     </span>
    </p>
   </div>
   <div class='ocr_carea' id='block_1_41' title="bbox 185 2405 1775 2482">
    <p class='ocr_par' dir='ltr' id='par_1_41' title="bbox 185 2405 1775 2482">
     <span class='ocr_line' id='line_1_41' title="bbox 185 2405 1775 2482; baseline -0.003 -20"><span class='ocrx_word' id='word_1_315' title='bbox 185 2408 324 2473; x_wconf 83' lang='grc' dir='ltr'>Θεὸς</span> <span class='ocrx_word' id='word_1_316' title='bbox 365 2409 466 2480; x_wconf 86' lang='grc' dir='ltr'><strong>μὲν</strong></span> <span class='ocrx_word' id='word_1_317' title='bbox 505 2409 708 2480; x_wconf 82' lang='grc' dir='ltr'>γὰρῆν</span> <span class='ocrx_word' id='word_1_318' title='bbox 747 2410 776 2461; x_wconf 87' lang='lat'><strong>6</strong></span> <span class='ocrx_word' id='word_1_319' title='bbox 816 2407 903 2462; x_wconf 83' lang='grc' dir='ltr'>διὰ</span> <span class='ocrx_word' id='word_1_320' title='bbox 932 2407 1042 2461; x_wconf 82' lang='grc' dir='ltr'><strong>τῶν</strong></span> <span class='ocrx_word' id='word_1_321' title='bbox 1079 2406 1376 2482; x_wconf 78' lang='grc' dir='ltr'>προφητῶν</span> <span class='ocrx_word' id='word_1_322' title='bbox 1423 2405 1775 2477; x_wconf 79' lang='grc' dir='ltr'>μνημονεύων</span> 
     </span>
    </p>
   </div>
   <div class='ocr_carea' id='block_1_42' title="bbox 187 2496 1774 2573">
    <p class='ocr_par' dir='ltr' id='par_1_42' title="bbox 187 2496 1774 2573">
     <span class='ocr_line' id='line_1_42' title="bbox 187 2496 1774 2573; baseline -0.003 -18"><span class='ocrx_word' id='word_1_323' title='bbox 187 2501 382 2564; x_wconf 81' lang='grc' dir='ltr'>αὐτοῦ,</span> <span class='ocrx_word' id='word_1_324' title='bbox 416 2502 511 2554; x_wconf 76' lang='grc' dir='ltr'>καὶ</span> <span class='ocrx_word' id='word_1_325' title='bbox 535 2500 929 2573; x_wconf 83' lang='grc' dir='ltr'>προκηρύττων</span> <span class='ocrx_word' id='word_1_326' title='bbox 954 2499 1020 2552; x_wconf 79' lang='grc' dir='ltr'><strong>τά</strong></span> <span class='ocrx_word' id='word_1_327' title='bbox 1055 2499 1182 2571; x_wconf 76' lang='grc' dir='ltr'>περὶ</span> <span class='ocrx_word' id='word_1_328' title='bbox 1217 2498 1319 2570; x_wconf 83' lang='grc' dir='ltr'>τῆς</span> <span class='ocrx_word' id='word_1_329' title='bbox 1349 2501 1427 2562; x_wconf 87' lang='grc' dir='ltr'><strong>είς</strong></span> <span class='ocrx_word' id='word_1_330' title='bbox 1456 2496 1774 2569; x_wconf 79' lang='grc' dir='ltr'>ἀνθρώπους</span> 
     </span>
    </p>
   </div>
   <div class='ocr_carea' id='block_1_43' title="bbox 184 2589 1774 2663">
    <p class='ocr_par' dir='ltr' id='par_1_43' title="bbox 184 2589 1774 2663">
     <span class='ocr_line' id='line_1_43' title="bbox 184 2589 1774 2663; baseline -0.002 -18"><span class='ocrx_word' id='word_1_331' title='bbox 184 2592 486 2663; x_wconf 76' lang='grc' dir='ltr'>ἐπιδημίας</span> <span class='ocrx_word' id='word_1_332' title='bbox 515 2593 705 2647; x_wconf 81' lang='grc' dir='ltr'>αὐτοῦ·</span> <span class='ocrx_word' id='word_1_333' title='bbox 731 2592 839 2645; x_wconf 84' lang='grc' dir='ltr'>τῶν</span> <span class='ocrx_word' id='word_1_334' title='bbox 869 2591 914 2644; x_wconf 86' lang='grc' dir='ltr'><strong>δ’</strong></span> <span class='ocrx_word' id='word_1_335' title='bbox 949 2590 1054 2644; x_wconf 82' lang='grc' dir='ltr'><strong>ὑπὸ</strong></span> <span class='ocrx_word' id='word_1_336' title='bbox 1080 2592 1178 2661; x_wconf 81' lang='grc' dir='ltr'>τῆς</span> <span class='ocrx_word' id='word_1_337' title='bbox 1211 2589 1400 2659; x_wconf 83' lang='grc' dir='ltr'>σοφίας</span> <span class='ocrx_word' id='word_1_338' title='bbox 1442 2589 1549 2643; x_wconf 81' lang='grc' dir='ltr'><strong>τῶν</strong></span> <span class='ocrx_word' id='word_1_339' title='bbox 1575 2590 1774 2662; x_wconf 87' lang='grc' dir='ltr'>ἀρχόν-</span> 
     </span>
    </p>
   </div>
   <div class='ocr_carea' id='block_1_44' title="bbox 185 2678 1773 2755">
    <p class='ocr_par' dir='ltr' id='par_1_44' title="bbox 185 2678 1773 2755">
     <span class='ocr_line' id='line_1_44' title="bbox 185 2678 1773 2755; baseline -0.003 -16"><span class='ocrx_word' id='word_1_340' title='bbox 185 2701 300 2739; x_wconf 87' lang='grc' dir='ltr'>των</span> <span class='ocrx_word' id='word_1_341' title='bbox 319 2684 511 2737; x_wconf 88' lang='grc' dir='ltr'>τούτου</span> <span class='ocrx_word' id='word_1_342' title='bbox 534 2683 628 2738; x_wconf 92' lang='grc' dir='ltr'><strong>τοῦ</strong></span> <span class='ocrx_word' id='word_1_343' title='bbox 653 2683 847 2748; x_wconf 81' lang='grc' dir='ltr'>αἰῶνος</span> <span class='ocrx_word' id='word_1_344' title='bbox 875 2685 959 2737; x_wconf 80' lang='grc' dir='ltr'>ὲνε</span> <span class='ocrx_word' id='word_1_345' title='bbox 969 2682 1276 2755; x_wconf 83' lang='grc' dir='ltr'>ργηθὲντων</span> <span class='ocrx_word' id='word_1_346' title='bbox 1309 2682 1428 2736; x_wconf 76' lang='grc' dir='ltr'>οὐδὲ</span> <span class='ocrx_word' id='word_1_347' title='bbox 1451 2678 1531 2745; x_wconf 80' lang='grc' dir='ltr'>εἷς</span> <span class='ocrx_word' id='word_1_348' title='bbox 1554 2680 1773 2735; x_wconf 87' lang='grc' dir='ltr'>πώποτε</span> 
     </span>
    </p>
   </div>
   <div class='ocr_carea' id='block_1_45' title="bbox 186 2771 1773 2849">
    <p class='ocr_par' dir='ltr' id='par_1_45' title="bbox 186 2771 1773 2849">
     <span class='ocr_line' id='line_1_45' title="bbox 186 2771 1773 2849; baseline -0.003 -19"><span class='ocrx_word' id='word_1_349' title='bbox 186 2776 462 2849; x_wconf 66' lang='grc' dir='ltr'>ἐμνήσθη,</span> <span class='ocrx_word' id='word_1_350' title='bbox 493 2777 615 2830; x_wconf 77' lang='grc' dir='ltr'>ἐπεὶ</span> <span class='ocrx_word' id='word_1_351' title='bbox 647 2777 766 2848; x_wconf 84' lang='grc' dir='ltr'>μηδ’</span> <span class='ocrx_word' id='word_1_352' title='bbox 787 2772 890 2830; x_wconf 76' lang='grc' dir='ltr'>οἷοί</span> <span class='ocrx_word' id='word_1_353' title='bbox 928 2793 987 2829; x_wconf 88' lang='grc' dir='ltr'><strong>τε</strong></span> <span class='ocrx_word' id='word_1_354' title='bbox 1010 2771 1150 2847; x_wconf 78' lang='grc' dir='ltr'>ἦσαν</span> <span class='ocrx_word' id='word_1_355' title='bbox 1172 2774 1369 2829; x_wconf 84' lang='grc' dir='ltr'>εἰδέναι</span> <span class='ocrx_word' id='word_1_356' title='bbox 1392 2775 1453 2832; x_wconf 82' lang='grc' dir='ltr'>τὸ</span> <span class='ocrx_word' id='word_1_357' title='bbox 1475 2776 1773 2845; x_wconf 85' lang='grc' dir='ltr'>μυστήριον</span> 
     </span>
    </p>
   </div>
   <div class='ocr_carea' id='block_1_46' title="bbox 183 2865 1773 2940">
    <p class='ocr_par' dir='ltr' id='par_1_46' title="bbox 183 2865 1773 2940">
     <span class='ocr_line' id='line_1_46' title="bbox 183 2865 1773 2940; baseline -0.001 -20"><span class='ocrx_word' id='word_1_358' title='bbox 183 2867 248 2922; x_wconf 83' lang='grc' dir='ltr'>τὸ</span> <span class='ocrx_word' id='word_1_359' title='bbox 279 2867 770 2940; x_wconf 80' lang='grc' dir='ltr'>ἀποκεκρυμμένον</span> <span class='ocrx_word' id='word_1_360' title='bbox 799 2866 906 2934; x_wconf 81' lang='grc' dir='ltr'>πρὸ</span> <span class='ocrx_word' id='word_1_361' title='bbox 947 2867 1058 2920; x_wconf 84' lang='grc' dir='ltr'><strong>τῶν</strong></span> <span class='ocrx_word' id='word_1_362' title='bbox 1104 2866 1313 2920; x_wconf 78' lang='grc' dir='ltr'>αἰώνων</span> <span class='ocrx_word' id='word_1_363' title='bbox 1365 2867 1462 2937; x_wconf 75' lang='grc' dir='ltr'><strong>τῆς</strong></span> <span class='ocrx_word' id='word_1_364' title='bbox 1503 2865 1644 2919; x_wconf 84' lang='grc' dir='ltr'>κατὰ</span> <span class='ocrx_word' id='word_1_365' title='bbox 1673 2868 1773 2937; x_wconf 78' lang='grc' dir='ltr'>τὴν</span> 
     </span>
    </p>
   </div>
   <div class='ocr_carea' id='block_1_47' title="bbox 185 2958 1772 3031">
    <p class='ocr_par' dir='ltr' id='par_1_47' title="bbox 185 2958 1772 3031">
     <span class='ocr_line' id='line_1_47' title="bbox 185 2958 1772 3031; baseline -0.001 -18"><span class='ocrx_word' id='word_1_366' title='bbox 185 2959 602 3031; x_wconf 74' lang='grc' dir='ltr'>ἐνανθρώπησιν</span> <span class='ocrx_word' id='word_1_367' title='bbox 645 2959 952 3030; x_wconf 83' lang='grc' dir='ltr'>οἰκονομίας</span> <span class='ocrx_word' id='word_1_368' title='bbox 988 2959 1081 3012; x_wconf 89' lang='grc' dir='ltr'><strong>τοῦ</strong></span> <span class='ocrx_word' id='word_1_369' title='bbox 1110 2960 1284 3028; x_wconf 86' lang='grc' dir='ltr'>Λόγου</span> <span class='ocrx_word' id='word_1_370' title='bbox 1315 2960 1409 3012; x_wconf 88' lang='grc' dir='ltr'><strong>τοῦ</strong></span> <span class='ocrx_word' id='word_1_371' title='bbox 1443 2958 1596 3012; x_wconf 79' lang='grc' dir='ltr'>Θεοῦ.</span> <span class='ocrx_word' id='word_1_372' title='bbox 1629 2959 1772 3030; x_wconf 84' lang='grc' dir='ltr'>Πρὸς</span> 
     </span>
    </p>
   </div>
   <div class='ocr_carea' id='block_1_48' title="bbox 183 3051 1770 3121">
    <p class='ocr_par' dir='ltr' id='par_1_48' title="bbox 183 3051 1770 3121">
     <span class='ocr_line' id='line_1_48' title="bbox 183 3051 1770 3121; baseline -0.001 -15"><span class='ocrx_word' id='word_1_373' title='bbox 183 3053 399 3116; x_wconf 77' lang='grc' dir='ltr'>τούτοις</span> <span class='ocrx_word' id='word_1_374' title='bbox 419 3052 639 3121; x_wconf 85' lang='grc' dir='ltr'>λέγεται</span> <span class='ocrx_word' id='word_1_375' title='bbox 667 3053 748 3106; x_wconf 85' lang='grc' dir='ltr'>ὃτι</span> <span class='ocrx_word' id='word_1_376' title='bbox 781 3069 799 3102; x_wconf 79' lang='grc' dir='ltr'><strong>ι</strong></span> <span class='ocrx_word' id='word_1_377' title='bbox 839 3052 933 3105; x_wconf 75' lang='grc' dir='ltr'>καὶ</span> <span class='ocrx_word' id='word_1_378' title='bbox 977 3053 1135 3120; x_wconf 84' lang='grc' dir='ltr'>σοφία</span> <span class='ocrx_word' id='word_1_379' title='bbox 1177 3051 1271 3105; x_wconf 85' lang='grc' dir='ltr'><strong>τοῦ</strong></span> <span class='ocrx_word' id='word_1_380' title='bbox 1305 3051 1531 3121; x_wconf 79' lang='grc' dir='ltr'>πένητος</span> <span class='ocrx_word' id='word_1_381' title='bbox 1559 3051 1770 3116; x_wconf 78' lang='grc' dir='ltr'>ἐξουδε-</span> 
     </span>
    </p>
   </div>
   <div class='ocr_carea' id='block_1_49' title="bbox 182 3141 1771 3215">
    <p class='ocr_par' dir='ltr' id='par_1_49' title="bbox 182 3141 1771 3215">
     <span class='ocr_line' id='line_1_49' title="bbox 182 3141 1771 3215; baseline -0.001 -19"><span class='ocrx_word' id='word_1_382' title='bbox 182 3142 428 3215; x_wconf 74' lang='grc' dir='ltr'>νωμένηο</span> <span class='ocrx_word' id='word_1_383' title='bbox 468 3162 489 3194; x_wconf 71' lang='grc' dir='ltr'><strong>ι</strong></span> <span class='ocrx_word' id='word_1_384' title='bbox 524 3143 617 3196; x_wconf 74' lang='grc' dir='ltr'>καὶ</span> <span class='ocrx_word' id='word_1_385' title='bbox 659 3142 765 3215; x_wconf 87' lang='grc' dir='ltr'>γὰρ</span> <span class='ocrx_word' id='word_1_386' title='bbox 800 3142 1088 3212; x_wconf 75' lang='grc' dir='ltr'>εὐδόκησεν</span> <span class='ocrx_word' id='word_1_387' title='bbox 1113 3145 1140 3196; x_wconf 89' lang='lat'><strong>6</strong></span> <span class='ocrx_word' id='word_1_388' title='bbox 1185 3142 1315 3206; x_wconf 82' lang='grc' dir='ltr'>Θεὸς</span> <span class='ocrx_word' id='word_1_389' title='bbox 1353 3161 1372 3192; x_wconf 84' lang='grc' dir='ltr'><strong>ι</strong></span> <span class='ocrx_word' id='word_1_390' title='bbox 1409 3141 1495 3195; x_wconf 76' lang='grc' dir='ltr'><strong>διὰ</strong></span> <span class='ocrx_word' id='word_1_391' title='bbox 1527 3142 1629 3213; x_wconf 81' lang='grc' dir='ltr'>τῆς</span> <span class='ocrx_word' id='word_1_392' title='bbox 1659 3160 1771 3213; x_wconf 84' lang='grc' dir='ltr'>μω-</span> 
     </span>
    </p>
   </div>
   <div class='ocr_carea' id='block_1_50' title="bbox 183 3232 1767 3307">
    <p class='ocr_par' dir='ltr' id='par_1_50' title="bbox 183 3232 1767 3307">
     <span class='ocr_line' id='line_1_50' title="bbox 183 3232 1767 3307; baseline 0.002 -22"><span class='ocrx_word' id='word_1_393' title='bbox 183 3234 308 3307; x_wconf 86' lang='grc' dir='ltr'>ρίας</span> <span class='ocrx_word' id='word_1_394' title='bbox 335 3232 431 3286; x_wconf 91' lang='grc' dir='ltr'><strong>τοῦ</strong></span> <span class='ocrx_word' id='word_1_395' title='bbox 462 3233 816 3305; x_wconf 86' lang='grc' dir='ltr'>κηρύγματος</span> <span class='ocrx_word' id='word_1_396' title='bbox 840 3234 1009 3286; x_wconf 86' lang='grc' dir='ltr'>σῶσαι</span> <span class='ocrx_word' id='word_1_397' title='bbox 1033 3236 1157 3297; x_wconf 87' lang='grc' dir='ltr'>τοὺς</span> <span class='ocrx_word' id='word_1_398' title='bbox 1178 3233 1548 3297; x_wconf 84' lang='grc' dir='ltr'>πιστεύοντας·</span> <span class='ocrx_word' id='word_1_399' title='bbox 1585 3253 1602 3284; x_wconf 69' lang='grc' dir='ltr'><strong>ι</strong></span> <span class='ocrx_word' id='word_1_400' title='bbox 1632 3234 1767 3288; x_wconf 87' lang='grc' dir='ltr'><strong>ἀλλά</strong></span> 
     </span>
    </p>
   </div>
   <div class='ocr_carea' id='block_1_51' title="bbox 184 3323 1761 3396">
    <p class='ocr_par' dir='ltr' id='par_1_51' title="bbox 184 3323 1761 3396">
     <span class='ocr_line' id='line_1_51' title="bbox 184 3323 1761 3396; baseline 0.002 -21"><span class='ocrx_word' id='word_1_401' title='bbox 184 3342 207 3374; x_wconf 72' lang='grc' dir='ltr'><strong>ι</strong></span> <span class='ocrx_word' id='word_1_402' title='bbox 245 3324 340 3377; x_wconf 76' lang='grc' dir='ltr'>καὶ</span> <span class='ocrx_word' id='word_1_403' title='bbox 361 3326 408 3377; x_wconf 85' lang='lat' dir='ltr'><strong>oi</strong></span> <span class='ocrx_word' id='word_1_404' title='bbox 441 3323 584 3393; x_wconf 89' lang='grc' dir='ltr'>λόγοι</span> <span class='ocrx_word' id='word_1_405' title='bbox 615 3324 800 3389; x_wconf 83' lang='grc' dir='ltr'>αὐτοῦ,</span> <span class='ocrx_word' id='word_1_406' title='bbox 834 3325 1018 3395; x_wconf 77' lang='grc' dir='ltr'>φησὶν,</span> <span class='ocrx_word' id='word_1_407' title='bbox 1053 3326 1151 3378; x_wconf 82' lang='grc' dir='ltr'>οὐκ</span> <span class='ocrx_word' id='word_1_408' title='bbox 1195 3325 1332 3378; x_wconf 78' lang='grc' dir='ltr'>εἰσὶν</span> <span class='ocrx_word' id='word_1_409' title='bbox 1363 3326 1701 3396; x_wconf 73' lang='grc' dir='ltr'>ἀκουόμενοιο</span> <span class='ocrx_word' id='word_1_410' title='bbox 1743 3346 1761 3378; x_wconf 73' lang='grc' dir='ltr'><strong>ι</strong></span> 
     </span>
    </p>
   </div>
   <div class='ocr_carea' id='block_1_52' title="bbox 178 3417 1767 3490">
    <p class='ocr_par' dir='ltr' id='par_1_52' title="bbox 178 3417 1767 3490">
     <span class='ocr_line' id='line_1_52' title="bbox 178 3417 1767 3490; baseline 0.001 -20"><span class='ocrx_word' id='word_1_411' title='bbox 178 3421 240 3472; x_wconf 66' lang='grc' dir='ltr'>σὺ</span> <span class='ocrx_word' id='word_1_412' title='bbox 283 3419 503 3472; x_wconf 82' lang='grc' dir='ltr'>πάντων</span> <span class='ocrx_word' id='word_1_413' title='bbox 539 3420 647 3490; x_wconf 82' lang='grc' dir='ltr'><strong>γάρ</strong></span> <span class='ocrx_word' id='word_1_414' title='bbox 680 3422 825 3472; x_wconf 86' lang='grc' dir='ltr'>ἐστιν</span> <span class='ocrx_word' id='word_1_415' title='bbox 863 3419 1092 3473; x_wconf 83' lang='grc' dir='ltr'>ἀκοῦσαι</span> <span class='ocrx_word' id='word_1_416' title='bbox 1126 3418 1233 3472; x_wconf 82' lang='grc' dir='ltr'>τῶν</span> <span class='ocrx_word' id='word_1_417' title='bbox 1262 3418 1356 3471; x_wconf 85' lang='grc' dir='ltr'><strong>τοῦ</strong></span> <span class='ocrx_word' id='word_1_418' title='bbox 1399 3419 1648 3490; x_wconf 77' lang='grc' dir='ltr'>Σωτῆρος</span> <span class='ocrx_word' id='word_1_419' title='bbox 1679 3417 1767 3471; x_wconf 77' lang='grc' dir='ltr'>λό-</span> 
     </span>
    </p>
   </div>
   <div class='ocr_carea' id='block_1_53' title="bbox 1881 1948 3452 2023">
    <p class='ocr_par' dir='ltr' id='par_1_53' title="bbox 1881 1948 3452 2023">
     <span class='ocr_line' id='line_1_53' title="bbox 1881 1948 3452 2023; baseline 0.004 -22"><span class='ocrx_word' id='word_1_420' title='bbox 1881 1948 2019 2004; x_wconf 83' lang='lat' dir='ltr'><strong>l&#39;acta</strong></span> <span class='ocrx_word' id='word_1_421' title='bbox 2067 1951 2312 2006; x_wconf 88' lang='lat' dir='ltr'><strong>videntes</strong></span> <span class='ocrx_word' id='word_1_422' title='bbox 2347 1952 2657 2006; x_wconf 82' lang='lat' dir='ltr'><strong>exclamant</strong></span> <span class='ocrx_word' id='word_1_423' title='bbox 2693 1971 2705 2006; x_wconf 92' lang='lat'>:</span> <span class='ocrx_word' id='word_1_424' title='bbox 2746 1971 2764 2002; x_wconf 75' lang='grc' dir='ltr'><strong>ι</strong></span> <span class='ocrx_word' id='word_1_425' title='bbox 2816 1951 3006 2007; x_wconf 82' lang='lat' dir='ltr'><strong>Melior</strong></span> <span class='ocrx_word' id='word_1_426' title='bbox 3050 1962 3134 2007; x_wconf 90' lang='lat' dir='ltr'><strong>est</strong></span> <span class='ocrx_word' id='word_1_427' title='bbox 3188 1956 3452 2023; x_wconf 79' lang='lat' dir='ltr'><strong>sapientia</strong></span> 
     </span>
    </p>
   </div>
   <div class='ocr_carea' id='block_1_54' title="bbox 1880 2040 3452 2105">
    <p class='ocr_par' dir='ltr' id='par_1_54' title="bbox 1880 2040 3452 2105">
     <span class='ocr_line' id='line_1_54' title="bbox 1880 2040 3452 2105; baseline 0.003 -11"><span class='ocrx_word' id='word_1_428' title='bbox 1880 2040 2222 2105; x_wconf 80' lang='lat' dir='ltr'><strong>fortitudine,</strong></span> <span class='ocrx_word' id='word_1_429' title='bbox 2265 2062 2282 2094; x_wconf 76' lang='grc' dir='ltr'><strong>ι</strong></span> <span class='ocrx_word' id='word_1_430' title='bbox 2322 2040 2642 2098; x_wconf 83' lang='lat' dir='ltr'><strong>fortitudine</strong></span> <span class='ocrx_word' id='word_1_431' title='bbox 2693 2044 2905 2100; x_wconf 89' lang='lat' dir='ltr'><strong>scilicet</strong></span> <span class='ocrx_word' id='word_1_432' title='bbox 2957 2045 3214 2099; x_wconf 90' lang='lat' dir='ltr'><strong>hostium.</strong></span> <span class='ocrx_word' id='word_1_433' title='bbox 3258 2043 3365 2101; x_wconf 84' lang='lat' dir='ltr'><strong>Sed</strong></span> <span class='ocrx_word' id='word_1_434' title='bbox 3399 2056 3452 2100; x_wconf 85' lang='lat' dir='ltr'><strong>et</strong></span> 
     </span>
    </p>
   </div>
   <div class='ocr_carea' id='block_1_55' title="bbox 1883 2135 3455 2209">
    <p class='ocr_par' dir='ltr' id='par_1_55' title="bbox 1883 2135 3455 2209">
     <span class='ocr_line' id='line_1_55' title="bbox 1883 2135 3455 2209; baseline 0.006 -25"><span class='ocrx_word' id='word_1_435' title='bbox 1883 2152 1901 2183; x_wconf 76' lang='grc' dir='ltr'><strong>ι</strong></span> <span class='ocrx_word' id='word_1_436' title='bbox 1933 2135 2139 2200; x_wconf 89' lang='lat' dir='ltr'><strong>nullus,</strong></span> <span class='ocrx_word' id='word_1_437' title='bbox 2174 2135 2269 2200; x_wconf 85' lang='lat' dir='ltr'><strong>ait,</strong></span> <span class='ocrx_word' id='word_1_438' title='bbox 2308 2135 2628 2191; x_wconf 84' lang='lat' dir='ltr'><strong>recordatus</strong></span> <span class='ocrx_word' id='word_1_439' title='bbox 2677 2145 2760 2193; x_wconf 91' lang='lat' dir='ltr'><strong>est</strong></span> <span class='ocrx_word' id='word_1_440' title='bbox 2809 2136 3047 2192; x_wconf 87' lang='lat' dir='ltr'><strong>hominis</strong></span> <span class='ocrx_word' id='word_1_441' title='bbox 3081 2139 3228 2192; x_wconf 91' lang='lat' dir='ltr'><strong>illius</strong></span> <span class='ocrx_word' id='word_1_442' title='bbox 3252 2155 3455 2209; x_wconf 87' lang='lat' dir='ltr'><strong>paupe-</strong></span> 
     </span>
    </p>
   </div>
   <div class='ocr_carea' id='block_1_56' title="bbox 1879 2224 3453 2300">
    <p class='ocr_par' dir='ltr' id='par_1_56' title="bbox 1879 2224 3453 2300">
     <span class='ocr_line' id='line_1_56' title="bbox 1879 2224 3453 2300; baseline 0.002 -20"><span class='ocrx_word' id='word_1_443' title='bbox 1879 2226 1977 2280; x_wconf 89' lang='lat' dir='ltr'><strong>ris.</strong></span> <span class='ocrx_word' id='word_1_444' title='bbox 2020 2243 2038 2277; x_wconf 78' lang='grc' dir='ltr'><strong>ι</strong></span> <span class='ocrx_word' id='word_1_445' title='bbox 2074 2224 2219 2281; x_wconf 90' lang='lat' dir='ltr'><strong>Deus</strong></span> <span class='ocrx_word' id='word_1_446' title='bbox 2248 2227 2393 2282; x_wconf 91' lang='lat' dir='ltr'><strong>enim</strong></span> <span class='ocrx_word' id='word_1_447' title='bbox 2423 2236 2541 2281; x_wconf 90' lang='lat' dir='ltr'><strong>erat</strong></span> <span class='ocrx_word' id='word_1_448' title='bbox 2569 2228 2664 2298; x_wconf 91' lang='lat' dir='ltr'><strong>qui</strong></span> <span class='ocrx_word' id='word_1_449' title='bbox 2704 2229 2790 2284; x_wconf 91' lang='lat' dir='ltr'><strong>sui</strong></span> <span class='ocrx_word' id='word_1_450' title='bbox 2817 2245 2913 2299; x_wconf 91' lang='lat' dir='ltr'><strong>per</strong></span> <span class='ocrx_word' id='word_1_451' title='bbox 2940 2229 3231 2300; x_wconf 86' lang='lat' dir='ltr'><strong>prophetas</strong></span> <span class='ocrx_word' id='word_1_452' title='bbox 3264 2230 3453 2283; x_wconf 85' lang='lat' dir='ltr'><strong>admo-</strong></span> 
     </span>
    </p>
   </div>
   <div class='ocr_carea' id='block_1_57' title="bbox 1879 2315 3453 2386">
    <p class='ocr_par' dir='ltr' id='par_1_57' title="bbox 1879 2315 3453 2386">
     <span class='ocr_line' id='line_1_57' title="bbox 1879 2315 3453 2386; baseline -0.001 -17"><span class='ocrx_word' id='word_1_453' title='bbox 1879 2316 2064 2377; x_wconf 82' lang='lat' dir='ltr'><strong>nebat,</strong></span> <span class='ocrx_word' id='word_1_454' title='bbox 2103 2331 2372 2386; x_wconf 87' lang='lat' dir='ltr'><strong>suumque</strong></span> <span class='ocrx_word' id='word_1_455' title='bbox 2409 2315 2551 2371; x_wconf 88' lang='lat' dir='ltr'><strong>inter</strong></span> <span class='ocrx_word' id='word_1_456' title='bbox 2598 2317 2846 2372; x_wconf 90' lang='lat' dir='ltr'><strong>homines</strong></span> <span class='ocrx_word' id='word_1_457' title='bbox 2876 2315 3166 2370; x_wconf 81' lang='lat' dir='ltr'><strong>adventum</strong></span> <span class='ocrx_word' id='word_1_458' title='bbox 3197 2317 3453 2386; x_wconf 85' lang='lat' dir='ltr'><strong>praedica-</strong></span> 
     </span>
    </p>
   </div>
   <div class='ocr_carea' id='block_1_58' title="bbox 1879 2407 3453 2479">
    <p class='ocr_par' dir='ltr' id='par_1_58' title="bbox 1879 2407 3453 2479">
     <span class='ocr_line' id='line_1_58' title="bbox 1879 2407 3453 2479; baseline -0.001 -18"><span class='ocrx_word' id='word_1_459' title='bbox 1879 2408 1990 2461; x_wconf 88' lang='lat' dir='ltr'><strong>bat.</strong></span> <span class='ocrx_word' id='word_1_460' title='bbox 2018 2407 2113 2462; x_wconf 90' lang='lat' dir='ltr'><strong>lsti</strong></span> <span class='ocrx_word' id='word_1_461' title='bbox 2144 2424 2296 2473; x_wconf 87' lang='lat' dir='ltr'><strong>vero,</strong></span> <span class='ocrx_word' id='word_1_462' title='bbox 2327 2408 2491 2479; x_wconf 88' lang='lat' dir='ltr'><strong>hujus</strong></span> <span class='ocrx_word' id='word_1_463' title='bbox 2514 2409 2700 2464; x_wconf 69' lang='lat' dir='ltr'><strong>saeculi</strong></span> <span class='ocrx_word' id='word_1_464' title='bbox 2728 2408 3036 2479; x_wconf 89' lang='lat' dir='ltr'><strong>principum</strong></span> <span class='ocrx_word' id='word_1_465' title='bbox 3077 2409 3344 2479; x_wconf 82' lang='lat' dir='ltr'><strong>sapientia</strong></span> <span class='ocrx_word' id='word_1_466' title='bbox 3372 2408 3453 2460; x_wconf 83' lang='lat' dir='ltr'><strong>af-</strong></span> 
     </span>
    </p>
   </div>
   <div class='ocr_carea' id='block_1_59' title="bbox 1877 2498 3448 2572">
    <p class='ocr_par' dir='ltr' id='par_1_59' title="bbox 1877 2498 3448 2572">
     <span class='ocr_line' id='line_1_59' title="bbox 1877 2498 3448 2572; baseline 0.001 -20"><span class='ocrx_word' id='word_1_467' title='bbox 1877 2498 2010 2564; x_wconf 81' lang='lat' dir='ltr'><strong>ﬂati,</strong></span> <span class='ocrx_word' id='word_1_468' title='bbox 2038 2517 2384 2572; x_wconf 88' lang='lat' dir='ltr'><strong>nequaquam</strong></span> <span class='ocrx_word' id='word_1_469' title='bbox 2433 2501 2553 2572; x_wconf 84' lang='lat' dir='ltr'><strong>ejus</strong></span> <span class='ocrx_word' id='word_1_470' title='bbox 2592 2503 2860 2556; x_wconf 84' lang='lat' dir='ltr'><strong>recordati</strong></span> <span class='ocrx_word' id='word_1_471' title='bbox 2917 2510 3066 2565; x_wconf 90' lang='lat' dir='ltr'><strong>sunt,</strong></span> <span class='ocrx_word' id='word_1_472' title='bbox 3100 2502 3190 2572; x_wconf 88' lang='lat' dir='ltr'><strong>qui</strong></span> <span class='ocrx_word' id='word_1_473' title='bbox 3245 2511 3448 2571; x_wconf 82' lang='lat' dir='ltr'><strong>mystc-</strong></span> 
     </span>
    </p>
   </div>
   <div class='ocr_carea' id='block_1_60' title="bbox 1877 2593 3453 2649">
    <p class='ocr_par' dir='ltr' id='par_1_60' title="bbox 1877 2593 3453 2649">
     <span class='ocr_line' id='line_1_60' title="bbox 1877 2593 3453 2649; baseline -0.001 -1"><span class='ocrx_word' id='word_1_474' title='bbox 1877 2595 2018 2648; x_wconf 86' lang='lat' dir='ltr'><strong>rium</strong></span> <span class='ocrx_word' id='word_1_475' title='bbox 2051 2605 2175 2649; x_wconf 88' lang='lat' dir='ltr'><strong>ante</strong></span> <span class='ocrx_word' id='word_1_476' title='bbox 2206 2596 2401 2649; x_wconf 61' lang='lat' dir='ltr'><strong>saecula</strong></span> <span class='ocrx_word' id='word_1_477' title='bbox 2438 2594 2822 2649; x_wconf 90' lang='lat' dir='ltr'><strong>absconditum</strong></span> <span class='ocrx_word' id='word_1_478' title='bbox 2870 2593 2964 2648; x_wconf 89' lang='lat' dir='ltr'><strong>Dei</strong></span> <span class='ocrx_word' id='word_1_479' title='bbox 2998 2593 3159 2648; x_wconf 85' lang='lat' dir='ltr'><strong>Verbi</strong></span> <span class='ocrx_word' id='word_1_480' title='bbox 3205 2595 3453 2647; x_wconf 85' lang='lat' dir='ltr'><strong>incarna-</strong></span> 
     </span>
    </p>
   </div>
   <div class='ocr_carea' id='block_1_61' title="bbox 1877 2683 3450 2755">
    <p class='ocr_par' dir='ltr' id='par_1_61' title="bbox 1877 2683 3450 2755">
     <span class='ocr_line' id='line_1_61' title="bbox 1877 2683 3450 2755; baseline 0 -18"><span class='ocrx_word' id='word_1_481' title='bbox 1877 2685 2044 2739; x_wconf 89' lang='lat' dir='ltr'><strong>tionis</strong></span> <span class='ocrx_word' id='word_1_482' title='bbox 2078 2683 2301 2740; x_wconf 90' lang='lat' dir='ltr'><strong>minime</strong></span> <span class='ocrx_word' id='word_1_483' title='bbox 2329 2685 2638 2755; x_wconf 87' lang='lat' dir='ltr'><strong>perspicere</strong></span> <span class='ocrx_word' id='word_1_484' title='bbox 2671 2685 2942 2740; x_wconf 86' lang='lat' dir='ltr'><strong>valebant.</strong></span> <span class='ocrx_word' id='word_1_485' title='bbox 2972 2683 3047 2738; x_wconf 87' lang='lat' dir='ltr'><strong>De</strong></span> <span class='ocrx_word' id='word_1_486' title='bbox 3083 2686 3284 2755; x_wconf 85' lang='lat' dir='ltr'><strong>quibus</strong></span> <span class='ocrx_word' id='word_1_487' title='bbox 3313 2684 3450 2737; x_wconf 90' lang='lat' dir='ltr'><strong>dici-</strong></span> 
     </span>
    </p>
   </div>
   <div class='ocr_carea' id='block_1_62' title="bbox 1874 2775 3448 2847">
    <p class='ocr_par' dir='ltr' id='par_1_62' title="bbox 1874 2775 3448 2847">
     <span class='ocr_line' id='line_1_62' title="bbox 1874 2775 3448 2847; baseline -0.003 -18"><span class='ocrx_word' id='word_1_488' title='bbox 1874 2784 2016 2831; x_wconf 90' lang='lat' dir='ltr'><strong>tur:</strong></span> <span class='ocrx_word' id='word_1_489' title='bbox 2074 2795 2094 2826; x_wconf 83' lang='grc' dir='ltr'><strong>ι</strong></span> <span class='ocrx_word' id='word_1_490' title='bbox 2139 2776 2417 2847; x_wconf 88' lang='lat' dir='ltr'><strong>Sapientia</strong></span> <span class='ocrx_word' id='word_1_491' title='bbox 2477 2778 2732 2847; x_wconf 88' lang='lat' dir='ltr'><strong>pauperis</strong></span> <span class='ocrx_word' id='word_1_492' title='bbox 2771 2783 3102 2845; x_wconf 89' lang='lat' dir='ltr'><strong>contempta.</strong></span> <span class='ocrx_word' id='word_1_493' title='bbox 3167 2795 3184 2828; x_wconf 76' lang='grc' dir='ltr'><strong>ι</strong></span> <span class='ocrx_word' id='word_1_494' title='bbox 3236 2775 3448 2829; x_wconf 81' lang='lat' dir='ltr'><strong>Etenim</strong></span> 
     </span>
    </p>
   </div>
   <div class='ocr_carea' id='block_1_63' title="bbox 1880 2867 3450 2940">
    <p class='ocr_par' dir='ltr' id='par_1_63' title="bbox 1880 2867 3450 2940">
     <span class='ocr_line' id='line_1_63' title="bbox 1880 2867 3450 2940; baseline -0.003 -18"><span class='ocrx_word' id='word_1_495' title='bbox 1880 2889 1899 2922; x_wconf 88' lang='grc'>‹</span> <span class='ocrx_word' id='word_1_496' title='bbox 1941 2869 2051 2924; x_wconf 91' lang='lat' dir='ltr'><strong>Deo</strong></span> <span class='ocrx_word' id='word_1_497' title='bbox 2076 2870 2282 2939; x_wconf 85' lang='lat' dir='ltr'><strong>placuit</strong></span> <span class='ocrx_word' id='word_1_498' title='bbox 2315 2869 2724 2940; x_wconf 59' lang='lat' dir='ltr'><strong>praedicationis</strong></span> <span class='ocrx_word' id='word_1_499' title='bbox 2763 2869 2991 2924; x_wconf 88' lang='lat' dir='ltr'><strong>stultitia</strong></span> <span class='ocrx_word' id='word_1_500' title='bbox 3022 2867 3308 2922; x_wconf 86' lang='lat' dir='ltr'><strong>credentes</strong></span> <span class='ocrx_word' id='word_1_501' title='bbox 3341 2868 3450 2921; x_wconf 59' lang='lat' dir='ltr'><strong>sal.</strong></span> 
     </span>
    </p>
   </div>
   <div class='ocr_carea' id='block_1_64' title="bbox 1875 2960 3451 3028">
    <p class='ocr_par' dir='ltr' id='par_1_64' title="bbox 1875 2960 3451 3028">
     <span class='ocr_line' id='line_1_64' title="bbox 1875 2960 3451 3028; baseline -0.002 -14"><span class='ocrx_word' id='word_1_502' title='bbox 1875 2976 1973 3017; x_wconf 86' lang='lat' dir='ltr'><strong>vos</strong></span> <span class='ocrx_word' id='word_1_503' title='bbox 2008 2960 2189 3016; x_wconf 86' lang='lat' dir='ltr'><strong>facere</strong></span> <span class='ocrx_word' id='word_1_504' title='bbox 2224 2963 2292 2992; x_wconf 76' lang='grc' dir='ltr'><strong>’δ’</strong></span> <span class='ocrx_word' id='word_1_505' title='bbox 2318 2981 2333 3022; x_wconf 84' lang='lat'><strong>;</strong></span> <span class='ocrx_word' id='word_1_506' title='bbox 2375 2982 2392 3014; x_wconf 72' lang='grc' dir='ltr'><strong>ι</strong></span> <span class='ocrx_word' id='word_1_507' title='bbox 2422 2962 2516 3016; x_wconf 85' lang='lat' dir='ltr'><strong>scd</strong></span> <span class='ocrx_word' id='word_1_508' title='bbox 2543 2980 2561 3012; x_wconf 75' lang='grc' dir='ltr'><strong>ι</strong></span> <span class='ocrx_word' id='word_1_509' title='bbox 2595 2963 2757 3015; x_wconf 87' lang='lat' dir='ltr'><strong>verba</strong></span> <span class='ocrx_word' id='word_1_510' title='bbox 2787 2960 2929 3028; x_wconf 90' lang='lat' dir='ltr'><strong>ejus,</strong></span> <span class='ocrx_word' id='word_1_511' title='bbox 2953 2960 3049 3022; x_wconf 93' lang='lat' dir='ltr'><strong>ait,</strong></span> <span class='ocrx_word' id='word_1_512' title='bbox 3076 2975 3184 3013; x_wconf 88' lang='lat' dir='ltr'><strong>non</strong></span> <span class='ocrx_word' id='word_1_513' title='bbox 3211 2966 3330 3014; x_wconf 76' lang='lat' dir='ltr'><strong>sunl</strong></span> <span class='ocrx_word' id='word_1_514' title='bbox 3359 2974 3451 3012; x_wconf 80' lang='lat' dir='ltr'><strong>au-</strong></span> 
     </span>
    </p>
   </div>
   <div class='ocr_carea' id='block_1_65' title="bbox 1874 3051 3451 3109">
    <p class='ocr_par' dir='ltr' id='par_1_65' title="bbox 1874 3051 3451 3109">
     <span class='ocr_line' id='line_1_65' title="bbox 1874 3051 3451 3109; baseline -0.004 -1"><span class='ocrx_word' id='word_1_515' title='bbox 1874 3054 2004 3108; x_wconf 85' lang='lat' dir='ltr'><strong>dita.</strong></span> <span class='ocrx_word' id='word_1_516' title='bbox 2051 3075 2069 3106; x_wconf 72' lang='grc'><strong>»</strong></span> <span class='ocrx_word' id='word_1_517' title='bbox 2106 3052 2215 3108; x_wconf 86' lang='lat' dir='ltr'><strong>Nec</strong></span> <span class='ocrx_word' id='word_1_518' title='bbox 2238 3055 2381 3108; x_wconf 90' lang='lat' dir='ltr'><strong>enim</strong></span> <span class='ocrx_word' id='word_1_519' title='bbox 2415 3053 2658 3109; x_wconf 91' lang='lat' dir='ltr'><strong>omnium</strong></span> <span class='ocrx_word' id='word_1_520' title='bbox 2698 3062 2782 3108; x_wconf 88' lang='lat' dir='ltr'><strong>est</strong></span> <span class='ocrx_word' id='word_1_521' title='bbox 2816 3051 3116 3106; x_wconf 74' lang='lat' dir='ltr'><strong>Sa‘lvatoris</strong></span> <span class='ocrx_word' id='word_1_522' title='bbox 3150 3053 3316 3105; x_wconf 83' lang='lat' dir='ltr'><strong>verba</strong></span> <span class='ocrx_word' id='word_1_523' title='bbox 3353 3066 3451 3103; x_wconf 54' lang='lat' dir='ltr'><strong>au.</strong></span> 
     </span>
    </p>
   </div>
   <div class='ocr_carea' id='block_1_66' title="bbox 1873 3142 3450 3214">
    <p class='ocr_par' dir='ltr' id='par_1_66' title="bbox 1873 3142 3450 3214">
     <span class='ocr_line' id='line_1_66' title="bbox 1873 3142 3450 3214; baseline -0.003 -16"><span class='ocrx_word' id='word_1_524' title='bbox 1873 3145 2014 3209; x_wconf 89' lang='lat' dir='ltr'><strong>dire,</strong></span> <span class='ocrx_word' id='word_1_525' title='bbox 2051 3146 2158 3200; x_wconf 90' lang='lat' dir='ltr'><strong>nisi</strong></span> <span class='ocrx_word' id='word_1_526' title='bbox 2186 3145 2533 3200; x_wconf 89' lang='lat' dir='ltr'><strong>solummodo</strong></span> <span class='ocrx_word' id='word_1_527' title='bbox 2559 3160 2746 3200; x_wconf 90' lang='lat' dir='ltr'><strong>eorum</strong></span> <span class='ocrx_word' id='word_1_528' title='bbox 2775 3145 2868 3214; x_wconf 87' lang='lat' dir='ltr'><strong>qui</strong></span> <span class='ocrx_word' id='word_1_529' title='bbox 2891 3159 3051 3198; x_wconf 88' lang='lat' dir='ltr'><strong>aures</strong></span> <span class='ocrx_word' id='word_1_530' title='bbox 3077 3143 3333 3197; x_wconf 90' lang='lat' dir='ltr'><strong>audiendi</strong></span> <span class='ocrx_word' id='word_1_531' title='bbox 3360 3142 3450 3195; x_wconf 81' lang='lat' dir='ltr'><strong>ha—</strong></span> 
     </span>
    </p>
   </div>
   <div class='ocr_carea' id='block_1_67' title="bbox 1873 3235 3448 3308">
    <p class='ocr_par' dir='ltr' id='par_1_67' title="bbox 1873 3235 3448 3308">
     <span class='ocr_line' id='line_1_67' title="bbox 1873 3235 3448 3308; baseline -0.006 -15"><span class='ocrx_word' id='word_1_532' title='bbox 1873 3239 2021 3293; x_wconf 87' lang='lat' dir='ltr'><strong>bent.</strong></span> <span class='ocrx_word' id='word_1_533' title='bbox 2047 3237 2290 3308; x_wconf 84' lang='lat' dir='ltr'><strong>Namque</strong></span> <span class='ocrx_word' id='word_1_534' title='bbox 2319 3236 2524 3292; x_wconf 88' lang='lat' dir='ltr'><strong>Christi</strong></span> <span class='ocrx_word' id='word_1_535' title='bbox 2555 3235 2902 3305; x_wconf 80' lang='lat' dir='ltr'><strong>Evangeiium</strong></span> <span class='ocrx_word' id='word_1_536' title='bbox 2932 3235 3312 3289; x_wconf 88' lang='lat' dir='ltr'><strong>absconditum</strong></span> <span class='ocrx_word' id='word_1_537' title='bbox 3340 3244 3448 3297; x_wconf 81' lang='lat' dir='ltr'><strong>est,</strong></span> 
     </span>
    </p>
   </div>
   <div class='ocr_carea' id='block_1_68' title="bbox 1875 3327 3446 3398">
    <p class='ocr_par' dir='ltr' id='par_1_68' title="bbox 1875 3327 3446 3398">
     <span class='ocr_line' id='line_1_68' title="bbox 1875 3327 3446 3398; baseline -0.001 -16"><span class='ocrx_word' id='word_1_538' title='bbox 1875 3329 1944 3383; x_wconf 90' lang='lat' dir='ltr'><strong>iis</strong></span> <span class='ocrx_word' id='word_1_539' title='bbox 1976 3330 2188 3384; x_wconf 85' lang='lat' dir='ltr'><strong>scilicet</strong></span> <span class='ocrx_word' id='word_1_540' title='bbox 2218 3330 2311 3398; x_wconf 89' lang='lat' dir='ltr'><strong>qui</strong></span> <span class='ocrx_word' id='word_1_541' title='bbox 2340 3345 2448 3382; x_wconf 87' lang='lat' dir='ltr'><strong>non</strong></span> <span class='ocrx_word' id='word_1_542' title='bbox 2485 3336 2613 3383; x_wconf 88' lang='lat' dir='ltr'><strong>sunt</strong></span> <span class='ocrx_word' id='word_1_543' title='bbox 2645 3328 2765 3397; x_wconf 90' lang='lat' dir='ltr'><strong>ejus</strong></span> <span class='ocrx_word' id='word_1_544' title='bbox 2792 3327 3079 3396; x_wconf 90' lang='lat' dir='ltr'><strong>discipuli;</strong></span> <span class='ocrx_word' id='word_1_545' title='bbox 3114 3345 3130 3376; x_wconf 81' lang='grc' dir='ltr'><strong>ι</strong></span> <span class='ocrx_word' id='word_1_546' title='bbox 3161 3327 3214 3380; x_wconf 94' lang='lat' dir='ltr'><strong>in</strong></span> <span class='ocrx_word' id='word_1_547' title='bbox 3257 3327 3324 3381; x_wconf 92' lang='lat' dir='ltr'><strong>iis</strong></span> <span class='ocrx_word' id='word_1_548' title='bbox 3357 3327 3446 3396; x_wconf 85' lang='lat' dir='ltr'><strong>qui</strong></span> 
     </span>
    </p>
   </div>
   <div class='ocr_carea' id='block_1_69' title="bbox 1874 3419 2639 3488">
    <p class='ocr_par' dir='ltr' id='par_1_69' title="bbox 1874 3419 2639 3488">
     <span class='ocr_line' id='line_1_69' title="bbox 1874 3419 2639 3488; baseline -0.007 -14"><span class='ocrx_word' id='word_1_549' title='bbox 1874 3430 2103 3488; x_wconf 87' lang='lat' dir='ltr'><strong>pereunt</strong></span> <span class='ocrx_word' id='word_1_550' title='bbox 2137 3427 2221 3472; x_wconf 87' lang='lat' dir='ltr'><strong>est</strong></span> <span class='ocrx_word' id='word_1_551' title='bbox 2251 3428 2498 3487; x_wconf 84' lang='lat' dir='ltr'><strong>opertum</strong></span> <span class='ocrx_word' id='word_1_552' title='bbox 2523 3419 2587 3471; x_wconf 72' lang='grc'><strong>³⁸.</strong></span> <span class='ocrx_word' id='word_1_553' title='bbox 2619 3438 2639 3468; x_wconf 79' lang='grc'>›</span> 
     </span>
    </p>
   </div>
   <div class='ocr_carea' id='block_1_70' title="bbox 175 3507 3446 3586">
    <p class='ocr_par' dir='ltr' id='par_1_70' title="bbox 175 3507 3446 3586">
     <span class='ocr_line' id='line_1_70' title="bbox 175 3507 3446 3586; baseline -0.003 -17"><span class='ocrx_word' id='word_1_554' title='bbox 175 3532 317 3585; x_wconf 86' lang='grc' dir='ltr'>γων,</span> <span class='ocrx_word' id='word_1_555' title='bbox 366 3517 416 3568; x_wconf 86' lang='grc' dir='ltr'><strong>εί</strong></span> <span class='ocrx_word' id='word_1_556' title='bbox 446 3515 519 3586; x_wconf 81' lang='grc' dir='ltr'>μὴ</span> <span class='ocrx_word' id='word_1_557' title='bbox 552 3517 710 3585; x_wconf 88' lang='grc' dir='ltr'>μόνον</span> <span class='ocrx_word' id='word_1_558' title='bbox 750 3514 856 3568; x_wconf 84' lang='grc' dir='ltr'><strong>τῶν</strong></span> <span class='ocrx_word' id='word_1_559' title='bbox 896 3515 1125 3586; x_wconf 82' lang='grc' dir='ltr'>ἐχόντων</span> <span class='ocrx_word' id='word_1_560' title='bbox 1157 3509 1271 3568; x_wconf 79' lang='grc' dir='ltr'>ὦτα</span> <span class='ocrx_word' id='word_1_561' title='bbox 1310 3516 1390 3577; x_wconf 83' lang='grc' dir='ltr'><strong>είς</strong></span> <span class='ocrx_word' id='word_1_562' title='bbox 1435 3513 1496 3566; x_wconf 81' lang='grc' dir='ltr'>τὸ</span> <span class='ocrx_word' id='word_1_563' title='bbox 1551 3515 1786 3567; x_wconf 85' lang='grc' dir='ltr'>ἀκούειν·</span> <span class='ocrx_word' id='word_1_564' title='bbox 1843 3514 1934 3566; x_wconf 71' lang='grc' dir='ltr'>καὶ</span> <span class='ocrx_word' id='word_1_565' title='bbox 1993 3513 2101 3584; x_wconf 84' lang='grc' dir='ltr'>γὰρ</span> <span class='ocrx_word' id='word_1_566' title='bbox 2150 3513 2210 3565; x_wconf 79' lang='grc' dir='ltr'>τὸ</span> <span class='ocrx_word' id='word_1_567' title='bbox 2254 3511 2580 3580; x_wconf 82' lang='grc' dir='ltr'>Εὐαγγέλιον</span> <span class='ocrx_word' id='word_1_568' title='bbox 2618 3512 2711 3564; x_wconf 87' lang='grc' dir='ltr'><strong>τοῦ</strong></span> <span class='ocrx_word' id='word_1_569' title='bbox 2757 3507 2994 3582; x_wconf 82' lang='grc' dir='ltr'>Χριστοῦ</span> <span class='ocrx_word' id='word_1_570' title='bbox 3041 3507 3446 3579; x_wconf 82' lang='grc' dir='ltr'>κεκαλυμμένον</span> 
     </span>
    </p>
   </div>
   <div class='ocr_carea' id='block_1_71' title="bbox 176 3606 2685 3683">
    <p class='ocr_par' dir='ltr' id='par_1_71' title="bbox 176 3606 2685 3683">
     <span class='ocr_line' id='line_1_71' title="bbox 176 3606 2685 3683; baseline -0.003 -17"><span class='ocrx_word' id='word_1_571' title='bbox 176 3614 353 3679; x_wconf 72' lang='grc' dir='ltr'>ἐστὶν,</span> <span class='ocrx_word' id='word_1_572' title='bbox 383 3612 519 3683; x_wconf 76' lang='grc' dir='ltr'>πλὴν</span> <span class='ocrx_word' id='word_1_573' title='bbox 547 3613 606 3664; x_wconf 84' lang='grc' dir='ltr'><strong>ού</strong></span> <span class='ocrx_word' id='word_1_574' title='bbox 629 3614 741 3675; x_wconf 87' lang='grc' dir='ltr'>τοῖς</span> <span class='ocrx_word' id='word_1_575' title='bbox 769 3611 933 3664; x_wconf 80' lang='grc' dir='ltr'>αὑτοῦ</span> <span class='ocrx_word' id='word_1_576' title='bbox 960 3611 1244 3683; x_wconf 82' lang='grc' dir='ltr'>μαθηταῖς,</span> <span class='ocrx_word' id='word_1_577' title='bbox 1281 3627 1298 3660; x_wconf 81' lang='grc' dir='ltr'><strong>ι</strong></span> <span class='ocrx_word' id='word_1_578' title='bbox 1327 3611 1438 3672; x_wconf 82' lang='grc' dir='ltr'>τοῖς</span> <span class='ocrx_word' id='word_1_579' title='bbox 1461 3608 1568 3680; x_wconf 81' lang='grc' dir='ltr'><strong>γὰρ</strong></span> <span class='ocrx_word' id='word_1_580' title='bbox 1595 3609 1990 3680; x_wconf 81' lang='grc' dir='ltr'>ἀπολλυμένοις</span> <span class='ocrx_word' id='word_1_581' title='bbox 2020 3610 2166 3661; x_wconf 60' lang='grc' dir='ltr'>ἐστὶν</span> <span class='ocrx_word' id='word_1_582' title='bbox 2196 3606 2627 3678; x_wconf 78' lang='grc' dir='ltr'>κεκαλυμμένον.</span> <span class='ocrx_word' id='word_1_583' title='bbox 2669 3627 2685 3658; x_wconf 82' lang='grc' dir='ltr'><strong>ι</strong></span> 
     </span>
    </p>
   </div>
   <div class='ocr_carea' id='block_1_72' title="bbox 713 3732 1240 3798">
    <p class='ocr_par' dir='ltr' id='par_1_72' title="bbox 713 3732 1240 3798">
     <span class='ocr_line' id='line_1_72' title="bbox 713 3732 1240 3798; baseline -0.004 -12"><span class='ocrx_word' id='word_1_584' title='bbox 713 3732 1107 3786; x_wconf 81' lang='grc' dir='ltr'><strong>ΚΕΦΑΛΑΙΟΝ</strong></span> <span class='ocrx_word' id='word_1_585' title='bbox 1152 3733 1240 3798; x_wconf 67' lang='grc' dir='ltr'>ς’.</span> 
     </span>
    </p>
   </div>
   <div class='ocr_carea' id='block_1_73' title="bbox 509 3824 1443 3896">
    <p class='ocr_par' dir='ltr' id='par_1_73' title="bbox 509 3824 1443 3896">
     <span class='ocr_line' id='line_1_73' title="bbox 509 3824 1443 3896; baseline -0.001 -17"><span class='ocrx_word' id='word_1_586' title='bbox 509 3826 620 3879; x_wconf 84' lang='grc' dir='ltr'>Τοῦ</span> <span class='ocrx_word' id='word_1_587' title='bbox 653 3827 955 3896; x_wconf 78' lang='grc' dir='ltr'>’ᾼσματος</span> <span class='ocrx_word' id='word_1_588' title='bbox 991 3824 1110 3880; x_wconf 81' lang='grc' dir='ltr'><strong>τῶν</strong></span> <span class='ocrx_word' id='word_1_589' title='bbox 1143 3825 1443 3896; x_wconf 77' lang='grc' dir='ltr'>ᾀσμάτων.</span> 
     </span>
    </p>
   </div>
   <div class='ocr_carea' id='block_1_74' title="bbox 251 3919 1768 3992">
    <p class='ocr_par' dir='ltr' id='par_1_74' title="bbox 251 3919 1768 3992">
     <span class='ocr_line' id='line_1_74' title="bbox 251 3919 1768 3992; baseline -0.003 -17"><span class='ocrx_word' id='word_1_590' title='bbox 251 3919 416 3976; x_wconf 85' lang='grc' dir='ltr'>Ὅλον</span> <span class='ocrx_word' id='word_1_591' title='bbox 441 3921 503 3973; x_wconf 77' lang='grc' dir='ltr'><strong>τὸ</strong></span> <span class='ocrx_word' id='word_1_592' title='bbox 533 3919 732 3990; x_wconf 75' lang='grc' dir='ltr'>βιϐλίον</span> <span class='ocrx_word' id='word_1_593' title='bbox 759 3919 1011 3972; x_wconf 83' lang='grc' dir='ltr'>ὑπόθεσιν</span> <span class='ocrx_word' id='word_1_594' title='bbox 1041 3919 1152 3989; x_wconf 79' lang='grc' dir='ltr'>ἔχει</span> <span class='ocrx_word' id='word_1_595' title='bbox 1185 3919 1400 3990; x_wconf 83' lang='grc' dir='ltr'>νύμφης</span> <span class='ocrx_word' id='word_1_596' title='bbox 1423 3919 1600 3992; x_wconf 81' lang='grc' dir='ltr'>ἔρωτα</span> <span class='ocrx_word' id='word_1_597' title='bbox 1634 3919 1768 3991; x_wconf 81' lang='grc' dir='ltr'>πρὸς</span> 
     </span>
    </p>
   </div>
   <div class='ocr_carea' id='block_1_75' title="bbox 176 4013 1766 4088">
    <p class='ocr_par' dir='ltr' id='par_1_75' title="bbox 176 4013 1766 4088">
     <span class='ocr_line' id='line_1_75' title="bbox 176 4013 1766 4088; baseline -0.001 -18"><span class='ocrx_word' id='word_1_598' title='bbox 176 4017 436 4088; x_wconf 82' lang='grc' dir='ltr'>νυμφίον,</span> <span class='ocrx_word' id='word_1_599' title='bbox 454 4015 820 4087; x_wconf 86' lang='grc' dir='ltr'>ὁμολογούσης</span> <span class='ocrx_word' id='word_1_600' title='bbox 851 4013 1152 4085; x_wconf 84' lang='grc' dir='ltr'>τετρῶσθαι</span> <span class='ocrx_word' id='word_1_601' title='bbox 1184 4017 1248 4085; x_wconf 81' lang='grc' dir='ltr'><strong>τῇ</strong></span> <span class='ocrx_word' id='word_1_602' title='bbox 1279 4015 1414 4086; x_wconf 78' lang='grc' dir='ltr'>πρὸς</span> <span class='ocrx_word' id='word_1_603' title='bbox 1429 4016 1591 4070; x_wconf 80' lang='grc' dir='ltr'>αὑτὸν</span> <span class='ocrx_word' id='word_1_604' title='bbox 1629 4015 1766 4083; x_wconf 85' lang='grc' dir='ltr'>ἀγά-</span> 
     </span>
    </p>
   </div>
   <div class='ocr_carea' id='block_1_76' title="bbox 176 4106 1766 4183">
    <p class='ocr_par' dir='ltr' id='par_1_76' title="bbox 176 4106 1766 4183">
     <span class='ocr_line' id='line_1_76' title="bbox 176 4106 1766 4183; baseline -0.002 -20"><span class='ocrx_word' id='word_1_605' title='bbox 176 4126 281 4183; x_wconf 77' lang='grc' dir='ltr'>πῃ,</span> <span class='ocrx_word' id='word_1_606' title='bbox 317 4111 413 4163; x_wconf 76' lang='grc' dir='ltr'>καὶ</span> <span class='ocrx_word' id='word_1_607' title='bbox 441 4108 604 4164; x_wconf 78' lang='grc' dir='ltr'>αὐτοῦ</span> <span class='ocrx_word' id='word_1_608' title='bbox 629 4109 790 4162; x_wconf 84' lang='grc' dir='ltr'>πάλιν</span> <span class='ocrx_word' id='word_1_609' title='bbox 819 4106 1206 4178; x_wconf 85' lang='grc' dir='ltr'>ὁμολογοῦντος</span> <span class='ocrx_word' id='word_1_610' title='bbox 1247 4106 1416 4178; x_wconf 77' lang='grc' dir='ltr'>αὐτὴν</span> <span class='ocrx_word' id='word_1_611' title='bbox 1463 4108 1629 4179; x_wconf 83' lang='grc' dir='ltr'>μόνην</span> <span class='ocrx_word' id='word_1_612' title='bbox 1658 4109 1766 4160; x_wconf 79' lang='grc' dir='ltr'>ἀπὸ</span> 
     </span>
    </p>
   </div>
   <div class='ocr_carea' id='block_1_77' title="bbox 183 4199 1770 4272">
    <p class='ocr_par' dir='ltr' id='par_1_77' title="bbox 183 4199 1770 4272">
     <span class='ocr_line' id='line_1_77' title="bbox 183 4199 1770 4272; baseline -0.002 -16"><span class='ocrx_word' id='word_1_613' title='bbox 183 4203 452 4256; x_wconf 62' lang='grc' dir='ltr'>πλειόνων</span> <span class='ocrx_word' id='word_1_614' title='bbox 487 4202 752 4272; x_wconf 79' lang='grc' dir='ltr'>ὑπάρχειν</span> <span class='ocrx_word' id='word_1_615' title='bbox 801 4199 948 4270; x_wconf 74' lang='grc' dir='ltr'>αὐτῷ</span> <span class='ocrx_word' id='word_1_616' title='bbox 985 4199 1196 4253; x_wconf 86' lang='grc' dir='ltr'>τελείαν</span> <span class='ocrx_word' id='word_1_617' title='bbox 1247 4202 1574 4272; x_wconf 74' lang='grc' dir='ltr'>περιστερὰν</span> <span class='ocrx_word' id='word_1_618' title='bbox 1620 4201 1770 4272; x_wconf 75' lang='grc' dir='ltr'>παρὰ</span> 
     </span>
    </p>
   </div>
   <div class='ocr_carea' id='block_1_78' title="bbox 175 4291 1765 4363">
    <p class='ocr_par' dir='ltr' id='par_1_78' title="bbox 175 4291 1765 4363">
     <span class='ocr_line' id='line_1_78' title="bbox 175 4291 1765 4363; baseline -0.003 -15"><span class='ocrx_word' id='word_1_619' title='bbox 175 4295 280 4357; x_wconf 74' lang='grc' dir='ltr'>τὰς</span> <span class='ocrx_word' id='word_1_620' title='bbox 301 4293 600 4363; x_wconf 85' lang='grc' dir='ltr'>λεγομένας</span> <span class='ocrx_word' id='word_1_621' title='bbox 622 4291 896 4362; x_wconf 87' lang='grc' dir='ltr'>βασιλίδας</span> <span class='ocrx_word' id='word_1_622' title='bbox 912 4292 1006 4345; x_wconf 74' lang='grc' dir='ltr'>καὶ</span> <span class='ocrx_word' id='word_1_623' title='bbox 1026 4291 1356 4356; x_wconf 84' lang='grc' dir='ltr'>παλλακίδας</span> <span class='ocrx_word' id='word_1_624' title='bbox 1382 4295 1474 4345; x_wconf 71' lang='grc' dir='ltr'>καὶ</span> <span class='ocrx_word' id='word_1_625' title='bbox 1499 4292 1765 4355; x_wconf 83' lang='grc' dir='ltr'>νεάνιδας.</span> 
     </span>
    </p>
   </div>
   <div class='ocr_carea' id='block_1_79' title="bbox 171 4381 1764 4459">
    <p class='ocr_par' dir='ltr' id='par_1_79' title="bbox 171 4381 1764 4459">
     <span class='ocr_line' id='line_1_79' title="bbox 171 4381 1764 4459; baseline -0.003 -18"><span class='ocrx_word' id='word_1_626' title='bbox 171 4390 245 4441; x_wconf 84' lang='grc' dir='ltr'><strong>οἱ</strong></span> <span class='ocrx_word' id='word_1_627' title='bbox 281 4387 381 4459; x_wconf 85' lang='grc' dir='ltr'>μὲν</span> <span class='ocrx_word' id='word_1_628' title='bbox 409 4381 502 4440; x_wconf 84' lang='grc' dir='ltr'><strong>οῦν</strong></span> <span class='ocrx_word' id='word_1_629' title='bbox 537 4387 600 4438; x_wconf 86' lang='grc' dir='ltr'><strong>ἐκ</strong></span> <span class='ocrx_word' id='word_1_630' title='bbox 649 4384 950 4455; x_wconf 81' lang='grc' dir='ltr'>περιτομῆς</span> <span class='ocrx_word' id='word_1_631' title='bbox 982 4385 1108 4455; x_wconf 88' lang='grc' dir='ltr'>μίαν</span> <span class='ocrx_word' id='word_1_632' title='bbox 1137 4381 1274 4438; x_wconf 75' lang='grc' dir='ltr'>εἶναι</span> <span class='ocrx_word' id='word_1_633' title='bbox 1320 4384 1427 4438; x_wconf 82' lang='grc' dir='ltr'>τῶν</span> <span class='ocrx_word' id='word_1_634' title='bbox 1476 4402 1764 4438; x_wconf 76' lang='grc' dir='ltr'>πεπιστευο</span> 
     </span>
    </p>
   </div>
   <div class='ocr_carea' id='block_1_80' title="bbox 182 4472 1767 4549">
    <p class='ocr_par' dir='ltr' id='par_1_80' title="bbox 182 4472 1767 4549">
     <span class='ocr_line' id='line_1_80' title="bbox 182 4472 1767 4549; baseline -0.004 -17"><span class='ocrx_word' id='word_1_635' title='bbox 182 4478 368 4549; x_wconf 80' lang='grc' dir='ltr'>μένων</span> <span class='ocrx_word' id='word_1_636' title='bbox 399 4476 529 4548; x_wconf 84' lang='grc' dir='ltr'>παρ’</span> <span class='ocrx_word' id='word_1_637' title='bbox 564 4475 745 4539; x_wconf 82' lang='grc' dir='ltr'>αὐτοῖς</span> <span class='ocrx_word' id='word_1_638' title='bbox 774 4473 867 4527; x_wconf 82' lang='grc' dir='ltr'><strong>δύο</strong></span> <span class='ocrx_word' id='word_1_639' title='bbox 895 4473 988 4528; x_wconf 73' lang='grc' dir='ltr'>καὶ</span> <span class='ocrx_word' id='word_1_640' title='bbox 1020 4473 1192 4527; x_wconf 79' lang='grc' dir='ltr'>εἴκοσι</span> <span class='ocrx_word' id='word_1_641' title='bbox 1233 4472 1602 4527; x_wconf 83' lang='grc' dir='ltr'>θεοπνεύστων</span> <span class='ocrx_word' id='word_1_642' title='bbox 1631 4491 1767 4546; x_wconf 90' lang='grc' dir='ltr'>γρα-</span> 
     </span>
    </p>
   </div>
   <div class='ocr_carea' id='block_1_81' title="bbox 2481 3725 2828 3784">
    <p class='ocr_par' dir='ltr' id='par_1_81' title="bbox 2481 3725 2828 3784">
     <span class='ocr_line' id='line_1_81' title="bbox 2481 3725 2828 3784; baseline -0.012 0"><span class='ocrx_word' id='word_1_643' title='bbox 2481 3725 2710 3784; x_wconf 85' lang='lat' dir='ltr'><strong>CAPUT</strong></span> <span class='ocrx_word' id='word_1_644' title='bbox 2740 3725 2828 3782; x_wconf 76' lang='lat' dir='ltr'><strong>Vl.</strong></span> 
     </span>
    </p>
   </div>
   <div class='ocr_carea' id='block_1_82' title="bbox 2309 3820 2984 3876">
    <p class='ocr_par' dir='ltr' id='par_1_82' title="bbox 2309 3820 2984 3876">
     <span class='ocr_line' id='line_1_82' title="bbox 2309 3820 2984 3876; baseline -0.006 -1"><span class='ocrx_word' id='word_1_645' title='bbox 2309 3821 2357 3875; x_wconf 89' lang='lat' dir='ltr'><strong><em>E</em></strong></span> <span class='ocrx_word' id='word_1_646' title='bbox 2384 3820 2606 3876; x_wconf 82' lang='lat' dir='ltr'><strong>Cantica</strong></span> <span class='ocrx_word' id='word_1_647' title='bbox 2638 3822 2984 3874; x_wconf 77' lang='lat' dir='ltr'><strong>canticomm.</strong></span> 
     </span>
    </p>
   </div>
   <div class='ocr_carea' id='block_1_83' title="bbox 1945 3913 3444 3986">
    <p class='ocr_par' dir='ltr' id='par_1_83' title="bbox 1945 3913 3444 3986">
     <span class='ocr_line' id='line_1_83' title="bbox 1945 3913 3444 3986; baseline -0.006 -16"><span class='ocrx_word' id='word_1_648' title='bbox 1945 3914 2248 3986; x_wconf 82' lang='lat' dir='ltr'><strong>Exponitur</strong></span> <span class='ocrx_word' id='word_1_649' title='bbox 2305 3915 2360 3968; x_wconf 91' lang='lat' dir='ltr'><strong>in</strong></span> <span class='ocrx_word' id='word_1_650' title='bbox 2413 3921 2530 3968; x_wconf 91' lang='lat' dir='ltr'><strong>toto</strong></span> <span class='ocrx_word' id='word_1_651' title='bbox 2574 3913 2716 3967; x_wconf 92' lang='lat' dir='ltr'><strong>libro</strong></span> <span class='ocrx_word' id='word_1_652' title='bbox 2746 3927 2959 3981; x_wconf 68' lang='lat' dir='ltr'><strong>sponsae</strong></span> <span class='ocrx_word' id='word_1_653' title='bbox 3007 3924 3135 3981; x_wconf 80' lang='lat' dir='ltr'><strong>erga</strong></span> <span class='ocrx_word' id='word_1_654' title='bbox 3182 3924 3444 3979; x_wconf 86' lang='lat' dir='ltr'><strong>sponsum</strong></span> 
     </span>
    </p>
   </div>
   <div class='ocr_carea' id='block_1_84' title="bbox 1873 4001 3444 4080">
    <p class='ocr_par' dir='ltr' id='par_1_84' title="bbox 1873 4001 3444 4080">
     <span class='ocr_line' id='line_1_84' title="bbox 1873 4001 3444 4080; baseline -0.008 -13"><span class='ocrx_word' id='word_1_655' title='bbox 1873 4026 2046 4076; x_wconf 87' lang='lat' dir='ltr'><strong>amor,</strong></span> <span class='ocrx_word' id='word_1_656' title='bbox 2078 4024 2199 4080; x_wconf 78' lang='lat' dir='ltr'><strong>quae</strong></span> <span class='ocrx_word' id='word_1_657' title='bbox 2226 4010 2576 4078; x_wconf 81' lang='lat' dir='ltr'><strong>semetipsam</strong></span> <span class='ocrx_word' id='word_1_658' title='bbox 2619 4021 2805 4060; x_wconf 86' lang='lat' dir='ltr'><strong>amore</strong></span> <span class='ocrx_word' id='word_1_659' title='bbox 2847 4005 2993 4059; x_wconf 91' lang='lat' dir='ltr'><strong>illius</strong></span> <span class='ocrx_word' id='word_1_660' title='bbox 3041 4002 3281 4058; x_wconf 87' lang='lat' dir='ltr'><strong>sauciam</strong></span> <span class='ocrx_word' id='word_1_661' title='bbox 3314 4001 3444 4056; x_wconf 83' lang='lat' dir='ltr'><strong>fate-</strong></span> 
     </span>
    </p>
   </div>
   <div class='ocr_carea' id='block_1_85' title="bbox 1870 4096 3445 4170">
    <p class='ocr_par' dir='ltr' id='par_1_85' title="bbox 1870 4096 3445 4170">
     <span class='ocr_line' id='line_1_85' title="bbox 1870 4096 3445 4170; baseline -0.008 -10"><span class='ocrx_word' id='word_1_662' title='bbox 1870 4114 1983 4170; x_wconf 85' lang='lat' dir='ltr'><strong>tur,</strong></span> <span class='ocrx_word' id='word_1_663' title='bbox 2025 4104 2153 4159; x_wconf 91' lang='lat' dir='ltr'><strong>dum</strong></span> <span class='ocrx_word' id='word_1_664' title='bbox 2203 4102 2295 4157; x_wconf 91' lang='lat' dir='ltr'><strong>ille</strong></span> <span class='ocrx_word' id='word_1_665' title='bbox 2348 4100 2590 4156; x_wconf 82' lang='lat' dir='ltr'><strong>vicissim</strong></span> <span class='ocrx_word' id='word_1_666' title='bbox 2638 4113 2757 4154; x_wconf 90' lang='lat' dir='ltr'><strong>eam</strong></span> <span class='ocrx_word' id='word_1_667' title='bbox 2798 4112 2829 4151; x_wconf 87' lang='lat' dir='ltr'><strong>c</strong></span> <span class='ocrx_word' id='word_1_668' title='bbox 2881 4096 3069 4152; x_wconf 87' lang='lat' dir='ltr'><strong>multis</strong></span> <span class='ocrx_word' id='word_1_669' title='bbox 3102 4098 3274 4152; x_wconf 88' lang='lat' dir='ltr'><strong>solam</strong></span> <span class='ocrx_word' id='word_1_670' title='bbox 3322 4110 3445 4150; x_wconf 74' lang='lat' dir='ltr'><strong>esse</strong></span> 
     </span>
    </p>
   </div>
   <div class='ocr_carea' id='block_1_86' title="bbox 1875 4188 3442 4264">
    <p class='ocr_par' dir='ltr' id='par_1_86' title="bbox 1875 4188 3442 4264">
     <span class='ocr_line' id='line_1_86' title="bbox 1875 4188 3442 4264; baseline -0.008 -12"><span class='ocrx_word' id='word_1_671' title='bbox 1875 4196 1980 4252; x_wconf 88' lang='lat' dir='ltr'><strong>sibi</strong></span> <span class='ocrx_word' id='word_1_672' title='bbox 2026 4192 2318 4264; x_wconf 84' lang='lat' dir='ltr'><strong>perfectam</strong></span> <span class='ocrx_word' id='word_1_673' title='bbox 2359 4191 2667 4244; x_wconf 86' lang='lat' dir='ltr'><strong>columbam</strong></span> <span class='ocrx_word' id='word_1_674' title='bbox 2717 4189 2786 4252; x_wconf 73' lang='lat'><strong>’7,</strong></span> <span class='ocrx_word' id='word_1_675' title='bbox 2837 4188 2980 4241; x_wconf 89' lang='lat' dir='ltr'><strong>inter</strong></span> <span class='ocrx_word' id='word_1_676' title='bbox 3031 4188 3266 4257; x_wconf 79' lang='lat' dir='ltr'><strong>reginas,</strong></span> <span class='ocrx_word' id='word_1_677' title='bbox 3305 4200 3442 4239; x_wconf 83' lang='lat' dir='ltr'><strong>con-</strong></span> 
     </span>
    </p>
   </div>
   <div class='ocr_carea' id='block_1_87' title="bbox 1872 4277 3444 4350">
    <p class='ocr_par' dir='ltr' id='par_1_87' title="bbox 1872 4277 3444 4350">
     <span class='ocr_line' id='line_1_87' title="bbox 1872 4277 3444 4350; baseline -0.009 -7"><span class='ocrx_word' id='word_1_678' title='bbox 1872 4287 2104 4343; x_wconf 89' lang='lat' dir='ltr'><strong>cubinas</strong></span> <span class='ocrx_word' id='word_1_679' title='bbox 2135 4293 2188 4340; x_wconf 90' lang='lat' dir='ltr'><strong>et</strong></span> <span class='ocrx_word' id='word_1_680' title='bbox 2239 4282 2674 4337; x_wconf 87' lang='lat' dir='ltr'><strong>adolescentulas</strong></span> <span class='ocrx_word' id='word_1_681' title='bbox 2701 4281 2747 4312; x_wconf 79' lang='grc'><strong>³⁸</strong></span> <span class='ocrx_word' id='word_1_682' title='bbox 2793 4279 3069 4350; x_wconf 71' lang='lat' dir='ltr'><strong>prtedicat.</strong></span> <span class='ocrx_word' id='word_1_683' title='bbox 3117 4277 3287 4332; x_wconf 65' lang='lat' dir='ltr'><strong>Judaei</strong></span> <span class='ocrx_word' id='word_1_684' title='bbox 3320 4279 3444 4346; x_wconf 88' lang='lat' dir='ltr'><strong>qui-</strong></span> 
     </span>
    </p>
   </div>
   <div class='ocr_carea' id='block_1_88' title="bbox 1870 4369 3440 4441">
    <p class='ocr_par' dir='ltr' id='par_1_88' title="bbox 1870 4369 3440 4441">
     <span class='ocr_line' id='line_1_88' title="bbox 1870 4369 3440 4441; baseline -0.009 -5"><span class='ocrx_word' id='word_1_685' title='bbox 1870 4381 1993 4436; x_wconf 86' lang='lat' dir='ltr'><strong>dem</strong></span> <span class='ocrx_word' id='word_1_686' title='bbox 2018 4392 2182 4433; x_wconf 90' lang='lat' dir='ltr'><strong>unam</strong></span> <span class='ocrx_word' id='word_1_687' title='bbox 2213 4390 2338 4430; x_wconf 89' lang='lat' dir='ltr'><strong>esse</strong></span> <span class='ocrx_word' id='word_1_688' title='bbox 2367 4389 2433 4426; x_wconf 78' lang='lat' dir='ltr'><strong>ex</strong></span> <span class='ocrx_word' id='word_1_689' title='bbox 2463 4373 2678 4427; x_wconf 88' lang='lat' dir='ltr'><strong>duabus</strong></span> <span class='ocrx_word' id='word_1_690' title='bbox 2707 4380 2762 4426; x_wconf 92' lang='lat' dir='ltr'><strong>et</strong></span> <span class='ocrx_word' id='word_1_691' title='bbox 2791 4371 2982 4441; x_wconf 78' lang='lat' dir='ltr'><strong>viginti</strong></span> <span class='ocrx_word' id='word_1_692' title='bbox 3015 4385 3154 4440; x_wconf 89' lang='lat' dir='ltr'><strong>quas</strong></span> <span class='ocrx_word' id='word_1_693' title='bbox 3181 4369 3440 4423; x_wconf 85' lang='lat' dir='ltr'><strong>divinitus</strong></span> 
     </span>
    </p>
   </div>
   <div class='ocr_carea' id='block_1_89' title="bbox 1868 4464 3437 4543">
    <p class='ocr_par' dir='ltr' id='par_1_89' title="bbox 1868 4464 3437 4543">
     <span class='ocr_line' id='line_1_89' title="bbox 1868 4464 3437 4543; baseline -0.011 -14"><span class='ocrx_word' id='word_1_694' title='bbox 1868 4474 2163 4543; x_wconf 89' lang='lat' dir='ltr'><strong>inspiratas</strong></span> <span class='ocrx_word' id='word_1_695' title='bbox 2222 4467 2490 4529; x_wconf 86' lang='lat' dir='ltr'><strong>credunt,</strong></span> <span class='ocrx_word' id='word_1_696' title='bbox 2540 4465 2682 4518; x_wconf 87' lang='lat' dir='ltr'><strong>hanc</strong></span> <span class='ocrx_word' id='word_1_697' title='bbox 2733 4464 3073 4533; x_wconf 85' lang='lat' dir='ltr'><strong>Scripturam</strong></span> <span class='ocrx_word' id='word_1_698' title='bbox 3139 4469 3437 4531; x_wconf 88' lang='lat' dir='ltr'><strong>reputant;</strong></span> 
     </span>
    </p>
   </div>
   <div class='ocr_carea' id='block_1_90' title="bbox 179 4551 1769 4657">
    <p class='ocr_par' dir='ltr' id='par_1_90' title="bbox 179 4557 1763 4638">
     <span class='ocr_line' id='line_1_90' title="bbox 179 4557 1763 4638; baseline -0.004 -17"><span class='ocrx_word' id='word_1_699' title='bbox 179 4567 301 4638; x_wconf 85' lang='grc' dir='ltr'><strong>φῶν</strong></span> <span class='ocrx_word' id='word_1_700' title='bbox 334 4565 688 4636; x_wconf 82' lang='grc' dir='ltr'>πεπεισμένοι</span> <span class='ocrx_word' id='word_1_701' title='bbox 720 4565 815 4618; x_wconf 75' lang='grc' dir='ltr'>καὶ</span> <span class='ocrx_word' id='word_1_702' title='bbox 840 4562 1041 4634; x_wconf 87' lang='grc' dir='ltr'>ταύτην</span> <span class='ocrx_word' id='word_1_703' title='bbox 1075 4562 1171 4634; x_wconf 76' lang='grc' dir='ltr'>τὴν</span> <span class='ocrx_word' id='word_1_704' title='bbox 1198 4563 1236 4615; x_wconf 86' lang='grc' dir='ltr'>Γ</span> <span class='ocrx_word' id='word_1_705' title='bbox 1242 4562 1438 4636; x_wconf 84' lang='grc' dir='ltr'>ραφὴν,</span> <span class='ocrx_word' id='word_1_706' title='bbox 1469 4563 1568 4616; x_wconf 78' lang='grc' dir='ltr'>οὐκ</span> <span class='ocrx_word' id='word_1_707' title='bbox 1595 4557 1687 4615; x_wconf 76' lang='grc' dir='ltr'>οἷδ’</span> <span class='ocrx_word' id='word_1_708' title='bbox 1715 4565 1763 4615; x_wconf 87' lang='grc' dir='ltr'><strong>εί</strong></span> 
     </span>
    </p>
   </div>
   <div class='ocr_carea' id='block_1_91' title="bbox 1875 4551 3439 4657">
    <p class='ocr_par' dir='ltr' id='par_1_91' title="bbox 1875 4551 3439 4628">
     <span class='ocr_line' id='line_1_91' title="bbox 1875 4551 3439 4628; baseline -0.01 -9"><span class='ocrx_word' id='word_1_709' title='bbox 1875 4564 2056 4619; x_wconf 89' lang='lat' dir='ltr'><strong>nescio</strong></span> <span class='ocrx_word' id='word_1_710' title='bbox 2121 4577 2190 4616; x_wconf 90' lang='lat' dir='ltr'><strong>an</strong></span> <span class='ocrx_word' id='word_1_711' title='bbox 2241 4557 2541 4628; x_wconf 88' lang='lat' dir='ltr'><strong>quidquam</strong></span> <span class='ocrx_word' id='word_1_712' title='bbox 2610 4555 2664 4608; x_wconf 89' lang='lat' dir='ltr'><strong>in</strong></span> <span class='ocrx_word' id='word_1_713' title='bbox 2719 4554 2802 4608; x_wconf 91' lang='lat' dir='ltr'><strong>eis</strong></span> <span class='ocrx_word' id='word_1_714' title='bbox 2849 4553 3032 4607; x_wconf 76' lang='lat' dir='ltr'><strong>divina</strong></span> <span class='ocrx_word' id='word_1_715' title='bbox 3085 4551 3439 4621; x_wconf 81' lang='lat' dir='ltr'><strong>inspiratione</strong></span> 
     </span>
    </p>
   </div>
   <div class='ocr_carea' id='block_1_92' title="bbox 174 4653 1756 4733">
    <p class='ocr_par' dir='ltr' id='par_1_92' title="bbox 174 4653 1756 4733">
     <span class='ocr_line' id='line_1_92' title="bbox 174 4653 1756 4733; baseline -0.005 -18"><span class='ocrx_word' id='word_1_716' title='bbox 174 4661 356 4733; x_wconf 73' lang='grc' dir='ltr'>ἔχοιεν</span> <span class='ocrx_word' id='word_1_717' title='bbox 391 4659 538 4726; x_wconf 81' lang='grc' dir='ltr'>ἄξιόν</span> <span class='ocrx_word' id='word_1_718' title='bbox 583 4675 636 4711; x_wconf 85' lang='grc' dir='ltr'><strong>τι</strong></span> <span class='ocrx_word' id='word_1_719' title='bbox 665 4658 814 4721; x_wconf 88' lang='grc' dir='ltr'>θείας</span> <span class='ocrx_word' id='word_1_720' title='bbox 858 4653 1143 4719; x_wconf 76' lang='grc' dir='ltr'>ἐπιπνοίας</span> <span class='ocrx_word' id='word_1_721' title='bbox 1185 4655 1474 4724; x_wconf 90' lang='grc' dir='ltr'>λεγόμενον</span> <span class='ocrx_word' id='word_1_722' title='bbox 1523 4656 1580 4706; x_wconf 87' lang='grc' dir='ltr'><strong>ὲν</strong></span> <span class='ocrx_word' id='word_1_723' title='bbox 1625 4655 1756 4725; x_wconf 81' lang='grc' dir='ltr'>αὐτῇ</span> 
     </span>
    </p>
   </div>
   <div class='ocr_carea' id='block_1_93' title="bbox 176 4746 1760 4825">
    <p class='ocr_par' dir='ltr' id='par_1_93' title="bbox 176 4746 1760 4825">
     <span class='ocr_line' id='line_1_93' title="bbox 176 4746 1760 4825; baseline -0.004 -17"><span class='ocrx_word' id='word_1_724' title='bbox 176 4752 550 4825; x_wconf 82' lang='grc' dir='ltr'>παραστῆσαι,</span> <span class='ocrx_word' id='word_1_725' title='bbox 576 4749 650 4821; x_wconf 79' lang='grc' dir='ltr'>μὴ</span> <span class='ocrx_word' id='word_1_726' title='bbox 679 4749 838 4804; x_wconf 88' lang='grc' dir='ltr'>πλέον</span> <span class='ocrx_word' id='word_1_727' title='bbox 865 4767 917 4802; x_wconf 91' lang='grc' dir='ltr'><strong>τι</strong></span> <span class='ocrx_word' id='word_1_728' title='bbox 936 4749 1031 4820; x_wconf 85' lang='grc' dir='ltr'>τῆς</span> <span class='ocrx_word' id='word_1_729' title='bbox 1062 4747 1352 4818; x_wconf 84' lang='grc' dir='ltr'>προχείρου</span> <span class='ocrx_word' id='word_1_730' title='bbox 1375 4746 1599 4818; x_wconf 81' lang='grc' dir='ltr'>ἐκδοχῆς</span> <span class='ocrx_word' id='word_1_731' title='bbox 1619 4749 1760 4802; x_wconf 81' lang='grc' dir='ltr'>κατὰ</span> 
     </span>
    </p>
   </div>
   <div class='ocr_carea' id='block_1_94' title="bbox 175 4837 1762 4912">
    <p class='ocr_par' dir='ltr' id='par_1_94' title="bbox 175 4837 1762 4912">
     <span class='ocr_line' id='line_1_94' title="bbox 175 4837 1762 4912; baseline -0.004 -14"><span class='ocrx_word' id='word_1_732' title='bbox 175 4847 305 4910; x_wconf 81' lang='grc' dir='ltr'>τοὺς</span> <span class='ocrx_word' id='word_1_733' title='bbox 351 4845 549 4908; x_wconf 83' lang='grc' dir='ltr'>τόπους</span> <span class='ocrx_word' id='word_1_734' title='bbox 601 4841 1022 4912; x_wconf 78' lang='grc' dir='ltr'>φανταζόμενοι·</span> <span class='ocrx_word' id='word_1_735' title='bbox 1066 4841 1096 4892; x_wconf 87' lang='grc' dir='ltr'>ὁ</span> <span class='ocrx_word' id='word_1_736' title='bbox 1130 4839 1187 4892; x_wconf 76' lang='grc' dir='ltr'>δὲ</span> <span class='ocrx_word' id='word_1_737' title='bbox 1228 4839 1447 4902; x_wconf 84' lang='grc' dir='ltr'>δυνατὸς</span> <span class='ocrx_word' id='word_1_738' title='bbox 1492 4837 1554 4910; x_wconf 89' lang='lat' dir='ltr'><strong>(f.</strong></span> <span class='ocrx_word' id='word_1_739' title='bbox 1579 4839 1670 4907; x_wconf 72' lang='lat'><strong>9.8)</strong></span> <span class='ocrx_word' id='word_1_740' title='bbox 1699 4840 1762 4892; x_wconf 83' lang='grc' dir='ltr'>τὸ</span> 
     </span>
    </p>
   </div>
   <div class='ocr_carea' id='block_1_95' title="bbox 180 4931 1758 5011">
    <p class='ocr_par' dir='ltr' id='par_1_95' title="bbox 180 4931 1758 5011">
     <span class='ocr_line' id='line_1_95' title="bbox 180 4931 1758 5011; baseline -0.008 -18"><span class='ocrx_word' id='word_1_741' title='bbox 180 4940 284 5011; x_wconf 83' lang='grc' dir='ltr'>μὲν</span> <span class='ocrx_word' id='word_1_742' title='bbox 318 4936 664 5008; x_wconf 84' lang='grc' dir='ltr'>ἐπικείμενον</span> <span class='ocrx_word' id='word_1_743' title='bbox 709 4935 801 4988; x_wconf 79' lang='grc' dir='ltr'>καὶ</span> <span class='ocrx_word' id='word_1_744' title='bbox 835 4933 1009 5006; x_wconf 80' lang='grc' dir='ltr'>ταύτῃ</span> <span class='ocrx_word' id='word_1_745' title='bbox 1034 4936 1100 5004; x_wconf 78' lang='grc' dir='ltr'>τῇ</span> <span class='ocrx_word' id='word_1_746' title='bbox 1134 4934 1324 5003; x_wconf 84' lang='grc' dir='ltr'>Γραφῇ</span> <span class='ocrx_word' id='word_1_747' title='bbox 1367 4931 1628 5001; x_wconf 75' lang='grc' dir='ltr'>κάλυμμα</span> <span class='ocrx_word' id='word_1_748' title='bbox 1660 4949 1758 4985; x_wconf 84' lang='grc' dir='ltr'>πε-</span> 
     </span>
    </p>
   </div>
   <div class='ocr_carea' id='block_1_96' title="bbox 180 5025 1761 5104">
    <p class='ocr_par' dir='ltr' id='par_1_96' title="bbox 180 5025 1761 5104">
     <span class='ocr_line' id='line_1_96' title="bbox 180 5025 1761 5104; baseline -0.006 -19"><span class='ocrx_word' id='word_1_749' title='bbox 180 5031 401 5104; x_wconf 83' lang='grc' dir='ltr'>ριελεῖν,</span> <span class='ocrx_word' id='word_1_750' title='bbox 453 5027 775 5099; x_wconf 77' lang='grc' dir='ltr'>ἐπιστρέψαι</span> <span class='ocrx_word' id='word_1_751' title='bbox 829 5026 886 5080; x_wconf 84' lang='grc' dir='ltr'>δὲ</span> <span class='ocrx_word' id='word_1_752' title='bbox 927 5027 1062 5098; x_wconf 84' lang='grc' dir='ltr'>πρὸς</span> <span class='ocrx_word' id='word_1_753' title='bbox 1107 5026 1310 5096; x_wconf 85' lang='grc' dir='ltr'>Κύριον</span> <span class='ocrx_word' id='word_1_754' title='bbox 1358 5025 1494 5096; x_wconf 83' lang='grc' dir='ltr'>ὅπερ</span> <span class='ocrx_word' id='word_1_755' title='bbox 1543 5025 1657 5076; x_wconf 74' lang='grc' dir='ltr'>ἐστὶ</span> <span class='ocrx_word' id='word_1_756' title='bbox 1700 5025 1761 5076; x_wconf 83' lang='grc' dir='ltr'>τὸ</span> 
     </span>
    </p>
   </div>
   <div class='ocr_carea' id='block_1_97' title="bbox 175 5117 1760 5194">
    <p class='ocr_par' dir='ltr' id='par_1_97' title="bbox 175 5117 1760 5194">
     <span class='ocr_line' id='line_1_97' title="bbox 175 5117 1760 5194; baseline -0.004 -17"><span class='ocrx_word' id='word_1_757' title='bbox 175 5123 420 5194; x_wconf 84' lang='grc' dir='ltr'>πνεῦμα,</span> <span class='ocrx_word' id='word_1_758' title='bbox 463 5123 557 5175; x_wconf 70' lang='grc' dir='ltr'>καὶ</span> <span class='ocrx_word' id='word_1_759' title='bbox 591 5118 1091 5190; x_wconf 76' lang='grc' dir='ltr'>ἀνακεκαλυμμένῳ</span> <span class='ocrx_word' id='word_1_760' title='bbox 1137 5117 1412 5190; x_wconf 87' lang='grc' dir='ltr'>προσώπῳ</span> <span class='ocrx_word' id='word_1_761' title='bbox 1443 5117 1542 5186; x_wconf 82' lang='grc' dir='ltr'>τὴν</span> <span class='ocrx_word' id='word_1_762' title='bbox 1577 5117 1670 5170; x_wconf 76' lang='grc' dir='ltr'>καὶ</span> <span class='ocrx_word' id='word_1_763' title='bbox 1701 5117 1760 5171; x_wconf 88' lang='grc' dir='ltr'><strong>ἐν</strong></span> 
     </span>
    </p>
   </div>
   <div class='ocr_carea' id='block_1_98' title="bbox 174 5209 1758 5286">
    <p class='ocr_par' dir='ltr' id='par_1_98' title="bbox 174 5209 1758 5286">
     <span class='ocr_line' id='line_1_98' title="bbox 174 5209 1758 5286; baseline -0.006 -16"><span class='ocrx_word' id='word_1_764' title='bbox 174 5217 390 5278; x_wconf 83' lang='grc' dir='ltr'>τούτοις</span> <span class='ocrx_word' id='word_1_765' title='bbox 417 5214 572 5280; x_wconf 79' lang='grc' dir='ltr'>δόξαν</span> <span class='ocrx_word' id='word_1_766' title='bbox 614 5213 708 5268; x_wconf 84' lang='grc' dir='ltr'><strong>τοῦ</strong></span> <span class='ocrx_word' id='word_1_767' title='bbox 738 5213 942 5286; x_wconf 80' lang='grc' dir='ltr'>Κυρίου</span> <span class='ocrx_word' id='word_1_768' title='bbox 972 5209 1444 5283; x_wconf 79' lang='grc' dir='ltr'>κατοπτρίζεσθαι,</span> <span class='ocrx_word' id='word_1_769' title='bbox 1490 5209 1758 5280; x_wconf 87' lang='grc' dir='ltr'>θεωρήσει</span> 
     </span>
    </p>
   </div>
   <div class='ocr_carea' id='block_1_99' title="bbox 177 5298 1755 5379">
    <p class='ocr_par' dir='ltr' id='par_1_99' title="bbox 177 5298 1755 5379">
     <span class='ocr_line' id='line_1_99' title="bbox 177 5298 1755 5379; baseline -0.007 -17"><span class='ocrx_word' id='word_1_770' title='bbox 177 5310 237 5362; x_wconf 81' lang='grc' dir='ltr'><strong>ἐν</strong></span> <span class='ocrx_word' id='word_1_771' title='bbox 267 5308 410 5379; x_wconf 80' lang='grc' dir='ltr'>αὐτῇ</span> <span class='ocrx_word' id='word_1_772' title='bbox 439 5305 512 5361; x_wconf 85' lang='grc' dir='ltr'>τὰ</span> <span class='ocrx_word' id='word_1_773' title='bbox 541 5305 683 5360; x_wconf 83' lang='grc' dir='ltr'>κατὰ</span> <span class='ocrx_word' id='word_1_774' title='bbox 703 5305 800 5376; x_wconf 82' lang='grc' dir='ltr'>τὴν</span> <span class='ocrx_word' id='word_1_775' title='bbox 841 5302 1213 5372; x_wconf 86' lang='grc' dir='ltr'>πνευματικὴν</span> <span class='ocrx_word' id='word_1_776' title='bbox 1253 5301 1490 5370; x_wconf 88' lang='grc' dir='ltr'>νύμφην,</span> <span class='ocrx_word' id='word_1_777' title='bbox 1525 5299 1680 5370; x_wconf 82' lang='grc' dir='ltr'>δῆλον</span> <span class='ocrx_word' id='word_1_778' title='bbox 1707 5298 1755 5351; x_wconf 85' lang='grc' dir='ltr'>δ’</span> 
     </span>
    </p>
   </div>
   <div class='ocr_carea' id='block_1_100' title="bbox 175 5389 1755 5470">
    <p class='ocr_par' dir='ltr' id='par_1_100' title="bbox 175 5389 1755 5470">
     <span class='ocr_line' id='line_1_100' title="bbox 175 5389 1755 5470; baseline -0.008 -16"><span class='ocrx_word' id='word_1_779' title='bbox 175 5401 260 5454; x_wconf 83' lang='grc' dir='ltr'>ὃτι</span> <span class='ocrx_word' id='word_1_780' title='bbox 299 5399 403 5470; x_wconf 82' lang='grc' dir='ltr'><strong>τὴν</strong></span> <span class='ocrx_word' id='word_1_781' title='bbox 441 5397 762 5468; x_wconf 86' lang='grc' dir='ltr'>Ἐκκλησίαν</span> <span class='ocrx_word' id='word_1_782' title='bbox 806 5394 898 5449; x_wconf 92' lang='grc' dir='ltr'><strong>τοῦ</strong></span> <span class='ocrx_word' id='word_1_783' title='bbox 934 5394 1190 5468; x_wconf 80' lang='grc' dir='ltr'>Χριστοῦ,</span> <span class='ocrx_word' id='word_1_784' title='bbox 1242 5394 1533 5464; x_wconf 85' lang='grc' dir='ltr'>μυστήρια,</span> <span class='ocrx_word' id='word_1_785' title='bbox 1569 5391 1661 5444; x_wconf 72' lang='grc' dir='ltr'><strong>καὶ</strong></span> <span class='ocrx_word' id='word_1_786' title='bbox 1688 5389 1755 5442; x_wconf 76' lang='grc' dir='ltr'>τὰ</span> 
     </span>
    </p>
   </div>
   <div class='ocr_carea' id='block_1_101' title="bbox 176 5482 1755 5562">
    <p class='ocr_par' dir='ltr' id='par_1_101' title="bbox 176 5482 1755 5562">
     <span class='ocr_line' id='line_1_101' title="bbox 176 5482 1755 5562; baseline -0.008 -16"><span class='ocrx_word' id='word_1_787' title='bbox 176 5491 448 5562; x_wconf 83' lang='grc' dir='ltr'>λεγόμενα</span> <span class='ocrx_word' id='word_1_788' title='bbox 477 5490 604 5561; x_wconf 73' lang='grc' dir='ltr'>περὶ</span> <span class='ocrx_word' id='word_1_789' title='bbox 643 5489 736 5542; x_wconf 91' lang='grc' dir='ltr'><strong>τοῦ</strong></span> <span class='ocrx_word' id='word_1_790' title='bbox 777 5488 980 5542; x_wconf 83' lang='grc' dir='ltr'>τελείου</span> <span class='ocrx_word' id='word_1_791' title='bbox 1005 5489 1101 5558; x_wconf 80' lang='grc' dir='ltr'>τῆς</span> <span class='ocrx_word' id='word_1_792' title='bbox 1127 5484 1339 5539; x_wconf 78' lang='grc' dir='ltr'>τοιασδὶ</span> <span class='ocrx_word' id='word_1_793' title='bbox 1371 5482 1588 5554; x_wconf 88' lang='grc' dir='ltr'>νύμφης</span> <span class='ocrx_word' id='word_1_794' title='bbox 1619 5500 1755 5553; x_wconf 71' lang='grc' dir='ltr'>νυμσ</span> 
     </span>
    </p>
   </div>
   <div class='ocr_carea' id='block_1_102' title="bbox 177 5573 1754 5655">
    <p class='ocr_par' dir='ltr' id='par_1_102' title="bbox 177 5573 1754 5655">
     <span class='ocr_line' id='line_1_102' title="bbox 177 5573 1754 5655; baseline -0.008 -17"><span class='ocrx_word' id='word_1_795' title='bbox 177 5587 304 5655; x_wconf 85' lang='grc' dir='ltr'>φίου</span> <span class='ocrx_word' id='word_1_796' title='bbox 360 5583 454 5636; x_wconf 75' lang='grc' dir='ltr'>καὶ</span> <span class='ocrx_word' id='word_1_797' title='bbox 501 5581 604 5652; x_wconf 83' lang='grc' dir='ltr'>τῆς</span> <span class='ocrx_word' id='word_1_798' title='bbox 653 5578 762 5633; x_wconf 83' lang='grc' dir='ltr'><strong>τῶν</strong></span> <span class='ocrx_word' id='word_1_799' title='bbox 817 5578 1097 5650; x_wconf 78' lang='grc' dir='ltr'>βασιλίδων</span> <span class='ocrx_word' id='word_1_800' title='bbox 1137 5576 1296 5630; x_wconf 81' lang='grc' dir='ltr'>αὑτοῦ</span> <span class='ocrx_word' id='word_1_801' title='bbox 1361 5576 1454 5628; x_wconf 56' lang='grc' dir='ltr'><strong>καί⁵</strong></span> <span class='ocrx_word' id='word_1_802' title='bbox 1493 5573 1754 5627; x_wconf 85' lang='grc' dir='ltr'>παλλακί-</span> 
     </span>
    </p>
   </div>
   <div class='ocr_carea' id='block_1_103' title="bbox 247 5739 1418 5815">
    <p class='ocr_par' dir='ltr' id='par_1_103' title="bbox 247 5739 1418 5815">
     <span class='ocr_line' id='line_1_103' title="bbox 247 5739 1418 5815; baseline -0.003 -18"><span class='ocrx_word' id='word_1_803' title='bbox 247 5746 296 5778; x_wconf 65' lang='grc'>²⁸</span> <span class='ocrx_word' id='word_1_804' title='bbox 337 5744 537 5815; x_wconf 82' lang='lat' dir='ltr'><strong>Ephes.</strong></span> <span class='ocrx_word' id='word_1_805' title='bbox 598 5760 682 5805; x_wconf 63' lang='grc' dir='ltr'><strong>τι,</strong></span> <span class='ocrx_word' id='word_1_806' title='bbox 722 5742 806 5796; x_wconf 71' lang='grc'><strong>12.</strong></span> <span class='ocrx_word' id='word_1_807' title='bbox 887 5741 931 5771; x_wconf 85' lang='grc'>²⁸</span> <span class='ocrx_word' id='word_1_808' title='bbox 960 5739 1145 5795; x_wconf 82' lang='lat' dir='ltr'><strong>Matth.</strong></span> <span class='ocrx_word' id='word_1_809' title='bbox 1185 5758 1290 5806; x_wconf 83' lang='lat' dir='ltr'><strong>vn,</strong></span> <span class='ocrx_word' id='word_1_810' title='bbox 1332 5740 1418 5794; x_wconf 77' lang='grc' dir='ltr'>Η.</span> 
     </span>
    </p>
   </div>
   <div class='ocr_carea' id='block_1_104' title="bbox 180 5815 707 5883">
    <p class='ocr_par' dir='ltr' id='par_1_104' title="bbox 180 5815 707 5883">
     <span class='ocr_line' id='line_1_104' title="bbox 180 5815 707 5883; baseline -0.006 -12"><span class='ocrx_word' id='word_1_811' title='bbox 180 5816 227 5848; x_wconf 76' lang='grc'>⁸⁸</span> <span class='ocrx_word' id='word_1_812' title='bbox 266 5816 427 5871; x_wconf 84' lang='lat' dir='ltr'><strong>Cant.</strong></span> <span class='ocrx_word' id='word_1_813' title='bbox 465 5832 552 5883; x_wconf 83' lang='lat' dir='ltr'><strong>vl,</strong></span> <span class='ocrx_word' id='word_1_814' title='bbox 590 5815 642 5877; x_wconf 87' lang='lat'><strong>7.</strong></span> <span class='ocrx_word' id='word_1_815' title='bbox 675 5815 707 5868; x_wconf 88' lang='grc'><strong>8</strong></span> 
     </span>
    </p>
   </div>
   <div class='ocr_carea' id='block_1_105' title="bbox 624 5929 1304 5993">
    <p class='ocr_par' dir='ltr' id='par_1_105' title="bbox 624 5929 1304 5993">
     <span class='ocr_line' id='line_1_105' title="bbox 624 5929 1304 5993; baseline -0.006 -1"><span class='ocrx_word' id='word_1_816' title='bbox 624 5936 892 5993; x_wconf 69' lang='grc' dir='ltr'>Ρλτιιοι.</span> <span class='ocrx_word' id='word_1_817' title='bbox 937 5932 1050 5990; x_wconf 75' lang='lat' dir='ltr'><strong>Gn.</strong></span> <span class='ocrx_word' id='word_1_818' title='bbox 1101 5929 1304 5990; x_wconf 72' lang='lat' dir='ltr'><strong>XXII.</strong></span> 
     </span>
    </p>
   </div>
   <div class='ocr_carea' id='block_1_106' title="bbox 1497 5737 1973 5802">
    <p class='ocr_par' dir='ltr' id='par_1_106' title="bbox 1497 5737 1973 5802">
     <span class='ocr_line' id='line_1_106' title="bbox 1497 5737 1973 5802; baseline 0.004 -12"><span class='ocrx_word' id='word_1_819' title='bbox 1497 5737 1600 5790; x_wconf 80' lang='lat' dir='ltr'><strong>&quot;‘l</strong></span> <span class='ocrx_word' id='word_1_820' title='bbox 1644 5738 1769 5794; x_wconf 90' lang='lat' dir='ltr'><strong>Cor.</strong></span> <span class='ocrx_word' id='word_1_821' title='bbox 1805 5754 1848 5802; x_wconf 91' lang='lat' dir='ltr'><strong>I,</strong></span> <span class='ocrx_word' id='word_1_822' title='bbox 1885 5737 1973 5793; x_wconf 74' lang='lat' dir='ltr'><strong>2i.</strong></span> 
     </span>
    </p>
   </div>
   <div class='ocr_carea' id='block_1_107' title="bbox 1868 4644 3440 4725">
    <p class='ocr_par' dir='ltr' id='par_1_107' title="bbox 1868 4644 3440 4725">
     <span class='ocr_line' id='line_1_107' title="bbox 1868 4644 3440 4725; baseline -0.01 -14"><span class='ocrx_word' id='word_1_823' title='bbox 1868 4656 2092 4725; x_wconf 83' lang='lat' dir='ltr'><strong>dignum</strong></span> <span class='ocrx_word' id='word_1_824' title='bbox 2138 4649 2427 4707; x_wconf 88' lang='lat' dir='ltr'><strong>ostendere</strong></span> <span class='ocrx_word' id='word_1_825' title='bbox 2470 4654 2693 4717; x_wconf 89' lang='lat' dir='ltr'><strong>queant,</strong></span> <span class='ocrx_word' id='word_1_826' title='bbox 2728 4645 2774 4700; x_wconf 93' lang='lat' dir='ltr'><strong>si</strong></span> <span class='ocrx_word' id='word_1_827' title='bbox 2823 4644 2959 4698; x_wconf 86' lang='lat' dir='ltr'><strong>nihil</strong></span> <span class='ocrx_word' id='word_1_828' title='bbox 3008 4644 3231 4700; x_wconf 88' lang='lat' dir='ltr'><strong>litterali</strong></span> <span class='ocrx_word' id='word_1_829' title='bbox 3277 4658 3440 4698; x_wconf 88' lang='lat' dir='ltr'><strong>acce-</strong></span> 
     </span>
    </p>
   </div>
   <div class='ocr_carea' id='block_1_108' title="bbox 1869 4735 3438 4818">
    <p class='ocr_par' dir='ltr' id='par_1_108' title="bbox 1869 4735 3438 4818">
     <span class='ocr_line' id='line_1_108' title="bbox 1869 4735 3438 4818; baseline -0.007 -19"><span class='ocrx_word' id='word_1_830' title='bbox 1869 4747 2056 4818; x_wconf 90' lang='lat' dir='ltr'><strong>ptione</strong></span> <span class='ocrx_word' id='word_1_831' title='bbox 2079 4742 2259 4812; x_wconf 86' lang='lat' dir='ltr'><strong>majus</strong></span> <span class='ocrx_word' id='word_1_832' title='bbox 2291 4740 2380 4794; x_wconf 87' lang='lat' dir='ltr'><strong>hic</strong></span> <span class='ocrx_word' id='word_1_833' title='bbox 2415 4737 2742 4808; x_wconf 78' lang='lat' dir='ltr'><strong>excogiteut.</strong></span> <span class='ocrx_word' id='word_1_834' title='bbox 2775 4735 2878 4802; x_wconf 86' lang='lat' dir='ltr'><strong>Qui</strong></span> <span class='ocrx_word' id='word_1_835' title='bbox 2928 4744 3109 4790; x_wconf 84' lang='lat' dir='ltr'><strong>autem</strong></span> <span class='ocrx_word' id='word_1_836' title='bbox 3140 4735 3438 4790; x_wconf 85' lang='lat' dir='ltr'><strong>obductum</strong></span> 
     </span>
    </p>
   </div>
   <div class='ocr_carea' id='block_1_109' title="bbox 1867 4830 3440 4903">
    <p class='ocr_par' dir='ltr' id='par_1_109' title="bbox 1867 4830 3440 4903">
     <span class='ocr_line' id='line_1_109' title="bbox 1867 4830 3440 4903; baseline -0.008 -9"><span class='ocrx_word' id='word_1_837' title='bbox 1867 4839 2008 4894; x_wconf 89' lang='lat' dir='ltr'><strong>valet</strong></span> <span class='ocrx_word' id='word_1_838' title='bbox 2050 4837 2180 4891; x_wconf 90' lang='lat' dir='ltr'><strong>huic</strong></span> <span class='ocrx_word' id='word_1_839' title='bbox 2231 4833 2531 4903; x_wconf 77' lang='lat' dir='ltr'><strong>Scriptura:</strong></span> <span class='ocrx_word' id='word_1_840' title='bbox 2578 4830 2757 4886; x_wconf 88' lang='lat' dir='ltr'><strong>velum</strong></span> <span class='ocrx_word' id='word_1_841' title='bbox 2804 4835 3067 4899; x_wconf 77' lang='lat' dir='ltr'><strong>retegere,</strong></span> <span class='ocrx_word' id='word_1_842' title='bbox 3122 4837 3440 4883; x_wconf 88' lang='lat' dir='ltr'><strong>convertere</strong></span> 
     </span>
    </p>
   </div>
   <div class='ocr_carea' id='block_1_110' title="bbox 1866 4926 3439 5000">
    <p class='ocr_par' dir='ltr' id='par_1_110' title="bbox 1866 4926 3439 5000">
     <span class='ocr_line' id='line_1_110' title="bbox 1866 4926 3439 5000; baseline -0.003 -16"><span class='ocrx_word' id='word_1_843' title='bbox 1866 4931 1933 4984; x_wconf 90' lang='lat' dir='ltr'><strong>ad</strong></span> <span class='ocrx_word' id='word_1_844' title='bbox 1986 4929 2275 4985; x_wconf 87' lang='lat' dir='ltr'><strong>Dominum</strong></span> <span class='ocrx_word' id='word_1_845' title='bbox 2333 4929 2477 5000; x_wconf 90' lang='lat' dir='ltr'><strong>quod</strong></span> <span class='ocrx_word' id='word_1_846' title='bbox 2518 4937 2601 4983; x_wconf 89' lang='lat' dir='ltr'><strong>est</strong></span> <span class='ocrx_word' id='word_1_847' title='bbox 2653 4927 2900 4996; x_wconf 89' lang='lat' dir='ltr'><strong>spiritus,</strong></span> <span class='ocrx_word' id='word_1_848' title='bbox 2941 4934 2994 4981; x_wconf 94' lang='lat' dir='ltr'><strong>et</strong></span> <span class='ocrx_word' id='word_1_849' title='bbox 3050 4935 3238 4996; x_wconf 91' lang='lat' dir='ltr'><strong>aperto</strong></span> <span class='ocrx_word' id='word_1_850' title='bbox 3286 4926 3439 4979; x_wconf 88' lang='lat' dir='ltr'><strong>vultu</strong></span> 
     </span>
    </p>
   </div>
   <div class='ocr_carea' id='block_1_111' title="bbox 1869 5019 3438 5093">
    <p class='ocr_par' dir='ltr' id='par_1_111' title="bbox 1869 5019 3438 5093">
     <span class='ocr_line' id='line_1_111' title="bbox 1869 5019 3438 5093; baseline -0.003 -18"><span class='ocrx_word' id='word_1_851' title='bbox 1869 5021 2088 5077; x_wconf 86' lang='lat' dir='ltr'><strong>Domini</strong></span> <span class='ocrx_word' id='word_1_852' title='bbox 2137 5023 2364 5093; x_wconf 78' lang='lat' dir='ltr'><strong>gloriam</strong></span> <span class='ocrx_word' id='word_1_853' title='bbox 2404 5021 2508 5077; x_wconf 91' lang='lat' dir='ltr'><strong>sub</strong></span> <span class='ocrx_word' id='word_1_854' title='bbox 2553 5021 2640 5075; x_wconf 89' lang='lat' dir='ltr'><strong>bis</strong></span> <span class='ocrx_word' id='word_1_855' title='bbox 2681 5019 2869 5090; x_wconf 83' lang='lat' dir='ltr'><strong>ﬁguris</strong></span> <span class='ocrx_word' id='word_1_856' title='bbox 2917 5020 3171 5074; x_wconf 90' lang='lat' dir='ltr'><strong>latentem</strong></span> <span class='ocrx_word' id='word_1_857' title='bbox 3225 5019 3438 5088; x_wconf 89' lang='lat' dir='ltr'><strong>perspi-</strong></span> 
     </span>
    </p>
   </div>
   <div class='ocr_carea' id='block_1_112' title="bbox 1869 5107 3436 5182">
    <p class='ocr_par' dir='ltr' id='par_1_112' title="bbox 1869 5107 3436 5182">
     <span class='ocr_line' id='line_1_112' title="bbox 1869 5107 3436 5182; baseline -0.002 -16"><span class='ocrx_word' id='word_1_858' title='bbox 1869 5127 2014 5179; x_wconf 82' lang='lat' dir='ltr'><strong>cere,</strong></span> <span class='ocrx_word' id='word_1_859' title='bbox 2046 5112 2336 5168; x_wconf 81' lang='lat' dir='ltr'><strong>manifeste</strong></span> <span class='ocrx_word' id='word_1_860' title='bbox 2365 5112 2618 5182; x_wconf 86' lang='lat' dir='ltr'><strong>dispiciet</strong></span> <span class='ocrx_word' id='word_1_861' title='bbox 2653 5113 2708 5164; x_wconf 90' lang='lat' dir='ltr'><strong>in</strong></span> <span class='ocrx_word' id='word_1_862' title='bbox 2740 5125 2804 5163; x_wconf 89' lang='lat' dir='ltr'><strong>ea</strong></span> <span class='ocrx_word' id='word_1_863' title='bbox 2833 5109 3039 5163; x_wconf 87' lang='lat' dir='ltr'><strong>Christi</strong></span> <span class='ocrx_word' id='word_1_864' title='bbox 3069 5107 3366 5163; x_wconf 85' lang='lat' dir='ltr'><strong>Ecclesiam</strong></span> <span class='ocrx_word' id='word_1_865' title='bbox 3407 5125 3436 5163; x_wconf 90' lang='lat' dir='ltr'><strong>a</strong></span> 
     </span>
    </p>
   </div>
   <div class='ocr_carea' id='block_1_113' title="bbox 1866 5199 3437 5273">
    <p class='ocr_par' dir='ltr' id='par_1_113' title="bbox 1866 5199 3437 5273">
     <span class='ocr_line' id='line_1_113' title="bbox 1866 5199 3437 5273; baseline -0.004 -13"><span class='ocrx_word' id='word_1_866' title='bbox 1866 5205 2138 5273; x_wconf 88' lang='lat' dir='ltr'><strong>spirituali</strong></span> <span class='ocrx_word' id='word_1_867' title='bbox 2194 5218 2393 5272; x_wconf 84' lang='lat' dir='ltr'><strong>sponsa</strong></span> <span class='ocrx_word' id='word_1_868' title='bbox 2429 5203 2659 5273; x_wconf 85' lang='lat' dir='ltr'><strong>mystice</strong></span> <span class='ocrx_word' id='word_1_869' title='bbox 2709 5199 3007 5269; x_wconf 84' lang='lat' dir='ltr'><strong>designari,</strong></span> <span class='ocrx_word' id='word_1_870' title='bbox 3041 5207 3096 5254; x_wconf 87' lang='lat' dir='ltr'><strong>et</strong></span> <span class='ocrx_word' id='word_1_871' title='bbox 3129 5215 3249 5268; x_wconf 68' lang='lat' dir='ltr'><strong>quae</strong></span> <span class='ocrx_word' id='word_1_872' title='bbox 3291 5200 3437 5254; x_wconf 82' lang='lat' dir='ltr'><strong>dicta</strong></span> 
     </span>
    </p>
   </div>
   <div class='ocr_carea' id='block_1_114' title="bbox 1845 5292 3438 5368">
    <p class='ocr_par' dir='ltr' id='par_1_114' title="bbox 1845 5292 3438 5368">
     <span class='ocr_line' id='line_1_114' title="bbox 1845 5292 3438 5368; baseline -0.003 -16"><span class='ocrx_word' id='word_1_873' title='bbox 1845 5305 1993 5364; x_wconf 81' lang='lat' dir='ltr'><strong>sunt</strong></span> <span class='ocrx_word' id='word_1_874' title='bbox 2030 5297 2097 5352; x_wconf 90' lang='lat' dir='ltr'><strong>de</strong></span> <span class='ocrx_word' id='word_1_875' title='bbox 2135 5299 2376 5368; x_wconf 85' lang='lat' dir='ltr'><strong>perfecto</strong></span> <span class='ocrx_word' id='word_1_876' title='bbox 2415 5296 2540 5350; x_wconf 89' lang='lat' dir='ltr'><strong>talis</strong></span> <span class='ocrx_word' id='word_1_877' title='bbox 2587 5307 2802 5363; x_wconf 70' lang='lat' dir='ltr'><strong>sponsa:</strong></span> <span class='ocrx_word' id='word_1_878' title='bbox 2836 5307 3062 5363; x_wconf 74' lang='lat' dir='ltr'><strong>Sponso,</strong></span> <span class='ocrx_word' id='word_1_879' title='bbox 3099 5302 3154 5347; x_wconf 89' lang='lat' dir='ltr'><strong>et</strong></span> <span class='ocrx_word' id='word_1_880' title='bbox 3202 5292 3270 5347; x_wconf 90' lang='lat' dir='ltr'><strong>de</strong></span> <span class='ocrx_word' id='word_1_881' title='bbox 3295 5308 3438 5363; x_wconf 78' lang='lat' dir='ltr'><strong>reg:-</strong></span> 
     </span>
    </p>
   </div>
   <div class='ocr_carea' id='block_1_115' title="bbox 1865 5385 3434 5460">
    <p class='ocr_par' dir='ltr' id='par_1_115' title="bbox 1865 5385 3434 5460">
     <span class='ocr_line' id='line_1_115' title="bbox 1865 5385 3434 5460; baseline -0.004 -16"><span class='ocrx_word' id='word_1_882' title='bbox 1865 5405 2057 5444; x_wconf 89' lang='lat' dir='ltr'><strong>narum</strong></span> <span class='ocrx_word' id='word_1_883' title='bbox 2116 5391 2256 5460; x_wconf 88' lang='lat' dir='ltr'><strong>ejus,</strong></span> <span class='ocrx_word' id='word_1_884' title='bbox 2311 5388 2744 5444; x_wconf 87' lang='lat' dir='ltr'><strong>concubinarum</strong></span> <span class='ocrx_word' id='word_1_885' title='bbox 2802 5392 2857 5440; x_wconf 90' lang='lat' dir='ltr'><strong>et</strong></span> <span class='ocrx_word' id='word_1_886' title='bbox 2909 5385 3434 5440; x_wconf 80' lang='lat' dir='ltr'><strong>adolescentularum</strong></span> 
     </span>
    </p>
   </div>
   <div class='ocr_carea' id='block_1_116' title="bbox 1863 5477 3434 5549">
    <p class='ocr_par' dir='ltr' id='par_1_116' title="bbox 1863 5477 3434 5549">
     <span class='ocr_line' id='line_1_116' title="bbox 1863 5477 3434 5549; baseline -0.004 -12"><span class='ocrx_word' id='word_1_887' title='bbox 1863 5481 2200 5547; x_wconf 89' lang='lat' dir='ltr'><strong>discrimine,</strong></span> <span class='ocrx_word' id='word_1_888' title='bbox 2230 5498 2332 5537; x_wconf 88' lang='lat' dir='ltr'><strong>nec</strong></span> <span class='ocrx_word' id='word_1_889' title='bbox 2380 5497 2487 5536; x_wconf 91' lang='lat' dir='ltr'><strong>non</strong></span> <span class='ocrx_word' id='word_1_890' title='bbox 2517 5494 2854 5549; x_wconf 79' lang='lat' dir='ltr'><strong>quaecunque</strong></span> <span class='ocrx_word' id='word_1_891' title='bbox 2893 5493 3090 5530; x_wconf 80' lang='lat' dir='ltr'><strong>arcana</strong></span> <span class='ocrx_word' id='word_1_892' title='bbox 3127 5478 3178 5531; x_wconf 92' lang='lat' dir='ltr'><strong>in</strong></span> <span class='ocrx_word' id='word_1_893' title='bbox 3213 5477 3318 5531; x_wconf 91' lang='lat' dir='ltr'><strong>hoc</strong></span> <span class='ocrx_word' id='word_1_894' title='bbox 3366 5479 3434 5530; x_wconf 89' lang='lat' dir='ltr'><strong>li-</strong></span> 
     </span>
    </p>
   </div>
   <div class='ocr_carea' id='block_1_117' title="bbox 1864 5569 3436 5639">
    <p class='ocr_par' dir='ltr' id='par_1_117' title="bbox 1864 5569 3436 5639">
     <span class='ocr_line' id='line_1_117' title="bbox 1864 5569 3436 5639; baseline -0.004 -12"><span class='ocrx_word' id='word_1_895' title='bbox 1864 5573 1964 5627; x_wconf 87' lang='lat' dir='ltr'><strong>bro</strong></span> <span class='ocrx_word' id='word_1_896' title='bbox 2007 5575 2326 5630; x_wconf 90' lang='lat' dir='ltr'><strong>abscondita</strong></span> <span class='ocrx_word' id='word_1_897' title='bbox 2365 5581 2494 5628; x_wconf 89' lang='lat' dir='ltr'><strong>sunt</strong></span> <span class='ocrx_word' id='word_1_898' title='bbox 2547 5572 2894 5636; x_wconf 85' lang='lat' dir='ltr'><strong>documenta,</strong></span> <span class='ocrx_word' id='word_1_899' title='bbox 2934 5576 3082 5624; x_wconf 88' lang='lat' dir='ltr'><strong>recte</strong></span> <span class='ocrx_word' id='word_1_900' title='bbox 3127 5569 3436 5639; x_wconf 79' lang='lat' dir='ltr'><strong>intelliget;</strong></span> 
     </span>
    </p>
   </div>
   <div class='ocr_carea' id='block_1_118' title="bbox 2054 5731 3431 5805">
    <p class='ocr_par' dir='ltr' id='par_1_118' title="bbox 2054 5731 3431 5805">
     <span class='ocr_line' id='line_1_118' title="bbox 2054 5731 3431 5805; baseline -0.007 -12"><span class='ocrx_word' id='word_1_901' title='bbox 2054 5741 2098 5771; x_wconf 80' lang='grc'><strong><em>²⁶</em></strong></span> <span class='ocrx_word' id='word_1_902' title='bbox 2142 5737 2183 5792; x_wconf 88' lang='lat' dir='ltr'><strong>ll</strong></span> <span class='ocrx_word' id='word_1_903' title='bbox 2210 5738 2338 5796; x_wconf 89' lang='lat' dir='ltr'><strong>Cor.</strong></span> <span class='ocrx_word' id='word_1_904' title='bbox 2376 5753 2450 5805; x_wconf 83' lang='grc' dir='ltr'><strong>ιν,</strong></span> <span class='ocrx_word' id='word_1_905' title='bbox 2488 5737 2543 5791; x_wconf 81' lang='grc'><strong>5.</strong></span> <span class='ocrx_word' id='word_1_906' title='bbox 2621 5737 2661 5767; x_wconf 68' lang='grc' dir='ltr'><strong>’τ</strong></span> <span class='ocrx_word' id='word_1_907' title='bbox 2704 5733 2861 5788; x_wconf 86' lang='lat' dir='ltr'><strong>Cant.</strong></span> <span class='ocrx_word' id='word_1_908' title='bbox 2904 5748 2978 5796; x_wconf 80' lang='grc' dir='ltr'><strong>υ,</strong></span> <span class='ocrx_word' id='word_1_909' title='bbox 3023 5732 3116 5796; x_wconf 83' lang='lat' dir='ltr'><strong>l0,</strong></span> <span class='ocrx_word' id='word_1_910' title='bbox 3156 5733 3343 5804; x_wconf 70' lang='grc' dir='ltr'>Μςν,</span> <span class='ocrx_word' id='word_1_911' title='bbox 3375 5731 3431 5789; x_wconf 70' lang='lat'><strong>2.</strong></span> 
     </span>
    </p>
   </div>
   <div class='ocr_carea' id='block_1_119' title="bbox 2991 5917 3163 5975">
    <p class='ocr_par' dir='ltr' id='par_1_119' title="bbox 2991 5917 3163 5975">
     <span class='ocr_line' id='line_1_119' title="bbox 2991 5917 3163 5975; baseline 0.012 -2"><span class='ocrx_word' id='word_1_912' title='bbox 2991 5917 3163 5975; x_wconf 72' lang='grc' dir='ltr'><strong>-εδ</strong></span> 
     </span>
    </p>
   </div>
  </div>
