  <div class='ocr_page' id='page_1' title='image "/cluster/home/n/w/nwhite01/storage/ocr_20150623/22/hvd.32044020605168/595.png"; bbox 0 0 3954 6532; ppageno 0'>
   <div class='ocr_carea' id='block_1_1' title="bbox 533 405 664 458">
    <p class='ocr_par' dir='ltr' id='par_1_1' title="bbox 533 405 664 458">
     <span class='ocr_line' id='line_1_1' title="bbox 533 405 664 458; baseline 0 0"><span class='ocrx_word' id='word_1_1' title='bbox 533 405 664 458; x_wconf 72' lang='grc'><strong>1131</strong></span> 
     </span>
    </p>
   </div>
   <div class='ocr_carea' id='block_1_2' title="bbox 1135 389 3123 455">
    <p class='ocr_par' dir='ltr' id='par_1_2' title="bbox 1135 389 3123 455">
     <span class='ocr_line' id='line_1_2' title="bbox 1135 389 3123 455; baseline -0.003 -3"><span class='ocrx_word' id='word_1_2' title='bbox 1135 435 1156 452; x_wconf 80' lang='lat'><em>.</em></span> <span class='ocrx_word' id='word_1_3' title='bbox 1241 399 1512 455; x_wconf 76' lang='lat' dir='ltr'><strong>EUSEBII</strong></span> <span class='ocrx_word' id='word_1_4' title='bbox 1553 395 2032 453; x_wconf 56' lang='lat' dir='ltr'><strong>CJESARIENSIS</strong></span> <span class='ocrx_word' id='word_1_5' title='bbox 2071 393 2219 451; x_wconf 86' lang='lat' dir='ltr'><strong>OPP.</strong></span> <span class='ocrx_word' id='word_1_6' title='bbox 2261 391 2443 446; x_wconf 81' lang='lat' dir='ltr'><strong>PARS</strong></span> <span class='ocrx_word' id='word_1_7' title='bbox 2479 389 2570 448; x_wconf 89' lang='grc'><strong>111,</strong></span> <span class='ocrx_word' id='word_1_8' title='bbox 2615 422 2682 432; x_wconf 87' lang='grc'><strong><em>-</em></strong></span> <span class='ocrx_word' id='word_1_9' title='bbox 2713 391 3123 447; x_wconf 74' lang='lat' dir='ltr'><strong>EXEGETICA.</strong></span> 
     </span>
    </p>
   </div>
   <div class='ocr_carea' id='block_1_3' title="bbox 3659 397 3774 452">
    <p class='ocr_par' dir='ltr' id='par_1_3' title="bbox 3659 397 3774 452">
     <span class='ocr_line' id='line_1_3' title="bbox 3659 397 3774 452; baseline 0.026 -3"><span class='ocrx_word' id='word_1_10' title='bbox 3659 397 3774 452; x_wconf 70' lang='lat'><strong>“3‘2</strong></span> 
     </span>
    </p>
   </div>
   <div class='ocr_carea' id='block_1_4' title="bbox 536 508 2113 593">
    <p class='ocr_par' dir='ltr' id='par_1_4' title="bbox 536 516 2113 593">
     <span class='ocr_line' id='line_1_4' title="bbox 536 516 2113 593; baseline -0.008 -16"><span class='ocrx_word' id='word_1_11' title='bbox 536 536 658 593; x_wconf 73' lang='lat' dir='ltr'><strong>qua:</strong></span> <span class='ocrx_word' id='word_1_12' title='bbox 683 531 738 576; x_wconf 85' lang='lat' dir='ltr'><strong>et</strong></span> <span class='ocrx_word' id='word_1_13' title='bbox 786 521 986 576; x_wconf 82' lang='lat' dir='ltr'><strong>multas</strong></span> <span class='ocrx_word' id='word_1_14' title='bbox 1028 519 1138 588; x_wconf 88' lang='lat' dir='ltr'><strong>jam</strong></span> <span class='ocrx_word' id='word_1_15' title='bbox 1189 516 1583 571; x_wconf 87' lang='lat' dir='ltr'><strong>elucidationes</strong></span> <span class='ocrx_word' id='word_1_16' title='bbox 1624 523 1918 569; x_wconf 75' lang='lat' dir='ltr'><strong>consecuta</strong></span> <span class='ocrx_word' id='word_1_17' title='bbox 1967 521 2113 576; x_wconf 89' lang='lat' dir='ltr'><strong>sunt,</strong></span> 
     </span>
    </p>
   </div>
   <div class='ocr_carea' id='block_1_5' title="bbox 2212 508 3775 593">
    <p class='ocr_par' dir='ltr' id='par_1_5' title="bbox 2222 508 3775 580">
     <span class='ocr_line' id='line_1_5' title="bbox 2222 508 3775 580; baseline 0.001 -17"><span class='ocrx_word' id='word_1_18' title='bbox 2222 511 2322 563; x_wconf 86' lang='grc' dir='ltr'>δων</span> <span class='ocrx_word' id='word_1_19' title='bbox 2362 511 2452 564; x_wconf 74' lang='grc' dir='ltr'>καὶ</span> <span class='ocrx_word' id='word_1_20' title='bbox 2497 509 2747 562; x_wconf 72' lang='grc' dir='ltr'>νεανίδων</span> <span class='ocrx_word' id='word_1_21' title='bbox 2787 510 3081 580; x_wconf 69' lang='grc' dir='ltr'>διαφορᾶς,</span> <span class='ocrx_word' id='word_1_22' title='bbox 3128 508 3220 562; x_wconf 68' lang='grc' dir='ltr'><strong>καὶ</strong></span> <span class='ocrx_word' id='word_1_23' title='bbox 3269 511 3366 562; x_wconf 72' lang='grc' dir='ltr'>ὅσα</span> <span class='ocrx_word' id='word_1_24' title='bbox 3419 509 3552 563; x_wconf 74' lang='grc' dir='ltr'>ἄλλα</span> <span class='ocrx_word' id='word_1_25' title='bbox 3599 513 3775 564; x_wconf 70' lang='grc' dir='ltr'>ἐναποο</span> 
     </span>
    </p>
   </div>
   <div class='ocr_carea' id='block_1_6' title="bbox 529 603 2106 682">
    <p class='ocr_par' dir='ltr' id='par_1_6' title="bbox 529 603 2106 682">
     <span class='ocr_line' id='line_1_6' title="bbox 529 603 2106 682; baseline -0.008 -12"><span class='ocrx_word' id='word_1_26' title='bbox 529 621 590 670; x_wconf 77' lang='lat' dir='ltr'><strong>et</strong></span> <span class='ocrx_word' id='word_1_27' title='bbox 621 612 691 669; x_wconf 81' lang='lat' dir='ltr'><strong>ab</strong></span> <span class='ocrx_word' id='word_1_28' title='bbox 719 609 1092 682; x_wconf 80' lang='lat' dir='ltr'><strong>impigerrimo</strong></span> <span class='ocrx_word' id='word_1_29' title='bbox 1131 610 1440 664; x_wconf 87' lang='lat' dir='ltr'><strong>divinarum</strong></span> <span class='ocrx_word' id='word_1_30' title='bbox 1499 603 1912 678; x_wconf 88' lang='lat' dir='ltr'><strong>Scripturarum</strong></span> <span class='ocrx_word' id='word_1_31' title='bbox 1945 605 2106 660; x_wconf 85' lang='lat' dir='ltr'><strong>inter-</strong></span> 
     </span>
    </p>
   </div>
   <div class='ocr_carea' id='block_1_7' title="bbox 535 703 1607 776">
    <p class='ocr_par' dir='ltr' id='par_1_7' title="bbox 535 703 1607 776">
     <span class='ocr_line' id='line_1_7' title="bbox 535 703 1607 776; baseline -0.007 -16"><span class='ocrx_word' id='word_1_32' title='bbox 535 715 688 776; x_wconf 89' lang='lat' dir='ltr'><strong>prete</strong></span> <span class='ocrx_word' id='word_1_33' title='bbox 723 703 1133 760; x_wconf 89' lang='lat' dir='ltr'><strong>commentariis</strong></span> <span class='ocrx_word' id='word_1_34' title='bbox 1159 703 1430 757; x_wconf 87' lang='lat' dir='ltr'><strong>illustrata</strong></span> <span class='ocrx_word' id='word_1_35' title='bbox 1460 707 1607 756; x_wconf 89' lang='lat' dir='ltr'><strong>sunt.</strong></span> 
     </span>
    </p>
   </div>
   <div class='ocr_carea' id='block_1_8' title="bbox 1129 967 1499 1025">
    <p class='ocr_par' dir='ltr' id='par_1_8' title="bbox 1129 967 1499 1025">
     <span class='ocr_line' id='line_1_8' title="bbox 1129 967 1499 1025; baseline -0.003 0"><span class='ocrx_word' id='word_1_36' title='bbox 1129 970 1356 1025; x_wconf 78' lang='lat' dir='ltr'><strong>CAPUT</strong></span> <span class='ocrx_word' id='word_1_37' title='bbox 1389 967 1499 1024; x_wconf 74' lang='lat' dir='ltr'><strong>VII.</strong></span> 
     </span>
    </p>
   </div>
   <div class='ocr_carea' id='block_1_9' title="bbox 1217 1084 1413 1139">
    <p class='ocr_par' dir='ltr' id='par_1_9' title="bbox 1217 1084 1413 1139">
     <span class='ocr_line' id='line_1_9' title="bbox 1217 1084 1413 1139; baseline 0 -1"><span class='ocrx_word' id='word_1_38' title='bbox 1217 1085 1263 1138; x_wconf 83' lang='grc' dir='ltr'><em>Ε</em></span> <span class='ocrx_word' id='word_1_39' title='bbox 1290 1084 1413 1139; x_wconf 76' lang='lat' dir='ltr'><strong>Job.</strong></span> 
     </span>
    </p>
   </div>
   <div class='ocr_carea' id='block_1_10' title="bbox 605 1195 2113 1266">
    <p class='ocr_par' dir='ltr' id='par_1_10' title="bbox 605 1195 2113 1266">
     <span class='ocr_line' id='line_1_10' title="bbox 605 1195 2113 1266; baseline -0.001 -15"><span class='ocrx_word' id='word_1_40' title='bbox 605 1196 754 1252; x_wconf 82' lang='lat' dir='ltr'><strong>Inter</strong></span> <span class='ocrx_word' id='word_1_41' title='bbox 784 1198 888 1253; x_wconf 86' lang='lat' dir='ltr'><strong>alia</strong></span> <span class='ocrx_word' id='word_1_42' title='bbox 919 1197 1021 1254; x_wconf 81' lang='lat' dir='ltr'><strong>Job</strong></span> <span class='ocrx_word' id='word_1_43' title='bbox 1051 1199 1166 1254; x_wconf 70' lang='lat' dir='ltr'><strong>hare</strong></span> <span class='ocrx_word' id='word_1_44' title='bbox 1209 1199 1276 1254; x_wconf 91' lang='lat' dir='ltr'><strong>de</strong></span> <span class='ocrx_word' id='word_1_45' title='bbox 1309 1199 1540 1254; x_wconf 91' lang='lat' dir='ltr'><strong>Domino</strong></span> <span class='ocrx_word' id='word_1_46' title='bbox 1569 1197 1701 1253; x_wconf 91' lang='lat' dir='ltr'><strong>dicit</strong></span> <span class='ocrx_word' id='word_1_47' title='bbox 1733 1216 1746 1251; x_wconf 87' lang='lat'><strong>:</strong></span> <span class='ocrx_word' id='word_1_48' title='bbox 1786 1215 1804 1247; x_wconf 76' lang='grc' dir='ltr'><strong>ι</strong></span> <span class='ocrx_word' id='word_1_49' title='bbox 1841 1195 1942 1262; x_wconf 86' lang='lat' dir='ltr'><strong>Qui</strong></span> <span class='ocrx_word' id='word_1_50' title='bbox 1975 1210 2113 1266; x_wconf 77' lang='lat' dir='ltr'><strong>pra:-</strong></span> 
     </span>
    </p>
   </div>
   <div class='ocr_carea' id='block_1_11' title="bbox 534 1287 2112 1364">
    <p class='ocr_par' dir='ltr' id='par_1_11' title="bbox 534 1287 2112 1364">
     <span class='ocr_line' id='line_1_11' title="bbox 534 1287 2112 1364; baseline -0.005 -16"><span class='ocrx_word' id='word_1_51' title='bbox 534 1294 668 1364; x_wconf 90' lang='lat' dir='ltr'><strong>cipit</strong></span> <span class='ocrx_word' id='word_1_52' title='bbox 699 1293 827 1356; x_wconf 92' lang='lat' dir='ltr'><strong>soli,</strong></span> <span class='ocrx_word' id='word_1_53' title='bbox 860 1300 913 1347; x_wconf 89' lang='lat' dir='ltr'><strong>et</strong></span> <span class='ocrx_word' id='word_1_54' title='bbox 954 1307 1064 1347; x_wconf 91' lang='lat' dir='ltr'><strong>non</strong></span> <span class='ocrx_word' id='word_1_55' title='bbox 1099 1293 1318 1347; x_wconf 89' lang='lat' dir='ltr'><strong>oritur:</strong></span> <span class='ocrx_word' id='word_1_56' title='bbox 1370 1299 1424 1346; x_wconf 91' lang='lat' dir='ltr'><strong>et</strong></span> <span class='ocrx_word' id='word_1_57' title='bbox 1467 1291 1654 1346; x_wconf 89' lang='lat' dir='ltr'><strong>stellas</strong></span> <span class='ocrx_word' id='word_1_58' title='bbox 1699 1289 1903 1342; x_wconf 88' lang='lat' dir='ltr'><strong>claudit</strong></span> <span class='ocrx_word' id='word_1_59' title='bbox 1953 1287 2112 1356; x_wconf 90' lang='lat' dir='ltr'><strong>quasi</strong></span> 
     </span>
    </p>
   </div>
   <div class='ocr_carea' id='block_1_12' title="bbox 535 1381 2112 1457">
    <p class='ocr_par' dir='ltr' id='par_1_12' title="bbox 535 1381 2112 1457">
     <span class='ocr_line' id='line_1_12' title="bbox 535 1381 2112 1457; baseline -0.006 -16"><span class='ocrx_word' id='word_1_60' title='bbox 535 1386 637 1441; x_wconf 89' lang='lat' dir='ltr'><strong>sub</strong></span> <span class='ocrx_word' id='word_1_61' title='bbox 667 1385 950 1457; x_wconf 77' lang='lat' dir='ltr'><strong>signaculo</strong></span> <span class='ocrx_word' id='word_1_62' title='bbox 976 1404 989 1439; x_wconf 92' lang='lat'>:</span> <span class='ocrx_word' id='word_1_63' title='bbox 1021 1385 1112 1456; x_wconf 88' lang='lat' dir='ltr'><strong>qui</strong></span> <span class='ocrx_word' id='word_1_64' title='bbox 1147 1384 1393 1440; x_wconf 80' lang='lat' dir='ltr'><strong>extendit</strong></span> <span class='ocrx_word' id='word_1_65' title='bbox 1439 1383 1630 1444; x_wconf 72' lang='lat' dir='ltr'><strong>cmlos,</strong></span> <span class='ocrx_word' id='word_1_66' title='bbox 1663 1391 1716 1436; x_wconf 92' lang='lat' dir='ltr'><strong>et</strong></span> <span class='ocrx_word' id='word_1_67' title='bbox 1743 1381 1990 1450; x_wconf 82' lang='lat' dir='ltr'><strong>graditur</strong></span> <span class='ocrx_word' id='word_1_68' title='bbox 2021 1395 2112 1434; x_wconf 91' lang='lat' dir='ltr'><strong>su—</strong></span> 
     </span>
    </p>
   </div>
   <div class='ocr_carea' id='block_1_13' title="bbox 533 1471 2106 1546">
    <p class='ocr_par' dir='ltr' id='par_1_13' title="bbox 533 1471 2106 1546">
     <span class='ocr_line' id='line_1_13' title="bbox 533 1471 2106 1546; baseline -0.004 -16"><span class='ocrx_word' id='word_1_69' title='bbox 533 1491 633 1546; x_wconf 89' lang='lat' dir='ltr'><strong>per</strong></span> <span class='ocrx_word' id='word_1_70' title='bbox 653 1491 802 1531; x_wconf 89' lang='lat' dir='ltr'><strong>mare</strong></span> <span class='ocrx_word' id='word_1_71' title='bbox 817 1484 1076 1546; x_wconf 83' lang='lat' dir='ltr'><strong>tanquam</strong></span> <span class='ocrx_word' id='word_1_72' title='bbox 1099 1490 1262 1545; x_wconf 86' lang='lat' dir='ltr'><strong>super</strong></span> <span class='ocrx_word' id='word_1_73' title='bbox 1282 1474 1648 1544; x_wconf 74' lang='lat' dir='ltr'><strong>pavimentum</strong></span> <span class='ocrx_word' id='word_1_74' title='bbox 1664 1474 1730 1526; x_wconf 68' lang='lat'><strong>&#39;9.</strong></span> <span class='ocrx_word' id='word_1_75' title='bbox 1757 1491 1772 1522; x_wconf 70' lang='grc' dir='ltr'><strong>ι</strong></span> <span class='ocrx_word' id='word_1_76' title='bbox 1795 1471 1860 1524; x_wconf 86' lang='grc' dir='ltr'>Ει</span> <span class='ocrx_word' id='word_1_77' title='bbox 1875 1486 2068 1524; x_wconf 85' lang='lat' dir='ltr'><strong>rursus</strong></span> <span class='ocrx_word' id='word_1_78' title='bbox 2095 1489 2106 1523; x_wconf 90' lang='lat'><strong>:</strong></span> 
     </span>
    </p>
   </div>
   <div class='ocr_carea' id='block_1_14' title="bbox 538 1561 2113 1636">
    <p class='ocr_par' dir='ltr' id='par_1_14' title="bbox 538 1561 2113 1636">
     <span class='ocr_line' id='line_1_14' title="bbox 538 1561 2113 1636; baseline -0.003 -18"><span class='ocrx_word' id='word_1_79' title='bbox 538 1583 560 1618; x_wconf 75' lang='grc' dir='ltr'><strong>ι</strong></span> <span class='ocrx_word' id='word_1_80' title='bbox 585 1565 689 1632; x_wconf 87' lang='lat' dir='ltr'><strong>Qui</strong></span> <span class='ocrx_word' id='word_1_81' title='bbox 727 1581 984 1636; x_wconf 81' lang='lat' dir='ltr'><strong>magnum</strong></span> <span class='ocrx_word' id='word_1_82' title='bbox 1017 1571 1136 1624; x_wconf 85' lang='lat' dir='ltr'><strong>cete</strong></span> <span class='ocrx_word' id='word_1_83' title='bbox 1165 1563 1538 1618; x_wconf 84' lang='lat' dir='ltr'><strong>debellaturus</strong></span> <span class='ocrx_word' id='word_1_84' title='bbox 1565 1561 1727 1616; x_wconf 75' lang='lat' dir='ltr'><strong>est”.</strong></span> <span class='ocrx_word' id='word_1_85' title='bbox 1752 1581 1768 1612; x_wconf 82' lang='grc'><strong>›</strong></span> <span class='ocrx_word' id='word_1_86' title='bbox 1791 1562 1926 1616; x_wconf 87' lang='lat' dir='ltr'><strong>Cum</strong></span> <span class='ocrx_word' id='word_1_87' title='bbox 1948 1561 2113 1632; x_wconf 78' lang='lat' dir='ltr'><strong>igitur</strong></span> 
     </span>
    </p>
   </div>
   <div class='ocr_carea' id='block_1_15' title="bbox 537 1655 2112 1728">
    <p class='ocr_par' dir='ltr' id='par_1_15' title="bbox 537 1655 2112 1728">
     <span class='ocr_line' id='line_1_15' title="bbox 537 1655 2112 1728; baseline -0.002 -18"><span class='ocrx_word' id='word_1_88' title='bbox 537 1657 629 1714; x_wconf 87' lang='lat' dir='ltr'><strong>Dei</strong></span> <span class='ocrx_word' id='word_1_89' title='bbox 649 1659 889 1712; x_wconf 90' lang='lat' dir='ltr'><strong>omnium</strong></span> <span class='ocrx_word' id='word_1_90' title='bbox 914 1657 1362 1728; x_wconf 81' lang='lat' dir='ltr'><strong>magnanimitate</strong></span> <span class='ocrx_word' id='word_1_91' title='bbox 1379 1655 1656 1726; x_wconf 81' lang='lat' dir='ltr'><strong>indignum</strong></span> <span class='ocrx_word' id='word_1_92' title='bbox 1675 1655 1766 1717; x_wconf 88' lang='lat' dir='ltr'><strong>sit,</strong></span> <span class='ocrx_word' id='word_1_93' title='bbox 1786 1670 1908 1708; x_wconf 91' lang='lat' dir='ltr'><strong>eum</strong></span> <span class='ocrx_word' id='word_1_94' title='bbox 1935 1655 2112 1724; x_wconf 87' lang='lat' dir='ltr'><strong>suspi-</strong></span> 
     </span>
    </p>
   </div>
   <div class='ocr_carea' id='block_1_16' title="bbox 538 1748 2112 1820">
    <p class='ocr_par' dir='ltr' id='par_1_16' title="bbox 538 1748 2112 1820">
     <span class='ocr_line' id='line_1_16' title="bbox 538 1748 2112 1820; baseline -0.003 -17"><span class='ocrx_word' id='word_1_95' title='bbox 538 1751 690 1814; x_wconf 88' lang='lat' dir='ltr'><strong>cari,</strong></span> <span class='ocrx_word' id='word_1_96' title='bbox 723 1751 1086 1820; x_wconf 88' lang='lat' dir='ltr'><strong>complentem</strong></span> <span class='ocrx_word' id='word_1_97' title='bbox 1123 1748 1336 1812; x_wconf 84' lang='lat' dir='ltr'><strong>omnia,</strong></span> <span class='ocrx_word' id='word_1_98' title='bbox 1363 1748 1724 1802; x_wconf 90' lang='lat' dir='ltr'><strong>ambulavisse</strong></span> <span class='ocrx_word' id='word_1_99' title='bbox 1770 1762 1934 1816; x_wconf 86' lang='lat' dir='ltr'><strong>super</strong></span> <span class='ocrx_word' id='word_1_100' title='bbox 1963 1761 2112 1800; x_wconf 89' lang='lat' dir='ltr'><strong>mare</strong></span> 
     </span>
    </p>
   </div>
   <div class='ocr_carea' id='block_1_17' title="bbox 537 1835 2110 1910">
    <p class='ocr_par' dir='ltr' id='par_1_17' title="bbox 537 1835 2110 1910">
     <span class='ocr_line' id='line_1_17' title="bbox 537 1835 2110 1910; baseline -0.003 -16"><span class='ocrx_word' id='word_1_101' title='bbox 537 1848 705 1895; x_wconf 72' lang='lat' dir='ltr'><strong>tanta:</strong></span> <span class='ocrx_word' id='word_1_102' title='bbox 723 1855 892 1910; x_wconf 82' lang='lat' dir='ltr'><strong>capax</strong></span> <span class='ocrx_word' id='word_1_103' title='bbox 909 1837 1320 1910; x_wconf 79' lang='lat' dir='ltr'><strong>magnitudinis,</strong></span> <span class='ocrx_word' id='word_1_104' title='bbox 1338 1847 1587 1908; x_wconf 87' lang='lat' dir='ltr'><strong>superest</strong></span> <span class='ocrx_word' id='word_1_105' title='bbox 1625 1847 1684 1891; x_wconf 92' lang='lat' dir='ltr'><strong>ut</strong></span> <span class='ocrx_word' id='word_1_106' title='bbox 1711 1837 1778 1892; x_wconf 89' lang='lat' dir='ltr'><strong>de</strong></span> <span class='ocrx_word' id='word_1_107' title='bbox 1793 1835 1972 1890; x_wconf 78' lang='lat' dir='ltr'><strong>Verbo</strong></span> <span class='ocrx_word' id='word_1_108' title='bbox 1997 1836 2110 1890; x_wconf 71' lang='lat' dir='ltr'><strong>haec</strong></span> 
     </span>
    </p>
   </div>
   <div class='ocr_carea' id='block_1_18' title="bbox 537 1925 2109 2002">
    <p class='ocr_par' dir='ltr' id='par_1_18' title="bbox 537 1925 2109 2002">
     <span class='ocr_line' id='line_1_18' title="bbox 537 1925 2109 2002; baseline -0.003 -16"><span class='ocrx_word' id='word_1_109' title='bbox 537 1933 857 2002; x_wconf 84' lang='lat' dir='ltr'><strong>cogitemus.</strong></span> <span class='ocrx_word' id='word_1_110' title='bbox 875 1929 1048 1998; x_wconf 86' lang='lat' dir='ltr'><strong>Cujus</strong></span> <span class='ocrx_word' id='word_1_111' title='bbox 1065 1931 1266 1983; x_wconf 90' lang='lat' dir='ltr'><strong>virtute</strong></span> <span class='ocrx_word' id='word_1_112' title='bbox 1283 1928 1470 1992; x_wconf 83' lang='lat' dir='ltr'><strong>Josue,</strong></span> <span class='ocrx_word' id='word_1_113' title='bbox 1489 1927 1634 1982; x_wconf 80' lang='lat' dir='ltr'><strong>filius</strong></span> <span class='ocrx_word' id='word_1_114' title='bbox 1649 1925 1818 1988; x_wconf 88' lang='lat' dir='ltr'><strong>Nave,</strong></span> <span class='ocrx_word' id='word_1_115' title='bbox 1835 1929 1926 1996; x_wconf 90' lang='lat' dir='ltr'><strong>qui</strong></span> <span class='ocrx_word' id='word_1_116' title='bbox 1946 1926 2109 1996; x_wconf 87' lang='lat' dir='ltr'><strong>hujus</strong></span> 
     </span>
    </p>
   </div>
   <div class='ocr_carea' id='block_1_19' title="bbox 539 2017 2108 2092">
    <p class='ocr_par' dir='ltr' id='par_1_19' title="bbox 539 2017 2108 2092">
     <span class='ocr_line' id='line_1_19' title="bbox 539 2017 2108 2092; baseline -0.004 -14"><span class='ocrx_word' id='word_1_117' title='bbox 539 2031 657 2078; x_wconf 89' lang='lat' dir='ltr'><strong>erat</strong></span> <span class='ocrx_word' id='word_1_118' title='bbox 693 2023 884 2092; x_wconf 80' lang='lat' dir='ltr'><strong>ﬁgura,</strong></span> <span class='ocrx_word' id='word_1_119' title='bbox 926 2023 1028 2078; x_wconf 90' lang='lat' dir='ltr'><strong>soli</strong></span> <span class='ocrx_word' id='word_1_120' title='bbox 1064 2021 1354 2092; x_wconf 86' lang='lat' dir='ltr'><strong>imperavit</strong></span> <span class='ocrx_word' id='word_1_121' title='bbox 1399 2029 1453 2076; x_wconf 91' lang='lat' dir='ltr'><strong>et</strong></span> <span class='ocrx_word' id='word_1_122' title='bbox 1497 2021 1644 2076; x_wconf 85' lang='lat' dir='ltr'><strong>stetit</strong></span> <span class='ocrx_word' id='word_1_123' title='bbox 1679 2020 1732 2073; x_wconf 90' lang='lat' dir='ltr'><strong>in</strong></span> <span class='ocrx_word' id='word_1_124' title='bbox 1773 2017 1996 2073; x_wconf 87' lang='lat' dir='ltr'><strong>Gabaon</strong></span> <span class='ocrx_word' id='word_1_125' title='bbox 2023 2019 2062 2050; x_wconf 85' lang='grc'><strong>³¹</strong></span> <span class='ocrx_word' id='word_1_126' title='bbox 2091 2036 2108 2084; x_wconf 88' lang='lat'><strong>;</strong></span> 
     </span>
    </p>
   </div>
   <div class='ocr_carea' id='block_1_20' title="bbox 532 2107 2109 2181">
    <p class='ocr_par' dir='ltr' id='par_1_20' title="bbox 532 2107 2109 2181">
     <span class='ocr_line' id='line_1_20' title="bbox 532 2107 2109 2181; baseline -0.002 -16"><span class='ocrx_word' id='word_1_127' title='bbox 532 2128 595 2166; x_wconf 87' lang='lat' dir='ltr'><strong>ac</strong></span> <span class='ocrx_word' id='word_1_128' title='bbox 645 2111 764 2180; x_wconf 87' lang='lat' dir='ltr'><strong>ejus</strong></span> <span class='ocrx_word' id='word_1_129' title='bbox 807 2111 1082 2181; x_wconf 83' lang='lat' dir='ltr'><strong>passionis</strong></span> <span class='ocrx_word' id='word_1_130' title='bbox 1123 2117 1388 2180; x_wconf 90' lang='lat' dir='ltr'><strong>tempore,</strong></span> <span class='ocrx_word' id='word_1_131' title='bbox 1431 2110 1618 2164; x_wconf 85' lang='lat' dir='ltr'><strong>divino</strong></span> <span class='ocrx_word' id='word_1_132' title='bbox 1676 2109 1825 2163; x_wconf 89' lang='lat' dir='ltr'><strong>velut</strong></span> <span class='ocrx_word' id='word_1_133' title='bbox 1875 2107 2109 2178; x_wconf 88' lang='lat' dir='ltr'><strong>quodam</strong></span> 
     </span>
    </p>
   </div>
   <div class='ocr_carea' id='block_1_21' title="bbox 531 2185 2106 2278">
    <p class='ocr_par' dir='ltr' id='par_1_21' title="bbox 531 2185 2106 2278">
     <span class='ocr_line' id='line_1_21' title="bbox 531 2185 2106 2278; baseline -0.006 -18"><span class='ocrx_word' id='word_1_134' title='bbox 531 2205 710 2278; x_wconf 83' lang='lat' dir='ltr'><strong>jussu,</strong></span> <span class='ocrx_word' id='word_1_135' title='bbox 742 2205 824 2260; x_wconf 93' lang='lat' dir='ltr'><strong>sol</strong></span> <span class='ocrx_word' id='word_1_136' title='bbox 862 2205 1173 2258; x_wconf 74' lang='lat' dir='ltr'><strong>universam</strong></span> <span class='ocrx_word' id='word_1_137' title='bbox 1209 2209 1413 2256; x_wconf 88' lang='lat' dir='ltr'><strong>terram</strong></span> <span class='ocrx_word' id='word_1_138' title='bbox 1446 2200 1739 2270; x_wconf 85' lang='lat' dir='ltr'><strong>complevit</strong></span> <span class='ocrx_word' id='word_1_139' title='bbox 1777 2200 2020 2256; x_wconf 88' lang='lat' dir='ltr'><strong>tenebris</strong></span> <span class='ocrx_word' id='word_1_140' title='bbox 2042 2185 2106 2251; x_wconf 52' lang='grc' dir='ltr'><strong><em>ἡ.</em></strong></span> 
     </span>
    </p>
   </div>
   <div class='ocr_carea' id='block_1_22' title="bbox 532 2293 2113 2366">
    <p class='ocr_par' dir='ltr' id='par_1_22' title="bbox 532 2293 2113 2366">
     <span class='ocr_line' id='line_1_22' title="bbox 532 2293 2113 2366; baseline -0.004 -14"><span class='ocrx_word' id='word_1_141' title='bbox 532 2298 632 2353; x_wconf 84' lang='lat' dir='ltr'><strong>Hic</strong></span> <span class='ocrx_word' id='word_1_142' title='bbox 671 2305 756 2353; x_wconf 90' lang='lat' dir='ltr'><strong>est</strong></span> <span class='ocrx_word' id='word_1_143' title='bbox 808 2315 826 2347; x_wconf 82' lang='grc' dir='ltr'><strong>ι</strong></span> <span class='ocrx_word' id='word_1_144' title='bbox 887 2295 978 2366; x_wconf 91' lang='lat' dir='ltr'><strong>qui</strong></span> <span class='ocrx_word' id='word_1_145' title='bbox 1030 2293 1277 2349; x_wconf 81' lang='lat' dir='ltr'><strong>extendit</strong></span> <span class='ocrx_word' id='word_1_146' title='bbox 1333 2294 1501 2348; x_wconf 73' lang='lat' dir='ltr'><strong>cmlos</strong></span> <span class='ocrx_word' id='word_1_147' title='bbox 1542 2301 1596 2348; x_wconf 86' lang='lat' dir='ltr'><strong>et</strong></span> <span class='ocrx_word' id='word_1_148' title='bbox 1647 2293 1896 2364; x_wconf 79' lang='lat' dir='ltr'><strong>graditur</strong></span> <span class='ocrx_word' id='word_1_149' title='bbox 1947 2305 2113 2362; x_wconf 82' lang='lat' dir='ltr'><strong>super</strong></span> 
     </span>
    </p>
   </div>
   <div class='ocr_carea' id='block_1_23' title="bbox 532 2383 2111 2458">
    <p class='ocr_par' dir='ltr' id='par_1_23' title="bbox 532 2383 2111 2458">
     <span class='ocr_line' id='line_1_23' title="bbox 532 2383 2111 2458; baseline -0.004 -14"><span class='ocrx_word' id='word_1_150' title='bbox 532 2404 681 2444; x_wconf 85' lang='lat' dir='ltr'><strong>mare</strong></span> <span class='ocrx_word' id='word_1_151' title='bbox 708 2388 752 2419; x_wconf 83' lang='grc'>³³</span> <span class='ocrx_word' id='word_1_152' title='bbox 797 2387 955 2458; x_wconf 89' lang='lat' dir='ltr'><strong>quasi</strong></span> <span class='ocrx_word' id='word_1_153' title='bbox 1011 2402 1174 2455; x_wconf 90' lang='lat' dir='ltr'><strong>super</strong></span> <span class='ocrx_word' id='word_1_154' title='bbox 1217 2385 1610 2456; x_wconf 86' lang='lat' dir='ltr'><strong>pavimentum,</strong></span> <span class='ocrx_word' id='word_1_155' title='bbox 1674 2403 1692 2437; x_wconf 76' lang='grc' dir='ltr'><strong>ι</strong></span> <span class='ocrx_word' id='word_1_156' title='bbox 1754 2399 1879 2438; x_wconf 89' lang='lat' dir='ltr'><strong>cum</strong></span> <span class='ocrx_word' id='word_1_157' title='bbox 1935 2383 2111 2438; x_wconf 88' lang='lat' dir='ltr'><strong>factus</strong></span> 
     </span>
    </p>
   </div>
   <div class='ocr_carea' id='block_1_24' title="bbox 532 2475 2108 2548">
    <p class='ocr_par' dir='ltr' id='par_1_24' title="bbox 532 2475 2108 2548">
     <span class='ocr_line' id='line_1_24' title="bbox 532 2475 2108 2548; baseline -0.003 -14"><span class='ocrx_word' id='word_1_158' title='bbox 532 2480 698 2534; x_wconf 87' lang='lat' dir='ltr'><strong>homo</strong></span> <span class='ocrx_word' id='word_1_159' title='bbox 728 2477 990 2533; x_wconf 90' lang='lat' dir='ltr'><strong>miracula</strong></span> <span class='ocrx_word' id='word_1_160' title='bbox 1017 2485 1196 2548; x_wconf 90' lang='lat' dir='ltr'><strong>patrat</strong></span> <span class='ocrx_word' id='word_1_161' title='bbox 1219 2493 1340 2546; x_wconf 70' lang='lat' dir='ltr'><strong>qua:</strong></span> <span class='ocrx_word' id='word_1_162' title='bbox 1371 2478 1424 2530; x_wconf 89' lang='lat' dir='ltr'><strong>in</strong></span> <span class='ocrx_word' id='word_1_163' title='bbox 1455 2475 1764 2547; x_wconf 75' lang='lat' dir='ltr'><strong>Evangeliis</strong></span> <span class='ocrx_word' id='word_1_164' title='bbox 1790 2483 2108 2530; x_wconf 87' lang='lat' dir='ltr'><strong>narrantur.</strong></span> 
     </span>
    </p>
   </div>
   <div class='ocr_carea' id='block_1_25' title="bbox 531 2559 2108 2640">
    <p class='ocr_par' dir='ltr' id='par_1_25' title="bbox 531 2559 2108 2640">
     <span class='ocr_line' id='line_1_25' title="bbox 531 2559 2108 2640; baseline -0.002 -13"><span class='ocrx_word' id='word_1_165' title='bbox 531 2571 688 2639; x_wconf 82' lang='lat' dir='ltr'><strong>Quod</strong></span> <span class='ocrx_word' id='word_1_166' title='bbox 712 2559 766 2628; x_wconf 42' lang='lat' dir='ltr'><strong>si.</strong></span> <span class='ocrx_word' id='word_1_167' title='bbox 797 2573 1020 2628; x_wconf 90' lang='lat' dir='ltr'><strong>omnino</strong></span> <span class='ocrx_word' id='word_1_168' title='bbox 1056 2572 1122 2628; x_wconf 89' lang='lat' dir='ltr'><strong>ad</strong></span> <span class='ocrx_word' id='word_1_169' title='bbox 1153 2570 1248 2626; x_wconf 88' lang='lat' dir='ltr'><strong>Dei</strong></span> <span class='ocrx_word' id='word_1_170' title='bbox 1298 2569 1529 2626; x_wconf 85' lang='lat' dir='ltr'><strong>Verbum</strong></span> <span class='ocrx_word' id='word_1_171' title='bbox 1565 2577 1774 2640; x_wconf 89' lang='lat' dir='ltr'><strong>spectat</strong></span> <span class='ocrx_word' id='word_1_172' title='bbox 1817 2569 1905 2623; x_wconf 91' lang='lat' dir='ltr'><strong>hic</strong></span> <span class='ocrx_word' id='word_1_173' title='bbox 1934 2570 2108 2633; x_wconf 87' lang='lat' dir='ltr'><strong>locus,</strong></span> 
     </span>
    </p>
   </div>
   <div class='ocr_carea' id='block_1_26' title="bbox 531 2661 2113 2735">
    <p class='ocr_par' dir='ltr' id='par_1_26' title="bbox 531 2661 2113 2735">
     <span class='ocr_line' id='line_1_26' title="bbox 531 2661 2113 2735; baseline -0.003 -17"><span class='ocrx_word' id='word_1_174' title='bbox 531 2665 600 2718; x_wconf 91' lang='lat' dir='ltr'><strong>de</strong></span> <span class='ocrx_word' id='word_1_175' title='bbox 628 2680 694 2720; x_wconf 87' lang='lat' dir='ltr'><strong>eo</strong></span> <span class='ocrx_word' id='word_1_176' title='bbox 727 2664 1080 2735; x_wconf 79' lang='lat' dir='ltr'><strong>intelligenda</strong></span> <span class='ocrx_word' id='word_1_177' title='bbox 1119 2674 1246 2720; x_wconf 90' lang='lat' dir='ltr'><strong>sunt</strong></span> <span class='ocrx_word' id='word_1_178' title='bbox 1287 2679 1393 2718; x_wconf 91' lang='lat' dir='ltr'><strong>non</strong></span> <span class='ocrx_word' id='word_1_179' title='bbox 1427 2671 1637 2717; x_wconf 88' lang='lat' dir='ltr'><strong>tantum</strong></span> <span class='ocrx_word' id='word_1_180' title='bbox 1667 2677 1789 2733; x_wconf 64' lang='lat' dir='ltr'><strong>quae</strong></span> <span class='ocrx_word' id='word_1_181' title='bbox 1811 2661 1922 2730; x_wconf 90' lang='lat' dir='ltr'><strong>jam</strong></span> <span class='ocrx_word' id='word_1_182' title='bbox 1963 2669 2113 2714; x_wconf 83' lang='lat' dir='ltr'><strong>retu-</strong></span> 
     </span>
    </p>
   </div>
   <div class='ocr_carea' id='block_1_27' title="bbox 531 2751 2189 2836">
    <p class='ocr_par' dir='ltr' id='par_1_27' title="bbox 531 2751 2189 2836">
     <span class='ocr_line' id='line_1_27' title="bbox 531 2751 2189 2836; baseline -0.001 -28"><span class='ocrx_word' id='word_1_183' title='bbox 531 2753 719 2817; x_wconf 88' lang='lat' dir='ltr'><strong>limus,</strong></span> <span class='ocrx_word' id='word_1_184' title='bbox 756 2753 850 2810; x_wconf 88' lang='lat' dir='ltr'><strong>sed</strong></span> <span class='ocrx_word' id='word_1_185' title='bbox 882 2763 936 2810; x_wconf 89' lang='lat' dir='ltr'><strong>et</strong></span> <span class='ocrx_word' id='word_1_186' title='bbox 965 2754 1148 2836; x_wconf 80' lang='lat' dir='ltr'><strong>omnia</strong></span> <span class='ocrx_word' id='word_1_187' title='bbox 1187 2754 1240 2808; x_wconf 91' lang='lat' dir='ltr'><strong>in</strong></span> <span class='ocrx_word' id='word_1_188' title='bbox 1273 2753 1376 2808; x_wconf 88' lang='lat' dir='ltr'><strong>hoc</strong></span> <span class='ocrx_word' id='word_1_189' title='bbox 1402 2753 1704 2824; x_wconf 74' lang='lat' dir='ltr'><strong>fragmento</strong></span> <span class='ocrx_word' id='word_1_190' title='bbox 1733 2767 1762 2806; x_wconf 90' lang='lat' dir='ltr'><strong>a</strong></span> <span class='ocrx_word' id='word_1_191' title='bbox 1793 2751 1897 2808; x_wconf 88' lang='lat' dir='ltr'><strong>Job</strong></span> <span class='ocrx_word' id='word_1_192' title='bbox 1942 2752 2110 2807; x_wconf 89' lang='lat' dir='ltr'><strong>dicta.</strong></span> <span class='ocrx_word' id='word_1_193' title='bbox 2185 2765 2189 2770; x_wconf 79' lang='lat'><strong>’</strong></span> 
     </span>
    </p>
   </div>
   <div class='ocr_carea' id='block_1_28' title="bbox 532 2843 2114 2914">
    <p class='ocr_par' dir='ltr' id='par_1_28' title="bbox 532 2843 2114 2914">
     <span class='ocr_line' id='line_1_28' title="bbox 532 2843 2114 2914; baseline -0.001 -18"><span class='ocrx_word' id='word_1_194' title='bbox 532 2843 746 2898; x_wconf 78' lang='lat' dir='ltr'><strong>Etenim</strong></span> <span class='ocrx_word' id='word_1_195' title='bbox 799 2859 1056 2914; x_wconf 81' lang='lat' dir='ltr'><strong>magnum</strong></span> <span class='ocrx_word' id='word_1_196' title='bbox 1109 2852 1290 2899; x_wconf 92' lang='lat' dir='ltr'><strong>cetum</strong></span> <span class='ocrx_word' id='word_1_197' title='bbox 1343 2845 1494 2898; x_wconf 91' lang='lat' dir='ltr'><strong>solus</strong></span> <span class='ocrx_word' id='word_1_198' title='bbox 1559 2843 1858 2912; x_wconf 88' lang='lat' dir='ltr'><strong>superavit,</strong></span> <span class='ocrx_word' id='word_1_199' title='bbox 1919 2843 2114 2898; x_wconf 85' lang='lat' dir='ltr'><strong>solutis</strong></span> 
     </span>
    </p>
   </div>
   <div class='ocr_carea' id='block_1_29' title="bbox 538 2935 2114 3006">
    <p class='ocr_par' dir='ltr' id='par_1_29' title="bbox 538 2935 2114 3006">
     <span class='ocr_line' id='line_1_29' title="bbox 538 2935 2114 3006; baseline 0.003 -20"><span class='ocrx_word' id='word_1_200' title='bbox 538 2935 731 2990; x_wconf 91' lang='lat' dir='ltr'><strong>mortis</strong></span> <span class='ocrx_word' id='word_1_201' title='bbox 780 2935 1038 3000; x_wconf 80' lang='lat' dir='ltr'><strong>vinculis,</strong></span> <span class='ocrx_word' id='word_1_202' title='bbox 1087 2945 1140 2990; x_wconf 89' lang='lat' dir='ltr'><strong>et</strong></span> <span class='ocrx_word' id='word_1_203' title='bbox 1193 2951 1389 3006; x_wconf 83' lang='lat' dir='ltr'><strong>magno</strong></span> <span class='ocrx_word' id='word_1_204' title='bbox 1437 2950 1563 2990; x_wconf 88' lang='lat' dir='ltr'><strong>vere</strong></span> <span class='ocrx_word' id='word_1_205' title='bbox 1611 2935 1849 2990; x_wconf 80' lang='lat' dir='ltr'><strong>dracone</strong></span> <span class='ocrx_word' id='word_1_206' title='bbox 1896 2936 2114 2990; x_wconf 89' lang='lat' dir='ltr'><strong>diabolo</strong></span> 
     </span>
    </p>
   </div>
   <div class='ocr_carea' id='block_1_30' title="bbox 535 3025 2116 3096">
    <p class='ocr_par' dir='ltr' id='par_1_30' title="bbox 535 3025 2116 3096">
     <span class='ocr_line' id='line_1_30' title="bbox 535 3025 2116 3096; baseline 0.002 -19"><span class='ocrx_word' id='word_1_207' title='bbox 535 3033 834 3093; x_wconf 89' lang='lat' dir='ltr'><strong>prostrato,</strong></span> <span class='ocrx_word' id='word_1_208' title='bbox 879 3025 970 3094; x_wconf 81' lang='lat' dir='ltr'><strong>qui</strong></span> <span class='ocrx_word' id='word_1_209' title='bbox 1021 3026 1296 3096; x_wconf 89' lang='lat' dir='ltr'><strong>quondam</strong></span> <span class='ocrx_word' id='word_1_210' title='bbox 1347 3025 1626 3079; x_wconf 88' lang='lat' dir='ltr'><strong>hominum</strong></span> <span class='ocrx_word' id='word_1_211' title='bbox 1675 3025 1884 3080; x_wconf 88' lang='lat' dir='ltr'><strong>animas</strong></span> <span class='ocrx_word' id='word_1_212' title='bbox 1925 3026 2116 3081; x_wconf 81' lang='lat' dir='ltr'><strong>absor-</strong></span> 
     </span>
    </p>
   </div>
   <div class='ocr_carea' id='block_1_31' title="bbox 539 3116 2116 3181">
    <p class='ocr_par' dir='ltr' id='par_1_31' title="bbox 539 3116 2116 3181">
     <span class='ocr_line' id='line_1_31' title="bbox 539 3116 2116 3181; baseline 0.003 -11"><span class='ocrx_word' id='word_1_213' title='bbox 539 3117 732 3170; x_wconf 88' lang='lat' dir='ltr'><strong>buerat</strong></span> <span class='ocrx_word' id='word_1_214' title='bbox 768 3116 983 3181; x_wconf 84' lang='lat' dir='ltr'><strong>fortior,</strong></span> <span class='ocrx_word' id='word_1_215' title='bbox 1044 3118 1148 3172; x_wconf 89' lang='lat' dir='ltr'><strong>ceti</strong></span> <span class='ocrx_word' id='word_1_216' title='bbox 1195 3117 1372 3172; x_wconf 88' lang='lat' dir='ltr'><strong>instar</strong></span> <span class='ocrx_word' id='word_1_217' title='bbox 1408 3117 1602 3172; x_wconf 83' lang='lat' dir='ltr'><strong>Jonam</strong></span> <span class='ocrx_word' id='word_1_218' title='bbox 1641 3118 1888 3174; x_wconf 90' lang='lat' dir='ltr'><strong>vorantis</strong></span> <span class='ocrx_word' id='word_1_219' title='bbox 1917 3119 1980 3180; x_wconf 75' lang='grc'><strong>³⁸,</strong></span> <span class='ocrx_word' id='word_1_220' title='bbox 2011 3135 2116 3174; x_wconf 86' lang='lat' dir='ltr'><strong>nu-</strong></span> 
     </span>
    </p>
   </div>
   <div class='ocr_carea' id='block_1_32' title="bbox 537 3207 2114 3281">
    <p class='ocr_par' dir='ltr' id='par_1_32' title="bbox 537 3207 2114 3281">
     <span class='ocr_line' id='line_1_32' title="bbox 537 3207 2114 3281; baseline 0.003 -19"><span class='ocrx_word' id='word_1_221' title='bbox 537 3207 775 3276; x_wconf 79' lang='lat' dir='ltr'><strong>perrime</strong></span> <span class='ocrx_word' id='word_1_222' title='bbox 823 3223 953 3262; x_wconf 84' lang='lat' dir='ltr'><strong>vero</strong></span> <span class='ocrx_word' id='word_1_223' title='bbox 1001 3208 1070 3262; x_wconf 89' lang='lat' dir='ltr'><strong>ab</strong></span> <span class='ocrx_word' id='word_1_224' title='bbox 1121 3207 1438 3263; x_wconf 83' lang='lat' dir='ltr'><strong>adversario</strong></span> <span class='ocrx_word' id='word_1_225' title='bbox 1489 3222 1590 3262; x_wconf 90' lang='lat' dir='ltr'><strong>suo</strong></span> <span class='ocrx_word' id='word_1_226' title='bbox 1641 3207 1887 3264; x_wconf 88' lang='lat' dir='ltr'><strong>devictus</strong></span> <span class='ocrx_word' id='word_1_227' title='bbox 1915 3249 1929 3272; x_wconf 93' lang='lat'><strong>,</strong></span> <span class='ocrx_word' id='word_1_228' title='bbox 1976 3225 2114 3281; x_wconf 83' lang='lat' dir='ltr'><strong>quos</strong></span> 
     </span>
    </p>
   </div>
   <div class='ocr_carea' id='block_1_33' title="bbox 539 3297 2106 3369">
    <p class='ocr_par' dir='ltr' id='par_1_33' title="bbox 539 3297 2106 3369">
     <span class='ocr_line' id='line_1_33' title="bbox 539 3297 2106 3369; baseline 0.004 -19"><span class='ocrx_word' id='word_1_229' title='bbox 539 3298 668 3351; x_wconf 91' lang='lat' dir='ltr'><strong>olim</strong></span> <span class='ocrx_word' id='word_1_230' title='bbox 699 3297 990 3353; x_wconf 86' lang='lat' dir='ltr'><strong>sorbuerat</strong></span> <span class='ocrx_word' id='word_1_231' title='bbox 1038 3299 1242 3362; x_wconf 87' lang='lat' dir='ltr'><strong>emisit,</strong></span> <span class='ocrx_word' id='word_1_232' title='bbox 1273 3299 1736 3369; x_wconf 86' lang='lat' dir='ltr'><strong>quemadmodum</strong></span> <span class='ocrx_word' id='word_1_233' title='bbox 1771 3301 2106 3358; x_wconf 87' lang='lat' dir='ltr'><strong>incolumem</strong></span> 
     </span>
    </p>
   </div>
   <div class='ocr_carea' id='block_1_34' title="bbox 541 3389 2109 3462">
    <p class='ocr_par' dir='ltr' id='par_1_34' title="bbox 541 3389 2109 3462">
     <span class='ocr_line' id='line_1_34' title="bbox 541 3389 2109 3462; baseline 0.003 -20"><span class='ocrx_word' id='word_1_234' title='bbox 541 3398 847 3444; x_wconf 78' lang='lat' dir='ltr'><strong>monstrum</strong></span> <span class='ocrx_word' id='word_1_235' title='bbox 886 3389 1078 3444; x_wconf 87' lang='lat' dir='ltr'><strong>Jonam</strong></span> <span class='ocrx_word' id='word_1_236' title='bbox 1117 3391 1390 3457; x_wconf 90' lang='lat' dir='ltr'><strong>reddidit;</strong></span> <span class='ocrx_word' id='word_1_237' title='bbox 1427 3390 1506 3446; x_wconf 89' lang='lat' dir='ltr'><strong>sic</strong></span> <span class='ocrx_word' id='word_1_238' title='bbox 1548 3391 1768 3461; x_wconf 91' lang='lat' dir='ltr'><strong>impleta</strong></span> <span class='ocrx_word' id='word_1_239' title='bbox 1806 3393 2109 3462; x_wconf 88' lang='lat' dir='ltr'><strong>prophetia,</strong></span> 
     </span>
    </p>
   </div>
   <div class='ocr_carea' id='block_1_35' title="bbox 539 3481 2113 3552">
    <p class='ocr_par' dir='ltr' id='par_1_35' title="bbox 539 3481 2113 3552">
     <span class='ocr_line' id='line_1_35' title="bbox 539 3481 2113 3552; baseline 0.002 -18"><span class='ocrx_word' id='word_1_240' title='bbox 539 3481 598 3535; x_wconf 91' lang='lat' dir='ltr'><strong>in</strong></span> <span class='ocrx_word' id='word_1_241' title='bbox 627 3497 734 3551; x_wconf 88' lang='lat' dir='ltr'><strong>qua</strong></span> <span class='ocrx_word' id='word_1_242' title='bbox 769 3481 974 3536; x_wconf 86' lang='lat' dir='ltr'><strong>dictum</strong></span> <span class='ocrx_word' id='word_1_243' title='bbox 999 3489 1130 3536; x_wconf 83' lang='lat' dir='ltr'><strong>est:</strong></span> <span class='ocrx_word' id='word_1_244' title='bbox 1166 3501 1190 3533; x_wconf 55' lang='grc' dir='ltr'><strong>τι</strong></span> <span class='ocrx_word' id='word_1_245' title='bbox 1245 3481 1562 3552; x_wconf 83' lang='lat' dir='ltr'><strong>Absumpsit</strong></span> <span class='ocrx_word' id='word_1_246' title='bbox 1612 3497 1761 3536; x_wconf 89' lang='lat' dir='ltr'><strong>mors</strong></span> <span class='ocrx_word' id='word_1_247' title='bbox 1796 3481 2008 3548; x_wconf 79' lang='lat' dir='ltr'><strong>fortior,</strong></span> <span class='ocrx_word' id='word_1_248' title='bbox 2059 3493 2113 3540; x_wconf 91' lang='lat' dir='ltr'><strong>et</strong></span> 
     </span>
    </p>
   </div>
   <div class='ocr_carea' id='block_1_36' title="bbox 536 3574 2107 3647">
    <p class='ocr_par' dir='ltr' id='par_1_36' title="bbox 536 3574 2107 3647">
     <span class='ocr_line' id='line_1_36' title="bbox 536 3574 2107 3647; baseline 0.001 -20"><span class='ocrx_word' id='word_1_249' title='bbox 536 3574 746 3631; x_wconf 81' lang='lat' dir='ltr'><strong>auferet</strong></span> <span class='ocrx_word' id='word_1_250' title='bbox 769 3575 1034 3632; x_wconf 90' lang='lat' dir='ltr'><strong>Dominus</strong></span> <span class='ocrx_word' id='word_1_251' title='bbox 1075 3575 1215 3632; x_wconf 90' lang='lat' dir='ltr'><strong>Deus</strong></span> <span class='ocrx_word' id='word_1_252' title='bbox 1245 3577 1539 3647; x_wconf 78' lang='lat' dir='ltr'><strong>lacrymam</strong></span> <span class='ocrx_word' id='word_1_253' title='bbox 1569 3575 1637 3630; x_wconf 87' lang='lat' dir='ltr'><strong>ab</strong></span> <span class='ocrx_word' id='word_1_254' title='bbox 1669 3575 1816 3630; x_wconf 89' lang='lat' dir='ltr'><strong>omni</strong></span> <span class='ocrx_word' id='word_1_255' title='bbox 1839 3576 1978 3632; x_wconf 85' lang='lat' dir='ltr'><strong>facie</strong></span> <span class='ocrx_word' id='word_1_256' title='bbox 1992 3577 2055 3632; x_wconf 83' lang='grc'><strong>³⁵.</strong></span> <span class='ocrx_word' id='word_1_257' title='bbox 2089 3598 2107 3629; x_wconf 73' lang='grc' dir='ltr'><strong>ι</strong></span> 
     </span>
    </p>
   </div>
   <div class='ocr_carea' id='block_1_37' title="bbox 536 3667 2112 3740">
    <p class='ocr_par' dir='ltr' id='par_1_37' title="bbox 536 3667 2112 3740">
     <span class='ocr_line' id='line_1_37' title="bbox 536 3667 2112 3740; baseline -0.001 -16"><span class='ocrx_word' id='word_1_258' title='bbox 536 3667 690 3734; x_wconf 82' lang='lat' dir='ltr'><strong>Quod</strong></span> <span class='ocrx_word' id='word_1_259' title='bbox 719 3679 772 3724; x_wconf 88' lang='lat' dir='ltr'><strong>et</strong></span> <span class='ocrx_word' id='word_1_260' title='bbox 801 3670 1037 3725; x_wconf 80' lang='lat' dir='ltr'><strong>dicimus</strong></span> <span class='ocrx_word' id='word_1_261' title='bbox 1067 3677 1286 3740; x_wconf 89' lang='lat' dir='ltr'><strong>propter</strong></span> <span class='ocrx_word' id='word_1_262' title='bbox 1331 3685 1478 3732; x_wconf 87' lang='lat' dir='ltr'><strong>eum,</strong></span> <span class='ocrx_word' id='word_1_263' title='bbox 1511 3671 1602 3738; x_wconf 91' lang='lat' dir='ltr'><strong>qui</strong></span> <span class='ocrx_word' id='word_1_264' title='bbox 1639 3685 1892 3740; x_wconf 80' lang='lat' dir='ltr'><strong>magnum</strong></span> <span class='ocrx_word' id='word_1_265' title='bbox 1933 3677 2112 3723; x_wconf 90' lang='lat' dir='ltr'><strong>cetum</strong></span> 
     </span>
    </p>
   </div>
   <div class='ocr_carea' id='block_1_38' title="bbox 536 3757 2112 3830">
    <p class='ocr_par' dir='ltr' id='par_1_38' title="bbox 536 3757 2112 3830">
     <span class='ocr_line' id='line_1_38' title="bbox 536 3757 2112 3830; baseline 0.002 -19"><span class='ocrx_word' id='word_1_266' title='bbox 536 3759 626 3812; x_wconf 88' lang='lat' dir='ltr'><strong>hic</strong></span> <span class='ocrx_word' id='word_1_267' title='bbox 666 3759 1011 3830; x_wconf 83' lang='lat' dir='ltr'><strong>designatum</strong></span> <span class='ocrx_word' id='word_1_268' title='bbox 1045 3760 1362 3830; x_wconf 86' lang='lat' dir='ltr'><strong>prostravit,</strong></span> <span class='ocrx_word' id='word_1_269' title='bbox 1419 3757 1756 3814; x_wconf 87' lang='lat' dir='ltr'><strong>Salvatorem</strong></span> <span class='ocrx_word' id='word_1_270' title='bbox 1795 3757 2112 3814; x_wconf 88' lang='lat' dir='ltr'><strong>Dominum-</strong></span> 
     </span>
    </p>
   </div>
   <div class='ocr_carea' id='block_1_39' title="bbox 537 3859 942 3918">
    <p class='ocr_par' dir='ltr' id='par_1_39' title="bbox 537 3859 942 3918">
     <span class='ocr_line' id='line_1_39' title="bbox 537 3859 942 3918; baseline 0.012 -17"><span class='ocrx_word' id='word_1_271' title='bbox 537 3865 642 3918; x_wconf 79' lang='lat' dir='ltr'><strong>que</strong></span> <span class='ocrx_word' id='word_1_272' title='bbox 675 3859 942 3906; x_wconf 88' lang='lat' dir='ltr'><strong>nostrum.</strong></span> 
     </span>
    </p>
   </div>
   <div class='ocr_carea' id='block_1_40' title="bbox 2212 599 3776 671">
    <p class='ocr_par' dir='ltr' id='par_1_40' title="bbox 2212 599 3776 671">
     <span class='ocr_line' id='line_1_40' title="bbox 2212 599 3776 671; baseline 0.003 -20"><span class='ocrx_word' id='word_1_273' title='bbox 2212 600 2518 669; x_wconf 79' lang='grc' dir='ltr'><strong>κέκρυπται</strong></span> <span class='ocrx_word' id='word_1_274' title='bbox 2553 601 2617 669; x_wconf 83' lang='grc' dir='ltr'>τῇ</span> <span class='ocrx_word' id='word_1_275' title='bbox 2655 599 2821 669; x_wconf 81' lang='grc' dir='ltr'>βίϐλῳ</span> <span class='ocrx_word' id='word_1_276' title='bbox 2851 601 3266 671; x_wconf 72' lang='grc' dir='ltr'>ἀπορρητότερα</span> <span class='ocrx_word' id='word_1_277' title='bbox 3295 601 3610 670; x_wconf 79' lang='grc' dir='ltr'>μαθήματα,</span> <span class='ocrx_word' id='word_1_278' title='bbox 3637 601 3670 654; x_wconf 80' lang='grc' dir='ltr'><strong>ά</strong></span> <span class='ocrx_word' id='word_1_279' title='bbox 3699 607 3776 655; x_wconf 71' lang='grc' dir='ltr'><strong>καὶ</strong></span> 
     </span>
    </p>
   </div>
   <div class='ocr_carea' id='block_1_41' title="bbox 2211 685 3774 760">
    <p class='ocr_par' dir='ltr' id='par_1_41' title="bbox 2211 685 3774 760">
     <span class='ocr_line' id='line_1_41' title="bbox 2211 685 3774 760; baseline 0.002 -20"><span class='ocrx_word' id='word_1_280' title='bbox 2211 689 2586 758; x_wconf 85' lang='grc' dir='ltr'>πληρεστάτης</span> <span class='ocrx_word' id='word_1_281' title='bbox 2611 689 2712 760; x_wconf 78' lang='grc' dir='ltr'><strong>ἤδη</strong></span> <span class='ocrx_word' id='word_1_282' title='bbox 2747 689 3042 760; x_wconf 69' lang='grc' dir='ltr'>σαφηνείας</span> <span class='ocrx_word' id='word_1_283' title='bbox 3079 687 3286 759; x_wconf 72' lang='grc' dir='ltr'>ἔτυχεν,</span> <span class='ocrx_word' id='word_1_284' title='bbox 3317 691 3372 742; x_wconf 80' lang='grc' dir='ltr'><strong>ἐν</strong></span> <span class='ocrx_word' id='word_1_285' title='bbox 3411 685 3492 753; x_wconf 75' lang='grc' dir='ltr'><strong>οἷς</strong></span> <span class='ocrx_word' id='word_1_286' title='bbox 3517 694 3546 743; x_wconf 99' lang='lat'><strong>6</strong></span> <span class='ocrx_word' id='word_1_287' title='bbox 3578 691 3774 758; x_wconf 74' lang='grc' dir='ltr'>φιλοπο-</span> 
     </span>
    </p>
   </div>
   <div class='ocr_carea' id='block_1_42' title="bbox 2211 779 3774 854">
    <p class='ocr_par' dir='ltr' id='par_1_42' title="bbox 2211 779 3774 854">
     <span class='ocr_line' id='line_1_42' title="bbox 2211 779 3774 854; baseline 0.004 -21"><span class='ocrx_word' id='word_1_288' title='bbox 2211 780 2449 844; x_wconf 84' lang='grc' dir='ltr'>νώτατος</span> <span class='ocrx_word' id='word_1_289' title='bbox 2499 779 2607 831; x_wconf 82' lang='grc' dir='ltr'>τῶν</span> <span class='ocrx_word' id='word_1_290' title='bbox 2658 779 2816 833; x_wconf 88' lang='grc' dir='ltr'>θείων</span> <span class='ocrx_word' id='word_1_291' title='bbox 2867 780 3096 851; x_wconf 78' lang='grc' dir='ltr'>Γραφῶν</span> <span class='ocrx_word' id='word_1_292' title='bbox 3143 782 3410 853; x_wconf 69' lang='grc' dir='ltr'>ἐξηγητὴς</span> <span class='ocrx_word' id='word_1_293' title='bbox 3467 784 3774 854; x_wconf 72' lang='grc' dir='ltr'>ύπεμνημα-</span> 
     </span>
    </p>
   </div>
   <div class='ocr_carea' id='block_1_43' title="bbox 2211 871 2416 922">
    <p class='ocr_par' dir='ltr' id='par_1_43' title="bbox 2211 871 2416 922">
     <span class='ocr_line' id='line_1_43' title="bbox 2211 871 2416 922; baseline 0.005 -1"><span class='ocrx_word' id='word_1_294' title='bbox 2211 871 2416 922; x_wconf 81' lang='grc' dir='ltr'>τίσατο.</span> 
     </span>
    </p>
   </div>
   <div class='ocr_carea' id='block_1_44' title="bbox 2743 982 3248 1034">
    <p class='ocr_par' dir='ltr' id='par_1_44' title="bbox 2743 982 3248 1034">
     <span class='ocr_line' id='line_1_44' title="bbox 2743 982 3248 1034; baseline 0 0"><span class='ocrx_word' id='word_1_295' title='bbox 2743 982 3136 1034; x_wconf 71' lang='grc' dir='ltr'><strong>ΚΕΦΑΛΑΙΟΝ</strong></span> <span class='ocrx_word' id='word_1_296' title='bbox 3177 984 3248 1034; x_wconf 90' lang='lat' dir='ltr'><strong>Z&#39;.</strong></span> 
     </span>
    </p>
   </div>
   <div class='ocr_carea' id='block_1_45' title="bbox 2775 1092 3232 1148">
    <p class='ocr_par' dir='ltr' id='par_1_45' title="bbox 2775 1092 3232 1148">
     <span class='ocr_line' id='line_1_45' title="bbox 2775 1092 3232 1148; baseline 0 -2"><span class='ocrx_word' id='word_1_297' title='bbox 2775 1092 2916 1148; x_wconf 76' lang='grc' dir='ltr'><strong>Ἀπὸ</strong></span> <span class='ocrx_word' id='word_1_298' title='bbox 2949 1095 3053 1148; x_wconf 79' lang='grc' dir='ltr'>τοῦ</span> <span class='ocrx_word' id='word_1_299' title='bbox 3098 1094 3232 1148; x_wconf 69' lang='grc' dir='ltr'><strong>Ἰὼϐ.</strong></span> 
     </span>
    </p>
   </div>
   <div class='ocr_carea' id='block_1_46' title="bbox 2293 1205 3774 1276">
    <p class='ocr_par' dir='ltr' id='par_1_46' title="bbox 2293 1205 3774 1276">
     <span class='ocr_line' id='line_1_46' title="bbox 2293 1205 3774 1276; baseline -0.002 -14"><span class='ocrx_word' id='word_1_300' title='bbox 2293 1209 2351 1262; x_wconf 89' lang='lat'><strong>&#39;0</strong></span> <span class='ocrx_word' id='word_1_301' title='bbox 2395 1206 2512 1261; x_wconf 86' lang='grc' dir='ltr'><strong>Ἱώϐ</strong></span> <span class='ocrx_word' id='word_1_302' title='bbox 2539 1209 2686 1260; x_wconf 80' lang='grc' dir='ltr'>ἐστιν</span> <span class='ocrx_word' id='word_1_303' title='bbox 2713 1208 2742 1259; x_wconf 91' lang='lat'><strong>6</strong></span> <span class='ocrx_word' id='word_1_304' title='bbox 2767 1206 2990 1275; x_wconf 81' lang='grc' dir='ltr'><strong>φάσκων</strong></span> <span class='ocrx_word' id='word_1_305' title='bbox 3023 1205 3152 1273; x_wconf 86' lang='grc' dir='ltr'>περί</span> <span class='ocrx_word' id='word_1_306' title='bbox 3171 1205 3267 1258; x_wconf 76' lang='grc' dir='ltr'><strong>τοῦ</strong></span> <span class='ocrx_word' id='word_1_307' title='bbox 3297 1205 3500 1276; x_wconf 80' lang='grc' dir='ltr'>Κυρίου</span> <span class='ocrx_word' id='word_1_308' title='bbox 3535 1205 3672 1276; x_wconf 79' lang='grc' dir='ltr'>μετὰ</span> <span class='ocrx_word' id='word_1_309' title='bbox 3697 1207 3774 1259; x_wconf 68' lang='grc' dir='ltr'><strong>καὶ</strong></span> 
     </span>
    </p>
   </div>
   <div class='ocr_carea' id='block_1_47' title="bbox 2211 1296 3776 1372">
    <p class='ocr_par' dir='ltr' id='par_1_47' title="bbox 2211 1296 3776 1372">
     <span class='ocr_line' id='line_1_47' title="bbox 2211 1296 3776 1372; baseline -0.001 -20"><span class='ocrx_word' id='word_1_310' title='bbox 2211 1299 2433 1370; x_wconf 82' lang='grc' dir='ltr'>ἑτέρων,</span> <span class='ocrx_word' id='word_1_311' title='bbox 2463 1319 2482 1352; x_wconf 77' lang='grc' dir='ltr'><strong>ι</strong></span> <span class='ocrx_word' id='word_1_312' title='bbox 2525 1300 2582 1353; x_wconf 83' lang='lat'><strong>&#39;0</strong></span> <span class='ocrx_word' id='word_1_313' title='bbox 2607 1299 2780 1367; x_wconf 87' lang='grc' dir='ltr'>λέγων</span> <span class='ocrx_word' id='word_1_314' title='bbox 2803 1297 2880 1368; x_wconf 85' lang='grc' dir='ltr'><strong>τῷ</strong></span> <span class='ocrx_word' id='word_1_315' title='bbox 2905 1296 3041 1369; x_wconf 79' lang='grc' dir='ltr'><strong>ἡλίῳ</strong></span> <span class='ocrx_word' id='word_1_316' title='bbox 3073 1296 3168 1372; x_wconf 72' lang='grc' dir='ltr'><strong>καὶ</strong></span> <span class='ocrx_word' id='word_1_317' title='bbox 3197 1298 3297 1349; x_wconf 76' lang='grc' dir='ltr'>οὑκ</span> <span class='ocrx_word' id='word_1_318' title='bbox 3327 1296 3627 1358; x_wconf 84' lang='grc' dir='ltr'>ἀνατέλλει,</span> <span class='ocrx_word' id='word_1_319' title='bbox 3653 1299 3776 1350; x_wconf 80' lang='grc' dir='ltr'>κατὰ</span> 
     </span>
    </p>
   </div>
   <div class='ocr_carea' id='block_1_48' title="bbox 2209 1388 3774 1464">
    <p class='ocr_par' dir='ltr' id='par_1_48' title="bbox 2209 1388 3774 1464">
     <span class='ocr_line' id='line_1_48' title="bbox 2209 1388 3774 1464; baseline -0.002 -19"><span class='ocrx_word' id='word_1_320' title='bbox 2209 1393 2268 1446; x_wconf 79' lang='grc' dir='ltr'><strong>δὲ</strong></span> <span class='ocrx_word' id='word_1_321' title='bbox 2299 1391 2514 1464; x_wconf 82' lang='grc' dir='ltr'><strong>ἄστρων</strong></span> <span class='ocrx_word' id='word_1_322' title='bbox 2569 1389 3030 1462; x_wconf 76' lang='grc' dir='ltr'>κατασφραγίζει·</span> <span class='ocrx_word' id='word_1_323' title='bbox 3068 1392 3096 1443; x_wconf 90' lang='grc' dir='ltr'>ὁ</span> <span class='ocrx_word' id='word_1_324' title='bbox 3147 1388 3384 1453; x_wconf 77' lang='grc' dir='ltr'>τανύσας</span> <span class='ocrx_word' id='word_1_325' title='bbox 3427 1389 3520 1442; x_wconf 80' lang='grc' dir='ltr'>τὸν</span> <span class='ocrx_word' id='word_1_326' title='bbox 3567 1390 3774 1460; x_wconf 75' lang='grc' dir='ltr'>οὐρανὸν</span> 
     </span>
    </p>
   </div>
   <div class='ocr_carea' id='block_1_49' title="bbox 2213 1481 3770 1555">
    <p class='ocr_par' dir='ltr' id='par_1_49' title="bbox 2213 1481 3770 1555">
     <span class='ocr_line' id='line_1_49' title="bbox 2213 1481 3770 1555; baseline -0.002 -18"><span class='ocrx_word' id='word_1_327' title='bbox 2213 1484 2390 1555; x_wconf 80' lang='grc' dir='ltr'>μόνος,</span> <span class='ocrx_word' id='word_1_328' title='bbox 2416 1485 2510 1537; x_wconf 79' lang='grc' dir='ltr'>καὶ</span> <span class='ocrx_word' id='word_1_329' title='bbox 2536 1484 2848 1554; x_wconf 85' lang='grc' dir='ltr'>περιπατῶν</span> <span class='ocrx_word' id='word_1_330' title='bbox 2868 1484 2942 1546; x_wconf 83' lang='grc' dir='ltr'>ὡς</span> <span class='ocrx_word' id='word_1_331' title='bbox 2964 1483 3058 1536; x_wconf 70' lang='grc' dir='ltr'>ἐπὶ</span> <span class='ocrx_word' id='word_1_332' title='bbox 3080 1483 3304 1550; x_wconf 70' lang='grc' dir='ltr'>ἐδάφους</span> <span class='ocrx_word' id='word_1_333' title='bbox 3329 1482 3422 1536; x_wconf 77' lang='grc' dir='ltr'>ἐπὶ</span> <span class='ocrx_word' id='word_1_334' title='bbox 3448 1481 3770 1551; x_wconf 83' lang='grc' dir='ltr'>θαλάσσηςί</span> 
     </span>
    </p>
   </div>
   <div class='ocr_carea' id='block_1_50' title="bbox 2213 1573 3770 1646">
    <p class='ocr_par' dir='ltr' id='par_1_50' title="bbox 2213 1573 3770 1646">
     <span class='ocr_line' id='line_1_50' title="bbox 2213 1573 3770 1646; baseline -0.003 -16"><span class='ocrx_word' id='word_1_335' title='bbox 2213 1576 2305 1630; x_wconf 74' lang='grc' dir='ltr'><strong>καὶ</strong></span> <span class='ocrx_word' id='word_1_336' title='bbox 2333 1575 2513 1642; x_wconf 83' lang='grc' dir='ltr'>πάλιν,</span> <span class='ocrx_word' id='word_1_337' title='bbox 2543 1594 2561 1626; x_wconf 83' lang='grc' dir='ltr'><strong>ι</strong></span> <span class='ocrx_word' id='word_1_338' title='bbox 2605 1577 2660 1628; x_wconf 90' lang='grc' dir='ltr'><strong>Ὀ</strong></span> <span class='ocrx_word' id='word_1_339' title='bbox 2687 1576 2892 1646; x_wconf 82' lang='grc' dir='ltr'><strong>μέλλων</strong></span> <span class='ocrx_word' id='word_1_340' title='bbox 2913 1575 2975 1628; x_wconf 81' lang='grc' dir='ltr'><strong>τὸ</strong></span> <span class='ocrx_word' id='word_1_341' title='bbox 3007 1575 3150 1645; x_wconf 84' lang='grc' dir='ltr'>μέγα</span> <span class='ocrx_word' id='word_1_342' title='bbox 3171 1576 3334 1645; x_wconf 79' lang='grc' dir='ltr'>κῆτος</span> <span class='ocrx_word' id='word_1_343' title='bbox 3362 1573 3770 1646; x_wconf 72' lang='grc' dir='ltr'><strong>χειρώσασθαι.»</strong></span> 
     </span>
    </p>
   </div>
   <div class='ocr_carea' id='block_1_51' title="bbox 2225 1665 3774 1739">
    <p class='ocr_par' dir='ltr' id='par_1_51' title="bbox 2225 1665 3774 1739">
     <span class='ocr_line' id='line_1_51' title="bbox 2225 1665 3774 1739; baseline -0.001 -18"><span class='ocrx_word' id='word_1_344' title='bbox 2225 1668 2377 1722; x_wconf 77' lang='grc' dir='ltr'>Ἐπεὶ</span> <span class='ocrx_word' id='word_1_345' title='bbox 2403 1668 2582 1721; x_wconf 82' lang='grc' dir='ltr'>τοίνυν</span> <span class='ocrx_word' id='word_1_346' title='bbox 2613 1669 2714 1720; x_wconf 83' lang='grc' dir='ltr'><strong>οὐκ</strong></span> <span class='ocrx_word' id='word_1_347' title='bbox 2736 1667 2918 1737; x_wconf 74' lang='grc' dir='ltr'>ἔχεται</span> <span class='ocrx_word' id='word_1_348' title='bbox 2949 1669 3048 1738; x_wconf 77' lang='grc' dir='ltr'>τῆς</span> <span class='ocrx_word' id='word_1_349' title='bbox 3079 1666 3324 1739; x_wconf 71' lang='grc' dir='ltr'>περὶτοῦ</span> <span class='ocrx_word' id='word_1_350' title='bbox 3355 1665 3464 1720; x_wconf 84' lang='grc' dir='ltr'>τῶν</span> <span class='ocrx_word' id='word_1_351' title='bbox 3491 1667 3626 1726; x_wconf 82' lang='grc' dir='ltr'>ὅλων</span> <span class='ocrx_word' id='word_1_352' title='bbox 3655 1667 3774 1725; x_wconf 72' lang='grc' dir='ltr'>θεοῦ</span> 
     </span>
    </p>
   </div>
   <div class='ocr_carea' id='block_1_52' title="bbox 2213 1757 3776 1830">
    <p class='ocr_par' dir='ltr' id='par_1_52' title="bbox 2213 1757 3776 1830">
     <span class='ocr_line' id='line_1_52' title="bbox 2213 1757 3776 1830; baseline 0 -18"><span class='ocrx_word' id='word_1_353' title='bbox 2213 1757 2563 1830; x_wconf 79' lang='grc' dir='ltr'><strong>μεγαλονοίας</strong></span> <span class='ocrx_word' id='word_1_354' title='bbox 2611 1758 2671 1812; x_wconf 81' lang='grc' dir='ltr'><strong>τὸ</strong></span> <span class='ocrx_word' id='word_1_355' title='bbox 2721 1758 3121 1830; x_wconf 82' lang='grc' dir='ltr'>ὑπολαμϐάνειν</span> <span class='ocrx_word' id='word_1_356' title='bbox 3171 1759 3333 1812; x_wconf 78' lang='grc' dir='ltr'>αὑτὸν</span> <span class='ocrx_word' id='word_1_357' title='bbox 3383 1759 3450 1810; x_wconf 81' lang='grc' dir='ltr'>τὰ</span> <span class='ocrx_word' id='word_1_358' title='bbox 3509 1757 3776 1828; x_wconf 78' lang='grc' dir='ltr'>σύμπαντα</span> 
     </span>
    </p>
   </div>
   <div class='ocr_carea' id='block_1_53' title="bbox 2140 1849 3774 1944">
    <p class='ocr_par' dir='ltr' id='par_1_53' title="bbox 2140 1849 3774 1944">
     <span class='ocr_line' id='line_1_53' title="bbox 2140 1849 3774 1944; baseline 0.001 -42"><span class='ocrx_word' id='word_1_359' title='bbox 2140 1889 2182 1944; x_wconf 73' lang='grc' dir='ltr'><strong><em>Β</em></strong></span> <span class='ocrx_word' id='word_1_360' title='bbox 2212 1849 2518 1922; x_wconf 81' lang='grc' dir='ltr'>πληροῦντα</span> <span class='ocrx_word' id='word_1_361' title='bbox 2565 1850 2658 1904; x_wconf 71' lang='grc' dir='ltr'>ἐπὶ</span> <span class='ocrx_word' id='word_1_362' title='bbox 2701 1849 2945 1924; x_wconf 78' lang='grc' dir='ltr'><strong>θαλάσσῃ</strong></span> <span class='ocrx_word' id='word_1_363' title='bbox 2995 1849 3104 1922; x_wconf 89' lang='grc' dir='ltr'>(ης)</span> <span class='ocrx_word' id='word_1_364' title='bbox 3137 1853 3456 1922; x_wconf 82' lang='grc' dir='ltr'>περιπατεῖν</span> <span class='ocrx_word' id='word_1_365' title='bbox 3513 1851 3774 1922; x_wconf 82' lang='grc' dir='ltr'>χωρούσης</span> 
     </span>
    </p>
   </div>
   <div class='ocr_carea' id='block_1_54' title="bbox 2209 1941 3774 2014">
    <p class='ocr_par' dir='ltr' id='par_1_54' title="bbox 2209 1941 3774 2014">
     <span class='ocr_line' id='line_1_54' title="bbox 2209 1941 3774 2014; baseline 0.002 -20"><span class='ocrx_word' id='word_1_366' title='bbox 2209 1942 2376 1994; x_wconf 80' lang='grc' dir='ltr'>αὐτοῦ</span> <span class='ocrx_word' id='word_1_367' title='bbox 2409 1943 2470 1996; x_wconf 80' lang='grc' dir='ltr'>τὸ</span> <span class='ocrx_word' id='word_1_368' title='bbox 2497 1941 2742 2012; x_wconf 80' lang='grc' dir='ltr'>τοσοῦ</span> <span class='ocrx_word' id='word_1_369' title='bbox 2777 1941 3024 2012; x_wconf 84' lang='grc' dir='ltr'>μέγεθος,</span> <span class='ocrx_word' id='word_1_370' title='bbox 3062 1941 3304 1996; x_wconf 82' lang='grc' dir='ltr'>λείπεται</span> <span class='ocrx_word' id='word_1_371' title='bbox 3343 1944 3474 2014; x_wconf 74' lang='grc' dir='ltr'>περὶ</span> <span class='ocrx_word' id='word_1_372' title='bbox 3493 1944 3590 1996; x_wconf 74' lang='grc' dir='ltr'>τοῦ</span> <span class='ocrx_word' id='word_1_373' title='bbox 3621 1945 3774 2012; x_wconf 78' lang='grc' dir='ltr'>Λόγου</span> 
     </span>
    </p>
   </div>
   <div class='ocr_carea' id='block_1_55' title="bbox 2210 2027 3772 2105">
    <p class='ocr_par' dir='ltr' id='par_1_55' title="bbox 2210 2027 3772 2105">
     <span class='ocr_line' id='line_1_55' title="bbox 2210 2027 3772 2105; baseline 0.003 -21"><span class='ocrx_word' id='word_1_374' title='bbox 2210 2032 2381 2086; x_wconf 77' lang='grc' dir='ltr'>ταῦτα</span> <span class='ocrx_word' id='word_1_375' title='bbox 2403 2035 2540 2086; x_wconf 85' lang='grc' dir='ltr'>νοεῖν</span> <span class='ocrx_word' id='word_1_376' title='bbox 2560 2049 2574 2064; x_wconf 69' lang='grc' dir='ltr'><strong>ν</strong></span> <span class='ocrx_word' id='word_1_377' title='bbox 2602 2027 2662 2086; x_wconf 74' lang='grc' dir='ltr'>οὗ</span> <span class='ocrx_word' id='word_1_378' title='bbox 2691 2034 2757 2103; x_wconf 82' lang='grc' dir='ltr'>τῇ</span> <span class='ocrx_word' id='word_1_379' title='bbox 2793 2032 3040 2104; x_wconf 76' lang='grc' dir='ltr'><strong>δυνάμει,</strong></span> <span class='ocrx_word' id='word_1_380' title='bbox 3076 2031 3245 2097; x_wconf 88' lang='grc' dir='ltr'>τύπος</span> <span class='ocrx_word' id='word_1_381' title='bbox 3283 2032 3450 2088; x_wconf 74' lang='grc' dir='ltr'>αὑτοῦ</span> <span class='ocrx_word' id='word_1_382' title='bbox 3487 2035 3772 2105; x_wconf 76' lang='grc' dir='ltr'>τυγχάνων,</span> 
     </span>
    </p>
   </div>
   <div class='ocr_carea' id='block_1_56' title="bbox 2209 2121 3772 2196">
    <p class='ocr_par' dir='ltr' id='par_1_56' title="bbox 2209 2121 3772 2196">
     <span class='ocr_line' id='line_1_56' title="bbox 2209 2121 3772 2196; baseline -0.001 -17"><span class='ocrx_word' id='word_1_383' title='bbox 2209 2128 2238 2179; x_wconf 87' lang='lat'><strong>6</strong></span> <span class='ocrx_word' id='word_1_384' title='bbox 2271 2125 2363 2179; x_wconf 82' lang='grc' dir='ltr'>τοῦ</span> <span class='ocrx_word' id='word_1_385' title='bbox 2409 2126 2561 2194; x_wconf 82' lang='grc' dir='ltr'>Ναυὴ</span> <span class='ocrx_word' id='word_1_386' title='bbox 2601 2124 2808 2195; x_wconf 84' lang='grc' dir='ltr'>Ἰησοῦς</span> <span class='ocrx_word' id='word_1_387' title='bbox 2858 2121 3008 2178; x_wconf 79' lang='grc' dir='ltr'>εἶπεν</span> <span class='ocrx_word' id='word_1_388' title='bbox 3047 2124 3126 2196; x_wconf 85' lang='grc' dir='ltr'>τῷ</span> <span class='ocrx_word' id='word_1_389' title='bbox 3167 2124 3304 2196; x_wconf 77' lang='grc' dir='ltr'><strong>ἡλίῳ</strong></span> <span class='ocrx_word' id='word_1_390' title='bbox 3355 2125 3450 2178; x_wconf 74' lang='grc' dir='ltr'>καὶ</span> <span class='ocrx_word' id='word_1_391' title='bbox 3483 2125 3613 2196; x_wconf 81' lang='grc' dir='ltr'>ἔστη</span> <span class='ocrx_word' id='word_1_392' title='bbox 3655 2125 3772 2178; x_wconf 71' lang='grc' dir='ltr'>κατὰ</span> 
     </span>
    </p>
   </div>
   <div class='ocr_carea' id='block_1_57' title="bbox 2211 2217 3770 2290">
    <p class='ocr_par' dir='ltr' id='par_1_57' title="bbox 2211 2217 3770 2290">
     <span class='ocr_line' id='line_1_57' title="bbox 2211 2217 3770 2290; baseline -0.003 -18"><span class='ocrx_word' id='word_1_393' title='bbox 2211 2217 2456 2282; x_wconf 83' lang='grc' dir='ltr'>Γαϐαὼν,</span> <span class='ocrx_word' id='word_1_394' title='bbox 2493 2218 2626 2272; x_wconf 77' lang='grc' dir='ltr'><strong>ἀλλὰ</strong></span> <span class='ocrx_word' id='word_1_395' title='bbox 2647 2220 2740 2272; x_wconf 71' lang='grc' dir='ltr'><strong>καὶ</strong></span> <span class='ocrx_word' id='word_1_396' title='bbox 2763 2217 2904 2272; x_wconf 82' lang='grc' dir='ltr'>κατὰ</span> <span class='ocrx_word' id='word_1_397' title='bbox 2925 2219 3016 2272; x_wconf 81' lang='grc' dir='ltr'>τὸν</span> <span class='ocrx_word' id='word_1_398' title='bbox 3041 2219 3228 2290; x_wconf 77' lang='grc' dir='ltr'>καιρὸν</span> <span class='ocrx_word' id='word_1_399' title='bbox 3249 2219 3342 2272; x_wconf 83' lang='grc' dir='ltr'>τοῦ</span> <span class='ocrx_word' id='word_1_400' title='bbox 3375 2217 3584 2280; x_wconf 79' lang='grc' dir='ltr'>πάθους</span> <span class='ocrx_word' id='word_1_401' title='bbox 3605 2217 3770 2276; x_wconf 66' lang='grc' dir='ltr'>αὑτοῦ.</span> 
     </span>
    </p>
   </div>
   <div class='ocr_carea' id='block_1_58' title="bbox 2209 2307 3772 2380">
    <p class='ocr_par' dir='ltr' id='par_1_58' title="bbox 2209 2307 3772 2380">
     <span class='ocr_line' id='line_1_58' title="bbox 2209 2307 3772 2380; baseline -0.001 -18"><span class='ocrx_word' id='word_1_402' title='bbox 2209 2309 2449 2380; x_wconf 80' lang='grc' dir='ltr'>ὡσπερεὶ</span> <span class='ocrx_word' id='word_1_403' title='bbox 2471 2308 2590 2380; x_wconf 69' lang='grc' dir='ltr'>θείᾳ</span> <span class='ocrx_word' id='word_1_404' title='bbox 2614 2309 2718 2362; x_wconf 77' lang='grc' dir='ltr'>τινὶ</span> <span class='ocrx_word' id='word_1_405' title='bbox 2748 2309 3060 2380; x_wconf 79' lang='grc' dir='ltr'>προστάξει,</span> <span class='ocrx_word' id='word_1_406' title='bbox 3082 2311 3110 2362; x_wconf 88' lang='lat'><strong>6</strong></span> <span class='ocrx_word' id='word_1_407' title='bbox 3131 2310 3280 2380; x_wconf 73' lang='grc' dir='ltr'>ἥλιος</span> <span class='ocrx_word' id='word_1_408' title='bbox 3305 2310 3400 2362; x_wconf 76' lang='grc' dir='ltr'><strong>ἐπὶ</strong></span> <span class='ocrx_word' id='word_1_409' title='bbox 3435 2310 3616 2362; x_wconf 73' lang='grc' dir='ltr'>πᾶσαν</span> <span class='ocrx_word' id='word_1_410' title='bbox 3645 2307 3772 2361; x_wconf 75' lang='grc' dir='ltr'>ἐσκό-</span> 
     </span>
    </p>
   </div>
   <div class='ocr_carea' id='block_1_59' title="bbox 2209 2399 3774 2472">
    <p class='ocr_par' dir='ltr' id='par_1_59' title="bbox 2209 2399 3774 2472">
     <span class='ocr_line' id='line_1_59' title="bbox 2209 2399 3774 2472; baseline -0.002 -19"><span class='ocrx_word' id='word_1_411' title='bbox 2209 2417 2372 2454; x_wconf 88' lang='grc' dir='ltr'>τασεν</span> <span class='ocrx_word' id='word_1_412' title='bbox 2418 2400 2516 2472; x_wconf 83' lang='grc' dir='ltr'><strong>τὴν</strong></span> <span class='ocrx_word' id='word_1_413' title='bbox 2549 2401 2674 2470; x_wconf 74' lang='grc' dir='ltr'>γῆν.</span> <span class='ocrx_word' id='word_1_414' title='bbox 2717 2400 2890 2465; x_wconf 74' lang='grc' dir='ltr'>Αὐτὸς</span> <span class='ocrx_word' id='word_1_415' title='bbox 2925 2401 2982 2454; x_wconf 80' lang='grc' dir='ltr'>δέ</span> <span class='ocrx_word' id='word_1_416' title='bbox 3021 2401 3167 2454; x_wconf 74' lang='grc' dir='ltr'>ἐστιν</span> <span class='ocrx_word' id='word_1_417' title='bbox 3201 2419 3220 2452; x_wconf 77' lang='grc' dir='ltr'><strong>ι</strong></span> <span class='ocrx_word' id='word_1_418' title='bbox 3257 2403 3286 2454; x_wconf 90' lang='lat'><strong>6</strong></span> <span class='ocrx_word' id='word_1_419' title='bbox 3313 2399 3554 2463; x_wconf 82' lang='grc' dir='ltr'>τανύσας</span> <span class='ocrx_word' id='word_1_420' title='bbox 3591 2399 3672 2453; x_wconf 80' lang='grc' dir='ltr'><strong>τὸν</strong></span> <span class='ocrx_word' id='word_1_421' title='bbox 3697 2400 3774 2452; x_wconf 74' lang='grc' dir='ltr'><strong>οὖ-</strong></span> 
     </span>
    </p>
   </div>
   <div class='ocr_carea' id='block_1_60' title="bbox 2213 2489 3772 2563">
    <p class='ocr_par' dir='ltr' id='par_1_60' title="bbox 2213 2489 3772 2563">
     <span class='ocr_line' id='line_1_60' title="bbox 2213 2489 3772 2563; baseline -0.001 -20"><span class='ocrx_word' id='word_1_422' title='bbox 2213 2489 2394 2561; x_wconf 81' lang='grc' dir='ltr'>ρανὺν,</span> <span class='ocrx_word' id='word_1_423' title='bbox 2423 2491 2452 2542; x_wconf 97' lang='lat'><strong>6</strong></span> <span class='ocrx_word' id='word_1_424' title='bbox 2485 2492 2578 2544; x_wconf 73' lang='grc' dir='ltr'><strong>καὶ</strong></span> <span class='ocrx_word' id='word_1_425' title='bbox 2605 2493 2982 2563; x_wconf 80' lang='grc' dir='ltr'>περιπατήσας</span> <span class='ocrx_word' id='word_1_426' title='bbox 3001 2492 3076 2556; x_wconf 88' lang='grc' dir='ltr'>ὼς</span> <span class='ocrx_word' id='word_1_427' title='bbox 3107 2493 3191 2544; x_wconf 77' lang='grc' dir='ltr'><strong>ἐπ’</strong></span> <span class='ocrx_word' id='word_1_428' title='bbox 3223 2491 3454 2561; x_wconf 75' lang='grc' dir='ltr'>ἐδάφους</span> <span class='ocrx_word' id='word_1_429' title='bbox 3481 2491 3578 2544; x_wconf 76' lang='grc' dir='ltr'><strong>ἐπὶ</strong></span> <span class='ocrx_word' id='word_1_430' title='bbox 3601 2490 3772 2544; x_wconf 77' lang='grc' dir='ltr'>θαλάσο</span> 
     </span>
    </p>
   </div>
   <div class='ocr_carea' id='block_1_61' title="bbox 2213 2581 3768 2655">
    <p class='ocr_par' dir='ltr' id='par_1_61' title="bbox 2213 2581 3768 2655">
     <span class='ocr_line' id='line_1_61' title="bbox 2213 2581 3768 2655; baseline 0.003 -21"><span class='ocrx_word' id='word_1_431' title='bbox 2213 2601 2331 2653; x_wconf 86' lang='grc' dir='ltr'>σης,</span> <span class='ocrx_word' id='word_1_432' title='bbox 2364 2603 2382 2634; x_wconf 71' lang='grc' dir='ltr'><strong>ι</strong></span> <span class='ocrx_word' id='word_1_433' title='bbox 2412 2582 2647 2652; x_wconf 77' lang='grc' dir='ltr'><strong>ὁπηνίκα</strong></span> <span class='ocrx_word' id='word_1_434' title='bbox 2670 2583 3098 2655; x_wconf 75' lang='grc' dir='ltr'>ὲνανθρωπήσας</span> <span class='ocrx_word' id='word_1_435' title='bbox 3127 2585 3374 2637; x_wconf 77' lang='grc' dir='ltr'>ἀπετέλει</span> <span class='ocrx_word' id='word_1_436' title='bbox 3407 2583 3478 2636; x_wconf 71' lang='grc' dir='ltr'><strong>τὰ</strong></span> <span class='ocrx_word' id='word_1_437' title='bbox 3497 2581 3768 2652; x_wconf 74' lang='grc' dir='ltr'>παράδοξα.</span> 
     </span>
    </p>
   </div>
   <div class='ocr_carea' id='block_1_62' title="bbox 2213 2673 3770 2748">
    <p class='ocr_par' dir='ltr' id='par_1_62' title="bbox 2213 2673 3770 2748">
     <span class='ocr_line' id='line_1_62' title="bbox 2213 2673 3770 2748; baseline -0.001 -20"><span class='ocrx_word' id='word_1_438' title='bbox 2213 2673 2395 2737; x_wconf 89' lang='grc' dir='ltr'>καθὼς</span> <span class='ocrx_word' id='word_1_439' title='bbox 2425 2676 2481 2728; x_wconf 76' lang='grc' dir='ltr'><strong>ἐν</strong></span> <span class='ocrx_word' id='word_1_440' title='bbox 2504 2677 2618 2738; x_wconf 86' lang='grc' dir='ltr'>τοῖς</span> <span class='ocrx_word' id='word_1_441' title='bbox 2641 2675 2990 2744; x_wconf 84' lang='grc' dir='ltr'>Εὑαγγελίοις</span> <span class='ocrx_word' id='word_1_442' title='bbox 3035 2677 3332 2748; x_wconf 79' lang='grc' dir='ltr'>ἱστόρηται.</span> <span class='ocrx_word' id='word_1_443' title='bbox 3371 2677 3435 2728; x_wconf 82' lang='lat' dir='ltr'><strong>Ei</strong></span> <span class='ocrx_word' id='word_1_444' title='bbox 3461 2677 3506 2728; x_wconf 83' lang='grc' dir='ltr'><strong>δ’</strong></span> <span class='ocrx_word' id='word_1_445' title='bbox 3537 2676 3665 2738; x_wconf 78' lang='grc' dir='ltr'>ὅλως</span> <span class='ocrx_word' id='word_1_446' title='bbox 3693 2677 3770 2726; x_wconf 80' lang='grc' dir='ltr'>ὲπι</span> 
     </span>
    </p>
   </div>
   <div class='ocr_carea' id='block_1_63' title="bbox 2211 2765 3767 2836">
    <p class='ocr_par' dir='ltr' id='par_1_63' title="bbox 2211 2765 3767 2836">
     <span class='ocr_line' id='line_1_63' title="bbox 2211 2765 3767 2836; baseline 0.001 -18"><span class='ocrx_word' id='word_1_447' title='bbox 2211 2766 2300 2818; x_wconf 83' lang='grc' dir='ltr'><strong>τὸν</strong></span> <span class='ocrx_word' id='word_1_448' title='bbox 2333 2765 2424 2819; x_wconf 78' lang='grc' dir='ltr'><strong>τοῦ</strong></span> <span class='ocrx_word' id='word_1_449' title='bbox 2464 2766 2599 2820; x_wconf 81' lang='grc' dir='ltr'>Θεοῦ</span> <span class='ocrx_word' id='word_1_450' title='bbox 2633 2767 2806 2836; x_wconf 80' lang='grc' dir='ltr'>Λόγον</span> <span class='ocrx_word' id='word_1_451' title='bbox 2846 2766 2916 2820; x_wconf 83' lang='grc' dir='ltr'>τὰ</span> <span class='ocrx_word' id='word_1_452' title='bbox 2945 2767 3088 2821; x_wconf 83' lang='grc' dir='ltr'>κατὰ</span> <span class='ocrx_word' id='word_1_453' title='bbox 3113 2769 3238 2831; x_wconf 81' lang='grc' dir='ltr'>τοὺς</span> <span class='ocrx_word' id='word_1_454' title='bbox 3275 2769 3474 2832; x_wconf 77' lang='grc' dir='ltr'>τόπους</span> <span class='ocrx_word' id='word_1_455' title='bbox 3515 2767 3767 2836; x_wconf 76' lang='grc' dir='ltr'>ἀναφέροι,</span> 
     </span>
    </p>
   </div>
   <div class='ocr_carea' id='block_1_64' title="bbox 2213 2857 3768 2931">
    <p class='ocr_par' dir='ltr' id='par_1_64' title="bbox 2213 2857 3768 2931">
     <span class='ocr_line' id='line_1_64' title="bbox 2213 2857 3768 2931; baseline 0.001 -21"><span class='ocrx_word' id='word_1_456' title='bbox 2213 2858 2272 2910; x_wconf 82' lang='grc' dir='ltr'>τὸ</span> <span class='ocrx_word' id='word_1_457' title='bbox 2321 2857 2449 2927; x_wconf 77' lang='grc' dir='ltr'>ἑξῆς</span> <span class='ocrx_word' id='word_1_458' title='bbox 2479 2858 2543 2911; x_wconf 88' lang='grc' dir='ltr'><strong>ἂν</strong></span> <span class='ocrx_word' id='word_1_459' title='bbox 2575 2859 2658 2931; x_wconf 76' lang='grc' dir='ltr'>εἴη</span> <span class='ocrx_word' id='word_1_460' title='bbox 2695 2859 2768 2930; x_wconf 83' lang='grc' dir='ltr'><strong>μὴ</strong></span> <span class='ocrx_word' id='word_1_461' title='bbox 2817 2859 2955 2928; x_wconf 73' lang='grc' dir='ltr'>μόνα</span> <span class='ocrx_word' id='word_1_462' title='bbox 3001 2859 3146 2930; x_wconf 72' lang='grc' dir='ltr'>άπερ</span> <span class='ocrx_word' id='word_1_463' title='bbox 3189 2859 3487 2930; x_wconf 80' lang='grc' dir='ltr'>ὲξεθέμεθα</span> <span class='ocrx_word' id='word_1_464' title='bbox 3539 2859 3670 2931; x_wconf 73' lang='grc' dir='ltr'>ῥητὰ</span> <span class='ocrx_word' id='word_1_465' title='bbox 3703 2859 3768 2921; x_wconf 79' lang='grc' dir='ltr'>εἰς</span> 
     </span>
    </p>
   </div>
   <div class='ocr_carea' id='block_1_65' title="bbox 2215 2949 3768 3021">
    <p class='ocr_par' dir='ltr' id='par_1_65' title="bbox 2215 2949 3768 3021">
     <span class='ocr_line' id='line_1_65' title="bbox 2215 2949 3768 3021; baseline -0.001 -19"><span class='ocrx_word' id='word_1_466' title='bbox 2215 2949 2375 3002; x_wconf 82' lang='grc' dir='ltr'>αὑτὸν</span> <span class='ocrx_word' id='word_1_467' title='bbox 2410 2949 2790 3020; x_wconf 77' lang='grc' dir='ltr'>ἐκλαμϐάνειν,</span> <span class='ocrx_word' id='word_1_468' title='bbox 2823 2951 2957 3004; x_wconf 73' lang='grc' dir='ltr'><strong>ἀλλὰ</strong></span> <span class='ocrx_word' id='word_1_469' title='bbox 2997 2951 3092 3004; x_wconf 75' lang='grc' dir='ltr'><strong>καὶ</strong></span> <span class='ocrx_word' id='word_1_470' title='bbox 3131 2950 3306 3004; x_wconf 79' lang='grc' dir='ltr'>πάντα</span> <span class='ocrx_word' id='word_1_471' title='bbox 3339 2951 3404 3003; x_wconf 81' lang='grc' dir='ltr'><strong>τά</strong></span> <span class='ocrx_word' id='word_1_472' title='bbox 3437 2953 3494 3004; x_wconf 85' lang='grc' dir='ltr'><strong>ὲν</strong></span> <span class='ocrx_word' id='word_1_473' title='bbox 3532 2954 3596 3021; x_wconf 78' lang='grc' dir='ltr'>τῇ</span> <span class='ocrx_word' id='word_1_474' title='bbox 3636 2965 3768 3020; x_wconf 50' lang='lat' dir='ltr'><strong>apt-</strong></span> 
     </span>
    </p>
   </div>
   <div class='ocr_carea' id='block_1_66' title="bbox 2217 3039 3770 3113">
    <p class='ocr_par' dir='ltr' id='par_1_66' title="bbox 2217 3039 3770 3113">
     <span class='ocr_line' id='line_1_66' title="bbox 2217 3039 3770 3113; baseline -0.001 -19"><span class='ocrx_word' id='word_1_475' title='bbox 2217 3044 2357 3112; x_wconf 82' lang='grc' dir='ltr'><strong>κοπῇ</strong></span> <span class='ocrx_word' id='word_1_476' title='bbox 2391 3041 2494 3094; x_wconf 79' lang='grc' dir='ltr'><strong>ὑπὸ</strong></span> <span class='ocrx_word' id='word_1_477' title='bbox 2523 3043 2616 3095; x_wconf 80' lang='grc' dir='ltr'>τοῦ</span> <span class='ocrx_word' id='word_1_478' title='bbox 2661 3041 2780 3096; x_wconf 81' lang='grc' dir='ltr'><strong>Ἰὼϐ</strong></span> <span class='ocrx_word' id='word_1_479' title='bbox 2811 3043 3110 3113; x_wconf 83' lang='grc' dir='ltr'>λεγόμενα·</span> <span class='ocrx_word' id='word_1_480' title='bbox 3175 3041 3268 3094; x_wconf 75' lang='grc' dir='ltr'><strong>καὶ</strong></span> <span class='ocrx_word' id='word_1_481' title='bbox 3299 3041 3410 3112; x_wconf 74' lang='grc' dir='ltr'>γὰρ</span> <span class='ocrx_word' id='word_1_482' title='bbox 3437 3041 3530 3094; x_wconf 84' lang='grc' dir='ltr'>καὶ</span> <span class='ocrx_word' id='word_1_483' title='bbox 3567 3041 3626 3094; x_wconf 75' lang='grc' dir='ltr'>τὸ</span> <span class='ocrx_word' id='word_1_484' title='bbox 3650 3039 3770 3110; x_wconf 73' lang='grc' dir='ltr'>μέγα</span> 
     </span>
    </p>
   </div>
   <div class='ocr_carea' id='block_1_67' title="bbox 2218 3129 3767 3206">
    <p class='ocr_par' dir='ltr' id='par_1_67' title="bbox 2218 3129 3767 3206">
     <span class='ocr_line' id='line_1_67' title="bbox 2218 3129 3767 3206; baseline -0.01 -8"><span class='ocrx_word' id='word_1_485' title='bbox 2218 3133 2379 3203; x_wconf 77' lang='grc' dir='ltr'>κῆτος</span> <span class='ocrx_word' id='word_1_486' title='bbox 2412 3133 2566 3204; x_wconf 82' lang='grc' dir='ltr'>μόνος</span> <span class='ocrx_word' id='word_1_487' title='bbox 2603 3134 2762 3198; x_wconf 75' lang='grc' dir='ltr'>αὐτὸς</span> <span class='ocrx_word' id='word_1_488' title='bbox 2791 3134 3142 3206; x_wconf 77' lang='grc' dir='ltr'>ἐχειρώσατο,</span> <span class='ocrx_word' id='word_1_489' title='bbox 3169 3134 3337 3196; x_wconf 84' lang='grc' dir='ltr'>λύσας</span> <span class='ocrx_word' id='word_1_490' title='bbox 3363 3132 3464 3196; x_wconf 77' lang='grc' dir='ltr'>τὰς</span> <span class='ocrx_word' id='word_1_491' title='bbox 3483 3132 3668 3194; x_wconf 85' lang='grc' dir='ltr'>ὠδῖνας</span> <span class='ocrx_word' id='word_1_492' title='bbox 3691 3129 3767 3183; x_wconf 72' lang='grc' dir='ltr'>τοῦ</span> 
     </span>
    </p>
   </div>
   <div class='ocr_carea' id='block_1_68' title="bbox 2143 3225 3770 3298">
    <p class='ocr_par' dir='ltr' id='par_1_68' title="bbox 2143 3225 3770 3298">
     <span class='ocr_line' id='line_1_68' title="bbox 2143 3225 3770 3298; baseline -0.001 -20"><span class='ocrx_word' id='word_1_493' title='bbox 2143 3240 2184 3296; x_wconf 77' lang='lat' dir='ltr'><strong>c</strong></span> <span class='ocrx_word' id='word_1_494' title='bbox 2217 3225 2467 3290; x_wconf 88' lang='grc' dir='ltr'>θανάτου,</span> <span class='ocrx_word' id='word_1_495' title='bbox 2497 3228 2588 3280; x_wconf 79' lang='grc' dir='ltr'><strong>καὶ</strong></span> <span class='ocrx_word' id='word_1_496' title='bbox 2614 3227 2703 3280; x_wconf 86' lang='grc' dir='ltr'><strong>τὸν</strong></span> <span class='ocrx_word' id='word_1_497' title='bbox 2729 3227 2900 3298; x_wconf 86' lang='grc' dir='ltr'>μέγαν</span> <span class='ocrx_word' id='word_1_498' title='bbox 2929 3228 3004 3291; x_wconf 85' lang='grc' dir='ltr'><strong>ὡς</strong></span> <span class='ocrx_word' id='word_1_499' title='bbox 3035 3227 3251 3297; x_wconf 82' lang='grc' dir='ltr'>ἀληθῶς</span> <span class='ocrx_word' id='word_1_500' title='bbox 3275 3226 3544 3297; x_wconf 85' lang='grc' dir='ltr'>δράκοντα</span> <span class='ocrx_word' id='word_1_501' title='bbox 3571 3225 3656 3278; x_wconf 80' lang='grc' dir='ltr'><strong>τὸν</strong></span> <span class='ocrx_word' id='word_1_502' title='bbox 3675 3225 3770 3278; x_wconf 75' lang='grc' dir='ltr'><strong>διὰ-</strong></span> 
     </span>
    </p>
   </div>
   <div class='ocr_carea' id='block_1_69' title="bbox 2213 3315 3768 3390">
    <p class='ocr_par' dir='ltr' id='par_1_69' title="bbox 2213 3315 3768 3390">
     <span class='ocr_line' id='line_1_69' title="bbox 2213 3315 3768 3390; baseline -0.001 -22"><span class='ocrx_word' id='word_1_503' title='bbox 2213 3315 2366 3369; x_wconf 87' lang='grc' dir='ltr'>ϐολον</span> <span class='ocrx_word' id='word_1_504' title='bbox 2401 3319 2771 3390; x_wconf 84' lang='grc' dir='ltr'>καταργήσας,</span> <span class='ocrx_word' id='word_1_505' title='bbox 2807 3317 2866 3381; x_wconf 88' lang='grc' dir='ltr'>ὃς</span> <span class='ocrx_word' id='word_1_506' title='bbox 2897 3319 3064 3372; x_wconf 84' lang='grc' dir='ltr'>πάλαι</span> <span class='ocrx_word' id='word_1_507' title='bbox 3100 3319 3196 3388; x_wconf 85' lang='grc' dir='ltr'><strong>μὲν</strong></span> <span class='ocrx_word' id='word_1_508' title='bbox 3227 3318 3328 3386; x_wconf 35' lang='grc' dir='ltr'>τὰς,</span> <span class='ocrx_word' id='word_1_509' title='bbox 3363 3317 3474 3369; x_wconf 84' lang='grc' dir='ltr'>τῶν</span> <span class='ocrx_word' id='word_1_510' title='bbox 3497 3315 3768 3386; x_wconf 80' lang='grc' dir='ltr'>ἀνθρώπων</span> 
     </span>
    </p>
   </div>
   <div class='ocr_carea' id='block_1_70' title="bbox 2211 3407 3766 3482">
    <p class='ocr_par' dir='ltr' id='par_1_70' title="bbox 2211 3407 3766 3482">
     <span class='ocr_line' id='line_1_70' title="bbox 2211 3407 3766 3482; baseline 0 -22"><span class='ocrx_word' id='word_1_511' title='bbox 2211 3407 2385 3478; x_wconf 74' lang='grc' dir='ltr'>ψυχὰς</span> <span class='ocrx_word' id='word_1_512' title='bbox 2412 3408 2698 3462; x_wconf 82' lang='grc' dir='ltr'>κατέπινεν</span> <span class='ocrx_word' id='word_1_513' title='bbox 2725 3409 2968 3480; x_wconf 86' lang='grc' dir='ltr'>ἰσχύσας,</span> <span class='ocrx_word' id='word_1_514' title='bbox 2994 3410 3148 3482; x_wconf 85' lang='grc' dir='ltr'>δίκην</span> <span class='ocrx_word' id='word_1_515' title='bbox 3169 3409 3262 3462; x_wconf 74' lang='grc' dir='ltr'><strong>τού</strong></span> <span class='ocrx_word' id='word_1_516' title='bbox 3287 3411 3378 3463; x_wconf 69' lang='grc' dir='ltr'>τὸν</span> <span class='ocrx_word' id='word_1_517' title='bbox 3413 3411 3594 3464; x_wconf 74' lang='grc' dir='ltr'><strong>Ἱωνᾶν</strong></span> <span class='ocrx_word' id='word_1_518' title='bbox 3621 3424 3766 3462; x_wconf 77' lang='grc' dir='ltr'>κατα-</span> 
     </span>
    </p>
   </div>
   <div class='ocr_carea' id='block_1_71' title="bbox 2213 3497 3767 3574">
    <p class='ocr_par' dir='ltr' id='par_1_71' title="bbox 2213 3497 3767 3574">
     <span class='ocr_line' id='line_1_71' title="bbox 2213 3497 3767 3574; baseline 0.001 -23"><span class='ocrx_word' id='word_1_519' title='bbox 2213 3500 2529 3564; x_wconf 80' lang='grc' dir='ltr'>πεπωκότος</span> <span class='ocrx_word' id='word_1_520' title='bbox 2582 3503 2800 3572; x_wconf 86' lang='grc' dir='ltr'>κήτους,</span> <span class='ocrx_word' id='word_1_521' title='bbox 2861 3501 3143 3574; x_wconf 70' lang='grc' dir='ltr'>χειρωθεὶς</span> <span class='ocrx_word' id='word_1_522' title='bbox 3175 3502 3219 3556; x_wconf 81' lang='grc' dir='ltr'><strong>δ’</strong></span> <span class='ocrx_word' id='word_1_523' title='bbox 3272 3501 3496 3572; x_wconf 82' lang='grc' dir='ltr'>ὕστερον</span> <span class='ocrx_word' id='word_1_524' title='bbox 3545 3499 3646 3554; x_wconf 74' lang='grc' dir='ltr'>ὑπὸ</span> <span class='ocrx_word' id='word_1_525' title='bbox 3691 3497 3767 3552; x_wconf 73' lang='grc' dir='ltr'><strong>τοῦ</strong></span> 
     </span>
    </p>
   </div>
   <div class='ocr_carea' id='block_1_72' title="bbox 2213 3589 3768 3664">
    <p class='ocr_par' dir='ltr' id='par_1_72' title="bbox 2213 3589 3768 3664">
     <span class='ocr_line' id='line_1_72' title="bbox 2213 3589 3768 3664; baseline -0.003 -20"><span class='ocrx_word' id='word_1_526' title='bbox 2213 3608 2352 3644; x_wconf 87' lang='grc' dir='ltr'>κατα</span> <span class='ocrx_word' id='word_1_527' title='bbox 2375 3591 2736 3655; x_wconf 82' lang='grc' dir='ltr'>παλαίσαντος</span> <span class='ocrx_word' id='word_1_528' title='bbox 2763 3593 2944 3657; x_wconf 77' lang='grc' dir='ltr'>αὐτὸν,</span> <span class='ocrx_word' id='word_1_529' title='bbox 2983 3595 3295 3664; x_wconf 76' lang='grc' dir='ltr'>προήγαγεν</span> <span class='ocrx_word' id='word_1_530' title='bbox 3327 3589 3480 3656; x_wconf 84' lang='grc' dir='ltr'>αὖθις</span> <span class='ocrx_word' id='word_1_531' title='bbox 3509 3591 3600 3654; x_wconf 80' lang='grc' dir='ltr'>οὓς</span> <span class='ocrx_word' id='word_1_532' title='bbox 3629 3590 3768 3642; x_wconf 71' lang='grc' dir='ltr'>πάλαι</span> 
     </span>
    </p>
   </div>
   <div class='ocr_carea' id='block_1_73' title="bbox 2215 3683 3766 3757">
    <p class='ocr_par' dir='ltr' id='par_1_73' title="bbox 2215 3683 3766 3757">
     <span class='ocr_line' id='line_1_73' title="bbox 2215 3683 3766 3757; baseline -0.002 -20"><span class='ocrx_word' id='word_1_533' title='bbox 2215 3685 2627 3750; x_wconf 80' lang='grc' dir='ltr'>καταπεπώκει,</span> <span class='ocrx_word' id='word_1_534' title='bbox 2669 3685 2869 3756; x_wconf 83' lang='grc' dir='ltr'>ὁμοίως</span> <span class='ocrx_word' id='word_1_535' title='bbox 2904 3686 2980 3757; x_wconf 82' lang='grc' dir='ltr'>τῷ</span> <span class='ocrx_word' id='word_1_536' title='bbox 3009 3687 3098 3738; x_wconf 77' lang='grc' dir='ltr'>τὸν</span> <span class='ocrx_word' id='word_1_537' title='bbox 3135 3688 3318 3740; x_wconf 78' lang='grc' dir='ltr'>Ἰωνᾶν</span> <span class='ocrx_word' id='word_1_538' title='bbox 3364 3686 3501 3739; x_wconf 82' lang='grc' dir='ltr'>σῶον</span> <span class='ocrx_word' id='word_1_539' title='bbox 3531 3683 3766 3737; x_wconf 61' lang='grc' dir='ltr'>ἀποδεδω-</span> 
     </span>
    </p>
   </div>
   <div class='ocr_carea' id='block_1_74' title="bbox 2217 3776 3766 3850">
    <p class='ocr_par' dir='ltr' id='par_1_74' title="bbox 2217 3776 3766 3850">
     <span class='ocr_line' id='line_1_74' title="bbox 2217 3776 3766 3850; baseline 0.001 -23"><span class='ocrx_word' id='word_1_540' title='bbox 2217 3776 2334 3829; x_wconf 84' lang='grc' dir='ltr'>κότι</span> <span class='ocrx_word' id='word_1_541' title='bbox 2361 3777 2533 3850; x_wconf 82' lang='grc' dir='ltr'>θηρίῳ</span> <span class='ocrx_word' id='word_1_542' title='bbox 2553 3797 2564 3808; x_wconf 93' lang='grc'><strong>·</strong></span> <span class='ocrx_word' id='word_1_543' title='bbox 2623 3779 3000 3850; x_wconf 79' lang='grc' dir='ltr'>πληρουμένης</span> <span class='ocrx_word' id='word_1_544' title='bbox 3041 3780 3099 3831; x_wconf 80' lang='grc' dir='ltr'>ὲν</span> <span class='ocrx_word' id='word_1_545' title='bbox 3131 3777 3302 3850; x_wconf 84' lang='grc' dir='ltr'>τούτῳ</span> <span class='ocrx_word' id='word_1_546' title='bbox 3331 3777 3656 3848; x_wconf 66' lang='grc' dir='ltr'>προφητείας</span> <span class='ocrx_word' id='word_1_547' title='bbox 3685 3791 3766 3840; x_wconf 65' lang='grc' dir='ltr'><strong>’.ξε-</strong></span> 
     </span>
    </p>
   </div>
   <div class='ocr_carea' id='block_1_75' title="bbox 2217 3866 3764 3941">
    <p class='ocr_par' dir='ltr' id='par_1_75' title="bbox 2217 3866 3764 3941">
     <span class='ocr_line' id='line_1_75' title="bbox 2217 3866 3764 3941; baseline -0.002 -19"><span class='ocrx_word' id='word_1_548' title='bbox 2217 3869 2473 3940; x_wconf 81' lang='grc' dir='ltr'>σκούσης,</span> <span class='ocrx_word' id='word_1_549' title='bbox 2514 3890 2530 3918; x_wconf 77' lang='grc' dir='ltr'><strong>ι</strong></span> <span class='ocrx_word' id='word_1_550' title='bbox 2571 3871 2844 3924; x_wconf 76' lang='grc' dir='ltr'>Κατέπιεν</span> <span class='ocrx_word' id='word_1_551' title='bbox 2883 3873 2910 3924; x_wconf 85' lang='grc' dir='ltr'><strong>ὁ</strong></span> <span class='ocrx_word' id='word_1_552' title='bbox 2942 3871 3166 3934; x_wconf 79' lang='grc' dir='ltr'>θάνατος</span> <span class='ocrx_word' id='word_1_553' title='bbox 3217 3871 3462 3941; x_wconf 79' lang='grc' dir='ltr'>ἰσχύσας,</span> <span class='ocrx_word' id='word_1_554' title='bbox 3511 3870 3602 3922; x_wconf 80' lang='grc' dir='ltr'><strong>καὶ</strong></span> <span class='ocrx_word' id='word_1_555' title='bbox 3632 3866 3764 3920; x_wconf 71' lang='grc' dir='ltr'>πάλιν</span> 
     </span>
    </p>
   </div>
   <div class='ocr_carea' id='block_1_76' title="bbox 537 3945 3764 4036">
    <p class='ocr_par' dir='ltr' id='par_1_76' title="bbox 537 3945 3764 4036">
     <span class='ocr_line' id='line_1_76' title="bbox 537 3945 3764 4036; baseline 0 -36"><span class='ocrx_word' id='word_1_556' title='bbox 537 3947 754 4014; x_wconf 61' lang='grc' dir='ltr'>ἀφεῖλεν</span> <span class='ocrx_word' id='word_1_557' title='bbox 780 3951 808 4002; x_wconf 88' lang='lat'><strong>6</strong></span> <span class='ocrx_word' id='word_1_558' title='bbox 839 3947 970 4011; x_wconf 82' lang='grc' dir='ltr'>Θεὸς</span> <span class='ocrx_word' id='word_1_559' title='bbox 995 3950 1100 4001; x_wconf 76' lang='grc' dir='ltr'>πᾶν</span> <span class='ocrx_word' id='word_1_560' title='bbox 1125 3949 1356 4020; x_wconf 78' lang='grc' dir='ltr'>δάκρυον</span> <span class='ocrx_word' id='word_1_561' title='bbox 1385 3945 1490 4000; x_wconf 76' lang='grc' dir='ltr'><strong>ἀπὸ</strong></span> <span class='ocrx_word' id='word_1_562' title='bbox 1522 3948 1720 4010; x_wconf 83' lang='grc' dir='ltr'>παντὸς</span> <span class='ocrx_word' id='word_1_563' title='bbox 1745 3947 2056 4018; x_wconf 68' lang='grc' dir='ltr'>προσώποψ</span> <span class='ocrx_word' id='word_1_564' title='bbox 2085 3973 2103 4002; x_wconf 69' lang='grc' dir='ltr'><strong>ι</strong></span> <span class='ocrx_word' id='word_1_565' title='bbox 2147 3959 2174 4009; x_wconf 80' lang='grc' dir='ltr'>ὃ</span> <span class='ocrx_word' id='word_1_566' title='bbox 2209 3965 2299 4016; x_wconf 61' lang='grc' dir='ltr'>καὶ</span> <span class='ocrx_word' id='word_1_567' title='bbox 2365 3965 2590 4036; x_wconf 65' lang='grc' dir='ltr'><strong>λέγομεν</strong></span> <span class='ocrx_word' id='word_1_568' title='bbox 2617 3967 2703 4019; x_wconf 53' lang='grc' dir='ltr'><strong>διὰ</strong></span> <span class='ocrx_word' id='word_1_569' title='bbox 2726 3967 2815 4018; x_wconf 61' lang='grc' dir='ltr'>τὸν</span> <span class='ocrx_word' id='word_1_570' title='bbox 2839 3965 2897 4017; x_wconf 64' lang='grc' dir='ltr'>τὸ</span> <span class='ocrx_word' id='word_1_571' title='bbox 2935 3965 3222 4036; x_wconf 70' lang='grc' dir='ltr'><strong>λεγόμενον</strong></span> <span class='ocrx_word' id='word_1_572' title='bbox 3267 3965 3500 4018; x_wconf 61' lang='grc' dir='ltr'><strong>ἐνταῦθα</strong></span> <span class='ocrx_word' id='word_1_573' title='bbox 3533 3965 3666 4034; x_wconf 65' lang='grc' dir='ltr'><strong>μέγα</strong></span> <span class='ocrx_word' id='word_1_574' title='bbox 3686 3959 3764 4028; x_wconf 55' lang='grc' dir='ltr'><strong>κῆ.</strong></span> 
     </span>
    </p>
   </div>
   <div class='ocr_carea' id='block_1_77' title="bbox 539 4039 1881 4110">
    <p class='ocr_par' dir='ltr' id='par_1_77' title="bbox 539 4039 1881 4110">
     <span class='ocr_line' id='line_1_77' title="bbox 539 4039 1881 4110; baseline 0.004 -21"><span class='ocrx_word' id='word_1_575' title='bbox 539 4055 628 4101; x_wconf 81' lang='grc' dir='ltr'><strong>τος</strong></span> <span class='ocrx_word' id='word_1_576' title='bbox 661 4039 1062 4110; x_wconf 83' lang='grc' dir='ltr'>χειρωσάμενον</span> <span class='ocrx_word' id='word_1_577' title='bbox 1091 4040 1320 4110; x_wconf 76' lang='grc' dir='ltr'>Σωτῆρα</span> <span class='ocrx_word' id='word_1_578' title='bbox 1353 4039 1447 4091; x_wconf 66' lang='grc' dir='ltr'><strong>καὶ</strong></span> <span class='ocrx_word' id='word_1_579' title='bbox 1479 4039 1678 4110; x_wconf 76' lang='grc' dir='ltr'>Κύριον</span> <span class='ocrx_word' id='word_1_580' title='bbox 1708 4041 1881 4110; x_wconf 71' lang='grc' dir='ltr'>ἡμῶν.</span> 
     </span>
    </p>
   </div>
   <div class='ocr_carea' id='block_1_78' title="bbox 1131 4148 1518 4206">
    <p class='ocr_par' dir='ltr' id='par_1_78' title="bbox 1131 4148 1518 4206">
     <span class='ocr_line' id='line_1_78' title="bbox 1131 4148 1518 4206; baseline 0.003 -2"><span class='ocrx_word' id='word_1_581' title='bbox 1131 4148 1360 4204; x_wconf 74' lang='lat' dir='ltr'><strong>CAPUT</strong></span> <span class='ocrx_word' id='word_1_582' title='bbox 1385 4149 1518 4206; x_wconf 71' lang='lat' dir='ltr'><strong>Vlll.</strong></span> 
     </span>
    </p>
   </div>
   <div class='ocr_carea' id='block_1_79' title="bbox 1237 4261 1432 4317">
    <p class='ocr_par' dir='ltr' id='par_1_79' title="bbox 1237 4261 1432 4317">
     <span class='ocr_line' id='line_1_79' title="bbox 1237 4261 1432 4317; baseline 0.01 -2"><span class='ocrx_word' id='word_1_583' title='bbox 1237 4261 1283 4315; x_wconf 81' lang='grc' dir='ltr'><em>Ε</em></span> <span class='ocrx_word' id='word_1_584' title='bbox 1308 4261 1432 4317; x_wconf 77' lang='lat' dir='ltr'><strong>Job.</strong></span> 
     </span>
    </p>
   </div>
   <div class='ocr_carea' id='block_1_80' title="bbox 615 4374 2119 4449">
    <p class='ocr_par' dir='ltr' id='par_1_80' title="bbox 615 4374 2119 4449">
     <span class='ocr_line' id='line_1_80' title="bbox 615 4374 2119 4449; baseline 0.003 -21"><span class='ocrx_word' id='word_1_585' title='bbox 615 4375 876 4431; x_wconf 87' lang='lat' dir='ltr'><strong>Dominus</strong></span> <span class='ocrx_word' id='word_1_586' title='bbox 902 4376 956 4430; x_wconf 89' lang='lat' dir='ltr'><strong>in</strong></span> <span class='ocrx_word' id='word_1_587' title='bbox 1008 4391 1108 4432; x_wconf 86' lang='lat' dir='ltr'><strong>sua</strong></span> <span class='ocrx_word' id='word_1_588' title='bbox 1155 4375 1222 4430; x_wconf 87' lang='lat' dir='ltr'><strong>ad</strong></span> <span class='ocrx_word' id='word_1_589' title='bbox 1267 4374 1372 4430; x_wconf 84' lang='lat' dir='ltr'><strong>Job</strong></span> <span class='ocrx_word' id='word_1_590' title='bbox 1426 4377 1788 4446; x_wconf 86' lang='lat' dir='ltr'><strong>apparitione.</strong></span> <span class='ocrx_word' id='word_1_591' title='bbox 1839 4379 2119 4449; x_wconf 73' lang='lat' dir='ltr'><strong>sapientia:</strong></span> 
     </span>
    </p>
   </div>
   <div class='ocr_carea' id='block_1_81' title="bbox 539 4467 2122 4538">
    <p class='ocr_par' dir='ltr' id='par_1_81' title="bbox 539 4467 2122 4538">
     <span class='ocr_line' id='line_1_81' title="bbox 539 4467 2122 4538; baseline 0.001 -16"><span class='ocrx_word' id='word_1_592' title='bbox 539 4477 594 4522; x_wconf 86' lang='lat' dir='ltr'><strong>et</strong></span> <span class='ocrx_word' id='word_1_593' title='bbox 621 4468 973 4538; x_wconf 82' lang='lat' dir='ltr'><strong>providentiae</strong></span> <span class='ocrx_word' id='word_1_594' title='bbox 996 4483 1108 4523; x_wconf 86' lang='lat' dir='ltr'><strong>suae</strong></span> <span class='ocrx_word' id='word_1_595' title='bbox 1136 4481 1302 4537; x_wconf 90' lang='lat' dir='ltr'><strong>opera</strong></span> <span class='ocrx_word' id='word_1_596' title='bbox 1331 4481 1682 4532; x_wconf 86' lang='lat' dir='ltr'><strong>enumerans,</strong></span> <span class='ocrx_word' id='word_1_597' title='bbox 1707 4469 1871 4522; x_wconf 90' lang='lat' dir='ltr'><strong>dicit:</strong></span> <span class='ocrx_word' id='word_1_598' title='bbox 1913 4487 1930 4519; x_wconf 76' lang='grc' dir='ltr'><strong>ι</strong></span> <span class='ocrx_word' id='word_1_599' title='bbox 1968 4467 2122 4523; x_wconf 89' lang='lat' dir='ltr'><strong>Nun-</strong></span> 
     </span>
    </p>
   </div>
   <div class='ocr_carea' id='block_1_82' title="bbox 2747 4163 3266 4219">
    <p class='ocr_par' dir='ltr' id='par_1_82' title="bbox 2747 4163 3266 4219">
     <span class='ocr_line' id='line_1_82' title="bbox 2747 4163 3266 4219; baseline 0.006 -3"><span class='ocrx_word' id='word_1_600' title='bbox 2747 4163 3042 4216; x_wconf 72' lang='grc' dir='ltr'><strong>ΚΕΦΑΛΑΙ</strong></span> <span class='ocrx_word' id='word_1_601' title='bbox 3055 4163 3146 4216; x_wconf 84' lang='grc' dir='ltr'><strong>ΟΝ</strong></span> <span class='ocrx_word' id='word_1_602' title='bbox 3187 4165 3266 4219; x_wconf 83' lang='grc' dir='ltr'><strong>Η’.</strong></span> 
     </span>
    </p>
   </div>
   <div class='ocr_carea' id='block_1_83' title="bbox 2781 4280 3238 4336">
    <p class='ocr_par' dir='ltr' id='par_1_83' title="bbox 2781 4280 3238 4336">
     <span class='ocr_line' id='line_1_83' title="bbox 2781 4280 3238 4336; baseline -0.004 -2"><span class='ocrx_word' id='word_1_603' title='bbox 2781 4282 2912 4336; x_wconf 78' lang='grc' dir='ltr'><strong>Ἀπὸ</strong></span> <span class='ocrx_word' id='word_1_604' title='bbox 2945 4282 3052 4336; x_wconf 78' lang='grc' dir='ltr'>τοῦ</span> <span class='ocrx_word' id='word_1_605' title='bbox 3093 4280 3238 4334; x_wconf 75' lang='grc' dir='ltr'><strong>Ἰὼϐ.</strong></span> 
     </span>
    </p>
   </div>
   <div class='ocr_carea' id='block_1_84' title="bbox 2299 4391 3764 4468">
    <p class='ocr_par' dir='ltr' id='par_1_84' title="bbox 2299 4391 3764 4468">
     <span class='ocr_line' id='line_1_84' title="bbox 2299 4391 3764 4468; baseline -0.001 -22"><span class='ocrx_word' id='word_1_606' title='bbox 2299 4393 2356 4445; x_wconf 87' lang='grc'><strong>’0</strong></span> <span class='ocrx_word' id='word_1_607' title='bbox 2379 4393 2581 4464; x_wconf 87' lang='grc' dir='ltr'>Κύριος</span> <span class='ocrx_word' id='word_1_608' title='bbox 2621 4397 2678 4448; x_wconf 83' lang='grc' dir='ltr'>ὲν</span> <span class='ocrx_word' id='word_1_609' title='bbox 2711 4395 2790 4466; x_wconf 85' lang='grc' dir='ltr'><strong>τῷ</strong></span> <span class='ocrx_word' id='word_1_610' title='bbox 2835 4395 2972 4468; x_wconf 82' lang='grc' dir='ltr'>πρὸς</span> <span class='ocrx_word' id='word_1_611' title='bbox 3015 4395 3106 4450; x_wconf 81' lang='grc' dir='ltr'>τὸν</span> <span class='ocrx_word' id='word_1_612' title='bbox 3149 4393 3269 4448; x_wconf 82' lang='grc' dir='ltr'><strong>Ἰὼϐ</strong></span> <span class='ocrx_word' id='word_1_613' title='bbox 3317 4393 3672 4464; x_wconf 76' lang='grc' dir='ltr'>χρηματισμῷ</span> <span class='ocrx_word' id='word_1_614' title='bbox 3709 4391 3764 4444; x_wconf 67' lang='grc' dir='ltr'>τὰ</span> 
     </span>
    </p>
   </div>
   <div class='ocr_carea' id='block_1_85' title="bbox 2217 4481 3764 4555">
    <p class='ocr_par' dir='ltr' id='par_1_85' title="bbox 2217 4481 3764 4555">
     <span class='ocr_line' id='line_1_85' title="bbox 2217 4481 3764 4555; baseline -0.001 -22"><span class='ocrx_word' id='word_1_615' title='bbox 2217 4481 2315 4551; x_wconf 83' lang='grc' dir='ltr'>τῆς</span> <span class='ocrx_word' id='word_1_616' title='bbox 2340 4482 2534 4536; x_wconf 79' lang='grc' dir='ltr'>ἑαυτοῦ</span> <span class='ocrx_word' id='word_1_617' title='bbox 2569 4484 2822 4555; x_wconf 83' lang='grc' dir='ltr'>προνοίας</span> <span class='ocrx_word' id='word_1_618' title='bbox 2847 4487 2940 4538; x_wconf 79' lang='grc' dir='ltr'><strong>καὶ</strong></span> <span class='ocrx_word' id='word_1_619' title='bbox 2961 4485 3274 4555; x_wconf 78' lang='grc' dir='ltr'>οἰκονομίας</span> <span class='ocrx_word' id='word_1_620' title='bbox 3304 4483 3441 4554; x_wconf 76' lang='grc' dir='ltr'>ἔργα</span> <span class='ocrx_word' id='word_1_621' title='bbox 3467 4483 3666 4548; x_wconf 82' lang='grc' dir='ltr'>διεξιών</span> <span class='ocrx_word' id='word_1_622' title='bbox 3683 4499 3764 4550; x_wconf 61' lang='grc' dir='ltr'><strong>σῃ-</strong></span> 
     </span>
    </p>
   </div>
   <div class='ocr_carea' id='block_1_86' title="bbox 539 4558 2113 4646">
    <p class='ocr_par' dir='ltr' id='par_1_86' title="bbox 539 4558 2113 4631">
     <span class='ocr_line' id='line_1_86' title="bbox 539 4558 2113 4631; baseline 0.002 -19"><span class='ocrx_word' id='word_1_623' title='bbox 539 4559 692 4629; x_wconf 86' lang='lat' dir='ltr'><strong>quid,</strong></span> <span class='ocrx_word' id='word_1_624' title='bbox 723 4566 938 4628; x_wconf 83' lang='lat' dir='ltr'><strong>sumpto</strong></span> <span class='ocrx_word' id='word_1_625' title='bbox 965 4567 1126 4613; x_wconf 82' lang='lat' dir='ltr'><strong>terrae</strong></span> <span class='ocrx_word' id='word_1_626' title='bbox 1150 4559 1286 4622; x_wconf 91' lang='lat' dir='ltr'><strong>luto,</strong></span> <span class='ocrx_word' id='word_1_627' title='bbox 1305 4559 1510 4612; x_wconf 86' lang='lat' dir='ltr'><strong>animal</strong></span> <span class='ocrx_word' id='word_1_628' title='bbox 1537 4558 1840 4624; x_wconf 87' lang='lat' dir='ltr'><strong>fabricasti,</strong></span> <span class='ocrx_word' id='word_1_629' title='bbox 1865 4561 2113 4631; x_wconf 88' lang='lat' dir='ltr'><strong>loquens-</strong></span> 
     </span>
    </p>
   </div>
   <div class='ocr_carea' id='block_1_87' title="bbox 2212 4558 3764 4646">
    <p class='ocr_par' dir='ltr' id='par_1_87' title="bbox 2235 4569 3764 4646">
     <span class='ocr_line' id='line_1_87' title="bbox 2235 4569 3764 4646; baseline -0.005 -19"><span class='ocrx_word' id='word_1_630' title='bbox 2235 4592 2314 4638; x_wconf 86' lang='grc' dir='ltr'><strong>σι,</strong></span> <span class='ocrx_word' id='word_1_631' title='bbox 2354 4594 2372 4627; x_wconf 81' lang='grc' dir='ltr'><strong>ι</strong></span> <span class='ocrx_word' id='word_1_632' title='bbox 2417 4575 2526 4628; x_wconf 75' lang='grc' dir='ltr'>Καὶ</span> <span class='ocrx_word' id='word_1_633' title='bbox 2581 4576 2857 4630; x_wconf 87' lang='grc' dir='ltr'>συλλαϐὼν</span> <span class='ocrx_word' id='word_1_634' title='bbox 2897 4577 3000 4646; x_wconf 80' lang='grc' dir='ltr'><strong>γῆν</strong></span> <span class='ocrx_word' id='word_1_635' title='bbox 3031 4575 3216 4646; x_wconf 81' lang='grc' dir='ltr'>πηλὸν,</span> <span class='ocrx_word' id='word_1_636' title='bbox 3254 4573 3492 4636; x_wconf 78' lang='grc' dir='ltr'>ἔπλασας</span> <span class='ocrx_word' id='word_1_637' title='bbox 3521 4573 3666 4636; x_wconf 79' lang='grc' dir='ltr'>ζῶον,</span> <span class='ocrx_word' id='word_1_638' title='bbox 3689 4569 3764 4622; x_wconf 78' lang='grc' dir='ltr'>καὶ</span> 
     </span>
    </p>
   </div>
   <div class='ocr_carea' id='block_1_88' title="bbox 541 4651 2116 4726">
    <p class='ocr_par' dir='ltr' id='par_1_88' title="bbox 541 4651 2116 4726">
     <span class='ocr_line' id='line_1_88' title="bbox 541 4651 2116 4726; baseline 0.004 -21"><span class='ocrx_word' id='word_1_639' title='bbox 541 4665 649 4722; x_wconf 88' lang='lat' dir='ltr'><strong>que</strong></span> <span class='ocrx_word' id='word_1_640' title='bbox 681 4651 812 4706; x_wconf 89' lang='lat' dir='ltr'><strong>illud</strong></span> <span class='ocrx_word' id='word_1_641' title='bbox 857 4651 1088 4720; x_wconf 85' lang='lat' dir='ltr'><strong>posuisti</strong></span> <span class='ocrx_word' id='word_1_642' title='bbox 1143 4652 1198 4706; x_wconf 91' lang='lat' dir='ltr'><strong>in</strong></span> <span class='ocrx_word' id='word_1_643' title='bbox 1232 4651 1424 4706; x_wconf 82' lang='lat' dir='ltr'><strong>terra?</strong></span> <span class='ocrx_word' id='word_1_644' title='bbox 1477 4652 1766 4708; x_wconf 82' lang='lat' dir='ltr'><strong>Abstulisti</strong></span> <span class='ocrx_word' id='word_1_645' title='bbox 1818 4656 1886 4709; x_wconf 87' lang='lat' dir='ltr'><strong>ab</strong></span> <span class='ocrx_word' id='word_1_646' title='bbox 1935 4657 2116 4726; x_wconf 88' lang='lat' dir='ltr'><strong>impiis</strong></span> 
     </span>
    </p>
   </div>
   <div class='ocr_carea' id='block_1_89' title="bbox 543 4743 2118 4818">
    <p class='ocr_par' dir='ltr' id='par_1_89' title="bbox 543 4743 2118 4818">
     <span class='ocr_line' id='line_1_89' title="bbox 543 4743 2118 4818; baseline 0.004 -22"><span class='ocrx_word' id='word_1_647' title='bbox 543 4745 811 4806; x_wconf 86' lang='lat' dir='ltr'><strong>lucem,et</strong></span> <span class='ocrx_word' id='word_1_648' title='bbox 834 4743 1058 4798; x_wconf 84' lang='lat' dir='ltr'><strong>brachia</strong></span> <span class='ocrx_word' id='word_1_649' title='bbox 1083 4745 1446 4812; x_wconf 89' lang='lat' dir='ltr'><strong>superborum</strong></span> <span class='ocrx_word' id='word_1_650' title='bbox 1471 4744 1834 4815; x_wconf 78' lang='lat' dir='ltr'><strong>confregisti?</strong></span> <span class='ocrx_word' id='word_1_651' title='bbox 1865 4745 2118 4818; x_wconf 87' lang='lat' dir='ltr'><strong>Nunquid</strong></span> 
     </span>
    </p>
   </div>
   <div class='ocr_carea' id='block_1_90' title="bbox 543 4835 2119 4910">
    <p class='ocr_par' dir='ltr' id='par_1_90' title="bbox 543 4835 2119 4910">
     <span class='ocr_line' id='line_1_90' title="bbox 543 4835 2119 4910; baseline 0.003 -20"><span class='ocrx_word' id='word_1_652' title='bbox 543 4837 822 4906; x_wconf 66' lang='lat' dir='ltr'><strong>ingressus</strong></span> <span class='ocrx_word' id='word_1_653' title='bbox 845 4851 905 4890; x_wconf 89' lang='lat' dir='ltr'><strong>es</strong></span> <span class='ocrx_word' id='word_1_654' title='bbox 950 4835 1127 4891; x_wconf 86' lang='lat' dir='ltr'><strong>fontes</strong></span> <span class='ocrx_word' id='word_1_655' title='bbox 1155 4835 1343 4902; x_wconf 89' lang='lat' dir='ltr'><strong>maris,</strong></span> <span class='ocrx_word' id='word_1_656' title='bbox 1391 4845 1443 4892; x_wconf 91' lang='lat' dir='ltr'><strong>et</strong></span> <span class='ocrx_word' id='word_1_657' title='bbox 1495 4838 1548 4891; x_wconf 95' lang='lat' dir='ltr'><strong>in</strong></span> <span class='ocrx_word' id='word_1_658' title='bbox 1578 4839 1892 4894; x_wconf 89' lang='lat' dir='ltr'><strong>novissimis</strong></span> <span class='ocrx_word' id='word_1_659' title='bbox 1937 4840 2119 4910; x_wconf 83' lang='lat' dir='ltr'><strong>abyssi</strong></span> 
     </span>
    </p>
   </div>
   <div class='ocr_carea' id='block_1_91' title="bbox 544 4929 2119 5002">
    <p class='ocr_par' dir='ltr' id='par_1_91' title="bbox 544 4929 2119 5002">
     <span class='ocr_line' id='line_1_91' title="bbox 544 4929 2119 5002; baseline 0.004 -18"><span class='ocrx_word' id='word_1_660' title='bbox 544 4929 900 4988; x_wconf 87' lang='lat' dir='ltr'><strong>deambulasti</strong></span> <span class='ocrx_word' id='word_1_661' title='bbox 920 4933 944 4984; x_wconf 74' lang='grc' dir='ltr'><em>Ἰ</em></span> <span class='ocrx_word' id='word_1_662' title='bbox 964 4929 1223 5002; x_wconf 80' lang='lat' dir='ltr'><strong>Nunquid</strong></span> <span class='ocrx_word' id='word_1_663' title='bbox 1251 4940 1455 5002; x_wconf 70' lang='lat' dir='ltr'><strong>aperta:</strong></span> <span class='ocrx_word' id='word_1_664' title='bbox 1481 4942 1610 4986; x_wconf 89' lang='lat' dir='ltr'><strong>sunt</strong></span> <span class='ocrx_word' id='word_1_665' title='bbox 1641 4934 1739 4988; x_wconf 89' lang='lat' dir='ltr'><strong>tibi</strong></span> <span class='ocrx_word' id='word_1_666' title='bbox 1769 4948 1892 4987; x_wconf 91' lang='lat' dir='ltr'><strong>cum</strong></span> <span class='ocrx_word' id='word_1_667' title='bbox 1926 4935 2119 4990; x_wconf 91' lang='lat' dir='ltr'><strong>timore</strong></span> 
     </span>
    </p>
   </div>
   <div class='ocr_carea' id='block_1_92' title="bbox 543 5025 2120 5095">
    <p class='ocr_par' dir='ltr' id='par_1_92' title="bbox 543 5025 2120 5095">
     <span class='ocr_line' id='line_1_92' title="bbox 543 5025 2120 5095; baseline 0.003 -18"><span class='ocrx_word' id='word_1_668' title='bbox 543 5031 718 5095; x_wconf 63' lang='lat' dir='ltr'><strong>porta</strong></span> <span class='ocrx_word' id='word_1_669' title='bbox 741 5025 956 5088; x_wconf 89' lang='lat' dir='ltr'><strong>mortis,</strong></span> <span class='ocrx_word' id='word_1_670' title='bbox 979 5035 1031 5080; x_wconf 90' lang='lat' dir='ltr'><strong>et</strong></span> <span class='ocrx_word' id='word_1_671' title='bbox 1047 5025 1184 5080; x_wconf 88' lang='lat' dir='ltr'><strong>ostia</strong></span> <span class='ocrx_word' id='word_1_672' title='bbox 1203 5025 1492 5080; x_wconf 89' lang='lat' dir='ltr'><strong>tenebrosa</strong></span> <span class='ocrx_word' id='word_1_673' title='bbox 1519 5025 1700 5080; x_wconf 89' lang='lat' dir='ltr'><strong>vidisti</strong></span> <span class='ocrx_word' id='word_1_674' title='bbox 1713 5025 1798 5079; x_wconf 69' lang='grc'><strong>³⁸2</strong></span> <span class='ocrx_word' id='word_1_675' title='bbox 1823 5044 1842 5078; x_wconf 74' lang='grc' dir='ltr'><strong>ι</strong></span> <span class='ocrx_word' id='word_1_676' title='bbox 1867 5025 1992 5080; x_wconf 54' lang='lat' dir='ltr'><strong>Haec</strong></span> <span class='ocrx_word' id='word_1_677' title='bbox 2021 5042 2120 5081; x_wconf 85' lang='lat' dir='ltr'><strong>au-</strong></span> 
     </span>
    </p>
   </div>
   <div class='ocr_carea' id='block_1_93' title="bbox 545 5115 2116 5188">
    <p class='ocr_par' dir='ltr' id='par_1_93' title="bbox 545 5115 2116 5188">
     <span class='ocr_line' id='line_1_93' title="bbox 545 5115 2116 5188; baseline 0.002 -15"><span class='ocrx_word' id='word_1_678' title='bbox 545 5127 652 5173; x_wconf 83' lang='lat' dir='ltr'><strong>tem</strong></span> <span class='ocrx_word' id='word_1_679' title='bbox 670 5118 748 5172; x_wconf 84' lang='lat' dir='ltr'><strong>ait</strong></span> <span class='ocrx_word' id='word_1_680' title='bbox 765 5116 1026 5172; x_wconf 86' lang='lat' dir='ltr'><strong>Dominus</strong></span> <span class='ocrx_word' id='word_1_681' title='bbox 1044 5118 1110 5172; x_wconf 90' lang='lat' dir='ltr'><strong>ad</strong></span> <span class='ocrx_word' id='word_1_682' title='bbox 1129 5115 1233 5172; x_wconf 85' lang='lat' dir='ltr'><strong>Job</strong></span> <span class='ocrx_word' id='word_1_683' title='bbox 1247 5116 1314 5171; x_wconf 90' lang='lat' dir='ltr'><strong>de</strong></span> <span class='ocrx_word' id='word_1_684' title='bbox 1337 5117 1570 5188; x_wconf 82' lang='lat' dir='ltr'><strong>se&#39;ipso,</strong></span> <span class='ocrx_word' id='word_1_685' title='bbox 1587 5119 1732 5188; x_wconf 90' lang='lat' dir='ltr'><strong>quod</strong></span> <span class='ocrx_word' id='word_1_686' title='bbox 1759 5135 1788 5172; x_wconf 87' lang='lat' dir='ltr'><strong>a</strong></span> <span class='ocrx_word' id='word_1_687' title='bbox 1819 5119 1970 5174; x_wconf 91' lang='lat' dir='ltr'><strong>nullo</strong></span> <span class='ocrx_word' id='word_1_688' title='bbox 1987 5119 2116 5186; x_wconf 85' lang='lat' dir='ltr'><strong>alio,</strong></span> 
     </span>
    </p>
   </div>
   <div class='ocr_carea' id='block_1_94' title="bbox 545 5209 2116 5280">
    <p class='ocr_par' dir='ltr' id='par_1_94' title="bbox 545 5209 2116 5280">
     <span class='ocr_line' id='line_1_94' title="bbox 545 5209 2116 5280; baseline -0.001 -15"><span class='ocrx_word' id='word_1_689' title='bbox 545 5209 654 5266; x_wconf 85' lang='lat' dir='ltr'><strong>nisi</strong></span> <span class='ocrx_word' id='word_1_690' title='bbox 683 5223 714 5264; x_wconf 88' lang='lat' dir='ltr'><strong>a</strong></span> <span class='ocrx_word' id='word_1_691' title='bbox 741 5211 1037 5280; x_wconf 85' lang='lat' dir='ltr'><strong>semetipso</strong></span> <span class='ocrx_word' id='word_1_692' title='bbox 1078 5209 1208 5263; x_wconf 89' lang='lat' dir='ltr'><strong>talia</strong></span> <span class='ocrx_word' id='word_1_693' title='bbox 1262 5209 1376 5264; x_wconf 84' lang='lat' dir='ltr'><strong>fieri</strong></span> <span class='ocrx_word' id='word_1_694' title='bbox 1412 5211 1754 5279; x_wconf 74' lang='lat' dir='ltr'><strong>potuissent.!</strong></span> <span class='ocrx_word' id='word_1_695' title='bbox 1782 5209 1919 5276; x_wconf 84' lang='lat' dir='ltr'><strong>Quis</strong></span> <span class='ocrx_word' id='word_1_696' title='bbox 1947 5211 2116 5275; x_wconf 88' lang='lat' dir='ltr'><strong>enim,</strong></span> 
     </span>
    </p>
   </div>
   <div class='ocr_carea' id='block_1_95' title="bbox 543 5301 2118 5374">
    <p class='ocr_par' dir='ltr' id='par_1_95' title="bbox 543 5301 2118 5374">
     <span class='ocr_line' id='line_1_95' title="bbox 543 5301 2118 5374; baseline 0.001 -17"><span class='ocrx_word' id='word_1_697' title='bbox 543 5309 764 5372; x_wconf 74' lang='lat' dir='ltr'><strong>sttmpta</strong></span> <span class='ocrx_word' id='word_1_698' title='bbox 787 5309 954 5364; x_wconf 87' lang='lat' dir='ltr'><strong>terra,</strong></span> <span class='ocrx_word' id='word_1_699' title='bbox 973 5302 1173 5356; x_wconf 88' lang='lat' dir='ltr'><strong>animal</strong></span> <span class='ocrx_word' id='word_1_700' title='bbox 1189 5301 1369 5366; x_wconf 70' lang='lat' dir='ltr'><strong>finxit,</strong></span> <span class='ocrx_word' id='word_1_701' title='bbox 1393 5301 1500 5356; x_wconf 88' lang='lat' dir='ltr'><strong>nisi</strong></span> <span class='ocrx_word' id='word_1_702' title='bbox 1520 5301 1664 5356; x_wconf 89' lang='lat' dir='ltr'><strong>Deus</strong></span> <span class='ocrx_word' id='word_1_703' title='bbox 1680 5303 1771 5371; x_wconf 88' lang='lat' dir='ltr'><strong>qui</strong></span> <span class='ocrx_word' id='word_1_704' title='bbox 1789 5304 2024 5374; x_wconf 87' lang='lat' dir='ltr'><strong>sumpsit</strong></span> <span class='ocrx_word' id='word_1_705' title='bbox 2053 5303 2118 5358; x_wconf 90' lang='lat' dir='ltr'><strong>de</strong></span> 
     </span>
    </p>
   </div>
   <div class='ocr_carea' id='block_1_96' title="bbox 544 5392 2121 5464">
    <p class='ocr_par' dir='ltr' id='par_1_96' title="bbox 544 5392 2121 5464">
     <span class='ocr_line' id='line_1_96' title="bbox 544 5392 2121 5464; baseline 0.002 -17"><span class='ocrx_word' id='word_1_706' title='bbox 544 5395 676 5450; x_wconf 87' lang='lat' dir='ltr'><strong>limo</strong></span> <span class='ocrx_word' id='word_1_707' title='bbox 711 5401 872 5450; x_wconf 75' lang='lat' dir='ltr'><strong>terra:</strong></span> <span class='ocrx_word' id='word_1_708' title='bbox 903 5395 1170 5464; x_wconf 57' lang='lat' dir='ltr'><strong>finivitque</strong></span> <span class='ocrx_word' id='word_1_709' title='bbox 1217 5393 1538 5448; x_wconf 86' lang='lat' dir='ltr'><strong>hominem?</strong></span> <span class='ocrx_word' id='word_1_710' title='bbox 1577 5392 1705 5449; x_wconf 89' lang='lat' dir='ltr'><strong>Inde</strong></span> <span class='ocrx_word' id='word_1_711' title='bbox 1749 5395 1911 5449; x_wconf 88' lang='lat' dir='ltr'><strong>simul</strong></span> <span class='ocrx_word' id='word_1_712' title='bbox 1959 5395 2121 5450; x_wconf 89' lang='lat' dir='ltr'><strong>doce-</strong></span> 
     </span>
    </p>
   </div>
   <div class='ocr_carea' id='block_1_97' title="bbox 545 5485 2122 5557">
    <p class='ocr_par' dir='ltr' id='par_1_97' title="bbox 545 5485 2122 5557">
     <span class='ocr_line' id='line_1_97' title="bbox 545 5485 2122 5557; baseline 0 -17"><span class='ocrx_word' id='word_1_713' title='bbox 545 5503 690 5552; x_wconf 89' lang='lat' dir='ltr'><strong>mur,</strong></span> <span class='ocrx_word' id='word_1_714' title='bbox 721 5487 958 5544; x_wconf 86' lang='lat' dir='ltr'><strong>hominis</strong></span> <span class='ocrx_word' id='word_1_715' title='bbox 985 5487 1302 5542; x_wconf 87' lang='lat' dir='ltr'><strong>Creatorem</strong></span> <span class='ocrx_word' id='word_1_716' title='bbox 1332 5485 1584 5542; x_wconf 88' lang='lat' dir='ltr'><strong>eumdem</strong></span> <span class='ocrx_word' id='word_1_717' title='bbox 1619 5502 1742 5542; x_wconf 88' lang='lat' dir='ltr'><strong>esse</strong></span> <span class='ocrx_word' id='word_1_718' title='bbox 1777 5502 1839 5540; x_wconf 89' lang='lat' dir='ltr'><strong>ac</strong></span> <span class='ocrx_word' id='word_1_719' title='bbox 1876 5487 1968 5556; x_wconf 90' lang='lat' dir='ltr'><strong>qui</strong></span> <span class='ocrx_word' id='word_1_720' title='bbox 1999 5503 2122 5557; x_wconf 87' lang='lat' dir='ltr'><strong>pro-</strong></span> 
     </span>
    </p>
   </div>
   <div class='ocr_carea' id='block_1_98' title="bbox 547 5577 2118 5649">
    <p class='ocr_par' dir='ltr' id='par_1_98' title="bbox 547 5577 2118 5649">
     <span class='ocr_line' id='line_1_98' title="bbox 547 5577 2118 5649; baseline 0.003 -19"><span class='ocrx_word' id='word_1_721' title='bbox 547 5577 870 5635; x_wconf 67' lang='lat' dir='ltr'><strong>{nitidissima</strong></span> <span class='ocrx_word' id='word_1_722' title='bbox 897 5585 1060 5634; x_wconf 69' lang='lat' dir='ltr'><strong>terra:</strong></span> <span class='ocrx_word' id='word_1_723' title='bbox 1090 5579 1370 5649; x_wconf 79' lang='lat' dir='ltr'><strong>ingressus</strong></span> <span class='ocrx_word' id='word_1_724' title='bbox 1403 5585 1507 5641; x_wconf 90' lang='lat' dir='ltr'><strong>est,</strong></span> <span class='ocrx_word' id='word_1_725' title='bbox 1559 5587 1722 5648; x_wconf 88' lang='lat' dir='ltr'><strong>atque</strong></span> <span class='ocrx_word' id='word_1_726' title='bbox 1747 5579 1803 5632; x_wconf 87' lang='lat' dir='ltr'><strong>in</strong></span> <span class='ocrx_word' id='word_1_727' title='bbox 1832 5577 1952 5646; x_wconf 81' lang='lat' dir='ltr'><strong>ejus</strong></span> <span class='ocrx_word' id='word_1_728' title='bbox 1981 5593 2118 5648; x_wconf 70' lang='lat' dir='ltr'><strong>prze-</strong></span> 
     </span>
    </p>
   </div>
   <div class='ocr_carea' id='block_1_99' title="bbox 618 5760 1574 5826">
    <p class='ocr_par' dir='ltr' id='par_1_99' title="bbox 618 5760 1574 5826">
     <span class='ocr_line' id='line_1_99' title="bbox 618 5760 1574 5826; baseline 0.001 -12"><span class='ocrx_word' id='word_1_729' title='bbox 618 5762 662 5792; x_wconf 82' lang='lat'>&quot;</span> <span class='ocrx_word' id='word_1_730' title='bbox 697 5760 799 5814; x_wconf 83' lang='lat' dir='ltr'><strong>Job</strong></span> <span class='ocrx_word' id='word_1_731' title='bbox 829 5775 880 5814; x_wconf 81' lang='lat' dir='ltr'><strong>Ix</strong></span> <span class='ocrx_word' id='word_1_732' title='bbox 903 5801 918 5824; x_wconf 92' lang='lat'><strong>,</strong></span> <span class='ocrx_word' id='word_1_733' title='bbox 953 5761 1006 5826; x_wconf 81' lang='grc'>7,</span> <span class='ocrx_word' id='word_1_734' title='bbox 1041 5761 1087 5813; x_wconf 86' lang='lat'><strong>8.</strong></span> <span class='ocrx_word' id='word_1_735' title='bbox 1172 5763 1216 5794; x_wconf 75' lang='grc' dir='ltr'><strong>⁸ο</strong></span> <span class='ocrx_word' id='word_1_736' title='bbox 1253 5761 1354 5815; x_wconf 85' lang='lat' dir='ltr'><strong>Joh</strong></span> <span class='ocrx_word' id='word_1_737' title='bbox 1393 5779 1482 5824; x_wconf 85' lang='lat' dir='ltr'><strong>tu,</strong></span> <span class='ocrx_word' id='word_1_738' title='bbox 1522 5762 1574 5815; x_wconf 89' lang='lat'><strong>8.</strong></span> 
     </span>
    </p>
   </div>
   <div class='ocr_carea' id='block_1_100' title="bbox 549 5831 1720 5894">
    <p class='ocr_par' dir='ltr' id='par_1_100' title="bbox 549 5831 1720 5894">
     <span class='ocr_line' id='line_1_100' title="bbox 549 5831 1720 5894; baseline 0.004 -12"><span class='ocrx_word' id='word_1_739' title='bbox 549 5832 590 5862; x_wconf 78' lang='grc'>³⁵</span> <span class='ocrx_word' id='word_1_740' title='bbox 633 5831 734 5884; x_wconf 81' lang='lat' dir='ltr'><strong>lsa.</strong></span> <span class='ocrx_word' id='word_1_741' title='bbox 771 5847 895 5890; x_wconf 72' lang='lat' dir='ltr'><strong>xxv,</strong></span> <span class='ocrx_word' id='word_1_742' title='bbox 933 5833 986 5887; x_wconf 88' lang='lat'><strong>8.</strong></span> <span class='ocrx_word' id='word_1_743' title='bbox 1067 5833 1112 5862; x_wconf 73' lang='grc'><strong>³⁸</strong></span> <span class='ocrx_word' id='word_1_744' title='bbox 1147 5831 1246 5886; x_wconf 83' lang='lat' dir='ltr'><strong>Job</strong></span> <span class='ocrx_word' id='word_1_745' title='bbox 1287 5849 1516 5894; x_wconf 74' lang='lat' dir='ltr'><strong>xxxviii,</strong></span> <span class='ocrx_word' id='word_1_746' title='bbox 1543 5831 1720 5888; x_wconf 77' lang='grc' dir='ltr'><strong>Η-Π.</strong></span> 
     </span>
    </p>
   </div>
   <div class='ocr_carea' id='block_1_101' title="bbox 1655 5761 2780 5830">
    <p class='ocr_par' dir='ltr' id='par_1_101' title="bbox 1655 5761 2780 5830">
     <span class='ocr_line' id='line_1_101' title="bbox 1655 5761 2780 5830; baseline 0.003 -15"><span class='ocrx_word' id='word_1_747' title='bbox 1655 5761 1696 5792; x_wconf 76' lang='grc'><strong>³⁸</strong></span> <span class='ocrx_word' id='word_1_748' title='bbox 1737 5761 1850 5818; x_wconf 77' lang='lat' dir='ltr'><strong>Jos.</strong></span> <span class='ocrx_word' id='word_1_749' title='bbox 1889 5779 1918 5816; x_wconf 73' lang='grc' dir='ltr'><strong>χ</strong></span> <span class='ocrx_word' id='word_1_750' title='bbox 1943 5805 1955 5826; x_wconf 89' lang='grc'><strong>,</strong></span> <span class='ocrx_word' id='word_1_751' title='bbox 1993 5764 2078 5818; x_wconf 68' lang='grc'><strong>12.</strong></span> <span class='ocrx_word' id='word_1_752' title='bbox 2161 5763 2202 5796; x_wconf 82' lang='grc'><strong>³²</strong></span> <span class='ocrx_word' id='word_1_753' title='bbox 2249 5763 2432 5818; x_wconf 74' lang='lat' dir='ltr'><strong>Matth.</strong></span> <span class='ocrx_word' id='word_1_754' title='bbox 2475 5779 2654 5830; x_wconf 66' lang='lat' dir='ltr'><strong>xxvii,</strong></span> 
     </span>
    </p>
   </div>
   <div class='ocr_carea' id='block_1_102' title="bbox 2222 4662 3764 4738">
    <p class='ocr_par' dir='ltr' id='par_1_102' title="bbox 2222 4662 3764 4738">
     <span class='ocr_line' id='line_1_102' title="bbox 2222 4662 3764 4738; baseline -0.003 -21"><span class='ocrx_word' id='word_1_755' title='bbox 2222 4665 2447 4735; x_wconf 76' lang='grc' dir='ltr'>λαλητδν</span> <span class='ocrx_word' id='word_1_756' title='bbox 2495 4667 2657 4721; x_wconf 78' lang='grc' dir='ltr'>αὐτὸν</span> <span class='ocrx_word' id='word_1_757' title='bbox 2691 4668 2812 4722; x_wconf 75' lang='grc' dir='ltr'>ἔθου</span> <span class='ocrx_word' id='word_1_758' title='bbox 2843 4669 2934 4721; x_wconf 79' lang='grc' dir='ltr'>ἐπὶ</span> <span class='ocrx_word' id='word_1_759' title='bbox 2981 4670 3076 4738; x_wconf 82' lang='grc' dir='ltr'>τῆς</span> <span class='ocrx_word' id='word_1_760' title='bbox 3117 4669 3252 4738; x_wconf 56' lang='grc' dir='ltr'>γῆς</span> <span class='ocrx_word' id='word_1_761' title='bbox 3293 4665 3543 4735; x_wconf 80' lang='grc' dir='ltr'>Ἀφείλας</span> <span class='ocrx_word' id='word_1_762' title='bbox 3583 4665 3636 4718; x_wconf 83' lang='grc' dir='ltr'><strong>δὲ</strong></span> <span class='ocrx_word' id='word_1_763' title='bbox 3679 4662 3764 4716; x_wconf 69' lang='grc' dir='ltr'><strong>ἀπὸ</strong></span> 
     </span>
    </p>
   </div>
   <div class='ocr_carea' id='block_1_103' title="bbox 2224 4755 3766 4832">
    <p class='ocr_par' dir='ltr' id='par_1_103' title="bbox 2224 4755 3766 4832">
     <span class='ocr_line' id='line_1_103' title="bbox 2224 4755 3766 4832; baseline -0.003 -22"><span class='ocrx_word' id='word_1_764' title='bbox 2224 4757 2434 4810; x_wconf 82' lang='grc' dir='ltr'>ἀσεϐῶν</span> <span class='ocrx_word' id='word_1_765' title='bbox 2477 4759 2536 4810; x_wconf 84' lang='grc' dir='ltr'><strong>τὸ</strong></span> <span class='ocrx_word' id='word_1_766' title='bbox 2567 4759 2700 4828; x_wconf 85' lang='grc' dir='ltr'>φῶς,</span> <span class='ocrx_word' id='word_1_767' title='bbox 2731 4759 3022 4832; x_wconf 87' lang='grc' dir='ltr'>βραχίονας</span> <span class='ocrx_word' id='word_1_768' title='bbox 3057 4759 3114 4812; x_wconf 81' lang='grc' dir='ltr'>δὲ</span> <span class='ocrx_word' id='word_1_769' title='bbox 3144 4757 3507 4830; x_wconf 69' lang='grc' dir='ltr'>ὑπερηφάνων</span> <span class='ocrx_word' id='word_1_770' title='bbox 3553 4755 3766 4822; x_wconf 80' lang='grc' dir='ltr'>συνέτρι-</span> 
     </span>
    </p>
   </div>
   <div class='ocr_carea' id='block_1_104' title="bbox 2223 4845 3766 4924">
    <p class='ocr_par' dir='ltr' id='par_1_104' title="bbox 2223 4845 3766 4924">
     <span class='ocr_line' id='line_1_104' title="bbox 2223 4845 3766 4924; baseline -0.011 -13"><span class='ocrx_word' id='word_1_771' title='bbox 2223 4847 2365 4917; x_wconf 53' lang='lat' dir='ltr'><strong>citas;</strong></span> <span class='ocrx_word' id='word_1_772' title='bbox 2405 4845 2608 4915; x_wconf 83' lang='grc' dir='ltr'>Ἦλθες</span> <span class='ocrx_word' id='word_1_773' title='bbox 2641 4852 2697 4905; x_wconf 79' lang='grc' dir='ltr'><strong>δὲ</strong></span> <span class='ocrx_word' id='word_1_774' title='bbox 2734 4853 2824 4905; x_wconf 77' lang='grc' dir='ltr'>ἐπὶ</span> <span class='ocrx_word' id='word_1_775' title='bbox 2853 4852 3038 4924; x_wconf 79' lang='grc' dir='ltr'>πηγὴν</span> <span class='ocrx_word' id='word_1_776' title='bbox 3071 4849 3361 4920; x_wconf 83' lang='grc' dir='ltr'>θαλάσσης,</span> <span class='ocrx_word' id='word_1_777' title='bbox 3409 4850 3466 4901; x_wconf 81' lang='grc' dir='ltr'>ἐν</span> <span class='ocrx_word' id='word_1_778' title='bbox 3507 4847 3562 4899; x_wconf 81' lang='grc' dir='ltr'><strong>δὲ</strong></span> <span class='ocrx_word' id='word_1_779' title='bbox 3597 4847 3766 4916; x_wconf 73' lang='grc' dir='ltr'>ἴχνεσιν</span> 
     </span>
    </p>
   </div>
   <div class='ocr_carea' id='block_1_105' title="bbox 2225 4934 3766 5016">
    <p class='ocr_par' dir='ltr' id='par_1_105' title="bbox 2225 4934 3766 5016">
     <span class='ocr_line' id='line_1_105' title="bbox 2225 4934 3766 5016; baseline 0.001 -24"><span class='ocrx_word' id='word_1_780' title='bbox 2225 4939 2462 4994; x_wconf 87' lang='grc' dir='ltr'>ἀϐύσσου</span> <span class='ocrx_word' id='word_1_781' title='bbox 2489 4961 2554 4996; x_wconf 88' lang='grc' dir='ltr'><strong>πε</strong></span> <span class='ocrx_word' id='word_1_782' title='bbox 2563 4943 2931 5016; x_wconf 86' lang='grc' dir='ltr'>ριεπάτησας;</span> <span class='ocrx_word' id='word_1_783' title='bbox 2975 4943 3302 5011; x_wconf 84' lang='grc' dir='ltr'>Ἀνοίγονται</span> <span class='ocrx_word' id='word_1_784' title='bbox 3327 4940 3384 4993; x_wconf 80' lang='grc' dir='ltr'>δέ</span> <span class='ocrx_word' id='word_1_785' title='bbox 3417 4957 3500 4994; x_wconf 90' lang='grc' dir='ltr'><strong>σοι</strong></span> <span class='ocrx_word' id='word_1_786' title='bbox 3527 4939 3666 5008; x_wconf 77' lang='grc' dir='ltr'><strong>φόϐῳ</strong></span> <span class='ocrx_word' id='word_1_787' title='bbox 3687 4934 3766 4986; x_wconf 65' lang='grc' dir='ltr'>πύ-</span> 
     </span>
    </p>
   </div>
   <div class='ocr_carea' id='block_1_106' title="bbox 2225 5029 3762 5104">
    <p class='ocr_par' dir='ltr' id='par_1_106' title="bbox 2225 5029 3762 5104">
     <span class='ocr_line' id='line_1_106' title="bbox 2225 5029 3762 5104; baseline -0.004 -22"><span class='ocrx_word' id='word_1_788' title='bbox 2225 5030 2314 5085; x_wconf 89' lang='grc' dir='ltr'><strong>λαι</strong></span> <span class='ocrx_word' id='word_1_789' title='bbox 2353 5032 2602 5096; x_wconf 84' lang='grc' dir='ltr'>θανάτου,</span> <span class='ocrx_word' id='word_1_790' title='bbox 2637 5033 2699 5104; x_wconf 82' lang='lat' dir='ltr'><strong>(f.</strong></span> <span class='ocrx_word' id='word_1_791' title='bbox 2736 5033 2805 5087; x_wconf 73' lang='grc'>28</span> <span class='ocrx_word' id='word_1_792' title='bbox 2834 5037 2907 5100; x_wconf 69' lang='lat' dir='ltr'><strong>v°;</strong></span> <span class='ocrx_word' id='word_1_793' title='bbox 2970 5031 3209 5102; x_wconf 70' lang='grc' dir='ltr'>πυλωροὶ</span> <span class='ocrx_word' id='word_1_794' title='bbox 3241 5031 3298 5082; x_wconf 86' lang='grc' dir='ltr'><strong>δὲ</strong></span> <span class='ocrx_word' id='word_1_795' title='bbox 3339 5029 3468 5100; x_wconf 67' lang='grc' dir='ltr'>ᾅδου</span> <span class='ocrx_word' id='word_1_796' title='bbox 3513 5029 3694 5087; x_wconf 71' lang='grc' dir='ltr'>ἰδόντες</span> <span class='ocrx_word' id='word_1_797' title='bbox 3717 5039 3762 5076; x_wconf 82' lang='grc' dir='ltr'><strong>σε</strong></span> 
     </span>
    </p>
   </div>
   <div class='ocr_carea' id='block_1_107' title="bbox 2226 5111 3764 5195">
    <p class='ocr_par' dir='ltr' id='par_1_107' title="bbox 2226 5111 3764 5195">
     <span class='ocr_line' id='line_1_107' title="bbox 2226 5111 3764 5195; baseline -0.003 -20"><span class='ocrx_word' id='word_1_798' title='bbox 2226 5123 2498 5195; x_wconf 82' lang='grc' dir='ltr'>ἔπτηξαν;</span> <span class='ocrx_word' id='word_1_799' title='bbox 2533 5145 2550 5176; x_wconf 71' lang='grc' dir='ltr'><strong>ι</strong></span> <span class='ocrx_word' id='word_1_800' title='bbox 2585 5124 2768 5178; x_wconf 82' lang='grc' dir='ltr'>Ταῦτα</span> <span class='ocrx_word' id='word_1_801' title='bbox 2809 5125 2864 5178; x_wconf 86' lang='grc' dir='ltr'>δέ</span> <span class='ocrx_word' id='word_1_802' title='bbox 2891 5141 3054 5194; x_wconf 77' lang='grc' dir='ltr'>φησιν</span> <span class='ocrx_word' id='word_1_803' title='bbox 3079 5125 3110 5176; x_wconf 88' lang='lat'><strong>6</strong></span> <span class='ocrx_word' id='word_1_804' title='bbox 3141 5123 3340 5193; x_wconf 86' lang='grc' dir='ltr'>Κύριος</span> <span class='ocrx_word' id='word_1_805' title='bbox 3383 5121 3520 5192; x_wconf 80' lang='grc' dir='ltr'>πρὸς</span> <span class='ocrx_word' id='word_1_806' title='bbox 3555 5119 3638 5172; x_wconf 72' lang='grc' dir='ltr'>τὸν</span> <span class='ocrx_word' id='word_1_807' title='bbox 3670 5111 3764 5168; x_wconf 71' lang='grc' dir='ltr'><strong>Ἰὼε</strong></span> 
     </span>
    </p>
   </div>
   <div class='ocr_carea' id='block_1_108' title="bbox 2225 5203 3764 5286">
    <p class='ocr_par' dir='ltr' id='par_1_108' title="bbox 2225 5203 3764 5286">
     <span class='ocr_line' id='line_1_108' title="bbox 2225 5203 3764 5286; baseline -0.005 -19"><span class='ocrx_word' id='word_1_808' title='bbox 2225 5215 2353 5286; x_wconf 80' lang='grc' dir='ltr'><strong>περὶ</strong></span> <span class='ocrx_word' id='word_1_809' title='bbox 2384 5214 2600 5279; x_wconf 77' lang='grc' dir='ltr'>ἑαυτοῦ,</span> <span class='ocrx_word' id='word_1_810' title='bbox 2631 5215 2707 5278; x_wconf 85' lang='grc' dir='ltr'><strong>ὡς</strong></span> <span class='ocrx_word' id='word_1_811' title='bbox 2759 5213 2984 5286; x_wconf 78' lang='grc' dir='ltr'>μηδενὸς</span> <span class='ocrx_word' id='word_1_812' title='bbox 3021 5211 3210 5283; x_wconf 75' lang='grc' dir='ltr'>ἐτέρου</span> <span class='ocrx_word' id='word_1_813' title='bbox 3255 5211 3394 5280; x_wconf 78' lang='grc' dir='ltr'>πλὴν</span> <span class='ocrx_word' id='word_1_814' title='bbox 3425 5208 3586 5262; x_wconf 73' lang='grc' dir='ltr'>αὑτοῦ</span> <span class='ocrx_word' id='word_1_815' title='bbox 3631 5203 3764 5275; x_wconf 75' lang='grc' dir='ltr'>μόνον</span> 
     </span>
    </p>
   </div>
   <div class='ocr_carea' id='block_1_109' title="bbox 2224 5294 3764 5378">
    <p class='ocr_par' dir='ltr' id='par_1_109' title="bbox 2224 5294 3764 5378">
     <span class='ocr_line' id='line_1_109' title="bbox 2224 5294 3764 5378; baseline -0.006 -20"><span class='ocrx_word' id='word_1_816' title='bbox 2224 5305 2525 5378; x_wconf 81' lang='grc' dir='ltr'>δυναμένου</span> <span class='ocrx_word' id='word_1_817' title='bbox 2557 5306 2622 5359; x_wconf 82' lang='grc' dir='ltr'>τὰ</span> <span class='ocrx_word' id='word_1_818' title='bbox 2667 5305 2964 5375; x_wconf 76' lang='grc' dir='ltr'>τηλικαῦτα</span> <span class='ocrx_word' id='word_1_819' title='bbox 3003 5305 3244 5374; x_wconf 73' lang='grc' dir='ltr'>ἐνεργεῖν</span> <span class='ocrx_word' id='word_1_820' title='bbox 3267 5320 3280 5332; x_wconf 75' lang='grc' dir='ltr'><strong><em>ο</em></strong></span> <span class='ocrx_word' id='word_1_821' title='bbox 3319 5302 3402 5365; x_wconf 85' lang='grc' dir='ltr'><strong>τίς</strong></span> <span class='ocrx_word' id='word_1_822' title='bbox 3441 5300 3548 5370; x_wconf 90' lang='grc' dir='ltr'><strong>γάρ</strong></span> <span class='ocrx_word' id='word_1_823' title='bbox 3587 5294 3764 5350; x_wconf 75' lang='grc' dir='ltr'>ἑστινό</span> 
     </span>
    </p>
   </div>
   <div class='ocr_carea' id='block_1_110' title="bbox 2223 5383 3764 5468">
    <p class='ocr_par' dir='ltr' id='par_1_110' title="bbox 2223 5383 3764 5468">
     <span class='ocr_line' id='line_1_110' title="bbox 2223 5383 3764 5468; baseline -0.008 -17"><span class='ocrx_word' id='word_1_824' title='bbox 2223 5397 2404 5451; x_wconf 86' lang='grc' dir='ltr'>λαϐὼν</span> <span class='ocrx_word' id='word_1_825' title='bbox 2433 5399 2538 5468; x_wconf 76' lang='grc' dir='ltr'>γῆν</span> <span class='ocrx_word' id='word_1_826' title='bbox 2565 5400 2659 5452; x_wconf 78' lang='grc' dir='ltr'>καὶ</span> <span class='ocrx_word' id='word_1_827' title='bbox 2692 5398 2900 5460; x_wconf 85' lang='grc' dir='ltr'>πλάσας</span> <span class='ocrx_word' id='word_1_828' title='bbox 2935 5395 3091 5462; x_wconf 77' lang='grc' dir='ltr'>ζῶον,</span> <span class='ocrx_word' id='word_1_829' title='bbox 3133 5398 3166 5468; x_wconf 82' lang='grc' dir='ltr'>ἢ</span> <span class='ocrx_word' id='word_1_830' title='bbox 3203 5398 3231 5450; x_wconf 89' lang='lat'><strong>6</strong></span> <span class='ocrx_word' id='word_1_831' title='bbox 3253 5394 3384 5457; x_wconf 80' lang='grc' dir='ltr'>Θεὸς</span> <span class='ocrx_word' id='word_1_832' title='bbox 3413 5396 3442 5445; x_wconf 85' lang='grc' dir='ltr'>ὁ</span> <span class='ocrx_word' id='word_1_833' title='bbox 3469 5391 3644 5445; x_wconf 61' lang='grc' dir='ltr'>λαϐὼν</span> <span class='ocrx_word' id='word_1_834' title='bbox 3661 5383 3764 5456; x_wconf 73' lang='grc' dir='ltr'>χοῦν</span> 
     </span>
    </p>
   </div>
   <div class='ocr_carea' id='block_1_111' title="bbox 2225 5477 3762 5563">
    <p class='ocr_par' dir='ltr' id='par_1_111' title="bbox 2225 5477 3762 5563">
     <span class='ocr_line' id='line_1_111' title="bbox 2225 5477 3762 5563; baseline -0.007 -18"><span class='ocrx_word' id='word_1_835' title='bbox 2225 5492 2332 5544; x_wconf 81' lang='grc' dir='ltr'>ἀπὸ</span> <span class='ocrx_word' id='word_1_836' title='bbox 2361 5491 2462 5563; x_wconf 82' lang='grc' dir='ltr'>τῆς</span> <span class='ocrx_word' id='word_1_837' title='bbox 2495 5491 2596 5561; x_wconf 86' lang='grc' dir='ltr'><strong>γῆς</strong></span> <span class='ocrx_word' id='word_1_838' title='bbox 2635 5493 2726 5544; x_wconf 80' lang='grc' dir='ltr'>καὶ</span> <span class='ocrx_word' id='word_1_839' title='bbox 2751 5491 2958 5554; x_wconf 85' lang='grc' dir='ltr'>πλάσας</span> <span class='ocrx_word' id='word_1_840' title='bbox 2995 5491 3087 5542; x_wconf 82' lang='grc' dir='ltr'><strong>τὸν</strong></span> <span class='ocrx_word' id='word_1_841' title='bbox 3115 5489 3427 5559; x_wconf 81' lang='grc' dir='ltr'>ἄνθρωπον;</span> <span class='ocrx_word' id='word_1_842' title='bbox 3455 5488 3600 5555; x_wconf 68' lang='grc' dir='ltr'>Ἅμα</span> <span class='ocrx_word' id='word_1_843' title='bbox 3627 5481 3676 5534; x_wconf 75' lang='grc' dir='ltr'><strong>δὲ</strong></span> <span class='ocrx_word' id='word_1_844' title='bbox 3701 5477 3762 5530; x_wconf 78' lang='grc' dir='ltr'><strong>δι·</strong></span> 
     </span>
    </p>
   </div>
   <div class='ocr_carea' id='block_1_112' title="bbox 2223 5574 3760 5653">
    <p class='ocr_par' dir='ltr' id='par_1_112' title="bbox 2223 5574 3760 5653">
     <span class='ocr_line' id='line_1_112' title="bbox 2223 5574 3760 5653; baseline -0.005 -19"><span class='ocrx_word' id='word_1_845' title='bbox 2223 5581 2532 5653; x_wconf 84' lang='grc' dir='ltr'>δασκὸμεθα</span> <span class='ocrx_word' id='word_1_846' title='bbox 2557 5581 2826 5648; x_wconf 72' lang='grc' dir='ltr'>ἐντεῦθεν,</span> <span class='ocrx_word' id='word_1_847' title='bbox 2862 5583 2936 5644; x_wconf 82' lang='grc' dir='ltr'>ὡς</span> <span class='ocrx_word' id='word_1_848' title='bbox 2969 5583 3074 5652; x_wconf 76' lang='grc' dir='ltr'>ἄρα</span> <span class='ocrx_word' id='word_1_849' title='bbox 3107 5583 3136 5633; x_wconf 91' lang='lat'><strong>6</strong></span> <span class='ocrx_word' id='word_1_850' title='bbox 3165 5581 3374 5642; x_wconf 83' lang='grc' dir='ltr'>πλάσας</span> <span class='ocrx_word' id='word_1_851' title='bbox 3397 5579 3488 5630; x_wconf 78' lang='grc' dir='ltr'><strong>τὸν</strong></span> <span class='ocrx_word' id='word_1_852' title='bbox 3516 5574 3760 5642; x_wconf 70' lang='grc' dir='ltr'>ἄνθρωπον</span> 
     </span>
    </p>
   </div>
   <div class='ocr_carea' id='block_1_113' title="bbox 2863 5753 3749 5829">
    <p class='ocr_par' dir='ltr' id='par_1_113' title="bbox 2863 5753 3749 5829">
     <span class='ocr_line' id='line_1_113' title="bbox 2863 5753 3749 5829; baseline -0.014 -13"><span class='ocrx_word' id='word_1_853' title='bbox 2863 5763 2904 5795; x_wconf 79' lang='grc'>³³</span> <span class='ocrx_word' id='word_1_854' title='bbox 2943 5761 3041 5818; x_wconf 84' lang='lat' dir='ltr'><strong>Job</strong></span> <span class='ocrx_word' id='word_1_855' title='bbox 3091 5779 3176 5829; x_wconf 79' lang='lat' dir='ltr'><strong>Ix,</strong></span> <span class='ocrx_word' id='word_1_856' title='bbox 3213 5761 3265 5817; x_wconf 92' lang='lat'><strong>8.</strong></span> <span class='ocrx_word' id='word_1_857' title='bbox 3345 5757 3392 5792; x_wconf 71' lang='lat'><strong>“</strong></span> <span class='ocrx_word' id='word_1_858' title='bbox 3431 5757 3590 5812; x_wconf 79' lang='lat' dir='ltr'><strong>Jonas</strong></span> <span class='ocrx_word' id='word_1_859' title='bbox 3621 5769 3674 5818; x_wconf 82' lang='grc' dir='ltr'><strong>ιι,</strong></span> <span class='ocrx_word' id='word_1_860' title='bbox 3715 5753 3749 5804; x_wconf 89' lang='grc'><strong>1.</strong></span> 
     </span>
    </p>
   </div>
  </div>
