3954 6516
126 5727 141 5753 l

175 431 334 486 1155
1218 429 1510 484 ECLOGIE
1549 427 2021 485 PROPHETICA‘J.
2066 460 2131 468 —
2158 427 2285 484 LIB.
2321 427 2406 483 lll.
3298 429 3440 484 H31

174 555 359 616 αὐτός
394 555 541 606 ἐστιν
570 555 598 605 6
627 552 718 605 καὶ
750 553 830 615 εἰς
854 551 921 605 τά
946 552 1224 625 κατώτερα
1250 553 1348 624 τῆς
1373 553 1474 622 γῆς
1509 551 1770 616 καταϐὰς,

1885 549 2083 612 :ordia,
2113 565 2234 619 quae
2258 550 2428 604 maris
2458 547 2727 618 profunda
2753 548 2883 602 mibi
2920 548 3227 619 significare
3257 547 3445 600 viden-

176 655 284 699 καὶ
340 649 422 709 εἰς
468 646 565 716 τὴν
596 645 889 715 λεγομένην
941 645 1164 716 καρδίαν
1212 645 1400 714 αὐτῆς,
1436 646 1625 714 ἦντινα
1674 644 1768 698 νῦν

1885 653 1986 706 tur,
2031 641 2358 711 penetravit.
2404 640 2462 694 In
2492 641 2810 699 novissimis
2850 657 3065 711 quoque
3122 641 3299 709 abyssi
3349 639 3444 692 de-

176 734 567 806 ὐπολαμϐάνω
594 733 772 805 πηγὴν
811 733 1086 804 θαλάσσης
1113 734 1454 804 ὠνομάσθαιο
1489 734 1569 787 ἔτι
1598 734 1654 787 δὲ
1677 735 1770 787 καὶ

1885 733 2196 795 ambulavit,
2243 733 2332 788 cui
2388 733 2489 788 soli
2543 744 2741 803 apertze
2804 741 2933 788 sunt
2979 741 3151 803 portae
3205 732 3441 796 mortis;

173 830 208 882 6
256 831 323 883 ὲν
356 829 559 899 ἴχνεσιν
606 827 880 898 θαλάσσης
927 829 1323 898 περιπατήσας,
1365 821 1410 896 ᾧ
1455 828 1601 898 μόνῳ
1633 829 1772 898 μετά

1885 823 2032 879 nefas
2057 826 2258 895 quippe
2294 832 2411 880 erat
2446 839 2568 879 eum
2609 840 2639 878 λ
2687 835 2862 880 morte
2897 825 3134 888 devin-ci,
3163 839 3324 893 quem
3362 825 3446 876 in-

178 920 362 989 φόϐου
383 919 734 991 ἠνεῴχθησαν
758 921 812 973 αἰ
837 918 930 972 τοῦ
952 917 1182 973 θανάτου
1217 919 1400 984 πύλαι,
1429 919 1549 973 καθ’
1576 920 1656 972 ὅτι
1675 920 1771 972 οὐκ

1885 917 2017 972 ferni
2051 917 2263 972 ostiarii
2288 917 2536 972 videntes
2572 918 2986 986 pertimuerunt,
3022 915 3304 968 victoriam
3339 914 3447 966 sci-

177 1007 255 1081 ἦν
276 1012 507 1066 δυνατὸν
538 1009 854 1082 κρατεῖσθαι
879 1009 1038 1063 αὐτὸν
1065 1010 1155 1062 ὑπ’
1183 1009 1367 1073 αὐτοῦ,
1391 1010 1448 1063 ὂν
1474 1011 1567 1063 καὶ
1599 1011 1647 1063 οἰ
1671 1028 1771 1063 πυ-

1885 1010 2025 1072 licet,
2056 1019 2110 1063 et
2142 1009 2446 1072 stimulum,
2481 1017 2535 1063 et
2568 1009 2787 1082 vincula
2819 1009 3012 1063 mortis
3046 1009 3114 1062 ab
3141 1023 3206 1061 eo
3237 1007 3444 1060 sublata

177 1104 360 1175 λωροὶ
401 1103 494 1157 τοῦ
538 1081 699 1174 ᾍδου
743 1102 938 1165 ἰδόντες
968 1101 1226 1171 ἔπτηξαν,
1259 1101 1492 1174 ὁρῶντες
1535 1103 1594 1155 τὸ
1626 1105 1771 1166 νῖκος

1885 1116 2004 1156 cum
2037 1101 2476 1171 conspexissent.
2510 1101 2606 1157 His
2636 1081 2813 1157 autem
2853 1102 3096 1156 ostiariis
3126 1099 3324 1154 inferni
3359 1099 3440 1168 ja-

176 1195 284 1247 καὶ
318 1193 381 1246 τὺ
406 1195 647 1265 κέντρον,
673 1194 766 1246 καὶ
788 1192 888 1255 τὰς
916 1192 1108 1255 ὠδῖνας
1132 1192 1224 1245 τοῦ
1254 1192 1483 1246 θανάτου
1502 1193 1568 1246 δι’
1607 1193 1770 1247 αὑτοῦ

1885 1205 2109 1246 nuarum
2140 1206 2170 1244 a
2219 1193 2543 1262 quibusdam
2589 1193 2790 1248 divinis
2827 1193 3190 1264 potestatibus
3243 1191 3447 1245 dictum

176 1284 655 1356 καθαιρουμένας’
688 1283 826 1353 τάχα
872 1283 928 1336 δὲ
959 1283 1167 1346 τούτοις
1205 1285 1314 1346 τοῖς
1361 1283 1629 1355 πυλωροῖς
1663 1285 1772 1338 τῶν

1885 1293 1962 1338 est
1996 1292 2240 1354 tempore
2273 1285 2545 1355 passionis
2576 1293 2629 1339 et
2658 1285 2964 1339 Salvatoris
2996 1285 3170 1338 nostri
3213 1282 3279 1336 ad
3309 1281 3448 1335 infe-

175 1377 380 1430 ἐνθάδε
406 1376 712 1447 λεγομένων
735 1375 913 1428 πυλῶν
939 1375 1030 1428 τοῦ
1048 1375 1277 1429 θανάτου
1301 1376 1406 1430 ὑπό
1427 1393 1586 1429 τινων
1609 1377 1770 1431 θείων

1885 1389 1971 1430 ros
2000 1376 2328 1430 descensus:
2360 1394 2378 1427 ε
2411 1374 2656 1430 Attoilite
2680 1382 2888 1445 portas.
2913 1375 3211 1446 principes,
3238 1383 3448 1428 vestras

173 1470 473 1540 δυνάμεων
511 1468 730 1536 ἐλέγετο
768 1468 910 1522 κατά
949 1469 1039 1522 τὸν
1085 1467 1276 1539 καιρὸν
1313 1467 1408 1520 τοῦ
1441 1467 1645 1532 πάθους
1680 1470 1772 1522 καὶ

1885 1476 1930 1521 et
1955 1467 2266 1531 elevamini,
2304 1474 2472 1536 porta!
2500 1467 2805 1534 aeternales,
2835 1474 2888 1521 et
2917 1466 3162 1520 introibit
3191 1466 3303 1520 Rex
3332 1465 3450 1534 glo-

174 1562 286 1632 τῆς
321 1563 403 1623 εἰς
447 1559 539 1612 τὸν
589 1559 758 1631 ᾍδην
797 1558 888 1613 τοῦ
924 1559 1174 1630 Σωτῆρος
1213 1558 1369 1630 ἡμῶν
1420 1559 1772 1624 καταϐάσεως

1885 1560 1973 1613 riae
1994 1559 2092 1614 ³⁷.»
2127 1557 2438 1614 ιίΕιοτηοΙοε
2465 1569 2633 1629 porta:
2667 1559 2944 1620 dicuntur,
2981 1566 3037 1611 ut
3067 1556 3280 1625 opinor,
3318 1570 3450 1620 quo-

175 1651 264 1714 τδ,
311 1668 331 1700 ι
374 1651 578 1720 Ἀρατε
632 1648 822 1713 πύλας,
863 1651 912 1702 οἰ
954 1648 1230 1720 ἄρχοντες,
1262 1648 1414 1720 ὑμῶν
1457 1650 1548 1702 καὶ
1597 1649 1768 1720 ἐπάρ-

1885 1653 2023 1707 niam
2067 1653 2135 1707 ab
2162 1660 2366 1727 aeterno
2396 1652 2532 1705 nulli
2566 1666 2801 1722 unquam
2840 1657 3064 1720 patuere
3090 1648 3194 1702 nisi
3250 1647 3323 1698 illi
3356 1647 3448 1716 qui

177 1739 344 1809 θητε,
381 1740 546 1794 πύλαι
577 1739 803 1803 αἰώνιοι,
835 1740 928 1793 καὶ
953 1739 1311 1792 εἰσελεύσεται
1335 1742 1363 1793 6
1398 1739 1648 1809 βασιλεὺς
1675 1741 1770 1813 τῆς

1885 1753 2052 1800 morte
2081 1745 2355 1814 quondam
2393 1746 2641 1800 sublatos
2673 1744 2925 1798 liberavit
2963 1747 3017 1795 et
3049 1739 3116 1794 ad
3157 1739 3324 1792 vitam
3360 1755 3448 1791 re-

173 1833 378 1903 δόξης·
423 1853 442 1886 ι
478 1832 683 1886 αἰώνιοι
703 1834 758 1886 δὲ
778 1833 1021 1906 εἴρηνται
1053 1833 1235 1897 πύλαι,
1267 1833 1341 1896 ὡς
1382 1818 1767 1903 ὑπολαμϐάνω,

1885 1836 2131 1902 vocavit;
2185 1835 2251 1890 de
2283 1851 2392 1906 quo
2437 1836 2526 1889 hic
2575 1835 2818 1889 dicitur:
2865 1851 2883 1883 α
2924 1832 3135 1900 Apertae
3182 1837 3310 1884 sunt
3352 1829 3446 1882 tibi

171 1925 271 1979 διὰ
305 1926 367 1978 τὸ
397 1925 456 1992 ἐξ
476 1925 669 1988 αἰῶνος
705 1925 894 1997 μηδενὶ
930 1925 1072 1996 ἄλλῳ
1106 1924 1276 1988 αὑτάς
1309 1924 1553 1978 ἀνεῖσθαι
1585 1925 1619 1998 ἦ
1656 1925 1777 1978 τού-

1885 1942 2003 1981 cum
2034 1928 2229 1982 timore
2257 1935 2424 1997 portae
2449 1929 2662 1990 mortis,
2696 1933 2750 1980 et
2783 1924 2981 1978 inferni
3022 1922 3230 1978 ostiarii
3258 1920 3446 1974 viden~

173 2034 261 2086 τῳ
295 2017 445 2087 μόνῳ
474 2015 554 2086 τῷ
581 2016 676 2069 καὶ
702 2015 828 2078 τοὺς
859 2016 1026 2070 πάλαι
1068 2016 1196 2068 ποτὲ
1232 2014 1640 2079 καταποθέντας
1669 2015 1774 2068 ὑπὸ

1885 2030 1960 2074 tes
1993 2027 2046 2074 te
2075 2020 2492 2091 pel'timucrunt.
2543 2038 2562 2071 ι
2590 2017 2654 2072 Et
2695 2018 2750 2072 in
2785 2017 3085 2073 centesimo
3115 2025 3271 2070 sexto
3306 2016 3454 2084 psal-

173 2108 279 2162 τοῦ
325 2108 556 2161 θανάτου
599 2109 886 2181 ῥυσαμένῳ
919 2109 1012 2161 καὶ
1064 2107 1487 2179 ζωοποιήσαντι·
1536 2108 1667 2178 περὶ
1714 2100 1774 2160 οὗ

1885 2126 2004 2166 mo:
2047 2131 2063 2161 ι
2105 2111 2379 2165 Contrivit
2413 2118 2598 2181 portas
2643 2124 2812 2164 aereas
2839 2110 2904 2170 ³⁸,
2945 2128 2963 2160 ι
2997 2107 3188 2161 mortis
3222 2105 3449 2165 scilicez.

173 2201 375 2256 ἐνθάδε
407 2201 504 2272 μὲν
532 2202 745 2273 εἴρηται
779 2201 856 2264 τὸ,
880 2219 897 2250 ι
941 2201 1268 2268 Ἀνοξγονται
1299 2199 1356 2252 δέ
1393 2218 1474 2254 σοι
1501 2200 1648 2270 φόϐῳ
1675 2201 1776 2252 πύ-

1885 2211 1938 2255 ιιι
1963 2202 2095 2256 mibi
2128 2201 2364 2266 videtur,
2396 2222 2413 2253 ‹
2442 2210 2496 2257 et
2527 2209 2709 2256 vectes
2745 2199 2950 2255 ferreos
2986 2197 3270 2266 confregit,
3308 2215 3327 2248 ι
3351 2195 3452 2249 ba-

173 2292 272 2346 λαι
310 2292 563 2358 θανάτου,
587 2293 824 2365 πυλωροὶ
849 2292 905 2344 δὲ
938 2291 1099 2362 ’ᾼδου
1157 2291 1354 2354 ἰδόντες
1377 2309 1434 2344 σε
1462 2291 1716 2362 ἔπτηξαν·
1751 2311 1772 2341 ι

1885 2309 1998 2347 rum
2037 2310 2232 2364 nempe
2260 2302 2559 2364 portarum.
2597 2292 2728 2359 Qua:
2761 2291 2980 2362 quidem
3015 2291 3174 2345 nObis
3202 2289 3269 2343 de
3302 2288 3451 2342 null)

175 2388 238 2439 ὲν
271 2386 333 2439 δὲ
360 2385 438 2456 τῷ
471 2384 560 2457 pg’
581 2384 782 2455 ψαλμῷ
801 2384 880 2448 τὸ,
917 2403 934 2435 ι
978 2385 1100 2436 Ὅτι
1123 2383 1407 2457 συνέτριψε
1443 2383 1616 2448 πύλας
1644 2384 1772 2454 χαλ-

1885 2381 2005 2448 alio,
2053 2383 2158 2436 nisi
2218 2383 2282 2437 de
2343 2382 2564 2437 Christo
2593 2381 2943 2452 intelligenda
3004 2380 3278 2435 videntur.
3335 2376 3452 2448 Ipse

177 2479 314 2542 κᾶς,
358 2497 378 2530 ι
413 2478 513 2530 οὐκ
537 2477 702 2541 ἄλλας
741 2477 927 2542 οὔσας,
967 2479 1042 2544 ὡς
1074 2475 1246 2549 οἶμαι,
1271 2479 1323 2550 δὴ
1359 2477 1458 2542 τὰς
1488 2497 1505 2529 ι
1544 2477 1638 2532 τοῦ
1675 2478 1774 2533 θα-

1885 2474 2019 2530 enim
2055 2481 2158 2541 est,
2189 2474 2279 2529 cui
2323 2489 2485 2529 omne
2515 2471 2786 2542 judicium
2826 2471 2974 2526 dedit
2998 2470 3184 2534 Pater,
3226 2467 3296 2523 ad
3350 2484 3450 2522 au-

175 2572 375 2636 νάτου,
404 2570 500 2624 καὶ
550 2570 778 2641 μοχλοὺς
811 2570 1064 2642 σιδηροῦς
1098 2571 1435 2643 συνέτριψεν,
1482 2591 1500 2621 ι
1530 2572 1687 2644 δῆλον
1727 2573 1772 2626 δ’

1885 2565 2154 2620 ferendam
2191 2567 2258 2620 ab
2290 2566 2473 2636 impiis
2507 2566 2702 2629 lucem,
2733 2574 2786 2619 et
2835 2563 3063 2618 brachia
3111 2561 3450 2617 excelsorum

175 2665 267 2717 ὅτι
308 2664 435 2728 τοὺς
478 2662 586 2717 τῶν
614 2663 1027 2736 προειρημένων
1069 2663 1270 2717 πυλῶν.
1314 2663 1500 2719 Ταῦτα
1541 2665 1639 2735 μὲν
1679 2661 1772 2719 οὖν

1885 2659 2293 2729 confringenda.
2331 2658 2463 2726 Quae
2491 2659 2538 2715 si
2575 2659 2698 2730 quis
2737 2657 3077 2713 existimaret
3103 2655 3170 2709 de
3209 2656 3450 2709 omnium

177 2759 320 2826 ἡμῖν
349 2757 426 2819 ὡς
452 2755 519 2808 ἂν
546 2755 733 2828 μηδενὶ
758 2756 929 2826 ἑτέρῳ
958 2755 1088 2826 ἦτῷ
1116 2757 1333 2828 Χριστῷ
1365 2756 1671 2828 ἁρμόζοντα
1693 2758 1772 2822 εἰς

1885 2751 1989 2807 Deo
2016 2751 2146 2818 dici,
2176 2759 2393 2821 reputet
2428 2767 2495 2806 an
2522 2753 2670 2821 pium
2699 2758 2845 2806 esset
2873 2749 3027 2814 illud,
3071 2767 3089 2798 ι
3112 2735 3229 2803 Non
3252 2748 3449 2801 cmlum

176 2847 351 2903 αὐτὸν
379 2846 690 2918 ὲξείληπται
714 2865 728 2878 ·
753 2847 914 2910 αὐτὸς
937 2847 1045 2918 γάρ
1077 2848 1221 2900 ἐστιν
1257 2842 1301 2913 ᾧ
1330 2849 1506 2902 πᾶσαν
1533 2847 1631 2919 τὴν
1652 2849 1774 2919 κρί-

1885 2854 1930 2898 et
1981 2852 2185 2897 terram
2235 2858 2337 2913 ego
2391 2844 2600 2914 repleo,
2661 2841 2793 2897 dicit
2847 2841 3109 2897 Dominus
3137 2841 3203 2907 ’9,
3236 2858 3254 2891 ι
3292 2839 3452 2907 cujus

178 2957 272 2993 σιν
321 2938 520 2992 ἔδωκεν
548 2940 576 2990 6
607 2938 817 3010 Πατὴρ,
853 2937 992 2991 ὥστε
1026 2939 1186 2991 αὑτὸν
1230 2941 1483 3011 ἀφαιρεῖν
1526 2940 1624 3010 μὲν
1665 2941 1773 2993 ἀπὸ

1885 2955 1900 2986 ι
1928 2937 2125 2991 caelum
2167 2937 2419 3000 thronus,
2456 2945 2709 3006 terraque
2723 2936 3017 2991 scabellum
3049 2933 3301 3004 pedum“
3330 2952 3349 2984 ι
3385 2933 3453 2983 ab

177 3031 402 3086 ἀσεϐῶν
433 3031 494 3084 τὸ
540 3030 674 3100 φῶς,
718 3029 1007 3101 βραχίονας
1043 3030 1098 3083 δὲ
1143 3031 1503 3102 ὑπερηφάνων
1552 3033 1768 3104 συντρί-

1885 3030 1968 3083 illo
2001 3028 2109 3084 Deo
2155 3028 2263 3084 dici
2313 3030 2405 3098 qui
2443 3029 2629 3084 omnia
2673 3028 3070 3097 complectitur,
3107 3027 3191 3082 vel
3233 3026 3448 3096 opinari

180 3124 305 3176 ϐειν
324 3140 338 3152 ·
365 3123 414 3174 εἰ
441 3121 498 3174 δέ
527 3139 610 3185 τις
639 3122 766 3190 περὶ
791 3119 887 3173 τοῦ
908 3121 1015 3174 τῶν
1041 3121 1177 3174 ὅλων
1202 3119 1336 3173 Θεοῦ
1367 3119 1573 3192 οἰηθείη
1597 3121 1767 3174 ταῦτα

1885 3135 1997 3175 eum
2046 3135 2211 3189 super
2257 3135 2408 3176 mare
2458 3121 2849 3176 ambulavisse.
2898 3118 3108 3186 Quidve
3159 3118 3358 3172 mirum
3394 3125 3452 3173 et

179 3213 463 3281 λέγεσθαι,
487 3210 833 3281 ἐπιστησάτω
851 3213 898 3262 εί
927 3210 1145 3272 εὐσεϐές
1169 3210 1316 3262 ἐστιν
1344 3210 1435 3262 τὸν
1469 3210 1765 3279 φάσκοντα,

1885 3212 2122 3267 increata
2181 3219 2378 3266 natura
2433 3212 2692 3283 dignum,
2742 3211 2900 3282 quasi
2953 3211 3184 3266 sublime
3235 3208 3451 3264 facinus

187 3325 205 3356 ι
235 3306 374 3375 Οὐχὶ
395 3304 484 3357 τὸν
499 3302 724 3373 ούρανὸν
753 3303 846 3356 καὶ
866 3301 960 3373 τὴν
991 3302 1092 3372 γῆν
1123 3301 1233 3369 ἐγὼ
1258 3300 1474 3372 πληρῶ,
1495 3301 1644 3369 λέγει
1662 3300 1774 3352 Κύ-

1885 3305 2064 3359 dicere
2089 3304 2332 3374 patuisse
2359 3305 2407 3358 ei
2440 3305 2632 3360 mortis
2669 3315 2860 3374 portas
2884 3304 2906 3356 ?
2941 3302 3202 3373 Nunquid
3230 3303 3453 3357 deceret

183 3414 327 3470 ριος,
365 3414 383 3446 ι
413 3389 474 3450 οῦ
508 3415 526 3446 ι
563 3397 591 3448 6
614 3393 840 3465 οὐρανὸς
864 3392 1068 3463 θρόνος,
1105 3393 1138 3462 ἡ
1171 3391 1226 3444 δὲ
1258 3391 1328 3461 γῆ
1352 3391 1638 3445 ὑποπόδιον
1660 3390 1768 3444 τῶν

1885 3397 2124 3450 omnium
2160 3395 2352 3458 Deum,
2382 3395 2543 3465 quasi
2577 3411 2830 3466 magnum
2863 3395 3135 3464 quoddam
3166 3401 3329 3463 atque
3361 3392 3450 3446 vix

182 3488 388 3552 ποδῶν,
433 3506 452 3539 ι
481 3488 570 3541 τὸν
617 3486 1010 3558 ὲμπεριέχοντα
1056 3485 1124 3537 τὰ
1175 3485 1350 3538 πάντα
1400 3483 1534 3536 Θεὸν
1585 3483 1770 3536 τοῦτον

1885 3485 2212 3540 credendum
2254 3485 2322 3541 de
2363 3501 2420 3541 se
2455 3486 2574 3554 ipso
2613 3485 2910 3554 praedicare
2963 3482 3160 3537 inferni
3196 3481 3452 3536 ostiarios

181 3583 443 3651 φάσκειν,
471 3580 504 3652 ἢ
536 3581 639 3634 κᾶν
663 3581 860 3633 ἐννοεῖν
885 3579 941 3630 ὲν
971 3577 1138 3646 ἴχνεσι
1168 3575 1443 3646 θαλάσσης
1468 3576 1773 3644 περιπεπα-

1885 3579 2000 3648 ipso
2032 3579 2149 3632 viso
2189 3564 2591 3632 Contremuisse
2619 3577 2642 3629 ?
2671 3575 2932 3644 Equidem
2965 3590 3073 3628 non
3111 3573 3307 3644 opinor
3338 3572 3451 3626 haec

179 3675 449 3749 τηκέναι’
482 3674 534 3727 τί
579 3674 636 3728 δὲ
668 3674 760 3726 καί
803 3670 1132 3742 θαυμαστὸν,
1166 3668 1200 3739 ἢ
1248 3667 1396 3732 ἀξιον
1427 3667 1527 3737 τῆς
1577 3667 1773 3736 ἀγενή-

1885 3669 1949 3722 de
1980 3683 2047 3722 eo
2076 3667 2206 3731 dici,
2242 3668 2338 3722 sed
2369 3668 2456 3737 pie
2483 3682 2545 3720 ac
2570 3668 2622 3719 vi
2645 3666 2800 3720 nulla
2823 3666 3072 3736 adoptari
3097 3673 3324 3734 possunt
3356 3664 3450 3718 Dei

179 3788 282 3823 του
317 3768 552 3838 φύσεως,
588 3767 775 3836 ὥσπερ
813 3764 955 3834 μέγα
987 3780 1038 3814 τι
1069 3761 1296 3830 φάσκειν
1331 3758 1600 3830 ὴνεῷχθαι
1629 3759 1775 3830 αὐτῷ

1888 3755 2084 3823 Verbo,
2122 3756 2393 3812 Salvatori
2425 3755 2766 3824 Dominoque
2813 3763 3002 3808 nostro
3043 3753 3172 3808 Jesu
3210 3751 3448 3816 Christo,

181 3862 288 3924 τὰς
314 3859 412 3913 τοῦ
457 3859 685 3913 θανάτου
728 3857 932 3919 πύλας;
978 3849 1086 3925 ἆρα
1118 3851 1174 3904 δὲ
1219 3851 1419 3922 πρέποι
1465 3850 1530 3903 ἂν
1556 3850 1631 3921 τῷ
1665 3850 1774 3902 τῶν

1885 3850 1974 3919 qui
2009 3850 2170 3902 homo
2220 3849 2394 3902 factus
2440 3859 2544 3910 est,
2581 3855 2810 3901 mortem
2859 3846 3002 3909 tulit,
3044 3845 3392 3913 surrexitque
3423 3863 3450 3896 ιι

175 3953 325 4005 -ἇλων
355 3950 474 4020 Θεῷ
499 3950 573 4013 ὡς
608 3949 750 4020 μέγα
778 3966 828 4000 τι
857 3947 949 3999 καὶ
985 3943 1284 4015 παράδοξον
1319 3942 1445 4008 περὶ
1477 3941 1668 3996 ἑαυτοῦ
1692 3942 1771 3994 δι’

1885 3943 2111 3996 mortuis
2172 3940 2354 3994 divina
2425 3948 2695 4011 potestate
2727 3979 2741 4002 ,
2806 3949 3139 4009 acceptaque
3202 3953 3229 3989 η
3295 3936 3452 3990 Patre

184 4041 508 4114 εξέρχεσθαι
534 4042 595 4093 τὸ
611 4040 736 4103 τοὺς
765 4039 1046 4110 πυλωροὺς
1068 4038 1160 4092 τοῦ
1180 4037 1346 4090 ’ᾍδου
1377 4035 1583 4097 ἰδόντας
1610 4033 1769 4086 αὑτὸν
1879 4035 2102 4090 virtute.

187 4133 522 4204 ὲπτηκέναι;
564 4132 700 4184 Ἀλλ’
735 4131 873 4201 (οὐκ)
904 4126 1056 4202 οἶμαι
1112 4129 1281 4183 ταῦτα
1312 4129 1442 4200 περὶ
1475 4126 1640 4180 αὐτοῦ
1702 4126 1977 4196 λέγεσθαι,
2009 4129 2230 4182 δύναταί
2263 4145 2325 4196 γε
2399 4128 2504 4198 μὴν
2541 4126 2870 4198 ἐφαρμόζειν
2904 4124 3138 4187 εὐσεϐῶς
3163 4124 3255 4176 καὶ
3292 4122 3452 4176 ἁϐιά-

189 4243 332 4288 στως
357 4225 449 4277 ιιι
475 4224 566 4276 τὸν
611 4223 706 4277 τοῦ
736 4223 870 4277 Θεοῦ
905 4224 1096 4290 Λόγον,
1130 4222 1219 4276 τὸν
1261 4223 1488 4292 Σωτῆρα
1537 4219 1630 4271 καὶ
1662 4219 1864 4290 Κύριον
1887 4220 2044 4292 ἡμῶν
2079 4219 2285 4291 Ἰησοῦν
2348 4219 2600 4293 Χριστὸν,
2653 4219 2743 4271 τὸν
2792 4217 3305 4287 ὲνανθρωπήσαντα,
3361 4215 3453 4266 καὶ

189 4319 420 4374 θάνατον
457 4320 844 4390 ὑπομείναντα,
877 4319 1183 4372 ἀναστάντα
1217 4335 1273 4370 τε
1304 4318 1370 4369 ἐκ
1404 4315 1610 4386 νεκρῶν
1640 4315 1775 4385 μετά
1816 4315 1963 4380 θείας
1990 4317 2269 4387 δυνάμεως
2299 4317 2391 4368 καὶ
2433 4313 2532 4383 τῆς
2560 4313 2805 4383 δοθείσης
2834 4309 2980 4381 αύτῷ
3022 4303 3171 4380 παρὰ
3206 4307 3297 4359 τοῦ
3349 4305 3454 4358 Παν

189 4412 320 4484 ’πρὸς
349 4410 614 4476 ἐξουσίας.

726 4527 1127 4580 ’ΚΕΦΑΛΑΙΟΝ
1155 4527 1230 4577 (9':

840 4642 949 4696 Τοῦ
993 4641 1121 4696 Ἰὼϐ
1123 4681 1136 4693 .

264 4754 436 4808 Πάλιν
469 4757 498 4809 6
529 4755 731 4827 Κύριος
762 4758 818 4808 ὲν
857 4754 934 4825 τῷ
969 4754 1104 4824 πρὸς
1130 4754 1222 4806 τὸν
1262 4752 1378 4805 Ἰὼϐ
1410 4754 1778 4825 χρηματισμῷ

192 4847 258 4918 (f.
279 4847 373 4916 29)
411 4848 538 4918 napi.
572 4846 665 4899 τοῦ
697 4847 986 4919 δράκοντος
1032 4846 1410 4916 διαλεγόμενός
1437 4861 1620 4915 φησιν,
1651 4863 1668 4894 ι
1704 4844 1778 4898 υύ

2492 4515 2728 4569 CAPUT
2775 4513 2859 4565 ΙΧ.

2564 4629 2613 4681 Ε
2654 4627 2776 4680 Job.

1951 4748 2186 4804 Rursum
2215 4746 2478 4800 Dominus
2527 4745 2578 4798 in
2611 4758 2710 4799 sua
2752 4740 2817 4795 ad
2861 4738 2963 4793 Job
3005 4739 3342 4808 apparitione
3385 4739 3451 4793 de

1880 4844 2115 4896 dracone
2155 4840 2458 4894 collocutus
2489 4836 2628 4892 dixit
2662 4851 2675 4886 :
2715 4853 2732 4884 ι
2768 4831 2959 4887 Nonne
2991 4831 3150 4884 times
3179 4830 3321 4900 quod
3354 4846 3444 4900 pa-

193 4940 464 5002 δέδοικας,
493 4941 574 4992 ὅτι
612 4940 934 5011 ἡτοίμασταί
969 4955 1092 5010 μοι;
1131 4960 1148 4991 ι
1184 4939 1346 5009 φησὶν
1389 4938 1468 4990 ὅτι
1505 4940 1533 4991 ὁ
1567 4937 1777 5008 δράκων

1885 4943 2059 4988 ratum
2080 4942 2163 4989 est
2186 4931 2317 4986 mihi
2337 4930 2381 4961 “
2406 4930 2429 4982 ?
2461 4948 2480 4982 ι
2507 4927 2801 4984 ostendens
2825 4925 3116 4980 draconem
3139 4939 3246 4976 non
3285 4921 3448 4974 alium

192 5031 296 5106 οὐκ
323 5029 481 5093 ἄλλος
516 5030 592 5084 ὢν
614 5030 707 5082 τοῦ
740 5030 1006 5084 διαϐόλου.
1024 5031 1166 5102 Ὅρα
1179 5027 1270 5083 οὖν
1296 5031 1344 5082 εἰ
1361 5028 1509 5096 ἄξιον
1533 5029 1777 5099 ὑπολαμ-

195 5124 382 5176 ϐάνειν
405 5123 496 5176 τὸν
511 5123 619 5177 τῶν
643 5124 779 5177 ὅλων
803 5125 935 5177 Θεὸν
955 5125 1110 5178 τοῦτο
1136 5125 1386 5195 φάσκειν·
1403 5123 1686 5196 ἁρμόζοιδ⁹
1711 5122 1776 5176 ἂν

188 5215 402 5284 μᾶλλον
437 5215 516 5287 τῷ
549 5215 738 5288 Κυρίῳ
772 5217 866 5271 καὶ
897 5217 1106 5287 Σωτῆρι
1151 5216 1328 5287 ἡμῶν,
1362 5210 1406 5284 ᾧ
1447 5217 1595 5286 μόνῳ
1633 5215 1778 5285 ἡτοί-

199 5325 404 5377 μασται
430 5310 459 5361 6
490 5308 592 5361 ὑπὸ
622 5309 846 5379 μηδενὸς
879 5310 1064 5380 ἑτέρον
1086 5308 1345 5379 νικηθεὶς,
1372 5307 1553 5378 σχεδὸν
1577 5306 1634 5359 δὲ
1667 5305 1777 5358 τῶν

115 5425 120 5436 ι
198 5400 416 5454 πάντων
469 5398 837 5470 ὑπερισχύσας
873 5399 1134 5466 διάϐολος,
1177 5400 1358 5452 ὅντινα
1413 5398 1570 5470 μόνος
1616 5397 1778 5459 αὐτὸς

196 5494 226 5544 6
257 5492 476 5545 πάντων
535 5491 876 5563 ἰσχυρότερος
915 5490 1008 5543 τοῦ
1042 5491 1175 5544 Θεοῦ
1230 5491 1399 5558 Λόγος
1447 5487 1778 5560 ἐχειρώσατο

122 5607 126 5612 ·
198 5585 340 5637 κατά
375 5583 456 5647 τὸ,
491 5601 509 5633 ι
558 5584 616 5637 Ὀ
651 5583 854 5655 μέλλων
882 5583 943 5634 τὸ
979 5583 1118 5653 μέγα
1153 5582 1316 5651 κῆτος
1341 5577 1726 5652 χειρώσασθαυ
1756 5597 1773 5628 ι

127 5688 141 5747 μ
194 5675 226 5729 ὃ
260 5677 356 5728 καὶ
393 5676 793 5746 χειρωσάμενος
849 5673 1068 5747 θαρσεῖν
1113 5677 1226 5737 τοῖς
1266 5671 1460 5728 ἑαυτοῦ
1512 5670 1780 5742 μαθηταῖς

362 5832 502 5890 ΡετιΙ.
538 5851 670 5892 “tu
694 5875 708 5900 ,
745 5836 795 5891 7.
902 5834 942 5865 ³⁸
979 5831 1125 5888 Psal.
1163 5847 1245 5886 ενι
1272 5873 1286 5896 ,
1323 5832 1406 5886 l6.

197 5918 262 5961 lu
288 5944 302 5969 ,
338 5904 390 5957 8.

1520 5831 1560 5862 ³⁸
1603 5825 1712 5882 Jer.
1750 5838 1921 5889 χχιιι,
1952 5821 2042 5876 τι.

1877 5044 1998 5085 esse
2027 5043 2090 5082 ac
2115 5028 2415 5082 diabolum.
2451 5023 2587 5079 Vide
2618 5022 2780 5093 igitur
2809 5036 2876 5075 an
2911 5021 3132 5090 dignum
3158 5025 3304 5072 esset
3335 5014 3451 5069 exi-

1878 5122 2102 5175 stimare
2155 5120 2400 5173 omnium
2433 5117 2604 5171 Deum
2637 5116 2741 5169 hoc
2772 5113 2987 5177 dicere;
3019 5109 3215 5164 melius
3248 5121 3448 5161 conve-

1878 5213 2022 5267 niret
2052 5211 2183 5264 illud
2218 5209 2449 5264 Domino
2476 5216 2530 5264 et
2563 5205 2828 5261 Salvatori
2862 5211 3072 5264 nostro,
3101 5200 3188 5254 cui
3217 5198 3317 5254 soli
3350 5212 3448 5268 pa-

1877 5309 2030 5355 ratus
2058 5307 2142 5354 est
2168 5299 2257 5353 ille
2300 5312 2460 5367 quem
2513 5308 2672 5350 nemo
2715 5304 2957 5361 unquam
2986 5288 3212 5350 vicerat,
3251 5283 3453 5355 quique

1879 5392 2124 5448 omnium
2150 5390 2262 5444 fere
2291 5387 2576 5443 exstiterat
2595 5385 2790 5448 victor,
2817 5382 3087 5444 diabolus,
3115 5394 3274 5446 quem
3301 5378 3452 5432 solus

1881 5487 1998 5556 ipse
2031 5483 2272 5539 omnium
2305 5479 2660 5545 fortissimus,
2695 5475 2790 5531 Dei
2825 5473 3060 5530 Verbum
3107 5472 3326 5534 devicit,
3365 5484 3452 5524 se-

1881 5580 2115 5632 cundum
2156 5573 2288 5628 illud
2338 5591 2352 5626 :
2422 5588 2441 5620 ι
2496 5568 2598 5636 Qui
2647 5581 2906 5639 magnum
2966 5573 3085 5620 cete
3137 5565 3451 5620 devicturus

1877 5674 1967 5720 est
1996 5664 2059 5717 δ’.
2103 5683 2120 5716 ι
2150 5661 2270 5729 Quo
2306 5660 2450 5714 enim
2494 5660 2791 5721 subslrato,
2833 5656 3133 5726 discipulos
3162 5670 3291 5709 suos
3320 5671 3450 5708 con-

2156 5820 2201 5852 “
2242 5817 2344 5873 lsa.
2383 5830 2507 5870 vat
2535 5858 2548 5883 ,
2583 5814 2635 5868 1.
2751 5813 2793 5844 ⁸³
2837 5809 2936 5866 Job
2971 5825 3079 5874 xu,
3120 5809 3168 5863 l.
3265 5811 3308 5839 δ’
3345 5806 3448 5863 Job
