3974 6498
199 422 346 478 H37

1228 425 1528 482 ECLOGE
1569 424 2052 483 PROPIIETICA‘I.
2088 459 2155 469 —-
2194 425 2324 482 LIB.
2364 425 2454 482 III.

3307 420 3447 484 “'53

196 539 337 592 λεσα
363 537 456 592 τὸν
483 539 597 592 υἱόν
625 556 746 610 μουο
785 560 802 592 ι
844 542 1028 611 σαφῶς
1049 543 1158 614 γὰρ
1188 544 1440 614 δηλοῦται
1478 546 1511 616 ή
1545 545 1784 618 ἀποϐολὴ

1894 544 1980 612 iit;
2005 547 2076 600 ita
2099 552 2159 600 ut
2178 544 2484 600 diceretur:
2513 562 2530 596 ι
2558 542 2712 598 Mane
2746 545 3060 614 pertransiit
3087 561 3177 602 rex
3209 544 3396 601 Israel.
3425 566 3443 598 ι

195 627 302 696 τῆς
332 627 432 680 τοῦ
481 627 694 699 Ἰσραὴλ
725 629 1017 700 βασιλείας,
1052 633 1174 703 ἥτις
1207 634 1368 706 μέχρι
1410 635 1508 705 τῆς
1542 634 1638 688 τοῦ
1669 637 1784 688 Σω-

193 718 374 788 τῆρος
400 718 560 789 ἡμῶν
589 722 908 790 ἐπιφανείας
937 727 1177 777 συστᾶσα
1207 726 1265 792 ἐξ
1295 727 1462 797 αὐτῆς
1481 727 1782 799 ὰπερῤίφη,

193 811 297 862 καὶ
326 811 735 883 κατεσιωπήθηο
765 813 840 876 ὡς
863 813 952 866 διὰ
983 815 1142 868 τοῦτο
1163 817 1410 888 εἰρῆσθαι
1430 817 1508 880 τὸ,
1536 837 1554 870 r
1577 820 1664 871 Ἐν
1692 820 1784 891 ὅρ-

193 901 324 972 θρῳ
349 903 735 975 κατεσιωπήθη
763 904 1012 974 βασιλεὺς
1037 908 1270 980 Ἰσραήλ·
1298 929 1315 961 ι
1339 909 1532 982 ὄρθρον
1554 911 1650 982 τὴν
1667 914 1786 965 ἐπι-

197 997 439 1062 φάνειαν
468 996 563 1048 καὶ
591 998 690 1066 τὴν
718 998 838 1050 τότε
869 999 1091 1071 πρώτην
1117 1004 1196 1066 είς
1235 1003 1440 1068 πάντας
1471 1003 1787 1076 ἀνθρώπους

198 1087 472 1159 ἀνατολὴν
500 1086 593 1140 τοῦ
623 1087 765 1142 θείου
789 1091 962 1158 Λόγου
994 1093 1093 1162 τῆς
1133 1095 1468 1165 προφητείας
1496 1095 1788 1165 όνομαζού-

199 1195 310 1247 σης
366 1197 384 1228 ι
429 1181 486 1230 ἐν
526 1178 725 1250 ὄρθρῳ·
777 1199 795 1230 ι
854 1180 1072 1234 δύναται
1127 1184 1220 1235 καὶ
1268 1185 1395 1253 περὶ
1447 1183 1543 1236 τοῦ
1612 1183 1787 1256 Ἠρώ-

195 1267 293 1320 δου
357 1267 815 1338 προθεσπίζεσθαι
867 1270 957 1334 τὸ,
1013 1289 1030 1320 ι
1091 1273 1478 1344 κατεσιωπήθη
1535 1273 1786 1342 βασιλεὺς

212 1359 461 1431 Ἰσραήλο
498 1378 518 1411 ι
564 1359 639 1422 ὡς
680 1359 768 1413 διὰ
808 1360 899 1414 τὸν
948 1362 1380 1434 παραλογισμὸν,
1424 1365 1480 1416 ὃν
1521 1363 1786 1417 πέπονθεν

199 1452 316 1506 ὑπὸ
347 1452 456 1504 τῶν
485 1451 673 1523 μάγων
699 1453 790 1506 ἐπὶ
816 1456 881 1524 τῇ
911 1453 1004 1507 τοῦ
1033 1456 1284 1527 Σωτῆρος
1314 1457 1468 1526 ἡμῶν
1498 1456 1728 1524 γενέσει,
1752 1455 1786 1510 ἀ

200 1543 303 1597 καὶ
333 1543 681 1616 συμϐέϐηκεν
721 1545 808 1598 διὰ
846 1547 944 1616 τὴν
976 1547 1070 1600 τοῦ
1112 1548 1327 1619 Πατρὸς
1365 1548 1494 1619 περ)⁴
1529 1548 1618 1600 τὸν
1659 1547 1786 1600 ἴδιον

201 1635 377 1688 παῖδα
396 1636 487 1688 τὸν
510 1635 716 1706 Κύριον
749 1635 904 1706 ἡμῶν
943 1637 1146 1708 Ἰησοῦν
1178 1639 1410 1711 Χριστὸν
1439 1638 1680 1710 ἀγάπην,
1711 1639 1786 1702 ὡς

199 1730 300 1782 καὶ
328 1731 386 1782 ἐν
407 1728 594 1791 ἄλλαις
611 1729 970 1800 προφητείαις
998 1732 1214 1802 Ἰσραὴλ
1239 1733 1332 1785 καὶ
1359 1731 1596 1785 ἐνταῦθα
1619 1749 1787 1802 προσ-

199 1819 624 1891 αγορευόμενον’
669 1820 729 1874 ὃν
769 1821 910 1874 κατά
935 1821 1122 1893 καιρὸν
1153 1823 1247 1892 μὲν
1275 1822 1664 1893 ᾠκονομήσατο
1691 1821 1783 1873 ἐπὶ

1892 637 2045 692 Mane
2074 635 2566 692 manifestationem
2599 635 2888 706 signiﬁcat,
2923 637 3260 707 primamque
3279 637 3448 691 divini
3481 620 3487 632 ’

1889 727 2054 781 Verbi
2083 726 2149 780 ad
2180 727 2431 782 homines
2487 725 2892 781 revelationem.
2925 723 3226 781 Possumus
3276 737 3328 780 et
3382 726 3455 781 de

1888 816 2102 871 Herode
2131 816 2244 870 hzec
2270 814 2651 884 interpretari:
2679 834 2696 866 ι
2725 812 3050 868 Pertransiit
3082 831 3174 870 rex
3211 813 3403 879 Israel;
3426 831 3445 864 ι

1887 907 2046 976 quasi
2081 913 2300 976 propter
2329 917 2570 960 errorem
2603 919 2761 973 quem
2794 919 2989 974 passus
3019 912 3103 960 est
3135 920 3165 958 a
3195 905 3366 973 magis
3395 903 3450 958 in

1895 995 2194 1052 Salvatoris
2245 995 2416 1050 nostri
2466 995 2773 1062 nativitate;
2829 995 2974 1065 quod
3020 997 3217 1052 accidit
3273 995 3465 1050 Patris.

1889 1105 2074 1142 amore
2103 1089 2154 1142 in
2190 1089 2467 1160 proprium
2492 1102 2720 1159 puerum
2759 1087 3048 1144 Dominum
3091 1097 3339 1145 nostrum
3368 1089 3452 1145 Je-

1888 1168 2007 1236 sum
2037 1181 2337 1242 Christum,
2366 1180 2508 1235 sicut
2539 1181 2593 1233 in
2617 1180 2739 1235 aliis
2768 1179 3065 1250 prophetiis
3087 1178 3250 1237 Israel
3283 1189 3333 1237 et
3363 1169 3452 1238 hic

1889 1272 2226 1326 nominatum
2255 1291 2268 1337 ;
2304 1286 2412 1341 quo
2439 1270 2656 1342 quidem
2689 1279 2931 1341 tempore
2959 1271 3099 1340 jussi
3129 1282 3256 1327 sunt
3287 1272 3454 1328 simul

1889 1361 2088 1434 Joseph
2114 1377 2166 1418 et
2190 1373 2358 1418 mater
2381 1364 2434 1417 in
2457 1363 2750 1433 Egyptum
2773 1363 3068 1434 proﬁcisci,
3105 1379 3228 1419 cum
3258 1345 3451 1420 neces-

1890 1457 2022 1509 sitas
2053 1457 2374 1525 requireret,
2404 1455 2719 1510 insidiatum
2759 1456 2805 1509 ei
2839 1470 3042 1526 regem,
3076 1454 3341 1510 Herodem
3372 1457 3454 1512 viv

1888 1544 2104 1612 delicet,
2129 1554 2339 1600 constat
2363 1547 2788 1616 praetermissum
2821 1544 3010 1601 fuisse.
3041 1545 3253 1601 Rursus
3275 1545 3452 1618 ipsum

1890 1636 2103 1692 llerode
2133 1646 2349 1692 mortuo
2403 1644 2620 1693 revocat
2672 1647 3035 1708 congruenter
3083 1652 3205 1692 cum
3234 1652 3298 1692 ea
3334 1652 3456 1708 quae

1888 1733 2047 1788 nobis
2083 1732 2135 1786 in
2168 1731 2418 1786 manibus
2445 1739 2530 1787 est
2559 1730 2859 1800 prophetia.
2900 1728 2955 1784 Si
2987 1730 3109 1800 quis
3138 1730 3206 1786 ad
3238 1728 3454 1785 Iudaeo-

1888 1839 2007 1877 rum
2038 1823 2295 1892 populum
2328 1821 2442 1875 haec
2470 1820 2670 1875 referat
2700 1820 2889 1876 dicens
2921 1820 2990 1875 de
3037 1819 3236 1891 populo
3265 1820 3453 1884 Israel,

200 1911 305 1981 τὴν
338 1912 611 1978 Αἴγυπτον
643 1913 759 1984 ἃμα
788 1912 864 1983 τῷ
912 1914 1106 1984 Ἰωσὴφ
1133 1914 1226 1967 καὶ
1255 1916 1321 1984 τῇ
1362 1914 1529 1985 μητρὶ
1555 1914 1785 1985 ἀπᾶραι,

1896 1917 2094 1988 populo
2147 1914 2586 1970 circumcisionis
2623 1914 2739 1967 hanc
2787 1912 3020 1977 narrari,
3071 1912 3312 1967 attendat
3345 1928 3456 1968 ser-

200 2006 294 2057 ὕτε
315 2005 410 2057 καὶ
431 2005 588 2075 χρεία
611 2005 794 2059 ἐκάλει
816 2006 908 2059 τὸν
934 2005 1353 2060 ἐπιϐουλεύοντα
1372 2007 1520 2077 αὐτῷ
1541 2006 1783 2076 βασιλέα,

201 2096 364 2166 δῆλον
407 2097 488 2148 ὅτι
531 2097 623 2150 τὸν
681 2097 949 2170 Ἡρώδην,
1005 2099 1504 2170 κατασιωπηθῖγδαιο
1551 2095 1706 2162 αὖθις
1742 2099 1786 2152 δ’

206 2187 372 2239 αὑτὸν
417 2187 610 2240 τούτου
644 2188 1068 2260 τελευτήσαντος
1099 2191 1449 2243 ἀνακαλεῖται
1484 2191 1788 2254 ἀκολούθως

210 2281 276 2348 τῇ
315 2279 455 2349 μετά
501 2281 690 2351 χεῖρας
732 2281 1059 2352 προφητείᾳ.
1099 2281 1162 2333 Εἰ
1198 2281 1242 2334 δ’
1273 2282 1364 2334 ἐπὶ
1398 2281 1491 2334 τὸν
1527 2281 1789 2335 Ἰουδαίων

205 2371 335 2424 λαὸν
389 2369 566 2432 ταῦτά
613 2389 696 2436 τις
748 2372 1011 2445 ἀναφέροι
1065 2373 1287 2443 φάσκων
1336 2374 1462 2444 περὶ
1513 2373 1606 2426 τοῦ
1659 2373 1788 2426 λαοῦ

138 2502 150 2513 .
221 2463 442 2535 Ἰσραὴλ
469 2465 563 2516 τοῦ
607 2465 671 2516 ὲκ
716 2467 1016 2536 περιτομῆς
1055 2465 1229 2519 ταῦτα
1266 2465 1534 2537 εἰρῆσθαι,
1568 2468 1791 2536 ἐπιστη-

211 2557 365 2610 σάτω
397 2560 464 2627 τῇ
492 2556 586 2609 τοῦ
614 2556 774 2624 λόγου
807 2554 1114 2628 ἀκολουθίᾳ·
1141 2556 1311 2610 ταῦτα
1337 2556 1447 2628 γάρ
1479 2558 1625 2626 λέγει
1654 2575 1788 2630 προ-

206 2647 405 2711 ειπὼν,
425 2647 501 2711 ὡς
528 2647 622 2700 καὶ
649 2645 786 2719 πρὸς
820 2646 988 2718 αὐτὴν
1010 2646 1108 2718 τὴν
1143 2647 1491 2719 Ἰερουσαλὴμ
1525 2647 1603 2713 τὸ,
1635 2665 1652 2699 ι
1682 2649 1792 2700 Καὶ

207 2741 639 2811 ὲξαναστήσεται
666 2738 909 2792 ἀπώλεια
934 2741 990 2791 ὲν
1016 2737 1094 2808 τῷ
1113 2737 1227 2809 λαῴ
1259 2755 1372 2791 σου’
1408 2739 1504 2793 καὶ
1526 2740 1701 2793 πάντα
1723 2741 1791 2794 τὰ

208 2831 728 2906 περιτετειχισμένα
775 2847 866 2882 σου
908 2831 1206 2900 οἰχήσεται·
1250 2850 1269 2882 ›
1319 2831 1413 2884 καὶ
1455 2831 1596 2902 άπερ
1627 2831 1790 2901 φησὶν

203 2926 235 2978 ό
267 2924 476 2978 τοιόσδε
505 2923 689 2994 ἄρχων
719 2921 955 2975 πέπονθε
1002 2920 1146 2976 κατά
1189 2921 1282 2975 τὸν
1315 2922 1612 2977 ἐπελθόντα
1642 2924 1791 2994 αὐτῷ

208 3019 474 3090 πόλεμον,
514 3019 571 3070 ὲν
599 3011 642 3085 ᾧ
679 3016 887 3089 μητέρα
923 3017 1016 3070 ἐπὶ
1043 3017 1254 3082 τέκνοις
1280 3016 1566 3086 ὴδάφισαν,
1594 3016 1664 3068 τὰ
1684 3033 1788 3068 πα-

213 3112 494 3185 ραπλήσια
537 3111 631 3163 καὶ
673 3111 802 3180 ὑμῖν
845 3109 1031 3172 αὐτοῖς
1080 3111 1290 3180 ποιήσω
1331 3110 1420 3163 διὰ
1466 3108 1565 3172 τὰς
1598 3107 1791 3173 κακίας

167 3249 174 3258 ,
209 3205 391 3277 ὑμῶν,
426 3198 472 3258 ὦ
504 3197 648 3266 οἶκος
680 3201 772 3255 τοῦ
811 3201 1045 3273 Ἰσραὴλ,
1075 3201 1124 3254 οἳ
1152 3201 1246 3254 καὶ
1278 3202 1658 3272 ἀπερρίφησαν
1695 3202 1791 3254 σὺν

212 3299 309 3352 καὶ
337 3296 416 3367 τῷ
446 3296 653 3367 βασιλεῖ
679 3293 877 3358 αὐτῶν,
919 3293 1012 3347 καὶ
1050 3293 1224 3347 ταῦτά
1261 3310 1326 3362 γε
1371 3295 1549 3347 πάντα
1591 3293 1789 3346 πεπόν-

209 3391 360 3444 θασι·
386 3407 404 3439 ι
435 3388 576 3441 Διὸτι
607 3388 756 3450 παῖς,
789 3385 975 3457 φησὶν,
1021 3385 1238 3458 Ἰσραὴλ
1266 3386 1358 3439 καὶ
1385 3385 1494 3454 ἐγὼ
1523 3386 1786 3456 ἠγάπησα

209 3480 396 3536 αὐτόν·
447 3481 540 3533 καὶ
583 3481 679 3533 ἀπ’
717 3477 994 3547 Αἰγύπτου
1038 3478 1273 3531 ἐκάλεσα
1313 3478 1405 3532 τὸν
1443 3478 1571 3530 Υἱόν
1602 3494 1723 3548 μου.
1765 3495 1783 3528 ι

207 3571 382 3627 Ποίαν
419 3570 529 3643 γὰρ
559 3569 670 3641 ἔχει
701 3568 1018 3623 ἀκολουθίαν
1048 3571 1082 3640 ἠ
1113 3568 1260 3633 λέξις
1283 3571 1311 3622 ό
1341 3567 1662 3638 βουλόμενος
1687 3584 1790 3620 πα-

213 3662 563 3737 ραστησάτω·
609 3659 721 3714 ἀλλ’
744 3658 933 3731 ὥσπερ
965 3658 1106 3712 κατὰ
1139 3658 1336 3729 μυρίας
1374 3657 1535 3719 ἄλλας
1575 3674 1789 3728 προφη-

206 3757 364 3818 τείας
399 3751 592 3806 Ἰακὼϐ
625 3750 719 3804 καὶ
753 3749 1007 3821 Ἰσραὴλό
1037 3749 1268 3820 Χριστὸς
1302 3747 1787 3819 προσαγορεύεται,

211 3848 308 3900 τὸν
343 3845 507 3898 αὑτὸν
540 3843 604 3915 δὴ
632 3843 832 3916 τρόπον
871 3841 966 3896 καὶ
999 3839 1114 3894 νῦψ
1152 3841 1272 3893 ἐπεὶ
1290 3835 1402 3904 οὖν,
1427 3841 1610 3910 φησὶν,
1637 3831 1790 3902 οὗτος

213 3939 458 4012 ὑπήκοός
487 3955 578 4010 μοι
611 3933 972 4006 γεγενημένος
1005 3932 1218 4005 μορφὴν
1245 3931 1430 3984 δούλου
1456 3931 1672 4002 εἴληφεν
1697 3931 1792 3984 καὶ

208 4034 440 4101 γέγονεν
491 4029 702 4083 παιδίον
756 4025 1040 4097 ἀγαπητὸν
1093 4024 1236 4095 ἐμοὶ,
1289 4024 1467 4076 πᾶσαν
1514 4022 1609 4092 τὴν
1654 4021 1792 4093 ἐμὴν

210 4123 506 4187 ἐκτελέσας
541 4121 754 4193 βουλὴν,
786 4118 876 4173 διὰ
903 4116 1062 4170 τοῦτο
1087 4115 1247 4170 αὑτὸν
1286 4115 1384 4186 μὲν
1409 4114 1520 4167 ἀπὸ
1549 4115 1644 4184 τῆς
1671 4130 1792 4184 νοη-

207 4219 311 4288 τῆς
363 4215 660 4284 Αἰγύπτου,
707 4215 786 4276 είς
830 4213 896 4283 ἣν
944 4209 1368 4282 ὲνανθρωπήσας
1410 4205 1789 4278 κατελήλυθεν,

1889 2011 2068 2064 monis
2101 2007 2522 2063 concordantiae.
2559 2006 2682 2062 Ilaec
2715 2007 2860 2062 enim
2897 2006 3030 2061 dicit
3058 2005 3454 2075 praenuntiatus.

1888 2101 2044 2172 quasi
2081 2100 2145 2155 ad
2175 2101 2349 2171 ipsam
2378 2114 2595 2170 quoque
2620 2097 2922 2154 Jerusalem
2952 2116 2966 2152 :
2995 2115 3014 2149 ι
3046 2095 3348 2167 Consurget
3374 2103 3460 2152 tu-

1891 2195 2093 2248 multus
2135 2192 2190 2247 in
2219 2192 2418 2264 populo
2447 2199 2562 2257 tuo,
2590 2199 2645 2247 et
2669 2206 2859 2246 omnes
2878 2189 3212 2245 munitiones
3235 2198 3342 2244 tuae
3355 2203 3454 2244 va-

1891 2285 2198 2340 stabantur.
2243 2305 2260 2337 ι
2292 2283 2424 2350 Quae
2451 2283 2668 2353 quidem
2701 2282 2856 2348 dicit,
2903 2282 3158 2352 princeps
3211 2282 3302 2336 ille
3338 2295 3454 2350 per-

1889 2392 2084 2446 pessus
2137 2382 2220 2430 est
2273 2376 2329 2430 in
2375 2376 2515 2430 bello
2565 2375 2828 2430 adversus
2875 2390 2999 2430 eum
3031 2373 3315 2438 suscitato,
3348 2389 3457 2444 quo

1889 2475 2116 2521 matrem
2148 2483 2312 2538 super
2339 2467 2478 2522 ﬁlios
2511 2468 2812 2533 alliscrunt,
2846 2475 2899 2522 et
2926 2467 3122 2522 similia
3140 2467 3294 2522 vobis
3323 2467 3457 2536 ipsis

1890 2558 2084 2614 faciam
2113 2567 2331 2630 propter
2353 2559 2621 2629 nequitias
2637 2566 2916 2623 vestras,o
2943 2559 3335 2625 domuslsrael,
3364 2560 3456 2629 qui

1889 2658 1942 2707 et
1972 2651 2156 2721 rejecti
2182 2660 2310 2707 sunt
2337 2667 2461 2707 cum
2493 2667 2620 2722 rege
2655 2667 2774 2718 suo,
2814 2661 2869 2706 ει
2921 2653 3035 2707 haec
3085 2653 3265 2707 omnia
3308 2652 3458 2722 passi

1891 2752 2056 2800 sunt:
2093 2765 2110 2796 ι
2151 2745 2289 2813 Quia
2327 2761 2482 2817 puer,
2540 2747 2734 2818 inquit,
2793 2746 2980 2812 Israel,
3049 2755 3101 2804 et
3142 2763 3242 2818 ego
3291 2746 3459 2803 dilexi

1889 2852 2036 2900 eum,
2069 2844 2122 2890 et
2150 2852 2214 2891 ex
2243 2836 2479 2909 IEgypto
2502 2839 2691 2894 vocavi
2721 2839 2914 2895 Filium
2943 2856 3145 2895 meum.
3181 2861 3198 2892 ι
3233 2840 3458 2906 Qualem

1891 2929 2035 2982 enim
2077 2929 2274 2984 habeat
2303 2931 2751 2986 concordantiam
2791 2948 2992 2996 sermo,
3023 2934 3203 3004 quivis
3233 2934 3454 2986 demon-

1891 3020 2105 3074 strabit.
2151 3019 2259 3076 Sed
2295 3023 2438 3077 sicut
2489 3023 2544 3076 in
2584 3023 2859 3078 sexcentis
2894 3023 3016 3079 aliis
3049 3022 3351 3094 prophetiis
3376 3019 3461 3076 Ja-

1890 3111 1994 3166 cob
2029 3119 2082 3166 et
2133 3113 2302 3168 Israel
2348 3113 2601 3170 Christus
2637 3116 2973 3178 nominatur,
3013 3115 3178 3170 simili
3219 3121 3274 3169 et
3314 3128 3460 3169 nunc

1894 3201 2123 3258 ratione.
2159 3203 2294 3259 Cum
2331 3203 2519 3274 igitur,
2556 3207 2652 3269 ait,
2689 3205 2777 3258 ille
2810 3205 2940 3259 mihi
2975 3203 3235 3260 obediens
3283 3202 3460 3259 factus

1815 3297 1856 3352 C
1891 3291 2117 3346 formam
2151 3295 2293 3349 servi
2332 3297 2561 3366 accepit,
2592 3303 2646 3351 et
2681 3312 2816 3365 puer
2842 3296 3020 3352 factus
3059 3305 3142 3352 est
3173 3296 3304 3350 mihi
3331 3295 3464 3350 dile-

1892 3375 2034 3452 ctus,
2063 3400 2278 3439 omnem
2304 3387 2637 3441 voluntatem
2659 3403 2831 3441 meam
2864 3388 3171 3458 perliciens,
3196 3387 3316 3444 ideo
3335 3402 3460 3443 cum

1891 3472 2110 3541 quidem
2143 3474 2210 3527 ab
2233 3473 2468 3546 {Egypto
2499 3476 2793 3547 Spirituali,
2820 3478 2870 3530 δη
2895 3492 3054 3548 quam
3081 3477 3261 3533 factus
3299 3478 3462 3533 homo

1891 3562 2193 3628 descendit,
2222 3572 2281 3618 ut
2313 3581 2498 3620 verum
2538 3567 2908 3637 dilectumque
2938 3567 3132 3622 Filium
3188 3569 3460 3637 revocavi,

1893 3668 1990 3706 vos
2024 3661 2224 3718 autem,
2252 3655 2320 3709 ad
2351 3670 2489 3726 quos
2517 3673 2698 3714 sermo
2733 3667 2961 3728 spectat,
2995 3674 3119 3714 cum
3167 3676 3332 3731 regno
3368 3675 3464 3715 ve-

1897 3751 2011 3799 stro
2033 3745 2203 3800 ruina:
2219 3755 2270 3801 et
2293 3749 2504 3804 excidio
2522 3748 2751 3805 tradam.
2773 3749 2896 3806 Ilaec
2920 3752 3134 3822 quidem
3157 3751 3461 3824 prophetia.

1898 3836 2244 3893 Manifestum
2275 3851 2358 3896 est
2389 3851 2568 3896 autem
2599 3843 2746 3912 quod
2777 3843 2910 3913 ipsis
2944 3842 3244 3900 Salvatoris
3289 3845 3464 3900 nostri

1898 3932 2256 4001 temporibus,
2287 3931 2588 3991 Jerusalem
2613 3945 2922 4007 oppugnata
2956 3944 3010 3993 et
3036 3937 3192 4007 capta
3227 3937 3346 4001 fuit,
3381 3945 3466 3991 at-

1900 4039 2006 4094 que
2039 4025 2256 4094 penitus
2287 4027 2548 4089 deletum,
2581 4028 2725 4098 quod
2755 4044 2927 4100 usque
2971 4029 3037 4083 ad
3072 4030 3175 4084 hoc
3209 4029 3466 4099 temporis

1901 4121 2123 4170 steterat
2171 4114 2479 4171 Iudaeorum
2515 4133 2767 4189 regnum,
2808 4127 2870 4174 ut
2920 4120 3124 4191 pariter
3165 4137 3229 4175 ac
3267 4121 3386 4175 alia:
3413 4125 3468 4176 et

1899 4206 1990 4260 illa
2025 4209 2344 4280 impleretur
2368 4212 2672 4281 prophetia.

208 4305 302 4362 οἷα.
329 4310 552 4380 γνήσιον
590 4305 685 4360 καὶ
708 4302 989 4374 ἀγαπητὸν
1018 4301 1143 4355 Υἱὺν
1177 4299 1612 4370 ἀνεκαλεσάμην,
1644 4299 1788 4371 ὑμᾶς
1817 4300 1873 4353 δὲ
1906 4302 2033 4364 τοὺς
2063 4303 2198 4372 πρὸς
2222 4303 2314 4366 οὓς
2351 4305 2379 4356 ὁ
2414 4304 2569 4373 λόγος
2609 4307 2705 4359 σὺν
2770 4308 2864 4370 καὶ
2923 4309 2988 4378 τῇ
3028 4307 3275 4378 βασιλείᾳ
3313 4305 3468 4377 ὑμῶν

209 4402 422 4473 ὀλέθρῳ
451 4401 544 4454 καὶ
573 4397 816 4468 ἀπωλείᾳ
857 4394 1185 4468 παραδώσω.
1224 4393 1412 4448 Ταῦτα
1452 4393 1612 4464 μὲνή
1654 4394 1976 4465 προφητεῖαι
2006 4396 2266 4466 πρόδηλον
2306 4396 2349 4449 δ’
2380 4397 2528 4460 ὅπως
2552 4397 2659 4450 ἀπὸ
2697 4397 2803 4450 τῶν
2861 4399 2953 4452 τοῦ
3010 4400 3260 4471 Σωτῆρος
3315 4397 3468 4469 ἡμῶν

211 4497 424 4568 χρόνων
451 4491 900 4565 πολιορκηθείσης
935 4492 1031 4563 τῆς
1078 4488 1428 4562 Ἰερουσαλὴμ
1457 4488 1732 4560 καθῃρέθη
1772 4507 1834 4542 τε
1873 4491 1967 4543 καὶ
1991 4493 2070 4554 είς
2116 4490 2176 4543 τὸ
2217 4491 2475 4556 παντελὲς
2513 4493 2848 4564 ἀπερρίφηὴ
2889 4494 3048 4565 μέχρι
3066 4494 3185 4548 τότε
3232 4496 3469 4548 συστᾶσα

215 4593 328 4647 τῶν
372 4590 638 4645 Ἰουδαίων
663 4587 925 4659 βασιλεία,
957 4586 1033 4650 ὡς
1060 4585 1197 4657 μετὰ
1217 4585 1327 4638 τῶν
1351 4585 1527 4640 ἄλλων
1558 4586 1652 4637 καὶ
1673 4584 1875 4656 ταύτην
1908 4586 2298 4659 πεπληρῶσθαι
2326 4587 2421 4658 τὴν
2454 4587 2811 4659 προφητείαν.

761 4706 1160 4762 ΚΕΦΑΛΑΙΟΝ
1193 4706 1295 4761 lB'.

531 4821 594 4895 (ι.
629 4821 717 4892 50)
761 4820 894 4876 Ἀπὸ
927 4818 1034 4873 τοῦ
1065 4817 1249 4873 αὑτοῦ
1290 4817 1484 4886 Ὠσηέ.

294 4956 315 4990 ι
367 4936 442 4990 Οὐ
503 4935 578 5007 μὴ
644 4932 1021 5003 ὲγκαταλείπω
1085 4929 1180 4986 τοῦ
1251 4928 1632 4999 ἐξαλειφθῆναι
1704 4928 1795 4984 τὸν

233 5033 506 5105 Ἐφραῖμ·
549 5031 686 5085 διότι
723 5029 856 5093 Θεὸς
897 5026 1007 5096 ἐγώ
1049 5029 1184 5097 εἰμι,
1224 5026 1318 5079 καὶ
1359 5026 1459 5078 οὐκ
1489 5023 1792 5096 ἄνθρωπος,

219 5128 280 5189 ὲν
316 5126 399 5179 σοὶ
425 5125 598 5193 ἆγιος,
622 5122 716 5176 καὶ
738 5123 838 5175 οὐκ
867 5119 1242 5188 εἰσελεύσομαι
1267 5117 1344 5180 εἰς
1372 5116 1544 5169 πόλιν.
1593 5116 1795 5170 Ὀπίσω

219 5215 432 5288 Κυρίου
475 5213 832 5286 πορεύσομαι.
863 5232 882 5264 ι
926 5211 985 5265 '0
1013 5211 1174 5273 αὐτὸς
1202 5207 1390 5270 εἰπὼν,
1438 5226 1457 5258 t
1488 5207 1631 5261 Διότι
1660 5208 1791 5271 Θεὸς

220 5307 336 5378 ἐγώ
364 5309 501 5378 εἰμι,
533 5326 552 5358 ι
587 5305 836 5377 ἐπιφέρει
864 5304 1058 5372 λέγων,
1090 5321 1120 5353 ι.
1152 5301 1354 5355 Ὀπίσω
1371 5301 1578 5371 Κυρίου
1603 5299 1796 5372 πορεύ-

224 5416 415 5471 σομαι.
447 5418 466 5451 ι
497 5399 594 5461 Τίς
620 5397 664 5450 δ’
693 5396 759 5451 ἂν
787 5395 945 5460 ἄλλος
984 5393 1069 5466 εἴη
1095 5393 1225 5454 Θεὸς
1249 5393 1423 5446 ὀπίσω
1455 5392 1658 5462 Κυρίου
1697 5408 1795 5444 πο-

227 5489 540 5561 ρευόμενος,
566 5487 601 5558 ἢ
623 5490 652 5542 ὁ
675 5486 771 5540 τοῦ
793 5485 927 5540 Θεοῦ
950 5484 1119 5552 Λόγος
1146 5484 1225 5556 τῷ
1245 5483 1338 5538 τοῦ
1363 5483 1575 5554 Πατρὸς
1598 5482 1796 5552 ἑπόμε-

223 5598 318 5645 νος
347 5579 676 5652 βουλήματι;
713 5579 808 5643 Ὃς
839 5578 935 5632 καὶ
960 5577 1199 5632 διδάσκει
1229 5577 1301 5649 μὴ
1328 5577 1502 5630 δοκεῖν
1531 5575 1688 5629 αὑτὸν
1709 5575 1796 5628 διὰ

224 5673 326 5744 τὴν
365 5670 776 5743 ὲνανθρώπησιν
810 5670 964 5741 ψιλόν
1004 5689 1124 5727 τινα
1162 5671 1327 5740 ἄνδρα
1371 5669 1477 5723 τῶν
1514 5670 1678 5722 πάλαι
1722 5668 1799 5721 δι-

304 5856 349 5888 “
389 5856 514 5913 Οδε.
552 5872 634 5924 xt,
665 5858 716 5912 9.

2497 4704 2727 4762 CAPUT
2756 4703 2873 4760 XII.

2448 4819 2533 4874 Ea:
2552 4821 2731 4875 eodem
2766 4821 2914 4875 Osee.

1977 4953 1995 4986 ι
2024 4933 2140 4989 Non
2170 4940 2464 4988 convertar
2511 4941 2572 4988 ut
2616 4932 2840 5003 perdam
2873 4928 3131 5002 Ephraim
3165 4945 3180 4983 :
3209 4929 3468 5000 quoniam

1898 5024 2043 5081 Deus
2089 5042 2188 5097 ego
2216 5033 2270 5081 et
2320 5042 2429 5080 non
2461 5025 2625 5081 homo
2662 5041 2674 5077 :
2719 5025 2773 5079 in
2804 5023 2986 5078 medio
3023 5023 3100 5078 tui
3131 5029 3377 5086 sanctus,
3416 5029 3469 5074 et

1898 5135 2007 5173 non
2060 5118 2335 5188 ingrediar
2391 5119 2691 5172 civitatem.
2752 5114 2886 5171 Post
2946 5115 3233 5170 Dominum
3279 5114 3472 5168 ambuo

1897 5210 2022 5265 labo
2053 5209 2122 5264 ⁸⁸.
2181 5227 2200 5260 ι
2266 5207 2409 5264 ldem
2461 5223 2584 5263 cum
2635 5206 2916 5262 dixisset:
2957 5225 2974 5257 ι
3027 5205 3292 5271 Quoniam
3324 5203 3469 5260 Deus

1899 5317 2062 5373 ego,»
2117 5301 2325 5371 adjicit,
2381 5321 2402 5353 ‹
2437 5309 2563 5370 post
2601 5298 2886 5355 Dominum
2923 5298 3231 5352 ambulabo.
3270 5318 3289 5350 ι
3337 5296 3471 5364 Quis
3561 5345 3564 5348 .

1902 5403 2081 5449 autem
2116 5395 2255 5448 alius
2284 5400 2431 5448 esset
2493 5392 2639 5448 Deus
2693 5400 2818 5461 post
2839 5389 3129 5445 Dominum
3163 5391 3468 5454 ambulans,

1902 5503 1967 5542 ac
1997 5485 2092 5542 Dei
2117 5485 2372 5550 Verbum,
2410 5486 2589 5541 Patris
2638 5485 2970 5541 voluntatem
3012 5483 3342 5541 obsecutus?
3367 5485 3468 5552 Qui

1902 5586 1955 5632 et
2006 5577 2168 5633 docet
2209 5595 2324 5632 non
2371 5577 2691 5633 viderieum
2758 5584 2991 5648 propter
3039 5577 3469 5635 incarnationem

1908 5668 2211 5740 simplicem
2234 5669 2524 5738 quemdam
2564 5668 2742 5723 virum
2791 5667 3218 5738 antiquisjustis
3236 5667 3470 5730 sanctis-
