3974 6500
563 413 702 470 1⁸159
1239 417 1506 474 EUSEBll
1539 416 2016 474 CxESARlENSlS
2053 415 2202 472 OPP.
2238 415 2418 471 PARS
2452 416 2536 474 HI.
2574 448 2642 458 —
2681 413 3092 471 EXEGETICA.
3661 403 3786 458 mo

562 548 668 602 que
693 547 800 588 non
829 531 1138 588 absimilem
1163 548 1285 588 esse
1310 542 1522 588 natum.
1560 533 1700 590 Dicit
1733 543 1912 590 autem
1945 550 2004 590 se
2019 549 2125 588 non

2230 535 2398 589 καίων
2432 536 2526 588 καὶ
2565 535 2734 603 ἁγίων
2775 537 2881 587 τινὶ
2921 531 3296 605 παραπλήσιον
3333 523 3630 595 γεγονέναι.
3661 523 3784 594 οησὶ

563 625 620 678 in
646 624 919 678 civitatem
948 625 1344 695 ingressurum,
1373 628 1671 683 ostendens
1705 642 1814 683 non
1851 627 2127 682 communi

2230 629 2283 682 δὲ
2311 629 2384 700 μὴ
2409 626 2808 681 εἰσελεύσεσθαι
2837 628 2917 688 εἰς
2949 625 3122 686 πόλιν,
3151 620 3324 693 δηλῶν
3349 618 3412 672 τὸ
3436 617 3512 688 μὴ
3529 618 3682 686 κοινῇ
3701 615 3784 668 καὶ

559 720 614 768 et
649 713 882 766 lmmana
911 713 1120 770 ratione
1169 731 1230 770 se
1260 733 1419 772 usum
1453 719 1759 788 esse.quod
1793 717 2011 790 quidem
2049 717 2130 772 fa-

2230 720 2540 792 ὰνθρωπίνῃ
2565 719 2863 790 κεχρῆσθαι
2887 717 3148 786 πολιτείᾳ,
3177 715 3314 784 ὅπερ
3341 711 3516 764 ποιεῖν
3549 707 3647 761 καὶ
3673 707 3784 768 τοὺς

563 819 688 860 cere
719 815 771 859 et
794 805 1093 876 discipulos
1137 823 1267 864 suos
1311 809 1584 875 admonet,
1612 810 1834 866 dicens:
1869 829 1888 861 ‹
1911 810 1968 864 lu
1989 811 2130 864 viam

2232 812 2480 883 μαθητὰς
2513 812 2679 866 αὐτοῦ
2711 810 2952 864 παιδεύει
2980 809 3176 876 λέγων.
3211 823 3230 854 ι
3259 806 3352 868 Εἰς
3374 802 3496 856 ὁδὸν
3523 799 3690 854 ἐθνῶν
3719 799 3782 866 μὴ

559 896 796 963 gentium
829 913 894 952 ne
911 899 1176 964 abieritis,
1208 908 1262 956 et
1299 903 1352 956 in
1378 902 1628 960 civitates
1661 902 2128 959 Samaritanorum

2230 903 2520 975 ἀπέλθητε,
2552 904 2646 956 καὶ
2673 905 2752 966 εἰς
2785 901 2936 955 πόλιν
2967 896 3316 970 Σαμαρειτῶν
3348 895 3423 966 μὴ
3447 891 3736 960 εἰσέλθητε.
3759 909 3776 941 ι

559 1003 629 1043 ne
649 988 984 1047 intraveritis
1017 993 1079 1044 δ’.
1121 1013 1140 1042 ι

2653 1104 2783 1176 (Τοῦ
2824 1102 2975 1174 ἰωὴλ
2994 1102 3158 1171 σαφὲς
3177 1096 3373 1166 οὐδέν.)

2745 1211 3136 1268 ΚΕΦΑΛΑΙΟΝ
3175 1209 3271 1263 ΙΓ’.

2677 1301 2680 1304 ⁴
2765 1325 2896 1379 Ἀπὸ
2926 1323 3032 1378 τοῦ
3076 1319 3268 1392 Ἀμώς.

877 1105 973 1174 (De
989 1106 1102 1162 Joel
1121 1108 1254 1161 nilril
1283 1109 1417 1164 satis
1444 1111 1832 1183 compertum.)

1151 1220 1376 1276 CAPUT
1410 1221 1546 1276 Xlll.

1193 1336 1276 1390 Ea:
1321 1339 1500 1393 Amos.

636 1471 651 1501 ι
689 1449 943 1507 Subverti
965 1467 1084 1518 vos,
1113 1453 1254 1506 sicut
1281 1453 1552 1508 subvertit
1589 1452 1733 1509 Deus
1758 1453 2048 1509 Sodomam
2075 1460 2128 1508 et

2305 1467 2322 1499 ι
2345 1444 2702 1515 Κατέστρεψα
2729 1443 2891 1514 ὑμᾶς,
2910 1438 3091 1501 καθὼς
3117 1435 3481 1506 κατέστρεψεν
3503 1435 3532 1486 ὁ
3551 1431 3682 1495 Θεὸς
3697 1431 3780 1483 ..ό-

557 1543 938 1610 Gomorrham,
982 1553 1036 1599 et
1081 1545 1208 1598 facti
1266 1545 1401 1600 estis
1453 1546 1612 1616 quasi
1643 1547 1810 1602 torris
1836 1555 2031 1616 raptus
2061 1547 2129 1600 ab

2230 1541 2369 1610 δομα
2393 1537 2486 1592 καὶ
2507 1537 2780 1607 Γόμορρα,
2808 1534 2904 1586 καὶ
2925 1528 3173 1598 ὲγένεσθε
3195 1529 3270 1590 ὠς
3289 1525 3445 1588 δαλὸς
3467 1523 3784 1616 ἐξεσπασμέ-

557 1635 829 1702 iuceudio,
865 1643 919 1691 et
945 1652 1054 1690 non
1081 1635 1304 1692 redistis
1331 1639 1400 1693 ad
1437 1653 1542 1702 me,
1567 1638 1703 1694 dicit
1735 1639 2075 1696 Dominus“.
2105 1661 2121 1694 ι

2230 1649 2318 1696 νος
2339 1633 2402 1684 ὲκ
2424 1627 2614 1700 πυρὸς,
2639 1626 2732 1680 καὶ
2760 1623 2867 1676 οὐδ’
2889 1623 2964 1686 ὣς
2985 1618 3354 1690 ἐπεστρέψατε
3377 1617 3512 1688 πρὸς
3539 1615 3628 1684 μὲ,
3651 1613 3784 1679 λέγει

557 1728 622 1781 lit
649 1729 736 1782 hic
768 1729 884 1800 ipse
924 1727 1189 1784 Dominus
1215 1729 1348 1785 dicit
1407 1731 1564 1800 quasi
1609 1732 1676 1786 de
1719 1733 1865 1787 alio:
1916 1751 1934 1785 ι
1977 1733 2128 1788 Sicut

2231 1722 2454 1793 Κύριος.
2491 1739 2510 1771 ι
2537 1719 2644 1771 Καὶ
2683 1716 2869 1770 ἐνθάδε
2899 1713 3056 1776 αὐτὸς
3081 1713 3110 1764 ὁ
3145 1709 3348 1782 Κύριός
3375 1724 3550 1800 φησιν
3567 1705 3644 1768 ὡς
3669 1703 3782 1800 περι

555 1797 822 1874 subvertit
869 1820 1012 1877 Deus
1070 1821 1365 1876 Sodomam
1397 1797 1451 1878 et
1481 1823 1866 1878 Gomorrham.
1896 1845 1916 1876 ›
1965 1824 2030 1880 Ει
2071 1827 2124 1881 in

2231 1816 2420 1887 ἑτέρου
2467 1813 2546 1874 τὸ,
2579 1832 2598 1864 ι
2626 1809 2824 1874 Καθὼς
2853 1803 3216 1878 κατέστρεψεν
3241 1805 3270 1856 ὁ
3295 1801 3428 1864 Θεὸς
3465 1799 3671 1868 Σόδομα
3699 1797 3784 1848 καὶ

552 1910 750 1966 Genesi
785 1912 995 1966 notavit
1042 1913 1226 1967 divina
1277 1912 1564 1983 Scriptura
1599 1923 1890 1986 utramque
1937 1931 2126 1987 perso~

2231 1905 2552 1977 Γόμορῤαιι
2579 1902 2672 1956 καὶ
2715 1903 2772 1954 ὲν
2796 1903 2863 1970 τῇ
2907 1897 3124 1952 Γενὲσει
3151 1895 3206 1948 δὲ
3253 1894 3555 1987 τετήρηκεν
3597 1891 3634 1987 :1]

553 2018 678 2057 nam
703 2003 788 2060 his
835 2005 1055 2060 verbis:
1099 2025 1118 2058 ι
1159 2006 1224 2059 Ει
1273 1979 1419 2077 pluit
1454 2006 1718 2064 Dominus
1747 1979 1912 2079 super
1937 1979 2126 2064 -Sodo-

2231 1999 2270 2050 Γ
2278 1997 2422 2069 ραιρὴ
2454 1996 2522 2050 τὰ
2561 1995 2656 2048 δύο
2687 1993 2954 2064 πρόσωπα
2983 1991 3220 2061 φήσασα,
3259 2003 3276 2036 ι
3313 1985 3426 2038 Καὶ
3461 1981 3648 2079 ἔϐρεξε
3679 1979 3780 2079 1(ιὶΤ

553 2109 694 2148 mam
718 2102 772 2150 et
799 2093 1160 2152 Gomorrham
1205 2099 1438 2169 sulphur
1479 2106 1534 2154 et
1557 2101 1735 2170 ignem
1757 2115 1788 2153 a
1813 2099 2042 2156 Domino
2060 2101 2127 2156 de

551 2188 692 2242 coelo
727 2189 792 2244 ἰ.
827 2210 844 2240 ι
882 2189 961 2246 Ex
1005 2192 1090 2247 his
1119 2191 1410 2248 manifesta
1465 2193 1524 2246 lit
1553 2193 1622 2248 de
1679 2193 1841 2249 Patre
1891 2203 1946 2250 et
1987 2193 2125 2250 Filio

551 2282 938 2340 ecclesiastica:
971 2283 1092 2338 ﬁdei
1124 2284 1468 2340 orthodoxia.

1134 2396 1362 2452 CAPUT
1390 2396 1530 2453 XIV.

1185 2509 1268 2565 Ex
1295 2511 1493 2566 eodem.

624 2643 640 2674 ι
679 2623 992 2695 Prmparare
1043 2628 1098 2681 in
1153 2642 1445 2682 occursum
1505 2625 1601 2682 Dei
1657 2625 1736 2680 tui
1768 2625 1954 2680 Israel.
1987 2623 2125 2691 Quia

547 2731 676 2771 ecce
709 2715 951 2774 formans
1001 2727 1238 2784 montes,
1274 2726 1329 2776 et
1377 2733 1576 2776 creans
1634 2729 1890 2782 ventum,
1941 2725 1996 2772 et
2029 2732 2126 2771 an-

548 2811 808 2867 nuntians
830 2813 1332 2869 hominiChristum
1362 2828 1544 2877 suum.
1574 2811 1782 2868 faciens
1804 2811 2125 2866 matutinam

549 2903 822 2972 nebulam,
851 2913 905 2960 et
933 2906 1186 2976 gradiens
1209 2922 1372 2978 super
1396 2905 1612 2961 excelsa
1641 2912 1828 2970 teme;
1860 2901 2125 2958 Dominus

553 2995 694 3050 Deus
723 2999 1071 3068 omnipotens
1100 3014 1302 3055 nomen
1325 2999 1444 3068 ejus
1482 2999 1549 3054 ⁸².
1581 3017 1601 3052 ι
1635 2996 1734 3053 His
1765 3012 1981 3068 quoque
2007 3011 2128 3052 ver-

549 3089 636 3143 bis
663 3097 846 3158 aperte
873 3089 1075 3146 Christi
1096 3091 1160 3146 ad
1184 3091 1433 3147 homines
1456 3091 1746 3146 adventum
1767 3091 2122 3162 prophetizat.

556 3179 783 3252 Singula
817 3199 948 3239 vero
986 3183 1164 3240 fusius
1207 3191 1376 3255 atque
1432 3184 1743 3240 accuratius
1787 3193 1917 3240 sunt
1945 3183 2128 3253 expla-

551 3275 728 3329 nanda
749 3291 851 3330 suo
891 3285 1153 3347 tempore.

1151 3389 1379 3446 CAPUT
1409 3390 1524 3447 XV.

1181 3505 1266 3560 Ex
1299 3506 1494 3561 Abdia.

625 3637 645 3668 ι
676 3616 829 3674 Visio
841 3617 1049 3674 Abdita.
1074 3617 1199 3675 Hac
1211 3619 1346 3676 dicit
1377 3620 1641 3676 Dominus
1663 3619 1808 3675 Deus
1833 3618 1902 3673 ad
1923 3615 2122 3673 Edom:

548 3707 808 3764 Auditum
866 3709 1178 3767 audivimus
1227 3726 1257 3764 a
1315 3710 1548 3767 Domino
1586 3751 1601 3776 ,
1659 3720 1714 3766 et
1769 3710 2006 3778 legatum
2057 3705 2127 3759 ad

549 3808 735 3870 gentes
751 3801 898 3854 misit
913 3802 978 3852 ⁵³.
1003 3821 1021 3852 ι
1047 3799 1182 3855 Cum
1204 3801 1291 3856 hic
1304 3817 1520 3872 quoque
1541 3799 1800 3854 Dominus
1819 3797 1959 3853 Deus
1973 3797 2128 3852 audi-

551 3903 663 3946 tum
691 3892 946 3946 audivita
973 3892 1224 3958 Domino,
1283 3894 1430 3948 hunc
1461 3893 1640 3948 locum
1676 3891 1788 3962 jam
1815 3891 1951 3947 satis
1989 3907 2126 3946 enu-

549 3983 860 4040 cleavimus.

1135 4095 1363 4152 CAPUT
1395 4095 1540 4152 XVI.

1209 4213 1291 4268 Ea:
1311 4213 1474 4270 Iona.

617 4323 870 4382 Partilem
923 4327 1142 4399 proprie
1193 4327 1261 4382 de
1331 4327 1550 4383 Christo
1611 4325 1948 4396 prophetiam
2015 4341 2126 4390 non
2213 4375 2226 4382 -

545 4419 854 4476 invenimus
887 4421 942 4474 in
971 4421 1074 4477 hoc
1094 4423 1236 4476 loco.
1287 4419 1422 4476 Cum
1455 4429 1634 4474 autem
1664 4418 1730 4473 ad
1759 4418 2122 4488 postulantem

547 4525 578 4564 a
629 4509 860 4566 Domino
921 4513 1134 4582 signum
1189 4510 1619 4582 generationem,
1653 4508 1790 4563 nihil
1818 4508 1965 4563 aliud
2004 4509 2125 4564 dix-

2233 2107 2349 2160 ριος
2397 2088 2489 2142 ἐπὶ
2531 2085 2737 2156 Σόδομα
2782 2083 2878 2138 καὶ
2917 2081 3168 2152 Γόμορρα
3210 2077 3349 2130 θεῖον
3393 2075 3486 2128 καὶ
3517 2073 3624 2144 πῦρ
3645 2071 3778 2142 περὶ

2231 2184 2455 2255 Κυρίου·
2491 2201 2510 2234 ι
2548 2180 2607 2245 ἐξ
2631 2173 2706 2233 ὧν
2734 2174 3044 2245 καταφανὴς
3071 2175 3104 2244 ἡ
3145 2171 3272 2240 περὶ
3309 2168 3522 2240 Πατρδς
3553 2166 3644 2219 καὶ
3663 2162 3780 2216 Tia;

2230 2276 2483 2348 τυγχάνει
2515 2274 2613 2344 τῆς
2643 2268 3098 2341 ὲκκλησιαστικῆς
3125 2265 3356 2328 πίστεως
3384 2258 3672 2332 ὀρθοδοξία.

2747 2379 3141 2436 ΚΕΦΑΛΑΙΟΝ
3182 2375 3276 2430 1Δ¹.

2827 2493 2934 2548 Τοῦ
2985 2491 3188 2546 αὑτοῦ.

2311 2635 2328 2665 ι
2383 2610 2698 2684 Ἐτοιμάζου
2744 2605 3120 2664 ἐπικαλεῖσθαι
3151 2605 3242 2657 τὸν
3264 2603 3394 2656 Θεόν
3433 2619 3524 2654 σου
3561 2598 3772 2670 Ἰσραήλ.

2227 2709 2391 2772 Διότι,
2448 2705 2578 2768 ἰδοὺ,
2623 2701 2855 2774 στερεῶν
2895 2697 3152 2771 βροντὴν,
3187 2695 3283 2750 καὶ
3321 2693 3520 2758 κτίζων
3561 2689 3774 2759 πνεῦμα,

2229 2803 2324 2856 καὶ
2354 2798 2710 2868 ἀπαγγέλλων
2752 2797 2830 2858 εἰς
2872 2791 3190 2865 ἀνθρώπους
3229 2790 3319 2842 τὸν
3351 2787 3584 2858 Χριστὸν
3607 2782 3772 2840 αὐτοῦ.

2230 2891 2397 2945 ποιῶν
2438 2889 2630 2962 ὃρθρον
2677 2887 2772 2941 καὶ
2817 2883 3066 2956 ὁμίχλην,
3117 2881 3212 2934 καὶ
3251 2877 3546 2934 ἐπιϐαίνων
3593 2875 3676 2928 ἐπὶ
3713 2871 3774 2925 τὰ

2231 2983 2408 3056 ὑψηλὰ
2431 2983 2531 3054 τῆς
2561 2982 2685 3052 γῆς,
2721 2981 2924 3050 Κύριος
2953 2979 2981 3030 ὁ
3005 2976 3137 3038 Θεὸς
3159 2975 3190 3026 ὁ
3211 2969 3602 3042 παντοκράτωρ
3625 2968 3776 3036 ὃνομα

2229 3075 2395 3146 αὐτῷ.
2427 3095 2445 3126 ι
2477 3074 2588 3128 Καὶ
2613 3072 2700 3128 διὰ
2728 3072 2929 3124 τούτων
2959 3067 3142 3139 σαφῶς
3166 3067 3235 3119 τὰ
3263 3065 3360 3134 τῆς
3383 3065 3462 3127 είς
3483 3060 3772 3131 ἀνθρώπους

2229 3169 2519 3240 ἐπιδημίας
2545 3165 2638 3220 τοῦ
2673 3163 2907 3235 Χριστοῦ
2947 3157 3364 3232 προφητεύεται·
3407 3156 3500 3208 ὲπὶ
3535 3151 3770 3224 σχολῆςῖ

2153 3255 2196 3312 C
2229 3261 2295 3316 ἂν
2327 3261 2528 3330 ἑκάστη
2559 3258 2702 3323 λέξις
2731 3254 3122 3328 ἀκριϐεστέρας
3150 3252 3300 3323 τύχοι
3331 3247 3642 3318 σαφηνείας.

2741 3369 3134 3426 ΚΕΦΑΛᾹΙΟΝ
3183 3367 3283 3421 ιΕν.

2823 3501 2826 3504 ·
2844 3485 2954 3540 Τοῦ
2989 3483 3236 3539 Ἄϐδιόυι

2305 3627 2324 3660 ι
2357 3608 2586 3678 Ὅρασις
2643 3601 2873 3656 Ἀϐδίου·
2925 3597 3062 3652 Τάδε
3112 3595 3258 3664 λέγει
3289 3593 3490 3665 Κύριος
3515 3593 3544 3644 ὁ
3581 3587 3768 3654 Θεὺςτῇ

2243 3698 2535 3770 Ἰδουμαίᾳ·
2585 3695 2779 3766 ’Δκοὴν
2812 3693 3021 3763 ηκουσα
3066 3687 3216 3758 παρὰ
3251 3683 3479 3756 Κυρίου,
3523 3680 3612 3734 καὶ
3641 3695 3766 3746 περι-

2228 3799 2360 3866 οχὴν
2397 3795 2474 3856 είς
2503 3797 2570 3844 τὰ
2609 3788 2734 3858 ἔθνη
2775 3782 3167 3852 ἐξαπέστειλεν.
3200 3801 3217 3832 ι
3275 3777 3424 3832 Ἐπεὶ
3449 3776 3544 3830 καὶ
3571 3771 3768 3866 ἐνταῦθα

2229 3863 2433 3957 Rupta;
2468 3885 2496 3935 ὁ
2533 3881 2664 3944 Θεὸς
2698 3877 2870 3948 ἀκοὴν
2899 3877 3095 3947 ἤκουσε
3130 3870 3280 3944 παρὰ
3317 3867 3545 3939 Κυρίου,
3573 3863 3769 3923 εἰκότως

2229 3974 2688 4050 ὲσημειωσάμεθα
2707 3972 2798 4025 τὸν
2819 3971 3002 4025 τόπον.

2735 4081 3132 4140 ΚΕΦΑΛΑΙΟΝ
3175 4081 3292 4146 ις’.

2773 4198 2906 4256 Ἀπὸ
2945 4195 3052 4250 τοῦ
3094 4191 3271 4249 Ἰωνᾶ.

2299 4321 2543 4395 Μερικὴν
2587 4319 2685 4390 μὲν
2730 4315 2872 4378 ἰδίως
2901 4314 3030 4385 περὶ
3071 4309 3163 4364 τοῦ
3197 4301 3435 4379 Χριστοῦ
3465 4295 3770 4372 προφητείαν

2228 4421 2326 4489 οὐχ
2358 4389 2594 4489 είύρορεν
2617 4415 2674 4466 ἐν
2701 4409 2779 4480 τῷ
2809 4403 3170 4478 προκειμένῳ’
3203 4397 3325 4452 ἐπεὶ
3351 4395 3408 4451 δὲ
3437 4393 3574 4465 πρὸς
3595 4391 3685 4489 ft“
3707 4389 3768 4440 αἱ·

2227 4481 2539 4558 τοξσαντδν
2571 4498 2801 4569 Σωτῆρα
2843 4497 3066 4566 σημεῖον
3105 4486 3299 4559 γενεὰν
3323 4485 3424 4538 οὐκ
3449 4483 3576 4537 ἄλλο
3597 4481 3768 4549 ἔφησεν

549 4605 590 4656 it
628 4601 867 4656 dandum
916 4569 1056 4664 esse,
1107 4569 1221 4657 nisi
1270 4600 1422 4656 Iona:
1465 4599 1742 4670 prophetae
1764 4598 2001 4669 signum,
2032 4601 2126 4655 ad-

2230 4597 2364 4664 αὺτῇ
2405 4587 2722 4660 δοθήσεσθαι
2762 4586 2797 4656 ἢ
2834 4583 2894 4638 τὸ
2931 4583 3153 4670 σημεῖα)
3195 4573 3470 4670 ἰωνᾶτου
3499 4569 3766 4670 πρρφήτρν.

545 4695 775 4764 jiciens:
811 4713 828 4744 ι
857 4693 1009 4748 Sicut
1029 4695 1172 4749 enim
1193 4692 1295 4750 fuit
1313 4693 1478 4751 Jonas
1531 4695 1588 4750 in
1604 4704 1790 4751 ventre
1814 4696 1920 4750 ceti
1946 4695 2122 4750 tribus

547 4785 745 4840 diebus
791 4795 844 4840 et
875 4786 1050 4841 tribus
1105 4786 1381 4850 noctibus,
1423 4787 1503 4842 sic
1547 4786 1651 4841 erit
1682 4784 1854 4842 Filius
1885 4787 2121 4842 hominis

550 4877 601 4930 in
627 4877 790 4932 corde
823 4884 983 4931 terra:
1015 4877 1190 4933 tribus
1211 4877 1404 4932 diebus
1431 4887 1484 4932 et
1517 4878 1696 4932 tribus
1723 4878 1972 4934 noctibus
1989 4877 2070 4942 “;
2099 4897 2118 4928 ι

549 4969 630 5023 sic
672 4977 727 5023 et
765 4983 864 5022 nos
897 4983 996 5038 pro
1044 4967 1371 5024 necessitate
1423 4967 1566 5021 hanc
1603 4983 1822 5038 quoque
1856 4968 1912 5023 in
1965 4969 2119 5024 testi-

551 5063 750 5118 moniis
779 5063 844 5118 de
867 5062 1086 5118 Christo
1119 5062 1460 5132 prophetiam
1485 5061 1868 5116 indicavimus.

1115 5257 1344 5314 CAPUT
1369 5257 1532 5314 XVII.

1145 5375 1226 5428 Ea:
1275 5374 1518 5430 Micha’a.

630 5510 649 5543 ι
679 5493 816 5558 Quia
850 5505 980 5545 ecce
1017 5489 1280 5544 Dominus
1312 5491 1621 5562 egredietur
1649 5493 1716 5546 de
1742 5493 1862 5546 loco
1896 5506 2025 5546 suo:
2067 5498 2122 5546 et

547 5583 861 5650 descendet,
879 5595 928 5638 ct
952 5583 1184 5640 calcabit
1208 5599 1373 5653 super
1393 5585 1608 5640 excelsa
1635 5594 1814 5652 terrm,
1848 5593 1901 5639 et
1927 5599 2126 5638 consu-

555 5683 770 5730 meutur
799 5683 1014 5732 montes
1070 5679 1265 5733 subtus
1299 5693 1422 5734 eum
1457 5703 1464 5734 ;
1519 5687 1569 5733 et
1603 5681 1772 5735 valles
1807 5676 2125 5732 scindentur

619 5853 662 5886 ⁸³
695 5853 880 5908 Matth.
921 5871 948 5908 κ
975 5895 988 5918 ,
1023 5855 1074 5910 5.
1152 5856 1380 5912 “Amos
1415 5871 1487 5922 iv,
1527 5855 1608 5910 ll.
1687 5855 1730 5888 ⁸¹
1759 5854 1888 5910 Gen.
1931 5870 2039 5920 ωε,
2071 5853 2160 5910 24.

2230 4657 2529 4754 ἐπαγαγὼν
2560 4682 2640 4746 τὸ,
2679 4699 2700 4730 ι
2735 4679 2947 4747 Ὥσπερ
2971 4672 3080 4744 γὰρ
3103 4667 3174 4744 ἦν
3215 4669 3398 4730 Ἰωνᾶς
3434 4668 3492 4718 ὲν
3523 4667 3588 4734 τῇ
3621 4657 3768 4728 κοιλία

2227 4778 2322 4832 τοῦ
2355 4753 2552 4848 κήτους
2592 4775 2742 4846 τρεῖς
2774 4769 2988 4841 ἡμέρας
3033 4764 3128 4819 καὶ
3167 4764 3315 4834 τρεῖς
3361 4760 3580 4819 νύκτας,
3609 4753 3766 4848 οὕτως

2229 4873 2382 4926 ἔσται
2416 4870 2510 4922 καὶ
2537 4870 2564 4921 ὁ
2591 4865 2718 4928 Υἱὸς
2737 4861 2830 4916 τοῦ
2864 4857 3152 4930 ἀνθρώπου
3187 4859 3243 4908 ἐν
3261 4855 3328 4924 τῇ
3357 4850 3551 4924 καρδίᾳ
3575 4847 3666 4916 τῆς
3681 4843 3766 4912 γῆς

2227 4967 2376 5036 τρεῖς
2415 4960 2632 5033 ἡμέρας
2679 4957 2773 5010 καὶ
2801 4956 2948 5026 τρεῖς
2982 4949 3200 5012 νύκτας
3233 4967 3254 5000 ι
3297 4945 3488 5000 τούτου
3531 4941 3594 5036 iii;
3635 4938 3766 5008 χάριν

2227 5033 2540 5126 ἀναγκαίως
2572 5051 2665 5104 καὶ
2694 5047 2895 5117 ταύτην
2929 5046 2986 5099 ἓν
3018 5045 3134 5106 ταῖς
3164 5040 3292 5112 περὶ
3324 5033 3556 5094 Χριστοῦ
3585 5045 3762 5104 μαρτυ-

2239 5150 2376 5220 ρίαις
2401 5139 2854 5217 ὲσημειωσάμεθα
2895 5136 2992 5208 τὴν
3025 5135 3268 5206 Γραφήν.

2739 5235 3133 5308 ΚΕΦΑΛΑῘΟΝ
3183 5247 3282 5299 IZ'.

2557 5370 2618 5440 (f.
2651 5368 2720 5424 50
2748 5365 2832 5436 νο)
2877 5361 3010 5418 Ἀπὸ
3057 5359 3164 5415 τοῦ
3195 5355 3466 5426 Μειχαία.

2307 5511 2324 5540 ι
2367 5489 2530 5550 Διότι,
2579 5485 2709 5546 ἰδοὺ,
2752 5479 2957 5549 Κύριος
2976 5477 3182 5547 Κύριος
3213 5469 3568 5542 ἐκπορεύεται
3599 5467 3654 5518 ἐκ
3683 5455 3756 5511 τοῦ

2227 5585 2398 5637 τόπου
2442 5579 2628 5640 αὐτοῦ,
2672 5577 2766 5630 καὶ
2795 5571 3185 5643 καταϐήσεται,
3216 5566 3310 5622 καὶ
3341 5562 3648 5632 ὲπιὸήσεται
3687 5551 3758 5605 ἐπὶ

2228 5675 2296 5729 τὰ
2325 5673 2432 5744 ὕψη
2471 5671 2568 5740 τῆς
2603 5671 2724 5739 γῆς,
2755 5667 2849 5721 καὶ
2876 5663 3266 5732 σαλευθήσεται
3289 5657 3355 5711 τέι
3383 5655 3482 5726 ὄρη
3515 5649 3757 5706 ὑποκάτω-

2241 5851 2468 5908 ³²Αιηοδ
2513 5863 2586 5914 Iv,
2627 5846 2806 5916 l2,15.
2885 5845 3080 5902 "Abd.
3119 5861 3155 5910 ι,
3190 5844 3240 5900 -l.
3319 5828 3750 5896 "Mattli.xu..l0.
