  <div class='ocr_page' id='page_1' title='image "/cluster/home/n/w/nwhite01/storage/ocr_20150623/22/hvd.32044020605168/600.png"; bbox 0 0 3974 6506; ppageno 0'>
   <div class='ocr_carea' id='block_1_1' title="bbox 240 403 372 456">
    <p class='ocr_par' dir='ltr' id='par_1_1' title="bbox 240 403 372 456">
     <span class='ocr_line' id='line_1_1' title="bbox 240 403 372 456; baseline 0 0"><span class='ocrx_word' id='word_1_1' title='bbox 240 403 372 456; x_wconf 75' lang='lat' dir='ltr'><strong>Mil</strong></span> 
     </span>
    </p>
   </div>
   <div class='ocr_carea' id='block_1_2' title="bbox 1269 405 2446 463">
    <p class='ocr_par' dir='ltr' id='par_1_2' title="bbox 1269 405 2446 463">
     <span class='ocr_line' id='line_1_2' title="bbox 1269 405 2446 463; baseline 0.001 -3"><span class='ocrx_word' id='word_1_2' title='bbox 1269 406 1562 463; x_wconf 61' lang='lat' dir='ltr'><strong>ECLOGA:</strong></span> <span class='ocrx_word' id='word_1_3' title='bbox 1603 405 2079 462; x_wconf 66' lang='lat' dir='ltr'><strong>I’ROI’IIETICA‘I.</strong></span> <span class='ocrx_word' id='word_1_4' title='bbox 2101 437 2168 446; x_wconf 97' lang='lat'><em>—</em></span> <span class='ocrx_word' id='word_1_5' title='bbox 2188 406 2315 461; x_wconf 86' lang='lat' dir='ltr'><strong>LIB.</strong></span> <span class='ocrx_word' id='word_1_6' title='bbox 2358 406 2446 462; x_wconf 76' lang='grc' dir='ltr'><strong>ΙΙΙ.</strong></span> 
     </span>
    </p>
   </div>
   <div class='ocr_carea' id='block_1_3' title="bbox 3367 411 3500 462">
    <p class='ocr_par' dir='ltr' id='par_1_3' title="bbox 3367 411 3500 462">
     <span class='ocr_line' id='line_1_3' title="bbox 3367 411 3500 462; baseline 0 0"><span class='ocrx_word' id='word_1_7' title='bbox 3367 411 3500 462; x_wconf 53' lang='lat' dir='ltr'><strong>Illi</strong></span> 
     </span>
    </p>
   </div>
   <div class='ocr_carea' id='block_1_4' title="bbox 237 521 1819 602">
    <p class='ocr_par' dir='ltr' id='par_1_4' title="bbox 237 521 1819 602">
     <span class='ocr_line' id='line_1_4' title="bbox 237 521 1819 602; baseline 0.009 -30"><span class='ocrx_word' id='word_1_8' title='bbox 237 521 329 572; x_wconf 74' lang='grc' dir='ltr'><strong>θεν</strong></span> <span class='ocrx_word' id='word_1_9' title='bbox 366 521 554 584; x_wconf 87' lang='grc' dir='ltr'>αὑτοῦ,</span> <span class='ocrx_word' id='word_1_10' title='bbox 591 523 684 576; x_wconf 78' lang='grc' dir='ltr'>καὶ</span> <span class='ocrx_word' id='word_1_11' title='bbox 716 525 770 577; x_wconf 91' lang='grc' dir='ltr'>αἱ</span> <span class='ocrx_word' id='word_1_12' title='bbox 798 523 1036 588; x_wconf 67' lang='grc' dir='ltr'>κοιλάδες</span> <span class='ocrx_word' id='word_1_13' title='bbox 1060 527 1386 598; x_wconf 72' lang='grc' dir='ltr'>τακήσονται</span> <span class='ocrx_word' id='word_1_14' title='bbox 1418 528 1493 592; x_wconf 82' lang='grc' dir='ltr'>ὡς</span> <span class='ocrx_word' id='word_1_15' title='bbox 1520 532 1688 602; x_wconf 76' lang='grc' dir='ltr'>κηρὸς</span> <span class='ocrx_word' id='word_1_16' title='bbox 1719 533 1819 585; x_wconf 67' lang='grc' dir='ltr'>ἀπὶ</span> 
     </span>
    </p>
   </div>
   <div class='ocr_carea' id='block_1_5' title="bbox 1923 521 3498 602">
    <p class='ocr_par' dir='ltr' id='par_1_5' title="bbox 1930 529 3498 601">
     <span class='ocr_line' id='line_1_5' title="bbox 1930 529 3498 601; baseline -0.001 -15"><span class='ocrx_word' id='word_1_17' title='bbox 1930 532 2077 586; x_wconf 87' lang='lat' dir='ltr'><strong>sicut</strong></span> <span class='ocrx_word' id='word_1_18' title='bbox 2115 547 2242 586; x_wconf 88' lang='lat' dir='ltr'><strong>cera</strong></span> <span class='ocrx_word' id='word_1_19' title='bbox 2273 548 2301 585; x_wconf 94' lang='lat' dir='ltr'><strong>a</strong></span> <span class='ocrx_word' id='word_1_20' title='bbox 2338 530 2490 585; x_wconf 80' lang='lat' dir='ltr'><strong>facie</strong></span> <span class='ocrx_word' id='word_1_21' title='bbox 2533 531 2683 601; x_wconf 84' lang='lat' dir='ltr'><strong>ignis—</strong></span> <span class='ocrx_word' id='word_1_22' title='bbox 2706 532 2772 586; x_wconf 83' lang='lat'><strong>&quot;.</strong></span> <span class='ocrx_word' id='word_1_23' title='bbox 2809 551 2825 582; x_wconf 74' lang='grc' dir='ltr'><strong>ι</strong></span> <span class='ocrx_word' id='word_1_24' title='bbox 2861 529 2957 587; x_wconf 88' lang='lat' dir='ltr'><strong>De</strong></span> <span class='ocrx_word' id='word_1_25' title='bbox 3001 529 3242 585; x_wconf 78' lang='lat' dir='ltr'><strong>secunda</strong></span> <span class='ocrx_word' id='word_1_26' title='bbox 3295 530 3498 585; x_wconf 82' lang='lat' dir='ltr'><strong>Christi</strong></span> 
     </span>
    </p>
   </div>
   <div class='ocr_carea' id='block_1_6' title="bbox 237 612 1826 694">
    <p class='ocr_par' dir='ltr' id='par_1_6' title="bbox 237 612 1826 694">
     <span class='ocr_line' id='line_1_6' title="bbox 237 612 1826 694; baseline 0.008 -31"><span class='ocrx_word' id='word_1_27' title='bbox 237 612 537 684; x_wconf 76' lang='grc' dir='ltr'><strong>προσώπου</strong></span> <span class='ocrx_word' id='word_1_28' title='bbox 579 617 767 684; x_wconf 83' lang='grc' dir='ltr'>πυρός.</span> <span class='ocrx_word' id='word_1_29' title='bbox 807 635 825 668; x_wconf 75' lang='grc' dir='ltr'><strong>ι</strong></span> <span class='ocrx_word' id='word_1_30' title='bbox 865 618 998 688; x_wconf 72' lang='grc' dir='ltr'>Περὶ</span> <span class='ocrx_word' id='word_1_31' title='bbox 1031 619 1128 688; x_wconf 88' lang='grc' dir='ltr'>τῆς</span> <span class='ocrx_word' id='word_1_32' title='bbox 1172 618 1429 690; x_wconf 79' lang='grc' dir='ltr'><strong>δευτέρας</strong></span> <span class='ocrx_word' id='word_1_33' title='bbox 1470 621 1559 676; x_wconf 91' lang='grc' dir='ltr'><strong>τοῦ</strong></span> <span class='ocrx_word' id='word_1_34' title='bbox 1594 623 1826 694; x_wconf 75' lang='grc' dir='ltr'><strong>Χριστοῦ</strong></span> 
     </span>
    </p>
   </div>
   <div class='ocr_carea' id='block_1_7' title="bbox 236 705 1452 781">
    <p class='ocr_par' dir='ltr' id='par_1_7' title="bbox 236 705 1452 781">
     <span class='ocr_line' id='line_1_7' title="bbox 236 705 1452 781; baseline 0.007 -26"><span class='ocrx_word' id='word_1_35' title='bbox 236 705 546 775; x_wconf 74' lang='grc' dir='ltr'><strong>παρουσίας</strong></span> <span class='ocrx_word' id='word_1_36' title='bbox 582 706 752 760; x_wconf 85' lang='grc' dir='ltr'>ταῦτα</span> <span class='ocrx_word' id='word_1_37' title='bbox 778 707 1029 776; x_wconf 87' lang='grc' dir='ltr'>λέγεσθαι</span> <span class='ocrx_word' id='word_1_38' title='bbox 1058 709 1452 781; x_wconf 78' lang='grc' dir='ltr'><strong>ὑπειλήφαμεν.</strong></span> 
     </span>
    </p>
   </div>
   <div class='ocr_carea' id='block_1_8' title="bbox 764 822 1312 878">
    <p class='ocr_par' dir='ltr' id='par_1_8' title="bbox 764 822 1312 878">
     <span class='ocr_line' id='line_1_8' title="bbox 764 822 1312 878; baseline 0.007 -4"><span class='ocrx_word' id='word_1_39' title='bbox 764 822 1159 876; x_wconf 78' lang='grc' dir='ltr'><strong>ΚΕΦΑΛΑΙΟΝ</strong></span> <span class='ocrx_word' id='word_1_40' title='bbox 1204 824 1312 878; x_wconf 81' lang='lat' dir='ltr'><strong>IH&#39;.</strong></span> 
     </span>
    </p>
   </div>
   <div class='ocr_carea' id='block_1_9' title="bbox 861 935 1210 990">
    <p class='ocr_par' dir='ltr' id='par_1_9' title="bbox 861 935 1210 990">
     <span class='ocr_line' id='line_1_9' title="bbox 861 935 1210 990; baseline 0.006 -2"><span class='ocrx_word' id='word_1_41' title='bbox 861 935 968 990; x_wconf 83' lang='grc' dir='ltr'><strong>Τοῦ</strong></span> <span class='ocrx_word' id='word_1_42' title='bbox 1005 937 1210 990; x_wconf 80' lang='grc' dir='ltr'>αὑτοῦ.</span> 
     </span>
    </p>
   </div>
   <div class='ocr_carea' id='block_1_10' title="bbox 317 1049 1822 1124">
    <p class='ocr_par' dir='ltr' id='par_1_10' title="bbox 317 1049 1822 1124">
     <span class='ocr_line' id='line_1_10' title="bbox 317 1049 1822 1124; baseline 0.005 -24"><span class='ocrx_word' id='word_1_43' title='bbox 317 1068 336 1100; x_wconf 75' lang='grc' dir='ltr'><strong>ι</strong></span> <span class='ocrx_word' id='word_1_44' title='bbox 387 1049 678 1103; x_wconf 85' lang='grc' dir='ltr'>Ἀκούσατε</span> <span class='ocrx_word' id='word_1_45' title='bbox 706 1051 770 1122; x_wconf 80' lang='grc' dir='ltr'>δὴ</span> <span class='ocrx_word' id='word_1_46' title='bbox 799 1052 991 1118; x_wconf 87' lang='grc' dir='ltr'>ταῦτα,</span> <span class='ocrx_word' id='word_1_47' title='bbox 1013 1054 1063 1106; x_wconf 82' lang='grc' dir='ltr'>οἱ</span> <span class='ocrx_word' id='word_1_48' title='bbox 1093 1054 1404 1124; x_wconf 80' lang='grc' dir='ltr'>ἡγούμενοι,</span> <span class='ocrx_word' id='word_1_49' title='bbox 1425 1057 1572 1109; x_wconf 82' lang='grc' dir='ltr'>οῐκου</span> <span class='ocrx_word' id='word_1_50' title='bbox 1609 1056 1822 1118; x_wconf 79' lang='grc' dir='ltr'>Ἰακὼϐ,</span> 
     </span>
    </p>
   </div>
   <div class='ocr_carea' id='block_1_11' title="bbox 237 1142 1824 1218">
    <p class='ocr_par' dir='ltr' id='par_1_11' title="bbox 237 1142 1824 1218">
     <span class='ocr_line' id='line_1_11' title="bbox 237 1142 1824 1218; baseline 0.005 -24"><span class='ocrx_word' id='word_1_51' title='bbox 237 1143 335 1195; x_wconf 79' lang='grc' dir='ltr'>καὶ</span> <span class='ocrx_word' id='word_1_52' title='bbox 376 1144 426 1195; x_wconf 78' lang='grc' dir='ltr'><strong>οἱ</strong></span> <span class='ocrx_word' id='word_1_53' title='bbox 469 1142 787 1196; x_wconf 78' lang='grc' dir='ltr'><strong>κατάλοιποι</strong></span> <span class='ocrx_word' id='word_1_54' title='bbox 828 1144 976 1198; x_wconf 72' lang='grc' dir='ltr'>οἴκου</span> <span class='ocrx_word' id='word_1_55' title='bbox 1029 1146 1274 1218; x_wconf 81' lang='grc' dir='ltr'>Ἰσραὴλ,</span> <span class='ocrx_word' id='word_1_56' title='bbox 1317 1149 1364 1200; x_wconf 88' lang='grc' dir='ltr'>οἱ</span> <span class='ocrx_word' id='word_1_57' title='bbox 1414 1147 1824 1218; x_wconf 83' lang='grc' dir='ltr'>βδελυσσόμενοι</span> 
     </span>
    </p>
   </div>
   <div class='ocr_carea' id='block_1_12' title="bbox 237 1234 1826 1310">
    <p class='ocr_par' dir='ltr' id='par_1_12' title="bbox 237 1234 1826 1310">
     <span class='ocr_line' id='line_1_12' title="bbox 237 1234 1826 1310; baseline 0.005 -24"><span class='ocrx_word' id='word_1_58' title='bbox 237 1236 440 1304; x_wconf 85' lang='grc' dir='ltr'>κρῖμα,</span> <span class='ocrx_word' id='word_1_59' title='bbox 474 1234 568 1286; x_wconf 77' lang='grc' dir='ltr'>καὶ</span> <span class='ocrx_word' id='word_1_60' title='bbox 605 1235 783 1289; x_wconf 83' lang='grc' dir='ltr'>πάντα</span> <span class='ocrx_word' id='word_1_61' title='bbox 809 1237 878 1290; x_wconf 83' lang='grc' dir='ltr'><strong>τὰ</strong></span> <span class='ocrx_word' id='word_1_62' title='bbox 917 1235 1052 1308; x_wconf 80' lang='grc' dir='ltr'>ὀρθὰ</span> <span class='ocrx_word' id='word_1_63' title='bbox 1077 1237 1512 1310; x_wconf 77' lang='grc' dir='ltr'><strong>διαστρέφοντες,</strong></span> <span class='ocrx_word' id='word_1_64' title='bbox 1543 1241 1591 1293; x_wconf 77' lang='grc' dir='ltr'>οἱ</span> <span class='ocrx_word' id='word_1_65' title='bbox 1625 1240 1826 1294; x_wconf 77' lang='grc' dir='ltr'>οἰκοδο-</span> 
     </span>
    </p>
   </div>
   <div class='ocr_carea' id='block_1_13' title="bbox 241 1314 1820 1402">
    <p class='ocr_par' dir='ltr' id='par_1_13' title="bbox 241 1314 1820 1402">
     <span class='ocr_line' id='line_1_13' title="bbox 241 1314 1820 1402; baseline 0.005 -25"><span class='ocrx_word' id='word_1_66' title='bbox 241 1325 473 1395; x_wconf 87' lang='grc' dir='ltr'>μοῦντες</span> <span class='ocrx_word' id='word_1_67' title='bbox 494 1325 632 1379; x_wconf 82' lang='grc' dir='ltr'>Σιὼν</span> <span class='ocrx_word' id='word_1_68' title='bbox 656 1329 713 1380; x_wconf 78' lang='grc' dir='ltr'><strong>έν</strong></span> <span class='ocrx_word' id='word_1_69' title='bbox 728 1328 974 1399; x_wconf 76' lang='grc' dir='ltr'>αἵμασιν,</span> <span class='ocrx_word' id='word_1_70' title='bbox 993 1329 1080 1382; x_wconf 67' lang='grc' dir='ltr'><strong>καί</strong></span> <span class='ocrx_word' id='word_1_71' title='bbox 1115 1330 1465 1402; x_wconf 82' lang='grc' dir='ltr'>Ἰερουσαλὴμ.</span> <span class='ocrx_word' id='word_1_72' title='bbox 1479 1335 1535 1386; x_wconf 78' lang='grc' dir='ltr'>ὲν</span> <span class='ocrx_word' id='word_1_73' title='bbox 1564 1314 1820 1398; x_wconf 76' lang='grc' dir='ltr'>ἀδικίαις,</span> 
     </span>
    </p>
   </div>
   <div class='ocr_carea' id='block_1_14' title="bbox 242 1418 1822 1496">
    <p class='ocr_par' dir='ltr' id='par_1_14' title="bbox 242 1418 1822 1496">
     <span class='ocr_line' id='line_1_14' title="bbox 242 1418 1822 1496; baseline 0.004 -24"><span class='ocrx_word' id='word_1_74' title='bbox 242 1420 291 1472; x_wconf 90' lang='grc' dir='ltr'>οἱ</span> <span class='ocrx_word' id='word_1_75' title='bbox 311 1418 604 1490; x_wconf 80' lang='grc' dir='ltr'>ἡγούμενοι</span> <span class='ocrx_word' id='word_1_76' title='bbox 637 1419 807 1488; x_wconf 81' lang='grc' dir='ltr'>αὑτῆς</span> <span class='ocrx_word' id='word_1_77' title='bbox 843 1419 979 1490; x_wconf 88' lang='grc' dir='ltr'><strong>μετά</strong></span> <span class='ocrx_word' id='word_1_78' title='bbox 1007 1419 1192 1492; x_wconf 85' lang='grc' dir='ltr'>δώρων</span> <span class='ocrx_word' id='word_1_79' title='bbox 1211 1420 1440 1493; x_wconf 73' lang='grc' dir='ltr'>ἔκρινον,</span> <span class='ocrx_word' id='word_1_80' title='bbox 1459 1425 1552 1477; x_wconf 73' lang='grc' dir='ltr'>καὶ</span> <span class='ocrx_word' id='word_1_81' title='bbox 1579 1427 1625 1476; x_wconf 74' lang='grc' dir='ltr'>οἱ</span> <span class='ocrx_word' id='word_1_82' title='bbox 1660 1427 1822 1496; x_wconf 80' lang='grc' dir='ltr'>ἱερεῖς</span> 
     </span>
    </p>
   </div>
   <div class='ocr_carea' id='block_1_15' title="bbox 235 1510 1822 1587">
    <p class='ocr_par' dir='ltr' id='par_1_15' title="bbox 235 1510 1822 1587">
     <span class='ocr_line' id='line_1_15' title="bbox 235 1510 1822 1587; baseline 0.004 -24"><span class='ocrx_word' id='word_1_83' title='bbox 235 1511 411 1580; x_wconf 85' lang='grc' dir='ltr'>αὑτῆς</span> <span class='ocrx_word' id='word_1_84' title='bbox 453 1510 592 1581; x_wconf 87' lang='grc' dir='ltr'>μετὰ</span> <span class='ocrx_word' id='word_1_85' title='bbox 650 1511 842 1582; x_wconf 88' lang='grc' dir='ltr'>μισθοῦ</span> <span class='ocrx_word' id='word_1_86' title='bbox 898 1513 1272 1584; x_wconf 79' lang='grc' dir='ltr'>ἀπεκρίνοντο,</span> <span class='ocrx_word' id='word_1_87' title='bbox 1312 1517 1404 1568; x_wconf 76' lang='grc' dir='ltr'>καὶ</span> <span class='ocrx_word' id='word_1_88' title='bbox 1455 1517 1502 1568; x_wconf 86' lang='grc' dir='ltr'><strong>οἱ</strong></span> <span class='ocrx_word' id='word_1_89' title='bbox 1552 1519 1822 1587; x_wconf 77' lang='grc' dir='ltr'>προφῆται</span> 
     </span>
    </p>
   </div>
   <div class='ocr_carea' id='block_1_16' title="bbox 235 1602 1824 1676">
    <p class='ocr_par' dir='ltr' id='par_1_16' title="bbox 235 1602 1824 1676">
     <span class='ocr_line' id='line_1_16' title="bbox 235 1602 1824 1676; baseline 0.005 -21"><span class='ocrx_word' id='word_1_90' title='bbox 235 1604 410 1674; x_wconf 84' lang='grc' dir='ltr'>αὑτῆς</span> <span class='ocrx_word' id='word_1_91' title='bbox 441 1602 582 1674; x_wconf 88' lang='grc' dir='ltr'><strong>μετά</strong></span> <span class='ocrx_word' id='word_1_92' title='bbox 612 1604 874 1676; x_wconf 80' lang='grc' dir='ltr'><strong>ἀργυρίου</strong></span> <span class='ocrx_word' id='word_1_93' title='bbox 900 1605 1280 1675; x_wconf 76' lang='grc' dir='ltr'>ἐμαντεύοντο,</span> <span class='ocrx_word' id='word_1_94' title='bbox 1319 1611 1414 1661; x_wconf 74' lang='grc' dir='ltr'>καὶ</span> <span class='ocrx_word' id='word_1_95' title='bbox 1458 1609 1549 1661; x_wconf 78' lang='grc' dir='ltr'><strong>ἐπὶ</strong></span> <span class='ocrx_word' id='word_1_96' title='bbox 1588 1609 1677 1662; x_wconf 79' lang='grc' dir='ltr'><strong>τὸν</strong></span> <span class='ocrx_word' id='word_1_97' title='bbox 1710 1611 1824 1663; x_wconf 82' lang='grc' dir='ltr'>Κύ-</span> 
     </span>
    </p>
   </div>
   <div class='ocr_carea' id='block_1_17' title="bbox 237 1696 1821 1772">
    <p class='ocr_par' dir='ltr' id='par_1_17' title="bbox 237 1696 1821 1772">
     <span class='ocr_line' id='line_1_17' title="bbox 237 1696 1821 1772; baseline 0.004 -26"><span class='ocrx_word' id='word_1_98' title='bbox 237 1712 354 1767; x_wconf 86' lang='grc' dir='ltr'>ριον</span> <span class='ocrx_word' id='word_1_99' title='bbox 396 1696 822 1763; x_wconf 80' lang='grc' dir='ltr'>ὲπανεπαύοντο,</span> <span class='ocrx_word' id='word_1_100' title='bbox 865 1696 1131 1765; x_wconf 86' lang='grc' dir='ltr'>λέγοντες·</span> <span class='ocrx_word' id='word_1_101' title='bbox 1175 1699 1309 1769; x_wconf 76' lang='grc' dir='ltr'><strong>υὺχὶ</strong></span> <span class='ocrx_word' id='word_1_102' title='bbox 1357 1699 1560 1770; x_wconf 88' lang='grc' dir='ltr'>Κύριος</span> <span class='ocrx_word' id='word_1_103' title='bbox 1598 1702 1656 1753; x_wconf 83' lang='grc' dir='ltr'>ἐν</span> <span class='ocrx_word' id='word_1_104' title='bbox 1691 1703 1821 1772; x_wconf 78' lang='grc' dir='ltr'>ἡμῖν</span> 
     </span>
    </p>
   </div>
   <div class='ocr_carea' id='block_1_18' title="bbox 233 1787 1819 1862">
    <p class='ocr_par' dir='ltr' id='par_1_18' title="bbox 233 1787 1819 1862">
     <span class='ocr_line' id='line_1_18' title="bbox 233 1787 1819 1862; baseline 0.004 -23"><span class='ocrx_word' id='word_1_105' title='bbox 233 1787 420 1853; x_wconf 58' lang='lat' dir='ltr'><strong>tactv;</strong></span> <span class='ocrx_word' id='word_1_106' title='bbox 464 1789 526 1840; x_wconf 93' lang='grc' dir='ltr'>οὑ</span> <span class='ocrx_word' id='word_1_107' title='bbox 575 1789 648 1860; x_wconf 76' lang='grc' dir='ltr'>μὴ</span> <span class='ocrx_word' id='word_1_108' title='bbox 696 1787 897 1862; x_wconf 73' lang='grc' dir='ltr'>ἐπέλθῃ</span> <span class='ocrx_word' id='word_1_109' title='bbox 939 1790 1026 1859; x_wconf 76' lang='grc' dir='ltr'><strong>ἐφ’</strong></span> <span class='ocrx_word' id='word_1_110' title='bbox 1071 1792 1218 1861; x_wconf 75' lang='grc' dir='ltr'>ἡμᾶς</span> <span class='ocrx_word' id='word_1_111' title='bbox 1261 1792 1423 1844; x_wconf 78' lang='grc' dir='ltr'>κακά’</span> <span class='ocrx_word' id='word_1_112' title='bbox 1459 1791 1543 1845; x_wconf 78' lang='grc' dir='ltr'>διὰ</span> <span class='ocrx_word' id='word_1_113' title='bbox 1575 1792 1732 1846; x_wconf 88' lang='grc' dir='ltr'>τοῦτο</span> <span class='ocrx_word' id='word_1_114' title='bbox 1753 1793 1819 1846; x_wconf 90' lang='grc' dir='ltr'><strong>δι’</strong></span> 
     </span>
    </p>
   </div>
   <div class='ocr_carea' id='block_1_19' title="bbox 1934 619 3146 677">
    <p class='ocr_par' dir='ltr' id='par_1_19' title="bbox 1934 619 3146 677">
     <span class='ocr_line' id='line_1_19' title="bbox 1934 619 3146 677; baseline 0 -3"><span class='ocrx_word' id='word_1_115' title='bbox 1934 621 2378 677; x_wconf 83' lang='lat' dir='ltr'><strong>manilestatione</strong></span> <span class='ocrx_word' id='word_1_116' title='bbox 2404 623 2518 676; x_wconf 70' lang='lat' dir='ltr'><strong>lucc</strong></span> <span class='ocrx_word' id='word_1_117' title='bbox 2561 619 2668 675; x_wconf 89' lang='lat' dir='ltr'><strong>dici</strong></span> <span class='ocrx_word' id='word_1_118' title='bbox 2699 620 3146 677; x_wconf 72' lang='lat' dir='ltr'><strong>existimavimus.</strong></span> 
     </span>
    </p>
   </div>
   <div class='ocr_carea' id='block_1_20' title="bbox 2480 821 2947 877">
    <p class='ocr_par' dir='ltr' id='par_1_20' title="bbox 2480 821 2947 877">
     <span class='ocr_line' id='line_1_20' title="bbox 2480 821 2947 877; baseline 0.002 -1"><span class='ocrx_word' id='word_1_119' title='bbox 2480 821 2708 877; x_wconf 73' lang='lat' dir='ltr'><strong>CAPUT</strong></span> <span class='ocrx_word' id='word_1_120' title='bbox 2760 821 2947 877; x_wconf 73' lang='lat' dir='ltr'>XVIII.</span> 
     </span>
    </p>
   </div>
   <div class='ocr_carea' id='block_1_21' title="bbox 2558 933 2872 990">
    <p class='ocr_par' dir='ltr' id='par_1_21' title="bbox 2558 933 2872 990">
     <span class='ocr_line' id='line_1_21' title="bbox 2558 933 2872 990; baseline 0.01 -3"><span class='ocrx_word' id='word_1_121' title='bbox 2558 933 2640 987; x_wconf 80' lang='lat' dir='ltr'><strong>Ea:</strong></span> <span class='ocrx_word' id='word_1_122' title='bbox 2673 939 2872 990; x_wconf 85' lang='lat' dir='ltr'><strong>eodem.</strong></span> 
     </span>
    </p>
   </div>
   <div class='ocr_carea' id='block_1_22' title="bbox 2004 1046 3503 1119">
    <p class='ocr_par' dir='ltr' id='par_1_22' title="bbox 2004 1046 3503 1119">
     <span class='ocr_line' id='line_1_22' title="bbox 2004 1046 3503 1119; baseline 0.003 -20"><span class='ocrx_word' id='word_1_123' title='bbox 2004 1068 2022 1099; x_wconf 77' lang='grc' dir='ltr'><strong>ι</strong></span> <span class='ocrx_word' id='word_1_124' title='bbox 2047 1049 2242 1104; x_wconf 85' lang='lat' dir='ltr'><strong>Audite</strong></span> <span class='ocrx_word' id='word_1_125' title='bbox 2277 1048 2402 1112; x_wconf 85' lang='lat' dir='ltr'><strong>hoc,</strong></span> <span class='ocrx_word' id='word_1_126' title='bbox 2437 1049 2709 1119; x_wconf 80' lang='lat' dir='ltr'><strong>priuetpes</strong></span> <span class='ocrx_word' id='word_1_127' title='bbox 2756 1049 2951 1104; x_wconf 89' lang='lat' dir='ltr'><strong>domus</strong></span> <span class='ocrx_word' id='word_1_128' title='bbox 2977 1047 3176 1110; x_wconf 90' lang='lat' dir='ltr'><strong>Jacob,</strong></span> <span class='ocrx_word' id='word_1_129' title='bbox 3209 1059 3262 1102; x_wconf 90' lang='lat' dir='ltr'><strong>et</strong></span> <span class='ocrx_word' id='word_1_130' title='bbox 3287 1046 3503 1116; x_wconf 76' lang='lat' dir='ltr'><strong>judices</strong></span> 
     </span>
    </p>
   </div>
   <div class='ocr_carea' id='block_1_23' title="bbox 1926 1138 3500 1209">
    <p class='ocr_par' dir='ltr' id='par_1_23' title="bbox 1926 1138 3500 1209">
     <span class='ocr_line' id='line_1_23' title="bbox 1926 1138 3500 1209; baseline -0.001 -15"><span class='ocrx_word' id='word_1_131' title='bbox 1926 1141 2120 1195; x_wconf 90' lang='lat' dir='ltr'><strong>domus</strong></span> <span class='ocrx_word' id='word_1_132' title='bbox 2172 1138 2358 1202; x_wconf 83' lang='lat' dir='ltr'><strong>Israel,</strong></span> <span class='ocrx_word' id='word_1_133' title='bbox 2391 1141 2484 1209; x_wconf 88' lang='lat' dir='ltr'><strong>qui</strong></span> <span class='ocrx_word' id='word_1_134' title='bbox 2534 1140 2918 1194; x_wconf 89' lang='lat' dir='ltr'><strong>abominamini</strong></span> <span class='ocrx_word' id='word_1_135' title='bbox 2945 1138 3299 1208; x_wconf 90' lang='lat' dir='ltr'><strong>judicium,et</strong></span> <span class='ocrx_word' id='word_1_136' title='bbox 3318 1139 3500 1192; x_wconf 84' lang='lat' dir='ltr'><strong>omnia</strong></span> 
     </span>
    </p>
   </div>
   <div class='ocr_carea' id='block_1_24' title="bbox 1927 1230 3502 1302">
    <p class='ocr_par' dir='ltr' id='par_1_24' title="bbox 1927 1230 3502 1302">
     <span class='ocr_line' id='line_1_24' title="bbox 1927 1230 3502 1302; baseline -0.002 -16"><span class='ocrx_word' id='word_1_137' title='bbox 1927 1241 2075 1288; x_wconf 87' lang='lat' dir='ltr'><strong>recta</strong></span> <span class='ocrx_word' id='word_1_138' title='bbox 2118 1233 2456 1302; x_wconf 87' lang='lat' dir='ltr'><strong>pervertitis.</strong></span> <span class='ocrx_word' id='word_1_139' title='bbox 2487 1231 2589 1298; x_wconf 87' lang='lat' dir='ltr'><strong>Qui</strong></span> <span class='ocrx_word' id='word_1_140' title='bbox 2623 1231 2904 1287; x_wconf 69' lang='lat' dir='ltr'><strong>azdilieatis</strong></span> <span class='ocrx_word' id='word_1_141' title='bbox 2960 1230 3090 1286; x_wconf 87' lang='lat' dir='ltr'><strong>Sion</strong></span> <span class='ocrx_word' id='word_1_142' title='bbox 3131 1233 3186 1285; x_wconf 92' lang='lat' dir='ltr'><strong>in</strong></span> <span class='ocrx_word' id='word_1_143' title='bbox 3220 1231 3502 1302; x_wconf 85' lang='lat' dir='ltr'><strong>sanguini-</strong></span> 
     </span>
    </p>
   </div>
   <div class='ocr_carea' id='block_1_25' title="bbox 1925 1323 3498 1396">
    <p class='ocr_par' dir='ltr' id='par_1_25' title="bbox 1925 1323 3498 1396">
     <span class='ocr_line' id='line_1_25' title="bbox 1925 1323 3498 1396; baseline 0 -16"><span class='ocrx_word' id='word_1_144' title='bbox 1925 1328 2049 1388; x_wconf 90' lang='lat' dir='ltr'><strong>bus,</strong></span> <span class='ocrx_word' id='word_1_145' title='bbox 2091 1334 2143 1379; x_wconf 89' lang='lat' dir='ltr'><strong>et</strong></span> <span class='ocrx_word' id='word_1_146' title='bbox 2166 1323 2468 1381; x_wconf 86' lang='lat' dir='ltr'><strong>Jerusalem</strong></span> <span class='ocrx_word' id='word_1_147' title='bbox 2527 1326 2580 1378; x_wconf 92' lang='lat' dir='ltr'><strong>in</strong></span> <span class='ocrx_word' id='word_1_148' title='bbox 2637 1326 2946 1396; x_wconf 77' lang='lat' dir='ltr'><strong>iniquitate.</strong></span> <span class='ocrx_word' id='word_1_149' title='bbox 2985 1325 3268 1396; x_wconf 82' lang='lat' dir='ltr'><strong>Principes</strong></span> <span class='ocrx_word' id='word_1_150' title='bbox 3297 1326 3416 1396; x_wconf 83' lang='lat' dir='ltr'><strong>ejus</strong></span> <span class='ocrx_word' id='word_1_151' title='bbox 3443 1325 3498 1380; x_wconf 89' lang='lat' dir='ltr'><strong>in</strong></span> 
     </span>
    </p>
   </div>
   <div class='ocr_carea' id='block_1_26' title="bbox 1926 1417 3497 1489">
    <p class='ocr_par' dir='ltr' id='par_1_26' title="bbox 1926 1417 3497 1489">
     <span class='ocr_line' id='line_1_26' title="bbox 1926 1417 3497 1489; baseline 0.003 -19"><span class='ocrx_word' id='word_1_152' title='bbox 1926 1417 2248 1472; x_wconf 85' lang='lat' dir='ltr'><strong>muneribus</strong></span> <span class='ocrx_word' id='word_1_153' title='bbox 2265 1417 2612 1488; x_wconf 85' lang='lat' dir='ltr'><strong>judicabant,</strong></span> <span class='ocrx_word' id='word_1_154' title='bbox 2663 1427 2716 1474; x_wconf 90' lang='lat' dir='ltr'><strong>et</strong></span> <span class='ocrx_word' id='word_1_155' title='bbox 2763 1418 3077 1475; x_wconf 78' lang='lat' dir='ltr'><strong>sacerdotes</strong></span> <span class='ocrx_word' id='word_1_156' title='bbox 3108 1421 3229 1489; x_wconf 85' lang='lat' dir='ltr'><strong>ejus</strong></span> <span class='ocrx_word' id='word_1_157' title='bbox 3267 1420 3320 1474; x_wconf 92' lang='lat' dir='ltr'><strong>in</strong></span> <span class='ocrx_word' id='word_1_158' title='bbox 3355 1435 3497 1476; x_wconf 89' lang='lat' dir='ltr'><strong>mer-</strong></span> 
     </span>
    </p>
   </div>
   <div class='ocr_carea' id='block_1_27' title="bbox 1925 1496 3496 1580">
    <p class='ocr_par' dir='ltr' id='par_1_27' title="bbox 1925 1496 3496 1580">
     <span class='ocr_line' id='line_1_27' title="bbox 1925 1496 3496 1580; baseline 0.001 -15"><span class='ocrx_word' id='word_1_159' title='bbox 1925 1508 2057 1565; x_wconf 87' lang='lat' dir='ltr'><strong>cede</strong></span> <span class='ocrx_word' id='word_1_160' title='bbox 2085 1509 2372 1573; x_wconf 89' lang='lat' dir='ltr'><strong>docebant,</strong></span> <span class='ocrx_word' id='word_1_161' title='bbox 2399 1519 2451 1565; x_wconf 89' lang='lat' dir='ltr'><strong>et</strong></span> <span class='ocrx_word' id='word_1_162' title='bbox 2481 1496 2758 1580; x_wconf 69' lang='lat' dir='ltr'><strong>propheta:</strong></span> <span class='ocrx_word' id='word_1_163' title='bbox 2781 1511 2900 1580; x_wconf 90' lang='lat' dir='ltr'><strong>ejus</strong></span> <span class='ocrx_word' id='word_1_164' title='bbox 2933 1512 2986 1565; x_wconf 91' lang='lat' dir='ltr'><strong>in</strong></span> <span class='ocrx_word' id='word_1_165' title='bbox 3021 1513 3251 1580; x_wconf 86' lang='lat' dir='ltr'><strong>pecunia</strong></span> <span class='ocrx_word' id='word_1_166' title='bbox 3283 1511 3496 1566; x_wconf 85' lang='lat' dir='ltr'><strong>divina-</strong></span> 
     </span>
    </p>
   </div>
   <div class='ocr_carea' id='block_1_28' title="bbox 1925 1601 3494 1673">
    <p class='ocr_par' dir='ltr' id='par_1_28' title="bbox 1925 1601 3494 1673">
     <span class='ocr_line' id='line_1_28' title="bbox 1925 1601 3494 1673; baseline -0.001 -17"><span class='ocrx_word' id='word_1_167' title='bbox 1925 1602 2056 1656; x_wconf 86' lang='lat' dir='ltr'><strong>bant</strong></span> <span class='ocrx_word' id='word_1_168' title='bbox 2090 1621 2104 1656; x_wconf 88' lang='lat'><strong>:</strong></span> <span class='ocrx_word' id='word_1_169' title='bbox 2131 1609 2186 1655; x_wconf 88' lang='lat' dir='ltr'><strong>et</strong></span> <span class='ocrx_word' id='word_1_170' title='bbox 2216 1618 2382 1672; x_wconf 90' lang='lat' dir='ltr'><strong>super</strong></span> <span class='ocrx_word' id='word_1_171' title='bbox 2413 1601 2704 1658; x_wconf 89' lang='lat' dir='ltr'><strong>Dominum</strong></span> <span class='ocrx_word' id='word_1_172' title='bbox 2757 1603 3192 1673; x_wconf 87' lang='lat' dir='ltr'><strong>requiescebant,</strong></span> <span class='ocrx_word' id='word_1_173' title='bbox 3225 1605 3494 1660; x_wconf 83' lang='lat' dir='ltr'><strong>dicentes:</strong></span> 
     </span>
    </p>
   </div>
   <div class='ocr_carea' id='block_1_29' title="bbox 1923 1689 3499 1762">
    <p class='ocr_par' dir='ltr' id='par_1_29' title="bbox 1923 1689 3499 1762">
     <span class='ocr_line' id='line_1_29' title="bbox 1923 1689 3499 1762; baseline 0.001 -17"><span class='ocrx_word' id='word_1_174' title='bbox 1923 1689 2177 1762; x_wconf 80' lang='lat' dir='ltr'><strong>Nunquid</strong></span> <span class='ocrx_word' id='word_1_175' title='bbox 2203 1707 2313 1747; x_wconf 92' lang='lat' dir='ltr'><strong>non</strong></span> <span class='ocrx_word' id='word_1_176' title='bbox 2341 1691 2606 1747; x_wconf 89' lang='lat' dir='ltr'><strong>Dominus</strong></span> <span class='ocrx_word' id='word_1_177' title='bbox 2643 1691 2696 1745; x_wconf 89' lang='lat' dir='ltr'><strong>in</strong></span> <span class='ocrx_word' id='word_1_178' title='bbox 2723 1692 2902 1747; x_wconf 92' lang='lat' dir='ltr'><strong>medio</strong></span> <span class='ocrx_word' id='word_1_179' title='bbox 2943 1693 3231 1747; x_wconf 87' lang='lat' dir='ltr'><strong>nostrum?</strong></span> <span class='ocrx_word' id='word_1_180' title='bbox 3262 1691 3380 1747; x_wconf 86' lang='lat' dir='ltr'><strong>Non</strong></span> <span class='ocrx_word' id='word_1_181' title='bbox 3406 1706 3499 1747; x_wconf 80' lang='lat' dir='ltr'><strong>ve-</strong></span> 
     </span>
    </p>
   </div>
   <div class='ocr_carea' id='block_1_30' title="bbox 1921 1783 3494 1854">
    <p class='ocr_par' dir='ltr' id='par_1_30' title="bbox 1921 1783 3494 1854">
     <span class='ocr_line' id='line_1_30' title="bbox 1921 1783 3494 1854; baseline 0 -18"><span class='ocrx_word' id='word_1_182' title='bbox 1921 1783 2074 1837; x_wconf 90' lang='lat' dir='ltr'><strong>nient</strong></span> <span class='ocrx_word' id='word_1_183' title='bbox 2125 1798 2290 1852; x_wconf 87' lang='lat' dir='ltr'><strong>super</strong></span> <span class='ocrx_word' id='word_1_184' title='bbox 2340 1797 2440 1837; x_wconf 92' lang='lat' dir='ltr'><strong>nos</strong></span> <span class='ocrx_word' id='word_1_185' title='bbox 2473 1783 2634 1836; x_wconf 87' lang='lat' dir='ltr'><strong>mala.</strong></span> <span class='ocrx_word' id='word_1_186' title='bbox 2672 1783 2903 1854; x_wconf 88' lang='lat' dir='ltr'><strong>Propter</strong></span> <span class='ocrx_word' id='word_1_187' title='bbox 2947 1784 3071 1846; x_wconf 86' lang='lat' dir='ltr'><strong>hoc.</strong></span> <span class='ocrx_word' id='word_1_188' title='bbox 3104 1799 3272 1839; x_wconf 89' lang='lat' dir='ltr'><strong>causa</strong></span> <span class='ocrx_word' id='word_1_189' title='bbox 3308 1783 3494 1847; x_wconf 85' lang='lat' dir='ltr'><strong>vestri,</strong></span> 
     </span>
    </p>
   </div>
   <div class='ocr_carea' id='block_1_31' title="bbox 233 1873 1819 1956">
    <p class='ocr_par' dir='ltr' id='par_1_31' title="bbox 233 1878 1817 1956">
     <span class='ocr_line' id='line_1_31' title="bbox 233 1878 1817 1956; baseline 0.005 -26"><span class='ocrx_word' id='word_1_190' title='bbox 233 1879 383 1949; x_wconf 80' lang='grc' dir='ltr'>ὑμᾶς</span> <span class='ocrx_word' id='word_1_191' title='bbox 421 1878 561 1932; x_wconf 86' lang='grc' dir='ltr'>Σιὼν</span> <span class='ocrx_word' id='word_1_192' title='bbox 597 1880 673 1943; x_wconf 81' lang='grc' dir='ltr'>ὡς</span> <span class='ocrx_word' id='word_1_193' title='bbox 711 1879 878 1952; x_wconf 74' lang='grc' dir='ltr'>ἀγρὸς</span> <span class='ocrx_word' id='word_1_194' title='bbox 907 1882 1384 1955; x_wconf 82' lang='grc' dir='ltr'>ἀροτριαθήσεται,</span> <span class='ocrx_word' id='word_1_195' title='bbox 1419 1883 1513 1936; x_wconf 73' lang='grc' dir='ltr'>καὶ</span> <span class='ocrx_word' id='word_1_196' title='bbox 1543 1884 1817 1956; x_wconf 84' lang='grc' dir='ltr'>Ἰερουσα-</span> 
     </span>
    </p>
   </div>
   <div class='ocr_carea' id='block_1_32' title="bbox 1923 1873 3498 1956">
    <p class='ocr_par' dir='ltr' id='par_1_32' title="bbox 1923 1873 3498 1949">
     <span class='ocr_line' id='line_1_32' title="bbox 1923 1873 3498 1949; baseline 0.001 -19"><span class='ocrx_word' id='word_1_197' title='bbox 1923 1873 2052 1931; x_wconf 90' lang='lat' dir='ltr'><strong>Sion</strong></span> <span class='ocrx_word' id='word_1_198' title='bbox 2073 1878 2228 1946; x_wconf 91' lang='lat' dir='ltr'><strong>quasi</strong></span> <span class='ocrx_word' id='word_1_199' title='bbox 2259 1892 2388 1948; x_wconf 86' lang='lat' dir='ltr'><strong>ager</strong></span> <span class='ocrx_word' id='word_1_200' title='bbox 2414 1877 2676 1945; x_wconf 88' lang='lat' dir='ltr'><strong>arabitur,</strong></span> <span class='ocrx_word' id='word_1_201' title='bbox 2692 1884 2745 1932; x_wconf 91' lang='lat' dir='ltr'><strong>et</strong></span> <span class='ocrx_word' id='word_1_202' title='bbox 2768 1875 3068 1933; x_wconf 79' lang='lat' dir='ltr'><strong>Jerusalem</strong></span> <span class='ocrx_word' id='word_1_203' title='bbox 3087 1877 3244 1949; x_wconf 89' lang='lat' dir='ltr'><strong>quasi</strong></span> <span class='ocrx_word' id='word_1_204' title='bbox 3267 1891 3498 1932; x_wconf 76' lang='lat' dir='ltr'><strong>acervus</strong></span> 
     </span>
    </p>
   </div>
   <div class='ocr_carea' id='block_1_33' title="bbox 234 1971 1820 2046">
    <p class='ocr_par' dir='ltr' id='par_1_33' title="bbox 234 1971 1820 2046">
     <span class='ocr_line' id='line_1_33' title="bbox 234 1971 1820 2046; baseline 0.004 -23"><span class='ocrx_word' id='word_1_205' title='bbox 234 1971 350 2042; x_wconf 76' lang='grc' dir='ltr'>λὴμ</span> <span class='ocrx_word' id='word_1_206' title='bbox 383 1971 461 2036; x_wconf 87' lang='grc' dir='ltr'>ὼς</span> <span class='ocrx_word' id='word_1_207' title='bbox 488 1971 938 2044; x_wconf 76' lang='grc' dir='ltr'>όπωροφυλάκιον</span> <span class='ocrx_word' id='word_1_208' title='bbox 967 1973 1142 2039; x_wconf 75' lang='grc' dir='ltr'>ἔσται,</span> <span class='ocrx_word' id='word_1_209' title='bbox 1175 1975 1269 2028; x_wconf 77' lang='grc' dir='ltr'>καὶ</span> <span class='ocrx_word' id='word_1_210' title='bbox 1301 1974 1362 2028; x_wconf 81' lang='grc' dir='ltr'>τὸ</span> <span class='ocrx_word' id='word_1_211' title='bbox 1390 1973 1514 2046; x_wconf 80' lang='grc' dir='ltr'>ὅρος</span> <span class='ocrx_word' id='word_1_212' title='bbox 1547 1974 1639 2028; x_wconf 87' lang='grc' dir='ltr'><strong>τοῦ</strong></span> <span class='ocrx_word' id='word_1_213' title='bbox 1675 1977 1820 2030; x_wconf 82' lang='grc' dir='ltr'>οἴκου</span> 
     </span>
    </p>
   </div>
   <div class='ocr_carea' id='block_1_34' title="bbox 234 2064 1821 2141">
    <p class='ocr_par' dir='ltr' id='par_1_34' title="bbox 234 2064 1821 2141">
     <span class='ocr_line' id='line_1_34' title="bbox 234 2064 1821 2141; baseline 0.005 -25"><span class='ocrx_word' id='word_1_214' title='bbox 234 2067 317 2129; x_wconf 81' lang='grc' dir='ltr'><strong>εἰς</strong></span> <span class='ocrx_word' id='word_1_215' title='bbox 342 2064 503 2130; x_wconf 80' lang='grc' dir='ltr'>ἄλσος</span> <span class='ocrx_word' id='word_1_216' title='bbox 525 2065 752 2137; x_wconf 82' lang='grc' dir='ltr'><strong>δρυμοῦ.</strong></span> <span class='ocrx_word' id='word_1_217' title='bbox 779 2066 888 2119; x_wconf 78' lang='grc' dir='ltr'>Καὶ</span> <span class='ocrx_word' id='word_1_218' title='bbox 915 2067 1066 2121; x_wconf 77' lang='grc' dir='ltr'>ἔσται</span> <span class='ocrx_word' id='word_1_219' title='bbox 1097 2070 1184 2121; x_wconf 77' lang='grc' dir='ltr'><strong>ἐπ’</strong></span> <span class='ocrx_word' id='word_1_220' title='bbox 1211 2069 1440 2140; x_wconf 81' lang='grc' dir='ltr'><strong>ἐσχάτου</strong></span> <span class='ocrx_word' id='word_1_221' title='bbox 1470 2067 1578 2122; x_wconf 89' lang='grc' dir='ltr'><strong>τῶν</strong></span> <span class='ocrx_word' id='word_1_222' title='bbox 1603 2071 1821 2141; x_wconf 74' lang='grc' dir='ltr'>ἡμερῶν</span> 
     </span>
    </p>
   </div>
   <div class='ocr_carea' id='block_1_35' title="bbox 233 2159 1820 2234">
    <p class='ocr_par' dir='ltr' id='par_1_35' title="bbox 233 2159 1820 2234">
     <span class='ocr_line' id='line_1_35' title="bbox 233 2159 1820 2234; baseline 0.004 -26"><span class='ocrx_word' id='word_1_223' title='bbox 233 2159 478 2228; x_wconf 59' lang='grc' dir='ltr'>ἐμφανὲς</span> <span class='ocrx_word' id='word_1_224' title='bbox 517 2159 576 2212; x_wconf 81' lang='grc' dir='ltr'><strong>τὺ</strong></span> <span class='ocrx_word' id='word_1_225' title='bbox 607 2159 732 2231; x_wconf 75' lang='grc' dir='ltr'>ὅρος</span> <span class='ocrx_word' id='word_1_226' title='bbox 779 2160 1006 2231; x_wconf 83' lang='grc' dir='ltr'>Κυρίου.</span> <span class='ocrx_word' id='word_1_227' title='bbox 1050 2161 1265 2232; x_wconf 72' lang='grc' dir='ltr'>ἕτοιμον</span> <span class='ocrx_word' id='word_1_228' title='bbox 1306 2162 1398 2215; x_wconf 70' lang='grc' dir='ltr'><strong>ἐπὶ</strong></span> <span class='ocrx_word' id='word_1_229' title='bbox 1439 2161 1538 2226; x_wconf 80' lang='grc' dir='ltr'><strong>τὰς</strong></span> <span class='ocrx_word' id='word_1_230' title='bbox 1578 2163 1820 2234; x_wconf 80' lang='grc' dir='ltr'>κορυφὰς</span> 
     </span>
    </p>
   </div>
   <div class='ocr_carea' id='block_1_36' title="bbox 234 2249 1822 2324">
    <p class='ocr_par' dir='ltr' id='par_1_36' title="bbox 234 2249 1822 2324">
     <span class='ocr_line' id='line_1_36' title="bbox 234 2249 1822 2324; baseline 0.004 -25"><span class='ocrx_word' id='word_1_231' title='bbox 234 2249 344 2300; x_wconf 88' lang='grc' dir='ltr'><strong>τῶν</strong></span> <span class='ocrx_word' id='word_1_232' title='bbox 377 2249 571 2320; x_wconf 83' lang='grc' dir='ltr'>ὁρέων,</span> <span class='ocrx_word' id='word_1_233' title='bbox 605 2251 697 2303; x_wconf 70' lang='grc' dir='ltr'>καὶ</span> <span class='ocrx_word' id='word_1_234' title='bbox 730 2249 1233 2322; x_wconf 78' lang='grc' dir='ltr'>μετεωρισθήσεται</span> <span class='ocrx_word' id='word_1_235' title='bbox 1265 2253 1518 2324; x_wconf 82' lang='grc' dir='ltr'>ὑπεράνω</span> <span class='ocrx_word' id='word_1_236' title='bbox 1555 2253 1662 2306; x_wconf 83' lang='grc' dir='ltr'><strong>τῶν</strong></span> <span class='ocrx_word' id='word_1_237' title='bbox 1700 2253 1822 2323; x_wconf 80' lang='grc' dir='ltr'><strong>βου⁶</strong></span> 
     </span>
    </p>
   </div>
   <div class='ocr_carea' id='block_1_37' title="bbox 235 2340 1820 2417">
    <p class='ocr_par' dir='ltr' id='par_1_37' title="bbox 235 2340 1820 2417">
     <span class='ocr_line' id='line_1_37' title="bbox 235 2340 1820 2417; baseline 0.004 -25"><span class='ocrx_word' id='word_1_238' title='bbox 235 2340 363 2392; x_wconf 84' lang='grc' dir='ltr'>νῶν·</span> <span class='ocrx_word' id='word_1_239' title='bbox 394 2341 488 2393; x_wconf 71' lang='grc' dir='ltr'>καὶ</span> <span class='ocrx_word' id='word_1_240' title='bbox 517 2341 736 2412; x_wconf 74' lang='grc' dir='ltr'>ἥξουσιν</span> <span class='ocrx_word' id='word_1_241' title='bbox 763 2345 849 2395; x_wconf 76' lang='grc' dir='ltr'><strong>ἐπ’</strong></span> <span class='ocrx_word' id='word_1_242' title='bbox 881 2343 1014 2398; x_wconf 88' lang='grc' dir='ltr'>αὑτὸ</span> <span class='ocrx_word' id='word_1_243' title='bbox 1047 2345 1185 2409; x_wconf 79' lang='grc' dir='ltr'>λαοὶ,</span> <span class='ocrx_word' id='word_1_244' title='bbox 1219 2345 1312 2398; x_wconf 71' lang='grc' dir='ltr'>καὶ</span> <span class='ocrx_word' id='word_1_245' title='bbox 1345 2345 1700 2417; x_wconf 80' lang='grc' dir='ltr'>πορεύσονται</span> <span class='ocrx_word' id='word_1_246' title='bbox 1734 2347 1820 2398; x_wconf 76' lang='grc' dir='ltr'><strong>ἐπ’</strong></span> 
     </span>
    </p>
   </div>
   <div class='ocr_carea' id='block_1_38' title="bbox 234 2430 1825 2506">
    <p class='ocr_par' dir='ltr' id='par_1_38' title="bbox 234 2430 1825 2506">
     <span class='ocr_line' id='line_1_38' title="bbox 234 2430 1825 2506; baseline 0.003 -22"><span class='ocrx_word' id='word_1_247' title='bbox 234 2430 368 2484; x_wconf 79' lang='grc' dir='ltr'>αὑτὸ</span> <span class='ocrx_word' id='word_1_248' title='bbox 395 2430 524 2501; x_wconf 77' lang='grc' dir='ltr'>ἔθνη</span> <span class='ocrx_word' id='word_1_249' title='bbox 547 2431 714 2486; x_wconf 84' lang='grc' dir='ltr'>πολλά</span> <span class='ocrx_word' id='word_1_250' title='bbox 745 2433 838 2486; x_wconf 76' lang='grc' dir='ltr'>καὶ</span> <span class='ocrx_word' id='word_1_251' title='bbox 867 2432 1106 2504; x_wconf 79' lang='grc' dir='ltr'>ἐροῦσιν·</span> <span class='ocrx_word' id='word_1_252' title='bbox 1142 2435 1306 2488; x_wconf 88' lang='grc' dir='ltr'>Δεῦτε</span> <span class='ocrx_word' id='word_1_253' title='bbox 1335 2435 1627 2506; x_wconf 79' lang='grc' dir='ltr'>ἀναὸῶμεν</span> <span class='ocrx_word' id='word_1_254' title='bbox 1658 2437 1736 2499; x_wconf 83' lang='grc' dir='ltr'>εἱς</span> <span class='ocrx_word' id='word_1_255' title='bbox 1761 2435 1825 2488; x_wconf 76' lang='grc' dir='ltr'>τὸ</span> 
     </span>
    </p>
   </div>
   <div class='ocr_carea' id='block_1_39' title="bbox 233 2517 1819 2592">
    <p class='ocr_par' dir='ltr' id='par_1_39' title="bbox 233 2517 1819 2592">
     <span class='ocr_line' id='line_1_39' title="bbox 233 2517 1819 2592; baseline 0.003 -20"><span class='ocrx_word' id='word_1_256' title='bbox 233 2520 362 2592; x_wconf 76' lang='grc' dir='ltr'>ὅρος</span> <span class='ocrx_word' id='word_1_257' title='bbox 399 2522 627 2592; x_wconf 81' lang='grc' dir='ltr'><strong>Κυρίου,</strong></span> <span class='ocrx_word' id='word_1_258' title='bbox 663 2522 756 2575; x_wconf 80' lang='grc' dir='ltr'>καὶ</span> <span class='ocrx_word' id='word_1_259' title='bbox 793 2524 873 2586; x_wconf 81' lang='grc' dir='ltr'><strong>είς</strong></span> <span class='ocrx_word' id='word_1_260' title='bbox 911 2523 1000 2576; x_wconf 82' lang='grc' dir='ltr'>τὸν</span> <span class='ocrx_word' id='word_1_261' title='bbox 1024 2517 1170 2576; x_wconf 79' lang='grc' dir='ltr'>οἶκον</span> <span class='ocrx_word' id='word_1_262' title='bbox 1190 2522 1284 2576; x_wconf 89' lang='grc' dir='ltr'><strong>τοῦ</strong></span> <span class='ocrx_word' id='word_1_263' title='bbox 1308 2523 1441 2577; x_wconf 87' lang='grc' dir='ltr'><strong>Θεοῦ</strong></span> <span class='ocrx_word' id='word_1_264' title='bbox 1483 2523 1693 2578; x_wconf 74' lang='grc' dir='ltr'>Ἰακώὸο</span> <span class='ocrx_word' id='word_1_265' title='bbox 1727 2525 1819 2578; x_wconf 84' lang='grc' dir='ltr'>καὶ</span> 
     </span>
    </p>
   </div>
   <div class='ocr_carea' id='block_1_40' title="bbox 233 2611 1818 2689">
    <p class='ocr_par' dir='ltr' id='par_1_40' title="bbox 233 2611 1818 2689">
     <span class='ocr_line' id='line_1_40' title="bbox 233 2611 1818 2689; baseline 0.004 -25"><span class='ocrx_word' id='word_1_266' title='bbox 233 2611 505 2679; x_wconf 75' lang='grc' dir='ltr'>δείξουσιν</span> <span class='ocrx_word' id='word_1_267' title='bbox 533 2615 665 2685; x_wconf 79' lang='grc' dir='ltr'>ἡμῖν</span> <span class='ocrx_word' id='word_1_268' title='bbox 707 2614 807 2687; x_wconf 80' lang='grc' dir='ltr'>τὴν</span> <span class='ocrx_word' id='word_1_269' title='bbox 839 2615 958 2669; x_wconf 82' lang='grc' dir='ltr'>ὁδὸν</span> <span class='ocrx_word' id='word_1_270' title='bbox 990 2614 1179 2680; x_wconf 87' lang='grc' dir='ltr'>αὑτοῦ,</span> <span class='ocrx_word' id='word_1_271' title='bbox 1223 2615 1318 2669; x_wconf 73' lang='grc' dir='ltr'><strong>καὶ</strong></span> <span class='ocrx_word' id='word_1_272' title='bbox 1358 2615 1736 2689; x_wconf 85' lang='grc' dir='ltr'>πορευσόμεθα</span> <span class='ocrx_word' id='word_1_273' title='bbox 1761 2619 1818 2670; x_wconf 81' lang='grc' dir='ltr'>ἐν</span> 
     </span>
    </p>
   </div>
   <div class='ocr_carea' id='block_1_41' title="bbox 234 2703 1816 2785">
    <p class='ocr_par' dir='ltr' id='par_1_41' title="bbox 234 2703 1816 2785">
     <span class='ocr_line' id='line_1_41' title="bbox 234 2703 1816 2785; baseline 0.009 -31"><span class='ocrx_word' id='word_1_274' title='bbox 234 2707 352 2767; x_wconf 82' lang='grc' dir='ltr'>ταῖς</span> <span class='ocrx_word' id='word_1_275' title='bbox 393 2703 600 2776; x_wconf 76' lang='grc' dir='ltr'>τρίὸοις</span> <span class='ocrx_word' id='word_1_276' title='bbox 641 2707 825 2761; x_wconf 90' lang='grc' dir='ltr'>αὑτοῦ·</span> <span class='ocrx_word' id='word_1_277' title='bbox 862 2711 942 2763; x_wconf 83' lang='grc' dir='ltr'>ὅτι</span> <span class='ocrx_word' id='word_1_278' title='bbox 987 2712 1050 2764; x_wconf 80' lang='grc' dir='ltr'>ἐκ</span> <span class='ocrx_word' id='word_1_279' title='bbox 1084 2710 1220 2765; x_wconf 86' lang='grc' dir='ltr'>Σιὼν</span> <span class='ocrx_word' id='word_1_280' title='bbox 1254 2713 1593 2780; x_wconf 79' lang='grc' dir='ltr'>ἐξελεύσεται</span> <span class='ocrx_word' id='word_1_281' title='bbox 1633 2715 1816 2785; x_wconf 88' lang='grc' dir='ltr'>νόμος,</span> 
     </span>
    </p>
   </div>
   <div class='ocr_carea' id='block_1_42' title="bbox 233 2796 1819 2880">
    <p class='ocr_par' dir='ltr' id='par_1_42' title="bbox 233 2796 1819 2880">
     <span class='ocr_line' id='line_1_42' title="bbox 233 2796 1819 2880; baseline 0.009 -33"><span class='ocrx_word' id='word_1_282' title='bbox 233 2797 330 2848; x_wconf 73' lang='grc' dir='ltr'>καὶ</span> <span class='ocrx_word' id='word_1_283' title='bbox 364 2796 521 2865; x_wconf 89' lang='grc' dir='ltr'>λόγος</span> <span class='ocrx_word' id='word_1_284' title='bbox 556 2799 763 2869; x_wconf 76' lang='grc' dir='ltr'>Κυρίου</span> <span class='ocrx_word' id='word_1_285' title='bbox 798 2801 856 2868; x_wconf 73' lang='grc' dir='ltr'>ἐξ</span> <span class='ocrx_word' id='word_1_286' title='bbox 899 2804 1272 2876; x_wconf 87' lang='grc' dir='ltr'>Ἰερουσαλὴμ,</span> <span class='ocrx_word' id='word_1_287' title='bbox 1309 2805 1401 2859; x_wconf 76' lang='grc' dir='ltr'>καὶ</span> <span class='ocrx_word' id='word_1_288' title='bbox 1424 2809 1599 2880; x_wconf 87' lang='grc' dir='ltr'>κρινεῖ</span> <span class='ocrx_word' id='word_1_289' title='bbox 1618 2807 1819 2878; x_wconf 82' lang='grc' dir='ltr'>ἀναμέ-</span> 
     </span>
    </p>
   </div>
   <div class='ocr_carea' id='block_1_43' title="bbox 235 2888 1818 2970">
    <p class='ocr_par' dir='ltr' id='par_1_43' title="bbox 235 2888 1818 2970">
     <span class='ocr_line' id='line_1_43' title="bbox 235 2888 1818 2970; baseline 0.009 -29"><span class='ocrx_word' id='word_1_290' title='bbox 235 2907 328 2942; x_wconf 85' lang='grc' dir='ltr'><strong>σον</strong></span> <span class='ocrx_word' id='word_1_291' title='bbox 360 2888 507 2944; x_wconf 90' lang='grc' dir='ltr'>λαῶν</span> <span class='ocrx_word' id='word_1_292' title='bbox 544 2891 777 2957; x_wconf 85' lang='grc' dir='ltr'>πολλῶν,</span> <span class='ocrx_word' id='word_1_293' title='bbox 823 2895 917 2947; x_wconf 75' lang='grc' dir='ltr'>καὶ</span> <span class='ocrx_word' id='word_1_294' title='bbox 947 2895 1155 2966; x_wconf 76' lang='grc' dir='ltr'>ἐλέγξει</span> <span class='ocrx_word' id='word_1_295' title='bbox 1195 2898 1322 2951; x_wconf 81' lang='grc' dir='ltr'>λαὸν</span> <span class='ocrx_word' id='word_1_296' title='bbox 1358 2901 1572 2970; x_wconf 77' lang='grc' dir='ltr'>ίσχυρὸν</span> <span class='ocrx_word' id='word_1_297' title='bbox 1601 2901 1706 2965; x_wconf 77' lang='grc' dir='ltr'>ἕως</span> <span class='ocrx_word' id='word_1_298' title='bbox 1739 2902 1818 2965; x_wconf 85' lang='grc' dir='ltr'><strong>εἰς</strong></span> 
     </span>
    </p>
   </div>
   <div class='ocr_carea' id='block_1_44' title="bbox 235 2981 1819 3062">
    <p class='ocr_par' dir='ltr' id='par_1_44' title="bbox 235 2981 1819 3062">
     <span class='ocr_line' id='line_1_44' title="bbox 235 2981 1819 3062; baseline 0.008 -29"><span class='ocrx_word' id='word_1_299' title='bbox 235 2981 478 3052; x_wconf 72' lang='grc' dir='ltr'>μακράνο</span> <span class='ocrx_word' id='word_1_300' title='bbox 515 2983 606 3035; x_wconf 79' lang='grc' dir='ltr'>καὶ</span> <span class='ocrx_word' id='word_1_301' title='bbox 647 2985 1047 3054; x_wconf 73' lang='grc' dir='ltr'>κατακόψουσιν</span> <span class='ocrx_word' id='word_1_302' title='bbox 1079 2989 1178 3052; x_wconf 86' lang='grc' dir='ltr'>τὰς</span> <span class='ocrx_word' id='word_1_303' title='bbox 1219 2990 1492 3062; x_wconf 87' lang='grc' dir='ltr'>μαχαίρας</span> <span class='ocrx_word' id='word_1_304' title='bbox 1524 2990 1703 3045; x_wconf 88' lang='grc' dir='ltr'>αὑτῶν</span> <span class='ocrx_word' id='word_1_305' title='bbox 1738 2993 1819 3056; x_wconf 86' lang='grc' dir='ltr'>εἰς</span> 
     </span>
    </p>
   </div>
   <div class='ocr_carea' id='block_1_45' title="bbox 233 3073 1822 3155">
    <p class='ocr_par' dir='ltr' id='par_1_45' title="bbox 233 3073 1822 3155">
     <span class='ocr_line' id='line_1_45' title="bbox 233 3073 1822 3155; baseline 0.007 -30"><span class='ocrx_word' id='word_1_306' title='bbox 233 3073 464 3145; x_wconf 79' lang='grc' dir='ltr'>ἄροτρα,</span> <span class='ocrx_word' id='word_1_307' title='bbox 510 3074 607 3127; x_wconf 79' lang='grc' dir='ltr'>καὶ</span> <span class='ocrx_word' id='word_1_308' title='bbox 645 3075 743 3140; x_wconf 85' lang='grc' dir='ltr'><strong>τὰς</strong></span> <span class='ocrx_word' id='word_1_309' title='bbox 793 3075 1015 3141; x_wconf 75' lang='grc' dir='ltr'>ζιϐύνας</span> <span class='ocrx_word' id='word_1_310' title='bbox 1061 3081 1240 3135; x_wconf 87' lang='grc' dir='ltr'>αὑτῶν</span> <span class='ocrx_word' id='word_1_311' title='bbox 1273 3084 1353 3146; x_wconf 84' lang='grc' dir='ltr'><strong>είς</strong></span> <span class='ocrx_word' id='word_1_312' title='bbox 1399 3082 1675 3155; x_wconf 75' lang='grc' dir='ltr'>δρέπαναο</span> <span class='ocrx_word' id='word_1_313' title='bbox 1723 3082 1822 3137; x_wconf 73' lang='lat' dir='ltr'><strong>xui.</strong></span> 
     </span>
    </p>
   </div>
   <div class='ocr_carea' id='block_1_46' title="bbox 233 3164 1818 3249">
    <p class='ocr_par' dir='ltr' id='par_1_46' title="bbox 233 3164 1818 3249">
     <span class='ocr_line' id='line_1_46' title="bbox 233 3164 1818 3249; baseline 0.009 -33"><span class='ocrx_word' id='word_1_314' title='bbox 233 3164 420 3218; x_wconf 85' lang='grc' dir='ltr'>οὑκέτι</span> <span class='ocrx_word' id='word_1_315' title='bbox 452 3164 566 3239; x_wconf 77' lang='grc' dir='ltr'><strong>ἄρῃ</strong></span> <span class='ocrx_word' id='word_1_316' title='bbox 593 3165 744 3231; x_wconf 76' lang='grc' dir='ltr'>ἔθνος</span> <span class='ocrx_word' id='word_1_317' title='bbox 777 3169 862 3221; x_wconf 78' lang='grc' dir='ltr'><strong>ἐπ’</strong></span> <span class='ocrx_word' id='word_1_318' title='bbox 891 3169 1044 3236; x_wconf 79' lang='grc' dir='ltr'>ἔθνος</span> <span class='ocrx_word' id='word_1_319' title='bbox 1077 3174 1370 3246; x_wconf 85' lang='grc' dir='ltr'>μάχαιραν,</span> <span class='ocrx_word' id='word_1_320' title='bbox 1402 3174 1496 3228; x_wconf 75' lang='grc' dir='ltr'>καὶ</span> <span class='ocrx_word' id='word_1_321' title='bbox 1524 3176 1710 3228; x_wconf 86' lang='grc' dir='ltr'>οὑκέτι</span> <span class='ocrx_word' id='word_1_322' title='bbox 1739 3177 1818 3249; x_wconf 83' lang='grc' dir='ltr'>μὴ</span> 
     </span>
    </p>
   </div>
   <div class='ocr_carea' id='block_1_47' title="bbox 235 3254 1819 3338">
    <p class='ocr_par' dir='ltr' id='par_1_47' title="bbox 235 3254 1819 3338">
     <span class='ocr_line' id='line_1_47' title="bbox 235 3254 1819 3338; baseline 0.009 -31"><span class='ocrx_word' id='word_1_323' title='bbox 235 3254 452 3326; x_wconf 69' lang='grc' dir='ltr'>μάθωσι</span> <span class='ocrx_word' id='word_1_324' title='bbox 486 3256 762 3328; x_wconf 86' lang='grc' dir='ltr'>πολεμεῖν.</span> <span class='ocrx_word' id='word_1_325' title='bbox 800 3279 817 3311; x_wconf 75' lang='grc' dir='ltr'><strong>ι</strong></span> <span class='ocrx_word' id='word_1_326' title='bbox 869 3261 1054 3315; x_wconf 80' lang='grc' dir='ltr'>Εἰπὼν</span> <span class='ocrx_word' id='word_1_327' title='bbox 1097 3266 1126 3318; x_wconf 88' lang='grc' dir='ltr'>ὁ</span> <span class='ocrx_word' id='word_1_328' title='bbox 1167 3264 1322 3334; x_wconf 86' lang='grc' dir='ltr'>λόγος</span> <span class='ocrx_word' id='word_1_329' title='bbox 1353 3266 1430 3331; x_wconf 85' lang='grc' dir='ltr'>ὼς</span> <span class='ocrx_word' id='word_1_330' title='bbox 1463 3265 1572 3338; x_wconf 84' lang='grc' dir='ltr'>ἄρα</span> <span class='ocrx_word' id='word_1_331' title='bbox 1602 3266 1688 3320; x_wconf 82' lang='grc' dir='ltr'><strong>διὰ</strong></span> <span class='ocrx_word' id='word_1_332' title='bbox 1720 3267 1819 3332; x_wconf 71' lang='grc' dir='ltr'>τὰς</span> 
     </span>
    </p>
   </div>
   <div class='ocr_carea' id='block_1_48' title="bbox 1923 3254 3586 3338">
    <p class='ocr_par' dir='ltr' id='par_1_48' title="bbox 1923 3257 3586 3330">
     <span class='ocr_line' id='line_1_48' title="bbox 1923 3257 3586 3330; baseline -0.001 -17"><span class='ocrx_word' id='word_1_333' title='bbox 1923 3257 2106 3328; x_wconf 89' lang='lat' dir='ltr'><strong>populi</strong></span> <span class='ocrx_word' id='word_1_334' title='bbox 2133 3257 2454 3329; x_wconf 86' lang='lat' dir='ltr'><strong>iniquitates</strong></span> <span class='ocrx_word' id='word_1_335' title='bbox 2492 3278 2510 3312; x_wconf 75' lang='grc' dir='ltr'><strong>ι</strong></span> <span class='ocrx_word' id='word_1_336' title='bbox 2542 3275 2700 3314; x_wconf 91' lang='lat' dir='ltr'><strong>mons</strong></span> <span class='ocrx_word' id='word_1_337' title='bbox 2726 3257 2857 3314; x_wconf 81' lang='lat' dir='ltr'><strong>Sion</strong></span> <span class='ocrx_word' id='word_1_338' title='bbox 2885 3259 3043 3330; x_wconf 85' lang='lat' dir='ltr'><strong>quasi</strong></span> <span class='ocrx_word' id='word_1_339' title='bbox 3070 3275 3198 3330; x_wconf 89' lang='lat' dir='ltr'><strong>ager</strong></span> <span class='ocrx_word' id='word_1_340' title='bbox 3225 3259 3492 3324; x_wconf 87' lang='lat' dir='ltr'><strong>arabitur,</strong></span> <span class='ocrx_word' id='word_1_341' title='bbox 3583 3267 3586 3270; x_wconf 86' lang='lat'>&#39;</span> 
     </span>
    </p>
   </div>
   <div class='ocr_carea' id='block_1_49' title="bbox 232 3347 1819 3430">
    <p class='ocr_par' dir='ltr' id='par_1_49' title="bbox 232 3347 1819 3430">
     <span class='ocr_line' id='line_1_49' title="bbox 232 3347 1819 3430; baseline 0.007 -30"><span class='ocrx_word' id='word_1_342' title='bbox 232 3347 550 3414; x_wconf 67' lang='grc' dir='ltr'>δυσσεϐείας</span> <span class='ocrx_word' id='word_1_343' title='bbox 573 3350 666 3404; x_wconf 89' lang='grc' dir='ltr'><strong>τοῦ</strong></span> <span class='ocrx_word' id='word_1_344' title='bbox 710 3352 978 3407; x_wconf 87' lang='grc' dir='ltr'>Ἰουδαίων</span> <span class='ocrx_word' id='word_1_345' title='bbox 1001 3355 1130 3410; x_wconf 84' lang='grc' dir='ltr'>λαοῦ</span> <span class='ocrx_word' id='word_1_346' title='bbox 1161 3357 1220 3410; x_wconf 84' lang='grc' dir='ltr'>τὸ</span> <span class='ocrx_word' id='word_1_347' title='bbox 1257 3358 1355 3429; x_wconf 86' lang='grc' dir='ltr'>μὲν</span> <span class='ocrx_word' id='word_1_348' title='bbox 1383 3378 1401 3410; x_wconf 73' lang='grc' dir='ltr'><strong>ι</strong></span> <span class='ocrx_word' id='word_1_349' title='bbox 1435 3357 1573 3412; x_wconf 87' lang='grc' dir='ltr'>Σιὼν</span> <span class='ocrx_word' id='word_1_350' title='bbox 1594 3359 1718 3430; x_wconf 77' lang='grc' dir='ltr'>ὅρος</span> <span class='ocrx_word' id='word_1_351' title='bbox 1743 3359 1819 3422; x_wconf 84' lang='grc' dir='ltr'><strong>ὡς</strong></span> 
     </span>
    </p>
   </div>
   <div class='ocr_carea' id='block_1_50' title="bbox 233 3441 1819 3522">
    <p class='ocr_par' dir='ltr' id='par_1_50' title="bbox 233 3441 1819 3522">
     <span class='ocr_line' id='line_1_50' title="bbox 233 3441 1819 3522; baseline 0.007 -28"><span class='ocrx_word' id='word_1_352' title='bbox 233 3441 407 3510; x_wconf 80' lang='grc' dir='ltr'>ἀγρὸς</span> <span class='ocrx_word' id='word_1_353' title='bbox 449 3443 927 3517; x_wconf 84' lang='grc' dir='ltr'>ἀροτριαθήσεται,</span> <span class='ocrx_word' id='word_1_354' title='bbox 971 3466 990 3498; x_wconf 71' lang='grc' dir='ltr'><strong>ι</strong></span> <span class='ocrx_word' id='word_1_355' title='bbox 1016 3451 1050 3520; x_wconf 81' lang='grc' dir='ltr'>ή</span> <span class='ocrx_word' id='word_1_356' title='bbox 1077 3449 1134 3502; x_wconf 82' lang='grc' dir='ltr'>δὲ</span> <span class='ocrx_word' id='word_1_357' title='bbox 1167 3450 1430 3522; x_wconf 89' lang='grc' dir='ltr'>πρότερον</span> <span class='ocrx_word' id='word_1_358' title='bbox 1456 3450 1819 3521; x_wconf 83' lang='grc' dir='ltr'>νενομισμένη</span> 
     </span>
    </p>
   </div>
   <div class='ocr_carea' id='block_1_51' title="bbox 232 3534 1813 3613">
    <p class='ocr_par' dir='ltr' id='par_1_51' title="bbox 232 3534 1813 3613">
     <span class='ocr_line' id='line_1_51' title="bbox 232 3534 1813 3613; baseline 0.006 -28"><span class='ocrx_word' id='word_1_359' title='bbox 232 3534 394 3598; x_wconf 80' lang='grc' dir='ltr'>πόλις</span> <span class='ocrx_word' id='word_1_360' title='bbox 419 3535 548 3604; x_wconf 84' lang='grc' dir='ltr'>ἁγία</span> <span class='ocrx_word' id='word_1_361' title='bbox 577 3554 595 3588; x_wconf 80' lang='grc' dir='ltr'><strong>ι</strong></span> <span class='ocrx_word' id='word_1_362' title='bbox 641 3537 998 3610; x_wconf 80' lang='grc' dir='ltr'>Ἰερουσαλὴμ</span> <span class='ocrx_word' id='word_1_363' title='bbox 1027 3540 1102 3605; x_wconf 84' lang='grc' dir='ltr'>ὡς</span> <span class='ocrx_word' id='word_1_364' title='bbox 1123 3543 1569 3613; x_wconf 83' lang='grc' dir='ltr'>ὀπωροφυλάκιον</span> <span class='ocrx_word' id='word_1_365' title='bbox 1592 3542 1766 3608; x_wconf 78' lang='grc' dir='ltr'>ἔσται,</span> <span class='ocrx_word' id='word_1_366' title='bbox 1795 3562 1813 3594; x_wconf 75' lang='grc' dir='ltr'><strong>ι</strong></span> 
     </span>
    </p>
   </div>
   <div class='ocr_carea' id='block_1_52' title="bbox 233 3626 1820 3707">
    <p class='ocr_par' dir='ltr' id='par_1_52' title="bbox 233 3626 1820 3707">
     <span class='ocr_line' id='line_1_52' title="bbox 233 3626 1820 3707; baseline 0.006 -27"><span class='ocrx_word' id='word_1_367' title='bbox 233 3626 364 3698; x_wconf 69' lang='grc' dir='ltr'><strong>ἑξῆς</strong></span> <span class='ocrx_word' id='word_1_368' title='bbox 396 3629 728 3700; x_wconf 79' lang='grc' dir='ltr'>προφητεύει</span> <span class='ocrx_word' id='word_1_369' title='bbox 753 3635 881 3703; x_wconf 79' lang='grc' dir='ltr'>περὶ</span> <span class='ocrx_word' id='word_1_370' title='bbox 909 3633 1097 3704; x_wconf 81' lang='grc' dir='ltr'>ἑτέρου</span> <span class='ocrx_word' id='word_1_371' title='bbox 1122 3634 1282 3705; x_wconf 74' lang='grc' dir='ltr'>ὅρους</span> <span class='ocrx_word' id='word_1_372' title='bbox 1311 3636 1536 3705; x_wconf 87' lang='grc' dir='ltr'>Κυρίου,</span> <span class='ocrx_word' id='word_1_373' title='bbox 1565 3637 1703 3707; x_wconf 81' lang='grc' dir='ltr'>ὅπερ</span> <span class='ocrx_word' id='word_1_374' title='bbox 1728 3636 1820 3688; x_wconf 76' lang='grc' dir='ltr'><strong>ἐπὶ</strong></span> 
     </span>
    </p>
   </div>
   <div class='ocr_carea' id='block_1_53' title="bbox 232 3720 1818 3802">
    <p class='ocr_par' dir='ltr' id='par_1_53' title="bbox 232 3720 1818 3802">
     <span class='ocr_line' id='line_1_53' title="bbox 232 3720 1818 3802; baseline 0.008 -29"><span class='ocrx_word' id='word_1_375' title='bbox 232 3720 330 3774; x_wconf 89' lang='grc' dir='ltr'><strong>τοῦ</strong></span> <span class='ocrx_word' id='word_1_376' title='bbox 365 3722 462 3792; x_wconf 83' lang='grc' dir='ltr'>τῆς</span> <span class='ocrx_word' id='word_1_377' title='bbox 503 3724 837 3794; x_wconf 68' lang='grc' dir='ltr'>προφητείας</span> <span class='ocrx_word' id='word_1_378' title='bbox 869 3725 1060 3797; x_wconf 78' lang='grc' dir='ltr'>καιροῦ</span> <span class='ocrx_word' id='word_1_379' title='bbox 1100 3728 1418 3798; x_wconf 78' lang='grc' dir='ltr'>ὑφειστήκει</span> <span class='ocrx_word' id='word_1_380' title='bbox 1463 3730 1580 3800; x_wconf 85' lang='grc' dir='ltr'>μὲν,</span> <span class='ocrx_word' id='word_1_381' title='bbox 1619 3732 1680 3784; x_wconf 84' lang='grc' dir='ltr'><strong>οὑ</strong></span> <span class='ocrx_word' id='word_1_382' title='bbox 1714 3732 1818 3802; x_wconf 74' lang='grc' dir='ltr'>μὴν</span> 
     </span>
    </p>
   </div>
   <div class='ocr_carea' id='block_1_54' title="bbox 232 3815 1820 3894">
    <p class='ocr_par' dir='ltr' id='par_1_54' title="bbox 232 3815 1820 3894">
     <span class='ocr_line' id='line_1_54' title="bbox 232 3815 1820 3894; baseline 0.006 -27"><span class='ocrx_word' id='word_1_383' title='bbox 232 3816 330 3868; x_wconf 76' lang='grc' dir='ltr'>καὶ</span> <span class='ocrx_word' id='word_1_384' title='bbox 358 3815 598 3886; x_wconf 76' lang='grc' dir='ltr'>ἐμφανὲς</span> <span class='ocrx_word' id='word_1_385' title='bbox 626 3819 737 3882; x_wconf 87' lang='grc' dir='ltr'>τοῖς</span> <span class='ocrx_word' id='word_1_386' title='bbox 776 3817 1024 3887; x_wconf 80' lang='grc' dir='ltr'>τυχοῦσιν</span> <span class='ocrx_word' id='word_1_387' title='bbox 1065 3819 1332 3892; x_wconf 82' lang='grc' dir='ltr'>ὑπῆρχεν,</span> <span class='ocrx_word' id='word_1_388' title='bbox 1373 3821 1448 3886; x_wconf 85' lang='grc' dir='ltr'>ὡς</span> <span class='ocrx_word' id='word_1_389' title='bbox 1486 3825 1572 3876; x_wconf 77' lang='grc' dir='ltr'><strong>ἐπ’</strong></span> <span class='ocrx_word' id='word_1_390' title='bbox 1607 3824 1820 3894; x_wconf 81' lang='grc' dir='ltr'>ἐσχάτῳ</span> 
     </span>
    </p>
   </div>
   <div class='ocr_carea' id='block_1_55' title="bbox 231 3907 1820 3985">
    <p class='ocr_par' dir='ltr' id='par_1_55' title="bbox 231 3907 1820 3985">
     <span class='ocr_line' id='line_1_55' title="bbox 231 3907 1820 3985; baseline 0.006 -26"><span class='ocrx_word' id='word_1_391' title='bbox 231 3907 344 3960; x_wconf 86' lang='grc' dir='ltr'><strong>τῶν</strong></span> <span class='ocrx_word' id='word_1_392' title='bbox 385 3907 612 3980; x_wconf 81' lang='grc' dir='ltr'>ἡμερῶν</span> <span class='ocrx_word' id='word_1_393' title='bbox 658 3909 1141 3982; x_wconf 80' lang='grc' dir='ltr'>ἀναφανησομένου</span> <span class='ocrx_word' id='word_1_394' title='bbox 1184 3912 1439 3984; x_wconf 77' lang='grc' dir='ltr'>ὑπεράνω</span> <span class='ocrx_word' id='word_1_395' title='bbox 1467 3931 1526 3966; x_wconf 85' lang='grc' dir='ltr'><strong>τε</strong></span> <span class='ocrx_word' id='word_1_396' title='bbox 1557 3915 1664 3968; x_wconf 86' lang='grc' dir='ltr'><strong>τῶν</strong></span> <span class='ocrx_word' id='word_1_397' title='bbox 1701 3915 1820 3985; x_wconf 82' lang='grc' dir='ltr'>βου-</span> 
     </span>
    </p>
   </div>
   <div class='ocr_carea' id='block_1_56' title="bbox 231 3993 1817 4074">
    <p class='ocr_par' dir='ltr' id='par_1_56' title="bbox 231 3993 1817 4074">
     <span class='ocr_line' id='line_1_56' title="bbox 231 3993 1817 4074; baseline 0.006 -24"><span class='ocrx_word' id='word_1_398' title='bbox 231 3998 344 4051; x_wconf 85' lang='grc' dir='ltr'><strong>νῶν</strong></span> <span class='ocrx_word' id='word_1_399' title='bbox 379 4001 473 4052; x_wconf 71' lang='grc' dir='ltr'>καὶ</span> <span class='ocrx_word' id='word_1_400' title='bbox 498 4000 606 4053; x_wconf 85' lang='grc' dir='ltr'><strong>τῶν</strong></span> <span class='ocrx_word' id='word_1_401' title='bbox 635 4000 806 4072; x_wconf 80' lang='grc' dir='ltr'>ὀρέων</span> <span class='ocrx_word' id='word_1_402' title='bbox 839 3993 1432 4074; x_wconf 70' lang='grc' dir='ltr'>μετεῖορισθησομένου·</span> <span class='ocrx_word' id='word_1_403' title='bbox 1460 4007 1551 4058; x_wconf 76' lang='grc' dir='ltr'><strong>ἐπὶ</strong></span> <span class='ocrx_word' id='word_1_404' title='bbox 1580 4005 1738 4060; x_wconf 83' lang='grc' dir='ltr'>τοῦτο</span> <span class='ocrx_word' id='word_1_405' title='bbox 1762 4007 1817 4060; x_wconf 85' lang='grc' dir='ltr'>δὲ</span> 
     </span>
    </p>
   </div>
   <div class='ocr_carea' id='block_1_57' title="bbox 231 4089 1818 4167">
    <p class='ocr_par' dir='ltr' id='par_1_57' title="bbox 231 4089 1818 4167">
     <span class='ocr_line' id='line_1_57' title="bbox 231 4089 1818 4167; baseline 0.005 -24"><span class='ocrx_word' id='word_1_406' title='bbox 231 4089 296 4144; x_wconf 78' lang='grc' dir='ltr'>τὸ</span> <span class='ocrx_word' id='word_1_407' title='bbox 321 4092 504 4144; x_wconf 80' lang='grc' dir='ltr'>καινὸν</span> <span class='ocrx_word' id='word_1_408' title='bbox 531 4091 655 4163; x_wconf 77' lang='grc' dir='ltr'>ὅρος</span> <span class='ocrx_word' id='word_1_409' title='bbox 689 4092 839 4164; x_wconf 75' lang='grc' dir='ltr'>ἥξειν</span> <span class='ocrx_word' id='word_1_410' title='bbox 873 4094 902 4146; x_wconf 85' lang='grc' dir='ltr'><strong>ό</strong></span> <span class='ocrx_word' id='word_1_411' title='bbox 929 4093 1083 4163; x_wconf 89' lang='grc' dir='ltr'>λόγος</span> <span class='ocrx_word' id='word_1_412' title='bbox 1113 4097 1494 4167; x_wconf 87' lang='grc' dir='ltr'>προαγορεύει,</span> <span class='ocrx_word' id='word_1_413' title='bbox 1521 4098 1702 4152; x_wconf 83' lang='grc' dir='ltr'>οὑκέτι</span> <span class='ocrx_word' id='word_1_414' title='bbox 1727 4100 1818 4152; x_wconf 85' lang='grc' dir='ltr'>τὸν</span> 
     </span>
    </p>
   </div>
   <div class='ocr_carea' id='block_1_58' title="bbox 245 4183 1817 4259">
    <p class='ocr_par' dir='ltr' id='par_1_58' title="bbox 245 4183 1817 4259">
     <span class='ocr_line' id='line_1_58' title="bbox 245 4183 1817 4259; baseline 0.006 -24"><span class='ocrx_word' id='word_1_415' title='bbox 245 4183 468 4254; x_wconf 78' lang='grc' dir='ltr'>Ἰσραὴλ</span> <span class='ocrx_word' id='word_1_416' title='bbox 496 4185 721 4248; x_wconf 76' lang='grc' dir='ltr'>ἐκεῖνον,</span> <span class='ocrx_word' id='word_1_417' title='bbox 753 4185 913 4249; x_wconf 79' lang='grc' dir='ltr'>λαοὺς</span> <span class='ocrx_word' id='word_1_418' title='bbox 940 4185 995 4238; x_wconf 82' lang='grc' dir='ltr'>δὲ</span> <span class='ocrx_word' id='word_1_419' title='bbox 1030 4189 1123 4240; x_wconf 75' lang='grc' dir='ltr'><strong>καὶ</strong></span> <span class='ocrx_word' id='word_1_420' title='bbox 1157 4187 1282 4258; x_wconf 78' lang='grc' dir='ltr'>ἔθνη</span> <span class='ocrx_word' id='word_1_421' title='bbox 1317 4189 1488 4242; x_wconf 79' lang='grc' dir='ltr'>πολλὰ</span> <span class='ocrx_word' id='word_1_422' title='bbox 1521 4190 1817 4259; x_wconf 76' lang='grc' dir='ltr'>φάσκοντα,</span> 
     </span>
    </p>
   </div>
   <div class='ocr_carea' id='block_1_59' title="bbox 238 4271 1817 4352">
    <p class='ocr_par' dir='ltr' id='par_1_59' title="bbox 238 4271 1817 4352">
     <span class='ocr_line' id='line_1_59' title="bbox 238 4271 1817 4352; baseline 0.008 -29"><span class='ocrx_word' id='word_1_423' title='bbox 238 4290 256 4323; x_wconf 74' lang='grc' dir='ltr'><strong>ι</strong></span> <span class='ocrx_word' id='word_1_424' title='bbox 292 4271 458 4325; x_wconf 87' lang='grc' dir='ltr'>Δεῦτε</span> <span class='ocrx_word' id='word_1_425' title='bbox 495 4274 588 4327; x_wconf 74' lang='grc' dir='ltr'>καὶ</span> <span class='ocrx_word' id='word_1_426' title='bbox 627 4274 917 4347; x_wconf 75' lang='grc' dir='ltr'>ἀναδῶμεν</span> <span class='ocrx_word' id='word_1_427' title='bbox 948 4279 1028 4339; x_wconf 82' lang='grc' dir='ltr'><strong>εἰς</strong></span> <span class='ocrx_word' id='word_1_428' title='bbox 1063 4277 1123 4330; x_wconf 78' lang='grc' dir='ltr'>τὸ</span> <span class='ocrx_word' id='word_1_429' title='bbox 1151 4279 1275 4349; x_wconf 79' lang='grc' dir='ltr'>ὅρος</span> <span class='ocrx_word' id='word_1_430' title='bbox 1315 4280 1539 4352; x_wconf 85' lang='grc' dir='ltr'>Κυρίου·</span> <span class='ocrx_word' id='word_1_431' title='bbox 1584 4303 1602 4333; x_wconf 75' lang='grc' dir='ltr'><strong>ι</strong></span> <span class='ocrx_word' id='word_1_432' title='bbox 1637 4285 1730 4336; x_wconf 77' lang='grc' dir='ltr'>καὶ</span> <span class='ocrx_word' id='word_1_433' title='bbox 1757 4283 1817 4335; x_wconf 83' lang='grc' dir='ltr'>οὑ</span> 
     </span>
    </p>
   </div>
   <div class='ocr_carea' id='block_1_60' title="bbox 236 4365 1817 4440">
    <p class='ocr_par' dir='ltr' id='par_1_60' title="bbox 236 4365 1817 4440">
     <span class='ocr_line' id='line_1_60' title="bbox 236 4365 1817 4440; baseline 0.006 -21"><span class='ocrx_word' id='word_1_434' title='bbox 236 4365 400 4436; x_wconf 85' lang='grc' dir='ltr'>μόνον</span> <span class='ocrx_word' id='word_1_435' title='bbox 431 4367 512 4429; x_wconf 80' lang='grc' dir='ltr'><strong>είς</strong></span> <span class='ocrx_word' id='word_1_436' title='bbox 541 4365 603 4420; x_wconf 77' lang='grc' dir='ltr'><strong>τὸ</strong></span> <span class='ocrx_word' id='word_1_437' title='bbox 626 4367 749 4438; x_wconf 83' lang='grc' dir='ltr'>δρος</span> <span class='ocrx_word' id='word_1_438' title='bbox 775 4369 1001 4440; x_wconf 83' lang='grc' dir='ltr'>Κυρίου,</span> <span class='ocrx_word' id='word_1_439' title='bbox 1033 4369 1167 4423; x_wconf 71' lang='grc' dir='ltr'>ἀλλὰ</span> <span class='ocrx_word' id='word_1_440' title='bbox 1202 4373 1295 4424; x_wconf 79' lang='grc' dir='ltr'>καὶ</span> <span class='ocrx_word' id='word_1_441' title='bbox 1329 4375 1408 4436; x_wconf 85' lang='grc' dir='ltr'><strong>εἰς</strong></span> <span class='ocrx_word' id='word_1_442' title='bbox 1437 4373 1527 4426; x_wconf 82' lang='grc' dir='ltr'>τὸν</span> <span class='ocrx_word' id='word_1_443' title='bbox 1551 4370 1697 4428; x_wconf 79' lang='grc' dir='ltr'>οἷκον</span> <span class='ocrx_word' id='word_1_444' title='bbox 1725 4375 1817 4428; x_wconf 89' lang='grc' dir='ltr'><strong>τοῦ</strong></span> 
     </span>
    </p>
   </div>
   <div class='ocr_carea' id='block_1_61' title="bbox 233 4457 1820 4536">
    <p class='ocr_par' dir='ltr' id='par_1_61' title="bbox 233 4457 1820 4536">
     <span class='ocr_line' id='line_1_61' title="bbox 233 4457 1820 4536; baseline 0.006 -24"><span class='ocrx_word' id='word_1_445' title='bbox 233 4457 373 4513; x_wconf 87' lang='grc' dir='ltr'>Θεοῦ</span> <span class='ocrx_word' id='word_1_446' title='bbox 421 4457 630 4525; x_wconf 79' lang='grc' dir='ltr'>Ἰακὼϐ,</span> <span class='ocrx_word' id='word_1_447' title='bbox 660 4459 846 4533; x_wconf 82' lang='grc' dir='ltr'>ἓτερον</span> <span class='ocrx_word' id='word_1_448' title='bbox 869 4462 999 4517; x_wconf 75' lang='grc' dir='ltr'>ὄντα</span> <span class='ocrx_word' id='word_1_449' title='bbox 1034 4463 1194 4535; x_wconf 80' lang='grc' dir='ltr'>δῆλον</span> <span class='ocrx_word' id='word_1_450' title='bbox 1218 4465 1298 4517; x_wconf 81' lang='grc' dir='ltr'>ὅτι</span> <span class='ocrx_word' id='word_1_451' title='bbox 1330 4465 1483 4536; x_wconf 88' lang='grc' dir='ltr'><strong>παρά</strong></span> <span class='ocrx_word' id='word_1_452' title='bbox 1513 4467 1603 4520; x_wconf 81' lang='grc' dir='ltr'>τὸν</span> <span class='ocrx_word' id='word_1_453' title='bbox 1638 4469 1693 4521; x_wconf 81' lang='grc' dir='ltr'>ὲν</span> <span class='ocrx_word' id='word_1_454' title='bbox 1725 4468 1820 4521; x_wconf 89' lang='grc' dir='ltr'><strong>Ὶε-</strong></span> 
     </span>
    </p>
   </div>
   <div class='ocr_carea' id='block_1_62' title="bbox 236 4551 1818 4629">
    <p class='ocr_par' dir='ltr' id='par_1_62' title="bbox 236 4551 1818 4629">
     <span class='ocr_line' id='line_1_62' title="bbox 236 4551 1818 4629; baseline 0.006 -26"><span class='ocrx_word' id='word_1_455' title='bbox 236 4551 538 4624; x_wconf 81' lang='grc' dir='ltr'>ρουσαλήμ·</span> <span class='ocrx_word' id='word_1_456' title='bbox 573 4551 777 4624; x_wconf 81' lang='grc' dir='ltr'>ταύτην</span> <span class='ocrx_word' id='word_1_457' title='bbox 811 4553 919 4626; x_wconf 85' lang='grc' dir='ltr'>γὰρ</span> <span class='ocrx_word' id='word_1_458' title='bbox 951 4555 1328 4626; x_wconf 81' lang='grc' dir='ltr'>ἐρημωθεῖσαν</span> <span class='ocrx_word' id='word_1_459' title='bbox 1361 4556 1436 4620; x_wconf 86' lang='grc' dir='ltr'>ὡς</span> <span class='ocrx_word' id='word_1_460' title='bbox 1466 4557 1818 4629; x_wconf 75' lang='grc' dir='ltr'>ὀπωροφύλα-</span> 
     </span>
    </p>
   </div>
   <div class='ocr_carea' id='block_1_63' title="bbox 159 4642 1817 4720">
    <p class='ocr_par' dir='ltr' id='par_1_63' title="bbox 159 4642 1817 4720">
     <span class='ocr_line' id='line_1_63' title="bbox 159 4642 1817 4720; baseline 0.005 -25"><span class='ocrx_word' id='word_1_461' title='bbox 159 4687 164 4694; x_wconf 95' lang='grc'><em>.</em></span> <span class='ocrx_word' id='word_1_462' title='bbox 232 4660 354 4697; x_wconf 85' lang='grc' dir='ltr'>κιον</span> <span class='ocrx_word' id='word_1_463' title='bbox 384 4642 605 4698; x_wconf 78' lang='grc' dir='ltr'>ἔσεσθαι</span> <span class='ocrx_word' id='word_1_464' title='bbox 643 4646 823 4718; x_wconf 81' lang='grc' dir='ltr'>μικρῷ</span> <span class='ocrx_word' id='word_1_465' title='bbox 867 4645 1104 4718; x_wconf 87' lang='grc' dir='ltr'>πρόσθεν</span> <span class='ocrx_word' id='word_1_466' title='bbox 1147 4649 1380 4720; x_wconf 74' lang='grc' dir='ltr'><strong>εἰρήκει⁹</strong></span> <span class='ocrx_word' id='word_1_467' title='bbox 1418 4650 1725 4714; x_wconf 82' lang='grc' dir='ltr'>ἀκολούθως</span> <span class='ocrx_word' id='word_1_468' title='bbox 1761 4650 1817 4704; x_wconf 85' lang='grc' dir='ltr'>δὲ</span> 
     </span>
    </p>
   </div>
   <div class='ocr_carea' id='block_1_64' title="bbox 232 4735 1820 4814">
    <p class='ocr_par' dir='ltr' id='par_1_64' title="bbox 232 4735 1820 4814">
     <span class='ocr_line' id='line_1_64' title="bbox 232 4735 1820 4814; baseline 0.004 -26"><span class='ocrx_word' id='word_1_469' title='bbox 232 4735 314 4807; x_wconf 84' lang='grc' dir='ltr'><strong>τῷ</strong></span> <span class='ocrx_word' id='word_1_470' title='bbox 343 4736 408 4789; x_wconf 87' lang='grc' dir='ltr'>τὸ</span> <span class='ocrx_word' id='word_1_471' title='bbox 436 4735 574 4790; x_wconf 89' lang='grc' dir='ltr'>Σιὼν</span> <span class='ocrx_word' id='word_1_472' title='bbox 610 4737 735 4809; x_wconf 81' lang='grc' dir='ltr'>ὅρος</span> <span class='ocrx_word' id='word_1_473' title='bbox 777 4737 872 4792; x_wconf 72' lang='grc' dir='ltr'>καὶ</span> <span class='ocrx_word' id='word_1_474' title='bbox 912 4736 1010 4810; x_wconf 82' lang='grc' dir='ltr'>τὴν</span> <span class='ocrx_word' id='word_1_475' title='bbox 1072 4735 1423 4812; x_wconf 84' lang='grc' dir='ltr'>Ἰερουσαλὴμ</span> <span class='ocrx_word' id='word_1_476' title='bbox 1461 4741 1820 4814; x_wconf 75' lang='grc' dir='ltr'>ἐρημωθήσε-</span> 
     </span>
    </p>
   </div>
   <div class='ocr_carea' id='block_1_65' title="bbox 233 4830 1821 4906">
    <p class='ocr_par' dir='ltr' id='par_1_65' title="bbox 233 4830 1821 4906">
     <span class='ocr_line' id='line_1_65' title="bbox 233 4830 1821 4906; baseline 0.004 -24"><span class='ocrx_word' id='word_1_477' title='bbox 233 4830 382 4896; x_wconf 92' lang='grc' dir='ltr'>σθαι,</span> <span class='ocrx_word' id='word_1_478' title='bbox 432 4830 594 4903; x_wconf 77' lang='grc' dir='ltr'>ἔτερα</span> <span class='ocrx_word' id='word_1_479' title='bbox 639 4831 683 4884; x_wconf 89' lang='grc' dir='ltr'>δ’</span> <span class='ocrx_word' id='word_1_480' title='bbox 724 4831 845 4885; x_wconf 78' lang='grc' dir='ltr'>ἀντὶ</span> <span class='ocrx_word' id='word_1_481' title='bbox 885 4831 1088 4884; x_wconf 88' lang='grc' dir='ltr'>τούτων</span> <span class='ocrx_word' id='word_1_482' title='bbox 1133 4831 1485 4904; x_wconf 78' lang='grc' dir='ltr'>ὀφθήσεσθαι,</span> <span class='ocrx_word' id='word_1_483' title='bbox 1530 4835 1622 4888; x_wconf 74' lang='grc' dir='ltr'>καὶ</span> <span class='ocrx_word' id='word_1_484' title='bbox 1658 4834 1821 4906; x_wconf 86' lang='grc' dir='ltr'>νόμος</span> 
     </span>
    </p>
   </div>
   <div class='ocr_carea' id='block_1_66' title="bbox 232 4922 1820 4998">
    <p class='ocr_par' dir='ltr' id='par_1_66' title="bbox 232 4922 1820 4998">
     <span class='ocr_line' id='line_1_66' title="bbox 232 4922 1820 4998; baseline 0.003 -22"><span class='ocrx_word' id='word_1_485' title='bbox 232 4923 420 4994; x_wconf 75' lang='grc' dir='ltr'>ἔτερος</span> <span class='ocrx_word' id='word_1_486' title='bbox 441 4923 589 4995; x_wconf 84' lang='grc' dir='ltr'><strong>παρά</strong></span> <span class='ocrx_word' id='word_1_487' title='bbox 617 4922 710 4976; x_wconf 91' lang='grc' dir='ltr'><strong>τοῦ</strong></span> <span class='ocrx_word' id='word_1_488' title='bbox 737 4923 1015 4987; x_wconf 82' lang='grc' dir='ltr'>Μωὺσέως</span> <span class='ocrx_word' id='word_1_489' title='bbox 1035 4922 1092 4989; x_wconf 79' lang='grc' dir='ltr'><strong>ἐξ</strong></span> <span class='ocrx_word' id='word_1_490' title='bbox 1119 4924 1279 4994; x_wconf 78' lang='grc' dir='ltr'>ὅρους</span> <span class='ocrx_word' id='word_1_491' title='bbox 1312 4925 1511 4998; x_wconf 75' lang='grc' dir='ltr'>Χωρήὸ</span> <span class='ocrx_word' id='word_1_492' title='bbox 1543 4926 1820 4998; x_wconf 81' lang='grc' dir='ltr'>δεδομένος</span> 
     </span>
    </p>
   </div>
   <div class='ocr_carea' id='block_1_67' title="bbox 233 5011 1820 5090">
    <p class='ocr_par' dir='ltr' id='par_1_67' title="bbox 233 5011 1820 5090">
     <span class='ocr_line' id='line_1_67' title="bbox 233 5011 1820 5090; baseline 0.004 -24"><span class='ocrx_word' id='word_1_493' title='bbox 233 5011 615 5078; x_wconf 71' lang='grc' dir='ltr'>ἐξελεύσεσθαι</span> <span class='ocrx_word' id='word_1_494' title='bbox 667 5017 732 5067; x_wconf 83' lang='grc' dir='ltr'>ὲκ</span> <span class='ocrx_word' id='word_1_495' title='bbox 780 5013 874 5068; x_wconf 88' lang='grc' dir='ltr'><strong>τοῦ</strong></span> <span class='ocrx_word' id='word_1_496' title='bbox 921 5015 1110 5068; x_wconf 89' lang='grc' dir='ltr'>καινοῦ</span> <span class='ocrx_word' id='word_1_497' title='bbox 1157 5015 1340 5086; x_wconf 75' lang='grc' dir='ltr'>ὄρους,</span> <span class='ocrx_word' id='word_1_498' title='bbox 1387 5017 1691 5088; x_wconf 80' lang='grc' dir='ltr'>ὁμωνύμως</span> <span class='ocrx_word' id='word_1_499' title='bbox 1742 5019 1820 5090; x_wconf 82' lang='grc' dir='ltr'>τῷ</span> 
     </span>
    </p>
   </div>
   <div class='ocr_carea' id='block_1_68' title="bbox 235 5104 1821 5178">
    <p class='ocr_par' dir='ltr' id='par_1_68' title="bbox 235 5104 1821 5178">
     <span class='ocr_line' id='line_1_68' title="bbox 235 5104 1821 5178; baseline 0.001 -17"><span class='ocrx_word' id='word_1_500' title='bbox 235 5106 490 5178; x_wconf 82' lang='grc' dir='ltr'>προτέρῳ</span> <span class='ocrx_word' id='word_1_501' title='bbox 523 5105 662 5160; x_wconf 85' lang='grc' dir='ltr'>Σιὼν</span> <span class='ocrx_word' id='word_1_502' title='bbox 691 5107 786 5160; x_wconf 78' lang='grc' dir='ltr'>καὶ</span> <span class='ocrx_word' id='word_1_503' title='bbox 816 5104 984 5160; x_wconf 88' lang='grc' dir='ltr'>αὑτοῦ</span> <span class='ocrx_word' id='word_1_504' title='bbox 1019 5105 1443 5178; x_wconf 80' lang='grc' dir='ltr'>ὀνομαζομένου,</span> <span class='ocrx_word' id='word_1_505' title='bbox 1479 5107 1712 5177; x_wconf 83' lang='grc' dir='ltr'>λέγεται·</span> <span class='ocrx_word' id='word_1_506' title='bbox 1742 5110 1821 5164; x_wconf 77' lang='grc' dir='ltr'>ἔτι</span> 
     </span>
    </p>
   </div>
   <div class='ocr_carea' id='block_1_69' title="bbox 233 5197 1820 5274">
    <p class='ocr_par' dir='ltr' id='par_1_69' title="bbox 233 5197 1820 5274">
     <span class='ocr_line' id='line_1_69' title="bbox 233 5197 1820 5274; baseline 0.001 -21"><span class='ocrx_word' id='word_1_507' title='bbox 233 5199 292 5253; x_wconf 85' lang='grc' dir='ltr'>δὲ</span> <span class='ocrx_word' id='word_1_508' title='bbox 328 5199 419 5253; x_wconf 75' lang='grc' dir='ltr'>καὶ</span> <span class='ocrx_word' id='word_1_509' title='bbox 445 5199 600 5267; x_wconf 83' lang='grc' dir='ltr'>λόγος</span> <span class='ocrx_word' id='word_1_510' title='bbox 634 5199 838 5270; x_wconf 89' lang='grc' dir='ltr'>Κυρίου</span> <span class='ocrx_word' id='word_1_511' title='bbox 876 5199 1011 5269; x_wconf 86' lang='grc' dir='ltr'>μετὰ</span> <span class='ocrx_word' id='word_1_512' title='bbox 1043 5197 1138 5251; x_wconf 84' lang='grc' dir='ltr'><strong>τοῦ</strong></span> <span class='ocrx_word' id='word_1_513' title='bbox 1181 5197 1367 5252; x_wconf 90' lang='grc' dir='ltr'>καινοῦ</span> <span class='ocrx_word' id='word_1_514' title='bbox 1406 5199 1570 5270; x_wconf 90' lang='grc' dir='ltr'>νόμου</span> <span class='ocrx_word' id='word_1_515' title='bbox 1606 5202 1820 5274; x_wconf 77' lang='grc' dir='ltr'>εἴρηται</span> 
     </span>
    </p>
   </div>
   <div class='ocr_carea' id='block_1_70' title="bbox 236 5288 1817 5363">
    <p class='ocr_par' dir='ltr' id='par_1_70' title="bbox 236 5288 1817 5363">
     <span class='ocr_line' id='line_1_70' title="bbox 236 5288 1817 5363; baseline 0.001 -17"><span class='ocrx_word' id='word_1_516' title='bbox 236 5294 302 5346; x_wconf 77' lang='grc' dir='ltr'>ὲκ</span> <span class='ocrx_word' id='word_1_517' title='bbox 332 5293 431 5362; x_wconf 80' lang='grc' dir='ltr'>τῆς</span> <span class='ocrx_word' id='word_1_518' title='bbox 465 5292 591 5356; x_wconf 82' lang='grc' dir='ltr'>νέας</span> <span class='ocrx_word' id='word_1_519' title='bbox 635 5292 1009 5363; x_wconf 77' lang='grc' dir='ltr'>Ἰερουσαλὴμ,</span> <span class='ocrx_word' id='word_1_520' title='bbox 1036 5291 1122 5363; x_wconf 77' lang='grc' dir='ltr'><strong>·ἢν</strong></span> <span class='ocrx_word' id='word_1_521' title='bbox 1157 5290 1218 5361; x_wconf 82' lang='lat' dir='ltr'><strong>(f.</strong></span> <span class='ocrx_word' id='word_1_522' title='bbox 1253 5292 1342 5361; x_wconf 81' lang='grc'><strong>51)</strong></span> <span class='ocrx_word' id='word_1_523' title='bbox 1380 5288 1524 5347; x_wconf 80' lang='grc' dir='ltr'>οἷκον</span> <span class='ocrx_word' id='word_1_524' title='bbox 1556 5294 1650 5347; x_wconf 88' lang='grc' dir='ltr'><strong>τοῦ</strong></span> <span class='ocrx_word' id='word_1_525' title='bbox 1683 5295 1817 5348; x_wconf 83' lang='grc' dir='ltr'>Θεοῦ</span> 
     </span>
    </p>
   </div>
   <div class='ocr_carea' id='block_1_71' title="bbox 249 5383 1818 5455">
    <p class='ocr_par' dir='ltr' id='par_1_71' title="bbox 249 5383 1818 5455">
     <span class='ocr_line' id='line_1_71' title="bbox 249 5383 1818 5455; baseline 0.001 -17"><span class='ocrx_word' id='word_1_526' title='bbox 249 5383 444 5438; x_wconf 71' lang='grc' dir='ltr'>Ἰακὼϐ</span> <span class='ocrx_word' id='word_1_527' title='bbox 477 5385 734 5455; x_wconf 88' lang='grc' dir='ltr'>ἀνωτέρω</span> <span class='ocrx_word' id='word_1_528' title='bbox 768 5387 1084 5455; x_wconf 82' lang='grc' dir='ltr'>προσεῖπεν,</span> <span class='ocrx_word' id='word_1_529' title='bbox 1127 5383 1568 5454; x_wconf 76' lang='grc' dir='ltr'>προελεύσεσθαιο</span> <span class='ocrx_word' id='word_1_530' title='bbox 1601 5389 1630 5438; x_wconf 85' lang='grc' dir='ltr'><strong>ό</strong></span> <span class='ocrx_word' id='word_1_531' title='bbox 1661 5386 1818 5455; x_wconf 84' lang='grc' dir='ltr'>λόγος</span> 
     </span>
    </p>
   </div>
   <div class='ocr_carea' id='block_1_72' title="bbox 233 5475 1815 5550">
    <p class='ocr_par' dir='ltr' id='par_1_72' title="bbox 233 5475 1815 5550">
     <span class='ocr_line' id='line_1_72' title="bbox 233 5475 1815 5550; baseline -0.001 -17"><span class='ocrx_word' id='word_1_532' title='bbox 233 5480 329 5533; x_wconf 73' lang='grc' dir='ltr'><strong>ἐπὶ</strong></span> <span class='ocrx_word' id='word_1_533' title='bbox 360 5477 535 5531; x_wconf 87' lang='grc' dir='ltr'>πάντα</span> <span class='ocrx_word' id='word_1_534' title='bbox 561 5477 628 5530; x_wconf 89' lang='grc' dir='ltr'><strong>τά</strong></span> <span class='ocrx_word' id='word_1_535' title='bbox 661 5477 786 5546; x_wconf 74' lang='grc' dir='ltr'>ἔθνη</span> <span class='ocrx_word' id='word_1_536' title='bbox 818 5475 1094 5548; x_wconf 85' lang='grc' dir='ltr'>προελθὼν</span> <span class='ocrx_word' id='word_1_537' title='bbox 1124 5480 1330 5549; x_wconf 87' lang='grc' dir='ltr'>κρινεῖν</span> <span class='ocrx_word' id='word_1_538' title='bbox 1358 5479 1459 5532; x_wconf 79' lang='grc' dir='ltr'><strong>ἀνὰ</strong></span> <span class='ocrx_word' id='word_1_539' title='bbox 1490 5478 1659 5550; x_wconf 84' lang='grc' dir='ltr'>μέσον.</span> <span class='ocrx_word' id='word_1_540' title='bbox 1673 5479 1815 5532; x_wconf 88' lang='grc' dir='ltr'>λαῶν</span> 
     </span>
    </p>
   </div>
   <div class='ocr_carea' id='block_1_73' title="bbox 234 5568 1810 5642">
    <p class='ocr_par' dir='ltr' id='par_1_73' title="bbox 234 5568 1810 5642">
     <span class='ocr_line' id='line_1_73' title="bbox 234 5568 1810 5642; baseline -0.001 -18"><span class='ocrx_word' id='word_1_541' title='bbox 234 5571 448 5625; x_wconf 82' lang='grc' dir='ltr'>πολλῶν</span> <span class='ocrx_word' id='word_1_542' title='bbox 500 5571 592 5624; x_wconf 68' lang='grc' dir='ltr'>καὶ</span> <span class='ocrx_word' id='word_1_543' title='bbox 640 5568 880 5636; x_wconf 75' lang='grc' dir='ltr'>ἐλέγξειν</span> <span class='ocrx_word' id='word_1_544' title='bbox 930 5568 1059 5621; x_wconf 79' lang='grc' dir='ltr'>λαὸν</span> <span class='ocrx_word' id='word_1_545' title='bbox 1116 5570 1332 5640; x_wconf 78' lang='grc' dir='ltr'>ἰσχυρὸν</span> <span class='ocrx_word' id='word_1_546' title='bbox 1393 5571 1810 5642; x_wconf 81' lang='grc' dir='ltr'>προηγόρευται,</span> 
     </span>
    </p>
   </div>
   <div class='ocr_carea' id='block_1_74' title="bbox 233 5659 1812 5734">
    <p class='ocr_par' dir='ltr' id='par_1_74' title="bbox 233 5659 1812 5734">
     <span class='ocr_line' id='line_1_74' title="bbox 233 5659 1812 5734; baseline -0.001 -18"><span class='ocrx_word' id='word_1_547' title='bbox 233 5661 488 5716; x_wconf 83' lang='grc' dir='ltr'>τοσοῦτόν</span> <span class='ocrx_word' id='word_1_548' title='bbox 521 5678 580 5714; x_wconf 87' lang='grc' dir='ltr'><strong>τε</strong></span> <span class='ocrx_word' id='word_1_549' title='bbox 614 5659 915 5731; x_wconf 58' lang='grc' dir='ltr'>ὠφελήσειν</span> <span class='ocrx_word' id='word_1_550' title='bbox 941 5659 1026 5713; x_wconf 83' lang='grc' dir='ltr'><strong>διὰ</strong></span> <span class='ocrx_word' id='word_1_551' title='bbox 1052 5661 1148 5731; x_wconf 76' lang='grc' dir='ltr'>τῆς</span> <span class='ocrx_word' id='word_1_552' title='bbox 1181 5662 1314 5726; x_wconf 74' lang='grc' dir='ltr'>ἰδίας</span> <span class='ocrx_word' id='word_1_553' title='bbox 1340 5663 1569 5734; x_wconf 83' lang='grc' dir='ltr'>κρίσεως</span> <span class='ocrx_word' id='word_1_554' title='bbox 1603 5664 1696 5717; x_wconf 68' lang='grc' dir='ltr'>καὶ</span> <span class='ocrx_word' id='word_1_555' title='bbox 1722 5663 1812 5717; x_wconf 88' lang='grc' dir='ltr'><strong>τοῦ</strong></span> 
     </span>
    </p>
   </div>
   <div class='ocr_carea' id='block_1_75' title="bbox 307 5837 1648 5908">
    <p class='ocr_par' dir='ltr' id='par_1_75' title="bbox 307 5837 1648 5908">
     <span class='ocr_line' id='line_1_75' title="bbox 307 5837 1648 5908; baseline 0.002 -13"><span class='ocrx_word' id='word_1_556' title='bbox 307 5841 352 5872; x_wconf 85' lang='grc'><strong><em>³⁸</em></strong></span> <span class='ocrx_word' id='word_1_557' title='bbox 396 5839 555 5895; x_wconf 65' lang='grc' dir='ltr'>Σείριι.</span> <span class='ocrx_word' id='word_1_558' title='bbox 591 5853 631 5906; x_wconf 84' lang='grc'>1,</span> <span class='ocrx_word' id='word_1_559' title='bbox 672 5839 723 5894; x_wconf 76' lang='lat'><strong>3.</strong></span> <span class='ocrx_word' id='word_1_560' title='bbox 802 5840 844 5872; x_wconf 85' lang='lat'>&quot;</span> <span class='ocrx_word' id='word_1_561' title='bbox 888 5837 1049 5894; x_wconf 77' lang='lat' dir='ltr'><strong>Miclt.</strong></span> <span class='ocrx_word' id='word_1_562' title='bbox 1085 5855 1178 5906; x_wconf 85' lang='lat' dir='ltr'><strong>In,</strong></span> <span class='ocrx_word' id='word_1_563' title='bbox 1213 5841 1380 5908; x_wconf 66' lang='lat' dir='ltr'><strong>9-H;</strong></span> <span class='ocrx_word' id='word_1_564' title='bbox 1421 5859 1492 5908; x_wconf 81' lang='lat' dir='ltr'><strong>tv,</strong></span> <span class='ocrx_word' id='word_1_565' title='bbox 1533 5842 1648 5898; x_wconf 73' lang='lat'><strong>1-5.</strong></span> 
     </span>
    </p>
   </div>
   <div class='ocr_carea' id='block_1_76' title="bbox 1923 1967 3491 2040">
    <p class='ocr_par' dir='ltr' id='par_1_76' title="bbox 1923 1967 3491 2040">
     <span class='ocr_line' id='line_1_76' title="bbox 1923 1967 3491 2040; baseline 0.003 -20"><span class='ocrx_word' id='word_1_566' title='bbox 1923 1967 2162 2036; x_wconf 86' lang='lat' dir='ltr'><strong>lapidum</strong></span> <span class='ocrx_word' id='word_1_567' title='bbox 2192 1968 2318 2034; x_wconf 88' lang='lat' dir='ltr'><strong>erit,</strong></span> <span class='ocrx_word' id='word_1_568' title='bbox 2352 1977 2407 2023; x_wconf 90' lang='lat' dir='ltr'><strong>et</strong></span> <span class='ocrx_word' id='word_1_569' title='bbox 2430 1984 2588 2024; x_wconf 83' lang='lat' dir='ltr'><strong>mons</strong></span> <span class='ocrx_word' id='word_1_570' title='bbox 2619 1969 2806 2040; x_wconf 90' lang='lat' dir='ltr'><strong>templi</strong></span> <span class='ocrx_word' id='word_1_571' title='bbox 2861 1971 2914 2024; x_wconf 92' lang='lat' dir='ltr'><strong>in</strong></span> <span class='ocrx_word' id='word_1_572' title='bbox 2961 1971 3178 2026; x_wconf 71' lang='lat' dir='ltr'><strong>excelsa</strong></span> <span class='ocrx_word' id='word_1_573' title='bbox 3211 1970 3491 2026; x_wconf 87' lang='lat' dir='ltr'><strong>silvarum.</strong></span> 
     </span>
    </p>
   </div>
   <div class='ocr_carea' id='block_1_77' title="bbox 1923 2058 3494 2117">
    <p class='ocr_par' dir='ltr' id='par_1_77' title="bbox 1923 2058 3494 2117">
     <span class='ocr_line' id='line_1_77' title="bbox 1923 2058 3494 2117; baseline 0 -5"><span class='ocrx_word' id='word_1_574' title='bbox 1923 2058 1988 2113; x_wconf 87' lang='lat' dir='ltr'><strong>Et</strong></span> <span class='ocrx_word' id='word_1_575' title='bbox 2016 2059 2161 2114; x_wconf 90' lang='lat' dir='ltr'><strong>erit:</strong></span> <span class='ocrx_word' id='word_1_576' title='bbox 2203 2061 2264 2113; x_wconf 90' lang='lat' dir='ltr'><strong>In</strong></span> <span class='ocrx_word' id='word_1_577' title='bbox 2330 2059 2628 2115; x_wconf 86' lang='lat' dir='ltr'><strong>novissimo</strong></span> <span class='ocrx_word' id='word_1_578' title='bbox 2675 2060 2887 2116; x_wconf 85' lang='lat' dir='ltr'><strong>dierum</strong></span> <span class='ocrx_word' id='word_1_579' title='bbox 2941 2062 3044 2116; x_wconf 84' lang='lat' dir='ltr'><strong>erit</strong></span> <span class='ocrx_word' id='word_1_580' title='bbox 3094 2077 3254 2117; x_wconf 91' lang='lat' dir='ltr'><strong>mons</strong></span> <span class='ocrx_word' id='word_1_581' title='bbox 3300 2059 3494 2116; x_wconf 77' lang='lat' dir='ltr'><strong>domus</strong></span> 
     </span>
    </p>
   </div>
   <div class='ocr_carea' id='block_1_78' title="bbox 1923 2147 3496 2219">
    <p class='ocr_par' dir='ltr' id='par_1_78' title="bbox 1923 2147 3496 2219">
     <span class='ocr_line' id='line_1_78' title="bbox 1923 2147 3496 2219; baseline 0.003 -18"><span class='ocrx_word' id='word_1_582' title='bbox 1923 2147 2134 2204; x_wconf 89' lang='lat' dir='ltr'><strong>Domini</strong></span> <span class='ocrx_word' id='word_1_583' title='bbox 2188 2156 2525 2219; x_wconf 69' lang='lat' dir='ltr'><strong>praeparatus</strong></span> <span class='ocrx_word' id='word_1_584' title='bbox 2572 2150 2628 2204; x_wconf 89' lang='lat' dir='ltr'><strong>in</strong></span> <span class='ocrx_word' id='word_1_585' title='bbox 2662 2150 2864 2206; x_wconf 85' lang='lat' dir='ltr'><strong>vertice</strong></span> <span class='ocrx_word' id='word_1_586' title='bbox 2919 2151 3208 2217; x_wconf 86' lang='lat' dir='ltr'><strong>montium,</strong></span> <span class='ocrx_word' id='word_1_587' title='bbox 3238 2161 3292 2206; x_wconf 92' lang='lat' dir='ltr'><strong>et</strong></span> <span class='ocrx_word' id='word_1_588' title='bbox 3322 2150 3496 2206; x_wconf 87' lang='lat' dir='ltr'><strong>subli-</strong></span> 
     </span>
    </p>
   </div>
   <div class='ocr_carea' id='block_1_79' title="bbox 1923 2241 3490 2314">
    <p class='ocr_par' dir='ltr' id='par_1_79' title="bbox 1923 2241 3490 2314">
     <span class='ocr_line' id='line_1_79' title="bbox 1923 2241 3490 2314; baseline 0 -19"><span class='ocrx_word' id='word_1_589' title='bbox 1923 2243 2026 2296; x_wconf 90' lang='lat' dir='ltr'><strong>mis</strong></span> <span class='ocrx_word' id='word_1_590' title='bbox 2057 2256 2221 2311; x_wconf 91' lang='lat' dir='ltr'><strong>super</strong></span> <span class='ocrx_word' id='word_1_591' title='bbox 2243 2243 2412 2296; x_wconf 91' lang='lat' dir='ltr'><strong>colles</strong></span> <span class='ocrx_word' id='word_1_592' title='bbox 2439 2259 2451 2293; x_wconf 92' lang='lat'><strong>:</strong></span> <span class='ocrx_word' id='word_1_593' title='bbox 2480 2253 2535 2297; x_wconf 92' lang='lat' dir='ltr'><strong>et</strong></span> <span class='ocrx_word' id='word_1_594' title='bbox 2561 2241 2728 2298; x_wconf 87' lang='lat' dir='ltr'><strong>ﬂuent</strong></span> <span class='ocrx_word' id='word_1_595' title='bbox 2769 2242 2837 2297; x_wconf 74' lang='lat' dir='ltr'><strong>ad</strong></span> <span class='ocrx_word' id='word_1_596' title='bbox 2870 2257 2991 2297; x_wconf 90' lang='lat' dir='ltr'><strong>eum</strong></span> <span class='ocrx_word' id='word_1_597' title='bbox 3017 2243 3223 2314; x_wconf 89' lang='lat' dir='ltr'><strong>populi.</strong></span> <span class='ocrx_word' id='word_1_598' title='bbox 3250 2241 3316 2295; x_wconf 87' lang='lat' dir='ltr'><strong>Et</strong></span> <span class='ocrx_word' id='word_1_599' title='bbox 3364 2256 3490 2312; x_wconf 83' lang='lat' dir='ltr'><strong>pro-</strong></span> 
     </span>
    </p>
   </div>
   <div class='ocr_carea' id='block_1_80' title="bbox 1923 2334 3497 2406">
    <p class='ocr_par' dir='ltr' id='par_1_80' title="bbox 1923 2334 3497 2406">
     <span class='ocr_line' id='line_1_80' title="bbox 1923 2334 3497 2406; baseline -0.001 -17"><span class='ocrx_word' id='word_1_600' title='bbox 1923 2335 2191 2406; x_wconf 87' lang='lat' dir='ltr'><strong>perabunt</strong></span> <span class='ocrx_word' id='word_1_601' title='bbox 2219 2343 2408 2405; x_wconf 85' lang='lat' dir='ltr'><strong>gentes</strong></span> <span class='ocrx_word' id='word_1_602' title='bbox 2434 2336 2638 2398; x_wconf 68' lang='lat' dir='ltr'><strong>multm,</strong></span> <span class='ocrx_word' id='word_1_603' title='bbox 2679 2343 2735 2390; x_wconf 91' lang='lat' dir='ltr'><strong>et</strong></span> <span class='ocrx_word' id='word_1_604' title='bbox 2778 2335 2962 2390; x_wconf 87' lang='lat' dir='ltr'><strong>dicent</strong></span> <span class='ocrx_word' id='word_1_605' title='bbox 2995 2351 3008 2389; x_wconf 90' lang='lat'><strong>:</strong></span> <span class='ocrx_word' id='word_1_606' title='bbox 3062 2334 3275 2399; x_wconf 79' lang='lat' dir='ltr'><strong>Venite,</strong></span> <span class='ocrx_word' id='word_1_607' title='bbox 3306 2349 3497 2390; x_wconf 89' lang='lat' dir='ltr'><strong>ascen-</strong></span> 
     </span>
    </p>
   </div>
   <div class='ocr_carea' id='block_1_81' title="bbox 1923 2423 3495 2492">
    <p class='ocr_par' dir='ltr' id='par_1_81' title="bbox 1923 2423 3495 2492">
     <span class='ocr_line' id='line_1_81' title="bbox 1923 2423 3495 2492; baseline 0.001 -12"><span class='ocrx_word' id='word_1_608' title='bbox 1923 2426 2119 2481; x_wconf 90' lang='lat' dir='ltr'><strong>damus</strong></span> <span class='ocrx_word' id='word_1_609' title='bbox 2149 2424 2216 2479; x_wconf 89' lang='lat' dir='ltr'><strong>ad</strong></span> <span class='ocrx_word' id='word_1_610' title='bbox 2247 2433 2486 2481; x_wconf 90' lang='lat' dir='ltr'><strong>montem</strong></span> <span class='ocrx_word' id='word_1_611' title='bbox 2520 2425 2732 2482; x_wconf 87' lang='lat' dir='ltr'><strong>Domini</strong></span> <span class='ocrx_word' id='word_1_612' title='bbox 2765 2467 2780 2492; x_wconf 89' lang='lat'><strong>,</strong></span> <span class='ocrx_word' id='word_1_613' title='bbox 2813 2436 2867 2482; x_wconf 87' lang='lat' dir='ltr'><strong>et</strong></span> <span class='ocrx_word' id='word_1_614' title='bbox 2893 2427 2958 2481; x_wconf 91' lang='lat' dir='ltr'><strong>ad</strong></span> <span class='ocrx_word' id='word_1_615' title='bbox 2988 2426 3208 2482; x_wconf 92' lang='lat' dir='ltr'><strong>domum</strong></span> <span class='ocrx_word' id='word_1_616' title='bbox 3262 2425 3356 2483; x_wconf 88' lang='lat' dir='ltr'><strong>Dei</strong></span> <span class='ocrx_word' id='word_1_617' title='bbox 3401 2423 3495 2481; x_wconf 78' lang='lat' dir='ltr'><strong>Ja—</strong></span> 
     </span>
    </p>
   </div>
   <div class='ocr_carea' id='block_1_82' title="bbox 1921 2519 3496 2586">
    <p class='ocr_par' dir='ltr' id='par_1_82' title="bbox 1921 2519 3496 2586">
     <span class='ocr_line' id='line_1_82' title="bbox 1921 2519 3496 2586; baseline 0.002 -13"><span class='ocrx_word' id='word_1_618' title='bbox 1921 2519 2064 2586; x_wconf 89' lang='lat' dir='ltr'><strong>cob;</strong></span> <span class='ocrx_word' id='word_1_619' title='bbox 2099 2527 2153 2574; x_wconf 89' lang='lat' dir='ltr'><strong>et</strong></span> <span class='ocrx_word' id='word_1_620' title='bbox 2181 2519 2397 2575; x_wconf 91' lang='lat' dir='ltr'><strong>docebit</strong></span> <span class='ocrx_word' id='word_1_621' title='bbox 2450 2535 2550 2574; x_wconf 90' lang='lat' dir='ltr'><strong>nos</strong></span> <span class='ocrx_word' id='word_1_622' title='bbox 2603 2520 2668 2575; x_wconf 89' lang='lat' dir='ltr'><strong>de</strong></span> <span class='ocrx_word' id='word_1_623' title='bbox 2705 2521 2810 2575; x_wconf 90' lang='lat' dir='ltr'><strong>viis</strong></span> <span class='ocrx_word' id='word_1_624' title='bbox 2839 2522 2975 2584; x_wconf 89' lang='lat' dir='ltr'><strong>suis,</strong></span> <span class='ocrx_word' id='word_1_625' title='bbox 3009 2529 3062 2575; x_wconf 91' lang='lat' dir='ltr'><strong>et</strong></span> <span class='ocrx_word' id='word_1_626' title='bbox 3093 2521 3294 2576; x_wconf 91' lang='lat' dir='ltr'><strong>ibimus</strong></span> <span class='ocrx_word' id='word_1_627' title='bbox 3325 2520 3379 2574; x_wconf 87' lang='lat' dir='ltr'><strong>in</strong></span> <span class='ocrx_word' id='word_1_628' title='bbox 3407 2535 3496 2576; x_wconf 72' lang='lat' dir='ltr'><strong>se-</strong></span> 
     </span>
    </p>
   </div>
   <div class='ocr_carea' id='block_1_83' title="bbox 1931 2610 3492 2684">
    <p class='ocr_par' dir='ltr' id='par_1_83' title="bbox 1931 2610 3492 2684">
     <span class='ocr_line' id='line_1_83' title="bbox 1931 2610 3492 2684; baseline 0.001 -16"><span class='ocrx_word' id='word_1_629' title='bbox 1931 2613 2082 2668; x_wconf 91' lang='lat' dir='ltr'><strong>mitis</strong></span> <span class='ocrx_word' id='word_1_630' title='bbox 2106 2612 2249 2682; x_wconf 87' lang='lat' dir='ltr'><strong>ejus,</strong></span> <span class='ocrx_word' id='word_1_631' title='bbox 2279 2613 2407 2683; x_wconf 90' lang='lat' dir='ltr'><strong>quia</strong></span> <span class='ocrx_word' id='word_1_632' title='bbox 2436 2613 2502 2668; x_wconf 90' lang='lat' dir='ltr'><strong>de</strong></span> <span class='ocrx_word' id='word_1_633' title='bbox 2527 2610 2657 2667; x_wconf 84' lang='lat' dir='ltr'><strong>Sion</strong></span> <span class='ocrx_word' id='word_1_634' title='bbox 2703 2612 3015 2684; x_wconf 80' lang='lat' dir='ltr'><strong>egredietur</strong></span> <span class='ocrx_word' id='word_1_635' title='bbox 3037 2615 3145 2680; x_wconf 81' lang='lat' dir='ltr'><strong>lex,</strong></span> <span class='ocrx_word' id='word_1_636' title='bbox 3183 2621 3236 2668; x_wconf 93' lang='lat' dir='ltr'><strong>et</strong></span> <span class='ocrx_word' id='word_1_637' title='bbox 3269 2614 3492 2670; x_wconf 84' lang='lat' dir='ltr'><strong>verbum</strong></span> 
     </span>
    </p>
   </div>
   <div class='ocr_carea' id='block_1_84' title="bbox 1921 2706 3496 2780">
    <p class='ocr_par' dir='ltr' id='par_1_84' title="bbox 1921 2706 3496 2780">
     <span class='ocr_line' id='line_1_84' title="bbox 1921 2706 3496 2780; baseline 0.001 -18"><span class='ocrx_word' id='word_1_638' title='bbox 1921 2708 2138 2764; x_wconf 90' lang='lat' dir='ltr'><strong>Domini</strong></span> <span class='ocrx_word' id='word_1_639' title='bbox 2177 2707 2244 2762; x_wconf 87' lang='lat' dir='ltr'><strong>de</strong></span> <span class='ocrx_word' id='word_1_640' title='bbox 2295 2706 2623 2765; x_wconf 85' lang='lat' dir='ltr'><strong>Jerusalem.</strong></span> <span class='ocrx_word' id='word_1_641' title='bbox 2682 2707 2747 2761; x_wconf 84' lang='lat' dir='ltr'><strong>Et</strong></span> <span class='ocrx_word' id='word_1_642' title='bbox 2795 2707 3062 2779; x_wconf 88' lang='lat' dir='ltr'><strong>judicabit</strong></span> <span class='ocrx_word' id='word_1_643' title='bbox 3098 2709 3238 2764; x_wconf 90' lang='lat' dir='ltr'><strong>inter</strong></span> <span class='ocrx_word' id='word_1_644' title='bbox 3265 2709 3496 2780; x_wconf 81' lang='lat' dir='ltr'><strong>populos</strong></span> 
     </span>
    </p>
   </div>
   <div class='ocr_carea' id='block_1_85' title="bbox 1921 2798 3498 2874">
    <p class='ocr_par' dir='ltr' id='par_1_85' title="bbox 1921 2798 3498 2874">
     <span class='ocr_line' id='line_1_85' title="bbox 1921 2798 3498 2874; baseline 0.003 -22"><span class='ocrx_word' id='word_1_645' title='bbox 1921 2800 2144 2864; x_wconf 89' lang='lat' dir='ltr'><strong>multos,</strong></span> <span class='ocrx_word' id='word_1_646' title='bbox 2169 2806 2224 2854; x_wconf 92' lang='lat' dir='ltr'><strong>et</strong></span> <span class='ocrx_word' id='word_1_647' title='bbox 2263 2800 2525 2868; x_wconf 86' lang='lat' dir='ltr'><strong>corripiet</strong></span> <span class='ocrx_word' id='word_1_648' title='bbox 2560 2809 2751 2871; x_wconf 78' lang='lat' dir='ltr'><strong>gentes</strong></span> <span class='ocrx_word' id='word_1_649' title='bbox 2803 2798 2974 2856; x_wconf 80' lang='lat' dir='ltr'><strong>fortes</strong></span> <span class='ocrx_word' id='word_1_650' title='bbox 3009 2816 3182 2872; x_wconf 89' lang='lat' dir='ltr'><strong>usque</strong></span> <span class='ocrx_word' id='word_1_651' title='bbox 3204 2802 3258 2857; x_wconf 91' lang='lat' dir='ltr'><strong>in</strong></span> <span class='ocrx_word' id='word_1_652' title='bbox 3289 2802 3498 2874; x_wconf 85' lang='lat' dir='ltr'><strong>longin-</strong></span> 
     </span>
    </p>
   </div>
   <div class='ocr_carea' id='block_1_86' title="bbox 1920 2891 3495 2963">
    <p class='ocr_par' dir='ltr' id='par_1_86' title="bbox 1920 2891 3495 2963">
     <span class='ocr_line' id='line_1_86' title="bbox 1920 2891 3495 2963; baseline 0.001 -19"><span class='ocrx_word' id='word_1_653' title='bbox 1920 2907 2087 2962; x_wconf 90' lang='lat' dir='ltr'><strong>quum</strong></span> <span class='ocrx_word' id='word_1_654' title='bbox 2122 2910 2135 2945; x_wconf 91' lang='lat'><strong>:</strong></span> <span class='ocrx_word' id='word_1_655' title='bbox 2171 2897 2226 2945; x_wconf 93' lang='lat' dir='ltr'><strong>et</strong></span> <span class='ocrx_word' id='word_1_656' title='bbox 2256 2891 2548 2946; x_wconf 85' lang='lat' dir='ltr'><strong>concident</strong></span> <span class='ocrx_word' id='word_1_657' title='bbox 2605 2892 2816 2963; x_wconf 88' lang='lat' dir='ltr'><strong>gladios</strong></span> <span class='ocrx_word' id='word_1_658' title='bbox 2865 2907 2996 2947; x_wconf 85' lang='lat' dir='ltr'><strong>suos</strong></span> <span class='ocrx_word' id='word_1_659' title='bbox 3031 2893 3084 2946; x_wconf 92' lang='lat' dir='ltr'><strong>in</strong></span> <span class='ocrx_word' id='word_1_660' title='bbox 3116 2908 3386 2958; x_wconf 87' lang='lat' dir='ltr'><strong>vomeres,</strong></span> <span class='ocrx_word' id='word_1_661' title='bbox 3441 2902 3495 2948; x_wconf 89' lang='lat' dir='ltr'><strong>et</strong></span> 
     </span>
    </p>
   </div>
   <div class='ocr_carea' id='block_1_87' title="bbox 1922 2981 3496 3054">
    <p class='ocr_par' dir='ltr' id='par_1_87' title="bbox 1922 2981 3496 3054">
     <span class='ocr_line' id='line_1_87' title="bbox 1922 2981 3496 3054; baseline 0.001 -19"><span class='ocrx_word' id='word_1_662' title='bbox 1922 2981 2116 3037; x_wconf 86' lang='lat' dir='ltr'><strong>hastas</strong></span> <span class='ocrx_word' id='word_1_663' title='bbox 2174 2997 2306 3038; x_wconf 88' lang='lat' dir='ltr'><strong>suas</strong></span> <span class='ocrx_word' id='word_1_664' title='bbox 2339 2983 2391 3036; x_wconf 91' lang='lat' dir='ltr'><strong>in</strong></span> <span class='ocrx_word' id='word_1_665' title='bbox 2441 2983 2695 3054; x_wconf 80' lang='lat' dir='ltr'><strong>ligones:</strong></span> <span class='ocrx_word' id='word_1_666' title='bbox 2731 2999 2842 3038; x_wconf 91' lang='lat' dir='ltr'><strong>non</strong></span> <span class='ocrx_word' id='word_1_667' title='bbox 2873 2993 3052 3039; x_wconf 89' lang='lat' dir='ltr'><strong>sumet</strong></span> <span class='ocrx_word' id='word_1_668' title='bbox 3074 2999 3207 3054; x_wconf 89' lang='lat' dir='ltr'><strong>gens</strong></span> <span class='ocrx_word' id='word_1_669' title='bbox 3233 2983 3496 3039; x_wconf 86' lang='lat' dir='ltr'><strong>adversus</strong></span> 
     </span>
    </p>
   </div>
   <div class='ocr_carea' id='block_1_88' title="bbox 1919 3074 3489 3146">
    <p class='ocr_par' dir='ltr' id='par_1_88' title="bbox 1919 3074 3489 3146">
     <span class='ocr_line' id='line_1_88' title="bbox 1919 3074 3489 3146; baseline -0.001 -16"><span class='ocrx_word' id='word_1_670' title='bbox 1919 3083 2133 3145; x_wconf 78' lang='lat' dir='ltr'><strong>gentem</strong></span> <span class='ocrx_word' id='word_1_671' title='bbox 2153 3074 2394 3146; x_wconf 79' lang='lat' dir='ltr'><strong>gladium</strong></span> <span class='ocrx_word' id='word_1_672' title='bbox 2417 3091 2431 3126; x_wconf 87' lang='lat'><strong>:</strong></span> <span class='ocrx_word' id='word_1_673' title='bbox 2455 3084 2508 3131; x_wconf 91' lang='lat' dir='ltr'><strong>et</strong></span> <span class='ocrx_word' id='word_1_674' title='bbox 2525 3091 2637 3131; x_wconf 90' lang='lat' dir='ltr'><strong>non</strong></span> <span class='ocrx_word' id='word_1_675' title='bbox 2653 3075 2866 3131; x_wconf 88' lang='lat' dir='ltr'><strong>discent</strong></span> <span class='ocrx_word' id='word_1_676' title='bbox 2890 3075 3030 3130; x_wconf 90' lang='lat' dir='ltr'><strong>ultra</strong></span> <span class='ocrx_word' id='word_1_677' title='bbox 3053 3075 3374 3146; x_wconf 81' lang='lat' dir='ltr'><strong>belligerare</strong></span> <span class='ocrx_word' id='word_1_678' title='bbox 3390 3075 3454 3129; x_wconf 77' lang='lat'><strong>“.</strong></span> <span class='ocrx_word' id='word_1_679' title='bbox 3468 3096 3489 3128; x_wconf 71' lang='grc' dir='ltr'><strong>ι</strong></span> 
     </span>
    </p>
   </div>
   <div class='ocr_carea' id='block_1_89' title="bbox 1919 3164 3493 3238">
    <p class='ocr_par' dir='ltr' id='par_1_89' title="bbox 1919 3164 3493 3238">
     <span class='ocr_line' id='line_1_89' title="bbox 1919 3164 3493 3238; baseline 0.001 -18"><span class='ocrx_word' id='word_1_680' title='bbox 1919 3164 2215 3237; x_wconf 89' lang='lat' dir='ltr'><strong>Postquam</strong></span> <span class='ocrx_word' id='word_1_681' title='bbox 2243 3181 2398 3223; x_wconf 89' lang='lat' dir='ltr'><strong>sacer</strong></span> <span class='ocrx_word' id='word_1_682' title='bbox 2420 3182 2600 3222; x_wconf 89' lang='lat' dir='ltr'><strong>sermo</strong></span> <span class='ocrx_word' id='word_1_683' title='bbox 2627 3167 2762 3223; x_wconf 71' lang='lat' dir='ltr'><strong>dixit</strong></span> <span class='ocrx_word' id='word_1_684' title='bbox 2781 3167 2926 3237; x_wconf 90' lang='lat' dir='ltr'><strong>quod</strong></span> <span class='ocrx_word' id='word_1_685' title='bbox 2949 3165 3493 3238; x_wconf 71' lang='lat' dir='ltr'><strong>propterJudazorum</strong></span> 
     </span>
    </p>
   </div>
   <div class='ocr_carea' id='block_1_90' title="bbox 1920 3349 3491 3421">
    <p class='ocr_par' dir='ltr' id='par_1_90' title="bbox 1920 3349 3491 3421">
     <span class='ocr_line' id='line_1_90' title="bbox 1920 3349 3491 3421; baseline -0.002 -15"><span class='ocrx_word' id='word_1_686' title='bbox 1920 3358 1975 3406; x_wconf 87' lang='lat' dir='ltr'><strong>et</strong></span> <span class='ocrx_word' id='word_1_687' title='bbox 2034 3349 2364 3412; x_wconf 85' lang='lat' dir='ltr'><strong>Jerusalem,</strong></span> <span class='ocrx_word' id='word_1_688' title='bbox 2399 3369 2418 3401; x_wconf 75' lang='grc' dir='ltr'><strong>ι</strong></span> <span class='ocrx_word' id='word_1_689' title='bbox 2478 3349 2674 3406; x_wconf 88' lang='lat' dir='ltr'><strong>civitas</strong></span> <span class='ocrx_word' id='word_1_690' title='bbox 2731 3358 2922 3406; x_wconf 89' lang='lat' dir='ltr'><strong>sancta</strong></span> <span class='ocrx_word' id='word_1_691' title='bbox 2975 3350 3128 3419; x_wconf 92' lang='lat' dir='ltr'><strong>prius</strong></span> <span class='ocrx_word' id='word_1_692' title='bbox 3179 3349 3491 3421; x_wconf 70' lang='lat' dir='ltr'><strong>praedicata,</strong></span> 
     </span>
    </p>
   </div>
   <div class='ocr_carea' id='block_1_91' title="bbox 1925 3441 3483 3512">
    <p class='ocr_par' dir='ltr' id='par_1_91' title="bbox 1925 3441 3483 3512">
     <span class='ocr_line' id='line_1_91' title="bbox 1925 3441 3483 3512; baseline 0.003 -20"><span class='ocrx_word' id='word_1_693' title='bbox 1925 3459 1945 3492; x_wconf 84' lang='grc'><strong>‹</strong></span> <span class='ocrx_word' id='word_1_694' title='bbox 1976 3441 2131 3511; x_wconf 90' lang='lat' dir='ltr'><strong>quasi</strong></span> <span class='ocrx_word' id='word_1_695' title='bbox 2171 3455 2405 3496; x_wconf 86' lang='lat' dir='ltr'><strong>acervus</strong></span> <span class='ocrx_word' id='word_1_696' title='bbox 2440 3441 2679 3510; x_wconf 89' lang='lat' dir='ltr'><strong>lapidum</strong></span> <span class='ocrx_word' id='word_1_697' title='bbox 2706 3443 2832 3506; x_wconf 88' lang='lat' dir='ltr'><strong>erit,</strong></span> <span class='ocrx_word' id='word_1_698' title='bbox 2867 3461 2886 3494; x_wconf 76' lang='grc' dir='ltr'><strong>ι</strong></span> <span class='ocrx_word' id='word_1_699' title='bbox 2921 3443 3182 3497; x_wconf 89' lang='lat' dir='ltr'><strong>continuo</strong></span> <span class='ocrx_word' id='word_1_700' title='bbox 3213 3442 3483 3512; x_wconf 85' lang='lat' dir='ltr'><strong>propheti-</strong></span> 
     </span>
    </p>
   </div>
   <div class='ocr_carea' id='block_1_92' title="bbox 1921 3531 3494 3604">
    <p class='ocr_par' dir='ltr' id='par_1_92' title="bbox 1921 3531 3494 3604">
     <span class='ocr_line' id='line_1_92' title="bbox 1921 3531 3494 3604; baseline 0.002 -18"><span class='ocrx_word' id='word_1_701' title='bbox 1921 3540 2008 3586; x_wconf 77' lang='lat' dir='ltr'><strong>zat</strong></span> <span class='ocrx_word' id='word_1_702' title='bbox 2033 3533 2101 3587; x_wconf 89' lang='lat' dir='ltr'><strong>de</strong></span> <span class='ocrx_word' id='word_1_703' title='bbox 2132 3533 2241 3586; x_wconf 91' lang='lat' dir='ltr'><strong>alio</strong></span> <span class='ocrx_word' id='word_1_704' title='bbox 2273 3531 2490 3588; x_wconf 89' lang='lat' dir='ltr'><strong>Domini</strong></span> <span class='ocrx_word' id='word_1_705' title='bbox 2518 3541 2723 3599; x_wconf 89' lang='lat' dir='ltr'><strong>monte,</strong></span> <span class='ocrx_word' id='word_1_706' title='bbox 2759 3533 2907 3604; x_wconf 91' lang='lat' dir='ltr'><strong>quod</strong></span> <span class='ocrx_word' id='word_1_707' title='bbox 2936 3533 3158 3603; x_wconf 91' lang='lat' dir='ltr'><strong>quidem</strong></span> <span class='ocrx_word' id='word_1_708' title='bbox 3195 3533 3494 3604; x_wconf 69' lang='lat' dir='ltr'><strong>prophetia</strong></span> 
     </span>
    </p>
   </div>
   <div class='ocr_carea' id='block_1_93' title="bbox 1921 3623 3496 3694">
    <p class='ocr_par' dir='ltr' id='par_1_93' title="bbox 1921 3623 3496 3694">
     <span class='ocr_line' id='line_1_93' title="bbox 1921 3623 3496 3694; baseline 0.003 -20"><span class='ocrx_word' id='word_1_709' title='bbox 1921 3623 2263 3691; x_wconf 89' lang='lat' dir='ltr'><strong>temporibus</strong></span> <span class='ocrx_word' id='word_1_710' title='bbox 2293 3623 2565 3685; x_wconf 85' lang='lat' dir='ltr'><strong>exstabat,</strong></span> <span class='ocrx_word' id='word_1_711' title='bbox 2601 3623 2844 3678; x_wconf 89' lang='lat' dir='ltr'><strong>nondum</strong></span> <span class='ocrx_word' id='word_1_712' title='bbox 2875 3637 3004 3678; x_wconf 85' lang='lat' dir='ltr'><strong>vero</strong></span> <span class='ocrx_word' id='word_1_713' title='bbox 3025 3624 3319 3694; x_wconf 69' lang='lat' dir='ltr'><strong>praediarus</strong></span> <span class='ocrx_word' id='word_1_714' title='bbox 3347 3624 3496 3680; x_wconf 56' lang='lat' dir='ltr'><strong>vide.</strong></span> 
     </span>
    </p>
   </div>
   <div class='ocr_carea' id='block_1_94' title="bbox 1920 3714 3495 3786">
    <p class='ocr_par' dir='ltr' id='par_1_94' title="bbox 1920 3714 3495 3786">
     <span class='ocr_line' id='line_1_94' title="bbox 1920 3714 3495 3786; baseline 0.004 -19"><span class='ocrx_word' id='word_1_715' title='bbox 1920 3714 2101 3780; x_wconf 88' lang='lat' dir='ltr'><strong>batur,</strong></span> <span class='ocrx_word' id='word_1_716' title='bbox 2132 3715 2281 3769; x_wconf 90' lang='lat' dir='ltr'><strong>velut</strong></span> <span class='ocrx_word' id='word_1_717' title='bbox 2309 3716 2401 3785; x_wconf 90' lang='lat' dir='ltr'><strong>qui</strong></span> <span class='ocrx_word' id='word_1_718' title='bbox 2427 3716 2483 3770; x_wconf 91' lang='lat' dir='ltr'><strong>in</strong></span> <span class='ocrx_word' id='word_1_719' title='bbox 2530 3715 2831 3772; x_wconf 86' lang='lat' dir='ltr'><strong>novissimo</strong></span> <span class='ocrx_word' id='word_1_720' title='bbox 2874 3717 3084 3772; x_wconf 88' lang='lat' dir='ltr'><strong>dierum</strong></span> <span class='ocrx_word' id='word_1_721' title='bbox 3133 3732 3297 3786; x_wconf 90' lang='lat' dir='ltr'><strong>super</strong></span> <span class='ocrx_word' id='word_1_722' title='bbox 3326 3717 3495 3774; x_wconf 78' lang='lat' dir='ltr'><strong>colles</strong></span> 
     </span>
    </p>
   </div>
   <div class='ocr_carea' id='block_1_95' title="bbox 1919 3807 3490 3881">
    <p class='ocr_par' dir='ltr' id='par_1_95' title="bbox 1919 3807 3490 3881">
     <span class='ocr_line' id='line_1_95' title="bbox 1919 3807 3490 3881; baseline 0.004 -21"><span class='ocrx_word' id='word_1_723' title='bbox 1919 3807 2345 3878; x_wconf 87' lang='lat' dir='ltr'><strong>conspiciendus</strong></span> <span class='ocrx_word' id='word_1_724' title='bbox 2375 3815 2543 3874; x_wconf 83' lang='lat' dir='ltr'><strong>esset,</strong></span> <span class='ocrx_word' id='word_1_725' title='bbox 2586 3817 2642 3865; x_wconf 91' lang='lat' dir='ltr'><strong>et</strong></span> <span class='ocrx_word' id='word_1_726' title='bbox 2662 3809 2915 3866; x_wconf 87' lang='lat' dir='ltr'><strong>sublimis</strong></span> <span class='ocrx_word' id='word_1_727' title='bbox 2949 3825 3116 3881; x_wconf 88' lang='lat' dir='ltr'><strong>super</strong></span> <span class='ocrx_word' id='word_1_728' title='bbox 3143 3819 3379 3867; x_wconf 86' lang='lat' dir='ltr'><strong>montes.</strong></span> <span class='ocrx_word' id='word_1_729' title='bbox 3411 3811 3490 3866; x_wconf 82' lang='lat' dir='ltr'><strong>Ad</strong></span> 
     </span>
    </p>
   </div>
   <div class='ocr_carea' id='block_1_96' title="bbox 1921 3899 3493 3971">
    <p class='ocr_par' dir='ltr' id='par_1_96' title="bbox 1921 3899 3493 3971">
     <span class='ocr_line' id='line_1_96' title="bbox 1921 3899 3493 3971; baseline 0.003 -18"><span class='ocrx_word' id='word_1_730' title='bbox 1921 3899 2067 3954; x_wconf 87' lang='lat' dir='ltr'><strong>hunc</strong></span> <span class='ocrx_word' id='word_1_731' title='bbox 2093 3907 2332 3956; x_wconf 88' lang='lat' dir='ltr'><strong>montem</strong></span> <span class='ocrx_word' id='word_1_732' title='bbox 2359 3916 2582 3966; x_wconf 85' lang='lat' dir='ltr'><strong>novum,</strong></span> <span class='ocrx_word' id='word_1_733' title='bbox 2639 3915 2749 3956; x_wconf 91' lang='lat' dir='ltr'><strong>non</strong></span> <span class='ocrx_word' id='word_1_734' title='bbox 2797 3901 2909 3971; x_wconf 91' lang='lat' dir='ltr'><strong>jam</strong></span> <span class='ocrx_word' id='word_1_735' title='bbox 2941 3901 3009 3956; x_wconf 88' lang='lat' dir='ltr'><strong>ad</strong></span> <span class='ocrx_word' id='word_1_736' title='bbox 3057 3911 3295 3956; x_wconf 87' lang='lat' dir='ltr'><strong>montem</strong></span> <span class='ocrx_word' id='word_1_737' title='bbox 3327 3901 3493 3958; x_wconf 88' lang='lat' dir='ltr'><strong>Israel</strong></span> 
     </span>
    </p>
   </div>
   <div class='ocr_carea' id='block_1_97' title="bbox 1919 3993 3495 4067">
    <p class='ocr_par' dir='ltr' id='par_1_97' title="bbox 1919 3993 3495 4067">
     <span class='ocr_line' id='line_1_97' title="bbox 1919 3993 3495 4067; baseline 0.004 -21"><span class='ocrx_word' id='word_1_738' title='bbox 1919 4000 2182 4050; x_wconf 84' lang='lat' dir='ltr'><strong>venturos</strong></span> <span class='ocrx_word' id='word_1_739' title='bbox 2206 4009 2328 4050; x_wconf 87' lang='lat' dir='ltr'><strong>esse</strong></span> <span class='ocrx_word' id='word_1_740' title='bbox 2355 3993 2640 4066; x_wconf 85' lang='lat' dir='ltr'><strong>Scriptura</strong></span> <span class='ocrx_word' id='word_1_741' title='bbox 2659 3997 2878 4049; x_wconf 91' lang='lat' dir='ltr'><strong>nuntiat</strong></span> <span class='ocrx_word' id='word_1_742' title='bbox 2904 3995 3136 4066; x_wconf 91' lang='lat' dir='ltr'><strong>populos</strong></span> <span class='ocrx_word' id='word_1_743' title='bbox 3186 3996 3495 4067; x_wconf 89' lang='lat' dir='ltr'><strong>multasque</strong></span> 
     </span>
    </p>
   </div>
   <div class='ocr_carea' id='block_1_98' title="bbox 1919 4085 3493 4156">
    <p class='ocr_par' dir='ltr' id='par_1_98' title="bbox 1919 4085 3493 4156">
     <span class='ocr_line' id='line_1_98' title="bbox 1919 4085 3493 4156; baseline 0.003 -16"><span class='ocrx_word' id='word_1_744' title='bbox 1919 4093 2128 4156; x_wconf 77' lang='lat' dir='ltr'><strong>gentes,</strong></span> <span class='ocrx_word' id='word_1_745' title='bbox 2159 4087 2439 4143; x_wconf 88' lang='lat' dir='ltr'><strong>dicentes:</strong></span> <span class='ocrx_word' id='word_1_746' title='bbox 2484 4106 2501 4138; x_wconf 80' lang='grc' dir='ltr'><strong>ι</strong></span> <span class='ocrx_word' id='word_1_747' title='bbox 2541 4085 2756 4152; x_wconf 87' lang='lat' dir='ltr'><strong>Venite,</strong></span> <span class='ocrx_word' id='word_1_748' title='bbox 2783 4088 3145 4144; x_wconf 88' lang='lat' dir='ltr'><strong>ascendamus</strong></span> <span class='ocrx_word' id='word_1_749' title='bbox 3167 4089 3232 4143; x_wconf 92' lang='lat' dir='ltr'><strong>ad</strong></span> <span class='ocrx_word' id='word_1_750' title='bbox 3255 4099 3493 4145; x_wconf 78' lang='lat' dir='ltr'><strong>montem</strong></span> 
     </span>
    </p>
   </div>
   <div class='ocr_carea' id='block_1_99' title="bbox 1919 4177 3494 4246">
    <p class='ocr_par' dir='ltr' id='par_1_99' title="bbox 1919 4177 3494 4246">
     <span class='ocr_line' id='line_1_99' title="bbox 1919 4177 3494 4246; baseline 0.003 -16"><span class='ocrx_word' id='word_1_751' title='bbox 1919 4177 2134 4234; x_wconf 91' lang='lat' dir='ltr'><strong>Domini</strong></span> <span class='ocrx_word' id='word_1_752' title='bbox 2162 4198 2210 4246; x_wconf 78' lang='grc'><strong>;»</strong></span> <span class='ocrx_word' id='word_1_753' title='bbox 2244 4189 2297 4235; x_wconf 92' lang='lat' dir='ltr'><strong>et</strong></span> <span class='ocrx_word' id='word_1_754' title='bbox 2331 4197 2438 4235; x_wconf 90' lang='lat' dir='ltr'><strong>non</strong></span> <span class='ocrx_word' id='word_1_755' title='bbox 2471 4181 2645 4236; x_wconf 91' lang='lat' dir='ltr'><strong>solum</strong></span> <span class='ocrx_word' id='word_1_756' title='bbox 2680 4180 2746 4234; x_wconf 91' lang='lat' dir='ltr'><strong>ad</strong></span> <span class='ocrx_word' id='word_1_757' title='bbox 2780 4188 3017 4236; x_wconf 88' lang='lat' dir='ltr'><strong>montem</strong></span> <span class='ocrx_word' id='word_1_758' title='bbox 3047 4179 3282 4246; x_wconf 88' lang='lat' dir='ltr'><strong>Domini,</strong></span> <span class='ocrx_word' id='word_1_759' title='bbox 3307 4181 3401 4236; x_wconf 90' lang='lat' dir='ltr'><strong>sed</strong></span> <span class='ocrx_word' id='word_1_760' title='bbox 3426 4181 3494 4235; x_wconf 85' lang='lat' dir='ltr'><strong>ad</strong></span> 
     </span>
    </p>
   </div>
   <div class='ocr_carea' id='block_1_100' title="bbox 1920 4271 3494 4343">
    <p class='ocr_par' dir='ltr' id='par_1_100' title="bbox 1920 4271 3494 4343">
     <span class='ocr_line' id='line_1_100' title="bbox 1920 4271 3494 4343; baseline 0.004 -19"><span class='ocrx_word' id='word_1_761' title='bbox 1920 4271 2140 4325; x_wconf 91' lang='lat' dir='ltr'><strong>domum</strong></span> <span class='ocrx_word' id='word_1_762' title='bbox 2169 4271 2260 4327; x_wconf 91' lang='lat' dir='ltr'><strong>Dei</strong></span> <span class='ocrx_word' id='word_1_763' title='bbox 2285 4271 2476 4337; x_wconf 91' lang='lat' dir='ltr'><strong>Jacob,</strong></span> <span class='ocrx_word' id='word_1_764' title='bbox 2502 4289 2622 4343; x_wconf 83' lang='lat' dir='ltr'><strong>quae</strong></span> <span class='ocrx_word' id='word_1_765' title='bbox 2651 4273 2755 4326; x_wconf 92' lang='lat' dir='ltr'><strong>alia</strong></span> <span class='ocrx_word' id='word_1_766' title='bbox 2787 4273 3073 4329; x_wconf 80' lang='lat' dir='ltr'><strong>manifeste</strong></span> <span class='ocrx_word' id='word_1_767' title='bbox 3099 4281 3182 4329; x_wconf 90' lang='lat' dir='ltr'><strong>est</strong></span> <span class='ocrx_word' id='word_1_768' title='bbox 3207 4290 3273 4329; x_wconf 91' lang='lat' dir='ltr'><strong>ac</strong></span> <span class='ocrx_word' id='word_1_769' title='bbox 3296 4274 3494 4331; x_wconf 89' lang='lat' dir='ltr'><strong>domus</strong></span> 
     </span>
    </p>
   </div>
   <div class='ocr_carea' id='block_1_101' title="bbox 1922 4361 3492 4422">
    <p class='ocr_par' dir='ltr' id='par_1_101' title="bbox 1922 4361 3492 4422">
     <span class='ocr_line' id='line_1_101' title="bbox 1922 4361 3492 4422; baseline 0.004 -6"><span class='ocrx_word' id='word_1_770' title='bbox 1922 4363 1976 4417; x_wconf 92' lang='lat' dir='ltr'><strong>in</strong></span> <span class='ocrx_word' id='word_1_771' title='bbox 2003 4361 2328 4421; x_wconf 88' lang='lat' dir='ltr'><strong>Jerusalem.</strong></span> <span class='ocrx_word' id='word_1_772' title='bbox 2369 4364 2530 4420; x_wconf 82' lang='lat' dir='ltr'><strong>Modo</strong></span> <span class='ocrx_word' id='word_1_773' title='bbox 2562 4365 2706 4420; x_wconf 89' lang='lat' dir='ltr'><strong>enim</strong></span> <span class='ocrx_word' id='word_1_774' title='bbox 2735 4381 2854 4421; x_wconf 91' lang='lat' dir='ltr'><strong>eam</strong></span> <span class='ocrx_word' id='word_1_775' title='bbox 2885 4374 2944 4420; x_wconf 91' lang='lat' dir='ltr'><strong>ut</strong></span> <span class='ocrx_word' id='word_1_776' title='bbox 2970 4373 3186 4420; x_wconf 86' lang='lat' dir='ltr'><strong>antrum</strong></span> <span class='ocrx_word' id='word_1_777' title='bbox 3220 4367 3492 4422; x_wconf 85' lang='lat' dir='ltr'><strong>desertam</strong></span> 
     </span>
    </p>
   </div>
   <div class='ocr_carea' id='block_1_102' title="bbox 1921 4453 3490 4525">
    <p class='ocr_par' dir='ltr' id='par_1_102' title="bbox 1921 4453 3490 4525">
     <span class='ocr_line' id='line_1_102' title="bbox 1921 4453 3490 4525; baseline 0.004 -17"><span class='ocrx_word' id='word_1_778' title='bbox 1921 4453 2038 4509; x_wconf 76' lang='lat' dir='ltr'><strong>fore</strong></span> <span class='ocrx_word' id='word_1_779' title='bbox 2064 4455 2335 4525; x_wconf 69' lang='lat' dir='ltr'><strong>prazdixit.</strong></span> <span class='ocrx_word' id='word_1_780' title='bbox 2369 4455 2488 4511; x_wconf 88' lang='lat' dir='ltr'><strong>Non</strong></span> <span class='ocrx_word' id='word_1_781' title='bbox 2514 4457 2826 4512; x_wconf 90' lang='lat' dir='ltr'><strong>inconsulto</strong></span> <span class='ocrx_word' id='word_1_782' title='bbox 2858 4456 3061 4512; x_wconf 88' lang='lat' dir='ltr'><strong>dicitur</strong></span> <span class='ocrx_word' id='word_1_783' title='bbox 3087 4455 3218 4513; x_wconf 92' lang='lat' dir='ltr'><strong>Sion</strong></span> <span class='ocrx_word' id='word_1_784' title='bbox 3249 4467 3490 4515; x_wconf 89' lang='lat' dir='ltr'><strong>montem</strong></span> 
     </span>
    </p>
   </div>
   <div class='ocr_carea' id='block_1_103' title="bbox 1920 4547 3492 4621">
    <p class='ocr_par' dir='ltr' id='par_1_103' title="bbox 1920 4547 3492 4621">
     <span class='ocr_line' id='line_1_103' title="bbox 1920 4547 3492 4621; baseline 0.002 -17"><span class='ocrx_word' id='word_1_785' title='bbox 1920 4557 1974 4604; x_wconf 88' lang='lat' dir='ltr'><strong>et</strong></span> <span class='ocrx_word' id='word_1_786' title='bbox 1999 4547 2300 4604; x_wconf 83' lang='lat' dir='ltr'><strong>Jerusalem</strong></span> <span class='ocrx_word' id='word_1_787' title='bbox 2337 4549 2624 4614; x_wconf 84' lang='lat' dir='ltr'><strong>vastanda,</strong></span> <span class='ocrx_word' id='word_1_788' title='bbox 2653 4550 2757 4604; x_wconf 91' lang='lat' dir='ltr'><strong>alia</strong></span> <span class='ocrx_word' id='word_1_789' title='bbox 2784 4558 2964 4606; x_wconf 87' lang='lat' dir='ltr'><strong>autem</strong></span> <span class='ocrx_word' id='word_1_790' title='bbox 3018 4567 3117 4621; x_wconf 91' lang='lat' dir='ltr'><strong>pro</strong></span> <span class='ocrx_word' id='word_1_791' title='bbox 3143 4552 3209 4607; x_wconf 89' lang='lat' dir='ltr'><strong>ii&#39;s</strong></span> <span class='ocrx_word' id='word_1_792' title='bbox 3256 4567 3492 4608; x_wconf 85' lang='lat' dir='ltr'><strong>consur-</strong></span> 
     </span>
    </p>
   </div>
   <div class='ocr_carea' id='block_1_104' title="bbox 1923 4642 3492 4718">
    <p class='ocr_par' dir='ltr' id='par_1_104' title="bbox 1923 4642 3492 4718">
     <span class='ocr_line' id='line_1_104' title="bbox 1923 4642 3492 4718; baseline 0.003 -22"><span class='ocrx_word' id='word_1_793' title='bbox 1923 4650 2161 4707; x_wconf 88' lang='lat' dir='ltr'><strong>rectura,</strong></span> <span class='ocrx_word' id='word_1_794' title='bbox 2199 4650 2252 4696; x_wconf 92' lang='lat' dir='ltr'><strong>et</strong></span> <span class='ocrx_word' id='word_1_795' title='bbox 2276 4642 2446 4714; x_wconf 84' lang='lat' dir='ltr'><strong>legem</strong></span> <span class='ocrx_word' id='word_1_796' title='bbox 2474 4642 2659 4706; x_wconf 89' lang='lat' dir='ltr'><strong>aliam,</strong></span> <span class='ocrx_word' id='word_1_797' title='bbox 2701 4650 2899 4714; x_wconf 69' lang='lat' dir='ltr'><strong>praeter</strong></span> <span class='ocrx_word' id='word_1_798' title='bbox 2919 4643 3066 4698; x_wconf 79' lang='lat' dir='ltr'><strong>illam</strong></span> <span class='ocrx_word' id='word_1_799' title='bbox 3097 4660 3218 4715; x_wconf 68' lang='lat' dir='ltr'><strong>quae</strong></span> <span class='ocrx_word' id='word_1_800' title='bbox 3242 4645 3410 4718; x_wconf 73' lang='lat' dir='ltr'><strong>Moysi</strong></span> <span class='ocrx_word' id='word_1_801' title='bbox 3435 4647 3492 4701; x_wconf 88' lang='lat' dir='ltr'><strong>in</strong></span> 
     </span>
    </p>
   </div>
   <div class='ocr_carea' id='block_1_105' title="bbox 1921 4731 3494 4806">
    <p class='ocr_par' dir='ltr' id='par_1_105' title="bbox 1921 4731 3494 4806">
     <span class='ocr_line' id='line_1_105' title="bbox 1921 4731 3494 4806; baseline 0.004 -20"><span class='ocrx_word' id='word_1_802' title='bbox 1921 4731 2104 4789; x_wconf 86' lang='lat' dir='ltr'><strong>lloreb</strong></span> <span class='ocrx_word' id='word_1_803' title='bbox 2129 4733 2253 4788; x_wconf 82' lang='lat' dir='ltr'><strong>data</strong></span> <span class='ocrx_word' id='word_1_804' title='bbox 2308 4741 2412 4800; x_wconf 92' lang='lat' dir='ltr'><strong>est,</strong></span> <span class='ocrx_word' id='word_1_805' title='bbox 2449 4749 2479 4789; x_wconf 89' lang='lat' dir='ltr'><strong>e</strong></span> <span class='ocrx_word' id='word_1_806' title='bbox 2520 4749 2663 4788; x_wconf 87' lang='lat' dir='ltr'><strong>novo</strong></span> <span class='ocrx_word' id='word_1_807' title='bbox 2711 4744 2896 4791; x_wconf 90' lang='lat' dir='ltr'><strong>monte</strong></span> <span class='ocrx_word' id='word_1_808' title='bbox 2944 4735 3304 4806; x_wconf 76' lang='lat' dir='ltr'><strong>proditurum,</strong></span> <span class='ocrx_word' id='word_1_809' title='bbox 3359 4738 3494 4793; x_wconf 87' lang='lat' dir='ltr'><strong>Sion</strong></span> 
     </span>
    </p>
   </div>
   <div class='ocr_carea' id='block_1_106' title="bbox 1918 4825 3496 4900">
    <p class='ocr_par' dir='ltr' id='par_1_106' title="bbox 1918 4825 3496 4900">
     <span class='ocr_line' id='line_1_106' title="bbox 1918 4825 3496 4900; baseline 0.004 -20"><span class='ocrx_word' id='word_1_810' title='bbox 1918 4841 2136 4897; x_wconf 85' lang='lat' dir='ltr'><strong>quoque</strong></span> <span class='ocrx_word' id='word_1_811' title='bbox 2165 4827 2307 4883; x_wconf 87' lang='lat' dir='ltr'><strong>sicut</strong></span> <span class='ocrx_word' id='word_1_812' title='bbox 2342 4827 2527 4898; x_wconf 89' lang='lat' dir='ltr'><strong>priore</strong></span> <span class='ocrx_word' id='word_1_813' title='bbox 2556 4828 2859 4882; x_wconf 86' lang='lat' dir='ltr'><strong>nominato.</strong></span> <span class='ocrx_word' id='word_1_814' title='bbox 2899 4825 3136 4884; x_wconf 82' lang='lat' dir='ltr'><strong>Verbum</strong></span> <span class='ocrx_word' id='word_1_815' title='bbox 3159 4844 3374 4900; x_wconf 90' lang='lat' dir='ltr'><strong>quoque</strong></span> <span class='ocrx_word' id='word_1_816' title='bbox 3395 4828 3496 4886; x_wconf 83' lang='lat' dir='ltr'><strong>Do-</strong></span> 
     </span>
    </p>
   </div>
   <div class='ocr_carea' id='block_1_107' title="bbox 1919 4919 3492 4991">
    <p class='ocr_par' dir='ltr' id='par_1_107' title="bbox 1919 4919 3492 4991">
     <span class='ocr_line' id='line_1_107' title="bbox 1919 4919 3492 4991; baseline 0.003 -19"><span class='ocrx_word' id='word_1_817' title='bbox 1919 4921 2052 4974; x_wconf 88' lang='lat' dir='ltr'><strong>mini</strong></span> <span class='ocrx_word' id='word_1_818' title='bbox 2075 4936 2200 4975; x_wconf 92' lang='lat' dir='ltr'><strong>cum</strong></span> <span class='ocrx_word' id='word_1_819' title='bbox 2225 4935 2365 4974; x_wconf 90' lang='lat' dir='ltr'><strong>nova</strong></span> <span class='ocrx_word' id='word_1_820' title='bbox 2398 4921 2514 4991; x_wconf 86' lang='lat' dir='ltr'><strong>lege</strong></span> <span class='ocrx_word' id='word_1_821' title='bbox 2534 4919 2737 4976; x_wconf 85' lang='lat' dir='ltr'><strong>dicitur</strong></span> <span class='ocrx_word' id='word_1_822' title='bbox 2757 4936 2788 4976; x_wconf 89' lang='lat' dir='ltr'><strong>e</strong></span> <span class='ocrx_word' id='word_1_823' title='bbox 2818 4934 2957 4976; x_wconf 83' lang='lat' dir='ltr'><strong>nova</strong></span> <span class='ocrx_word' id='word_1_824' title='bbox 2977 4920 3302 4986; x_wconf 89' lang='lat' dir='ltr'><strong>Jerusalem,</strong></span> <span class='ocrx_word' id='word_1_825' title='bbox 3330 4937 3492 4991; x_wconf 91' lang='lat' dir='ltr'><strong>quam</strong></span> 
     </span>
    </p>
   </div>
   <div class='ocr_carea' id='block_1_108' title="bbox 1917 5011 3492 5085">
    <p class='ocr_par' dir='ltr' id='par_1_108' title="bbox 1917 5011 3492 5085">
     <span class='ocr_line' id='line_1_108' title="bbox 1917 5011 3492 5085; baseline 0.004 -19"><span class='ocrx_word' id='word_1_826' title='bbox 1917 5012 2138 5067; x_wconf 90' lang='lat' dir='ltr'><strong>domum</strong></span> <span class='ocrx_word' id='word_1_827' title='bbox 2187 5013 2281 5068; x_wconf 89' lang='lat' dir='ltr'><strong>Dei</strong></span> <span class='ocrx_word' id='word_1_828' title='bbox 2311 5011 2482 5068; x_wconf 90' lang='lat' dir='ltr'><strong>Jacob</strong></span> <span class='ocrx_word' id='word_1_829' title='bbox 2535 5030 2698 5085; x_wconf 91' lang='lat' dir='ltr'><strong>supra</strong></span> <span class='ocrx_word' id='word_1_830' title='bbox 2757 5014 3070 5085; x_wconf 87' lang='lat' dir='ltr'><strong>appellavit,</strong></span> <span class='ocrx_word' id='word_1_831' title='bbox 3125 5013 3492 5085; x_wconf 87' lang='lat' dir='ltr'><strong>proditurum.</strong></span> 
     </span>
    </p>
   </div>
   <div class='ocr_carea' id='block_1_109' title="bbox 1921 5098 3496 5179">
    <p class='ocr_par' dir='ltr' id='par_1_109' title="bbox 1921 5098 3496 5179">
     <span class='ocr_line' id='line_1_109' title="bbox 1921 5098 3496 5179; baseline 0.003 -20"><span class='ocrx_word' id='word_1_832' title='bbox 1921 5105 2160 5162; x_wconf 82' lang='lat' dir='ltr'><strong>Verbum</strong></span> <span class='ocrx_word' id='word_1_833' title='bbox 2195 5098 2452 5178; x_wconf 24' lang='lat' dir='ltr'><strong>igitur‘ad</strong></span> <span class='ocrx_word' id='word_1_834' title='bbox 2479 5124 2670 5164; x_wconf 91' lang='lat' dir='ltr'><strong>omnes</strong></span> <span class='ocrx_word' id='word_1_835' title='bbox 2707 5118 2895 5179; x_wconf 88' lang='lat' dir='ltr'><strong>gentes</strong></span> <span class='ocrx_word' id='word_1_836' title='bbox 2926 5107 3187 5179; x_wconf 88' lang='lat' dir='ltr'><strong>prodiens</strong></span> <span class='ocrx_word' id='word_1_837' title='bbox 3213 5107 3496 5179; x_wconf 86' lang='lat' dir='ltr'><strong>judicatu-</strong></span> 
     </span>
    </p>
   </div>
   <div class='ocr_carea' id='block_1_110' title="bbox 1920 5199 3496 5272">
    <p class='ocr_par' dir='ltr' id='par_1_110' title="bbox 1920 5199 3496 5272">
     <span class='ocr_line' id='line_1_110' title="bbox 1920 5199 3496 5272; baseline 0.001 -18"><span class='ocrx_word' id='word_1_838' title='bbox 1920 5215 2041 5254; x_wconf 91' lang='lat' dir='ltr'><strong>rum</strong></span> <span class='ocrx_word' id='word_1_839' title='bbox 2073 5200 2216 5254; x_wconf 89' lang='lat' dir='ltr'><strong>inter</strong></span> <span class='ocrx_word' id='word_1_840' title='bbox 2247 5201 2451 5256; x_wconf 92' lang='lat' dir='ltr'><strong>multos</strong></span> <span class='ocrx_word' id='word_1_841' title='bbox 2475 5200 2706 5271; x_wconf 90' lang='lat' dir='ltr'><strong>populos</strong></span> <span class='ocrx_word' id='word_1_842' title='bbox 2728 5207 2783 5255; x_wconf 88' lang='lat' dir='ltr'><strong>et</strong></span> <span class='ocrx_word' id='word_1_843' title='bbox 2804 5210 2993 5272; x_wconf 87' lang='lat' dir='ltr'><strong>gentes</strong></span> <span class='ocrx_word' id='word_1_844' title='bbox 3018 5199 3186 5255; x_wconf 84' lang='lat' dir='ltr'><strong>fortes</strong></span> <span class='ocrx_word' id='word_1_845' title='bbox 3213 5207 3496 5270; x_wconf 85' lang='lat' dir='ltr'><strong>correptu-</strong></span> 
     </span>
    </p>
   </div>
   <div class='ocr_carea' id='block_1_111' title="bbox 1919 5292 3496 5364">
    <p class='ocr_par' dir='ltr' id='par_1_111' title="bbox 1919 5292 3496 5364">
     <span class='ocr_line' id='line_1_111' title="bbox 1919 5292 3496 5364; baseline 0.001 -17"><span class='ocrx_word' id='word_1_846' title='bbox 1919 5309 2040 5348; x_wconf 90' lang='lat' dir='ltr'><strong>rum</strong></span> <span class='ocrx_word' id='word_1_847' title='bbox 2090 5294 2415 5360; x_wconf 90' lang='lat' dir='ltr'><strong>nuntiatur,</strong></span> <span class='ocrx_word' id='word_1_848' title='bbox 2480 5303 2804 5364; x_wconf 90' lang='lat' dir='ltr'><strong>tantumque</strong></span> <span class='ocrx_word' id='word_1_849' title='bbox 2863 5292 3210 5364; x_wconf 79' lang='lat' dir='ltr'><strong>profuturum</strong></span> <span class='ocrx_word' id='word_1_850' title='bbox 3281 5293 3496 5363; x_wconf 85' lang='lat' dir='ltr'><strong>proprio</strong></span> 
     </span>
    </p>
   </div>
   <div class='ocr_carea' id='block_1_112' title="bbox 1914 5384 3497 5456">
    <p class='ocr_par' dir='ltr' id='par_1_112' title="bbox 1914 5384 3497 5456">
     <span class='ocr_line' id='line_1_112' title="bbox 1914 5384 3497 5456; baseline -0.001 -18"><span class='ocrx_word' id='word_1_851' title='bbox 1914 5384 2123 5456; x_wconf 89' lang='lat' dir='ltr'><strong>judicio</strong></span> <span class='ocrx_word' id='word_1_852' title='bbox 2157 5395 2210 5440; x_wconf 90' lang='lat' dir='ltr'><strong>et</strong></span> <span class='ocrx_word' id='word_1_853' title='bbox 2257 5386 2604 5456; x_wconf 88' lang='lat' dir='ltr'><strong>correptione</strong></span> <span class='ocrx_word' id='word_1_854' title='bbox 2633 5386 2702 5441; x_wconf 90' lang='lat' dir='ltr'><strong>iis</strong></span> <span class='ocrx_word' id='word_1_855' title='bbox 2745 5386 2836 5456; x_wconf 92' lang='lat' dir='ltr'><strong>qui</strong></span> <span class='ocrx_word' id='word_1_856' title='bbox 2867 5386 3197 5456; x_wconf 86' lang='lat' dir='ltr'><strong>corripiendi</strong></span> <span class='ocrx_word' id='word_1_857' title='bbox 3261 5396 3410 5451; x_wconf 84' lang='lat' dir='ltr'><strong>sunt,</strong></span> <span class='ocrx_word' id='word_1_858' title='bbox 3439 5392 3497 5438; x_wconf 89' lang='lat' dir='ltr'><strong>ut</strong></span> 
     </span>
    </p>
   </div>
   <div class='ocr_carea' id='block_1_113' title="bbox 1923 5477 3495 5548">
    <p class='ocr_par' dir='ltr' id='par_1_113' title="bbox 1923 5477 3495 5548">
     <span class='ocr_line' id='line_1_113' title="bbox 1923 5477 3495 5548; baseline 0.002 -19"><span class='ocrx_word' id='word_1_859' title='bbox 1923 5477 2161 5548; x_wconf 88' lang='lat' dir='ltr'><strong>priorem</strong></span> <span class='ocrx_word' id='word_1_860' title='bbox 2195 5479 2551 5533; x_wconf 89' lang='lat' dir='ltr'><strong>immutantes</strong></span> <span class='ocrx_word' id='word_1_861' title='bbox 2576 5487 2828 5534; x_wconf 90' lang='lat' dir='ltr'><strong>sanctum</strong></span> <span class='ocrx_word' id='word_1_862' title='bbox 2861 5488 2914 5534; x_wconf 91' lang='lat' dir='ltr'><strong>et</strong></span> <span class='ocrx_word' id='word_1_863' title='bbox 2960 5477 3214 5534; x_wconf 88' lang='lat' dir='ltr'><strong>hostilem</strong></span> <span class='ocrx_word' id='word_1_864' title='bbox 3248 5477 3495 5533; x_wconf 84' lang='lat' dir='ltr'><strong>habitum</strong></span> 
     </span>
    </p>
   </div>
   <div class='ocr_carea' id='block_1_114' title="bbox 1923 5569 3493 5643">
    <p class='ocr_par' dir='ltr' id='par_1_114' title="bbox 1923 5569 3493 5643">
     <span class='ocr_line' id='line_1_114' title="bbox 1923 5569 3493 5643; baseline 0 -19"><span class='ocrx_word' id='word_1_865' title='bbox 1923 5577 2214 5626; x_wconf 89' lang='lat' dir='ltr'><strong>mansueto</strong></span> <span class='ocrx_word' id='word_1_866' title='bbox 2243 5577 2297 5625; x_wconf 91' lang='lat' dir='ltr'><strong>et</strong></span> <span class='ocrx_word' id='word_1_867' title='bbox 2349 5569 2694 5640; x_wconf 85' lang='lat' dir='ltr'><strong>paciﬁco.....</strong></span> <span class='ocrx_word' id='word_1_868' title='bbox 2740 5569 2868 5626; x_wconf 74' lang='lat' dir='ltr'><strong>Haec</strong></span> <span class='ocrx_word' id='word_1_869' title='bbox 2919 5569 3138 5642; x_wconf 90' lang='lat' dir='ltr'><strong>quidem</strong></span> <span class='ocrx_word' id='word_1_870' title='bbox 3186 5570 3493 5643; x_wconf 83' lang='lat' dir='ltr'><strong>prOphetia.</strong></span> 
     </span>
    </p>
   </div>
   <div class='ocr_carea' id='block_1_115' title="bbox 1923 5661 3494 5734">
    <p class='ocr_par' dir='ltr' id='par_1_115' title="bbox 1923 5661 3494 5734">
     <span class='ocr_line' id='line_1_115' title="bbox 1923 5661 3494 5734; baseline 0.001 -18"><span class='ocrx_word' id='word_1_871' title='bbox 1923 5661 2078 5718; x_wconf 81' lang='lat' dir='ltr'><strong>Nunc</strong></span> <span class='ocrx_word' id='word_1_872' title='bbox 2112 5678 2243 5719; x_wconf 87' lang='lat' dir='ltr'><strong>vero</strong></span> <span class='ocrx_word' id='word_1_873' title='bbox 2276 5663 2670 5734; x_wconf 80' lang='lat' dir='ltr'><strong>speculandum</strong></span> <span class='ocrx_word' id='word_1_874' title='bbox 2723 5678 2908 5720; x_wconf 89' lang='lat' dir='ltr'><strong>an.....</strong></span> <span class='ocrx_word' id='word_1_875' title='bbox 2963 5663 3262 5720; x_wconf 78' lang='lat' dir='ltr'><strong>Salvatoris</strong></span> <span class='ocrx_word' id='word_1_876' title='bbox 3322 5665 3494 5720; x_wconf 88' lang='lat' dir='ltr'><strong>nostri</strong></span> 
     </span>
    </p>
   </div>
  </div>
