3974 6548
465 446 605 500 Ηὲδ
1105 435 1378 492 EUSEBII
1425 433 1906 489 CESABIENSIS
1937 431 2062 488 OPP

2160 431 2312 486 'ARS
2345 431 2430 488 ΙΙΙ.
2473 461 2540 475 -υ
2581 425 2997 484 ΕΧΕΟΕΤΙΟΑς
3583 421 3720 477 ﬂ“

465 560 812 633 praesentiam
870 563 1092 625 propter
1149 551 1599 608 aediﬁcantes“...
1671 551 2062 623 sanguinibus‘

2164 551 2355 620 λὲγχου
2383 550 2508 612 τοὺς
2539 545 3050 618 ὲλεγχϐησομένους,
3169 541 3270 610 τῆς
3303 539 3570 633 προτέρας
3607 559 3716 633 με-

467 631 854 722 prophetarum
883 647 1160 717 ipsiusque
1187 643 1389 718 Clu-isti
1422 654 1476 698 et
1535 684 1549 696 .
1572 688 1585 698 .
1619 684 1629 696 .
1663 687 1678 700 .
1711 687 1725 700 .
1767 644 2032 700 stolorum

2160 640 2466 702 ςαϐαλόντας
2505 639 2664 708 ἁγίας
2707 637 2802 690 καὶ
2845 632 3144 704 πολεμικῆς
3187 631 3572 694 καταστάσεως
3621 631 3716 684 τὸν

468 720 588 814 ejus
606 761 620 810 ;
648 757 785 812 quos
807 741 864 794 in
893 736 1328 808 ipsterusalem
1370 734 1680 792 Iudaeorum
1712 735 1935 791 sustulit

2160 733 2340 804 ᾖρεμον
2370 731 2462 785 καὶ
2489 729 2759 802 εἰρηνικὸν
2784 730 2891 780 ἐπ.
2938 765 2952 778 .
2997 764 3010 777 .
3054 765 3068 777 .
3113 764 3130 777 .
3177 762 3191 776 .
3234 762 3248 776 .
3294 761 3310 776 .
3351 761 3370 776 .
3405 720 3718 790 Ταῦταμὲν

470 811 752 904 (populus)
877 841 1099 901 propter
1114 844 1210 884 eos
1241 830 1332 898 qui
1353 843 1690 898 quaecunque
1726 829 1779 882 in
1801 827 2038 898 prophe-

2160 845 2170 896 λ
2203 823 2506 896 προφητεία
2525 840 2538 852 ·
2569 824 2788 876 σκοπεῖν
2813 821 2872 874 δὲ
2909 817 3168 889 πάρεστιν
3201 818 3316 886 είμ.
3342 854 3358 868 .
3385 857 3400 869 .
3427 857 3440 868 .
3473 853 3488 868 .
3521 856 3534 866 .
3572 853 3586 866 .
3611 811 3711 864 τοῦ

471 927 543 980 lia
564 924 858 980 sustul.....
887 929 1146 977 curantes
1173 920 1304 976 Sion
1325 933 1562 978 montem
1585 921 1734 975 velut
1767 933 2036 988 nusquam

2160 918 2391 987 Ξωτῆρος
2409 914 2563 986 ἡμῶν
2587 913 2883 984 παρουσίαν
2897 912 2986 968 διὰ
2998 913 3123 976 τοὺς
3137 909 3387 978 οἰκοδομή
3395 922 3638 967 σαντας..

471 1017 606 1070 alias
785 1013 1086 1068 Jerusalem
1145 1021 1452 1084 expugnata
1499 1023 1600 1068 est.
1636 1011 1878 1078 Quorum
1915 1019 2038 1080 post

2160 1013 2251 1067 τοῖς
2289 1007 2480 1078 αἵμασι
2514 1007 2622 1060 τῶν
2649 1023 2707 1058 τε
2743 1003 3032 1078 προφητῶν
3051 1003 3143 1058 καὶ
3168 998 3332 1056 αὐτοῦ
3355 998 3450 1052 τοῦ
3473 995 3714 1067 Χριστοῦ

471 1105 908 1178 reprobationem
1080 1113 1132 1159 et
1162 1103 1292 1158 Sion
1321 1121 1479 1160 mons
1501 1106 1737 1160 caelestis
1761 1103 1874 1160 Dei.
1901 1102 2046 1170 Quo-

2160 1103 2238 1155 ια).
2257 1119 2355 1156 τω.
2377 1141 2390 1154 .
2425 1142 2437 1154 .
2483 1140 2496 1153 .
2532 1139 2546 1152 .
2587 1099 2692 1152 λων
2737 1097 2921 1151 αὑτοῦ⁸
2957 1095 3052 1160 οὓς
3084 1098 3140 1150 ὲν
3172 1095 3306 1164 αὐτῇ
3341 1093 3407 1162 τῇ
3445 1091 3716 1160 Ἰερουσα-

471 1213 592 1252 rum
619 1198 958 1254 exsistebant
1153 1198 1347 1252 umbra
1391 1205 1445 1251 et
1477 1199 1588 1268 typi
1626 1205 1680 1252 et
1708 1196 2041 1266 exemplaria

2160 1193 2258 1264 ίὴμ
2285 1195 2313 1247 ό
2351 1191 2616 1247 Ἰουδαίων
2641 1191 2818 1244 ἀνεῖλε
2849 1187 2880 1241 λ
2905 1228 2920 1242 .
2966 1228 2982 1243 .
3023 1228 3040 1242 .
3084 1227 3101 1244 .
3143 1227 3157 1241 .
3187 1185 3275 1238 διὰ
3297 1185 3424 1247 τοὺς
3451 1181 3520 1234 τὰ
3549 1177 3714 1232 λοιπά

473 1290 727 1346 omnibus
758 1291 825 1343 iis
852 1289 944 1358 qui
1163 1287 1333 1342 Deum
1377 1305 1473 1359 per
1523 1289 1802 1344 Christum
1849 1303 2044 1360 perve-

2160 1287 2247 1338 ica
2277 1284 2340 1356 δὴ
2376 1285 2433 1336 ὲν
2467 1286 2534 1354 τῇ
2579 1281 2881 1354 προφητείᾳ
2909 1279 3124 1335 κατεῖλε
3167 1317 3182 1332 .
3227 1318 3241 1330 .
3285 1317 3298 1329 .
3345 1317 3360 1331 .
3401 1313 3417 1328 .
3462 1313 3478 1326 .
3523 1314 3538 1326 .
3581 1310 3595 1323 .
3636 1309 3654 1323 .
3697 1311 3714 1324 .

473 1382 624 1437 uisse
656 1379 946 1436 manifeste
975 1380 1077 1435 visi
1105 1387 1250 1436 sunt.

2160 1377 2489 1448 μελήσαντας
2511 1375 2570 1428 τὸ
2599 1374 2736 1428 Σιὼν
2761 1375 2885 1444 ὅρος
2905 1373 2980 1436 ὠς
3001 1370 3340 1425 οὐδεπώποτε
3361 1365 3551 1420 ἄλλοτε
3573 1403 3588 1415 .
3615 1403 3628 1414 .
3653 1405 3670 1416 .
3697 1399 3714 1414 .

487 1475 839 1548 Ἰερουσαλὴμ
867 1476 1318 1547 πετιολιόρκηται⁹
1361 1469 1434 1530 ὧν
1475 1475 1611 1546 μετὰ
1648 1477 1745 1546 τὴν
1797 1476 2074 1546 ἐρήμωσιν
2111 1475 2144 1545 ἡ
2177 1475 2248 1527 ἐπ
2288 1513 2302 1527 .
2346 1513 2360 1526 .
2405 1513 2418 1526 .
2464 1512 2476 1524 .
2520 1512 2534 1525 .
2582 1511 2594 1525 .
2631 1470 2724 1522 καὶ
2752 1471 2814 1520 τδ
2845 1467 2986 1520 Σιὼν
3011 1467 3134 1538 ὅρος
3157 1465 3220 1518 τὸ
3244 1461 3566 1548 ἐπουράνιον

475 1566 629 1619 Θεοῦ·
691 1560 767 1619 ὧν
799 1565 1092 1635 ἐτύγχανον
1153 1583 1186 1618 τ
1228 1605 1242 1618 .
1289 1606 1301 1619 .
1346 1607 1361 1621 .
1405 1603 1420 1620 .
1453 1565 1579 1618 σκιὰ
1628 1566 1721 1618 καὶ
1748 1565 1908 1618 τύποι
1949 1564 2043 1617 καὶ
2071 1562 2486 1634 παραδείγματα
2519 1560 2650 1612 πᾶσι
2675 1559 2785 1620 τοῖς
2817 1555 2896 1618 εἱς
2926 1553 3018 1608 τὸν
3063 1595 3076 1608 .
3119 1589 3136 1606 .
3180 1591 3193 1605 .
3236 1591 3251 1605 .
3296 1594 3310 1605 .
3355 1590 3370 1603 .
3417 1589 3430 1601 .
3472 1546 3606 1601 Θεὸν
3630 1540 3718 1595 διὰ

477 1658 713 1731 Χριστοῦ
744 1658 1169 1731 προσεληλυθόσι
1199 1660 1601 1729 πεφανέρωται.

1053 1785 1284 1842 CAPUT
1318 1785 1461 1842 XIX.

1103 1897 1190 1952 Ea:
1217 1899 1418 1955 eodem.

2663 1771 3054 1830 ΚΕΦΑΛΑΙΟΝ
3104 1772 3206 1825 19'.

2672 1886 2812 1944 Ἀπὸ
2849 1886 2956 1941 τοῦ
2987 1885 3190 1940 αὑτοῦ.

555 2035 580 2067 «η
613 2014 680 2068 Ει
708 2021 766 2068 tu
790 2013 1125 2078 Bethlehem,
1157 2013 1354 2069 domus
1384 2012 1656 2084 Ephratae,
1693 2013 1958 2084 parvulus
1987 2029 2046 2068 es

2228 2050 2246 2081 ‹
2265 2029 2374 2084 Καὶ
2397 2029 2482 2092 σὺ,
2515 2025 2780 2097 Βηθλεὲμ,
2800 2019 2944 2086 οἶκος
2977 2021 3068 2076 τοῦ
3085 2019 3346 2093 Ἐφραθὰ,
3378 2019 3654 2088 ὀλιγοστὸς
3675 2015 3724 2072 εἳ

483 2109 536 2162 in
583 2108 824 2164 millibus
863 2105 1046 2172 Juda;
1095 2122 1160 2162 ex
1209 2115 1264 2161 te
1295 2107 1429 2161 mihi
1493 2105 1803 2177 egredietur
1852 2108 1944 2176 qui
1979 2108 2050 2162 sit

483 2199 800 2254 Dominator
831 2199 887 2252 in
912 2197 1100 2262 Israel,
1135 2207 1190 2252 et
1221 2213 1478 2270 egressus
1527 2198 1648 2267 ejus
1677 2197 1745 2251 ab
1802 2197 1988 2261 initio,
2019 2211 2052 2249 a

480 2291 674 2345 diebus
719 2290 1042 2345 aeternitatis
1087 2291 1158 2356 δν
1193 2309 1212 2341 ι
1434 2289 1531 2344 His
1576 2291 1931 2345 stabiliuntur
1985 2289 2052 2344 de

480 2381 700 2438 Christo
723 2381 1065 2435 documenta.
1093 2379 1274 2435 Unum
1321 2395 1448 2435 vero
1483 2380 1798 2444 Marcionis,
1834 2377 2088 2435 caetero-'

483 2487 712 2542 rumque
733 2471 1116 2526 haereticorum
1145 2470 1352 2526 erroris
1542 2472 1772 2526 alterum
1803 2471 2053 2525 Artemo-

484 2567 570 2620 nis
600 2573 654 2620 et
679 2564 1034 2622 Samosatens
1227 2563 1610 2620 Ebionaaorum
1641 2571 1910 2635 quotquot
1941 2579 2051 2618 non

483 2656 863 2726 prmexsistere
902 2657 1297 2712 incarnationis
1505 2664 1886 2726 susceperunt.
1942 2655 2053 2712 Hos

483 2749 628 2804 enim
663 2751 757 2819 qui
802 2765 914 2804 non
959 2747 1291 2804 conﬁtentur
1331 2763 1456 2804 eum
1649 2746 1819 2802 Deum
1870 2752 2056 2818 aperte

2151 2119 2244 2174 τοῦ
2282 2119 2421 2173 εἶναι
2462 2116 2541 2188 ὲ(ν
2615 2115 2870 2187 χιλι)άσιν
2919 2111 3106 2165 Ἰούδα·
3139 2110 3198 2176 ἐξ
3226 2102 3288 2163 οὗ
3323 2127 3412 2181 μοι
3446 2109 3720 2173 ἐξελεύσε-

2148 2231 2236 2266 ται
2269 2211 2434 2280 Ἦγοὺ
2443 2226 2601 2282 μενος
2635 2207 2729 2260 τοῦ
2754 2201 2889 2258 εἶναι
2917 2206 2995 2267 εἰς
3018 2200 3294 2274 ἄρχο(ντα)
3313 2204 3370 2254 ὲν
3391 2201 3470 2270 τῷ
3487 2199 3716 2270 Ἰσραήλ·

2149 2307 2242 2358 καὶ⁸
2279 2303 2335 2356 αἱ
2359 2302 2526 2368 ἔξοδοι
2553 2297 2718 2354 αὐτοῦ
2743 2299 2836 2351 ἀπ’
2862 2297 3034 2366 ἀρχῆς
3052 2294 3108 2360 ἐξ
3137 2291 3358 2364 ἡμερῶν
3383 2290 3712 2345 uicinum...»

2153 2396 2252 2448 Διὰ
2279 2394 2482 2448 τούτων
2513 2392 2776 2462 δείγματα
2815 2389 2943 2457 περὶ
2979 2385 3072 2439 τοῦ
3103 2383 3337 2456 Χριστοῦ
3371 2383 3712 2453 παρίσταται·

2151 2487 2208 2539 ἒν
2243 2487 2344 2557 μὲν
2371 2486 2470 2555 τῆς
2505 2483 2687 2555 (κα)τὰ
2719 2480 3020 2552 Μαρκίωνα
3053 2477 3148 2531 καὶ
3184 2476 3311 2540 τοὺς
3331 2475 3552 2539 λοιποὺς
3573 2477 3718 2546 αἱρε-

2155 2577 2352 2640 σιώτας
2383 2577 2646 2647 πλάνηςὲ
2689 2614 2702 2628 .
2749 2614 2762 2627 .
2805 2615 2819 2626 .
2863 2613 2876 2626 .
2922 2613 2935 2626 .
2981 2613 2996 2626 .
3041 2613 3055 2626 .
3098 2609 3111 2622 .
3155 2611 3170 2625 .
3219 2610 3234 2624 .
3265 2569 3494 2639 Θάτερον
3529 2569 3586 2622 δὲ
3623 2567 3716 2636 τῆς

2152 2669 2292 2724 κατὰ
2319 2667 2634 2741 ’Δρτέμωνα
2661 2667 2755 2720 καὶ
2775 2665 2862 2717 τὸν
2881 2662 3181 2734 Σαμοσατέ.
3228 2702 3241 2716 .
3275 2700 3291 2715 .
3323 2700 3338 2714 .
3377 2699 3392 2713 .
3423 2699 3438 2713 .
3474 2701 3491 2715 .
3533 2658 3716 2712 Ἐὸιω-

2154 2761 2318 2814 ναίων
2349 2777 2410 2812 τε
2447 2759 2559 2811 ὅσοι
2585 2756 2658 2828 μὴ
2683 2757 2926 2827 προεῖναι
2957 2753 3058 2823 τῆς
3079 2749 3550 2822 ὲνανθρωπήσεως
3590 2790 3605 2803 .
3645 2787 3660 2801 .
3695 2787 3712 2802 .

482 2841 834 2912 prOpheticus
881 2841 1130 2896 confutat
1183 2855 1364 2896 sermo
1403 2841 1695 2910 .....quasi
1754 2857 1772 2890 ι
1801 2853 2057 2908 egressus

2160 2890 2171 2904 .
2215 2889 2228 2901 .
2273 2888 2287 2902 .
2333 2889 2347 2901 .
2388 2847 2784 2919 ὒπειλὴφασιν·
2831 2845 2956 2905 τοὺς
3003 2841 3100 2912 μὲν
3146 2840 3255 2911 γὰρ
3293 2839 3368 2912 μὴ
3405 2837 3716 2909 ὁμολογοῦν-

483 2931 606 3001 ejus
637 2933 707 2986 ab
733 2932 912 2996 initio,
939 2947 970 2985 a
1001 2932 1193 2987 diebus
1215 2931 1533 2986 aeternitatis
1570 2949 1590 2982 ι
1761 2929 2056 2986 Marcionis

2160 2955 2251 3003 τας
2283 2938 2460 2992 αὐτὸν.
2505 2975 2520 2990 .
2565 2979 2577 2990 .
2622 2976 2637 2989 .
2681 2975 2694 2988 .
2724 2975 2753 2996 ,.
2800 2976 2811 2991 .
2858 2974 2872 2987 .
2915 2975 2928 2988 .
2973 2974 2987 2989 .
3023 2933 3153 2987 Θεὸν
3188 2931 3371 3000 σαφῶς
3404 2931 3433 2982 ό
3465 2945 3720 3000 προφητιο

487 3031 670 3080 autem
699 3033 754 3080 et
783 3034 1008 3080 ca‘teras
1191 3023 1248 3077 in
1271 3037 1460 3077 errore
1479 3021 1712 3077 versatis
1742 3027 1906 3090 atque
1944 3037 2055 3076 non

2160 3031 2252 3094 κὸς
2280 3029 2541 3100 διελέγχει
2569 3028 2726 3096 λόγος
2757 3044 2816 3079 τε
2861 3065 2874 3078 .
2921 3065 2934 3079 .
2978 3065 2994 3081 .
3039 3065 3052 3078 .
3097 3065 3112 3077 .
3158 3064 3170 3076 .
3217 3063 3232 3075 .
3275 3065 3289 3076 .
3333 3059 3348 3076 .
3395 3063 3410 3075 .
3455 3061 3468 3074 .
3511 3020 3584 3083 ὡς
3617 3020 3730 3091 ἄρα-

486 3117 910 3186 agnoscentibus
979 3131 1112 3186 eum
1159 3155 1172 3170 .
1209 3155 1222 3168 .
1251 3155 1264 3167 .
1298 3154 1312 3168 .
1353 3155 1368 3168 .
1432 3129 1540 3168 non
1616 3114 1763 3184 quod
1837 3114 2056 3185 agnitus

2163 3143 2182 3176 ι
2208 3126 2262 3177 αἱ
2293 3123 2459 3187 ἔξοδοι
2489 3121 2654 3176 αὐτοῦ
2685 3124 2780 3175 ἀπ’
2807 3119 2980 3192 ἀρχῆς
3022 3138 3040 3170 ι
3071 3115 3166 3172 καὶ
3203 3137 3222 3170 ι
3258 3115 3314 3183 ἐξ
3345 3113 3567 3186 ἡμερῶν
3587 3131 3711 3168 α...ι

487 3219 657 3265 erata
701 3211 904 3280 populo
1099 3206 1495 3263 ostendendum
1543 3206 1690 3276 quod
1736 3206 2054 3277 praedictum

2163 3255 2176 3268 .
2221 3257 2235 3271 .
2282 3255 2294 3268 .
2339 3254 2352 3266 .
2400 3257 2413 3268 .
2457 3256 2470 3268 .
2515 3252 2530 3268 .
2570 3231 2740 3268 νουσι·
2767 3216 2880 3278 τοῖς
2913 3213 2969 3266 δὲ
3003 3211 3141 3266 κατὰ
3171 3209 3474 3281 Μαρκίωνα
3509 3207 3718 3266 καὶτὰς

408 3309 414 3316 ’
487 3307 572 3357 est
601 3301 668 3356 de
691 3301 1044 3372 generatione
1213 3300 1305 3352 lux
1329 3313 1501 3368 usque
1525 3313 1674 3352 nunc
1707 3299 1774 3353 ab
1798 3298 1933 3368 ipsis
1967 3299 2054 3352 in-

2161 3306 2352 3369 λοιπὰς
2392 3345 2406 3358 .
2450 3345 2465 3358 .
2511 3346 2524 3358 .
2571 3346 2584 3360 .
2627 3345 2640 3359 .
2685 3347 2699 3360 .
2747 3348 2760 3360 .
2805 3347 2819 3360 .
2863 3345 2876 3358 .
2923 3347 2937 3360 .
2982 3347 2995 3360 .
3035 3321 3148 3367 σεις
3173 3301 3611 3374 πεπλανημένοις
3635 3301 3720 3355 καὶ

487 3393 624 3450 colis
786 3391 954 3458 Quasi
974 3407 1041 3447 ex
1077 3391 1370 3446 traditione
1403 3389 1459 3444 in
1485 3389 1800 3446 Bethlehem
1831 3389 1938 3445 loci
1963 3390 2057 3445 ubi

2165 3399 2240 3470 μὴ
2277 3398 2622 3470 ὁμολογοῦσιν
2655 3399 2776 3453 αὐτ.
2821 3439 2834 3451 .
2877 3436 2892 3451 .
2937 3441 2951 3453 .
2996 3439 3010 3454 .
3053 3437 3067 3451 .
3111 3438 3126 3452 .
3169 3435 3186 3460 ._
3227 3436 3242 3450 .
3283 3434 3298 3446 .
3340 3401 3384 3467 ρ’
3423 3393 3720 3462 καγένεσιν,

645 3484 862 3556 genitus
889 3491 1009 3552 est;
1061 3490 1226 3554 atque
1257 3484 1327 3538 ab
1379 3483 1514 3553 ipsis
1547 3483 1752 3539 sanctis
1787 3481 2058 3554 evangeli-

2166 3490 2286 3562 μηδ’
2314 3491 2396 3543 ὅτι
2452 3489 2688 3559 ἔγνωστο
2715 3491 2820 3543 ὑπὸ
2849 3489 2958 3543 τῶν
2991 3488 3084 3542 τοῦ
3123 3489 3317 3558 δημιου
3356 3523 3371 3539 .
3415 3525 3430 3538 .
3474 3529 3488 3541 .
3534 3527 3548 3539 .
3591 3525 3604 3538 .
3645 3524 3658 3536 .
3693 3499 3722 3534 ν

489 3577 591 3632 stis
762 3575 821 3630 EI
845 3573 1050 3632 Iudaeis
1081 3575 1481 3631 ostendendum
1513 3575 1660 3645 quod
1707 3575 1916 3630 dictum
1973 3582 2058 3628 est

2163 3582 2498 3653 παραθετέον
2525 3582 2615 3636 τὸν
2650 3581 3123 3653 προφητευόμενον
3155 3579 3256 3649 τῆς
3291 3577 3560 3646 γενέσεως
3598 3616 3612 3630 .
3653 3615 3666 3629 .
3703 3611 3720 3628 .

629 3667 940 3737 quicunque
969 3681 1208 3737 unquam
1233 3675 1382 3723 esset
1419 3667 1750 3722 contendere
1777 3665 2058 3737 pr0pheti—

2167 3713 2181 3727 .
2225 3713 2238 3726 .
2285 3716 2296 3726 .
2341 3713 2356 3727 .
2400 3715 2412 3727 .
2458 3715 2470 3727 .
2517 3714 2530 3727 .
2573 3691 2640 3727 σα
2670 3673 2785 3744 φῶς
2819 3676 2898 3738 εἰς
2927 3671 3084 3746 δεῦρο
3120 3673 3214 3725 καὶ
3249 3670 3384 3740 πρὸς
3413 3668 3594 3722 αὐτῶν
3625 3667 3728 3718 τῶν

489 3767 668 3814 natum
701 3760 846 3816 sicut
892 3759 1268 3830 imperfectum
1461 3759 1762 3814 secundum
1793 3773 1909 3814 eos.
1943 3757 2059 3812 Ma-

2163 3765 2471 3838 ἐπιχωρίων
2502 3764 2704 3835 μολάγο
2731 3806 2744 3819 .
2789 3805 2804 3817 .
2847 3803 2860 3816 .
2905 3801 2921 3816 .
2964 3803 2980 3815 .
3021 3778 3071 3814 υ·
3098 3760 3172 3824 ὡς
3205 3759 3270 3814 ἂν
3296 3759 3361 3811 ὲκ
3387 3753 3724 3828 παραδόσεως

489 3850 748 3906 nifestum
779 3859 962 3906 autem
989 3851 1136 3921 quod
1165 3858 1220 3906 et
1245 3851 1517 3906 mendacii
1561 3865 1789 3920 arguere
1815 3849 2056 3904 divinam

2161 3855 2255 3910 τοῦ
2282 3859 2339 3910 ὲν
2366 3855 2611 3926 Βηθλεὲμ
2635 3857 2798 3909 τόπου
2823 3855 2950 3908 ἔνθα
2991 3895 3006 3908 .
3047 3891 3060 3905 .
3105 3891 3119 3906 .
3163 3891 3178 3904 .
3221 3891 3232 3903 .
3275 3887 3292 3904 .
3337 3891 3351 3905 .
3387 3847 3722 3917 γεγέννηται·

631 3941 1026 4012 praevisionem.
1061 3939 1219 4007 Quod
1250 3942 1470 4012 quidem
1516 3941 1777 3997 salutaris
1805 3948 1860 3996 et
1893 3956 2059 3996 evan-

491 4031 698 4101 gelicus
722 4031 927 4088 Christi
955 4047 1138 4087 sermo
1165 4032 1418 4102 princeps
1441 4033 1774 4089 constitutus
1787 4041 1872 4089 est
1895 4033 2060 4103 spiri-

490 4122 618 4176 talis
647 4121 834 4187 lsrael,
859 4123 1078 4194 proprie
1103 4123 1411 4180 absconditi
1441 4123 1613 4180 Judaei
1649 4132 1704 4181 et
1721 4125 1901 4181 omnis
1921 4139 2060 4197 prae-

492 4215 740 4270 cellentis
773 4221 827 4270 et
859 4216 1192 4286 perspicacis
1233 4217 1428 4272 anima:
1469 4217 1636 4273 lsrael
1869 4219 2061 4274 existi-

491 4313 671 4363 malae.

2165 3951 2256 4004 καὶ
2287 3949 2422 4021 πρὸς
2458 3947 2635 4003 αὐτῶν
2671 3948 2728 4000 δὲ
2771 3948 2878 4000 τῶν
2914 3945 3072 4018 ἱερῶν
3103 3940 3500 4013 εὐαγγελιστῶν
3541 3977 3558 3993 .
3600 3977 3616 3990 .
3657 3977 3671 3990 .
3709 3973 3724 3986 .

2163 4043 2514 4114 τυρουμένου’
2557 4042 2652 4095 καὶ
2706 4039 2975 4102 Ἰουδαίοις
3011 4037 3067 4092 δὲ
3101 4033 3436 4108 προσακτέον
3469 4031 3530 4084 τὲ
3574 4029 3726 4101 ῥητὸν

2167 4169 2183 4186 .
2228 4171 2240 4182 .
2285 4169 2300 4184 .
2345 4172 2356 4183 .
2401 4169 2416 4184 .
2460 4171 2474 4184 .
2520 4171 2534 4185 .
2581 4171 2594 4183 .
2634 4147 2754 4183 υσιν
2793 4132 2852 4194 ὃς
2883 4128 2968 4193 τίς
3002 4128 3120 4183 ποτ’
3149 4127 3232 4198 εἰη
3267 4123 3616 4196 παραστῆσαι
3641 4117 3726 4172 τὸν

2166 4222 2638 4292 προφητευόμενον
2663 4221 2740 4284 ὡς
2760 4219 2924 4296 ἀτελῆ
2964 4259 2979 4273 .
3023 4258 3040 4274 .
3083 4259 3098 4272 .
3139 4261 3152 4274 .
3193 4217 3313 4271 κατ’
3333 4211 3554 4278 αὐτούς·
3577 4211 3726 4284 δῇλον

2166 4314 2210 4366 δ’
2239 4316 2318 4368 ὅτι
2346 4315 2439 4368 καὶ
2466 4315 2634 4385 ψευδῆ
2663 4313 3032 4385 διελέγχεσθαι
3051 4311 3146 4383 τὴν
3176 4311 3324 4364 Θείαν
3365 4350 3380 4363 .
3421 4347 3438 4361 .
3481 4347 3497 4361 .
3541 4349 3558 4362 .
3599 4344 3616 4360 .
3653 4342 3672 4360 .
3707 4339 3728 4360 .

493 4403 810 4476 πρόρρησιν·
859 4405 890 4458 ὃ
929 4423 994 4474 γε
1039 4406 1144 4478 μὴν
1187 4407 1452 4479 σωτήριος
1487 4408 1582 4462 καὶ
1611 4407 1964 4478 εὐαγγελικδς
1997 4409 2092 4464 τοῦ
2129 4413 2364 4484 Χριστοῦ
2408 4411 2564 4482 λόγος
2603 4412 2782 4482 ἄρχων
2820 4410 3052 4481 κατέστη
3095 4407 3188 4462 τοῦ
3243 4401 3432 4476 νοητοῦ
3497 4397 3726 4474 Ἰσραὴλ,

493 4495 696 4566 κυρίως
716 4497 812 4552 τοῦ
835 4501 892 4554 ἐν
921 4500 1150 4572 κρυπτῷ
1195 4501 1448 4555 Ἰουδαίου
1481 4503 1575 4556 καὶ
1607 4505 1790 4575 πάσης
1815 4504 1914 4575 τῆς
1945 4506 2200 4578 ἐναρέτου
2231 4509 2325 4562 καὶ
2350 4509 2660 4580 διοραιικῆς
2690 4507 2866 4578 ψυχῆς
2901 4503 3118 4577 Ἰσραὴλ
3155 4541 3172 4557 .
3215 4543 3230 4554 .
3273 4541 3287 4556 .
3329 4541 3342 4554 .
3389 4539 3404 4553 .
3447 4539 3464 4556 .
3509 4538 3526 4553 .
3569 4539 3583 4551 .

493 4591 806 4664 νοουμένης.

560 4723 626 4790 (Ε
649 4723 862 4782 Nahum
899 4728 1037 4784 nihil
1085 4731 1224 4786 satis
1259 4741 1619 4803 compertum,
1665 4748 1766 4788 nec
1790 4749 1898 4790 non
1921 4750 1984 4790 ex
2094 4747 2140 4802 ι)

1123 4820 1424 4895 Habacuc.)

1089 4957 1320 5014 CAPUT
1343 4957 1460 5014 XX.

1083 5067 1130 5122 E
1177 5039 1465 5140 sep/iouia.

569 5199 588 5231 ι
626 5180 967 5251 Quapropter
999 5189 1253 5251 exspecta
1285 5197 1394 5247 me,
1427 5181 1560 5237 dicit
1583 5181 1866 5250 Dominus,
1899 5186 1952 5240 in
1975 5185 2062 5242 die

491 5273 921 5328 resurrectionis
977 5287 1110 5328 mea:
1155 5274 1214 5328 in
1269 5272 1513 5329 futurum
1555 5293 1569 5342 ;
1620 5277 1748 5347 quia
1790 5278 2058 5348 judicium

493 5381 697 5430 meum,
723 5375 1126 5436 utcongregem
1149 5375 1338 5437 gentes
1367 5373 1421 5422 et
1465 5367 1716 5440 colligam
1749 5385 1915 5442 regna
1937 5372 2003 5428 ⁸⁷.
2038 5389 2056 5422 ι

493 5454 559 5509 Et
583 5471 680 5526 per
724 5457 830 5511 ista
853 5457 1050 5527 opinor
1079 5457 1375 5528 significari
1404 5474 1434 5512 a
1481 5461 1713 5514 mortuis
1740 5460 1941 5515 Christi
1975 5477 2062 5516 re-

494 5545 926 5612 surrectionem;
985 5563 1092 5616 qua
1146 5548 1461 5612 evenientc,
1527 5547 1768 5618 undique
1817 5550 2057 5620 gentium

493 5631 751 5692 Ecclesiae
779 5639 1228 5710 congregationes
1255 5641 1648 5696 constituendae
1683 5642 2054 5713 praenuntian-

568 5817 814 5874 ιοιλῃριι,
851 5835 903 5882 γ,
931 5817 989 5872 2,
1063 5821 1105 5850 δτ
1148 5819 1312 5885 Soph.
1353 5834 1450 5885 in.
1484 5821 1534 5875 8.

3622 4511 3728 4548 επι·

2254 4728 2381 4800 (Τοῦ
2422 4728 2617 4797 Ναοίδμ
2649 4725 2816 4794 σαφὲς
2846 4722 3018 4788 οὐδὲν,
3053 4723 3146 4774 καὶ
3171 4719 3268 4773 τοῦ
3309 4715 3670 4790 ’Δμὸακούμ.)

2692 4947 3088 5004 ΚΕΦΑΛΛῘΟΝ
3121 4949 3204 5002 K'.

2639 5065 2772 5120 Ἀπὸ
2807 5063 2914 5118 τοῦ
2953 5062 3268 5132 Σοφονίου.

2246 5206 2263 5237 ι
2303 5185 2402 5238 Διά
2424 5183 2579 5238 τοῦτο
2613 5178 2902 5252 ὑπόμεινόν
2933 5195 3022 5249 με,
3055 5176 3202 5246 λέγει
3231 5177 3456 5246 Κύριος,
3489 5173 3568 5236 είς
3595 5169 3718 5242 ἠμέ-

2171 5293 2270 5348 ραν
2311 5272 2656 5336 ἀναστάσεὼς
2701 5289 2801 5342 μου
2834 5272 2915 5332 εἰς
2957 5267 3268 5342 μαρτύριον·
3301 5265 3434 5318 διότι
3471 5263 3532 5316 τὸ
3559 5261 3722 5334 κρῖμα

2174 5384 2274 5438 μου
2300 5368 2379 5429 εἰς
2414 5363 2476 5435 (f.
2512 5365 2572 5419 ’51
2607 5363 2684 5434 νο)
2727 5359 3044 5430 συναγωγὰς
3073 5357 3240 5411 ὲθνῶν
3271 5355 3364 5409 τοῦ
3395 5351 3718 5418 εἰσδέξασθαι

2170 5459 2425 5529 βασιλεῖς.
2460 5477 2478 5508 ι
2521 5457 2632 5510 Καὶ
2666 5455 2752 5508 διὰ
2789 5452 2992 5505 τούτων
3033 5445 3186 5520 οἶμαι
3215 5445 3500 5518 δηλοῦσθαι
3531 5443 3628 5514 τὴν
3662 5444 3718 5494 ἐκ

2167 5553 2372 5624 νεκρῶν
2414 5551 2706 5604 ἀνάστασιν
2745 5545 2838 5600 τοῦ
2889 5540 3144 5615 Χριστοῦ·
3179 5535 3247 5612 ἧς
3294 5535 3588 5607 γενομένης
3631 5533 3718 5595 τὰς

2167 5641 2436 5712 πανταχοῦ
2457 5637 2774 5708 συναγωγὰς
2797 5635 2894 5707 τῆς
2919 5631 2975 5700 ἐξ
3003 5631 3171 5688 ἐθνῶν
3185 5627 3378 5698 Ἐκκλη
3389 5625 3506 5690 σίας
3537 5625 3720 5692 συστή-
