3974 6518
581 463 716 518 ΗΠ

1284 453 1548 510 EUSEBII
1587 457 2067 515 CxESARIENSlS
2103 459 2250 516 OPP.
2288 454 2468 513 PARS
2496 454 2582 511 lll.
2609 485 2676 496 —-
2699 451 3107 508 EXEGETICA.

3605 457 3712 512 ιιιδ

579 590 703 629 eum
741 572 967 636 orietur.
1003 571 1066 628 "et
1118 572 1414 629 aediﬁcabit
1461 573 1720 644 templum
1775 573 2020 630 Domino.
2081 575 2128 628 El

2245 574 2392 642 λέγει
2443 572 2646 644 Κύριος
2695 569 3106 640 παντοκράτωρ·
3149 563 3296 628 Ἰδοὺ,
3341 565 3482 636 ἀνὴρ,
3519 566 3712 640 ’Δνατώὴ

581 666 700 736 ipse
749 665 982 734 portabit
1015 664 1264 734 gloriam,
1305 672 1359 720 et
1393 666 1624 730 sedebit,
1671 673 1726 721 et
1772 665 2142 722 dominabitur

579 771 745 827 sUper
775 755 913 810 solio
941 771 1063 819 suo,
1095 763 1152 811 et
1184 758 1287 811 erit
1321 757 1581 812 sacerdos
1612 773 1642 811 a
1673 758 1878 812 dextris
1905 758 2046 828 ejus,
2085 767 2142 814 et

576 847 867 902 consilium
917 847 1068 918 pacis
1101 849 1207 901 erit
1263 849 1406 902 inter
1455 849 1578 904 illos
1625 849 1784 904 duos.
1825 847 1892 902 Et
1925 864 2138 904 coronae

575 947 736 994 erunt
770 939 1217 1008 exspectantibus
1246 940 1314 994 ".
1355 959 1374 992 ι
1410 939 1546 994 Cum
1579 938 1914 995 Salvatorem
1954 949 2007 996 et
2035 941 2138 996 Do-

575 1030 780 1084 minum
811 1039 1058 1084 nostrum
1081 1029 1267 1085 Jesum
1289 1029 1564 1085 Christum
1593 1032 1828 1103 inclytus
1847 1031 2138 1103 Apostolus

578 1139 599 1174 r
635 1119 981 1176 Sacerdotem
1021 1122 1269 1192 Magnum
1301 1121 1664 1194 n(ominavit),
1701 1124 1794 1194 qui
1839 1127 2138 1195 penetravit

573 1213 744 1267 caelos
777 1213 842 1276 ⁸⁸,
887 1233 906 1264 ›
935 1213 1002 1266 ad
1037 1228 1161 1268 eum
1199 1227 1310 1267 non
1345 1214 1619 1268 immerito
1651 1215 1958 1270 referenda.
2002 1259 2016 1272 .
2062 1257 2073 1270 .
2120 1261 2134 1274 .

571 1311 626 1359 et
658 1305 750 1374 qui
779 1303 1080 1359 secundum
1107 1305 1451 1375 pr0phetiam
1490 1306 1680 1360 eodem
1713 1309 2036 1378 cognomine
2073 1324 2137 1364 ac

571 1395 778 1452 honore
815 1397 1125 1452 decoratus.
1157 1395 1280 1450 Haec
1311 1397 1520 1452 eadem.
1566 1439 1580 1452 .
1627 1439 1640 1454 .
1687 1440 1702 1455 .
1745 1439 1760 1453 .
1805 1439 1819 1452 .
1851 1397 2007 1454 Hune
2035 1399 2136 1471 igi-

571 1495 661 1542 tur
697 1487 962 1544 Dominus
993 1487 1236 1544 ostendit
1259 1490 1554 1559 prophetaa.
1599 1533 1613 1545 .
1659 1532 1674 1546 .
1718 1530 1732 1544 .
1781 1531 1796 1546 .
1840 1531 1854 1546 .
1899 1531 1914 1545 .
1956 1530 1970 1545 .
2015 1489 2140 1546 Sal-

569 1580 776 1633 vatoris
826 1579 1004 1634 nostri
1045 1579 1108 1633 ad
1139 1587 1386 1634 nostram
1417 1582 1788 1651 captivitatem
1823 1583 2132 1638 solvendam

569 1671 891 1726 descensum
927 1671 1269 1740 significans,
1303 1688 1434 1743 quo.
1479 1713 1494 1728 .
1536 1715 1551 1728 .
1597 1713 1612 1726 .
1663 1713 1678 1728 .
1727 1719 1745 1732 .
1797 1675 2138 1732 nuntiavisse

569 1761 800 1831 captivis
855 1762 1304 1831 redemptionem,
1337 1764 1486 1818 velut
1519 1774 1742 1820 nostras
1777 1766 1833 1819 in
1895 1767 2132 1837 scipsum

569 1853 876 1922 suscipiens
923 1853 1244 1922 iniquitates
1287 1853 1526 1910 sordidis
1555 1855 1698 1925 apud
1733 1871 1836 1911 nos
1867 1873 2001 1914 usus
2047 1867 2132 1914 est

567 1944 930 1998 vestimentis.
963 1943 1088 1999 l-lmc
1113 1943 1276 2000 Pater
1313 1955 1601 2002 cxuentem
1643 1947 1798 2017 jubet
1828 1947 2128 2005 divinitatis

2233 1946 2598 2016 αἰνιττόμενος
2647 1942 2894 2006 κάθοδον,
2938 1940 3059 1994 καθ’
3088 1939 3154 2010 ἣν
3195 1977 3210 1993 .
3259 1980 3270 1993 .
3318 1981 3331 1992 .
3373 1976 3390 1993 .
3433 1978 3446 1990 .
3485 1975 3499 1988 .
3537 1977 3550 1988 .
3584 1973 3596 1988 .

567 2051 848 2091 assumere
889 2035 1086 2091 divina:
1115 2043 1169 2092 et
1209 2037 1406 2092 decora
1435 2038 1636 2094 summi
1668 2039 1725 2094 in
1762 2041 1919 2097 caelis
1948 2057 2136 2098 sacer—

564 2127 700 2182 dotil
723 2128 974 2197 insignia.
1005 2127 1207 2182 Horum
1241 2135 1418 2184 autem
1441 2145 1508 2184 ex
1545 2129 1772 2185 historia
1803 2133 1890 2187 de.
1936 2173 1951 2187 .
1993 2173 2010 2188 .
2053 2176 2066 2190 .
2111 2173 2128 2190 .

561 2215 749 2273 Jesum
784 2220 962 2289 typice
994 2226 1052 2274 ut
1075 2220 1370 2276 verisimile
1398 2229 1482 2276 est
1521 2222 1664 2276 natis
1695 2222 1764 2277 ab
1795 2223 1902 2277 alio
1927 2225 2132 2294 princi-

563 2311 654 2379 pio
687 2311 911 2366 verbum
937 2311 1002 2365 ad
1038 2311 1215 2382 ipsum
1241 2312 1418 2366 virum
1447 2309 1633 2368 Jesum
1657 2321 1712 2368 et
1747 2313 1870 2370 illos
1892 2315 1984 2386 qui
2005 2329 2132 2370 cum

563 2417 648 2456 eo.
693 2441 708 2458 .
754 2443 768 2457 .
815 2445 828 2458 .
873 2442 888 2457 .
932 2445 946 2459 .
989 2445 1003 2462 .
1058 2403 1312 2473 dignatos
1362 2406 1658 2470 nominari,
1712 2407 1789 2460 ait
1845 2425 1858 2461 :
1918 2427 1937 2459 ‹
1991 2406 2132 2462 Ecce

562 2510 663 2564 ego
695 2495 958 2550 adducam
991 2495 1228 2568 (servum
1253 2497 1454 2570 meum)
1482 2495 1758 2553 Orientem
1783 2499 1845 2552 ⁸⁷.
1887 2518 1906 2552 ι
1938 2500 2001 2553 Et
2021 2515 2132 2554 non

562 2589 734 2642 multo
767 2595 892 2658 post
926 2609 938 2642 :
989 2607 1008 2641 ι
1041 2587 1290 2644 Coronas
1345 2589 1400 2644 in
1439 2591 1613 2660 ipsius
1645 2589 1774 2646 Jesu
1824 2592 2004 2662 capite
2029 2608 2130 2664 po-

560 2693 660 2732 nes
690 2678 754 2742 ",
801 2698 820 2731 ι
875 2680 1141 2749 subjicit:
1191 2699 1210 2732 ι
1265 2679 1392 2736 llam
1447 2682 1522 2736 ait
1575 2680 1839 2739 Dominus
1881 2685 2132 2756 omnipo—

562 2772 682 2820 tens
714 2764 890 2822 :Ecce
915 2769 1000 2822 vir
1028 2767 1224 2825 Oriens
1249 2784 1450 2824 nomen
1478 2771 1598 2839 ejus
1625 2771 1692 2827 °’.
1734 2791 1754 2824 ›
1787 2770 1853 2826 Ει
1881 2783 2025 2844 post.
2059 2815 2074 2829 .
2110 2817 2126 2832 .

561 2857 608 2926 (ι
635 2857 822 2911 subter
853 2861 1000 2932 eum)
1027 2860 1234 2916 orietur
1253 2869 1306 2916 et
1339 2859 1628 2916 azditicabit
1656 2864 1915 2934 templum
1947 2864 2130 2921 Domi-

559 2962 631 3001 no
651 2947 720 3012 ⁷ο,
745 2969 762 3000 ι
789 2957 909 3006 et...
927 2951 994 3006 ad
1010 2949 1286 3006 Christum
1307 2952 1594 3008 referenda
1607 2963 1824 3010 sunt....
1844 2957 2009 3027 hujus
2025 2957 2128 3013 loci

559 3037 1258 3106 scquentia.Verumtamen
1287 3038 1509 3099 Iudaeis.
1555 3085 1568 3100 .
1605 3085 1620 3099 .
1653 3086 1665 3100 .
1703 3084 1716 3098 .
1762 3086 1777 3101 .
1809 3048 2128 3115 ostendere;

559 3141 685 3180 cum
717 3128 932 3198 quidem
963 3131 1182 3190 minime
1214 3131 1529 3202 prophetam
1558 3149 1609 3190 a.
1643 3178 1654 3191 .
1694 3177 1709 3190 .
1755 3177 1768 3192 .
1813 3179 1825 3192 .
1847 3154 2033 3210 regno.
2066 3141 2129 3194 Et

558 3219 852 3289 prophetiae
897 3223 1254 3292 temporibus.
1297 3264 1312 3279 .
1356 3264 1370 3280 .
1417 3267 1430 3280 .
1476 3266 1488 3278 .
1532 3267 1546 3280 .
1593 3267 1606 3281 .
1653 3271 1666 3282 .
1714 3271 1728 3284 .
1771 3271 1784 3284 .
1836 3232 2129 3287 excitatum

2237 667 2406 736 ὃνομα
2437 663 2606 734 αὐτῷ,
2637 663 2732 716 καὶ
2761 657 3108 714 ὑποκάτωθεν
3133 657 3296 710 αὐτοῦ
3319 656 3378 725 (f.
3405 657 3490 724 32)
3509 657 3712 726 άνατελεῑ,

2239 759 2332 812 καὶ
2357 757 2698 827 οἰκοδομήσει
2723 753 2814 806 τὸν
2842 747 2988 804 οἶκον
3015 749 3238 819 Κυρίου,
3271 749 3359 802 καὶ
3379 747 3518 806 αὐτὸς
3543 748 3716 820 λήψεται

2238 849 2457 922 ἀρετὴν.
2489 847 2581 900 καὶ
2609 843 2898 908 καθιεῖται,
2931 841 3023 896 καί
3065 841 3214 912 ἄρξει
3237 840 3326 892 ἐπὶ
3363 839 3448 894 τοῦ
3471 839 3626 910 θρὸνιυ
3643 841 3715 894 αὑ-

2235 938 2351 1004 τοῦ,
2379 939 2469 992 καὶ
2509 937 2660 989 ἔσται
2689 936 2718 987 6
2745 933 2920 1004 ἱερεὺς
2945 935 3010 985 ἐκ
3051 928 3235 996 δεξιῶν
3275 929 3448 992 αὑτοῦ,
3485 931 3565 984 καὶ
3597 929 3714 1004 {itali}

2237 1027 2487 1099 εἰρηνικὴ
2521 1025 2670 1079 ἔσται
2695 1023 2964 1094 ἅναμέσον
2997 1021 3332 1094 ἀμφοτέρων.
3372 1021 3425 1074 'O
3449 1021 3500 1074 δὲ
3519 1023 3716 1091 στέφανος

2237 1121 2386 1173 ἔσται
2416 1122 2527 1182 τοῖς
2561 1115 2940 1188 ὑπομενοῦσιν.
2969 1133 2988 1166 ι
3025 1113 3176 1167 Ἐπεὶ
3196 1112 3286 1166 τὸν
3317 1111 3523 1183 Σωτῆρα
3547 1113 3622 1165 καὶ
3642 1115 3718 1166 Κύ-

2243 1229 2352 1283 ριον
2386 1210 2546 1281 ἡμῶν
2585 1207 2788 1281 Ἰησοῦν
2823 1206 3058 1277 Χριστὸν
3093 1207 3121 1258 ό
3149 1204 3436 1274 Θαυμάσιος
3471 1204 3717 1269 Ἀπύιιτολος

2251 1301 2535 1374 Ἀρχιερέα
2566 1301 2753 1370 Μέγαν
2791 1297 3085 1371 ὠ(νόμασε)
3123 1296 3457 1368 διεληλυθότα
3477 1298 3582 1360 τοὺς
3601 1297 3720 1366 οὐρα-

2236 1395 2380 1460 νοὺς,
2411 1393 2720 1465 ἀναφέροιτ’
2748 1391 2812 1446 ἂν
2848 1391 2931 1443 ἐπ’
2962 1389 3122 1443 αὑτὸν
3155 1387 3374 1451 εἰκότως
3409 1427 3424 1442 .
3465 1427 3478 1441 .
3515 1426 3530 1441 .
3566 1427 3577 1440 .
3611 1427 3622 1440 .
3652 1387 3720 1441 καὶ

2234 1489 2262 1540 ὁ
2289 1486 2427 1540 κατὰ
2455 1485 2551 1557 τὴν
2582 1484 2920 1556 προφητείαν
2951 1485 3016 1552 τῇ
3045 1499 3108 1534 τε
3148 1482 3284 1551 αὐτῇ
3315 1480 3626 1551 προσωνυμίᾳ.
3655 1479 3720 1533 καὶ

2235 1578 2313 1651 τῷ
2361 1578 2509 1649 αὐτῷ
2537 1575 2805 1648 ἀξιώματι
2828 1573 3218 1644 τετιμημένος·
3251 1570 3413 1642 ταύτη
3445 1587 3496 1623 τε
3533 1610 3544 1622 .
3581 1613 3591 1624 .
3625 1611 3634 1623 .
3666 1609 3677 1621 .
3707 1608 3718 1620 .

2239 1711 2252 1724 .
2291 1711 2306 1724 .
2347 1707 2362 1725 .
2404 1710 2420 1722 .
2462 1669 2767 1740 ρηματίσας
2791 1684 2805 1696 ’
2856 1665 3043 1719 τοῦτον
3078 1664 3140 1735 δὴ
3179 1659 3271 1717 οὖν
3301 1665 3330 1716 ὁ
3371 1662 3552 1733 Κύριος
3577 1661 3719 1724 ἔδειξεν

2233 1761 2310 1832 τῷ
2345 1762 2604 1834 προφήτω
2645 1799 2660 1811 .
2704 1800 2718 1811 .
2766 1800 2779 1811 .
2825 1799 2841 1811 ,
2878 1755 3160 1828 τιρυπώση
3204 1752 3720 1826 περιϐεϐλημένον,τὴν

2233 1855 2326 1908 τοῦ
2360 1855 2607 1926 Σωτῆρος
2637 1851 2793 1923 ἡμῶν
2823 1851 2914 1902 ἐπὶ
2953 1850 3054 1920 τὴν
3095 1846 3216 1902 καθ’
3259 1848 3402 1918 ἡμᾶς
3423 1843 3726 1916 αἰχμαλωσίαν.

3630 1975 3644 1988 .
3669 1951 3722 1986 ων

2239 2039 2472 2110 κηρύξαι
2506 2035 2866 2108 αἰχμαλώτοις
2911 2035 3120 2102 ἄφεσιν,
3152 2027 3240 2084 οἷα
3287 2030 3348 2100 δὴ
3385 2029 3477 2092 τὰς
3516 2025 3722 2098 ἡμετέρας

2239 2132 2318 2194 εἰς
2359 2129 2548 2182 ἑαυτὸν
2597 2125 2878 2182 ἀναλαϐὼν
2913 2124 3182 2195 ἁμαρτίας
3231 2124 3482 2193 ῥυπαροῖς
3525 2119 3724 2188 κέχρηται

2239 2222 2368 2291 παρ’
2412 2219 2568 2291 ήμῶν
2611 2218 2900 2288 ὲνδύμασι’
2933 2215 3105 2269 ταῦτα
3148 2215 3192 2267 δ’
3231 2217 3275 2268 ὁ,
3307 2213 3484 2282 Πατὴρ
3521 2209 3724 2264 ἀποδύντα

2238 2309 2446 2365 κελεύει
2489 2309 2557 2362 τά
2601 2309 2698 2379 τῆς
2741 2307 3004 2379 θεότητος,
3033 2306 3324 2362 ἀναλαϐεῖν
3367 2305 3478 2358 θεῖα
3519 2304 3595 2357 καὶ
3619 2299 3724 2366 ἀξιο-

2239 2403 2426 2478 πρεπῆ
2470 2407 2568 2474 τῆς
2609 2403 2728 2456 κατ’
2781 2401 3020 2474 οὐρανὸν.
3059 2399 3460 2472 ἀρχιερωσύνης
3501 2396 3720 2466 ἐνδύματα.

2237 2497 2434 2550 Τούτω·
2489 2494 2544 2548 δὲ
2589 2496 2680 2547 καὶ
2722 2491 2863 2547 κατὰ
2889 2493 2988 2563 τὴν
3019 2491 3256 2563 ἱστορίαν
3289 2490 3412 2562 περὶ
3435 2506 3464 2542 τ
3499 2527 3512 2542 .
3550 2529 3562 2540 .
3599 2527 3610 2540 .
3641 2501 3722 2539 τοτε

2249 2585 2451 2658 Ἰησοῦν
2491 2585 2736 2648 τυπικῶς
2770 2585 2845 2648 ὡς
2889 2585 3034 2647 εἰκὸς
3070 2582 3448 2653 γεγενημένων
3477 2581 3556 2648 ἀφ’
3583 2579 3724 2649 ἑτέρας

2235 2678 2406 2749 ἀρχῆς
2435 2677 2463 2728 ὁ
2487 2676 2642 2746 λόγος
2685 2675 2820 2748 πρός
2843 2691 2902 2728 τε
2931 2674 3094 2728 αὑτὸν
3119 2673 3211 2728 τὸν
3252 2674 3418 2744 ἄνδρα
3457 2669 3629 2741 Ἰησοῦν
3661 2669 3726 2720 και

2233 2769 2358 2833 τοὺς
2424 2769 2521 2821 σὺν
2571 2767 2720 2838 αὐτῷ
2760 2807 2776 2821 ,
2821 2807 2836 2819 .
2881 2805 2896 2820 .
2939 2765 3430 2836 (τε)ρατοσκόπους,
3472 2759 3663 2832 ἠγοῦμαι
3695 2757 3724 2808 δ’

2233 2858 2406 2924 οὕτως
2433 2861 2558 2924 τοὺς
2583 2862 2682 2930 τῆς
2711 2857 3084 2930 πνευματικῆς
3125 2897 3139 2910 .
3184 2899 3198 2912 .
3240 2896 3258 2911 .
3305 2896 3320 2911 .
3367 2895 3380 2909 .
3421 2895 3434 2907 .
3468 2849 3725 2923 ἠξιωμένους

2233 2951 2563 3023 ὠνομάσθαι,
2594 2951 2775 3022 φησιν,
2814 2969 2832 3004 ι
2871 2950 3001 3004 Ἰδοὺ
3033 2947 3144 3017 ἐγὼ
3175 2948 3296 3017 άγω
3323 2947 3409 3001 τὸν
3433 2985 3450 2999 .
3583 2981 3600 2997 .
3630 2981 3642 2996 .
3671 2980 3684 2995 .
3711 2975 3726 2993 ο

2247 3039 2551 3109 Ἀνατολήν.
2589 3059 2607 3092 ι
2639 3041 2746 3093 Καὶ
2775 3038 3124 3102 ὑποκαταϐὰς
3151 3036 3319 3092 αὐτοῦ
3352 3035 3440 3088 τοῦ
3471 3029 3615 3105 Ἰησοῦ
3639 3028 3726 3089 τοὺς

2237 3127 2574 3200 στείφάνους)
2621 3131 2686 3199 τῇ
2737 3129 2946 3200 κεφαλῇ
2995 3127 3240 3192 ἐπιθεὶς,
3294 3125 3526 3196 ἐπιφέρει
3569 3121 3724 3189 λέγων·

2241 3237 2260 3270 ι
2289 3219 2429 3274 Τάδε
2459 3219 2606 3289 λέγει
2635 3219 2836 3292 Κύριος
2859 3219 3255 3291 παντοκράτωρ
3279 3236 3292 3250 ·
3328 3218 3432 3272 ἰδοὺ
3464 3217 3584 3287 ἀνὴρ
3619 3215 3726 3265 Ἀνα-

558 3311 820 3366 haberent
843 3313 1153 3379 ostendere,
1197 3315 1304 3371 nisi
1327 3315 1594 3372 Joannem
1627 3328 1680 3375 et
1709 3319 1997 3378 Dominum
2027 3339 2126 3379 no-

2227 3313 2354 3384 τολὴ
2391 3313 2562 3383 ὄνομα
2588 3330 2600 3342 ·
2633 3332 2651 3364 ι
2678 3311 2771 3365 καὶ
2802 3312 3042 3366 ὑποκάτ.
3089 3353 3104 3365 .
3148 3350 3164 3364 .
3207 3350 3222 3364 .
3268 3350 3289 3366 .
3331 3351 3342 3368 ,
3385 3328 3404 3362 ι
3437 3305 3644 3364 άνατελεί
3661 3305 3730 3356 καὶ

559 3408 732 3454 strum
757 3399 944 3457 Jesum
974 3403 1272 3461 Christum.
1319 3405 1453 3472 Quis
1505 3409 1670 3480 igitur
1723 3414 2132 3483 prophetizatus

559 3502 770 3560 tempus
795 3501 876 3548 est
903 3492 1084 3550 dicere
1100 3535 1113 3548 .
1136 3533 1149 3548 .
1171 3537 1184 3551 .
1208 3538 1222 3553 .
1246 3538 1259 3552 .
1284 3539 1298 3552 .
1343 3497 1400 3553 Si
1442 3515 1574 3554 vero
1618 3500 1883 3570 dicerent,
1908 3503 2023 3559 haec
2062 3505 2130 3559 ad

555 3581 738 3638 Jesum
769 3583 935 3638 ﬁlium
953 3584 1179 3644 Josedec
1208 3598 1484 3659 spectant,
1511 3593 1907 3649 ostendendum
1940 3603 2022 3650 est
2050 3596 2130 3651 eis

555 3673 780 3728 minime
807 3673 886 3728 illi
915 3691 1036 3746 quae
1065 3675 1210 3732 dicta
1243 3687 1368 3734 sunt
1393 3683 1703 3738 convenire.
1727 3683 1956 3750 Quando
1983 3687 2129 3740 enim

553 3776 806 3820 vocatum
833 3773 918 3821 est
957 3783 1155 3823 nomen
1184 3769 1306 3838 ejus
1335 3767 1574 3827 Oriens?
1602 3771 1772 3837 Quam
1811 3773 1882 3828 ob
1906 3789 2128 3830 causam

557 3855 659 3908 hac
685 3854 1126 3913 denominatione
1165 3859 1462 3928 dignatur?
1495 3863 1778 3926 Quomodo
1818 3881 1942 3919 eum
1970 3865 2130 3920 dece-

555 3955 658 4010 ret,
687 3966 704 3998 ι
733 3945 798 4001 Et
816 3949 1022 4004 sedebit
1039 3959 1093 4005 et
1121 3951 1489 4006 dominabitur
1511 3969 1674 4024 super
1705 3957 1839 4012 solio
1863 3959 1994 4012 tuo?
2021 3979 2038 4010 ι
2065 3975 2128 4014 ac

553 4039 856 4106 praesertim
895 4040 1048 4102 illud,
1078 4065 1096 4092 ι
1135 4049 1188 4096 et
1221 4043 1323 4096 erit
1350 4045 1608 4100 sacerdos
1638 4061 1668 4099 a
1697 4047 1901 4104 dextris
1933 4050 2118 4119 ejus?»

557 4127 616 4182 Si
644 4129 788 4184 enim
817 4131 936 4200 ipse
973 4141 1118 4188 esset
1155 4135 1412 4191 sacerdos
1441 4151 1696 4206 magnus,
1738 4139 1861 4208 quis
1891 4139 2030 4195 foret
2060 4141 2127 4196 ad

552 4221 830 4276 dexteram
857 4223 978 4292 ejus
1032 4225 1172 4279 alius
1221 4240 1285 4280 ac
1326 4227 1442 4298 ipse
1491 4227 1780 4284 sacerdos?
1841 4230 2128 4288 Manifesta

553 4323 732 4370 autem
763 4316 929 4370 alium
956 4332 1018 4371 ac
1051 4318 1202 4372 illum
1239 4334 1362 4375 esse
1388 4318 1551 4374 docet
1580 4321 1853 4376 Orientem
1879 4323 2128 4378 nomina-

553 4415 688 4462 tum.
723 4401 934 4464 Etenim
959 4409 1024 4464 ad
1052 4411 1226 4480 ipsum
1261 4410 1544 4468 Dominum
1573 4419 1626 4468 et
1665 4414 1733 4467 ad
1765 4416 2128 4473 circumstan-

551 4509 634 4556 tes
699 4515 820 4555 eum
874 4502 949 4555 ait
991 4501 1312 4572 Scriptura:
1363 4521 1382 4555 ι
1429 4505 1608 4570 Audi,
1653 4505 1821 4572 Jesu,
1871 4510 2126 4565 sacerdos

551 4609 774 4664 magne,
810 4602 870 4648 tu
899 4603 954 4649 et
991 4595 1150 4648 amici
1188 4596 1305 4650 tui:
1339 4613 1468 4652 ecce
1512 4599 1654 4652 enim
1703 4614 1803 4670 ego
1856 4601 2122 4655 adducam

2235 3405 2574 3475 οἰκοδομήσει
2605 3404 2695 3458 τὸν
2741 3399 2887 3457 οἶκον
2929 3403 3130 3476 Κυρίου
3165 3422 3184 3456 ι
3223 3402 3439 3466 καὶτὰς
3472 3442 3487 3456 .
3525 3441 3540 3454 .
3573 3440 3584 3454 .
3621 3437 3633 3452 .
3662 3395 3727 3448 καὶ

2233 3495 2302 3549 τὰ
2346 3496 2438 3548 ἐπὶ
2481 3497 2573 3550 τὸν
2620 3494 2854 3566 Χριστὸν
2898 3494 3202 3566 ἀναφέροιέ
3233 3493 3325 3558 ἂν,
3355 3494 3451 3566 τῆς
3491 3483 3727 3563 προσηκού-

2235 3607 2334 3662 σης
2373 3631 2388 3646 .
2435 3630 2452 3645 .
2494 3589 2762 3662 (τυ)χόντα
2808 3587 3112 3659 διηγήσεως
3135 3603 3150 3616 ο
3185 3585 3327 3658 πλὴν
3354 3587 3445 3639 καὶ
3468 3585 3566 3646 τοῖς
3589 3583 3640 3634 ὲκ
3661 3593 3726 3628 πε-

2233 3681 2460 3753 ριτομῇς
2491 3680 2583 3733 καὶ
2625 3718 2638 3731 .
2684 3719 2697 3731 .
2744 3721 2759 3736 .
2805 3717 2817 3731 .
2864 3717 2877 3732 .
2925 3719 2938 3731 .
2983 3717 2998 3731 .
3038 3675 3164 3730 αλδν
3208 3716 3222 3729 .
3271 3717 3286 3730 .
3331 3718 3345 3728 .
3388 3717 3402 3729 .
3441 3668 3726 3742 παραθέσθαι.

2230 3773 2353 3824 ἐπεὶ
2386 3771 2505 3842 μηδ’
2534 3771 2668 3832 ὅλως
2697 3769 2980 3840 προφήτην
3029 3767 3136 3820 άπὸ
3167 3767 3266 3838 τῆς
3307 3808 3323 3822 .
3364 3805 3378 3820 .
3419 3803 3435 3821 .
3475 3803 3486 3818 .
3527 3803 3540 3818 .
3577 3772 3726 3830 περσου

2232 3862 2504 3933 βασιλείας
2522 3877 2535 3891 ’
2567 3862 2659 3914 καὶ
2686 3861 2794 3914 τῶν
2819 3860 2918 3930 τῆς
2947 3858 3286 3931 προφητείας
3310 3859 3505 3930 χρόνων
3537 3895 3548 3906 .
3586 3894 3597 3906 .
3632 3891 3643 3904 .
3675 3889 3687 3904 .
3714 3888 3726 3902 .

2233 3995 2250 4012 .
2291 3997 2309 4013 .
2352 3995 2366 4009 .
2406 3952 2772 4025 ἐγηγερμένον
2797 3951 2968 4022 ἔχοιεν
2997 3949 3284 4016 ἐπιδεῖξαι,
3323 3950 3395 4022 μὴ
3421 3951 3576 4015 ὄτι¹γε
3599 3943 3726 3997 Ἰωάν-

2227 4065 2326 4120 νην
2359 4049 2453 4102 καὶ
2480 4048 2572 4100 τὸν
2635 4045 2836 4116 Κύριον
2892 4045 3050 4117 ἡμῶν
3097 4044 3306 4116 Ἰησοῦν
3333 4043 3566 4115 Χριστόν.
3593 4037 3667 4099 Τίς
3683 4033 3727 4103 δὴ

2227 4136 2319 4195 οὖν
2344 4143 2372 4194 6
2403 4138 2876 4211 προφητευόμενος
2917 4138 3036 4209 ὥρα
3077 4139 3253 4208 λέγειν
3301 4179 3310 4190 .
3352 4178 3370 4194 .
3409 4135 3528 4189 εἰδὲ
3555 4133 3724 4198 λέγοιεν,

2225 4231 2399 4286 ταῦτα
2431 4234 2512 4294 εἰς
2539 4231 2628 4284 τὸν
2669 4228 2875 4301 Ἰησοῦν
2898 4230 2989 4283 τὸν
3029 4230 3124 4284 τοῦ
3160 4230 3404 4284 Ἰωσεδὲκ
3447 4225 3724 4296 ἀναφέρεται,

2225 4323 2460 4377 δεικτέον
2485 4324 2686 4387 αὐτοῖς,
2715 4323 2796 4376 ὅτι
2815 4323 3076 4394 μηδαμῶς
3107 4323 3299 4394 ἐκείνῳ
3321 4322 3386 4376 τὰ
3414 4321 3640 4390 λεγόμενα
3657 4317 3726 4384 ἀρ-

2229 4413 2415 4486 μόζει·
2449 4414 2578 4468 πότε
2612 4414 2719 4485 γὰρ
2763 4413 2963 4486 ἐκλήθη
2991 4415 3050 4467 τὸ
3081 4414 3248 4485 ὄνομα
3291 4412 3454 4468 αὐτοῦ
3497 4405 3724 4474 ’Δνατοὶὴ;

2225 4507 2312 4560 διὰ
2335 4507 2388 4560 τί
2418 4489 2476 4560 δὲ
2505 4508 2597 4560 καὶ
2625 4505 2831 4576 ταύτης
2861 4503 3104 4572 ἀξιοῦται
3137 4507 3235 4576 τῆς
3260 4503 3626 4578 προσηγορίαςς
3645 4495 3726 4555 πῶς

2227 4598 2285 4650 δὲ
2317 4599 2545 4669 ἁρμόσει
2585 4598 2732 4670 αὐτῷ
2759 4599 2838 4664 τὸ,
2880 4617 2898 4650 ι
2943 4599 3050 4652 Καὶ
3083 4598 3352 4652 καθιεῖται
3393 4597 3481 4650 καί
3513 4591 3640 4664 ἄρξει
3661 4585 3726 4638 ἐπὶ

551 4700 765 4739 servum
815 4701 996 4740 meum
1023 4685 1320 4742 Orientem.
1359 4707 1377 4740 ι
1415 4687 1472 4742 Si
1513 4690 1678 4759 igitur
1703 4691 1752 4745 ei
1785 4691 1898 4746 haec
1931 4691 2126 4747 dicun-

2229 4691 2322 4744 τοῦ
2350 4691 2539 4762 θρόνου
2563 4691 2760 4758 αὑτοῦ;
2797 4711 2814 4744 ι
2855 4691 3082 4763 μάλιστα
3096 4690 3153 4743 δὲ
3178 4690 3260 4754 τὸ,
3295 4712 3315 4742 ι
3345 4691 3451 4744 Καὶ
3477 4685 3644 4741 ἔσταιιὸ
3677 4683 3728 4732 ἰε-

552 4785 676 4840 tur,
745 4778 1016 4846 quomodo
1079 4779 1382 4834 existimari
1437 4789 1615 4850 potest
1677 4783 1744 4838 dc
1801 4783 1920 4852 ipso
1969 4785 2119 4841 dici:

557 4887 574 4918 ι
611 4867 748 4922 Ecce
775 4869 856 4922 vir
887 4865 1079 4923 Oriens
1108 4870 1350 4941 (nomen)
1382 4871 1540 4940 ejus?
1580 4891 1598 4923 ι
1643 4872 1844 4944 Aperte
1881 4875 1968 4930 his
2001 4891 2121 4930 vcr-

549 4961 634 5016 bis
658 4959 778 5014 dua:
801 4961 1156 5031 designantur
1177 4977 1458 5030 personae;
1493 4963 1661 5018 altera
1693 4965 1934 5035 quidem,
1955 4983 2119 5037 quam

548 5051 845 5120 alloquitur
866 5051 1144 5118 divinitas,
1178 5053 1350 5107 altera
1379 5053 1446 5108 de
1475 5070 1582 5124 qua
1624 5058 1983 5126 pr0phetizat.
2019 5060 2118 5114 Cui

545 5149 601 5195 et
631 5141 749 5196 sine
789 5142 1161 5197 controversia
1191 5143 1544 5198 induceretur
1571 5145 1640 5199 ad
1663 5147 1962 5216 Christum,
1993 5165 2119 5205 vere

551 5235 738 5290 lilium.
783 5273 800 5290 .
837 5276 852 5288 .
897 5273 912 5288 .
955 5277 970 5292 .
1051 5277 1064 5290 .
1120 5276 1133 5291 .
1179 5278 1194 5293 .
1241 5278 1254 5291 .
1300 5278 1313 5291 .
1369 5237 1688 5308 intelligitur
1741 5241 1974 5308 justitia.
2019 5241 2118 5297 Hic

546 5335 690 5382 esset
721 5325 899 5382 Pater.
945 5369 958 5383 .
1010 5370 1022 5382 .
1068 5370 1080 5381 .
1127 5371 1140 5384 .
1187 5369 1201 5383 .
1238 5331 1481 5385 victoria;
1511 5333 1730 5389 coronis
1755 5333 1974 5390 Christo
2015 5335 2118 5389 im-

547 5421 740 5490 positis
782 5461 796 5475 .
841 5462 856 5476 .
903 5463 916 5476 .
963 5463 974 5475 .
1019 5461 1034 5474 .
1079 5461 1094 5478 .
1139 5463 1152 5476 .
1199 5463 1212 5478 .
1276 5431 1454 5478 vocat.
1518 5421 1750 5495 Propter
1812 5427 2115 5482 doctrinam

547 5509 689 5562 inter
719 5509 986 5567 homines.
1036 5554 1048 5567 .
1090 5553 1104 5568 .
1147 5553 1160 5566 .
1206 5555 1218 5567 .
1264 5553 1280 5570 .
1325 5554 1338 5568 .
1383 5555 1397 5569 .
1443 5555 1456 5569 .
1499 5515 1850 5588 Primumque
1899 5529 1950 5572 et
2001 5533 2116 5572 ma—

549 5614 716 5670 gnum
749 5599 938 5654 Pontif
977 5637 992 5656 .
1036 5643 1049 5656 .
1096 5643 1109 5658 .
1155 5644 1168 5657 .
1209 5603 1628 5672 primogenitum
1677 5605 1796 5674 ejus
1854 5602 2109 5658 Verbum.

547 5689 690 5747 Deus
722 5693 940 5761 quidem
966 5707 1090 5749 cum
1128 5695 1198 5750 sit
1224 5701 1277 5750 et
1309 5693 1594 5750 Dominus.
1642 5737 1654 5749 .
1701 5735 1712 5746 .
1762 5739 1774 5752 .
1820 5733 1831 5744 .
1877 5733 1891 5750 .
1935 5709 2114 5750 sacer-

622 5848 664 5878 "
705 5846 934 5901 Zachar.
967 5845 1284 5914 vl,H»M.
1364 5849 1406 5880 “
1447 5847 1590 5906 Hel‘:
1644 5871 1714 5916 η’,
1751 5849 1834 5904 ll.
1911 5851 1950 5882 θ’
1993 5849 2128 5907 Ζειςὶι

2260 5867 2355 5916 ιιι,
2391 5853 2442 5904 8.

2233 4785 2354 4854 ρεὺς
2385 4785 2447 4836 ἐκ
2477 4783 2660 4850 δεξιῶν
2694 4782 2854 4836 αὐτοῦ
2880 4801 2894 4851 ;
2937 4802 2956 4836 ι
2999 4784 3047 4836 εἰ
3073 4783 3180 4854 γὰρ
3211 4783 3372 4846 αὐτὸς
3411 4769 3727 4848 ἐτύγχανενῶν

2229 4875 2257 4926 6
2287 4873 2462 4944 ἱερεὺς
2497 4877 2524 4926 ό
2571 4874 2761 4945 μέγας,
2811 4873 2895 4937 τίς
2935 4873 2980 4926 δ’
3013 4875 3078 4927 ἂν
3115 4873 3199 4944 εἴη
3230 4877 3259 4926 6
3291 4874 3354 4926 ἐκ
3385 4869 3554 4938 δεξιῶν
3585 4860 3725 4918 αὐτοῦ.

2227 4965 2414 5038 ἕτερος
2441 4965 2514 5020 ὢν
2545 4969 2672 5037 παρ’
2703 4967 2863 5020 αὐτὸν
2897 4966 3074 5038 ἱερεύς
3099 4983 3113 5032 ;
3153 4967 3334 5035 σαφῶς
3357 4965 3412 5017 δὲ
3439 4965 3600 5032 ἕτερον
3631 4953 3728 5020 παρ’

2228 5056 2432 5108 ἐκεῖνον
2491 5051 2626 5108 aha:
2681 5055 2919 5110 διδάσκει
2976 5056 3066 5108 τὸν
3123 5054 3410 5126 λεγόμενον
3467 5045 3724 5114 Ἀνατολήν’

2175 5215 2190 5226 ,
2227 5145 2362 5216 πρὸς
2388 5145 2495 5218 γὰρ
2535 5147 2626 5199 τὸν
2665 5147 2825 5199 αὐτὸν
2857 5145 3061 5217 Κύριον
3088 5147 3183 5198 καὶ
3208 5146 3375 5216 το(ὺς)
3421 5184 3434 5196 .
3475 5185 3488 5197 .
3525 5135 3726 5209 ἀμφάί-

2224 5239 2423 5308 τοῦ(ὸν)
2473 5240 2634 5308 φησὶν
2665 5241 2693 5291 6
2725 5239 2910 5306 λόγος·
2951 5255 2970 5289 ι
3010 5240 3208 5292 Ἀκουε
3237 5239 3299 5310 δὴ
3343 5237 3507 5308 Ἰησοῦ
3541 5236 3566 5287 6
3593 5229 3726 5300 ἱερεὺς

2225 5326 2254 5377 6
2285 5325 2474 5395 μέγας,
2529 5328 2592 5379 σὺ
2636 5327 2728 5380 καὶ
2763 5329 2810 5379 οἱ
2843 5327 3067 5396 πλησίον
3097 5345 3189 5380 σου
3211 5345 3224 5358 ·
3253 5328 3361 5380 ἰδοὺ
3407 5326 3510 5394 ἐγὼ
3535 5323 3633 5392 ἄγω
3657 5318 3726 5371 τὸν

2223 5415 2407 5470 δοῦλόν
2437 5433 2536 5487 μου
2575 5417 2891 5488 Ἀνατολήν·
2937 5437 2955 5470 ι
2987 5420 3034 5471 εἰ
3068 5417 3132 5489 δὴ
3159 5415 3250 5472 οὖν
3273 5417 3418 5489 αὐτῷ
3441 5416 3596 5470 ταῦτα
3614 5411 3724 5482 εἴρη-

2221 5525 2330 5572 ται,
2365 5509 2480 5571 πῶς
2524 5508 2590 5562 ἂν
2622 5497 2700 5561 έτι
2737 5509 2919 5581 χώραν
2953 5511 3160 5582 Exequi
3199 5512 3258 5564 τὸ
3293 5511 3416 5582 περὶ
3447 5507 3592 5562 αὑτοῦ
3609 5503 3723 5566 λέγε·

2223 5600 2346 5653 σθαι
2370 5601 2607 5671 νομίζειν
2633 5603 2744 5666 τὸ,‹
2769 5605 2898 5656 Ἰδοὺ
2931 5605 3067 5674 ἀνὴρ
3093 5603 3350 5674 ἀνατολὴν
3389 5641 3406 5655 .
3447 5641 3458 5655 .
3502 5640 3514 5654 .
3551 5591 3719 5663 dim?“

2221 5695 2413 5766 Σαφῶς
2443 5697 2506 5768 δὴ
2535 5696 2620 5748 διὰ
2663 5697 2863 5750 τούτων
2909 5697 3002 5749 δύο
3043 5698 3366 5769 παρίσταται
3392 5695 3656 5765 πρόσωπα·
3681 5699 3721 5732 εν

2523 5851 2562 5876 ⁸⁵³
2610 5849 2832 5906 Zachar.
2879 5869 2949 5918 v1,
2989 5853 3072 5908 li.
3151 5855 3193 5886 ⁸⁸
3231 5851 3356 5908 ibid.
3399 5851 3474 5903 12.
3545 5846 3584 5874 τ’
3615 5837 3716 5896 ibid.
