3974 6474
256 416 398 472 ma
1302 415 1591 473 ECLOGAZ
1620 392 2308 473 PROPHETICE.—t.lh.
2351 417 2412 472 ιιι
3378 426 3513 480 nso

254 539 356 607 μὲν
395 528 439 603 ᾧ
478 535 536 589 τὸ
563 536 701 589 θεῖον
729 535 789 605 (f.
818 535 904 605 ,52
937 538 1011 607 νο)
1043 537 1369 605 διαλέγεται,
1396 537 1580 609 ἕτερον
1604 537 1677 601 ,δὲ
1704 539 1817 608 περ

1934 538 2033 593 dos
2065 539 2251 607 prima:
2278 546 2333 593 et
2384 537 2636 593 increataz
2681 539 2918 596 deitatis.
2962 580 2977 593 .
3021 579 3036 594 .
3081 583 3094 596 .
3139 581 3153 595 .
3195 581 3211 597 .
3257 586 3269 597 .
3316 583 3329 596 .
3388 561 3513 602 esse

247 622 313 681 οὗ
342 627 705 697 προφητεύει⁸
740 622 784 695 ᾧ
817 629 909 681 καὶ
938 628 1322 699 ἀναμφιλόγως
1366 630 1603 697 ἀνάγοιτ⁹
1634 631 1700 684 ἂν
1738 632 1817 684 ἐπῖ

1931 646 2056 684 eum
2104 630 2238 685 dicit
2268 645 2297 683 a
2332 646 2441 701 quo
2494 632 2707 702 excepit
2765 632 3021 698 homine,
3069 635 3354 692 sacerdote
3396 654 3513 691 ma-

246 721 341 773 τὸν
364 721 599 790 Χριστὸν
636 719 727 772 τὸν
766 720 980 791 ἀληθῶς
1010 720 1125 774 υἱὸν
1162 721 1255 773 τοῦ
1300 760 1313 773 .
1359 761 1371 773 .
1417 762 1430 774 .
1478 762 1492 776 .
1537 763 1550 776 .
1594 763 1608 776 .
1651 723 1817 795 ἑρμη-

1928 738 2054 793 gno.
2095 763 2109 777 .
2148 763 2162 778 .
2198 762 2212 775 .
2249 763 2264 777 .
2298 762 2311 774 .
2346 765 2359 777 .
2393 763 2409 779 .
2450 723 2569 793 ipso
2598 723 2945 779 manifestato
2971 742 3065 796 per
3095 728 3355 783 unitatem
3386 744 3510 785 cum

246 812 463 865 νεύεται
490 810 589 865 ίαὼ
609 811 918 883 δικαιοσύνη
935 829 947 841 ·
975 804 1129 874 οὗτος
1155 812 1199 865 δ’
1228 811 1293 865 ἂν
1318 812 1402 883 εἴη
1427 815 1455 866 ὁ
1480 813 1666 887 Πατὴρ
1693 854 1707 868 .
1752 855 1765 869 .
1813 857 1817 867 .

1931 815 2024 870 Dei
2056 814 2362 886 Unigenito.
2394 817 2601 883 Quibus
2634 833 2763 872 vero
2796 834 2921 872 cum
2973 819 3179 875 fusiore
3209 836 3347 891 opus
3367 832 3515 879 esset

245 904 375 966 τοὺς
400 903 511 955 τῶν
545 904 873 976 νικητηρίων
915 903 1214 975 περιτιθεὶς
1257 903 1337 974 τῷ
1364 905 1583 977 Χριστῷ
1630 908 1817 977 στεφά-

1932 907 2335 977 explanatione,
2367 909 2483 963 haec
2530 909 2778 979 sufﬁcere
2835 912 3118 983 proposito
3167 923 3355 969 nostro
3409 930 3512 984 pu-

244 1012 428 1058 νους.
1183 996 1817 1070 ..καλεῖοδιὰτὴνείς

1933 1010 2133 1055 tamus.

244 1086 570 1159 ἀνθρώπους
611 1088 964 1141 ἁνατείλασαν
992 1088 1058 1141 αὑ
1097 1130 1111 1143 .
1158 1130 1170 1142 .
1215 1129 1230 1144 .
1272 1131 1285 1143 .
1344 1131 1359 1143 .
1404 1131 1417 1143 .
1466 1133 1479 1146 .
1519 1132 1531 1145 .
1572 1093 1916 1146 διδασκαλίαν
1937 1096 2029 1148 καὶ
2056 1095 2146 1148 τὸν
2190 1097 2405 1167 πρῶτον
2440 1099 2534 1151 καὶ
2570 1098 2741 1168 μέγαν
2778 1102 2907 1170 ἀρχι
2936 1140 2949 1153 .
2995 1142 3007 1156 .
3082 1143 3095 1155 .
3140 1141 3155 1156 .
3197 1141 3213 1156 .
3260 1142 3273 1157 .
3318 1142 3331 1154 .
3377 1140 3391 1155 .
3437 1140 3451 1154 .
3494 1163 3510 1178 ο

246 1180 592 1251 πρωτότοκον
630 1181 790 1234 αὑτοῦ
821 1182 1021 1251 Λόγον·
1053 1181 1182 1236 Θεὸν
1208 1184 1305 1254 μέν
1331 1184 1460 1239 ὄντα
1493 1186 1586 1239 καὶ
1620 1186 1824 1258 Κύριον
1862 1188 1969 1240 τῶν
2012 1228 2025 1241 .
2070 1226 2087 1244 .
2133 1231 2146 1244 .
2195 1231 2205 1243 .
2254 1233 2267 1245 .
2302 1180 2329 1247 ’.
2373 1232 2386 1246 .
2428 1232 2442 1245 .
2484 1208 2559 1244 ων
2589 1192 2738 1263 ἱερέα
2781 1192 2840 1245 δὲ
2887 1194 2984 1264 τῆς
3020 1192 3240 1265 πρώτης
3269 1194 3362 1247 καὶ
3388 1198 3512 1262 ἀγε-

244 1274 412 1343 νήτου
440 1272 721 1345 θεότητος’
766 1316 778 1326 .
822 1314 836 1329 .
884 1316 896 1329 .
941 1316 955 1330 .
1001 1319 1014 1331 .
1056 1277 1213 1348 ωρδέ
1242 1273 1380 1331 εἶναι
1409 1280 1570 1333 αὐτόν
1602 1297 1764 1350 φησιν
1789 1275 1848 1334 οὗ
1887 1282 2173 1351 ἀνείληφεν
2213 1283 2520 1354 ἀνθρώπου,
2561 1285 2750 1355 ἱερέως
2783 1286 3016 1355 μεγάλου
3058 1326 3072 1340 .
3116 1326 3130 1341 .
3173 1327 3189 1342 .
3233 1327 3248 1342 .
3291 1326 3305 1339 .
3346 1286 3510 1340 αύτοῦ

242 1365 677 1439 χρηματίζοντος
706 1368 794 1421 διὰ
833 1368 929 1439 τὴν
963 1370 1154 1423 ἓνωσιν
1195 1370 1294 1439 τὴν
1340 1373 1476 1442 πρὸς
1522 1372 1611 1424 τὸν
1654 1373 1930 1443 Μονογενῆ
1994 1373 2088 1427 τοῦ
2118 1374 2276 1430 Θεοῦ.
2306 1375 2513 1446 Πολλῆς
2561 1376 2618 1429 δὲ
2671 1377 2778 1429 τῶν
2811 1378 2952 1432 κατά
3003 1378 3092 1432 τὸν
3130 1379 3291 1433 τόπον
3328 1379 3510 1450 δεομέ-

242 1480 351 1515 νων
385 1461 737 1532 tamquam)
778 1461 935 1515 ἱκανά
968 1462 1059 1514 καὶ
1100 1462 1273 1516 ταῦτα
1302 1462 1376 1527 ὡς
1412 1463 1546 1534 πρὸς
1575 1463 1671 1534 τὴν
1720 1465 2003 1536 παροῦσαν
2029 1466 2303 1521 ὑπόθεσιν.

2497 1604 2726 1660 CAPUT
2766 1604 2957 1659 XXIV.

760 1604 1155 1658 ΚΕΦΑΛΑΙΟΝ
1194 1607 1319 1661 KA'.

844 1717 953 1771 Τοῦ
978 1718 1185 1773 αὑτοῦ.

316 1850 335 1882 ι
375 1832 581 1902 Χαῖρε.
619 1871 631 1883 .
678 1874 689 1886 .
734 1870 749 1883 .
794 1872 807 1885 .
844 1831 1081 1905 θύγατερ
1108 1833 1265 1899 Σιὼν,
1296 1836 1557 1907 κήρυσσε,
1590 1836 1825 1908 θύγατερ

2520 1719 2604 1773 Ea:
2646 1720 2847 1775 eodem.

2010 1852 2026 1884 ι
2065 1833 2289 1888 Exsulta
2319 1832 2521 1903 (satis),
2553 1833 2662 1887 ﬁlia
2704 1831 2859 1896 Sion,
2896 1834 3100 1904 jubila,
3138 1836 3244 1891 ﬁlia
3282 1834 3509 1894 Jerusa-

249 1923 645 1994 Ἰερουσαλήμ·
704 1924 842 1987 ἰδοὺ,
886 1926 915 1977 ὁ
954 1923 1022 1994 βα
1064 1964 1077 1976 .
1122 1961 1137 1977 .
1180 1963 1195 1978 .
1239 1962 1254 1978 .
1300 1966 1314 1979 .
1355 1924 1571 1995 ἔρχεταί
1619 1943 1700 1979 σοι
1745 1927 1817 1979 δί-

1926 1929 2052 1983 lem.
2082 1926 2219 1981 Ecce
2251 1925 2361 1981 Rex
2387 1926 2560 1996 (tuus)
2588 1928 2765 1981 veniet
2783 1928 2880 1981 tibi
2906 1927 3089 1996 justus
3141 1936 3195 1983 et
3219 1928 3499 1984 Salvator:

238 2033 398 2079 καιος
426 2017 522 2069 καὶ
557 2014 742 2079 σώζων
784 2016 946 2078 αὐτὸς
978 2016 1157 2087 πραῢς
1191 2018 1282 2070 καὶ
1315 2018 1407 2070 ἐπι
1450 2057 1462 2069 .
1510 2060 1523 2072 .
1567 2057 1582 2071 .
1626 2057 1639 2071 .
1685 2058 1699 2073 .
1745 2059 1758 2071 .
1803 2058 1816 2071 .

236 2109 537 2177 ὑποζύγιον
568 2110 660 2163 καὶ
695 2108 872 2162 πῶλον
900 2109 1037 2163 νέον.
1066 2111 1176 2163 Καὶ
1204 2110 1571 2183 ἐξολοθρεύσει
1603 2112 1823 2183 ἅρματα

234 2201 299 2267 ἐξ
339 2200 598 2273 Ἐφραῒμ,
644 2201 738 2255 καὶ
781 2201 944 2254 ἵππον
987 2200 1046 2266 ἐξ
1090 2202 1462 2274 Ἰερουσαλὴμ,
1508 2203 1599 2256 καὶ
1642 2203 1821 2270 ἐξολο-

232 2293 531 2363 θρεύσεται
573 2293 723 2359 τόξον
764 2293 1075 2365 πολεμικὸν,
1121 2295 1215 2348 καὶ
1261 2293 1463 2366 πλῆθος
1498 2296 1591 2351 καὶ
1632 2298 1820 2368 εἰρήνη

233 2386 302 2450 ἐξ
336 2385 528 2450 ἐθνῶν,
561 2388 654 2440 καὶ
686 2386 943 2457 κατάρξει
970 2388 1076 2440 ἀπὸ
1106 2387 1401 2459 θαλάσσης,
1431 2389 1524 2443 καὶ
1559 2390 1819 2460 ποταμῶν

230 2481 307 2534 δι’
336 2479 563 2535 ἐκϐολὰς
589 2479 710 2550 γῆς.
756 2499 775 2531 ι
805 2479 1062 2551 Θυγάτηρ
1094 2478 1253 2543 Σιὼν,
1280 2498 1313 2553 ῃ
1350 2482 1682 2552 προστάσσει
1711 2482 1823 2553 χαί-

234 2588 359 2643 ρειν
389 2574 417 2624 ό
461 2570 653 2639 Λόγος,
697 2572 845 2623 πᾶσα
889 2573 921 2641 ἡ
969 2571 1067 2642 τῆς
1114 2574 1310 2642 νοητῆς
1357 2574 1450 2626 καὶ
1499 2574 1819 2645 ἐπουρανίου

230 2663 380 2717 Σιὼν
401 2665 450 2716 oi
478 2680 875 2733 κατατυγχανει
920 2662 1039 2733 (sic)
1072 2662 1214 2734 ψυχή
1239 2681 1251 2693 ·
1281 2664 1314 2734 ἢ
1360 2664 1438 2735 (η)
1470 2665 1563 2717 καὶ
1592 2666 1684 2718 ἐπὶ
1719 2665 1822 2736 γῆς

231 2754 328 2808 διὰ
352 2752 587 2826 Χριστοῦ
618 2754 858 2805 συστᾶσα
891 2750 951 2817 ἐξ
988 2750 1157 2805 ἐθνῶν
1193 2752 1470 2825 ¹ἡκκλησία
1621 2752 1821 2823 ὁμοίως

231 2849 283 2901 δ’
317 2843 384 2901 αὖ
422 2846 595 2919 πάλιν.
620 2846 866 2917 θυγάτηρ
906 2845 1277 2915 Ἰερουσαλὴμ,
1304 2848 1337 2917 ἡ
1369 2846 1687 2915 συγγένειαν
1724 2847 1820 2917 cpt-5-

239 2957 413 3015 ρουσα
455 2940 555 3009 τῆς
610 2938 930 3011 ἐπουρανίου
979 2938 1359 3010 Ἰερουσαλήμ·
1396 2934 1483 2993 οἷά
1529 2957 1616 3003 τις
1664 2935 1732 3010 ἦν
1785 2943 1818 3012 ἡ

237 3034 455 3088 Παύλου
492 3033 759 3102 λέγοντος,
798 3051 818 3085 ι
860 3032 924 3084 Ἦ
952 3032 1008 3084 δὲ
1032 3033 1144 3087 ἄνω
1185 3033 1536 3104 Ἰερουσαλὴμ
1561 3032 1820 3106 ἐλευθέρα

234 3128 409 3190 ἐστὶν,
444 3126 566 3197 ἥτις
593 3125 741 3178 ἐστὶν
777 3125 958 3194 μήτηρ
980 3122 1157 3194 ἡμῶν.
1199 3143 1217 3175 ι
1246 3124 1378 3188 Ταῖς
1412 3123 1475 3194 δὴ
1503 3118 1595 3177 οὖν
1633 3123 1819 3178 τοιαύ-

1923 2022 2040 2091 ipse
2070 2036 2277 2091 pauper
2326 2018 2655 2091 (ascendens
2699 2026 2894 2090 super)
2940 2021 3150 2078 asinam
3178 2061 3192 2085 ,
3247 2029 3301 2077 et
3340 2039 3509 2091 super

1924 2111 2131 2181 pullum
2168 2108 2335 2164 ﬁlium
2368 2108 2553 2163 asinre.
2605 2108 2671 2164 Et
2726 2109 3037 2180 disperdam
3086 2112 3403 2181 quadrigam
3438 2128 3505 2166 ex

1924 2204 2202 2273 Ephraim,
2237 2210 2290 2258 et
2315 2218 2515 2274 equum
2545 2204 2612 2259 de
2648 2203 2985 2268 Jerusalem,
3041 2214 3094 2258 ct
3146 2204 3505 2273 dissipabitur

1923 2310 2085 2349 arcus
2123 2294 2251 2349 belli
2282 2313 2294 2348 :
2331 2302 2385 2348 et
2408 2295 2661 2365 loquetur
2681 2309 2867 2364 pacem
2892 2294 3169 2365 gentilem,
3189 2304 3242 2349 et
3265 2304 3509 2365 potestas

1923 2384 2042 2454 ejus
2068 2398 2097 2437 a
2126 2383 2263 2437 mari
2288 2400 2463 2454 usque
2494 2384 2559 2437 ad
2595 2399 2773 2449 mare,
2827 2393 2880 2440 et
2914 2399 2942 2437 a
2985 2383 3297 2441 ﬂuminibus
3332 2401 3506 2456 usque

1924 2475 1989 2529 ad
2038 2473 2174 2528 ﬁnes
2206 2482 2366 2528 terrae
2397 2474 2463 2525 τι.
2503 2493 2521 2525 ›
2566 2472 2710 2527 Filia
2742 2473 2871 2528 Sion
2892 2514 2906 2538 ,
2939 2490 3101 2545 quam
3156 2474 3306 2545 jubet
3336 2476 3504 2529 laetari

1925 2566 2251 2636 Scriptura,
2304 2566 2483 2621 omnis
2534 2572 2617 2621 est
2666 2566 2930 2636 spiritalis
2986 2567 3335 2636 caalestisque
3371 2565 3503 2623 Sion

1923 2659 2135 2721 anima,
2188 2658 2272 2712 vel
2305 2658 2361 2711 in
2410 2665 2557 2712 terra
2590 2673 2687 2727 per
2733 2657 3011 2714 Christum
3060 2667 3212 2714 stans
3262 2658 3501 2730 gentium

1922 2751 2188 2805 Ecclesia.
2224 2747 2489 2803 Similiter
2517 2766 2711 2805 rursus
2744 2749 2851 2805 ﬁlia
2883 2749 3186 2806 Jerusalem
3208 2791 3222 2814 ,
3267 2766 3387 2819 quae
3423 2749 3504 2803 af-

1924 2844 2046 2898 ﬁnis
2075 2851 2158 2897 est
2193 2843 2405 2897 caelesti
2434 2841 2773 2910 Jerusalem;
2830 2843 2896 2899 de
2933 2860 3038 2914 qua
3091 2845 3235 2914 apud
3276 2842 3503 2899 Paulum

1922 2943 2255 2990 memoratur
2282 2936 2585 2991 dicentem:
2632 2955 2651 2987 ι
2688 2935 2783 2990 Illa
2813 2946 2995 2991 autem
3026 2954 3145 3007 quae
3172 2953 3390 2993 sursum
3418 2945 3503 2993 est

1918 3027 2241 3092 Jerusalem,
2270 3028 2441 3084 libera
2484 3036 2602 3093 est,
2636 3045 2757 3099 qua:
2789 3038 2874 3085 est
2923 3038 3097 3085 mater
3144 3038 3328 3085 nostra
3371 3032 3435 3085 ".
3479 3052 3495 3083 ι

1921 3118 2146 3175 Talibus
2178 3120 2343 3191 igitur
2378 3120 2576 3177 animis
2617 3119 2904 3192 Scriptura
2970 3122 3285 3177 adfuturum
3343 3122 3501 3177 Chri-

232 3236 359 3282 ταις
383 3216 583 3289 ψυχαῖς
609 3218 637 3270 ό
675 3216 845 3285 Λόγος
875 3214 1276 3287 (ἐπι)δημήσειν
1316 3216 1408 3268 τὸν
1457 3216 1691 3286 Χριστὸν
1722 3215 1816 3270 τοῦ

1922 3222 2065 3266 stum
2095 3211 2189 3267 Dei
2243 3214 2611 3283 praenuntiat,
2657 3213 2936 3269 sedentem
2972 3230 3137 3285 super
3174 3217 3386 3272 asinam
3447 3225 3501 3271 et

232 3281 374 3367 Θεού
400 3281 410 3289 ’
436 3281 903 3384 προανακηρύττει
962 3281 1327 3383 ἐπιδ-εέηκότα
1387 3281 1664 3384 ὑποέυγίῳ
1725 3314 1817 3367 κα)¹

1922 3322 2084 3377 super
2130 3306 2337 3376 pullum
2391 3305 2560 3359 ﬁlium
2591 3304 2795 3371 asime;
2845 3307 2925 3359 sic
2960 3305 3106 3359 enim
3139 3306 3501 3375 interpretan-

234 3406 403 3477 πώλῳ
430 3406 534 3477 νέῳ
554 3423 567 3436 ’
593 3404 737 3457 οὕτω
762 3404 860 3475 τῆς
890 3403 1233 3474 ἀνθρωπείας
1273 3404 1506 3474 φύσεως,
1534 3406 1600 3475 ἣν
1634 3406 1820 3477 ἐπιδη-

235 3501 420 3570 μήσας
449 3496 796 3567 (ἀνεί)ληφεν,
852 3495 1145 3565 νοουμένης
1166 3512 1179 3525 ·
1222 3494 1338 3565 μεθ’
1364 3491 1431 3567 ἦς
1459 3494 1818 3568 ὲξωλόθρευσε

232 3592 418 3643 πᾶσαν
445 3588 743 3659 πολεμικὴν
775 3588 1002 3657 δύναμιν
1030 3586 1136 3639 ἀπὸ
1161 3587 1339 3657 πάσης
1360 3586 1819 3659 ἐκκλησιαστικῆς

233 3686 331 3738 καὶ
377 3683 563 3753 φέρειν
611 3682 857 3753 καρποὺς
900 3680 1087 3749 ἁγίους
1141 3678 1439 3750 δυναμένης
1482 3680 1680 3768 ψυχῆςθ
1724 3681 1816 3735 τοῦ

248 3775 490 3849 Ἑφραῒμ
537 3776 616 3839 είς
672 3773 1047 3845 καρποφορίαν
1103 3772 1674 3844 μεταλαμϐανομένου,
1724 3773 1818 3827 καὶ

230 3869 314 3931 είς
362 3868 551 3938 ὅρασιν
590 3866 813 3937 εἰρήνης
856 3862 999 3918 κατὰ
1043 3862 1141 3934 τὴν
1181 3862 1405 3917 Ἑλλάδα
1446 3863 1690 3932 γλῶτταν
1718 3866 1818 3934 τῆς

246 3956 630 4029 Ἰερουσαλήμ·
658 3957 751 4009 καὶ
780 3956 844 4025 δὴ
865 3953 1249 4025 ὲξολοθρεύσας
1273 3955 1400 4017 τοὺς
1428 3954 1692 4026 πρότερον
1716 3954 1817 4025 τῆς

229 4050 652 4122 ἀνθρωπότητος
678 4048 1077 4119 ἐπικρατούσας
1098 4047 1215 4116 (sic)
1239 4045 1495 4116 δαίμονας
1526 4046 1814 4117 πονηρους,

232 4145 292 4211 ἐξ
351 4142 607 4196 ἁπάντων
655 4140 761 4194 τῶν
816 4140 984 4193 πάλαι
1027 4139 1239 4203 τούτοις
1280 4140 1609 4209 ὑποχειρίων
1648 4138 1816 4192 ἐθνῶν

234 4236 468 4307 μυρίους
516 4234 673 4295 ὅσους
712 4230 817 4284 ὑπὸ
845 4232 934 4284 τὸν
965 4230 1161 4302 εὐσεϐῆ
1194 4234 1293 4303 τῆς
1329 4230 1675 4294 διδασκαλίας
1723 4231 1818 4284 αὐ-

227 4327 326 4380 τοῦ
352 4325 515 4395 ζυγὸν
548 4325 882 4395 ὑπηγάγετο.
916 4323 1099 4377 Ταῦτα
1124 4324 1220 4394 μὲν
1251 4323 1393 4377 κατά
1421 4323 1656 4377 διάνοιαν
1679 4340 1692 4353 ·
1723 4323 1817 4376 καὶ

232 4416 414 4489 ῥητῶς
458 4416 513 4470 δέ
543 4419 571 4470 ό
618 4416 849 4485 Χριστὸς
891 4414 1317 4488 ἐνανθρωπήσας
1348 4417 1443 4469 καὶ
1489 4414 1816 4485 σωματικῶς

227 4510 332 4574 τὰς
358 4510 486 4578 περὶ
513 4508 676 4561 αὐτοῦ
720 4507 1053 4579 προφητείας
1081 4506 1361 4571 ἐπιτελῶν,
1396 4506 1489 4561 καὶ
1516 4507 1689 4579 ταύτῃ
1717 4506 1814 4559 πέ-

1919 3406 2009 3451 tur
2064 3408 2316 3453 naturam
2362 3398 2678 3460 humanam,
2734 3398 2788 3450 in
2837 3412 2946 3466 qua
2979 3405 3349 3452 commoratus
3393 3406 3497 3452 est.

1918 3489 2121 3545 Deinde
2146 3489 2518 3559 pessumdedit
2550 3503 2767 3543 omnem
2797 3488 3049 3543 hostilem
3084 3496 3404 3559 potestatein
3431 3507 3499 3545 cx

1916 3582 2063 3637 omni
2098 3582 2491 3647 ecclesiastica,
2516 3589 2571 3637 et
2611 3590 2833 3637 sanctos
2864 3580 3004 3635 terre
3053 3580 3264 3636 fructus
3289 3584 3499 3638 valente

1918 3675 2135 3740 anima,
2191 3674 2447 3746 Ephraim
2507 3675 2785 3730 fructuum
2818 3675 3029 3745 copiam
3090 3674 3501 3745 Jerusalcmque

1916 3768 2099 3839 lingua
2128 3767 2315 3823 Graeca
2367 3768 2635 3823 visionem
2688 3767 2840 3837 pacis
2882 3767 3244 3838 signiﬁcante.
3301 3768 3499 3824 Deletis

1915 3876 2045 3930 ergo
2071 3862 2162 3931 qui
2188 3861 2340 3931 prius
2368 3860 2652 3915 hominum
2700 3876 2873 3931 genus
2901 3870 3291 3931 oppresserunt
3318 3861 3499 3931 pravis

1916 3951 2273 4017 daemonibus,
2303 3970 2370 4008 ex
2406 3953 2662 4009 omnibus
2697 3953 2791 4023 qui
2826 3953 3102 4023 quondam
3140 3954 3367 4007 istorum
3397 3953 3500 4008 sub

1915 4044 2121 4100 ditione
2145 4052 2303 4100 erant
2332 4044 2499 4098 millia
2547 4046 2715 4099 multa
2766 4044 2868 4100 sub
2910 4046 3057 4114 pium
3089 4044 3350 4099 doctrinae
3388 4060 3501 4100 sua:

1912 4138 2099 4208 jugum
2133 4138 2380 4193 deduxit.
2419 4137 2542 4193 [lare
2569 4138 2788 4209 quidem
2836 4138 2903 4192 de
2921 4138 3499 4209 hujusﬁlocisigniﬁca-

1916 4232 2083 4286 tione.
2120 4233 2182 4285 Et
2208 4232 2423 4302 proprie
2453 4230 2709 4287 Christus
2741 4230 2919 4285 factus
2956 4230 3119 4285 homo
3158 4239 3210 4285 et
3241 4247 3499 4301 corpora-

1915 4324 2042 4379 liter
2071 4324 2138 4380 de
2162 4340 2220 4380 se
2248 4324 2367 4395 ipso
2401 4323 2701 4395 prophetiis
2733 4323 3002 4392 impletis,
3034 4324 3159 4378 huic
3202 4324 3359 4379 ﬁnem
3391 4325 3496 4378 im-

1917 4417 2120 4487 posuit,
2147 4432 2272 4471 cum
2303 4416 2605 4471 secundum
2637 4415 3029 4485 evangelistam
3071 4416 3353 4486 discipulis
3381 4418 3497 4474 suis

1917 4510 2091 4565 dixit:
2135 4528 2153 4560 ι
2190 4507 2266 4565 lte
2304 4510 2355 4563 in
2391 4509 2679 4565 castellum
2726 4508 2873 4579 quod
2898 4516 3090 4563 contra
3127 4524 3225 4564 vos
3257 4517 3341 4565 est
3367 4550 3382 4574 ,
3443 4518 3497 4565 et

233 4618 335 4673 ρας
376 4599 728 4664 ἐπιτέθεικεν,
767 4601 855 4654 ὅτε
899 4598 1038 4653 κατὰ
1082 4598 1171 4651 τὸν
1220 4600 1609 4671 εύαγγελιστὴν
1661 4596 1813 4653 εἶπεν

1920 4602 2098 4656 statim
2121 4601 2409 4657 invenietis
2433 4600 2646 4657 asinam
2677 4600 2949 4671 alligatam
2972 4641 2987 4665 ,
3031 4609 3085 4656 et
3118 4603 3325 4671 pullum
3370 4617 3494 4657 cum

229 4699 345 4759 τοῖς
389 4693 583 4747 ἐαυτοῦ
620 4693 907 4765 μαθηταῖς,
950 4710 968 4743 ι
1015 4692 1376 4764 Πορευθέντες
1403 4695 1483 4756 εἰς
1526 4694 1625 4764 τὴν
1668 4693 1810 4749 ἀπέ-

230 4803 385 4841 ναντι
434 4785 650 4855 κώμην,
692 4787 951 4857 εὑρήσετε
985 4784 1104 4839 ὄνον
1148 4785 1243 4838 καὶ
1276 4786 1453 4840 πῶλον
1488 4786 1809 4860 δεδεμένην·

230 4880 496 4942 λύσαντες
526 4873 618 4931 οὖν
656 4878 824 4948 αὐτὴν
857 4878 1093 4947 ἀγάγετε
1112 4895 1124 4908 ’
1161 4879 1254 4932 καὶ
1283 4878 1378 4933 ἐάν
1408 4898 1491 4943 τις
1525 4882 1652 4951 ὑμῖν
1683 4883 1812 4954 εἴπῃ

229 4972 283 5025 τί
310 4974 538 5032 ποιεῖτε,
566 4971 760 5040 ἐρεῖτε,
787 4972 815 5022 ὁ
840 4970 1043 5040 Κύριος
1069 4970 1175 5022 ἀπο
1199 4968 1421 5042 (αὐτῶν)
1448 4971 1633 5042 χρείαν
1663 4972 1773 5043 ἔχει
1793 4992 1806 5005 ·

231 5061 327 5115 καὶ
371 5059 699 5122 ἀπελθόντες
730 5061 925 5113 ἐκεῖνοι
971 5060 1231 5131 ἐποίησαν
1258 5060 1439 5124 καθὼς
1480 5064 1809 5133 προσέταξεν

230 5152 440 5219 αὐτοῖς.
479 5168 498 5200 ι
531 5149 745 5201 Τούτων
772 5149 817 5201 δ’
868 5147 1041 5212 οὕτως
1084 5149 1335 5219 ἐχόντων,
1381 5150 1713 5220 παραθετέον
1741 5150 1812 5204 τά

234 5242 377 5315 ῥητὰ
402 5244 515 5305 τοῖς
543 5242 716 5312 μόνως
744 5242 1068 5311 σωματικῶς
1102 5243 1194 5295 καὶ
1226 5241 1528 5307 Ἰουδαϊκῶς
1568 5243 1640 5296 τὰ
1684 5261 1814 5315 προ-

235 5330 465 5400 κείμενα
510 5329 601 5381 ἐπὶ
646 5332 711 5400 τῇ
746 5328 842 5381 τοῦ
886 5329 1122 5401 Χριστοῦ
1167 5330 1436 5403 παρουσίᾳ
1485 5334 1811 5403 γενήσεσθαι

234 5421 663 5491 φανταζομένοις
684 5438 697 5453 ο
729 5421 963 5475 δεικτέον
988 5440 1048 5475 τε
1078 5424 1207 5477 αὐτο
1230 5423 1286 5477 δὲ
1314 5424 1430 5495 (sic)
1454 5424 1600 5489 ὅπως
1625 5427 1718 5479 ἐπί
1745 5430 1809 5497 τῇ

232 5512 328 5567 τοῦ
374 5514 625 5586 Σωτῆρος
669 5512 824 5585 ἡμῶν
873 5516 1144 5587 παρουσίᾳ
1189 5516 1283 5569 καὶ
1332 5517 1656 5587 σωματικῶς
1707 5516 1855 5589 περ’

232 5621 339 5659 αυτ
378 5644 392 5657 .
436 5645 449 5657 .
494 5645 507 5658 .
551 5623 649 5674 φεν
683 5605 819 5675 μετά
841 5605 948 5658 τῶν
970 5606 1141 5659 ἄλλων
1171 5608 1323 5679 καὶὴ
1358 5608 1638 5677 φάσκουσα
1674 5627 1808 5681 προ-

236 5694 458 5762 tentata,
502 5715 519 5747 ι
551 5698 659 5749 Καὶ
704 5694 1068 5768 ἐξολοθρεύσει
1095 5698 1314 5770 ἅρματα
1343 5700 1400 5766 ἐξ
1448 5700 1685 5772 Ἐφραῒμ
1716 5704 1808 5757 καὶ

311 5874 351 5903 τί
396 5871 623 5928 Zachar.
658 5889 707 5928 ix
732 5913 746 5938 ,
781 5876 833 5942 9,
910 5877 990 5931 10.

1918 4708 2019 4757 ea;
2053 4692 2246 4748 solvite
2276 4699 2330 4747 et
2381 4691 2634 4747 adducite
2678 4690 2832 4743 mihi.
2867 4688 2938 4743 Et
2977 4692 3022 4747 si
3053 4693 3177 4762 quis
3214 4692 3369 4746 vobis
3398 4693 3496 4745 ali-

1916 4784 2047 4856 quid
2084 4784 2303 4849 direrit,
2332 4784 2501 4840 dicite
2530 4788 2657 4855 quia
2684 4783 2948 4840 Dominus
2972 4801 3110 4857 opus
3157 4785 3244 4840 his
3295 4784 3491 4850 habet;

1916 4885 1970 4933 et
2005 4877 2291 4932 confestim
2328 4877 2563 4933 dimittet
2589 4893 2702 4933 eos.
2749 4877 2814 4931 Et
2847 4879 3107 4933 abeuntes
3147 4878 3223 4930 illi
3253 4876 3496 4931 fecerunt

1915 4973 2057 5027 sicut
2083 4981 2417 5043 praeceperat
2450 4971 2530 5027 eis
2554 4972 2621 5025 ⁷³.
2658 4992 2675 5023 ι
2714 4969 2840 5026 Haec
2873 4971 2946 5023 ita
2989 4985 3111 5024 cum
3145 4984 3202 5023 se
3230 4969 3492 5030 habeant,

1916 5064 2234 5129 exponenda
2280 5073 2408 5120 sunt
2450 5064 2564 5118 hate
2613 5064 2773 5119 verba
2827 5063 2936 5117 illis
2983 5061 3075 5132 qui
3122 5060 3495 5114 tantummodo

1916 5154 2209 5209 carnaliter
2235 5162 2288 5209 et
2310 5153 2536 5209 Judaice
2566 5169 2629 5208 ea
2663 5154 2731 5208 de
2758 5153 2961 5206 Christi
2990 5152 3224 5206 adventu
3252 5151 3365 5206 ﬁeri
3384 5153 3495 5221 opio

1916 5252 2149 5304 nantur;
2180 5244 2665 5300 demonstrandum
2719 5252 2803 5299 est
2852 5244 2932 5299 eis
2965 5243 3239 5313 quomodo
3271 5243 3339 5298 de
3375 5242 3493 5297 Sal-

1916 5339 2125 5393 vatoris
2140 5337 2313 5392 nostri
2337 5337 2797 5400 manifestatione,
2820 5337 2903 5393 vel
2929 5336 3243 5395 carnaliter.
3278 5377 3294 5393 .
3332 5377 3344 5391 .
3377 5375 3392 5391 .
3424 5378 3435 5389 .
3476 5379 3488 5391 .

1919 5446 2044 5485 cum
2070 5429 2193 5485 aliis
2216 5437 2269 5484 et
2302 5429 2585 5500 prophetia
2617 5428 2804 5485 dicens
2836 5447 2850 5483 ι
2900 5446 2918 5479 ι
2956 5427 3238 5498 Disperdet
3271 5426 3492 5498 quadri-

1920 5534 2015 5590 gas
2064 5535 2130 5575 ex
2157 5519 2415 5589 Ephraim
2455 5527 2510 5574 et
2538 5535 2737 5589 equum
2770 5518 2836 5573 de
2866 5516 3185 5573 Jerusalem.
3230 5537 3249 5572 ι
3300 5516 3491 5573 Divina

1917 5611 2082 5681 igitur
2122 5612 2471 5683 cmlestisque
2518 5611 2723 5668 Christi
2771 5611 3023 5682 potentiae
3080 5609 3335 5666 ineﬂabili
3383 5610 3490 5663 vir-

1917 5711 2044 5758 tute:
2072 5712 2213 5775 post.
2256 5748 2268 5761 .
2312 5747 2323 5758 .
2366 5746 2375 5757 .
2415 5748 2426 5761 .
2462 5745 2475 5759 .
2515 5746 2526 5759 .
2579 5705 2742 5777 hujus
2771 5704 3063 5779 insidias;
3099 5705 3377 5776 ipsamque
3404 5701 3488 5758 Je:

1069 5879 1112 5907 "
1154 5878 1325 5933 Galat.
1362 5896 1435 5947 iv,
1469 5879 1556 5935 26,
1637 5881 1682 5914 ⁷³
1723 5881 1909 5937 Matth.
1946 5899 2071 5949 XXI,
2103 5883 2275 5950 2,3,6.
