3974 6516
527 443 660 497 “Eii
1229 439 1502 494 EUSEBII
1542 438 2024 497 CESABIENSIS
2061 439 2210 497 OPP.
2251 439 2430 495 PARS
2455 441 2550 495 ιιι.
2590 471 2656 480 -
2695 437 3107 496 EXEGETICA.
3641 443 3756 501 “52

525 553 762 608 rusalem
797 566 942 606 cum.
974 591 988 606 .
1028 589 1043 604 .
1077 587 1092 603 .
1129 589 1142 604 .
1176 589 1192 606 .
1227 551 1256 604 .’
1285 550 1339 604 in
1379 549 1581 618 quibus
1611 550 1800 607 hostili
1831 559 2062 622 potestal

2175 554 2368 616 ,ἵππον
2416 551 2478 622 (Γ.
2518 551 2608 622 55)
2658 551 2720 617 ἐξ
2764 553 3136 626 Ἰερουσαλήμ.
3167 567 3188 604 ι
3243 551 3308 606 Ἦ
3351 551 3483 622 γοῦν
3519 554 3616 608 τοῦ
3653 557 3758 627 Χρι-

524 645 920 722 pessumdcdit.
978 642 1152 698 Tunc.
1181 651 1216 698 ι.
1260 684 1274 697 .
1313 684 1327 698 .
1361 683 1374 698 .
1411 682 1427 697 .
1461 682 1475 696 .
1513 683 1526 697 .
1565 683 1579 698 .
1613 687 1627 700 .
1659 683 1676 698 .
1727 645 1988 716 populum
2039 646 2067 700 it

2205 645 2330 701 στοῦ
2367 645 2486 699 θεία
2518 646 2614 700 καὶ
2657 645 2907 716 οὐράνιος
2949 644 3178 716 δύναμις
3205 645 3504 717 ἀπορρήτῳ
3533 648 3758 718 ἐνεργείᾳ

521 736 640 807 ipsa
675 735 926 806 Ephraim
959 735 1534 804 saepiusnominatum.
1571 774 1584 788 .
1618 772 1634 787 .
1666 775 1684 793 .
1721 775 1735 792 .
1771 777 1784 792 .
1819 775 1836 793 .
1874 775 1890 792 .
1927 777 1940 791 .
1977 777 1992 792 .
2031 776 2045 790 .

2206 737 2342 810 μετὰ
2379 736 2477 807 τὴν
2519 775 2534 790 .
2581 777 2595 792 .
2641 777 2654 788 .
2699 775 2712 790 .
2753 735 2940 788 τούτου
2989 734 3307 806 ἐπιϐουλήν·
3355 735 3529 807 αὐτήν
3569 754 3630 790 τε
3677 739 3758 810 τὴν

523 837 896 900 praeceptum;
941 825 1282 898 frequentem
1338 843 1540 896 equum
1579 827 1636 882 in
1685 827 1992 886 Jerusalem
2039 845 2067 886 e

2213 827 2570 899 Ἰερουσαλὴμ
2600 827 2698 878 σὺν
2727 825 2822 880 καὶ
2859 829 2926 898 τῇ
2959 843 3103 896 προγ
3144 869 3157 881 .
3201 864 3217 880 .
3260 865 3274 881 .
3321 865 3336 880 .
3379 865 3395 880 .
3438 865 3454 878 .
3493 829 3555 879 ὲν
3585 823 3669 892 αἶς
3701 833 3754 900 τῇ

521 923 859 992 quadrigam.
887 961 905 977 .
934 961 947 975 .
978 960 993 975 .
1022 959 1060 974 ..
1106 959 1120 974 .
1155 937 1250 990 per
1275 921 1540 977 bellorum
1571 923 1740 986 acies.
1771 964 1786 979 .
1827 964 1841 977 .
1877 963 1892 978 .
1925 961 1940 977 .
1975 963 1990 978 .
2025 961 2040 977 .

2200 933 2542 990 τυγχανουσῃ
2577 917 2847 988 πολεμικῇ
2875 917 3099 989 δυνάμει
3129 916 3493 990 ἐξωλόθρευσε
3513 935 3528 947 ο
3569 919 3658 970 τότ
3693 959 3706 974 .
3741 959 3753 972 .

477 1083 483 1088 ι
522 1014 692 1069 factos
709 1029 904 1084 equos,
921 1014 1212 1084 pecoribus
1229 1015 1614 1084 insipientibus
1635 1015 1920 1071 assimilat.
1945 1057 1958 1070 .
1981 1057 1993 1070 .
2034 1057 2048 1070 .
2079 1058 2092 1069 .

519 1105 906 1176 quospenitus
931 1120 1120 1161 omnes
1141 1105 1406 1160 adventus
1438 1104 1736 1160 Salvatoris
1767 1106 1940 1161 nostri
1971 1120 2093 1170 pes-

517 1197 808 1252 sumdedit.
854 1237 870 1252 .
913 1240 928 1254 .
973 1239 987 1252 .
1035 1238 1048 1252 .
1097 1240 1110 1253 .
1156 1237 1172 1252 .
1215 1198 1506 1251 salutarem
1535 1197 1876 1266 praesentiam
1913 1195 2093 1265 perdi-

2262 1049 2274 1062 .
2321 1052 2334 1063 .
2375 1008 2500 1062 λαὸν
2524 1007 2614 1060 τὸν
2649 1009 2708 1062 ἐν
2737 1007 2876 1079 αὐτῇ
2912 1005 3150 1078 Ἐφραῒμ
3171 1007 3428 1071 πολλάκις
3453 1007 3756 1078 ὠνομασμέ-

2199 1100 3756 1172 νον................ὲντολήν·πληθύ-

2198 1211 2358 1248 νοντα
2384 1196 2546 1247 ἵππον
2580 1195 2636 1247 ἐν
2669 1196 2736 1264 τῇ
2756 1193 3108 1264 Ἰερουσαλὴμ
3139 1193 3228 1248 καὶ
3255 1195 3438 1264 ἁρματ
3463 1231 3480 1246 .
3523 1232 3541 1248 .
3583 1235 3598 1250 .
3637 1233 3654 1250 .
3689 1232 3706 1247 .
3743 1233 3756 1250 .

516 1285 588 1340 tis
621 1286 748 1340 illis.
789 1327 802 1340 .
853 1329 865 1342 .
910 1327 924 1341 .
967 1327 982 1342 .
1027 1328 1042 1341 .
1089 1327 1104 1342 .
1150 1329 1164 1340 .
1207 1287 1360 1340 multi
1403 1304 1472 1342 ex
1530 1287 1786 1342 omnibus
1836 1287 2067 1356 gentibu:

2197 1283 2362 1347 τικῶς
2386 1282 2472 1336 διὰ
2501 1281 2598 1346 τὰς
2628 1283 2685 1336 ὲν
2721 1285 2834 1345 τοῖς
2865 1282 3120 1353 πολέμοις
3145 1284 3480 1356 παρατάξεις
3511 1301 3542 1336 τ
3581 1323 3596 1337 .
3637 1323 3652 1337 .
3689 1324 3706 1339 .
3743 1323 3756 1340 .

514 1375 570 1430 in
633 1378 852 1435 animis.
897 1419 912 1434 .
953 1417 970 1434 .
1015 1421 1028 1433 .
1074 1417 1088 1432 .
1133 1415 1149 1432 .
1189 1386 1539 1447 acceperunt.
1605 1379 1715 1434 Deo
1769 1385 1988 1448 regente
2037 1393 2066 1432 e

2197 1393 2300 1430 κατ
2339 1417 2351 1430 .
2399 1415 2412 1429 .
2455 1415 2468 1428 .
2515 1417 2528 1430 .
2574 1414 2588 1428 .
2635 1415 2650 1428 .
2693 1413 2708 1429 .
2751 1375 3075 1446 γενομένους
3107 1376 3334 1439 ἵππους³
3381 1378 3634 1448 κτήνεσιν
3657 1379 3758 1441 τοῖς

511 1465 834 1538 imperante.
879 1511 893 1526 .
938 1511 953 1526 .
999 1511 1014 1528 .
1062 1512 1074 1524 .
1118 1511 1132 1525 .
1173 1511 1185 1522 .
1229 1470 1459 1540 angelici
1503 1469 1656 1525 verbi
1703 1471 1883 1526 omnis
1933 1477 2067 1524 terra

2195 1471 2440 1540 ἀνοήτοις
2463 1467 2591 1538 παρ’
2618 1468 2778 1539 ὁμοια
2808 1509 2822 1522 .
2859 1507 2872 1519 .
2901 1506 2916 1521 .
2959 1509 2974 1524 .
3017 1507 3032 1520 .
3075 1505 3092 1521 .
3135 1509 3152 1524 .
3193 1509 3208 1523 .
3253 1509 3268 1522 .
3311 1507 3327 1522 .
3369 1467 3497 1531 ,οὓς
3531 1467 3756 1540 ἐναργῶς

511 1561 836 1617 secundum.
879 1601 896 1618 .
940 1601 955 1618 .
1002 1605 1015 1618 .
1061 1606 1074 1618 .
1115 1604 1132 1621 .
1181 1605 1194 1617 .
1235 1563 1406 1618 divini
1442 1563 1594 1618 verbi
1617 1563 1977 1632 prephetiam.

2198 1563 2406 1625 πάντας
2441 1564 2473 1634 ἡ
2515 1560 2786 1634 παρουσία
2823 1559 2917 1613 τοῦ
2951 1559 3204 1632 Σωτῆρος
3238 1560 3396 1630 ἡμῶν
3438 1561 3758 1632 ἐξωλόθρευσ

512 1689 527 1708 .
573 1694 586 1707 .
629 1696 644 1710 .
689 1697 705 1712 .
744 1657 874 1726 γοῦν
907 1659 1003 1730 τὴν
1031 1661 1297 1731 σωτήριον
1341 1659 1642 1729 παρουσίαν
1687 1655 2173 1728 ἐξολοθρευθέντων
2206 1659 2428 1711 ἐκείνων
2470 1697 2482 1708 .
2528 1696 2541 1711 .
2587 1695 2602 1710 .
2647 1695 2662 1709 .
2707 1694 2720 1708 .
2760 1653 2922 1725 τυχὸν
2964 1654 3168 1724 πλῆθος
3225 1653 3285 1719 ἐξ
3345 1653 3600 1708 ἁπάντων
3655 1653 3756 1708 τῶν

508 1746 677 1803 ἐθνῶν
703 1750 802 1820 τὴν
831 1751 889 1804 ἐν
915 1754 1034 1816 ταῖς
1058 1752 1256 1822 ψυχαῖς
1296 1791 1310 1804 .
1357 1793 1370 1806 .
1415 1789 1429 1804 .
1474 1793 1488 1806 .
1532 1793 1542 1803 .
1597 1789 1611 1803 .
1657 1789 1670 1802 .
1711 1749 2064 1813 κατεδέξαντο
2093 1767 2106 1780 ’
2147 1749 2238 1804 τοῦ
2293 1749 2427 1803 Θεοῦ
2463 1747 2838 1818 κατάρξαντος
2883 1747 2978 1800 καὶ
3007 1748 3467 1821 κατακρατήσεως
3511 1787 3527 1800 .
3571 1789 3584 1803 .
3627 1786 3640 1799 .
3678 1785 3692 1800 .
3739 1785 3754 1798 .

507 1838 798 1906 ἀγγελικοῦ
831 1838 995 1910 ῥητοῦ
1040 1840 1140 1911 τῆς
1178 1839 1504 1909 οἰκουμένης
1547 1839 1765 1909 ἁπάσης
1811 1838 1950 1892 κατὰ
1995 1840 2094 1911 τὴν
2135 1883 2147 1893 .
2195 1881 2208 1892 .
2251 1879 2264 1893 .
2311 1881 2324 1893 .
2371 1881 2384 1894 .
2431 1882 2443 1893 .
2483 1855 2551 1909 ην
2584 1836 2680 1891 τοῦ
2715 1836 2859 1890 θείου
2885 1839 3058 1906 Λόγου
3087 1837 3440 1910 προφητείαν.

2689 1955 3086 2008 ΚΕΦΑΛΑΙΟΝ
3139 1955 3268 2008 ΚΕ’.

1099 1951 1330 2008 CAPUT
1369 1949 1546 2010 xxv.
2121 1961 2167 2020 Β

989 2063 1074 2120 Ex
1108 2064 1286 2120 eodem
1325 2061 1368 2116 Ζ
1372 2064 1610 2119 acltaria.
1969 2083 1976 2090 ·

578 2195 596 2228 ι
633 2175 699 2230 Et
741 2173 1064 2232 confortabo
1097 2189 1193 2229 eos
1246 2173 1300 2226 in
1351 2171 1582 2226 Domino
1609 2212 1624 2238 ,
1680 2181 1734 2227 et
1783 2172 1837 2225 in
1870 2171 2067 2225 nomint

2268 2196 2287 2230 ι
2331 2179 2442 2234 Καὶ
2480 2181 2796 2252 κατισχύσω
2848 2183 3042 2246 αὐτοὺς
3087 2185 3142 2236 ὲν
3182 2184 3372 2256 Κυρίῳ
3415 2183 3535 2256 Θεῷ
3567 2185 3754 2248 αὐτῶν,

501 2269 664 2340 (ejus)
695 2267 1052 2323 ambulabunt
1076 2306 1090 2330 ,
1127 2267 1260 2321 dicit
1291 2264 1555 2320 Dominus
1580 2265 1647 2321 7".
1683 2285 1701 2316 ι
1741 2263 1956 2319 Rursus
1985 2263 2060 2319 Do

2190 2273 2281 2325 καὶ
2313 2273 2371 2324 ἐν
2424 2273 2501 2344 τῷ
2530 2273 2752 2345 ὀνόματι
2791 2315 2806 2328 .
2851 2314 2866 2329 .
2911 2317 2924 2329 .
2971 2317 2984 2329 .
3027 2317 3042 2332 .
3087 2316 3100 2328 .
3147 2316 3162 2330 .
3201 2279 3588 2348 καυχήσονται,
3619 2279 3752 2346 λέγει

499 2365 679 2417 minus
699 2361 790 2417 Dei
813 2361 1048 2416 Verbum
1069 2375 1127 2414 se
1148 2357 1578 2412 confortatttrunt
1604 2357 1889 2427 pollicetur
1907 2357 2067 2426 justo:

2188 2362 2410 2434 Κύριος.
2454 2385 2474 2416 ι
2515 2365 2682 2418 Πάλιν
2715 2365 2918 2440 Κύριος
2952 2370 2980 2422 ὁ
3016 2368 3110 2420 τοῦ
3140 2367 3275 2422 Θεοῦ
3311 2369 3482 2437 Λόγος
3513 2371 3750 2440 κατισχύ-

497 2455 552 2510 in
589 2453 820 2508 Domino
878 2452 987 2506 Deo
1048 2467 1274 2516 eorum,
1335 2447 1504 2504 Deum
1538 2457 1592 2504 et
1653 2448 1866 2504 Patrem
1923 2465 2067 2505 suun

2187 2459 2323 2528 (σειν
2353 2458 2710 2530 ὑπι)σχνεῖται
2740 2461 2865 2524 τοὺς
2893 2460 3073 2525 ἀξίους
3103 2461 3158 2515 ὲν
3187 2462 3376 2534 Κυρίῳ
3405 2461 3526 2532 Θεῷ
3565 2463 3751 2527 αὐτῶν,

493 2547 808 2602 Ostendens.
837 2545 962 2600 ldeo
991 2546 1047 2598 in
1082 2545 1412 2601 testimoniis
1450 2545 1515 2600 de
1545 2542 1708 2598 Patre
1741 2549 1795 2597 et
1821 2539 1959 2596 Filio
1980 2541 2067 2598 hat

2183 2549 2275 2602 τὸν
2307 2549 2441 2604 Θεὸν
2465 2551 2558 2604 καὶ
2587 2551 2807 2625 Πατέρα
2833 2553 3025 2607 ἑαυτοῦ
3055 2553 3249 2626 δηλῶν.
3280 2555 3370 2607 Διὸ
3399 2558 3456 2609 ἐν
3485 2559 3600 2619 τοῖς
3637 2555 3752 2630 περὶ

2655 2067 2768 2121 Τοῦ
2799 2067 2987 2122 αὐτοῦ
3026 2069 3306 2139 Ζαχαρία.

499 2654 718 2709 quoque
743 2639 946 2694 dictum
972 2639 1415 2694 memoravimus.

1055 2749 1282 2806 CAPUT
1316 2749 1508 2806 XXVI.

1130 2864 1215 2918 Ex
1251 2863 1452 2920 eodem.

573 2999 591 3031 ‹
631 2979 698 3033 Et
732 2988 1066 3048 cognoscent
1098 2977 1394 3031 Chananaei
1452 2990 1651 3046 pecora
1713 2975 1847 3029 mihi
1897 2985 2084 3030 custo-

487 3073 707 3134 dienda,
741 3072 868 3141 quia
911 3071 1138 3125 verbum
1169 3069 1382 3124 Domini
1413 3077 1516 3123 est.
1549 3067 1615 3121 Et
1639 3067 1814 3123 dicam
1846 3068 1913 3122 ad
1943 3083 2076 3123 eos:

2041 2865 2158 2877 "——

2185 2643 2397 2716 Πατρὸς
2421 2645 2516 2698 καὶ
2545 2645 2674 2698 Υἱοῦ
2700 2646 2794 2699 καὶ
2817 2644 2976 2699 τοῦτο
3007 2645 3399 2718 σεσημειὼσθω
3423 2645 3484 2700 τὸ
3508 2647 3690 2720 ῥητόν.

2693 2758 3091 2814 ΚΕΦΑΛΔΙΟΝ
3125 2761 3270 2828 KG’.

2783 2871 2895 2927 Τοῦ
2949 2872 3158 2926 αὐτοῦ.

2257 3003 2276 3036 ι
2322 2985 2433 3044 Καὶ
2457 2985 2754 3054 ¹γνώσονται
2783 2987 2832 3039 οἱ
2859 2986 3154 3040 Χαναναῖοι
3187 2987 3256 3042 τὰ
3283 2989 3535 3058 πρόϐατα
3559 2989 3628 3042 τὰ
3661 3007 3748 3060 qau-

2179 3077 2492 3148 λασσόμενά
2523 3095 2633 3150 μοι,
2669 3077 2802 3131 διότι
2845 3078 3002 3147 λόγος
3045 3081 3252 3152 Κυρίου
3297 3081 3464 3134 ἐστίν.
3509 3083 3620 3136 Καὶ
3651 3081 3748 3154 ἐρῶ

488 3163 548 3222 Si
581 3165 781 3220 bonum
812 3171 896 3218 est
945 3161 999 3216 in
1031 3162 1208 3216 oculis
1243 3162 1439 3216 vestris
1467 3200 1482 3220 .
1525 3159 1714 3214 alferte
1767 3159 2067 3234 mercedem

2180 3170 2316 3241 πρὸς
2342 3169 2556 3234 αὐτούς’
2591 3171 2652 3223 Ei
2679 3171 2842 3225 καλὸν
2872 3171 3102 3226 ἐνώπιον
3133 3173 3287 3243 ὑμῶν
3312 3177 3480 3236 ἐστιν,
3517 3175 3634 3228 δότε
3663 3175 3745 3230 τὸν

485 3273 700 3323 meant;
733 3263 786 3312 et
833 3255 880 3309 si
942 3269 1072 3318 non,
1100 3253 1390 3324 quiescite.
1427 3251 1491 3306 Et
1521 3251 1902 3324 appenderunt
1934 3267 2067 3308 mer-

2183 3261 2368 3332 μισθόν
2403 3279 2525 3333 μου,
2561 3262 2594 3334 ἦ
2630 3263 2964 3318 ἀπείπασθε·
3013 3265 3106 3318 καὶ
3155 3265 3388 3337 ἔστησαν
3435 3267 3526 3319 τὸν
3571 3268 3748 3338 μισθόν

485 3351 672 3408 cedem
708 3364 882 3403 meum
911 3347 1132 3418 triginta
1167 3354 1479 3417 argenteos.
1536 3343 1602 3397 Et
1635 3345 1836 3415 projeci
1869 3345 1990 3400 illos
2021 3345 2067 3399 in

2183 3369 2282 3423 μου
2309 3351 2602 3423 τριάκοντα
2639 3354 2968 3425 ἀργυρίους·
3021 3355 3117 3408 καὶ
3161 3353 3410 3408 ἐνέϐαλον
3451 3356 3647 3418 αὐτοὺς
3675 3357 3746 3418 εἰς

484 3443 708 3500 domum
756 3441 968 3498 Domini
1008 3441 1076 3495 ad
1117 3440 1463 3495 statuariunt.
1513 3439 1578 3492 Et
1615 3437 1836 3508 praecidi
1869 3439 2067 3510 virgam

2177 3445 2268 3499 τὸν
2309 3441 2456 3498 οἷκον
2485 3446 2689 3518 Κυρίου
2715 3448 2794 3510 είς
2819 3447 2880 3500 τὸ
2911 3448 3295 3520 χωνευτήριον.
3341 3449 3452 3502 Καὶ
3477 3448 3744 3520 ἀπέῥριᾥα

484 3553 662 3593 meam
695 3536 1014 3592 secundam.
1061 3573 1073 3587 .
1116 3574 1129 3587 .
1177 3572 1190 3585 .
1239 3573 1252 3588 .
1297 3573 1309 3586 .
1356 3573 1370 3586 .
1417 3569 1430 3584 .
1473 3539 1532 3584 ιιι
1567 3531 1920 3587 dissolverem
1949 3547 2074 3602 ger-

483 3631 801 3686 manitatem
845 3630 987 3684 inter
1020 3627 1214 3682 Jtldam
1249 3633 1302 3680 et
1337 3626 1503 3684 Israel
1535 3626 1602 3677 ⁷³.
1663 3643 1682 3676 ι
1735 3625 1876 3692 Quid
1928 3626 2073 3680 enim

482 3739 590 3779 non
619 3724 686 3779 de
721 3722 951 3777 Domino
995 3729 1048 3776 et
1081 3721 1362 3774 Salvatore
1397 3727 1585 3772 nostro
1609 3717 1738 3773 Jesu
1769 3717 2006 3773 Christo.
2057 3758 2070 3770 .

483 3858 500 3872 .
546 3858 560 3870 .
607 3857 623 3871 .
664 3854 679 3869 .
725 3857 740 3870 .
817 3815 1108 3885 praevisum
1175 3819 1338 3882 atque
1407 3810 1728 3882 praedictum
1811 3809 1976 3864 fuerit
2042 3825 2073 3864 a

481 3909 691 3966 sanctis
723 3907 816 3962 Dei
851 3905 1151 3976 prephctis.
1201 3945 1214 3957 .
1261 3946 1273 3958 .
1320 3945 1340 3980 ,ξ
1376 3944 1388 3956 .
1437 3943 1449 3954 .
1498 3943 1511 3957 .
1555 3903 1700 3958 enim
1765 3917 1796 3957 e
1847 3901 2073 3972 Virgine

481 4001 740 4056 nativitas
764 3999 884 4068 ejus
905 4005 958 4052 et
992 3997 1312 4050 nativitatis.
1353 4037 1368 4052 .
1412 4037 1426 4052 .
1481 4038 1492 4050 .
1541 4036 1555 4049 .
1601 4035 1614 4048 .
1661 4036 1678 4050 .
1719 4001 1774 4050 et
1809 3993 1968 4048 radix
1999 4009 2066 4050 ex

479 4107 588 4164 qua
627 4090 928 4146 secundum
959 4091 1182 4145 carnem
1227 4087 1448 4160 genitus
1477 4095 1581 4144 est.
1629 4129 1644 4144 .
1689 4128 1704 4142 .
1753 4128 1766 4141 .
1811 4127 1826 4142 .
1873 4128 1887 4142 .
1929 4127 1940 4142 .
1985 4126 2000 4141 .
2052 4126 2068 4141 .

485 4183 626 4238 l-luie
665 4185 953 4238 ineat-nato
989 4181 1075 4236 vix
1124 4181 1392 4236 credenda
1423 4195 1519 4253 per
1547 4181 1860 4252 prophetas.
1901 4223 1914 4236 .
1949 4221 1964 4236 .
1999 4221 2011 4234 .
2051 4223 2064 4236 .

479 4273 782 4346 Scriptura:
825 4289 856 4326 a
897 4285 1087 4329 sancto
1133 4271 1342 4343 Spiritu
1398 4273 1652 4344 dignatus
1688 4279 1790 4327 est.
1841 4271 1900 4326 In
1949 4288 2069 4326 om-

481 4365 643 4422 nibus
676 4373 728 4421 et
757 4373 1008 4430 mortem,
1043 4373 1094 4419 et
1131 4363 1321 4418 mortis
1358 4363 1648 4433 imaginem
1681 4362 2063 4423 ostenderunt,

480 4472 590 4512 non
647 4456 982 4511 amittentes.
1027 4495 1043 4510 .
1089 4496 1103 4510 .
1149 4494 1162 4508 .
1210 4495 1224 4508 .
1265 4469 1444 4523 neque
1504 4468 1624 4524 quae
1691 4453 1912 4521 pertulit
1965 4450 2064 4504 lla-

475 4547 636 4618 gella,
669 4553 722 4601 et
752 4554 928 4617 sputa,
961 4543 1241 4613 l'ustesque
1291 4553 1344 4598 et
1383 4543 1702 4614 opprobria.
1759 4541 1865 4597 Sed
1917 4543 2065 4597 hunc

475 4639 570 4714 qui
599 4637 823 4692 tradidit
851 4652 975 4691 eum
1023 4634 1413 4691 insidiantibus
1443 4636 1838 4706 discipulorum
1893 4653 2061 4690 unum

2175 3531 2274 3603 τὴν
2307 3532 2499 3603 ῥάϐδον
2543 3533 2641 3604 τὴν
2677 3534 2936 3607 δευτέραν
2980 3575 2994 3590 .
3039 3577 3052 3590 .
3097 3580 3113 3594 .
3158 3573 3171 3590 .
3219 3579 3229 3590 .
3274 3575 3289 3592 .
3333 3575 3347 3590 .
3394 3578 3408 3591 .
3448 3579 3460 3593 .
3503 3537 3598 3592 τοῦ
3637 3539 3744 3591 δια-ν

2179 3622 2434 3676 σκεδάσαι
2460 3623 2559 3696 τὴν
2583 3623 2849 3696 διαθήκην
2873 3626 3144 3697 ἀναμέσον
3187 3626 3379 3690 Ἰούδα,
3421 3629 3518 3681 καὶ
3547 3627 3739 3698 ἀναμέ-

2177 3729 2267 3766 σον
2297 3713 2549 3786 εἰσραήλ.
2590 3735 2608 3767 ι
2640 3717 2750 3770 Καὶ
2781 3717 2834 3769 τί
2865 3716 2975 3789 γὰρ
3005 3718 3125 3793 οὐχὶ
3163 3718 3271 3771 τῶν
3297 3719 3388 3771 ἐπὶ
3417 3719 3516 3772 τοῦ
3547 3721 3738 3792 Κυρίου

2173 3804 2268 3856 καὶ
2315 3803 2564 3875 Σωτῆρος
2612 3805 2769 3878 ἡμῶν
2827 3806 3000 3877 Ἰησοῦ
3051 3805 3286 3880 Χριστοῦ
3335 3825 3433 3860 συν
3473 3849 3486 3861 .
3531 3847 3548 3860 .
3591 3846 3606 3861 .
3641 3825 3742 3861 των

2173 3893 2520 3964 προέγνωστο
2558 3909 2616 3947 τε
2663 3896 2758 3948 καὶ
2796 3897 3089 3970 προείρητο
3129 3900 3241 3961 τοῖς
3281 3899 3447 3970 ἱεροῖς
3471 3898 3568 3951 τοῦ
3613 3896 3738 3952 Θεοῦ

2175 3987 2478 4057 προφήταις
2527 4027 2538 4039 .
2585 4028 2598 4041 .
2645 4026 2658 4040 .
2703 4030 2718 4042 .
2761 4027 2775 4042 .
2823 4029 2836 4041 .
2882 4031 2895 4043 .
2937 3989 3046 4060 γὰρ
3099 3991 3164 4042 ἐκ
3215 3989 3486 4062 παρθένου
3539 3991 3740 4060 γένεσις

2171 4075 2337 4128 αὑτοῦ
2381 4078 2533 4130 καὶὸ
2577 4078 2676 4148 τῆς
2723 4079 3736 4146 γενέσεως.............

2170 4167 2235 4238 λῆ
2272 4169 2366 4220 καί
2410 4169 2443 4239 ἡ
2487 4167 2614 4239 ῥίζα
2637 4167 2698 4232 ἐξ
2726 4165 2794 4241 ἧς
2823 4168 2884 4221 τὸ
2925 4168 3066 4223 κατὰ
3093 4170 3268 4240 σάρκα
3295 4169 3644 4238 γεγέννηται·
3673 4166 3738 4220 τά

2169 4277 2228 4312 τε
2271 4301 2283 4314 .
2330 4299 2342 4313 .
2383 4299 2396 4312 .
2442 4299 2454 4313 .
2501 4299 2514 4313 .
2559 4299 2572 4313 .
2617 4301 2630 4315 .
2673 4301 2685 4314 .
2729 4301 2743 4313 .
2790 4301 2803 4314 .
2843 4260 2992 4331 αύτῷ
3032 4261 3428 4332 ἐπιδημήσαντι
3471 4257 3736 4332 παράδοξα

2167 4353 2256 4406 διὰ
2303 4351 2413 4406 τῶν
2467 4353 2729 4407 ἀνέκαθεν
2779 4355 3073 4426 προφητῶν
3115 4397 3128 4409 .
3173 4394 3186 4408 .
3230 4393 3246 4409 .
3291 4393 3304 4407 .
3343 4354 3446 4424 τῆς
3495 4353 3600 4407 ὑπὸ
3645 4351 3732 4406 τοῦ

2168 4445 2314 4499 θείου
2359 4447 2676 4518 Πνεύματος
2720 4445 2927 4518 ἠξιώθη
2979 4447 3229 4518 Γραφῆς·
3277 4448 3368 4500 ἐπὶ
3397 4449 3530 4500 πᾶσι
3568 4445 3734 4500 δὲκαὶ

2165 4537 2256 4589 τὸν
2305 4537 2532 4590 θάνατον
2579 4539 2672 4590 καὶ
2713 4538 2774 4590 τὸ
2818 4537 3008 4592 τούτου
3057 4535 3192 4600 εἶδος
3235 4537 3634 4611 προεδήλωσαν,
3675 4537 3732 4590 οὐ

2167 4631 2532 4701 παραλιπόντε
2573 4669 2589 4684 .
2630 4669 2645 4684 .
2692 4673 2706 4686 .
2749 4669 2764 4684 .
2809 4669 2824 4684 .
2866 4671 2878 4684 .
2919 4629 3025 4684 οὐδ’
3073 4631 3140 4696 ἂς
3169 4619 3428 4703 ὑπέμεινε
3477 4634 3734 4703 μάστιγας

478 4729 802 4783 indicantes.
851 4727 1178 4782 Nominatim
1219 4727 1385 4798 igitur
1413 4743 1538 4781 eum
1601 4737 1920 4786 exsecratus
1977 4740 2062 4785 est

2175 4725 2257 4779 καὶ
2283 4727 2638 4796 ἐμπτυσμοὺς
2677 4725 2995 4798 ῥαπίσματα
3037 4741 3096 4780 τε
3125 4727 3220 4780 καὶ
3247 4727 3462 4798 ὕϐρεις
3491 4725 3620 4780 ἀλλὰ
3643 4725 3732 4777 τὸν

477 4838 574 4892 per
632 4819 920 4876 Jeremiam
983 4820 1222 4891 Spiritus
1281 4831 1508 4876 sanctus
1553 4820 1794 4876 dicens:
1863 4841 1882 4872 ι
1925 4821 2061 4878 Pec-

474 4919 655 4964 catum
720 4907 860 4964 Juda
928 4912 1188 4980 scriptum
1229 4919 1312 4965 est
1365 4909 1506 4981 stylo
1556 4909 1732 4966 ferreo
1784 4911 1838 4966 in
1877 4928 2059 4984 ungue

473 5001 827 5056 adamantina
885 5001 952 5055 ⁷⁸.
1021 5023 1044 5054 ι
1118 4999 1244 5056 Hmc
1321 5001 1378 5054 in
1449 4999 1717 5056 l’lebraico
1787 5011 1841 5058 et
1913 5003 2058 5075 apud

475 5093 613 5150 LXX
660 5095 988 5166 lnterpretes
1052 5095 1330 5160 invenies;
1386 5103 1552 5164 atque
1603 5095 1662 5149 in
1699 5097 1869 5151 variis
1900 5099 2050 5167 psal-

472 5189 578 5244 mis
642 5205 761 5262 quze
828 5191 897 5246 de
975 5187 1068 5244 illo
1139 5187 1390 5245 feruntur
1449 5189 1651 5244 disces.
1721 5189 1878 5245 Nunc
1954 5207 2054 5246 au-

472 5293 578 5339 tem
617 5285 896 5355 pracitato
958 5293 1106 5342 textu
1149 5299 1409 5356 expresse
1455 5283 1804 5338 denariorum
1859 5299 2051 5339 nume-

473 5393 623 5442 rum,
658 5380 858 5449 quibus
911 5381 1148 5452 acceptis
1198 5380 1369 5439 Judas
1417 5386 1738 5454 magistrum
1785 5385 2052 5441 insidian-

471 5469 618 5526 tibus
647 5471 892 5538 tradidit,
930 5473 1114 5528 divina
1159 5476 1489 5546 praenuntiat
1533 5475 1836 5548 Scriptura.
1875 5475 2054 5531 ϐαδιο-
2093 5529 2104 5541 ,

471 5577 593 5616 rum
625 5561 734 5618 dici
759 5575 992 5634 possunt
1013 5582 1134 5636 quae
1156 5569 1446 5624 retulimus
1470 5567 1536 5624 de
1565 5568 1769 5624 Christi
1795 5581 2051 5638 persona,

471 5653 679 5709 scilicet
698 5655 972 5723 quomodo
1013 5657 1337 5714 insidiantes
1367 5659 1441 5722 ei,
1475 5673 1614 5729 quos
1645 5659 1780 5713 alias
1807 5657 2047 5728 quidem,

475 5765 493 5796 ι
536 5745 809 5818 principes
842 5747 1202 5806 Sodomorum
1223 5759 1276 5806 et
1311 5753 1574 5822 populum
1603 5749 1991 5820 (i-omorrhati"J
2025 5769 2042 5802 ι

2169 4819 2520 4892 προδώσαντα
2547 4820 2707 4873 αὑτὸν
2735 4823 2845 4884 τοῖς
2867 4819 3306 4875 ἐπιϐουλεύουσιν
3333 4823 3392 4874 ἐν
3423 4820 3596 4874 αὐτῶν
3619 4818 3730 4888 (ἕνα

2164 4913 2292 4981 τῶν)
2353 4911 2610 4984 μαθητῶν
2657 4915 2994 4984 μηνύσαντες
3020 4932 3034 4946 ·
3089 4913 3348 4983 ὀνομαστὶ
3403 4913 3533 4982 γοῦν
3577 4911 3730 4964 αὐτὸν

2163 5007 2506 5078 ὲστηλίτευσε
2551 5007 2639 5062 διὰ
2677 5009 2940 5080 Ἱερεμίου
2987 5009 3048 5062 τὸ
3097 5009 3236 5063 θεῖον
3281 5007 3504 5078 Πνεῦμα
3538 5008 3728 5076 φῆσαν,

2166 5121 2186 5154 ‹
2236 5101 2502 5173 Ἀμαρτία
2540 5103 2710 5157 ’ἰούδα
2742 5105 3046 5173 γέγραπται
3077 5105 3134 5154 ἐν
3157 5097 3402 5171 γραῴείῳ
3435 5099 3646 5172 σιδηρῷ,
3671 5100 3730 5152 ἐν

2160 5193 2310 5264 ὄνυχι
2345 5195 2704 5265 ἀδαμαντίνιρ.
2737 5215 2755 5246 ι
2797 5195 2980 5248 Ταῦτα
3002 5193 3046 5246 δ’
3087 5195 3143 5248 ἐν
3173 5192 3320 5264 αὐτῷ
3341 5193 3420 5261 τῷ
3463 5188 3726 5264 Ἐϐραίκῷ

2161 5287 2254 5340 καὶ
2278 5291 2389 5350 τοῖς
2417 5287 2622 5351 λοιποῖς
2645 5287 2824 5359 εὕροις
2841 5287 2906 5340 ἂν
2929 5287 3079 5359 παρὰ
3097 5287 3220 5348 τοὺς
3243 5290 3298 5340 0¹
3333 5283 3716 5360 Ἐρμηνευτάς’

2160 5379 2254 5432 καὶ
2291 5381 2348 5431 ἐν
2392 5378 2626 5449 ψαλμοῖς
2650 5379 2708 5432 δὲ
2747 5379 3020 5450 διαφόροις
3055 5376 3246 5449 μάθοις
3273 5377 3340 5429 ἂν
3367 5378 3438 5430 τὰ
3483 5377 3594 5429 κατ’
3621 5375 3719 5428 αύ-

2157 5473 2248 5526 τὺν
2275 5471 2577 5543 δηλούμενα
2597 5487 2610 5500 ·
2645 5473 2739 5525 καὶ
2787 5471 2879 5524 νῦν
2907 5469 2952 5524 δ’
2982 5471 3134 5524 οὐδὲν
3161 5465 3320 5541 ἧττον
3348 5469 3436 5522 διὰ
3463 5469 3560 5539 τῆς
3589 5483 3718 5537 προ-

2156 5565 2418 5636 κειμένης
2445 5565 2642 5632 λέξεως
2691 5563 2874 5634 σαφῶς
2923 5567 3014 5618 καὶ
3055 5565 3144 5617 τὸν
3185 5563 3415 5636 ἀριθμὸν
3437 5561 3528 5616 τοῦ
3553 5563 3716 5630 ἁργυο

2159 5657 2272 5729 ρίου
2327 5659 2463 5728 ὅπερ
2509 5655 2688 5710 λαϐὼν
2727 5659 2756 5709 ὁ
2808 5657 3002 5721 Ἰούδας
3043 5657 3322 5730 προύδωκε
3365 5659 3472 5720 τοῖς
3499 5649 3712 5707 €31.60»-

2153 5749 2367 5804 λεύουσι
2393 5749 2486 5802 τὸν
2506 5749 2843 5816 διδάσκαλον,
2877 5751 2909 5822 ἡ
2941 5749 3058 5803 θεία
3093 5749 3484 5823 προθε(σπίζει)
3506 5744 3708 5819 Γραφῇ

537 5901 582 5932 ⁷⁸
608 5899 770 5956 Zach.
808 5917 861 5969 κ,
899 5901 1016 5970 12.,
1059 5905 1103 5936 ⁷³
1132 5903 1298 5960 Zaeh.
1329 5921 1405 5971 ιι,
1446 5907 1631 5964 ιΙηΗ.
1703 5905 1881 5963 "Jer.
1915 5923 2061 5971 χιιι,

2175 5950 2176 5957 η
2249 5905 2441 5976 7⁷15³.
2502 5923 2538 5974 ι,
2597 5908 2680 5962 ιο.
