3974 6492
221 443 361 498 IIS?)

1241 439 1533 496 ECLOGzE
1576 437 2054 493 PROPIIETIC/‘E.
2076 469 2140 477 ——-
2163 436 2292 491 LIB.
2332 437 2420 493 III.

3342 441 3478 495 1154

215 561 446 628 Λέγοιτο
471 557 515 610 δ’
545 557 610 612 ἂν
637 557 707 610 τὰ
739 557 1075 628 προκείμενα
1104 558 1168 610 ἐκ
1201 556 1494 629 προσώπου
1534 557 1628 610 τοῦ
1663 555 1796 627 Χρι-

1905 557 2250 624 propbeticUs
2278 561 2440 608 vocat
2485 567 2701 616 sermo,
2765 560 2896 606 tunc
2946 553 3206 622 temporis
3265 552 3480 608 Chana-

217 649 369 715 στοῦ,
407 649 594 719 ὥσπερ
629 650 754 712 τοὺς
799 647 1288 711 ἐπιϐουλεύσαντας
1325 647 1507 717 αὐτῷ,
1555 646 1648 710 οὓς
1684 646 1798 699 ἐτέ-

217 742 352 812 ρωΘι
387 741 486 812 μὲν
519 740 586 811 (l'.
619 740 689 794 55
714 740 789 810 νο)
823 757 841 790 ι
870 741 1140 810 ἄρχοντας
1166 738 1416 809 Σοδόμων
1443 739 1531 792 καὶ
1552 737 1678 791 λαὸν
1704 737 1800 789 Γο-

218 833 433 904 μόρρας
464 852 482 884 ι
514 832 542 882 ὁ
572 833 668 902 τῆς
697 831 1036 903 προφητείας
1077 830 1343 885 ἀποκαλεῖ
1369 830 1548 898 λόγος,
1580 829 1672 895 ἐπὶ
1702 825 1796 881 τοῦ

214 925 488 997 παρόντος
529 923 586 976 δέ
637 923 975 986 Χαναναίους
1014 922 1102 976 διὰ
1138 922 1237 993 τὴν
1280 922 1417 996 πρὸς
1458 923 1582 986 τοὺς
1614 922 1796 974 Χανα-

214 1019 403 1080 ναίους
441 1017 756 1087 ἐξομοίωσιν
786 1016 981 1079 αὐτοὺς
1008 1015 1281 1086 ὀνομάζει.
1317 1015 1540 1086 Φήσασα
1583 1014 1713 1083 γοῦν
1764 1014 1798 1084 ἡ

215 1111 528 1184 προφητεία
555 1111 636 1176 τὸ,
675 1127 694 1159 ι
730 1110 837 1162 Καὶ
860 1107 1159 1176 γνώσονται
1193 1110 1240 1161 oi
1273 1110 1586 1171 Χαναναῖοι,
1624 1127 1641 1159 ι
1677 1109 1797 1159 ἐπι-

215 1204 399 1275 φέρει,
443 1203 766 1256 διδάσκουσα
805 1202 953 1272 ἡμᾶς
994 1201 1146 1264 τίνας
1193 1200 1440 1272 βούλεται
1489 1201 1796 1272 σημαίνειν,

213 1294 312 1348 καί
338 1309 522 1364 φησιν,
559 1309 576 1341 ι
610 1290 679 1344 τά
703 1291 947 1363 πρόϐατα
967 1289 1035 1343 τὰ
1062 1289 1445 1361 φυλασσόμενά
1476 1307 1584 1361 μοι.
1620 1310 1638 1342 ›
1666 1290 1798 1342 Τίνα

212 1381 274 1439 δὲ
317 1381 388 1456 ἦν
440 1383 613 1437 ταῦτα
646 1384 714 1436 τὰ
749 1384 1021 1454 πρόϐατα,
1071 1382 1139 1436 τά
1188 1383 1451 1455 πρότερον
1502 1384 1580 1455 τῷ
1611 1383 1798 1456 Κυρίῳ

213 1477 626 1546 φυλασσόμενα,
667 1475 699 1547 ἢ
729 1478 757 1529 ὁ
782 1477 846 1530 ἐκ
894 1476 1197 1548 περιτομῆς
1230 1475 1393 1540 λαός;
1436 1474 1528 1539 οὓς
1564 1475 1659 1528 νῦν
1691 1478 1801 1528 Χα-

212 1570 470 1632 ναναίους
491 1569 759 1639 ὀνομάσας
782 1569 810 1620 ὁ
830 1569 1018 1636 Λόγος,
1050 1569 1125 1632 ὼς
1147 1570 1210 1621 ἐκ
1239 1567 1528 1640 προσώπου
1550 1567 1644 1620 τοῦ
1672 1569 1802 1637 Χρι-

215 1662 346 1716 στοῦ
377 1663 572 1730 ἐπάγει
601 1661 794 1730 λέγων,
831 1679 849 1710 ‹
885 1661 977 1714 καὶ
1006 1659 1116 1732 ἐρῶ
1141 1661 1278 1734 πρὸς
1304 1661 1501 1724 αὐτοὺς
1539 1680 1556 1712 ι
1589 1660 1655 1714 τὰ
1679 1661 1802 1713 ἀνα-

210 1755 600 1826 γεγραμμένα,
636 1753 670 1807 δι
719 1754 810 1807 καὶ
847 1753 994 1822 λέγοι
1041 1754 1105 1807 ἂν
1152 1754 1286 1825 πρὸς
1329 1755 1455 1816 τοὺς
1484 1753 1798 1806 ἐπιϐουλεύ-

215 1861 421 1906 σαντας
449 1843 618 1913 αύτῷ,
648 1843 785 1911 ὑπὲρ
826 1836 901 1895 ὧν
946 1844 1143 1906 αὐτοὺς
1186 1842 1516 1913 εὐεργέτησε
1556 1844 1682 1906 τοὺς
1715 1861 1801 1912 μι-

1904 662 2052 702 meos
2077 655 2300 719 propter
2322 660 2506 700 eorum
2543 660 2666 700 cum
2691 643 3014 701 Chananaeis
3043 644 3478 710 similitudinem,

1900 749 2082 796 vocat.
2110 738 2404 810 Postquam
2431 738 2598 807 igitur
2632 738 2918 808 prophetia
2941 737 3101 805 dixit,
3131 757 3149 788 ‹
3182 735 3248 789 Ει
3278 751 3482 807 cogno-

1901 840 2055 889 scent
2082 831 2393 899 Chananaei,
2423 850 2437 882 I
2476 829 2683 900 adjicit,
2708 845 2808 884 uos
2836 830 3039 885 docens
3069 843 3206 899 quos
3235 827 3484 884 indicare

1898 926 2049 991 velit,
2081 925 2340 995 dicitque,
2368 941 2387 976 ι
2429 940 2619 994 greges
2668 937 2787 993 quae
2839 922 3227 978 custodiuntur
3268 921 3423 977 mihi.
3455 940 3474 973 ι

1901 1017 2032 1085 Quae
2063 1026 2240 1073 autem
2263 1024 2419 1073 erant
2451 1017 2558 1070 illae
2603 1031 2813 1086 greges,
2844 1016 2999 1085 prius
3029 1014 3258 1068 Domino
3291 1025 3481 1068 custo-

1901 1111 2048 1174 ditaz,
2075 1110 2181 1164 nisi
2205 1095 2662 1164 circumcisiouis'
2688 1106 2959 1178 populus?
2987 1121 3124 1175 quos
3168 1119 3313 1159 nunc
3338 1102 3480 1159 Cha-

1901 1216 2124 1256 nanaeos
2159 1215 2358 1256 vocans
2389 1198 2693 1269 Scriptura,
2721 1198 2878 1269 quasi
2913 1199 2980 1253 de
3006 1196 3208 1252 Christi
3243 1209 3478 1266 persona

1902 1293 2074 1358 addit,
2108 1312 2126 1344 ι
2169 1301 2222 1348 et
2251 1292 2427 1346 dicam
2471 1292 2537 1346 ad
2567 1307 2663 1347 eos
2699 1311 2718 1345 ι
2747 1308 2869 1363 qua:
2898 1291 3098 1361 scripta
3158 1298 3314 1354 sunt,
3360 1303 3481 1360 quae

1901 1385 1953 1441 et
1983 1385 2163 1440 dicere
2188 1391 2367 1453 potest
2391 1384 2787 1439 insidiantibus
2818 1384 2944 1448 sibi,
2968 1383 3126 1454 quasi
3184 1385 3251 1436 ab
3296 1382 3364 1437 iis
3394 1396 3479 1436 re-

1904 1486 2092 1548 petens
2125 1491 2350 1531 suorum
2384 1477 2440 1530 in
2495 1492 2590 1532 eos
2630 1475 3018 1533 beneﬁciorum
3049 1477 3354 1532 mercedem
3375 1515 3390 1540 ,
3420 1475 3483 1530 li-

1900 1570 2025 1625 dem
2062 1571 2271 1625 scilicet
2304 1570 2360 1623 in
2396 1583 2458 1625 se
2481 1609 2497 1633 ,
2546 1579 3078 1640 consentaneamque
3114 1569 3237 1623 (idci
3283 1571 3480 1635 vitam;

1903 1662 1983 1716 sic
2007 1661 2152 1716 enim
2194 1661 2458 1732 intelligo,
2490 1679 2508 1712 ι
2550 1660 2740 1717 aﬂ‘erte
2786 1662 3092 1717 mercedem
3133 1676 3328 1716 meam.
3365 1681 3385 1714 ι
3418 1661 3484 1716 Ili

1903 1770 2053 1820 vero,
2083 1755 2385 1811 secundum
2427 1770 2489 1810 ea
2513 1770 2635 1825 qua:
2666 1755 2803 1810 alias
2832 1754 2900 1809 de
2945 1755 3081 1825 ipsis
3127 1754 3196 1810 ab
3227 1769 3292 1812 eo
3340 1754 3485 1809 dicta

1904 1857 2052 1915 sunt,
2089 1867 2108 1901 ι
2146 1849 2252 1905 Pro
2275 1864 2340 1904 eo
2371 1859 2431 1905 ut
2457 1865 2543 1905 me
2565 1848 2872 1919 diligerent,
2903 1848 3262 1903 detrahebant
3306 1846 3436 1902 mihi
3467 1865 3482 1902 :

214 1937 381 2000 σθοὺς
410 1935 599 2006 ὥσπερ
630 1935 795 1988 αἰτῶν
829 1935 1045 1999 αὐτοὺς,
1080 1935 1224 1988 τοῦτ’
1264 1934 1378 1987 ἐστι
1406 1935 1502 2006 τὴν
1528 1937 1603 1998 εἰς
1636 1936 1800 1989 αὐτὸν

1905 1957 2002 2011 ego
2032 1948 2212 1996 autem
2242 1941 2499 1997 orabam;
2522 1941 2588 1995 Et
2617 1948 2918 2011 posuerunt
2941 1939 3231 1996 adversum
3259 1954 3344 1995 me
3370 1955 3483 1994 ma-

213 2030 402 2084 πίστιν
434 2029 528 2081 καὶ
571 2027 661 2080 τὸν
698 2027 869 2100 ταύτῃ
916 2026 1248 2097 κατάλληλον
1291 2025 1430 2096 βίον·
1478 2025 1650 2089 ούτως
1688 2025 1795 2098 γὰρ

214 2123 404 2177 ἀκούω
437 2121 552 2185 τοῦ,
597 2140 615 2171 ι
649 2121 766 2174 δότε
797 2121 885 2174 τὸν
929 2120 1118 2192 μισθόν
1159 2137 1289 2191 μου·
1329 2140 1346 2172 ι
1375 2121 1423 2172 οἱ
1459 2120 1535 2182 δὲ,
1566 2120 1705 2173 κατὰ
1741 2121 1799 2172 τὸ

211 2197 447 2284 ἑτέρωθι
492 2213 618 2283 περί⁹
658 2210 838 2265 αὐτῶν
878 2209 1165 2281 εἰρημένον
1212 2211 1303 2263 ὑπ’
1353 2209 1540 2272 αὑτοῦ,
1587 2229 1604 2260 ι
1656 2210 1800 2261 ’Λντὶ

211 2308 310 2361 τοῦ
358 2308 581 2375 ἀγαπᾷν
625 2321 712 2376 με,
746 2303 1078 2357 ἐνδιέϐαλλόν
1113 2320 1200 2373 με,
1248 2301 1360 2370 ἐγὼ
1391 2302 1448 2355 δὲ
1491 2303 1798 2374 προσηυχό-

215 2416 357 2471 μην⁹
396 2398 490 2452 καὶ
530 2396 713 2450 ἔθεντο
755 2396 876 2449 κατ’
917 2393 1053 2464 ἐμοῦ
1096 2393 1244 2447 κακά
1278 2393 1398 2447 ἀντὶ
1428 2392 1670 2461 ἀγαθῶν,
1708 2394 1800 2446 καὶ

215 2495 378 2562 μῖσος
404 2491 525 2544 ἀντὶ
553 2490 651 2560 τῆς
679 2485 1010 2558 ἀγαπήσεως
1057 2502 1186 2556 μου·
1231 2504 1251 2537 ι
1299 2485 1594 2556 τριάκοντα
1633 2486 1801 2556 ἀργυ-

217 2584 371 2656 ρίους
411 2582 705 2652 στήσαντες
738 2579 1011 2649 παρέσχον
1040 2576 1116 2648 τῷ
1167 2577 1422 2650 προδότῃ,
1455 2577 1695 2648 ὡσπερεὶ
1721 2594 1802 2629 το-

214 2677 410 2730 σούτου
454 2675 614 2728 αὑτὸν
646 2675 712 2745 τῇ
753 2673 1091 2746 ἁσεϐεστάτῃ
1119 2670 1300 2726 αὐτῶν
1343 2669 1520 2741 κρίσει
1558 2668 1802 2740 τιμώμε-

211 2784 319 2820 νοι.
369 2765 504 2818 Ἀλλ’
534 2765 655 2817 ἐπεὶ
686 2764 746 2816 τὸ
778 2763 1006 2816 ἑκάστου
1040 2762 1200 2836 ἔργον
1240 2761 1421 2815 ὁποῖόν
1452 2763 1566 2813 ἐστι
1599 2760 1658 2812 τὸ
1689 2758 1801 2831 πῦρ

212 2856 526 2927 δοκιμάσει,
568 2853 759 2907 τούτου
796 2854 953 2926 χάριν
1003 2853 1250 2906 καθεῖναι
1304 2851 1520 2914 αὐτοὺς,
1562 2869 1579 2900 ι
1620 2851 1697 2912 εἰς
1742 2850 1801 2901 τὸ

213 2949 602 3020 χωνευτήριον,
642 2965 660 2996 ι
698 2943 842 2998 τοῦτ’
873 2943 1016 2997 ἔστιν
1041 2946 1120 3008 εἰς
1148 2943 1208 2996 τὸ
1234 2943 1332 3013 τῆς
1362 2942 1591 3014 κρίσεως
1621 2940 1714 2993 καὶ
1742 2939 1802 2991 τὸ

213 3043 316 3112 τῆς
346 3040 622 3104 κολάσεως
669 3039 800 3111 πῦρ,
837 3041 864 3091 ὁ
915 3038 1117 3109 Κύριος
1154 3036 1519 3108 προστάσσειο
1557 3033 1707 3095 τίνας
1745 3031 1800 3084 δέ

218 3137 419 3198 αὐτοὺς
452 3135 485 3205 ἢ
524 3136 649 3198 τοὺς
693 3131 1181 3193 ἐπιϐουλεύσαντας
1217 3128 1398 3198 αὐτῷ;
1445 3128 1554 3180 Καὶ
1607 3126 1801 3196 σκέψαι

215 3233 297 3295 δὲ,
329 3229 515 3301 φησὶν,
545 3231 607 3281 εἰ
634 3225 853 3298 δόκιμόν
881 3227 1046 3289 ἐστιν,
1077 3223 1232 3294 δῆλον
1275 3221 1320 3275 δ’
1355 3222 1435 3274 ὅτι
1462 3220 1522 3273 τὸ
1560 3220 1676 3273 κατ’
1706 3221 1803 3272 αύ-

215 3324 312 3377 τοῦ
339 3320 568 3394 δρασθὲν
609 3320 821 3382 αὐτοῖς·
853 3317 998 3385 λέγει
1041 3315 1099 3368 δὲ
1131 3314 1326 3378 αὐτοὺς
1361 3314 1418 3366 ἐν
1449 3311 1526 3382 τῷ
1553 3316 1684 3382 πυρί
1715 3312 1799 3363 δο-

216 3412 679 3489 κιμασθήσεσθαι,
710 3411 768 3464 ὃν
820 3409 1018 3482 τρόπον
1063 3407 1158 3460 καὶ
1199 3405 1362 3468 αὐτὸς
1403 3406 1431 3457 ὁ
1475 3403 1678 3475 Κύριος
1710 3402 1798 3455 διὰ

215 3509 320 3578 τῆς
348 3509 426 3569 εἰς
456 3506 632 3576 σάρκα
663 3501 954 3572 ἐπιδημίας
981 3500 1076 3553 καὶ
1108 3496 1200 3551 τοῦ
1231 3495 1434 3559 πάθους
1466 3493 1797 3564 ἐδοκιμάσθη

218 3601 365 3672 ὑπὲρ
412 3597 619 3652 αύτῶψ
667 3596 761 3650 καὶ
803 3594 909 3664 γάρ
950 3593 1015 3663 δὴ
1059 3588 1482 3661 προηγουμένως
1524 3585 1796 3658 ἐνηνθρὼ-

218 3711 388 3765 πησε,
421 3693 513 3745 καὶ
544 3689 808 3743 πέπονθεν
836 3688 976 3758 ὺπέρ
1007 3683 1280 3755 σωτηρίας
1310 3681 1417 3735 τῶν
1445 3679 1798 3733 ἀπολωλότων

223 3787 514 3858 προϐάτων
531 3786 677 3839 οίκου
694 3782 935 3853 Ἰσραήλ.
963 3778 1185 3839 Τούτοις
1202 3775 1329 3845 ἐξῆς
1351 3774 1446 3827 καὶ
1461 3773 1558 3846 τὴν
1580 3771 1718 3843 μετά
1737 3771 1795 3824 τὸ

222 3879 398 3944 πάθος
427 3879 519 3932 τοῦ
538 3878 786 3950 Σωτῆρος
815 3878 848 3946 ἡ
858 3873 970 3946 μῶν
998 3869 1271 3940 ἀποϐολὴν
1299 3867 1479 3922 αὐτῶν
1518 3866 1800 3937 σημαίνων

220 3971 438 4040 ὁΛόγος
466 3971 619 4040 φησὶ,
653 3987 669 4019 ι
701 3968 794 4022 καὶ
815 3963 1094 4038 ἁπέρῤιψα
1113 3962 1208 4034 τὴν
1241 3960 1433 4032 ῥάϐδον
1474 3958 1572 4030 τὴν
1613 3957 1799 4010 δευτέ-

1903 2035 1952 2088 la
1986 2050 2087 2103 pro
2118 2034 2299 2099 bonis,
2318 2041 2373 2090 et
2400 2034 2584 2090 odium
2616 2049 2715 2104 pro
2742 2033 3033 2088 dilectione
3062 2046 3181 2086 mea
3213 2033 3278 2086 ⁷⁸.
3311 2052 3330 2084 ι
3359 2031 3484 2084 Tri-

1900 2123 2051 2194 ginta
2080 2139 2336 2179 nummos
2391 2132 2626 2179 statutos
2680 2123 2948 2194 proditori
2997 2122 3295 2185 dederunt,
3349 2123 3485 2176 tanti

1899 2230 2021 2271 eum
2060 2215 2382 2286 impiissima
2441 2215 2800 2271 aestimatione
2853 2215 3136 2271 facientes.
3198 2214 3303 2269 Sed
3353 2229 3483 2268 cum

1899 2308 2164 2380 cujusque
2190 2325 2330 2380 opus
2361 2311 2523 2380 quale
2555 2309 2628 2365 sit
2661 2309 2783 2380 igne
2807 2318 2892 2366 est
2927 2310 3269 2382 probandum
3293 2348 3308 2374 ,
3359 2306 3482 2362 ideo

1898 2403 2168 2472 projicere
2203 2417 2298 2458 eos
2337 2402 2404 2456 ad
2451 2399 2799 2467 st'atuarium,
2828 2402 2882 2456 id
2937 2413 3021 2458 est
3070 2402 3128 2456 in
3178 2401 3372 2473 judicii
3432 2409 3487 2456 et

1901 2494 2151 2565 supplicii
2183 2494 2391 2564 ignem,
2423 2493 2687 2550 Dominus
2723 2495 2896 2565 jubet.
2930 2493 3162 2561 Quinam
3195 2508 3326 2547 vero
3359 2504 3488 2548 sunt

1899 2586 1976 2652 ii,
2008 2587 2115 2642 nisi
2147 2587 2365 2642 sibimet
2409 2587 2510 2659 ipsi
2545 2576 2905 2642 insidiantes?
2933 2587 3257 2658 Appretiare
3307 2587 3483 2655 jubet,

1900 2676 2108 2732 scilicet
2130 2675 2185 2730 in
2209 2676 2276 2730 iis
2303 2689 2424 2745 quae
2455 2677 2718 2732 adversus
2743 2692 2801 2732 se
2824 2675 3182 2732 admiserunt.
3224 2675 3364 2730 Dicit
3390 2691 3485 2731 eos

1901 2770 1958 2824 in
1986 2769 2108 2837 igne
2131 2767 2444 2837 probandos
2471 2783 2616 2833 esse,
2646 2767 3104 2839 quemadmodum
3151 2774 3204 2822 et
3233 2767 3350 2836 ipse
3385 2765 3486 2820 Do-

1902 2860 2082 2916 minus
2109 2861 2165 2914 in
2188 2859 2588 2916 incarnationis
2623 2869 2678 2916 et
2708 2861 2980 2932 passionis
3032 2867 3276 2930 tempore
3306 2860 3374 2914 ab
3405 2859 3488 2916 eis

1904 2955 2163 3024 probatus
2197 2963 2302 3011 est.
2336 2954 2552 3010 Etenim
2583 2956 2822 3026 primum
2852 2957 3015 3010 homo
3061 2956 3242 3010 factus
3273 2963 3328 3010 et
3362 2972 3489 3024 pas~

1902 3059 2000 3100 sus
2021 3055 2105 3100 est
2131 3061 2229 3116 pro
2267 3046 2602 3116 perditarum
2638 3046 2822 3100 ovium
2860 3046 3056 3100 domus
3086 3044 3252 3104 Israel
3290 3048 3486 3102 salute.

1902 3135 2000 3192 His
2017 3136 2225 3213 deinde
2250 3147 2376 3208 post
2408 3139 2708 3193 Salvatoris
2734 3138 2911 3194 nostri
2953 3141 3259 3208 passionem
3304 3154 3489 3209 repro-

1903 3229 2176 3284 bationem
2213 3244 2402 3291 eorum
2437 3229 2688 3284 indicans
2711 3227 2994 3298 Scriptura
3022 3230 3173 3293 dicit,
3231 3249 3249 3280 ι
3279 3236 3332 3282 et
3356 3243 3491 3297 prae-

1905 3321 2016 3376 eidi
2041 3321 2250 3391 virgam
2301 3336 2476 3376 meam
2513 3322 2829 3376 secundam.
2861 3341 2883 3372 ο
2917 3320 3048 3387 Qum
3082 3323 3154 3376 sit
3191 3321 3301 3376 haec
3335 3321 3490 3391 virga

1900 3411 2105 3465 docens
2137 3410 2326 3480 adjicit
2383 3428 2400 3460 ε
2440 3409 2766 3476 funiculum,
2803 3431 2822 3462 ι
2863 3413 2930 3468 de
2956 3428 3064 3483 quo
3097 3412 3319 3474 dicitur,
3342 3431 3360 3463 ι
3401 3411 3492 3466 fu-

1898 3503 2141 3557 niculum
2175 3501 2507 3558 hereditatis
2532 3503 2652 3573 ejus
2683 3503 2869 3560 Israel.
2893 3504 2969 3556 ⁷⁸»
3015 3503 3356 3560 Mauifestius
3383 3505 3486 3576 igi-

1899 3603 1988 3650 tur
2012 3595 2146 3649 illud
2171 3595 2432 3661 ostendit,
2457 3596 2780 3666 subjicieus,
2814 3615 2832 3648 ι
2866 3605 2926 3652 ιιι
2947 3597 3302 3653 dissolverem
3335 3600 3498 3669 prius,

1897 3693 2285 3741 testamentum
2315 3685 2432 3753 Dei,
2463 3687 2604 3742 inter
2624 3685 2821 3741 Judam
2849 3696 2902 3744 et
2937 3689 3124 3744 Israel.
3156 3711 3174 3742 ι
3213 3688 3280 3743 Ει
3305 3699 3492 3759 aperte

1901 3785 2049 3848 patet
2099 3777 2220 3847 ipso
2285 3777 2585 3835 Salvatoris
2648 3779 2825 3834 nostri
2900 3787 3146 3850 tempore
3213 3783 3494 3836 corruisse

1901 3882 2093 3924 omnes
2117 3868 2305 3939 legalis
2337 3869 2518 3926 cultus
2549 3871 2948 3938 observantias,
2977 3887 3044 3928 ex
3087 3888 3196 3942 quo
3225 3887 3374 3927 nunc
3399 3889 3494 3929 us-

1907 3975 2015 4029 que
2047 3961 2267 4030 penitus
2305 3961 2493 4018 deIeta:
2517 3973 2665 4020 sunt.
2853 3947 2856 3950 I

225 4083 382 4139 ραν.»
416 4064 510 4128 Τίς
542 4063 599 4116 δέ
632 4063 779 4114 ἐστιν
809 4058 948 4130 αὓτη
997 4056 1265 4111 διδάσκων
1335 4053 1584 4124 ἐπιᾳέρει
1621 4051 1682 4104 τὸ
1725 4070 1742 4101 ι
1782 4053 2088 4125 σχοινισμα,
2127 4075 2145 4108 ›
2186 4056 2313 4127 περὶ
2354 4051 2413 4110 οὗ
2475 4057 2709 4129 εἴρηται,
2752 4077 2770 4110 ι
2817 4057 3098 4130 σχοίνισμα
3135 4057 3497 4129 κληρονομίας

223 4157 392 4214 αὑτοῦ
437 4156 667 4229 Ἰσραήλ.
710 4175 728 4207 ι
765 4153 1104 4224 Σαφέστερον
1146 4149 1277 4219 γοῦν
1325 4147 1480 4202 τοῦτο
1532 4146 1859 4218 παρίστησιν
1899 4149 2184 4218 ἐπιλέγων,
2215 4169 2234 4201 ι
2282 4150 2376 4204 τοῦ
2411 4151 2757 4206 διασκεδάσαι
2784 4154 2882 4225 τὴν
2933 4153 3198 4224 προτέραν
3229 4152 3495 4225 διαθήκην

219 4253 318 4307 τοῦ
353 4250 507 4314 Θεοῦ,
545 4251 643 4322 τὴν
676 4247 947 4318 ἀναμέσον
989 4244 1158 4297 Ἰούδα
1193 4242 1288 4297 καὶ
1323 4242 1593 4312 ἁναμέσον
1632 4243 1876 4312 Ἰσραήλ⁶
1928 4263 1946 4295 ι
1999 4245 2091 4298 καὶ
2129 4245 2317 4313 σαφῶς
2347 4245 2620 4299 δείκνυται
2649 4247 2757 4299 ἀπὸ
2790 4246 2900 4299 τῶν
2919 4264 3013 4299 του
3054 4247 3305 4317 Σωτῆρος
3335 4246 3496 4316 ἡμῶν

221 4344 432 4414 χρόνων
481 4339 858 4413 περιῃρημένα
911 4338 1006 4408 τῆς
1045 4335 1298 4406 λατρείας
1353 4334 1569 4403 ἁπάσης
1629 4334 1715 4404 τῆς
1749 4334 1890 4388 κατὰ
1939 4337 2030 4390 τὸν
2069 4337 2229 4407 νόμον
2277 4336 2334 4404 ἐξ
2371 4338 2579 4391 ἐκείνου
2619 4340 2712 4392 καὶ
2748 4340 2827 4402 εἰς
2866 4338 3025 4409 δεῦρο
3057 4337 3492 4409 καθαιρεθείσης,

735 4451 1128 4507 ΚΕΦΑΛΑῘΟΝ
1185 4451 1306 4504 KZ'.

687 4549 797 4604 Τοῦ
834 4545 1019 4600 αὐτοῦ
1061 4542 1342 4612 Ζαχαρία.

301 4669 320 4701 ι
379 4643 671 4716 Ῥομφαία,
712 4638 1028 4712 ἐξεγέρθητι
1055 4637 1147 4690 ἐπὶ
1173 4634 1264 4688 τὸν
1295 4632 1530 4705 ποιμένα
1561 4650 1683 4701 μου,
1714 4632 1807 4686 καὶ
1841 4613 1884 4667 D

227 4742 323 4795 ἐπὶ
357 4739 526 4810 ἄνδρα
568 4735 791 4806 πολίτην
821 4730 1009 4794 αὑτοῦ,
1057 4728 1205 4797 λέγει
1251 4726 1452 4798 Κύριος
1502 4726 1807 4796 παντοκρά-

221 4849 361 4904 τωρ,
393 4827 632 4894 πάταξον
678 4826 767 4880 τδν
797 4821 1053 4894 ποιμένα,
1089 4820 1183 4874 καὶ
1221 4817 1804 4888 διασκορπισθήτωσαν

223 4927 296 4982 τά
329 4923 605 4996 πρόϐατα·
639 4922 733 4974 καλ⁵
760 4915 1071 4988 ἐπιστρέψω
1097 4913 1197 4984 τὴν
1229 4913 1386 4984 χεῖρά
1421 4927 1522 4982 μου
1555 4911 1648 4962 ἐπὶ
1679 4912 1806 4974 τοὺς

222 5021 514 5092 ποιμένας.
550 5037 568 5069 ι
614 5013 873 5082 Ἐπείπερ
899 5011 927 5063 ὁ
956 5004 1344 5076 εύαγγελιστὴς
1373 5004 1456 5066 τὸ,
1501 5021 1519 5054 ‹
1561 5003 1805 5069 Πάταξον

220 5115 318 5168 τὸν
345 5109 600 5181 ποιμένα,
636 5106 730 5160 καὶ
755 5099 1303 5172 διασκορπισθήσεται
1333 5096 1403 5150 τά
1426 5095 1672 5167 πρόϐατα
1704 5095 1804 5164 τῆς

226 5204 484 5274 ποίμνης,
523 5219 542 5252 ι
575 5195 822 5252 ἐντεῦθεν
865 5192 1041 5249 λαϐὼν
1099 5190 1242 5246 κατά
1282 5187 1374 5241 τὸν
1417 5187 1490 5259 (‘2)
1538 5187 1806 5258 σωτηρίου

226 5298 436 5358 πάθους
475 5292 665 5363 καιρὸν
711 5290 884 5359 πέρας
916 5283 1196 5358 εἰληφέναι
1224 5279 1482 5346 ἐδίδαξεν,
1519 5281 1607 5332 ὅτε
1639 5296 1802 5332 καταο

224 5388 514 5458 λείψαντες
551 5382 713 5439 αὐτὸν
755 5383 803 5434 οἰ
851 5377 1088 5450 μαθηταὶ
1117 5372 1609 5446 διεσκορπίσθησαν
1633 5388 1644 5400 ·
1681 5369 1805 5423 τού-

225 5499 321 5537 του
350 5479 417 5549 δὴ
446 5478 605 5548 χάριν
634 5475 728 5528 καὶ
773 5474 931 5543 ἡμεῖς
963 5465 1426 5539 ἐσημειωσάμεθα
1455 5463 1518 5516 τὸ
1565 5463 1746 5534 ῥητὸν,
1781 5462 1810 5514 ὃ

225 5577 323 5631 καὶ
354 5573 555 5642 πολλῆς
585 5569 834 5639 δεόμενον
860 5563 1157 5628 ἐξετάσεως
1188 5563 1268 5623 εἰς
1293 5557 1596 5629 ἐπιτήδειον
1618 5554 1812 5626 ἀναθη-

229 5668 442 5741 σόμεθα
470 5664 682 5735 καιρόν.

301 5783 350 5817 ⁷⁸
386 5782 530 5839 Psal.
567 5795 717 5843 cvm,
747 5777 800 5838 4.
835 5777 883 5830 5.
961 5772 1008 5804 τ’
1059 5771 1210 5828 Deut.
1254 5786 1425 5839 xxxii,
1462 5769 1514 5822 9.
1592 5767 1638 5798 ⁸⁰
1666 5763 1827 5818 Zach.
1863 5779 1982 5831 tut,
2017 5765 2066 5821 7.

305 5897 383 5971 (9.)
422 5894 769 5952 Desideratur
796 5891 907 5946 τοῦ.
950 5889 1103 5943 Eutr.

2460 4449 2690 4508 CAPUT
2729 4449 2943 4506 XXVII.

2405 4544 2490 4598 Ex
2515 4543 2694 4598 cadent
2735 4542 2779 4596 Ζ
2784 4543 3020 4597 acharia.

1989 4656 2007 4689 ι
2039 4637 2290 4705 Framea,
2316 4637 2608 4701 suscitare,
2653 4651 2817 4707 super
2849 4643 3124 4705 pastorem
3176 4651 3352 4690 meum
3375 4677 3389 4702 ,
3439 4645 3496 4694 et

1915 4746 2079 4801 super
2105 4731 2284 4786 virum
2314 4731 2674 4786 colimrentem
2703 4728 2859 4792 mihi,
2885 4727 3017 4782 dicit
3071 4726 3331 4784 Dominus
3376 4743 3500 4784 om-

1913 4823 2200 4892 nipotens;
2229 4833 2450 4895 percute
2476 4830 2842 4894 pastorem,et
2863 4820 3245 4890 dispergeatur
3264 4834 3412 4883 oves,
3439 4827 3498 4875 et

1912 4926 2223 4972 convertam
2247 4932 2468 4973 manum
2500 4932 2674 4972 meam
2707 4915 2773 4970 ad
2806 4925 3052 4986 pastores
3082 4915 3148 4966 ⁸ο.
3197 4932 3216 4965 ι
3252 4911 3494 4983 Evange-

1909 5009 2035 5064 Iista
2063 5025 2299 5080 quoque,
2335 5029 2353 5062 ι
2389 5009 2694 5066 Percutiam
2725 5016 3090 5079 pastorem,et
3117 5006 3499 5076 dispergeutur

1913 5116 2043 5155 oves
2080 5101 2259 5172 gregis
2302 5102 2370 5167 δι,
2402 5121 2421 5154 ι
2458 5101 2668 5162 dicens,
2701 5101 2816 5154 haec
2871 5100 2926 5153 in
2984 5096 3282 5152 SaIvatoris
3313 5095 3488 5150 nostri

1913 5195 2187 5265 passionis
2219 5204 2462 5264 tempore
2493 5194 2712 5265 impleta
2754 5193 2923 5247 fuisse
2944 5190 3321 5254 demonstrat,
3361 5202 3490 5241 cum

1913 5287 2187 5357 discipuli,
2221 5301 2285 5341 eo
2331 5286 2542 5350 relicto,
2572 5286 2845 5356 fugerunt.
2891 5283 3100 5338 Idcirco
3136 5298 3237 5338 nos
3273 5297 3491 5353 quoque

1916 5380 2062 5434 hunc
2087 5379 2399 5434 notavimus
2428 5379 2637 5443 locum,
2681 5385 2735 5432 et
2786 5376 2990 5431 fusiore
3019 5375 3398 5446 explanatione
3423 5371 3491 5431 il-

1915 5473 2258 5528 lustrandum
2287 5483 2596 5544 opportuno
2625 5479 2869 5542 tempore
2901 5469 3278 5525 tractabimus.

2142 5766 2184 5798 ⁸³
2222 5763 2410 5819 Matth.
2442 5778 2590 5828 χχιιι,
2625 5761 2718 5819 51.
