3974 6518
497 434 632 490 1155

1025 545 1254 600 CAPUT
1295 543 1531 600 XXVIII.

1109 636 1193 690 Ea:
1247 636 1448 690 eodem.

568 769 587 802 ι
633 749 698 804 Et
729 748 1034 820 egredietur
1077 749 1341 805 Dominus
1385 757 1440 806 et
1505 750 1839 820 praeliabitur
1881 759 2072 805 contra

494 851 680 914 gentes
715 841 834 898 illas
865 882 877 906 ,
929 850 1072 897 suout
1121 842 1398 912 praeliatus
1429 851 1514 898 est
1573 844 1630 897 in
1685 844 1774 900 die
1817 844 2073 898 certami-

495 935 599 987 nis.
633 975 646 987 .
711 973 727 988 .
767 973 781 986 .
815 975 828 987 .
873 931 934 986 Et
967 933 1146 986 veniet
1176 932 1440 987 Dominus
1479 933 1620 988 Deus
1649 949 1821 998 meus,
1851 949 2072 988 omnes-

495 1041 596 1094 que
625 1025 796 1082 sancti
821 1041 940 1078 cum
971 1041 1036 1080 eo
1065 1025 1130 1078 ⁸³.
1158 1045 1176 1077 ι
1206 1024 1270 1079 Et
1297 1027 1410 1081 haec
1443 1027 1546 1080 rati
1572 1025 1640 1082 de
1660 1027 1904 1083 secundo
1959 1027 2066 1084 dici

637 1117 842 1172 Christi
873 1117 1108 1172 adventu
1143 1117 1472 1174 notavimus.

1053 1295 1282 1351 CAPUT
1324 1294 1516 1350 XXIX.

1092 1391 1142 1446 E
1173 1391 1468 1448 Matacltia.

572 1525 589 1557 ι
627 1504 746 1560 Νοιι
773 1513 858 1561 est
883 1505 1020 1560 mihi
1051 1508 1304 1562 voluntas
1339 1507 1394 1562 in
1421 1507 1598 1572 vobis,
1621 1507 1757 1563 dicit
1799 1509 2064 1565 Dominus

493 1599 884 1670 omnipotens:
914 1609 968 1654 et
1025 1617 1226 1656 munus
1273 1617 1382 1655 non
1439 1602 1738 1672 suscipiam
1789 1603 1856 1660 de
1903 1619 2064 1659 manu

490 1699 693 1749 vestra.
725 1692 806 1747 Ab
835 1700 960 1748 ortu
984 1695 1128 1749 enim
1163 1697 1296 1751 solis
1328 1712 1504 1767 usque
1531 1698 1597 1752 ad
1629 1713 1909 1762 occasum,
1946 1714 2066 1752 ma-

488 1799 656 1855 gnum
718 1791 801 1838 est
858 1799 1060 1839 nomen
1105 1799 1286 1839 meum
1328 1786 1384 1839 in
1417 1786 1671 1856 gentibus
1707 1804 1720 1840 :
1750 1793 1802 1840 et
1836 1787 1890 1842 in
1919 1787 2066 1842 omni

489 1878 610 1932 loco
661 1876 1018 1940 sacriﬁcatur,
1066 1885 1120 1932 et
1175 1879 1400 1932 oﬁ'ertur
1433 1878 1640 1932 nomini
1699 1895 1820 1934 meo
1861 1879 2066 1934 oblatio
2096 1906 2138 1960 Β

488 1970 691 2024 munda
713 1989 726 2024 :
747 1970 874 2040 quia
899 1985 1154 2040 magnum
1173 1977 1258 2025 est
1281 1985 1475 2024 nomen
1490 1969 1676 2025 'meum
1699 1971 1753 2024 in
1785 1971 2059 2041 gentibus,

497 2061 908 2118 dicitDominus
927 2063 1270 2132 omnipotens
1291 2083 1302 2116 :
1328 2069 1382 2118 et
1397 2078 1494 2118 vos
1511 2064 1784 2133 polluistis
1805 2064 1936 2117 illud
1949 2065 2014 2116 ⁸³.
2040 2083 2056 2116 ι

441 2135 448 2152 ’
489 2155 646 2209 Sicut
673 2171 890 2218 manus,
936 2163 989 2210 et
1049 2160 1302 2220 dextera,
1334 2163 1386 2225 et
1443 2155 1731 2210 brachium
1783 2163 1837 2212 et
1887 2158 2064 2212 virtus

487 2245 584 2326 Dei
629 2248 871 2303 omnium
933 2247 1170 2303 Verbum
1221 2249 1342 2318 ejus
1395 2249 1452 2302 in
1502 2249 1702 2304 divinis
1748 2250 2064 2304 nominatur

486 2339 812 2410 Scripturis,
838 2339 913 2394 ita
976 2349 1028 2395 et
1059 2357 1182 2396 eum
1235 2341 1488 2412 designat
1540 2357 1740 2397 nomen
1793 2341 1924 2397 Dei.‘
1947 2341 2060 2397 Hoc

483 2433 650 2504 igitur
678 2434 922 2488 divinum
969 2449 1166 2490 nomen
1201 2437 1360 2505 quasi
1399 2455 1417 2488 ι
1454 2434 1522 2488 ab
1568 2440 1690 2490 ortu
1727 2435 1860 2490 solis
1891 2450 2064 2506 usque

485 2527 554 2580 ad
581 2542 837 2582 occasum
870 2527 1286 2599 gloriﬁcaturin
1322 2527 1600 2598 gentibus,
1635 2546 1654 2578 ι
1691 2527 1864 2582 cuivis
1889 2529 2064 2582 mani-

483 2616 684 2674 festum
712 2634 810 2689 per
846 2619 1263 2691 prgedicationes
1315 2635 1436 2691 qua:
1478 2621 1534 2674 in
1592 2619 1796 2674 Christi
1845 2621 2065 2676 nomine

488 2708 692 2779 ubique
715 2683 1128 2778 ﬁunthuippe
1153 2709 1207 2762 in
1241 2683 1390 2763 omni
1429 2709 1551 2764 loco
1603 2709 1847 2780 spiritale
1877 2710 2065 2765 incen-

483 2815 608 2854 sum
637 2807 692 2854 et
725 2799 980 2870 precibus
1005 2816 1202 2871 purum
1258 2801 1718 2872 incruentumque
1768 2815 1833 2856 ac
1889 2803 2062 2856 ratio-

483 2891 608 2945 nale
650 2891 982 2946 sacriticium
1023 2907 1120 2962 per
1147 2907 1338 2947 verum
1397 2908 1782 2964 summumque
1838 2893 2062 2963 pontiﬁ-

483 2997 602 3038 cem
639 2981 748 3036 Deo
778 2979 1278 3074 offeruntJQuibus
1313 2999 1446 3040 vero
1471 2985 1574 3039 hoc
1617 2985 1782 3039 modo
1830 2986 2064 3040 adoran-

484 3075 656 3138 tibus,
687 3075 988 3145 corporalia
1015 3075 1219 3146 prioris
1255 3077 1442 3147 populi
1476 3077 1744 3132 sacriﬁcia
1775 3093 2062 3134 recessura

482 3168 617 3222 dicit
638 3165 802 3224 Deus.
839 3168 1186 3224 Manifestum
1235 3169 1404 3239 igitur
1450 3171 1724 3240 quomodo
1751 3177 1874 3241 post
1901 3171 2061 3226 Chri«

1179 427 1450 485 EUSEBll
1492 427 1973 484 CIESARIENSIS
2007 429 2156 480 urr.
2203 430 2381 486 rans
2421 433 2506 488 ιιι.
2545 467 2610 476 -
2651 437 3064 494 EXEGETICA.

2094 547 2142 602 Α

3609 447 3734 502 “56

2669 557 3062 610 ΚΕΦΑΛΑΙΟΝ
3102 559 3215 610 ιίιιο

2791 645 2900 699 Τοῦ
2925 647 3132 700 αὑτοῦ.

2250 773 2268 805 ι
2315 753 2375 822 (ί.
2403 755 2491 826 54)
2531 757 2640 810 Καὶ
2671 757 3009 823 ἐξελεύσεται
3038 759 3263 830 Κύριος,
3305 761 3398 813 καὶ
3439 758 3732 828 παρατάξει

2171 865 2260 902 ται
2293 849 2350 900 ὲν
2379 852 2489 911 τοῖς
2523 847 2730 903 ἔθνεσιν
2755 849 3001 914 ἐκείνοις,
3033 849 3216 914 καθὼς
3241 852 3424 922 ἡμέρα
3463 851 3726 922 πολέμου·

2170 939 2264 992 καὶ
2315 938 2582 1009 παρέσται
2629 939 2832 1014 Κύριος
2863 941 2892 993 6
2937 941 3068 1004 Θεός
3123 959 3244 1012 μου,
3295 941 3389 994 καὶ
3445 942 3642 1004 πάντες
3689 947 3728 996 οξ

2170 1029 2314 1098 ἅγιοι
2364 1033 2482 1100 μετ’
2534 1030 2720 1088 αὐτοῦ.
2767 1051 2786 1083 ι
2837 1033 2948 1086 Καὶ
2993 1033 3166 1086 ταῦτα
3211 1033 3566 1098 ὑπονοοῦντες
3613 1039 3728 1107 περὶ

2169 1122 2266 1192 τῆς
2303 1121 2562 1192 δευτέρας
2591 1123 2844 1180 λέγεσθαι
2877 1124 2969 1177 τοῦ
3001 1125 3238 1196 Χριστοῦ
3283 1127 3585 1198 παρουσίκ
3617 1129 3730 1200 ἐση-

2172 1231 2238 1284 με
2248 1215 2450 1284 ιωσάμε
2459 1213 2544 1269 θα.

2673 1307 3068 1362 ΚΕΦΑΛΔῘΟΝ
3105 1307 3230 1361 ΚΘἎ

2739 1399 2848 1454 Τοῦ
2881 1399 3158 1470 ἀγγέλου.

2247 1527 2266 1559 ι
2313 1509 2424 1562 Οὐκ
2477 1509 2591 1563 ἔστι
2641 1528 2740 1581 μου
2790 1510 3001 1581 θέλημα
3047 1513 3104 1565 ὲν
3151 1513 3300 1584 ὑμῖν,
3343 1513 3493 1582 λέγει
3541 1513 3731 1583 Κύριος

2170 1601 2580 1673 παντοκράτωρ,
2629 1604 2723 1655 καὶ
2773 1601 2961 1655 θυσίαν
3003 1605 3063 1656 οὐ
3119 1605 3484 1676 προσδέξομαι
3523 1607 3588 1658 ὲκ
3631 1605 3727 1658 τῶν

2168 1693 2366 1764 χειρῶν
2411 1693 2584 1765 ὑμῶν.
2637 1695 2781 1750 Διότι
2833 1695 2940 1749 ἀπὸ
2981 1695 3254 1749 ἀνατολῶν
3299 1697 3450 1768 ἡλίου
3503 1699 3598 1750 καὶ
3638 1699 3728 1759 ἓως

2167 1784 2385 1856 δυσμῶν
2423 1786 2482 1839 τὸ
2512 1787 2682 1858 δνομά
2715 1805 2814 1860 μου
2840 1789 3148 1856 δεδόξασται
3175 1791 3233 1844 ὲν
3275 1793 3388 1855 τοῖς
3419 1791 3620 1858 ἔθνεσι,
3649 1795 3732 1848 καὶ

2167 1880 2225 1930 ὲν
2273 1880 2437 1933 παντὶ
2482 1881 2630 1952 τόπῳ
2679 1881 2928 1953 θυμίαμα
2973 1884 3338 1956 προσφέρεται
3389 1883 3468 1954 τῷ
3521 1885 3734 1956 ὀνόματί

2171 1985 2292 2038 μου,
2329 1969 2423 2022 καὶ
2451 1968 2609 2022 θυσία
2635 1969 2882 2042 καθαρά’
2917 1971 3049 2024 διότι
3084 1972 3226 2042 μέγα
3256 1972 3318 2024 τὸ
3345 1973 3523 2043 ὄνομά
3561 1990 3659 2043 μου
3683 1975 3736 2025 ὲν

2165 2065 2278 2124 τοῖς
2321 2060 2516 2126 ἔθνεσι,
2561 2061 2708 2130 λέγει
2755 2063 2960 2134 Κύριος
3011 2065 3435 2135 παντοκράτωρ*
3487 2065 3644 2135 ὑμεῖς
3683 2064 3736 2117 δὲ

2169 2155 2457 2227 βεϐηλοῦτε
2504 2155 2655 2208 αὐτό.
2695 2176 2712 2208 ι
2759 2157 2970 2228 Ὠσπερ
3014 2158 3135 2228 χεὶρ
3164 2159 3256 2210 καὶ
3293 2155 3442 2222 δεξιά
3481 2159 3580 2211 καὶ
3611 2157 3734 2228 βρα-

2167 2249 2298 2318 χίων
2337 2249 2430 2301 καὶ
2457 2249 2682 2320 δύναμις
2711 2249 2806 2302 τοῦ
2836 2247 2969 2302 Θεοῦ
3011 2248 3118 2302 τῶν
3145 2247 3279 2302 ὅλων
3307 2251 3336 2302 6
3373 2249 3550 2316 Λόγος
3579 2246 3736 2299 αὐτοῦ

2168 2341 2226 2392 ὲν
2260 2342 2380 2403 ταῖς
2426 2339 2599 2403 θείαις
2639 2339 2952 2409 ὠνόμασται
2991 2339 3259 2410 Γραφαῖς,
3303 2338 3478 2402 οὕτως
3509 2341 3538 2390 ὀ
3583 2339 3737 2399 αὐτὸς

2169 2432 2262 2484 καὶ
2298 2433 2466 2504 ὄνομα
2510 2429 2833 2503 χρηματίζει
2872 2430 2962 2484 τοῦ
2993 2431 3148 2484 Θεοῦ.
3195 2431 3363 2485 Τοῦτο
3389 2425 3484 2484 οὖν
3512 2429 3576 2483 τὸ
3603 2429 3738 2484 θεῖον

2169 2524 2338 2595 ὄνομα
2370 2524 2445 2588 ὡς
2474 2543 2492 2575 ι
2527 2525 2621 2578 ἀπ’
2665 2521 2935 2578 ἀνατολῶν
2973 2523 3125 2594 ἡλίου
3159 2520 3252 2578 καὶ
3275 2523 3498 2594 δυσμῶν
3533 2522 3738 2589 δεδόξα-

2173 2636 2292 2672 σται
2333 2620 2390 2671 ὲν
2418 2616 2784 2690 τοῖςιέρθνεσιν,
2817 2636 2836 2668 ι
2879 2616 3040 2669 παντί
3082 2633 3158 2685 τῳ
3199 2614 3462 2686 πρόδηλον
3493 2613 3604 2668 ἀπὸ
3637 2613 3736 2668 τῶν

2165 2710 2472 2781 πανταχόσε
2529 2709 2976 2781 χρηματιζόντων
3027 2707 3170 2764 κατὰ
3211 2709 3308 2779 τὴν
3358 2708 3454 2760 τοῦ
3503 2705 3732 2777 Χριστοῦ

2166 2803 2536 2874 προσηγορίαν
2556 2783 2648 2856 "ro?
2677 2802 2772 2855 καὶ
2793 2801 2848 2854 ἐν
2877 2800 3040 2854 παντὶ
3069 2799 3218 2870 τόπῳ
3245 2797 3618 2868 πνευματικὸν
3649 2797 3734 2849 0a-

2170 2898 2348 2970 μίαμα
2382 2898 2476 2950 καὶ
2519 2896 2616 2969 τὴν
2658 2895 2726 2949 δι’
2761 2893 2936 2966 εὐχῶν
2977 2893 3220 2964 καθαρὰν
3259 2892 3352 2946 καὶ
3401 2889 3732 2962 ἀναίμακτον

2167 2995 2260 3048 καὶ
2289 2990 2510 3060 λογικὴν
2537 2989 2726 3042 θυσίαν
2753 2987 2841 3040 διὰ
2865 2985 2958 3040 τοῦ
2983 2985 3104 3039 κατ’
3138 2983 3394 3054 ἀλήθειαν
3435 2983 3730 3054 ἀρχιερέως

2165 3085 2499 3157 προσάγουσι
2525 3081 2602 3152 τῷ
2629 3079 2747 3152 Θεῷ
2761 3083 2792 3142 ·)
2804 3079 3008 3132 τούτων
3037 3077 3094 3130 δὲ
3139 3075 3323 3130 τοῦτον
3367 3073 3731 3148 λατρευόντων

2163 3177 2255 3231 τδν
2287 3177 2505 3249 τρόπον,
2540 3175 2640 3238 τὰς
2677 3170 2994 3242 σωματικὰς
3035 3169 3128 3224 τοῦ
3169 3167 3433 3240 προτέρου
3481 3169 3606 3221 λαοῦ
3643 3167 3728 3220 θυ-

481 3263 554 3316 sti
581 3262 1012 3318 incarnationem
1055 3263 1313 3332 utrinque
1371 3263 1532 3318 ﬁnem
1589 3265 1874 3334 prophetia
1904 3280 2056 3320 acce-

2167 3269 2287 3332 σίας
2317 3264 2837 3336 ἀποστραφήσεσθαί
2871 3279 3034 3333 φησιν
3077 3262 3106 3313 6
3134 3261 3297 3325 Θεός·
3329 3259 3425 3314 καὶ
3459 3260 3526 3330 δὴ
3569 3259 3728 3326 axes:

483 3355 655 3426 perit;
728 3354 928 3408 ctenim
991 3355 1190 3425 prioris
1235 3356 1416 3426 pepuli
1469 3357 1851 3426 reprobatione
1896 3356 2058 3410 simul

481 3446 734 3500 submota
789 3455 918 3501 sunt
953 3447 1022 3502 ab
1045 3448 1126 3502 eis
1151 3449 1450 3502 secundum
1478 3448 1666 3504 Daniel
1707 3449 1977 3504 sacriﬁcia
2007 3459 2060 3504 et

482 3539 796 3603 libamenta,
851 3555 951 3594 nec
1002 3555 1110 3594 non
1141 3548 1194 3595 et
1245 3541 1486 3612 gentium
1515 3542 1581 3595 ad
1618 3542 1864 3595 omnium
1887 3541 2056 3596 Deum

483 3633 764 3686 conversio
797 3633 1089 3688 subsecuta
1112 3640 1215 3688 est.

1046 3833 1485 3906 εειρυτδχχχ.

1115 3925 1199 3979 Ex
1223 3928 1426 3981 eodem.

556 4057 578 4090 ι
619 4038 848 4094 Pactum
877 4054 1058 4094 meum
1099 4040 1202 4095 fuit
1238 4057 1362 4096 cum
1394 4057 1459 4098 eo
1505 4045 1628 4098 vita:
1675 4051 1730 4098 et
1768 4044 1920 4114 pacis
1953 4060 1966 4095 :
2002 4051 2055 4098 et

479 4131 604 4188 dedi
652 4133 702 4188 ei
762 4133 1036 4198 timorem,
1059 4141 1112 4190 et
1137 4135 1334 4203 “timuit
1364 4152 1470 4199 me,
1525 4145 1579 4191 et
1632 4151 1662 4190 a
1705 4135 1846 4192 facie
1877 4136 2056 4190 nomi-

481 4227 570 4280 nis
609 4223 716 4280 mei
739 4225 988 4296 parebat.
1027 4227 1136 4283 Lex
1170 4229 1418 4284 veritatis
1457 4227 1564 4281 fuit
1611 4229 1665 4282 in
1708 4243 1805 4283 ore
1836 4228 1978 4298 ejus,
2002 4237 2055 4286 et

480 4319 744 4390 iniquitas
795 4336 904 4375 non
957 4330 1040 4375 est
1087 4321 1308 4378 inventa
1357 4322 1411 4376 in
1449 4322 1608 4378 labiis
1632 4322 1796 4392 ejus:
1835 4323 1890 4377 in
1917 4337 2052 4393 pace

476 4422 532 4466 et
563 4413 615 4466 in
640 4413 897 4483 aequitate
932 4415 1232 4468 ambulavit
1261 4430 1496 4478 mecum,
1533 4423 1589 4469 et
1620 4416 1820 4472 multos
1857 4416 2054 4470 avertit

477 4499 546 4552 ab
581 4500 889 4571 iniquitate.
941 4501 1110 4558 Labia
1174 4503 1322 4558 enim
1383 4505 1686 4561 sacerdotis
1739 4506 2054 4562 custodient

2163 3357 2279 3420 πῶς
2314 3355 2452 3428 μετὰ
2477 3355 2572 3426 τὴν
2605 3353 2696 3406 τοῦ
2719 3351 2953 3424 Χριστοῦ
2983 3349 3281 3422 παρουσίαν
3305 3349 3424 3402 κατ’
3451 3349 3726 3418 ἀμφότερα

2161 3448 2336 3519 πέρας
2349 3445 2568 3516 εἴληφεν
2599 3447 2631 3515 ἠ
2657 3443 2981 3515 προφητεία·
3013 3443 3152 3496 κατά
3165 3457 3226 3494 τε
3245 3439 3342 3512 τὴν
3363 3439 3436 3512 (3)
3469 3439 3726 3511 προτέρου

2160 3536 2289 3592 λαοῦ
2320 3537 2608 3608 ἀποϐολὴν,
2646 3535 2759 3606 ἅμα
2789 3553 2848 3588 τε
2888 3533 3143 3605 ἀρθείσης
3171 3533 3228 3598 ἐξ
3256 3533 3434 3587 αὐτῶν
3472 3533 3616 3588 κατά
3643 3533 3728 3586 τὸν

2159 3627 2359 3700 Δανιὴλ
2388 3627 2578 3690 θυσίας
2607 3627 2700 3680 καὶ
2739 3625 2991 3696 σπονδῆς,
3023 3627 3117 3679 καὶ
3141 3623 3282 3678 κατά
3305 3623 3404 3696 τὴν
3435 3625 3546 3678 τῶν
3567 3623 3728 3678 ἐθνῶν

2162 3723 2252 3776 ὲπὶ
2276 3722 2362 3773 τὸν
2393 3719 2501 3772 τῶν
2523 3719 2668 3772 ἥλων
2696 3718 2827 3772 Θεὸν
2858 3717 3212 3788 ἐπιστροφήν.

2687 3827 3080 3880 ΚΕΦΛΛΑΙΟΝ
3113 3827 3190 3880 Λ’.

2778 3921 2886 3975 Τοῦ
2908 3919 3113 3974 αὐτοῦ.

2233 4061 2250 4092 ι
2305 4041 2370 4093 'I-I
2401 4039 2630 4110 διαθήκη
2663 4033 2730 4107 ἦν
2784 4037 2902 4106 μετ’
2947 4033 3109 4087 αὑτοῦ
3166 4031 3265 4102 τῆς
3311 4030 3458 4102 ζωῆς
3488 4031 3582 4084 καὶ
3632 4029 3724 4093 τιτς

2158 4135 2400 4208 εἰρήνης,
2451 4133 2546 4185 καὶ
2600 4130 2772 4183 ἔδωκα
2804 4126 2950 4197 αὑτῷ
3000 4125 3148 4196 φόϐῳ
3181 4123 3460 4194 φοϐεῖσθαί
3509 4139 3596 4194 με,
3635 4121 3724 4175 καὶ

2158 4229 2265 4282 ἀπὸ
2297 4225 2588 4299 προσώπου
2619 4221 2877 4292 ὀνόματός
2927 4235 3026 4290 μου
3064 4217 3376 4270 στέλλεσθαι
3411 4215 3594 4269 αὐτόν.
3621 4213 3722 4266 Νό-

2159 4337 2258 4390 μος
2283 4317 2536 4390 ἀληθείας
2563 4312 2629 4388 ἦν
2659 4316 2715 4368 ὲν
2743 4313 2822 4384 τῷ
2847 4312 3074 4382 στόματι
3101 4307 3286 4374 αὑτοῦ,
3315 4309 3410 4363 καὶ
3431 4307 3614 4361 ἀδικία
3633 4306 3722 4376 οὐχ

2155 4409 2350 4482 εὑρέθη
2384 4411 2440 4461 ὲν
2464 4405 2696 4477 χείλεσιν
2721 4401 2907 4456 αὑτοῦ·
2933 4403 2990 4454 ὲν
3016 4399 3205 4471 εἰρήνῃ
3237 4397 3581 4452 κατευθύνων
3605 4400 3724 4450 ἔπο-

2157 4501 2325 4574 ρεύθη
2369 4500 2484 4569 μετ’
2525 4495 2682 4568 ἐμοῦ,
2715 4495 2809 4548 καὶ
2849 4488 3436 4574 πολλοὺς-ἐπέστρεψεν
3466 4489 3578 4542 ἀπὸ
3611 4487 3720 4540 ἀδι-

477 4591 786 4654 scientiam,
821 4603 874 4648 et
899 4594 1066 4664 legem
1117 4596 1396 4665 requirent
1446 4613 1511 4652 ex
1572 4613 1669 4654 ore
1710 4598 1834 4668 ejus
1869 4615 1881 4649 :
1919 4599 2045 4670 quia

2163 4569 2296 4656 κίας.
2315 4569 2449 4644 ⁷Ὅτι
2487 4589 2638 4660 χείλη
2667 4587 2858 4659 ἱερέως
2883 4569 3174 4654 φυλάξεται
3203 4582 3423 4651 γνῶσιν,
3445 4581 3540 4634 καὶ
3567 4581 3722 4650 νὸμον

473 4685 700 4754 angelus
734 4684 948 4740 Domini
975 4689 1365 4758 omnipotentis
1410 4699 1493 4746 est
1513 4690 1580 4744 ⁸⁸.
1619 4710 1636 4742 ι
1673 4690 1798 4746 Haec
1829 4705 2046 4761 quoque

473 4791 600 4829 cum
627 4776 958 4853 testimoniis
989 4779 1056 4834 de
1082 4779 1304 4836 Christo
1329 4797 1571 4853 congrua
1604 4790 1920 4852 reputantes
1955 4801 2044 4838 re-

467 4867 719 4924 tulimus.
755 4849 982 4924 Pac'tum
1025 4871 1171 4926 enim
1209 4873 1333 4928 vitae
1361 4880 1414 4928 et
1449 4873 1600 4944 pacis
1642 4887 1766 4927 cum
1798 4888 1863 4929 eo
1887 4882 2039 4940 erat;

465 4961 688 5016 timoris
719 4977 848 5016 vero
879 4962 1107 5034 spiritus
1142 4977 1267 5019 cum
1313 4965 1527 5019 caeteris
1585 4979 1750 5034 super
1795 4979 1921 5019 eum
1955 4981 2044 5020 re-

465 5035 700 5125 quievit,
723 5055 878 5124 juxta
917 5055 1034 5110 haec
1075 5053 1232 5113 Isaiae
1259 5055 1422 5112 verba
1452 5073 1465 5109 :
1501 5073 1518 5107 ι
1557 5055 1626 5109 Ει
1659 5056 1888 5127 replebit
1913 5073 2040 5112 eum

473 5149 700 5220 spiritus
737 5149 949 5206 timoris
982 5149 1198 5205 Domini
1217 5148 1285 5204 ⁸⁸.
1329 5169 1348 5202 ι
1386 5149 1647 5206 Veritatis
1682 5165 1902 5221 quoque
1933 5151 2041 5216 lex,

473 5259 578 5297 non
611 5250 791 5297 autem
823 5245 1002 5314 typica
1029 5244 1087 5298 in
1127 5257 1224 5300 ore
1251 5243 1372 5314 ejus
1396 5251 1535 5308 erat,
1570 5249 1625 5298 et
1670 5257 1782 5298 non
1823 5242 2043 5298 inventa

463 5345 554 5390 est
579 5335 840 5406 iniquitas
883 5337 939 5391 in
983 5335 1144 5393 labiis
1209 5335 1350 5407 ejus.
1379 5334 1544 5390 Juxta
1591 5335 1738 5390 enim
1788 5333 2041 5390 eumdem

2153 4684 2542 4754 ὲκζητήσουσιν
2569 4681 2632 4733 ὲκ
2654 4679 2920 4750 στόματος
2947 4675 3134 4738 αὐτοῦ,
3163 4677 3243 4729 ὅτι
3272 4673 3500 4742 ἄγγελος
3521 4673 3720 4742 Κυρίου

2151 4773 2588 4846 παντοκράτορὸς
2616 4773 2784 4826 ἐστιν.
2819 4791 2837 4823 ι
2870 4770 2978 4823 Καὶ
3007 4767 3158 4821 ταῦθ’
3186 4767 3448 4838 ἁρμόζειν
3481 4765 3722 4834 ὑπολαμσ

2150 4874 2403 4936 ϐάνοντες
2424 4873 2544 4934 ταῖς
2571 4869 2698 4941 περ)⁸
2727 4864 2962 4938 Χριστοῦ
2997 4860 3320 4934 μαρτυρίαις
3349 4855 3718 4926 ἐκτεθείμεθα·

2147 4967 2182 5037 ἦ
2212 4983 2271 5018 τε
2300 4965 2408 5036 γὰρ
2439 4962 2669 5033 διαθήκη
2705 4961 2804 5029 τῆς
2829 4955 2976 5026 ζωῆς
3009 4955 3101 5008 καὶ
3133 4952 3229 5022 τῆς
3250 4951 3471 5021 εἰρήνης
3505 4943 3572 5018 ἦν
3603 4947 3720 5016 μετ’

2151 5055 2338 5119 αὐτοῦ,
2374 5055 2435 5107 τό
2479 5071 2538 5105 τε
2574 5050 2666 5104 τοῦ
2716 5049 2880 5118 φόϐου
2916 5043 3135 5115 πνεῦμα
3170 5041 3306 5113 μετὰ
3345 5040 3438 5094 καὶ
3467 5039 3572 5092 τῶν
3613 5037 3722 5090 λοι-

2151 5147 2270 5202 πῶν
2303 5148 2389 5200 ἐπ’
2423 5145 2585 5200 αὐτὸν
2618 5139 2960 5196 ἀνεπαύσατο
2993 5135 3132 5190 κατά
3155 5135 3234 5197 τὸ,
3266 5153 3284 5184 ι
3313 5133 3422 5186 Καὶ
3453 5129 3722 5200 ἐμπλήσει

2151 5239 2311 5294 αὑτὸν
2345 5237 2562 5309 πνεῦμα
2611 5234 2775 5304 φόϐου
2814 5231 2971 5292 Θεοῦ,
3012 5251 3028 5282 ι
3063 5227 3352 5298 λεγόμενον
3391 5227 3448 5276 ἐν
3493 5223 3718 5292 Ἠσαῖᾳ’

2149 5334 2308 5388 τοῦτο
2339 5333 2394 5385 δὲ
2423 5331 2518 5384 καὶ
2547 5331 2574 5382 6
2602 5329 2700 5399 τῆς
2731 5323 2984 5397 ἀληθείας
3016 5323 3198 5392 νόμος,
3223 5319 3343 5388 οὐχὶ
3369 5317 3426 5370 δὲ
3445 5319 3474 5370 6
3495 5313 3722 5374 τυπικδς

469 5425 686 5489 Isaiam,
741 5427 1086 5498 iniquitatem
1133 5442 1244 5481 non
1301 5425 1449 5490 fecit,
1497 5441 1598 5481 nec
1659 5425 1913 5482 inventus
1960 5435 2046 5482 est

2163 5445 2202 5480 av
2231 5425 2310 5496 τῷ
2343 5425 2570 5494 στόματι
2602 5417 2690 5492 ἦν,
2727 5421 2820 5472 καὶ
2845 5417 3024 5470 ἀδικία
3055 5415 3152 5484 οὐχ
3185 5412 3380 5486 εὑρέθη
3408 5412 3464 5463 ὲν
3489 5407 3718 5498 χείλεσιν

473 5517 636 5575 dolus
661 5521 712 5574 in
745 5521 900 5576 labiis
947 5523 1086 5590 ejus.
1121 5520 1290 5588 Quasi
1325 5521 1666 5578 coexsistens
1714 5521 1894 5592 patria
1929 5521 2044 5574 vir-

469 5619 586 5666 tute
617 5631 636 5664 ι
678 5615 732 5667 in
765 5629 898 5685 pace
934 5623 988 5669 et
1029 5615 1084 5668 in
1118 5615 1372 5686 aequitate
1407 5634 1427 5666 ι
1460 5615 1759 5670 ambulavit
1798 5629 1922 5669 cum
1953 5628 2039 5678 eo,

2143 5515 2326 5570 αὐτοῦ·
2360 5512 2503 5566 κατὰ
2541 5511 2648 5582 γὰρ
2691 5507 2781 5560 τὸν
2821 5506 3050 5559 Ἡσαΐαν
3079 5501 3350 5574 ἁμαρτίαν
3393 5499 3490 5552 οὐκ
3525 5497 3716 5566 ἐποίη-

2146 5625 2256 5672 σεν,
2284 5606 2404 5659 οὐδὲ
2431 5601 2628 5674 εὑρέθη
2649 5601 2798 5662 δόλος
2826 5601 2882 5651 ὲν
2911 5597 3144 5667 χείλεσιν
3176 5592 3358 5648 αὐτοῦ·
3389 5585 3474 5644 οἷα
3504 5589 3556 5643 δὲ
3591 5602 3718 5640 τιν-

541 5774 586 5806 "
619 5773 785 5828 Zach.
817 5789 926 5838 xlv,
954 5773 986 5826 5
1013 5813 1028 5836 ,
1079 5773 1130 5826 ὅ.
1205 5771 1252 5803 ⁸⁸
1287 5772 1516 5828 Malach.
1560 5789 1609 5839 ι,
1663 5771 1852 5828 10-12.
1928 5773 1973 5804 ⁸⁸
2007 5770 2054 5826 Μ

2163 5769 2302 5834 :h.n,
2335 5765 2448 5820 5-7.
2525 5763 2570 5796 ⁸⁵
2602 5761 2708 5816 lsa.
2745 5775 2816 5825 xl,
2859 5758 2912 5813 5.

541 5873 618 5943 (ὃ)
659 5869 1006 5926 Desideratur
1042 5869 1154 5923 τοῦ.
1187 5867 1342 5923 Eutr.
