3974 6492
213 403 352 457 ΗΞΠ

1219 405 1514 462 ΕΟιοοΕ
1555 407 2030 466 ΡῙὶΟΡΗΕἩΟᾹΞ.
2070 443 2135 451 -
2180 411 2308 467 LIB.
2353 413 2443 469 III.

3328 418 3467 472 MSS

211 522 287 575 ὼν
324 524 392 592 τῇ
447 523 682 594 πατρικῇ
731 521 955 594 δυνάμει
995 542 1012 574 ι
1054 525 1110 578 ὲν
1151 527 1341 601 εἰρήνῃ
1387 529 1728 584 κατευθύνων
1768 550 1786 582 ι

1898 532 2082 587 multis
2111 547 2301 588 eorum
2327 534 2418 603 qui
2446 537 2599 604 prius
2644 534 2811 589 Deum
2853 533 3177 604 ignorabant
3216 533 3282 587 ad
3333 549 3466 588 con-

210 613 508 687 ἐπορεύετο
547 615 663 686 μετ⁹
692 614 880 679 αὐτοῦ,
915 616 1141 681 πολλοὺς
1178 619 1287 671 τῶν
1333 621 1498 674 πάλαι
1529 622 1620 674 τὸν
1662 622 1793 675 Θεὸν

212 706 290 777 μὴ
320 706 542 759 εἰδότων
579 707 659 770 εἰς
692 707 1026 779 ἐπιστροφὴν
1053 709 1219 778 ἄγωψ
1245 714 1376 783 παρ’
1401 713 1565 766 αὑτοῦ
1587 715 1664 777 δὲ,
1699 714 1792 768 ἅτε

210 800 516 869 ἀρχιερέως
540 798 690 861 ὄντος
712 799 806 851 καὶ
827 799 924 870 τὴν
959 801 1082 873 περί
1113 803 1327 857 πάντων
1355 803 1414 869 (Γ.
1443 805 1511 859 54
1539 808 1614 877 νο)
1651 807 1792 874 γνῶ-

212 907 298 943 σιν
337 890 807 959 διαφυλάττοντας,
851 893 941 946 τὸν
976 893 1117 948 θετον
1164 897 1324 966 νόμον
1370 896 1701 970 ὲξεζήτησάν
1734 917 1791 952 τε

206 985 305 1036 καὶ
339 984 752 1056 ἐκζητήσωσιν.
777 980 857 1049 οἷς
879 985 1061 1057 μέλλει
1092 987 1193 1058 τῆς
1224 989 1344 1042 κατ’
1375 990 1536 1044 αὑτὸν
1570 993 1794 1065 ἐπιστή-

209 1091 352 1148 μϊλς⁸
383 1078 547 1142 αὐτὸς
576 1079 684 1149 γάρ
727 1082 874 1133 ἐστιν
910 1098 928 1130 ι
967 1080 1117 1150 ὁτῆς
1154 1082 1394 1155 μεγάλης
1439 1083 1632 1156 βουλῆς
1663 1087 1794 1154 ’Λγ-

203 1166 386 1234 γελος,
425 1187 444 1219 ι
482 1168 742 1222 διακονῶν
787 1170 879 1224 καὶ
900 1169 1227 1239 διαγγέλλων
1273 1173 1434 1226 παντὶ
1480 1175 1692 1246 γενητῷ
1732 1174 1794 1228 τὸ

202 1256 302 1310 τοῦ
334 1259 548 1328 [Ia-:96;
572 1258 838 1330 βούλημα.

725 1375 1120 1429 ΚΕΦΑΛΛΙΟΝ
1150 1375 1276 1431 ΛΑ’.

830 1486 940 1541 Τοῦ
973 1489 1179 1543 αὐτοῦ.

283 1614 302 1646 ι
359 1596 488 1650 Ἰδοὺ
518 1597 892 1664 ἐξαποστέλλω
917 1602 1007 1654 τὸν
1032 1601 1261 1672 ἄγγελόν
1293 1622 1414 1675 μου,
1450 1605 1544 1659 καὶ
1576 1605 1790 1659 ἐπιϐλέ-

201 1687 369 1757 ψεται
391 1689 508 1744 ὁδὸν
535 1691 642 1762 πρὸ
667 1691 959 1762 προσώπου
994 1712 1117 1765 μου,
1147 1696 1240 1751 καὶ
1274 1696 1538 1767 ἐξαίφνης
1564 1697 1683 1769 ἥξει
1713 1701 1792 1762 εἰς

201 1785 296 1837 τὸν
317 1785 456 1838 -ναὸν
487 1786 682 1840 ἑαυτοῦ
710 1788 930 1860 Κύριος,
961 1791 1020 1844 ὃν
1059 1793 1216 1862 ὑμεῖς
1252 1794 1482 1865 ζητεῖτε,
1524 1797 1616 1849 καὶ
1643 1798 1671 1849 6
1696 1797 1793 1865 ἄγ-

1897 625 2200 679 versioncm
2239 627 2511 696 impulsis.
2545 626 2701 696 Apud
2754 641 2901 690 eum,
2939 633 2992 679 ut
3043 641 3318 680 summum
3377 640 3464 680 sa-

1897 715 2192 780 cerdotem,
2223 725 2276 770 et
2311 717 2377 770 de
2420 715 2678 771 omnibus
2727 716 3015 770 scientiam
3041 714 3464 771 custodientem.

1895 806 2133 860 divinam
2168 807 2338 878 legem
2401 807 2804 876 requisiverunt
2858 816 2914 862 et
2956 807 3237 876 requirent
3287 806 3465 876 ipsius

1896 897 2140 952 scientia:
2182 899 2433 954 studiosi.
2492 899 2611 968 Ipse
2654 909 2739 953 est
2759 899 2906 954 enim
2960 916 2978 949 ι
3014 889 3195 969 magni
3247 897 3464 953 consilii

1894 988 2132 1060 Angelus
2160 989 2227 1052 ⁸⁸,
2260 1010 2278 1041 ›
2314 998 2367 1046 et
2399 989 2578 1046 Patris
2622 992 2956 1046 voluntatem
3007 989 3155 1046 omni
3190 977 3468 1045 creaturae

1895 1083 2246 1139 annuntians.

2443 1384 2676 1441 CAPUT
2717 1384 2889 1440 XXXI

2507 1498 2589 1553 Ea:
2626 1502 2825 1554 eodem.

1972 1633 1990 1665 ι
2033 1613 2174 1669 Ecce
2219 1628 2320 1684 ego
2354 1614 2514 1668 mitto
2560 1613 2813 1684 angelum
2870 1628 3072 1679 meum,
3105 1621 3158 1666 et
3194 1627 3466 1682 praepara-

1899 1708 1978 1764 bit
2007 1708 2148 1763 viam
2217 1714 2342 1762 ante
2399 1706 2592 1761 faciem
2623 1721 2821 1761 meam.
2863 1703 2929 1758 Et
2955 1705 3136 1760 statim
3192 1706 3370 1760 veniet
3401 1705 3468 1759 ad

1895 1817 2054 1858 suum
2085 1801 2348 1870 templum
2381 1799 2721 1862 Dominator,
2753 1814 2915 1868 quem
2957 1814 3056 1853 vos
3093 1797 3339 1867 quaeritis
3370 1812 3382 1847 :
3415 1803 3468 1852 et

199 1879 361 1979 γελος
391 1878 493 1964 τῆς
519 1879 804 1952 διαθήκης,
834 1882 892 1936 δν
931 1885 1086 1954 ὑμεῖς
1121 1884 1302 1939 θέλετε
1322 1905 1335 1918 ο
1376 1887 1505 1953 ἰδοὺ,
1548 1889 1788 1961 ἔρχεται,

1896 1894 2119 1964 angelus
2169 1892 2504 1956 testamenti,
2562 1906 2724 1960 quem
2767 1905 2865 1944 vos
2893 1889 3078 1944 vultis.
3113 1887 3252 1942 Ecce
3296 1888 3466 1949 venit,

198 1967 353 2037 λέγει
378 1953 584 2042 Κύριος
607 1953 1020 2046 παντοκράτωρ.
1046 1977 1157 2030 Καὶ
1186 1977 1269 2041 τίς
1297 1980 1557 2051 ὑπομενεί
1579 1953 1788 2052 ήμέραν

201 2062 412 2115 εἰσόδου
439 2064 640 2129 αύτοῦ;
675 2065 706 2137 ἢ
741 2067 824 2130 τίς
850 2067 1217 2141 ύποστήσεται
1252 2073 1310 2126 ὲν
1333 2075 1398 2144 τῇ
1433 2074 1674 2147 ὀπτασίᾳ
1694 2077 1790 2128 αύ-

199 2153 329 2218 τ;ῦ;
360 2155 492 2209 διότι
526 2157 686 2221 αὐτὸς
725 2160 1101 2232 εἰσπορεύεται
1139 2163 1215 2227 ὡς
1248 2165 1359 2236 πῦρ
1399 2168 1786 2238 χωνευτηρίου,

201 2247 300 2301 καὶ
324 2247 401 2312 ὡς
424 2248 554 2302 ποιὰ
576 2249 898 2305 αιτλυνόντων⁸
922 2254 1014 2306 καὶ
1035 2253 1300 2308 καθιεῖται
1327 2258 1681 2327 ἀναχωνεύων
1697 2260 1791 2313 καὶ

199 2339 518 2411 καθαρίζων
543 2341 618 2405 ὡς
645 2343 704 2396 τὸ
731 2344 992 2416 ἀργύριον
1020 2347 1114 2400 καὶ
1137 2347 1198 2400 τὸ
1226 2349 1466 2420 χρυσίον.
1501 2370 1519 2402 ι
1559 2350 1638 2403 Τὰ
1663 2353 1791 2424 περὶ

197 2430 300 2499 τῆς
319 2431 579 2504 δευτέρας
607 2434 700 2488 τοῦ
732 2436 964 2507 Χριστοῦ
1007 2440 1308 2510 παρουσίας
1351 2443 1446 2495 καὶ
1474 2441 1563 2495 διὰ
1586 2442 1790 2496 τούτων

199 2524 630 2594 προφητεύεται,
661 2527 896 2598 ὁπηνίκα
938 2569 950 2580 .
997 2571 1010 2584 .
1056 2571 1068 2582 .
1112 2548 1139 2594 ς
1165 2530 1258 2584 τοῦ
1281 2532 1416 2586 Θεοῦ
1454 2534 1548 2587 καί
1578 2537 1790 2607 Πατρδς

198 2613 310 2668 τῶν
345 2616 482 2671 ὅλων
523 2619 907 2685 ὲξαποσταλεὶς
943 2622 1106 2687 αὐτὸς
1135 2625 1164 2677 6
1195 2625 1429 2696 Χριστὸς
1459 2627 1554 2680 τοῦ
1600 2627 1734 2681 Θεοῦ
1763 2629 1791 2681 6

197 2706 346 2779 ν(ῦν)
370 2707 657 2779 λεγόμενος
693 2730 710 2762 ι
742 2713 841 2784 τῆς
879 2713 1143 2786 διαθήκης
1177 2715 1404 2784 ἄγγελος
1440 2717 1789 2788 amonem:

199 2801 323 2854 ὁδὸν
364 2801 470 2872 πρὸ
495 2801 787 2872 προσώπου
807 2804 901 2858 τοῦ
939 2807 1171 2880 Πατρὸς,
1215 2829 1233 2860 ι
1261 2809 1404 2863 τοῦτ’
1431 2809 1546 2863 ἐστι
1591 2827 1787 2881 προευ-

191 2892 451 2963 τρεπίσει
485 2896 578 2948 καὶ
621 2898 1136 2967 προπαρασκευάσει
1188 2899 1288 2962 τὰς
1335 2899 1441 2952 τῶν
1488 2898 1789 2972 ἀνθρώπων

200 2982 383 3054 ψυχὰς
517 2985 610 3038 τοῦ
653 2988 866 3059 Πατρὸς
896 2988 1141 3062 βασιλείᾳ
1160 3006 1172 3019 ⁶
1203 2991 1291 3044 ὅτε
1325 2992 1390 3044 ἐκ
1417 2991 1651 3060 λογικῶν
1697 2992 1788 3045 καὶ

199 3075 463 3146 ἐμψύχων
500 3076 662 3130 λίθων
681 3077 772 3131 τὸν
795 3079 1159 3149 πνευματικὸν
1179 3081 1325 3142 ναὸν,
1350 3081 1494 3134 τοῦτ’
1525 3081 1638 3135 ἔστι
1693 3083 1789 3154 τὴν

213 3169 558 3240 Ἐκκλησίαν,
614 3171 1069 3235 ἒπισκευάσαντος
1115 3173 1314 3236 αὐτοῦ,
1366 3172 1485 3243 ἥξει
1546 3176 1708 3239 αὐτὸς
1761 3179 1789 3230 6

1892 1984 2022 2038 dicit
2060 1983 2318 2036 Dominus
2343 1981 2711 2050 omnipotens.
2748 1977 2814 2030 Et
2843 1978 2969 2048 quis
2999 1977 3198 2046 poterit
3228 1976 3469 2046 cogitare

1896 2076 2039 2130 diem
2073 2075 2343 2128 adventus
2397 2073 2539 2142 ejus,
2588 2079 2642 2127 et
2690 2071 2816 2140 quis
2857 2070 3024 2125 stabit
3073 2068 3140 2122 ad
3171 2067 3468 2122 videndum

1892 2165 2056 2221 eum?
2080 2163 2198 2234 Ipse
2231 2164 2374 2218 enim
2419 2163 2575 2232 quasi
2610 2164 2750 2234 ignis
2777 2159 3043 2223 eonllans,
3081 2166 3134 2213 et
3163 2157 3469 2212 emundans

1893 2265 2201 2328 argentum,
2228 2266 2280 2311 et
2309 2257 2585 2327 purgabit,
2626 2264 2681 2310 et
2724 2253 2927 2308 colabit
2952 2266 3048 2307 eos
3080 2250 3239 2322 quasi
3273 2265 3469 2304 aurum

1892 2357 1946 2406 et
1977 2350 2134 2420 quasi
2165 2357 2449 2420 argentum
2501 2348 2568 2402 ⁸⁷.
2604 2368 2622 2399 ι
2661 2346 2788 2400 llaec
2838 2345 2906 2401 de
2967 2343 3210 2400 secundo
3263 2340 3470 2396 Christi

1893 2444 2131 2499 adventu
2174 2443 2540 2514 prophetizatj,
2595 2441 2837 2513 quando.
2882 2481 2895 2492 .
2933 2481 2947 2496 .
3013 2439 3106 2495 Dei
3165 2445 3221 2493 et
3285 2435 3469 2490 Patris

1894 2536 2135 2590 omnium
2157 2536 2361 2590 missus
2392 2534 2508 2605 ipse
2531 2532 2804 2596 Christus,
2833 2531 3027 2600 dequo
3051 2545 3194 2584 nunc
3223 2527 3424 2582 dicitur
3449 2539 3464 2575 :

1900 2646 1917 2676 ι
1959 2626 2269 2680 testamenti
2322 2625 2564 2696 Angelus
2589 2622 2914 2694 praeparabit
2945 2623 3082 2675 viam
3110 2626 3235 2674 ante
3274 2618 3468 2672 faciem

1893 2715 2093 2782 Patris,
2134 2736 2152 2769 ι
2193 2716 2245 2771 id
2305 2723 2389 2772 est
2439 2716 2718 2769 hominum
2785 2713 2996 2767 animas
3051 2710 3232 2765 Patris
3295 2722 3466 2778 regno

1892 2809 2118 2865 idoneas
2174 2819 2335 2880 atque
2387 2817 2614 2880 paratas
2666 2806 2896 2872 elliciet;
2934 2809 3059 2857 cum
3105 2801 3467 2856 rationalibus

1893 2900 2382 2971 spiritualibusque
2451 2900 2727 2970 lapidibus
2801 2899 3085 2970 spirituale
3155 2899 3461 2968 templum,

1893 2991 2103 3047 scilicet
2126 2991 2448 3054 Ecclesiam,
2474 2992 2594 3061 ipso
2616 2999 2979 3061 praeparante,
3011 2991 3193 3046 veniet
3224 2991 3338 3060 ipse
3362 2987 3469 3043 Do-

1902 3085 2085 3141 minus
2139 3084 2390 3155 Deusque
2418 3084 2661 3140 Verbum
2686 3086 2848 3140 simul
2873 3100 2997 3140 cum
3025 3085 3142 3153 ipso
3162 3081 3471 3139 testamenti

1894 3179 2102 3250 Angelo
2161 3180 2218 3234 in
2269 3179 2530 3249 templum
2562 3177 2710 3248 quod
2767 3185 3128 3233 memoratum
3185 3184 3301 3241 est;
3344 3175 3470 3230 dein

201 3261 408 3330 Κύριος
433 3263 527 3315 καὶ
573 3262 705 3326 Θεὸς
737 3264 906 3332 Λόγος
940 3265 1055 3335 ἅμα
1094 3265 1242 3337 αὐτῷ
1282 3266 1358 3338 τῷ
1389 3267 1490 3337 τῆς
1527 3268 1790 3340 διαθήκης

1899 3286 2021 3326 eum
2047 3269 2347 3326 secundum
2373 3269 2492 3337 ejus
2513 3268 2802 3321 adventum
2823 3267 3216 3336 prtenuntians,
3232 3262 3468 3317 Verbum

211 3351 457 3424 Ἀγγέλῳ
475 3356 556 3418 εἰς
581 3355 671 3408 τὸν
699 3355 1062 3427 δεδηλωμένον
1087 3360 1213 3412 ναόν
1230 3377 1241 3388 ·
1274 3355 1412 3425 εἶτα,
1447 3354 1534 3413 οἷα
1564 3361 1660 3431 τὴν
1675 3361 1792 3413 δευ-

193 3444 368 3516 τέραν
409 3446 572 3500 αὐτοῦ
623 3448 922 3518 παρουσίαν
965 3450 1370 3520 προαγγέλλων,
1417 3455 1446 3505 6
1497 3452 1666 3520 Λόγος
1717 3452 1792 3516 ὡς

201 3537 341 3607 πρὸς
372 3539 497 3602 τοὺς
525 3540 881 3611 ἁμαρτωλούς
914 3559 1097 3611 φησιν,
1129 3561 1145 3592 ι
1197 3543 1324 3598 Ἰδοὺ
1348 3544 1561 3615 ἔρχεται
1588 3545 1791 3616 Κύριος

200 3629 630 3702 παντοκράτωρ’
668 3633 760 3685 καὶ
803 3632 887 3695 τίς
921 3633 1180 3703 ὑπομενεῖ
1209 3633 1422 3705 ἡμέραν
1448 3634 1650 3687 εἰσόδου
1697 3636 1792 3688 αύ-

199 3721 296 3776 τοῦ
323 3740 336 3787 ;
367 3724 398 3795 ἢ
433 3724 516 3788 τίς
545 3727 904 3798 ὑποστήσεται
943 3728 1000 3779 ὲν
1029 3729 1093 3797 τῇ
1131 3727 1365 3799 ὀπτασίᾳ
1400 3728 1600 3792 αύτοῦ;
1646 3750 1664 3782 ι
1699 3732 1792 3784 καὶ

199 3815 270 3868 τὰ
323 3815 482 3887 ἑξῆς·
523 3813 604 3882 οἷς
643 3819 915 3889 ἐπιμελῶς
974 3821 1302 3892 προσεκτέον
1337 3822 1426 3873 ὑπ’
1491 3821 1655 3874 αὐτοῦ
1696 3822 1789 3875 τοῦ

202 3909 644 3980 παντοκράτορος
684 3911 888 3983 Κυρίου
923 3910 996 3974 ὡς
1037 3912 1164 3982 περί
1209 3911 1396 3983 ἑτέρου
1447 3911 1786 3984 λεγομένοις’

200 3994 298 4050 καὶ
344 3999 604 4053 πευστέον
642 4019 699 4053 τε
744 4002 851 4054 τῶν
884 4004 948 4056 ὲκ
998 4004 1318 4075 περιτομῆς,
1360 4003 1414 4056 εἴ
1455 4022 1579 4058 τινα
1619 4004 1792 4075 ἔχοιεν

200 4090 383 4159 λέγειν
415 4093 506 4144 τὸν
555 4093 786 4146 ἐνταῦθα
826 4094 1152 4166 δηλούμενον
1195 4095 1400 4166 Κύριον
1441 4098 1534 4150 καὶ
1571 4098 1659 4150 τὸν
1696 4100 1790 4152 σὺν

203 4184 356 4255 αὐτῷ
389 4185 651 4253 ’Ἄγγελον
680 4187 777 4255 τῆς
814 4187 1097 4259 διαθήκης,
1139 4189 1266 4260 περὶ
1286 4183 1347 4243 οὗ
1370 4190 1572 4260 Κύριος
1601 4192 1629 4242 ὁ
1657 4207 1792 4243 παν’

203 4277 490 4348 τοκράτωρ
512 4279 709 4347 φάσκει
743 4281 822 4342 τὸ,
857 4300 874 4330 ι
921 4281 1051 4334 Ἰδοὺ
1078 4280 1316 4352 ἔρχεται,
1344 4301 1362 4331 ι
1390 4281 1484 4334 καὶ
1509 4281 1578 4334 τὰ
1603 4281 1788 4334 λοιπάο

202 4369 270 4422 δι’
296 4364 373 4425 ὧν
407 4371 527 4424 καθ’
565 4373 709 4442 ἡμᾶς
821 4372 1048 4443 δευτέρα
1089 4373 1185 4426 τοῦ
1217 4373 1453 4444 Χριστοῦ
1488 4374 1790 4443 καταγγέλ-

204 4462 358 4515 λεται
399 4463 696 4533 παρουσία·
733 4463 790 4528 ὂς
824 4464 993 4532 Λόγος
1042 4464 1176 4519 Θεοῦ
1223 4466 1502 4536 τυγχάνων
1543 4483 1788 4538 παραγε-

204 4555 430 4626 νόμενος
475 4555 883 4627 εἰσπορεύσεται
926 4560 1005 4619 εἰς
1036 4557 1134 4628 τὴν
1161 4557 1392 4611 ἑκάστου
1421 4558 1618 4628 ψυχὴν,
1668 4558 1789 4628 κρί-

203 4663 312 4697 νων
342 4646 574 4699 ἓκαστον
616 4647 744 4719 περὶ
776 4647 885 4700 τῶν
928 4648 1074 4718 αὐτῷ
1111 4647 1250 4702 κατὰ
1281 4649 1370 4702 τὸν
1398 4648 1513 4720 βίον
1574 4666 1789 4721 πεπρα-

202 4738 444 4809 γμένων,
467 4739 746 4795 ὲκπλύνων
774 4757 831 4792 τε
859 4741 952 4794 καὶ
977 4740 1062 4794 διὰ
1091 4741 1257 4811 πυρὸς
1287 4740 1490 4812 χρυσοῦ
1514 4741 1668 4813 δίκην
1684 4759 1790 4811 χω-

202 4832 397 4898 νεύων,
435 4834 530 4887 καὶ
558 4833 868 4905 καθαρίζων
905 4835 975 4889 τὰ
1002 4836 1217 4888 πάντων
1244 4835 1565 4907 ἡγεμονικά.
1599 4836 1789 4888 Πᾶσαν

203 4921 336 4994 γοῦν
393 4926 494 4997 τήν
538 4926 714 4996 κρίσιν
742 4930 770 4981 ὁ
797 4928 987 5000 Πατὴρ
1016 4929 1246 4983 δέδωκεν
1272 4927 1350 4998 τῷ
1381 4928 1496 5000 Υἱῴ
1528 4927 1670 4982 κατὰ
1697 4928 1790 4981 τὸν

202 5019 485 5087 φάσκοντα
510 5019 604 5072 καὶ
624 5021 681 5072 ὲν
710 5019 956 5092 Ψαλμοῖς
986 5021 1162 5090 λόγον,
1199 5039 1218 5072 ι
1257 5021 1315 5074 '0
1341 5019 1495 5084 Θεὸς,
1526 5019 1586 5072 τὸ
1613 5018 1789 5091 κρῖμά

204 5127 300 5163 σου
331 5109 410 5181 τῷ
439 5108 648 5178 βασιλεῖ
677 5111 782 5176 δὸς,
823 5112 918 5166 καὶ
957 5113 1054 5185 τὴν
1081 5109 1426 5185 δικαιοσύνην
1464 5128 1559 5164 σου
1582 5111 1660 5183 τῷ
1684 5111 1785 5182 υἱῷ

203 5200 295 5253 τοῦ
347 5201 640 5270 βασιλέως·
679 5204 883 5276 κρίνειν
923 5206 1013 5259 τὸν
1051 5204 1179 5258 λαόν
1229 5220 1322 5257 σου
1365 5203 1424 5256 ὲν
1451 5201 1782 5274 δικαιοσύνῃ,

1895 3362 2054 3430 quasi
2101 3360 2168 3413 ad
2219 3368 2536 3430 peccatores
2571 3357 2744 3411 dicit:
2783 3375 2801 3406 (
2837 3356 2977 3410 Ecce
3019 3355 3169 3410 venit
3205 3353 3470 3406 Dominus

1895 3455 2240 3522 omnipotens
2273 3468 2285 3502 :
2317 3459 2371 3506 et
2402 3450 2525 3520 quis
2567 3449 2766 3518 poterit
2798 3448 3039 3518 cogitare
3072 3447 3215 3500 diem
3262 3443 3469 3497 adven—

1895 3556 1982 3600 tus
2030 3544 2171 3614 ejus,
2204 3551 2258 3598 et
2315 3543 2438 3613 quis
2492 3543 2661 3598 stabit
2705 3543 2770 3595 ad
2818 3539 3113 3594 videndum
3155 3536 3320 3594 eum?
3351 3556 3368 3588 ι
3405 3533 3472 3588 Et

1893 3636 2104 3706 reliqua
2131 3651 2254 3706 quae
2286 3635 2574 3706 diligenter
2635 3634 2986 3698 attendenda,
3016 3640 3075 3686 ut
3128 3632 3194 3686 ab
3220 3630 3468 3696 omnipo-

1895 3731 2058 3784 tentis
2093 3728 2211 3795 Dei,
2247 3730 2401 3799 quasi
2433 3729 2692 3791 alterius,
2745 3743 2839 3781 ore
2901 3727 3136 3801 prolata;
3190 3729 3244 3778 et
3297 3723 3365 3775 ab
3400 3721 3470 3775 iis

1894 3822 1985 3892 qui
2018 3838 2083 3877 ex
2115 3822 2540 3877 circumcisione
2577 3829 2705 3877 sunt
2749 3819 3142 3876 sciscitandum
3175 3833 3243 3870 an
3286 3812 3470 3869 Domi-

1893 3932 2026 3971 num
2066 3916 2339 3987 quemvis,
2374 3917 2462 3971 cui
2519 3919 2637 3971 haec
2668 3917 2815 3971 dicta
2866 3911 3218 3973 conveniant,
3247 3914 3303 3963 et
3341 3919 3468 3961 cum

1893 4009 2240 4079 eLAngelum
2295 4009 2592 4063 testimonii
2634 4009 2894 4062 inducere
2956 4002 3189 4074 possint,
3248 3999 3316 4054 de
3360 4011 3470 4067 quo

1893 4101 2244 4170 omnipotens
2293 4099 2432 4156 Deus
2484 4100 2600 4155 hwc
2636 4099 2822 4153 dicat:
2859 4116 2877 4146 ‹
2918 4093 3055 4148 Ecce
3095 4090 3267 4155 venit,
3299 4108 3317 4140 ι
3359 4095 3466 4142 etc.

1897 4192 1991 4248 Ilis
2020 4193 2206 4263 igitur,
2241 4200 2300 4246 ut
2329 4193 2488 4247 nobis
2517 4191 2751 4254 videtur,
2784 4185 3059 4244 secundus
3106 4179 3469 4236 annuntiatur

1891 4283 2100 4338 Christi
2151 4284 2440 4338 adventus.
2486 4282 2624 4348 Qui,
2673 4296 2798 4334 cum
2870 4275 3108 4330 Verbum
3157 4272 3251 4326 Dei
3297 4277 3464 4332 esset,

1889 4377 2282 4446 superveniens
2333 4375 2387 4430 in
2462 4375 2730 4444 cujusque
2798 4369 3039 4424 animam
3103 4362 3466 4434 ingredietur,

1891 4485 2164 4540 quemque
2195 4468 2507 4538 dijudicans
2537 4483 2600 4521 ex
2648 4481 2767 4534 ejus
2803 4464 2924 4516 vitae
2954 4458 3236 4530 operibus,
3269 4467 3463 4523 expur.

1893 4577 2032 4632 gans
2087 4571 2142 4616 et
2195 4561 2354 4631 quasi
2423 4575 2616 4614 aurum
2683 4558 2808 4628 igne
2864 4554 3091 4614 colans,
3147 4555 3469 4616 mentesque

1825 4630 1866 4684 θ
1895 4630 2142 4708 omnium
2175 4630 2502 4706 emundans.
2539 4648 2713 4704 Omne
2771 4647 2937 4718 igitur
2987 4641 3258 4712 judicium
3304 4634 3464 4689 Pater

1893 4745 2042 4813 dedit
2105 4743 2246 4798 Filio
2303 4759 2402 4799 suo
2434 4744 2588 4813 juxta
2640 4742 2786 4796 hunc
2847 4741 2902 4794 in
2959 4734 3196 4791 Psalmis
3244 4732 3466 4784 locum:

1899 4854 1916 4888 ι
1956 4835 2121 4898 Deus,
2148 4835 2417 4904 judicium
2444 4845 2596 4888 tuum
2634 4833 2748 4904 regi
2793 4832 2883 4894 da,
2909 4837 2963 4885 et
2989 4827 3262 4899 justitiam
3309 4831 3458 4876 tuam

1897 4926 2010 4980 ﬁlio
2040 4927 2186 4999 regis
2224 4927 2512 4996 :judicare
2560 4927 2820 4997 populum
2871 4934 3024 4979 tuum
3059 4921 3112 4973 in
3142 4915 3376 4987 justitia,
3414 4920 3469 4965 et

1894 5034 2162 5090 pauperes
2221 5027 2346 5074 tuos
2397 5020 2453 5073 in
2503 5017 2715 5087 judicio
2762 5018 2806 5050 ⁸⁸
2860 5036 2878 5067 ι
2918 5015 3048 5069 Inde
3095 5010 3206 5064 Rea:
3249 5004 3467 5076 quidem

1893 5110 2152 5166 divinitas
2192 5118 2246 5166 et
2295 5110 2412 5182 ipse
2461 5109 2605 5165 Deus
2646 5109 2882 5163 Verbum
2919 5105 3225 5177 appellatur
3259 5118 3269 5152 :
3305 5109 3465 5168 quem

1894 5213 2076 5256 autem
2111 5203 2354 5273 suscepit
2384 5203 2684 5268 hominem,
2712 5221 2729 5251 ι
2766 5203 2908 5255 lilius
2943 5199 3105 5267 regis.

200 5294 301 5344 καὶ
325 5295 454 5357 τοὺς
483 5296 731 5365 πτωχούς
755 5313 848 5350 σου
873 5310 932 5350 εν
961 5300 1140 5370 κρίσει
1163 5316 1174 5328 ‘
1215 5317 1232 5350 ι
1261 5297 1391 5353 ἔνθα
1407 5296 1711 5362 ,βασιλεὺς
1735 5297 1832 5367 μὲν
1869 5299 1900 5368 ή
1937 5296 2125 5366 θεότης
2166 5297 2259 5351 καί
2284 5296 2446 5360 αὐτὸς
2470 5299 2498 5350 6
2529 5297 2662 5359 Θεὸς
2698 5297 2870 5363 Λόγος
2901 5292 3289 5362 ἀνηγόρευται·
3327 5283 3384 5336 ὃν
3412 5279 3467 5333 δὲ

197 5387 495 5459 dwell-way
528 5389 832 5461 ἄνθρωπον,
868 5410 886 5443 ι
927 5393 1038 5455 υἱὸς
1077 5392 1170 5445 τοῦ
1204 5390 1484 5462 βασιλέως.
1529 5409 1546 5440 ι

720 5507 1114 5562 ΚΕΦΑΛΑῙΟΝ
1147 5507 1268 5561 AB'.

685 5599 796 5654 Τοῦ
827 5599 1013 5653 αὑτοῦ
1048 5596 1304 5667 ἀγγέλου

285 5715 304 5746 ε
336 5695 446 5748 Καὶ
473 5693 721 5748 ἁνατελεῖ
739 5695 850 5756 τοῖς
871 5691 1036 5762 φοϐου
1045 5692 1223 5762 μένοις
1249 5693 1308 5745 τὸ
1325 5692 1494 5762 ὄνομα
1517 5706 1615 5759 μου
1637 5689 1787 5752 ’Ἅλιος

311 5850 361 5882 ⁶⁶
392 5849 496 5906 lsa.
533 5865 607 5916 Ix,
640 5849 693 5905 6.
774 5849 816 5881 ⁸⁷
858 5846 1085 5902 Malach.
1121 5863 1203 5913 ιιι,
1239 5847 1351 5902 1-3.
1431 5847 1472 5878 “
1506 5846 1648 5904 Psal.
1682 5861 1826 5914 uxr,

2465 5499 2694 5557 CAPUT
2735 5491 2944 5552 XXXII.

2353 5595 2438 5648 Ea:
2465 5593 2645 5647 eodeni
2680 5586 2973 5643 Malachia.

1973 5710 1989 5742 ‹
2039 5690 2101 5743 Et
2127 5689 2333 5745 orietur
2368 5685 2523 5742 vobis
2559 5680 2877 5738 timentibus
2924 5690 3125 5732 nomen
3173 5686 3352 5731 meum
3381 5678 3467 5730 so!

1869 5845 1900 5876 Ο
