3974 6526
543 417 680 473 I159

1242 412 1508 468 EUSEBII
1538 410 2016 469 CESARIENSIS
2054 408 2205 464 OPP.
2238 407 2418 463 PARS
2460 406 2546 462 III.
2589 437 2657 447 —-
2686 403 3100 460 EXEGETICA.

3639 406 3758 460 I160

538 532 784 602 justitia',
813 539 866 588 et
890 532 1095 587 sanitas
1125 531 1179 584 in
1208 531 1403 598 pennis
1434 546 1556 599 ejus
1576 531 1641 586 δ’.
1684 552 1703 583 ι
1737 530 1828 584 Sol
1873 529 2083 600 justitia

2200 525 2566 598 δικαιοσύνης,
2619 524 2710 576 καὶ
2757 521 2901 585 ἴασις
2951 522 3009 572 ὲν
3060 522 3177 582 ταῖς
3222 517 3476 590 πτέρυξιν
3525 518 3702 572 αὑτοῦ.
3738 541 3754 572 ο

543 640 562 673 ι
600 624 692 678 lux
729 632 814 679 est
863 638 992 677 vera
1052 636 1172 690 quae
1231 620 1502 676 illuminat
1554 636 1767 676 omnem
1822 622 2094 676 hominem

534 715 842 772 venientem
880 714 935 768 in
979 713 1123 766 hunc
1168 711 1432 767 mundum
1454 714 1534 778 9°;
1575 732 1593 765 ι
1631 714 1722 782 qui
1771 714 1904 769 solis
1963 714 2096 769 oriri

535 802 738 856 dicitur
755 802 1072 858 timentibus
1101 818 1300 858 nomen
1334 801 1514 859 Patris
1543 805 1695 874 ejus;
1748 805 1907 875 cujus
1945 820 2100 859 ocea-

534 905 656 947 sum
692 893 799 956 bis,
834 892 927 962 qui
964 908 1073 948 non
1100 893 1235 947 tales
1267 900 1448 956 erunt,
1477 894 1714 948 minatur
1742 895 1827 949 his
1870 895 2050 949 verbis
2080 911 2092 946 :

539 1000 561 1035 α
591 984 886 1040 Occumbet
908 984 990 1038 sol
1015 1000 1180 1054 super
1207 984 1500 1054 prophetas
1540 986 1800 1056 pepulum
1838 993 2016 1040 meum
2041 986 2095 1040 in

531 1091 778 1132 errorem
807 1075 1131 1130 inducentes
1152 1077 1220 1130 ⁹¹.
1255 1096 1274 1128 ι

600 1251 727 1308 Haec
756 1252 974 1321 quidem
1003 1268 1032 1307 e
1059 1253 1349 1308 duodecim
1396 1253 1675 1325 prophetis
1704 1269 1716 1304 :
1747 1269 1871 1308 cum
1915 1262 2092 1309 autem

529 1342 685 1400 Isaize
733 1345 1070 1410 testimonia,
1121 1360 1353 1416 quorum
1413 1362 1645 1416 magnus
1665 1357 1753 1402 est
1809 1362 2092 1412 numerus,

532 1437 795 1509 peculiari
816 1437 952 1492 libro
979 1444 1212 1491 tractare
1235 1437 1391 1491 nobis
1417 1440 1756 1507 propositum
1794 1445 1900 1503 est,
1936 1439 2094 1493 nobis

474 1559 481 1574 ι
530 1529 894 1585 liceatordine
922 1530 1140 1584 inverso
1169 1537 1489 1584 caeterorum
1514 1545 1834 1601 magnorum
1859 1532 2095 1601 prophe-

532 1630 707 1676 tarum
745 1619 1066 1674 documenta
1107 1619 1389 1690 indagare.

1049 1729 1280 1786 CAPUT
1327 1731 1563 1787 XXXIII.

1140 1839 1190 1894 E
1217 1840 1471 1895 Ieremia.

603 1972 622 2006 ι
653 1953 732 2008 Tu
759 1960 936 2009 autem
961 1993 976 2018 ,
1014 1952 1262 2018 Domine,
1297 1953 1682 2009 demonstrasti
1713 1955 1865 2019 milii,
1905 1962 1959 2010 et
1997 1971 2083 2009 (τοι
2129 1931 2168 1984 Β

525 2047 684 2117 gnovi
717 2064 731 2100 :
774 2054 906 2100 tunc
943 2045 1232 2100 ostendisti
1260 2044 1394 2098 mihi
1422 2045 1603 2100 studia
1639 2061 1850 2101 eorum.
1885 2045 1950 2100 Et
1993 2063 2092 2118 ego

523 2137 683 2209 quasi
710 2152 882 2209 agnus
913 2143 1254 2201 mansuetus,
1280 2136 1372 2207 qui
1406 2147 1658 2207 portatur
1686 2139 1753 2192 ad
1775 2139 2046 2192 victimam
2073 2158 2086 2195 ε

522 2235 577 2283 et
610 2244 720 2283 non
745 2229 974 2296 cognovi
1003 2228 1130 2297 quia
1152 2229 1528 2297 cogitaverunt
1559 2243 1725 2298 super
1771 2245 1855 2284 me
1901 2233 2087 2285 consi-

520 2317 594 2373 lia
622 2319 864 2374 dicentes
899 2338 910 2372 :
941 2316 1217 2374 Mittamus
1271 2319 1477 2390 lignum
1523 2319 1578 2372 in
1628 2336 1819 2391 panem
1871 2321 1992 2392 ejus
2036 2331 2089 2377 et

520 2412 814 2468 erodamus
842 2428 964 2468 eum
995 2411 1061 2466 de
1091 2419 1236 2466 terra
1268 2411 1589 2474 viventium,
1629 2421 1682 2467 et
1731 2428 1930 2469 nomen
1971 2414 2089 2482 ejus

519 2519 630 2559 non
666 2515 996 2559 memoretur
1023 2503 1342 2574 amplius".
1387 2523 1407 2555 ι
1448 2501 1712 2558 Dominus
1735 2502 2091 2576 Salvatorque

519 2604 706 2650 noster
754 2593 913 2651 Jesus
973 2592 1248 2660 Christus,
1293 2595 1450 2664 juxta
1502 2594 1655 2650 Isaia:
1706 2597 2085 2666 prophetiam,

525 2705 544 2738 ι
585 2683 740 2741 Sicut
781 2688 899 2741 ovis
951 2685 1020 2740 ad
1066 2687 1400 2742 occisionem
1448 2687 1649 2742 ductus
1689 2697 1794 2751 est,
1835 2695 1888 2743 et
1927 2690 2084 2758 quasi

518 2793 691 2848 agnus
733 2793 917 2833 coram
968 2777 1226 2833 tondente
1275 2794 1333 2834 se
1378 2779 1749 2847 obmutuit”;
1789 2799 1807 2831 ι
1843 2788 1896 2835 et
1931 2781 2087 2850 juxta

517 2868 664 2921 illam
701 2885 820 2939 qum
860 2870 1015 2923 nobis
1047 2870 1104 2923 in
1137 2885 1301 2923 manu
1332 2880 1438 2934 est,
1474 2890 1492 2921 ε
1524 2874 1682 2942 quasi
1729 2888 1902 2943 agnus
1935 2889 2088 2927 man-

517 2966 708 3014 suetus
737 2961 828 3029 qui
855 2968 1105 3030 portatur
1137 2960 1206 3014 ad
1243 2962 1520 3016 victimam
1550 2966 1794 3019 nescius.
1828 2986 1845 3016 ι
1896 2964 2087 3021 Passio

515 3057 571 3104 et
600 3065 730 3104 crux
748 3052 865 3121 ejus
890 3052 1118 3105 indicari
1149 3060 1378 3122 possunt
1400 3053 1484 3108 his
1511 3055 1690 3110 verbis
1719 3075 1729 3108 :
1757 3073 1774 3105 ι
1810 3054 2087 3138 Mittamus

516 3141 724 3213 lignum
768 3144 822 3197 in
867 3160 1058 3215 panem
1091 3147 1211 3215 ejus
1239 3154 1293 3200 et
1321 3145 1613 3202 erodamus
1661 3163 1786 3202 eum
1827 3148 1895 3203 de
1944 3157 2084 3203 terra
2121 3152 2126 3157 ’

2200 618 2384 681 ’Ἥλιος
2411 615 2754 686 δικαιοσύνης
2775 613 2833 666 τὸ
2863 633 2882 665 ‹
2917 613 3030 683 φῶς
3055 615 3200 665 ἐστιν
3221 612 3282 665 τὸ
3307 610 3556 681 ἀληθινὸν
3584 610 3644 663 τὸ
3668 629 3764 682 φω-

2195 710 2340 775 τίζον
2374 712 2549 764 πάντα
2582 709 2867 780 ἄνθρωπον
2907 706 3199 778 ἐρχόμενον
3243 707 3325 768 είς
3365 705 3457 757 τὸν
3490 704 3715 774 κόσμον·
3742 726 3759 757 ι

2196 803 2252 864 ὃς
2298 802 2478 872 μόνοις
2535 800 2844 854 ἀνατέλλειν
2896 797 3110 869 εἴρηται
3150 799 3262 859 τοῖς
3291 794 3670 866 ,φοϐουμένοις
3714 796 3764 847 τὺ

2195 895 2362 966 ὄνομα
2391 894 2481 948 τοῦ
2518 893 2726 963 Πατρδς
2769 890 2934 946 αὐτοῦ
2955 907 2966 920 ο
3001 892 3112 952 τοῖς
3152 887 3344 959 γάρτοι
3409 886 3484 957 μὴ
3519 885 3762 948 τοιούτοις

2195 982 2447 1036 δύσεσθαι
2490 983 2722 1046 ἀπειλεῖ,
2763 980 2906 1034 κατά
2936 978 3020 1033 τὸ·
3049 977 3109 1049 (Γ.
3144 977 3233 1044 55)
3268 997 3286 1027 ‹
3322 976 3432 1029 Καὶ
3487 974 3699 1028 δύσεται
3738 978 3760 1027 6

2195 1075 2347 1144 ἣλιος
2381 1075 2474 1127 ἐπὶ
2517 1077 2640 1136 τοὺς
2676 1074 2956 1144 προφήτας
3000 1072 3126 1131 τοὺς
3175 1067 3491 1130 πλανῶν-τας
3519 1066 3612 1118 τὸν
3650 1065 3759 1119 λαόν

2200 1183 2322 1236 μου.
2366 1185 2384 1216 ι
2410 1164 2464 1218 ἐν
2498 1183 2602 1217 τινι
2625 1165 2731 1217 τῶν
2763 1162 3054 1234 προφητῶν
3093 1159 3402 1232 εἰρημένον.

2266 1254 2451 1309 Ταῦτα
2495 1256 2592 1325 μὲν
2626 1255 2693 1308 τὰ
2739 1253 2844 1326 ἀπὸ
2888 1252 2998 1305 τῶν
3037 1250 3243 1303 δώδεκα
3291 1245 3618 1317 προφητῶν·
3661 1244 3759 1300 ἀλλ’

2196 1345 2318 1397 ἐπεὶ
2353 1345 2420 1400 τά
2469 1348 2534 1398 ἐκ
2563 1345 2654 1398 τοῦ
2697 1344 2918 1397 Ἡσαΐου
2947 1343 3034 1397 διὰ
3070 1342 3129 1396 τὸ
3161 1340 3359 1410 πλῆθος
3407 1341 3466 1391 ἐν
3506 1337 3618 1407 ἰδίῳ
3648 1353 3760 1403 συγ-

2196 1437 2481 1507 γράμματι
2535 1435 2843 1508 περιλαϐεῖν
2890 1437 3020 1506 ἡμῖν
3071 1435 3376 1504 πρόκειται,
3431 1431 3566 1502 φέρε
3615 1447 3759 1499 μετα-

2196 1526 2388 1590 ϐάντες
2419 1528 2486 1581 τά
2519 1528 2626 1580 ἀπὸ
2657 1528 2764 1580 τῶν
2807 1526 3008 1581 λοιπῶν
3043 1524 3292 1596 μεγάλων
3321 1521 3616 1596 προφητῶν
3651 1522 3757 1573 ἐπι-

2197 1619 2542 1691 σκεψώμεθα.

2701 1733 3096 1786 ΚΕΦΑΛΑΙΟΝ
3121 1732 3238 1784 ΛΡ.

2692 1846 2786 1899 Ἐκ
2824 1845 2930 1898 τοῦ
2975 1844 3278 1913 Ἰερεμίου.

2269 1983 2288 2016 ‹
2330 1962 2524 2035 Κύριε,
2559 1957 2824 2029 γνώρισόν
2852 1973 2960 2025 μοι,
3002 1955 3095 2006 καὶ
3122 1952 3436 2022 γνώσομαι·
3483 1952 3605 2005 τότε
3637 1947 3766 2005 εἶδον

2191 2055 2260 2110 τά
2279 2051 2684 2124 ἐπιτηδεύματα
2711 2047 2910 2100 αὐτῶν.
2947 2043 3086 2113 Ἐγὼ
3107 2044 3181 2107 ὡς
3204 2043 3388 2114 ἀρνίον
3417 2042 3626 2096 ἄκακον
3650 2044 3766 2111 ἀγό-

2197 2165 2354 2218 μενον
2377 2145 2470 2198 τοῦ
2495 2140 2716 2196 θύεσθαι
2747 2141 2846 2192 ούκ
2875 2138 3043 2207 ἔγνων
3064 2154 3077 2167 ·
3107 2137 3194 2189 ἐπ’
3226 2137 3327 2206 ἐμὲ
3349 2136 3665 2204 ἐλογίσαντο
3691 2137 3766 2190 λέ-

2191 2253 2399 2306 γοντες·
2441 2233 2606 2287 Δεῦτε
2635 2233 2728 2285 καὶ
2759 2229 3081 2300 ἐμϐάλωμεν
3106 2227 3259 2294 ξύλον
3283 2227 3362 2291 είς
3392 2227 3559 2298 ἄρτον
3588 2225 3762 2287 αὐτοῦ,

2191 2331 2286 2383 καὶ
2319 2326 2662 2398 ἐκτρίψωμεν
2696 2321 2989 2384 ανῦτὸνκάπὺ
3013 2322 3112 2391 γῆς
3136 2319 3371 2385 ζώντων,
3400 2322 3498 2373 καὶ
3522 2321 3584 2374 τὸ
3610 2321 3765 2391 ὄνομα

2191 2418 2351 2473 αὐτοῦ
2383 2418 2444 2472 οὺ
2501 2416 2576 2486 μὴ
2623 2412 2832 2485 μνησθῇ
2882 2412 2981 2465 ἔτι.
3045 2431 3062 2463 i
3101 2411 3156 2464 Ὀ
3190 2410 3378 2482 Σωτὴρ
3421 2411 3520 2462 καὶ
3573 2411 3764 2483 Κύριος

2191 2509 2346 2580 ήμῶν
2381 2507 2584 2578 Ἰησοῦς
2616 2505 2846 2576 Χριστὸς
2874 2499 3060 2572 (xum
3088 2501 3186 2571 τὴν
3214 2501 3269 2552 ἐν
3299 2499 3376 2570 τῷ
3412 2501 3615 2571 Ἡσαΐᾳ
3643 2518 3762 2571 προο

2191 2602 2436 2672 φητείαν,
2473 2618 2493 2651 ι
2523 2600 2598 2664 ώς
2652 2597 2919 2669 πρόϐατον
2962 2594 3053 2646 ἐπὶ
3103 2593 3313 2664 σφαγὴν
3361 2593 3525 2664 ἢχθη,
3565 2594 3662 2647 καὶ
3697 2593 3762 2655 rb;

2190 2695 2358 2766 ἀμνὸς
2390 2692 2628 2746 ἐναντίον
2667 2689 2756 2743 τοῦ
2794 2689 3077 2760 κείραντος
3104 2687 3264 2740 αὐτὸν
3303 2686 3536 2756 ἄφωνος,
3584 2708 3603 2739 ι
3635 2686 3761 2740 κατὰ

2188 2788 2369 2856 δὲτὴν
2420 2784 2554 2856 μετά
2602 2786 2804 2855 χεῖρας,
2848 2799 2865 2832 ι
2905 2781 2978 2845 ώς
3025 2780 3210 2852 ἀρνίον
3254 2778 3456 2832 ἄκακον
3506 2779 3760 2848 arduam

2188 2879 2280 2933 τοῦ
2307 2878 2528 2932 θυέσθαι
2564 2879 2664 2929 ούκ
2697 2875 2866 2945 ἔγνων
2893 2892 2903 2903 ·
2945 2893 2961 2924 ι
2991 2875 3084 2926 καὶ
3125 2872 3182 2925 τὸ
3227 2872 3365 2924 κατὰ
3395 2871 3488 2925 τὸν
3539 2873 3759 2941 σταυρὸν

2187 2969 2242 3023 δὲ
2256 2969 2424 3033 πάθος
2450 2967 2612 3022 αὐτοῦ
2644 2967 2864 3020 δύναται.
2886 2963 3174 3036 δηλοῦσθαι
3206 2963 3293 3015 διὰ
3316 2962 3431 3016 τοῦ·
3459 2963 3652 3016 edat-ns
3673 2964 3758 3016 καὶ

2187 3058 2511 3130 ἐμϐάλωμεν
2562 3056 2713 3121 ξύλον
2756 3059 2834 3118 είς
2869 3055 3028 3125 ἄρτον
3071 3053 3234 3107 αύτοῦ
3283 3054 3378 3106 καὶ
3426 3053 3758 3124 ἐκτρίιῖννωμεν

2189 3150 2347 3205 αὑτὸν
2381 3150 2488 3203 ἀπὸ
2517 3149 2620 3218 γῆς
2665 3148 2878 3212 ζώντων
2903 3165 2916 3176 ’
2954 3146 3043 3199 καὶ
3077 3146 3137 3197 τὸ
3183 3145 3350 3215 ὄνομα
3398 3143 3562 3197 αὐτοῦ
3596 3146 3655 3196 ού
3689 3149 3757 3214 μὴ

515 3234 855 3302 viventium;
890 3243 944 3291 et
996 3253 1192 3293 nomen
1239 3238 1359 3307 ejus
1416 3253 1526 3292 non
1575 3247 1910 3294 memoretur
1966 3256 2083 3294 am-

2193 3245 2400 3316 μνησθῇ
2447 3245 2545 3297 ἐτι·
2590 3264 2607 3296 ι
2645 3244 2786 3315 ἅπερ
2813 3245 2876 3295 ἐκ
2899 3239 3188 3312 προσώπου
3229 3239 3476 3292 λέλεκται
3503 3238 3609 3290 τῶν
3645 3239 3756 3290 ἐπι-

515 3330 678 3400 plius.
719 3350 738 3384 ι
772 3328 902 3396 Quae
931 3333 1148 3402 quidem
1179 3348 1246 3386 ex
1279 3347 1516 3402 persona
1565 3333 1712 3388 dicta
1760 3343 1889 3388 sunt
1939 3334 2078 3388 insi~

513 3422 778 3478 diantium
810 3425 881 3480 ei.
918 3422 1130 3480 Etenim
1160 3427 1205 3480 si
1236 3441 1436 3496 corpus
1459 3426 1578 3496 ejus
1619 3427 1776 3497 panis
1817 3426 1938 3490 fuit,
1971 3428 2086 3482 sic-

514 3524 574 3570 ut
630 3517 748 3586 ipse
796 3517 1092 3587 discipulos
1118 3535 1249 3574 suos
1298 3519 1480 3582 docet,
1512 3518 1744 3575 dicens:
1787 3539 1805 3571 ι
1841 3519 2086 3590 Accipite

511 3614 566 3662 et
596 3608 882 3674 comedite,
921 3610 1022 3664 hoc
1051 3618 1134 3666 est
1168 3627 1369 3682 corpus
1393 3628 1575 3668 meum
1599 3613 1664 3678 ’³,
1711 3633 1727 3664 ›
1773 3613 1920 3683 ligno
1954 3629 2084 3669 vere

511 3697 839 3768 applicatum
870 3708 953 3754 est
980 3716 1077 3770 per
1113 3716 1355 3765 crucem,
1382 3703 1524 3757 unde
1555 3718 1662 3757 non
1693 3704 1966 3758 immerito
1999 3705 2084 3758 di-

510 3788 674 3852 citur,
709 3807 728 3840 ι
761 3788 1037 3845 Mittamus
1063 3791 1354 3866 lignumin
1393 3810 1586 3863 panem
1611 3794 1748 3862 ejus.
1799 3814 1816 3845 ι
1868 3798 1998 3861 Quae
2028 3797 2080 3850 in

510 3879 657 3934 hunc
686 3880 865 3936 locum
897 3881 1134 3936 diximus
1167 3883 1303 3937 nulli
1336 3893 1464 3940 sunt
1516 3885 1906 3954 impedimento
1947 3888 2080 3958 quin

509 3973 822 4046 accuratius
849 3975 1270 4044 contempletur.

1033 4086 1262 4143 CAPUT
1288 4089 1526 4145 XXXIV.

1139 4197 1220 4250 Ex
1243 4199 1443 4254 eodem.

581 4329 602 4364 ι
639 4311 852 4382 Reliqui
904 4311 1128 4369 domum
1183 4330 1402 4380 meam,
1456 4316 1637 4371 dimisi
1702 4316 2074 4373 haereditatem

503 4419 682 4459 meam
719 4424 734 4458 :
769 4403 891 4459 dedi
915 4405 1170 4460 dilectam
1201 4409 1437 4461 animam
1468 4423 1642 4462 meam
1689 4409 1742 4463 in
1782 4425 1943 4464 manu
1973 4412 2076 4464 ini-

501 4496 766 4550 micorum
793 4497 934 4566 ejus.
978 4497 1142 4553 Facta
1171 4507 1254 4554 est
1280 4500 1410 4553 mihi
1437 4500 1726 4557 hereditas
1762 4518 1882 4556 mea
1915 4503 2074 4573 quasi

502 4586 587 4640 leo
609 4587 666 4641 in
695 4587 831 4641 silva
870 4607 882 4642 :
916 4588 1066 4644 dedit
1112 4601 1303 4644 contra
1336 4607 1421 4646 me
1468 4607 1690 4658 vocem,
1749 4594 1871 4649 ideo
1926 4595 2070 4650 odivi

2189 3335 2590 3389 ϐουλευσάντων
2618 3333 2786 3404 αύτῷ.
2822 3335 2883 3386 Εἰ
2912 3331 3020 3403 γὰρ
3043 3331 3105 3401 δὴ
3129 3331 3188 3383 τὸ
3225 3331 3378 3401 σῶμα
3408 3328 3570 3382 αὐτοῦ
3605 3330 3757 3398 ἄρτος

2187 3421 2274 3498 ἦν,
2302 3428 2377 3490 ὼς
2424 3427 2585 3490 αὐτὸς
2623 3425 2861 3478 διδάσκει
2920 3424 3057 3494 πρὸς
3100 3423 3224 3484 τοὺς
3273 3421 3520 3492 μαθητὰς
3570 3421 3756 3488 λέγων,

2193 3540 2211 3570 ι
2245 3519 2472 3582 Λάϐετε,
2511 3520 2733 3588 φάγετε,
2760 3516 2917 3570 τοῦτό
2955 3519 3076 3568 ἐστι
3107 3515 3167 3567 τὸ
3204 3514 3360 3584 σῶμά
3393 3531 3520 3584 μου,
3559 3534 3578 3564 ι
3608 3512 3756 3566 τοῦτο

2184 3613 2228 3666 δ’
2257 3609 2325 3684 ἧν
2355 3613 2414 3666 τὸ
2447 3613 2582 3683 πρὸς
2624 3610 2701 3681 τῷ
2730 3608 2868 3679 ξύλῳ
2899 3607 3042 3661 κατά
3073 3608 3161 3661 τὸν
3209 3606 3441 3677 σταυρὸν
3487 3607 3757 3676 δειγματί-

2187 3703 2330 3768 σθὲν,
2361 3702 2487 3774 περὶ
2515 3700 2678 3753 αὑτοῦ
2712 3699 2906 3767 λέγοιτ’
2949 3697 3014 3749 ἂν
3049 3695 3272 3757 εἰκότως
3298 3693 3380 3756 τὸ,
3413 3713 3430 3744 ι
3474 3693 3637 3746 Δεῦτε
3663 3692 3753 3745 καὶ

2184 3794 2509 3866 ἐμϐάλωμεν
2537 3791 2689 3856 ξύλον
2719 3793 2797 3853 εἰς
2831 3790 2992 3861 ἄρτον
3024 3786 3188 3841 αύτοῦ
3209 3805 3222 3816 ⁸
3263 3807 3280 3837 ι
3313 3787 3358 3839 εί
3391 3787 3446 3839 δὲ
3476 3786 3569 3837 καὶ
3600 3783 3752 3854 βαθύ⁶

2181 3888 2345 3957 τέρας
2369 3884 2542 3955 ἔχοιτο
2574 3881 2804 3954 θεωρίας
2833 3881 2900 3932 τὰ
2939 3878 3076 3932 κατά
3107 3877 3197 3931 τὸν
3231 3877 3415 3942 τόπον,
3438 3877 3592 3929 οὐδὲν

2184 3981 2356 4030 ἐκεῖνο
2384 3976 2542 4028 λυπεῖ
2575 3973 2753 4026 καὶτὰ
2782 3972 3062 4043 εἰρημένα.

2704 4083 3097 4138 ΚΕΦΑΛΑΙΟΝ
3131 4084 3251 4136 ΛΔν.

2797 4198 2910 4252 Τοῦ
2939 4197 3144 4251 αὑτοῦ.

2254 4335 2272 4366 ‹
2324 4313 2783 4384 Ἐγκαταλέλοιπα
2812 4313 2901 4365 τὸν
2933 4307 3076 4365 οἶκόν
3117 4326 3236 4379 μου,
3268 4309 3456 4378 ἀφῆκα
3495 4309 3591 4377 τὴν
3621 4309 3741 4376 κληο

2180 4410 2432 4481 ρονομίαν
2461 4425 2584 4476 μου,
2619 4406 2794 4458 ἔδωκα
2826 4405 2924 4474 τὴν
2953 4402 3311 4473 ἠγαπημένην
3330 4401 3512 4470 ψυχήν
3545 4418 3641 4471 μου
3668 4417 3745 4461 εις

2177 4504 2363 4574 χεῖρας
2387 4499 2594 4570 ἐχθρῶν
2611 4497 2801 4566 αὐτῆς.
2835 4495 3092 4566 Ἑγενήθη
3119 4507 3151 4564 η
3173 4493 3502 4564 κληρονομία
3517 4511 3615 4563 μου
3631 4494 3744 4555 ἐμοὶ

2178 4592 2253 4654 ὡς
2278 4591 2412 4645 λέων
2439 4592 2495 4642 ἐν
2519 4589 2728 4660 δρυμῷ,
2757 4587 2951 4640 ἔδωκεν
2979 4589 3066 4638 ἐπ’
3094 4586 3192 4656 ἐμὲ
3227 4586 3410 4655 φωνὴν
3450 4587 3640 4651 αὐτῆς.
3661 4584 3745 4637 διὰ

496 4692 642 4731 eam.
680 4677 936 4748 Nunquid
969 4681 1085 4736 avis
1141 4680 1381 4737 discolor
1405 4684 1692 4740 haereditas
1735 4701 1854 4740 mea
1900 4686 2076 4740 mihi?

2188 4684 2331 4738 τοῦτο
2361 4683 2597 4754 ἐμίσησα
2628 4682 2815 4752 αὑτήν.
2857 4679 2948 4749 Μὴ
2983 4677 3242 4747 σπήλαιον
3272 4678 3461 4748 ὑαίνης
3490 4680 3522 4748 ἠ
3552 4685 3743 4747 κληρο-

501 4770 749 4840 nunquid
795 4773 911 4826 avis
941 4772 1112 4826 tincta
1143 4790 1240 4844 per
1264 4776 1482 4829 totum?
1515 4775 1706 4833 Venite
1728 4819 1743 4840 ,
1772 4793 2072 4850 congrega-

498 4859 630 4914 tnini
675 4875 865 4916 omnes
904 4863 1093 4916 bestiae
1140 4870 1319 4926 terrae,
1358 4875 1645 4934 properate
1686 4867 1754 4921 ad
1797 4869 2068 4924 devoran-

493 4950 648 5010 dum.
680 4953 933 5009 Pastores
962 4956 1119 5009 multi
1152 4955 1393 5010 demoliti
1430 4965 1559 5012 sunt
1589 4959 1800 5013 vineam
1851 4976 2026 5015 meam
2049 5001 2064 5025 ,

495 5043 956 5098 conculcaverunt
1006 5051 1212 5113 partem
1271 5059 1445 5098 meam
1483 5063 1496 5098 :
1540 5045 1809 5100 dederunt
1857 5050 2066 5117 portio-

497 5146 618 5184 nem
654 5147 828 5186 meam
862 5131 1272 5188 desiderabilem
1321 5135 1376 5187 in
1414 5134 1688 5190 desertum
1725 5138 2059 5194 solitudinis.

494 5219 800 5278 Posuerunt
824 5239 942 5277 eam
967 5225 1021 5276 in
1042 5225 1475 5294 dissipationem,
1496 5227 1738 5299 luxitque
1766 5246 1932 5300 super
1953 5248 2057 5288 me.

493 5315 837 5372 Desolatione
865 5316 1106 5371 desolata
1139 5325 1223 5372 est
1267 5319 1447 5374 omnis
1478 5328 1644 5384 terra,
1696 5323 1824 5392 quia
1874 5325 2061 5380 nullus

492 5417 577 5463 cst
622 5409 714 5478 qui
759 5409 1026 5479 recogitet
1077 5409 1241 5465 corde
1268 5411 1336 5463 ⁸³.
1377 5429 1396 5464 ι
1432 5411 1662 5468 Videtur
1717 5414 1896 5470 audiri
1953 5415 2060 5470 Do-

493 5499 624 5552 mini
657 5497 1065 5568 Salvatorisque
1093 5502 1262 5557 nostri
1290 5518 1414 5568 vox,
1439 5503 1506 5558 de
1530 5505 1731 5575 templo
1753 5505 2055 5563 Jerusalem

491 5589 719 5644 dicens:
758 5608 776 5642 ι
816 5589 1027 5662 Reliqui
1078 5594 1299 5650 domum
1364 5613 1561 5653 meam.
1600 5618 1618 5652 ι
1656 5598 1720 5652 Ει
1771 5600 1836 5654 de
1876 5602 2059 5671 priore

561 5766 606 5795 ⁸⁸
643 5766 970 5847 Malm-131m.
1007 5770 1061 5824 ‘2.
1178 5776 1239 5847 ξ’
1263 5773 1420 5832 Joan.
1461 5796 1499 5847 ι,
1536 5781 1588 5836 9.

490 5853 636 5902 an",
667 5838 751 5890 κθ.
831 5841 873 5872 ’⁵
908 5839 1016 5893 Jer.
1047 5859 1146 5906 xu,
1176 5845 1328 5899 7-H.

1708 5783 1749 5815 "
1781 5782 1942 5838 Mieli.
1985 5800 2063 5848 lll,
2093 5784 2143 5839 6.

2176 4777 2338 4847 νομία
2371 4792 2471 4846 μου
2507 4774 2702 4844 ἐμοὶ,ἢ
2738 4771 3000 4842 σπήλαιον
3033 4769 3215 4840 κύκλῳ
3240 4770 3405 4840 αὐτῆς
3427 4786 3441 4831 ;
3466 4770 3740 4828 Βαδίσατε.

2177 4869 2509 4937 συναγάγετε
2539 4867 2713 4920 πάντα
2743 4865 2812 4918 τὰ
2857 4863 3020 4934 θηρία
3044 4861 3138 4914 τοῦ
3170 4861 3358 4932 ἀγροῦ,
3391 4863 3486 4913 καὶ
3521 4861 3741 4913 ἐλθέτω-

2177 4978 2273 5014 σαν
2308 4960 2403 5013 τοῦ
2447 4961 2640 5027 φαγεῖν
2684 4957 2875 5026 αὐτήν.
2912 4954 3175 5024 Ποιμένες
3214 4953 3397 5005 πολλοὶ
3440 4952 3742 5021 διέφθειραν

2174 5050 2262 5105 τὸν
2289 5049 2586 5121 ἀμπελῶνα
2610 5064 2730 5119 μου,
2758 5045 3022 5116 ἐμόλυναν
3051 5043 3148 5115 τὴν
3180 5043 3372 5115 μερίδα
3394 5062 3513 5117 μου,
3536 5043 3741 5096 ἔδωκαν

2171 5141 2360 5212 μερίδα
2400 5138 2744 5211 ἐπιθυμητὴν
2776 5139 2854 5199 εις
2887 5136 3091 5206 ἔρημον
3132 5135 3350 5200 ἄϐατον,
3393 5134 3617 5206 ἐγενήθη
3657 5135 3740 5195 εἰς

2165 5233 2467 5303 ἀφανισμὸν
2512 5231 2818 5292 ἀπωλείας·
2864 5228 2930 5281 δι’
2974 5228 3074 5298 ἐμὲ
3128 5227 3420 5297 ἀφανισμῷ
3469 5224 3734 5296 ἠφανίσθη

2164 5325 2312 5377 πᾶσα
2338 5326 2370 5394 ἡ
2393 5324 2484 5393 γῆ,
2506 5323 2587 5375 ὅτι
2619 5322 2715 5374 οὐκ
2743 5321 2889 5372 ἐστιν
2923 5318 3062 5388 ἀνὴρ
3080 5316 3361 5388 τιθέμενος
3384 5322 3443 5372 ὲν
3471 5319 3681 5391 καρδίᾳ.
3710 5338 3728 5365 ι

2167 5419 2348 5470 Ἐοικε
2375 5415 2466 5470 τοῦ
2496 5415 2701 5486 Κυρίου
2724 5413 2819 5469 καὶ
2839 5413 3090 5484 Σωτῆρος
3120 5411 3274 5483 ήμῶν
3304 5408 3439 5464 εἶναι
3470 5411 3614 5480 φωνὴ
3636 5414 3734 5462 καὶ

2163 5511 2196 5580 ἡ
2230 5509 2514 5578 φάσκουσα
2565 5509 2692 5578 περὶ
2739 5505 2836 5577 μὲν
2880 5503 2974 5558 τοῦ
3019 5506 3076 5558 ἐν
3116 5503 3462 5576 Ἰερουσαλὴμ
3492 5502 3592 5556 νεὼ
3629 5504 3728 5566 τὸ,

2170 5619 2189 5655 ι
2229 5600 2658 5670 ἐγκαταλέλοιπα
2699 5599 2788 5652 τὸν
2821 5593 2970 5650 οἶκόν
3006 5613 3131 5667 μου,
3166 5616 3184 5650 ι
3224 5597 3348 5667 περὶ
3377 5596 3433 5649 δὲ
3475 5597 3567 5666 τῆς
3595 5610 3732 5667 προ-

2259 5785 2302 5816 ⁹²
2331 5782 2528 5838 .lerem.
2566 5797 2640 5849 ιι,
2679 5781 2876 5850 18,19.
2951 5781 2998 5816 ³³
3025 5778 3127 5836 lsa.
3161 5793 3278 5844 Lm,
3331 5779 3379 5833 7.
3459 5780 3502 5811 ’δ
3535 5774 3721 5830 Matth.
