3974 6496
179 419 316 474 1161

1214 412 1509 471 Εϐωϐιε
1547 405 2033 467 ΡΒΟΡΗΕΤΙΟΑΞ.
2062 440 2132 450 --
2164 407 2294 464 LIB.
2331 409 2373 463 1.

3301 411 3441 464 1162

170 542 338 622 τέρας
387 537 737 610 Συναγωγῆς,
776 537 810 609 ἡ
860 537 954 590 καὶ
990 534 1145 606 μερίς
1187 551 1315 588 ποτε
1360 534 1452 587 καὶ
1487 532 1549 603 (1⁵.
1579 532 1650 587 35
1683 530 1758 604 ν’)

1880 526 2174 601 Synagoga,
2201 547 2324 602 quae
2361 546 2602 604 unquam
2631 547 2758 604 pars
2789 540 2844 589 et
2897 531 3174 590 funiculus
3205 533 3440 588 haeredi-

173 633 464 704 σχοίνισμα
507 629 872 702 κληρονομίας
913 627 1075 682 αὐτοῦ
1107 627 1348 696 γέγονεν,
1384 627 1462 688 τὸ,
1505 645 1521 674 ι
1546 623 1762 694 Ἀφῆκα

169 724 271 795 τὴν
305 721 670 794 κληρονομίαν
704 738 826 792 μου,
863 740 880 772 ι
915 719 1057 773 κατὰ
1083 718 1161 783 τὸ,
1199 737 1216 768 ι
1248 717 1484 780 Ποσὰκις
1519 715 1761 787 ἠθέλησα

171 818 600 884 ἐπισυναγαγεῖν
620 813 686 867 τὰ
718 812 883 866 τέκνα
918 829 1030 874 σου,
1061 810 1118 864 ὃν
1147 810 1347 882 τρόπον
1380 809 1527 880 ὅρνις
1551 810 1766 860 ὲπισυν-

171 907 296 976 ἀγει
345 906 414 959 τὰ
456 904 642 958 νοσσία
682 904 849 974 αὐτῆς
901 902 1004 954 ὑπὸ
1053 901 1152 964 τὰς
1204 901 1499 972 πτέρυγας,
1539 899 1633 952 καὶ
1663 899 1764 952 οὐκ

168 998 477 1069 ἠθελήσατε
497 1015 508 1028 ·
547 995 676 1049 Ἰδοὺ
698 995 915 1066 ἀφίεται
941 995 1067 1064 ὑμῖν
1091 995 1118 1044 ὁ
1139 989 1286 1056 οἶκος
1314 991 1466 1063 ὑμῶν
1489 991 1710 1063 ἕρημος.
1739 1009 1757 1041 ι

168 1090 344 1152 Αὐτὸς
374 1090 418 1142 δ’
447 1089 474 1140 ὁ
524 1087 691 1140 εἰπὼν
732 1105 751 1137 ι
789 1085 978 1148 Οὐδεὶς
1015 1085 1156 1155 αἴρει
1183 1085 1280 1153 τὴν
1328 1084 1504 1154 ψυχήν
1543 1100 1640 1154 μου
1668 1081 1763 1135 ἀπ’

167 1181 328 1253 ὲμοῦο
376 1181 622 1247 ἐξουσίαν
671 1178 780 1250 ἔχω
825 1177 994 1231 Θεῖναι
1047 1177 1236 1249 αὐτὴν,
1281 1197 1299 1228 ι
1341 1177 1505 1247 φησὶν
1537 1176 1628 1228 καὶ
1680 1176 1761 1240 τὸ,

172 1293 192 1328 ι
206 1275 428 1328 Ἔδωκα
443 1274 539 1345 τὴν
558 1277 742 1343 ἡγαπη
753 1271 916 1342 μένην
931 1272 1107 1342 ψυχήν
1127 1289 1226 1342 μου
1251 1271 1330 1334 είς
1345 1273 1532 1342 χεῖρας
1557 1268 1764 1341 ἐχθρῶν

169 1370 366 1439 αὐτῆς.
403 1387 420 1418 ι
453 1365 639 1436 Τούτῳ
669 1367 725 1418 δὲ
766 1365 858 1417 καὶ
901 1363 1132 1434 ἑγενὴθη
1167 1365 1198 1434 ἡ
1234 1363 1474 1433 προτέρα
1505 1361 1765 1433 κληρονο-

171 1463 274 1534 μία
299 1462 377 1525 ὡς
403 1461 539 1514 λέων
565 1462 623 1512 ἐν
651 1458 843 1530 δρυμῷ
865 1473 876 1486 ·
909 1455 1108 1508 ἔδωκέν
1139 1472 1196 1506 τε
1222 1455 1305 1507 ἐπ’
1338 1454 1500 1506 αὑτὸν
1531 1453 1630 1522 τὴν
1657 1469 1767 1520 φω-

166 1555 269 1627 νὴν
311 1554 506 1624 αὐτῆς,
557 1553 794 1622 ὁπηνίκα
851 1548 1184 1620 παραδόντες
1228 1546 1390 1600 αὑτὸν
1431 1544 1508 1615 τῷ
1551 1543 1767 1614 Πιλὰτῳ

169 1646 500 1716 ὲστὴκεισαν
522 1640 954 1712 κατηγοροῦντες
980 1637 1144 1692 αὐτοῦ
1175 1639 1270 1692 καὶ
1295 1637 1571 1708 μονονουχὶ
1603 1635 1768 1705 βοῶν·

167 1753 282 1799 τες,
327 1754 346 1785 ι
379 1731 532 1802 Αἶρε,
557 1731 696 1804 αἶρε,
737 1730 970 1802 σταύρου
1004 1730 1165 1783 αὐτόν
1187 1746 1199 1761 ο
1238 1749 1256 1781 ι
1291 1727 1379 1781 διὰ
1402 1727 1560 1780 τοῦτο
1587 1726 1644 1779 δέ
1667 1742 1769 1796 φη-

171 1843 278 1890 σιν,
338 1845 356 1876 ι
381 1823 654 1893 Ἐμίοησα
686 1820 878 1892 αὐτὴν.
921 1839 939 1871 ι
978 1819 1067 1872 διὰ
1111 1818 1178 1871 τὰ
1223 1817 1412 1888 μίσους
1439 1815 1564 1882 ἄξια
1591 1813 1760 1883 αὐτῆς

1871 624 2001 679 tatis
2029 624 2149 694 ejus
2173 622 2313 680 facta
2341 631 2446 689 est,
2478 641 2496 676 ι
2541 623 2728 681 Dimisi
2764 625 3134 681 [nereditatem
3166 641 3368 690 meam,
3418 645 3438 678 ι

1865 714 2021 786 juxta
2053 716 2182 770 illud
2217 736 2230 770 :
2270 735 2290 770 ι
2328 716 2553 784 Quoties
2590 717 2738 772 volui
2763 731 3096 790 congregare
3125 717 3266 774 ﬁlios
3292 725 3440 781 tuos,

1869 811 2326 881 quemadmodum
2385 811 2502 866 avis
2547 809 2735 865 nidum
2778 826 2938 866 suum
2985 810 3089 865 sub
3135 810 3352 880 pennis,
3391 820 3445 866 et

1869 902 2134 958 noluisti!
2171 903 2312 958 Ecce
2341 903 2680 973 relinquetur
2711 902 2867 958 vobis
2896 903 3092 957 demus
3135 910 3318 958 vestra
3350 901 3445 959 de-

1873 994 2096 1049 serta".
2136 1014 2153 1046 ι
2195 992 2315 1064 lpse
2337 1001 2518 1049 autem
2549 995 2686 1048 dixit
2719 1013 2733 1049 :
2767 1013 2786 1045 ι
2820 994 2988 1051 Nemo
3014 995 3157 1050 tollit
3204 997 3441 1050 animam

1873 1099 2082 1151 meam;
2115 1093 2440 1156 potestatem
2493 1085 2665 1140 habeo
2711 1101 2914 1156 ponere
2965 1087 3187 1154 eam”;
3225 1107 3242 1139 ι
3281 1095 3446 1158 atque

1874 1175 2046 1230 illud:
2093 1195 2112 1227 ι
2154 1175 2283 1230 Dedi
2324 1177 2575 1232 dilectam
2607 1178 2844 1234 animam
2877 1195 3050 1234 meam
3100 1181 3154 1234 in
3191 1180 3445 1236 manibus

1874 1269 2218 1323 inimicorum
2243 1269 2384 1336 ejus.
2412 1289 2430 1321 ι
2467 1269 2605 1324 Huic
2630 1287 2759 1326 vero
2787 1272 2925 1326 facta
2956 1279 3038 1328 est
3052 1275 3199 1343 prior
3214 1273 3446 1328 Incredi—

1876 1368 1960 1414 tas
1989 1361 2145 1431 quasi
2175 1361 2260 1415 leo
2289 1363 2342 1414 in
2368 1363 2526 1418 silva.
2555 1362 2707 1417 Dedit
2732 1373 2919 1418 contra
2941 1382 3064 1419 eum
3086 1381 3270 1420 vocem
3302 1366 3442 1434 ejus,

1874 1464 1998 1503 cum
2049 1451 2330 1507 tradentes
2359 1468 2482 1507 eum
2509 1451 2686 1508 Pilato
2720 1454 3084 1519 adduxerunt,
3121 1465 3445 1512 accusantes

1872 1542 2348 1616 vociferantcsque
2377 1547 2755 1602 tantummodo
2793 1568 2805 1603 :
2839 1568 2858 1599 ι
2889 1547 3065 1610 Tolle,
3089 1551 3239 1616 tolle,
3267 1551 3447 1605 cruci-

1877 1638 1977 1708 fige
2004 1653 2129 1692 eum
2147 1638 2227 1704 ”;
2263 1657 2280 1690 ι
2307 1649 2642 1710 quapropter
2664 1641 2772 1696 ait:
2801 1663 2818 1694 ι
2845 1641 2998 1698 Odivi
3022 1659 3163 1710 eam,
3197 1665 3215 1696 ι
3241 1645 3310 1700 ob
3325 1646 3446 1714 ejus

1875 1742 2038 1798 opera
2070 1729 2194 1784 odio
2225 1730 2412 1800 digna,
2448 1741 2499 1787 et
2527 1735 2670 1802 quod
2707 1734 2843 1788 nihil
2877 1735 2930 1789 in
2973 1751 3095 1790 eum
3142 1750 3329 1791 amore
3365 1737 3448 1791 di-

1877 1834 2041 1889 gnum
2093 1822 2465 1879 ostenderant.
2513 1827 2643 1890 Quae
2678 1842 2804 1881 vero
2857 1835 3182 1897 sequuntur,
3229 1835 3281 1883 et
3331 1828 3447 1883 haec

170 1917 332 1988 ἔργα,
367 1916 466 1968 καί
495 1914 582 1967 διὰ
624 1913 683 1966 τὸ
719 1911 885 1984 μηὸὲν
911 1912 992 1974 είς
1032 1909 1194 1963 αὑτὸν
1220 1908 1440 1979 ἀγάπης
1472 1904 1620 1972 ἄξιον
1653 1907 1773 1958 ἐπι-

1880 1913 2180 1981 praesertim
2216 1933 2227 1968 :
2267 1933 2286 1964 ι
2327 1913 2557 1986 Propter
2597 1933 2683 1973 me
2721 1918 3060 1974 desolatione
3089 1919 3331 1974 desolata
3362 1929 3448 1975 est

169 2004 485 2071 δείξασθαι·
514 2004 575 2056 τὸ
599 2002 642 2055 δ’
674 2000 818 2071 ἑξῆς,
845 2001 937 2054 καὶ
969 1997 1204 2070 μάλιστα
1227 1997 1310 2062 τὸ,
1339 2017 1359 2048 ι
1390 1996 1468 2074 Δι’
1499 1996 1598 2066 ἐμὲ
1624 1997 1766 2064 ἀφα-

1880 2014 2039 2069 Lerra,
2077 2025 2095 2056 ι
2131 2008 2424 2064 ostendere
2446 2010 2704 2064 videntur
2731 2011 2940 2082 antiqui
2973 2012 3157 2082 populi
3187 2027 3447 2067 consum-

170 2095 356 2167 νισμῷ
396 2093 670 2165 ἠφανίσθη
705 2095 854 2146 πᾶσα
886 2093 1036 2162 ἡγῆ,
1076 2110 1095 2142 ι
1128 2090 1302 2143 ἔοικεν
1327 2088 1520 2160 δηλοῦν
1549 2087 1646 2158 τὴν
1681 2085 1770 2141 διὰ

1880 2107 2072 2152 matam
2129 2108 2254 2169 post
2299 2098 2602 2158 Salvatoris
2652 2103 2992 2172 passionem,
3023 2104 3237 2158 ruinam
3285 2111 3447 2174 atque

171 2189 263 2241 τὸν
303 2188 534 2258 Σωτῆρα
563 2186 700 2257 μετὰ
730 2185 790 2238 τὸ
819 2185 987 2248 πάθος
1018 2182 1182 2238 αὐτοῦ
1229 2182 1438 2236 τελείαν
1472 2181 1770 2252 γενομένην

1880 2189 2697 2266 captivitatem,Jerusalemque
2729 2194 2786 2250 in
2837 2204 3156 2267 perpetuum
3198 2194 3449 2251 solitudiv

174 2279 382 2333 ἅλωσιν
411 2278 508 2330 καὶ
539 2275 916 2347 αἰχμαλωσίαν
946 2275 1040 2328 τοῦ
1075 2274 1344 2346 προτέρου
1369 2272 1525 2338 λαοῦ,
1552 2274 1646 2328 καὶ
1672 2273 1773 2344 τὴν
1871 2299 2016 2339 nem,

172 2373 254 2435 εἰς
287 2371 521 2441 ἔσχατον
545 2371 641 2440 τῆς
672 2367 1026 2440 Ἰερουσαλὴμ
1057 2369 1355 2438 ἐρήμωσιν.

695 2482 1096 2538 ΚΕΦΑΛΑΙΟΝ
1136 2483 1260 2536 ΛΕ¹.

806 2577 913 2631 Τοῦ
940 2576 1148 2631 αὐτοῦ.

254 2694 276 2728 ι
309 2675 509 2746 Κύριε,
541 2673 692 2745 ίσχύς
722 2691 820 2744 μου
844 2673 938 2726 καὶ
963 2671 1184 2743 βοηθεία
1215 2688 1337 2741 μου,
1366 2671 1460 2724 καὶ
1484 2669 1770 2740 καταφυγή

179 2783 284 2837 μου
315 2767 372 2818 ὲν
397 2765 580 2836 ἡμέρᾳ
608 2762 813 2817 κακῶν.
850 2762 992 2833 Πρὸς
1011 2762 1068 2815 σὲ
1095 2761 1222 2832 ἔθνη
1242 2761 1466 2832 ἥξουσιν
1496 2762 1591 2816 ἀπ’
1620 2761 1775 2832 ὲσχὰ-

175 2876 272 2911 του
311 2858 410 2928 τῆς
459 2857 581 2927 γῆς,
631 2855 1003 2926 καὶοὲροῦσιν,
1048 2854 1134 2918 Ὠς
1173 2845 1346 2926 ψευδῆ
1385 2855 1686 2925 ἐκτήσαντο
1725 2855 1773 2907 οἱ

180 2948 421 3020 πατέρες
448 2948 604 3019 ἡμῶν
643 2946 856 3009 εἴδωλα,
894 2948 988 3000 καὶ
1031 2947 1130 3001 οὒκ
1157 2948 1302 3000 ἔστιν
1335 2949 1392 3000 ἐν
1423 2947 1602 3010 αὐτοῖς
1633 2946 1776 3015 ὠφέ-

177 3041 355 3110 λημα.
400 3040 461 3091 Et
501 3040 714 3110 ποιήσει
743 3036 923 3108 ἑαυτῴ
966 3037 1250 3110 ἄνθρωπος
1289 3037 1463 3099 θεοὺς,
1493 3037 1587 3088 καὶ
1624 3036 1776 3088 αὐτοὶ

179 3135 282 3187 οὐκ
303 3132 411 3185 εἰσὶ
441 3130 584 3197 θεοί;
607 3130 705 3183 Διὰ
732 3129 908 3194 τοῦτο,
948 3130 1079 3195 ἰδοὺ,
1115 3129 1225 3197 ἐγὼ
1255 3129 1476 3201 δηλώσω
1513 3130 1694 3192 αὐτοῖς
1717 3129 1774 3181 ἐν

2417 2484 2646 2542 CAPUT
2679 2485 2893 2541 XXXV.

2505 2577 2590 2632 Ea:
2618 2578 2819 2634 eodem.

1951 2687 1969 2720 ι
2006 2667 2252 2733 Domine,
2288 2666 2554 2724 fortitudo
2586 2685 2704 2724 mea
2734 2676 2788 2725 et
2818 2668 2986 2724 robur
3018 2685 3220 2734 meum,
3266 2677 3320 2726 et
3362 2685 3449 2727 rec

1877 2759 2083 2831 fugium
2138 2778 2318 2816 meum
2375 2764 2429 2818 in
2473 2762 2562 2818 die
2610 2764 3002 2818 tribulationis.
3047 2764 3128 2817 Ad
3173 2771 3226 2819 te
3259 2774 3450 2836 gentes

1875 2853 2095 2908 venient
2125 2855 2193 2910 ab
2220 2855 2479 2910 extremis
2505 2866 2686 2919 terras,
2714 2864 2767 2911 et
2793 2856 2977 2912 dicent
3005 2875 3018 2910 :
3057 2855 3192 2912 Vere
3223 2855 3451 2911 menda-

1876 2945 2021 3000 cium
2053 2945 2415 3016 possedernnt
2445 2958 2626 3018 patres
2657 2949 2854 3011 nostri,
2883 2947 3200 3009 vanitatem.
3229 2964 3350 3018 quae
3370 2948 3452 3004 eis
3488 3006 3507 3028 θ

1879 3055 1986 3092 non
2013 3038 2241 3110 profuit.
2272 3039 2528 3110 Nunquid
2559 3040 2723 3096 faciet
2747 3041 2852 3096 sibi
2884 3042 3049 3096 homo
3077 3041 3230 3108 deos,
3262 3048 3316 3096 et
3347 3042 3450 3112 ipsi

1880 3147 1986 3185 non
2038 3141 2165 3186 sunt
2195 3133 2312 3187 dii?
2345 3131 2555 3188 ldcirco
2582 3149 2711 3189 ecce
2753 3149 2855 3206 ego
2903 3135 3183 3190 ostendam
3227 3135 3306 3189 cis
3357 3148 3455 3204 per

180 3226 260 3297 τῷ
294 3225 473 3298 καιρῷ
509 3225 680 3294 τούτῳ
711 3225 808 3296 τὴν
840 3225 998 3296 χεῖρά
1035 3241 1157 3294 μου,
1190 3225 1283 3277 καὶ
1327 3224 1543 3296 γνωριῶ
1589 3225 1773 3287 αὐτοῖς

1880 3223 2051 3278 vicem
2085 3223 2247 3289 hanc,
2277 3223 2562 3279 ostendam
2593 3226 2674 3279 eis
2697 3240 2918 3279 manum
2959 3241 3133 3280 meam
3183 3234 3238 3280 et
3280 3225 3457 3278 virtu-

180 3321 283 3389 τὴν
317 3317 545 3387 δύναμιν
580 3335 701 3387 μου,
739 3316 831 3369 καὶ
866 3315 1162 3384 γνώσονται
1198 3317 1278 3370 ὃτι
1312 3316 1423 3385 ἐγὼ
1451 3316 1674 3388 Κύριος·
1707 3320 1773 3385 3K

191 3408 469 3479 Ἀμαρτία
506 3405 673 3460 Ἰούδα
721 3408 1028 3476 γέγραπται
1077 3407 1133 3457 ὲν
1166 3405 1413 3476 γραφείῳ
1461 3405 1685 3476 σιδηρῷ,
1718 3407 1777 3458 ὲν

181 3501 338 3570 ὄνυχι
381 3498 724 3569 ἀδαμαντίνῳ
767 3497 1220 3567 ὲκκεκολαμμένη
1267 3499 1360 3550 ἐπὶ
1407 3497 1499 3550 τοῦ
1550 3497 1778 3569 στήθους

181 3594 284 3664 τῆς
318 3590 545 3661 καρδίας
577 3588 774 3642 αὐτῶν.
813 3611 830 3640 ι
868 3591 1001 3660 Περὶ
1033 3589 1139 3642 τῶν
1174 3589 1262 3643 διὰ
1288 3588 1524 3660 Χριστοῦ
1553 3590 1643 3643 τὸν
1668 3591 1777 3642 τῶν

182 3682 322 3735 ὅλων
363 3679 748 3749 ὲπεγνωκότων
782 3679 912 3732 Θεὸν
956 3679 1336 3751 προφητεύσας
1374 3681 1402 3732 ὁ
1438 3680 1613 3748 λόγος,
1650 3681 1778 3752 ἑξῆς

181 3775 386 3842 ἐπάγει
436 3772 688 3845 περὶτῆς
730 3772 868 3825 κατὰ
912 3771 1006 3826 τοῦ
1056 3773 1307 3844 Σωτῆρος
1347 3771 1442 3825 τοῦ
1513 3773 1776 3827 Ἰουδαίων

183 3865 319 3919 λαοῦ
366 3863 657 3935 ἁμαρτίας,
691 3864 1070 3928 ἀνεξάλειπτον
1115 3865 1284 3936 αὐτὴν
1323 3863 1539 3917 ἔσεσθαι
1577 3863 1776 3936 σημαί-

185 3975 294 4011 νων
323 3956 463 4010 κατὰ
488 3957 586 4020 τὰς
622 3955 1020 4028 παρατεθείσας
1049 3957 1186 4027 μετὰ
1214 3957 1552 4028 ἀστερίσκων
1579 3956 1773 4024 λέξειςο

184 4049 253 4112 ἃς
272 4046 496 4100 δύναταί
524 4063 608 4108 τις
645 4047 739 4100 καὶ
780 4046 871 4099 ἐπὶ
903 4045 994 4100 τοῦ
1026 4045 1286 4118 προδότου
1329 4047 1497 4100 Ἰούδα
1533 4047 1778 4120 ἐφαρμό-

189 4139 326 4204 ζειν,
353 4140 428 4202 ὼς
451 4138 544 4191 καὶ
565 4139 823 4209 ὀνομαστὶ
844 4137 921 4210 τῷ
946 4138 1075 4209 θείῳ
1097 4138 1377 4209 Πνεύματι
1402 4138 1780 4211 προεγνωσμέ-

187 4249 282 4285 νου
317 4247 376 4282 τε
402 4230 497 4283 καὶ
525 4247 959 4301 προαναπεφωνη
969 4230 1153 4301 μένου.

689 4345 1082 4399 ΚΕΦΛΛΑΙΟΝ
1137 4345 1278 4411 Aq'.

815 4435 924 4489 Τοῦ
955 4436 1165 4491 αὑτοῦ.

274 4529 432 4593 Ἰδοὺ,
467 4529 671 4602 ἡμέραι
719 4527 990 4599 ἔρχονται,
1039 4527 1188 4595 λέγει
1230 4527 1458 4599 Κύριος,
1500 4529 1594 4581 καὶ
1641 4527 1773 4580 ἁνα-

191 4623 380 4692 στὴσω
424 4620 502 4690 τῷ
545 4618 707 4673 Δαυῒδ
755 4617 1017 4688 ἀνατολὴν
1059 4618 1293 4682 δικαίαν,
1337 4619 1432 4671 καὶ
1477 4617 1780 4689 βασιλεύσει

192 4711 467 4782 βασιλεὺς,
496 4709 592 4762 καὶ
617 4708 855 4778 συνὴσει,
891 4705 984 4757 καὶ
1013 4707 1229 4775 ποιήσει
1256 4706 1430 4777 κρίμα
1457 4705 1552 4757 καί⁸
1573 4704 1780 4756 δικαιο-

191 4801 364 4872 σύνην
385 4799 480 4852 ἐπὶ
506 4800 604 4871 τῆς
632 4802 757 4870 γῆς.
807 4799 894 4852 Ἐν
923 4801 1042 4862 ταῖς
1068 4798 1301 4868 ἡμέραις
1330 4795 1496 4849 αὑτοῦ
1533 4795 1779 4866 σωθήσε-

188 4913 283 4950 ται
303 4895 398 4947 καὶ
432 4893 656 4957 Ἰούδας,
679 4893 774 4945 καὶ
808 4891 1024 4964 Ἰσραὴλ
1046 4888 1462 4960 κατασκηνώσει
1485 4887 1778 4954 πεποιθὼς,

189 4990 290 5043 καὶ
320 4985 482 5040 τοῦτο
512 4986 572 5038 τὸ
605 4987 798 5056 ὄνομα,
839 4985 868 5037 ὃ
903 4985 1121 5038 καλέσει
1156 4984 1351 5046 αὐτοὺς
1389 4983 1614 5052 Κύριος,
1666 4981 1782 5033 Ἰω-

193 5081 356 5135 σεδὲκ
383 5081 441 5131 ὲν
469 5081 579 5142 τοῖς
606 5079 930 5150 προφήταις.
971 5078 1058 5130 Ἐν
1083 5079 1148 5148 τῇ
1179 5075 1359 5146 ἡμέρᾳ.
1389 5075 1595 5145 ἐκείνῃ,
1631 5069 1783 5127 εἶπεν

190 5171 424 5242 Κύριος,
475 5169 750 5240 συντρίψω
801 5169 960 5237 ζυγὸν
993 5168 1099 5222 ἀπὸ
1136 5167 1404 5238 τραχήλου
1439 5165 1639 5231 αὐτῶν,
1691 5165 1786 5218 καὶ

187 5267 322 5327 τοὺς
349 5263 582 5332 δεσμοὺς
616 5261 793 5314 αὐτῶν
822 5261 1119 5333 διαρῤἡξω,
1152 5260 1248 5313 καί
1280 5259 1378 5313 οὑκ
1402 5257 1671 5328 ὲργῶνται
1697 5258 1785 5311 αύ-

187 5357 275 5408 τοὶ
305 5355 386 5408 ἐτι
417 5355 736 5426 ἀλλοτρίοις,
770 5354 863 5407 καὶ
894 5353 1162 5424 ὲργῶνται
1195 5342 1274 5422 τῷ
1313 5351 1503 5423 Κυρίῳ
1533 5349 1653 5422 Θεῷ
1681 5351 1781 5402 αύ-

188 5446 326 5509 τῶν,
352 5446 447 5500 καὶ
471 5446 560 5500 τὸν
587 5444 748 5499 Δαυῖδ
778 5443 998 5514 βασιλέα
1020 5444 1196 5497 αὐτῶν
1224 5443 1510 5514 ἀναστήσω
1538 5441 1772 5504 αὐτοῖς.»

189 5538 420 5602 Τούτοις
444 5537 512 5590 τὰ
536 5537 890 5608 παραπλήσια
922 5536 1016 5590 καὶ
1045 5539 1102 5589 ὲν
1133 5536 1305 5609 ἑτέρῳ
1331 5533 1424 5590 τοῦ
1458 5529 1622 5588 αύτοῦ
1647 5549 1780 5604 προ-

187 5630 366 5700 φήτου
409 5629 560 5699 τόπῳ
603 5627 819 5700 εἴρηται
861 5627 919 5679 ὲν
958 5625 1183 5690 τούτοιςο
1218 5650 1235 5678 ι
1286 5626 1413 5680 Ἰδοὺ
1450 5624 1651 5697 ἡμέραι
1692 5622 1781 5696 ἕρ-

214 5795 220 5799 '
261 5783 310 5815 ’°
350 5783 483 5839 Luc.
512 5799 630 5845 xm.
653 5783 743 5849 54,
776 5784 865 5838 35.
939 5783 984 5815 ’7
1015 5781 1172 5837 Joau.
1207 5800 1264 5848 x,
1304 5783 1389 5841 l8.
1463 5780 1693 5839 "Joan.
1731 5795 1842 5848 xix,
1872 5777 1958 5837 15.

188 5857 209 5888 ³
241 5853 356 5911 Jer.
393 5871 520 5920 xxx,
552 5854 607 5919 8,
635 5854 689 5908 9.

518 5949 786 6012 Parnm.
836 5949 956 6011 Gn.
987 5946 1194 6011 XXII.

1881 3324 1988 3370 tem
2020 3330 2218 3377 meam.
2250 3327 2303 3370 et
2329 3317 2502 3370 scient
2527 3315 2654 3385 quia
2686 3331 2884 3371 nomen
2917 3318 3047 3372 mihi
3085 3317 3454 3384 Dominusx

1880 3407 2168 3462 Peccatum
2204 3406 2342 3461 Juda
2387 3409 2650 3477 scriptum
2677 3416 2766 3464 est
2797 3410 2936 3479 stylo
2971 3408 3148 3472 ferreo
3186 3410 3238 3463 in
3272 3425 3455 3483 ungue

1879 3503 2234 3556 adamantino
2267 3541 2282 3566 ,
2332 3508 2612 3556 exaratum
2662 3509 2825 3571 Super
2868 3499 3211 3554 latitudinem
3272 3499 3456 3556 cordis

1878 3593 2147 3650 eorum”.
2191 3613 2210 3646 ι
2245 3592 2320 3649 De
2351 3593 2418 3648 iis
2439 3593 2531 3662 qui
2562 3607 2658 3663 per
2679 3592 2960 3648 Christum
2985 3594 3226 3648 omnium
3258 3610 3459 3666 cogno-

1878 3697 2073 3742 verunt
2117 3685 2286 3740 Deum
2350 3685 2638 3756 Scriptura
2683 3684 3047 3755 prophetizat,
3086 3693 3142 3741 et
3191 3689 3456 3744 continuo

1878 3776 2190 3833 Judaeorum
2241 3777 2427 3848 populi
2454 3776 2716 3833 adversus
2751 3775 3088 3832 Salvatorem
3139 3777 3457 3847 iniquitates

1880 3873 2154 3937 indicans,
2188 3871 2509 3927 indelebiles
2539 3886 2633 3926 eas
2664 3869 2780 3926 fore
2809 3869 3051 3926 ostendit
3093 3879 3283 3926 notato
3313 3881 3456 3928 aste-

1881 3965 2042 4020 riscis
2070 3964 2212 4018 loco.
2246 3961 2378 4028 Quae
2409 3962 2629 4033 quidem
2651 3971 2706 4017 et
2733 3961 2983 4016 tradituri
3015 3960 3169 4017 Iudae
3212 3963 3458 4033 adaptari

1880 4065 2134 4128 possunt.
2172 4071 2202 4110 a
2243 4054 2451 4128 Spiritu
2482 4063 2673 4110 sancto
2715 4055 3035 4111 nominatim
3078 4065 3204 4115 ante
3244 4064 3458 4128 tempus

1879 4152 2099 4219 cognito
2133 4155 2294 4219 atque
2322 4150 2623 4203 nominato.

2412 4321 2644 4377 CAPUT
2680 4319 2922 4378 XXXVI.

2513 4413 2594 4468 Ea:
2621 4414 2818 4468 eodem.

1958 4526 1977 4558 ι
2011 4504 2151 4562 Ecce
2181 4505 2300 4561 dies
2329 4505 2578 4568 veniunt,
2610 4503 2749 4558 dicit
2771 4502 3036 4559 Dominus
3059 4521 3072 4558 :
3098 4512 3153 4558 et
3178 4500 3459 4558 suscitabo

1813 4589 1858 4644 Ι)
1885 4599 2055 4656 David
2087 4613 2308 4670 germen
2335 4599 2545 4667 justum
2577 4617 2591 4650 :
2626 4603 2680 4650 et
2710 4595 2959 4668 regnabit
2989 4611 3084 4650 rex
3113 4635 3127 4658 ,
3160 4601 3214 4650 et
3242 4595 3458 4665 sapiens

1886 4695 2032 4750 erit:
2081 4702 2137 4748 et
2186 4691 2354 4748 faciet
2389 4689 2658 4761 judicium
2698 4698 2752 4746 et
2788 4689 3057 4758 justitiam
3101 4690 3154 4743 in
3196 4695 3364 4744 terra.
3398 4686 3458 4742 In

1888 4784 2082 4841 diebus
2104 4785 2211 4839 illis
2239 4782 2541 4838 salvabitur
2564 4781 2702 4837 Juda
2721 4823 2736 4848 ,
2769 4789 2823 4838 et
2844 4779 3013 4837 Israel
3041 4779 3306 4835 habitabit
3327 4793 3462 4834 con-

1888 4875 2156 4932 ﬁdenter:
2207 4882 2262 4930 et
2301 4873 2407 4929 hoc
2449 4883 2533 4928 est
2572 4888 2772 4929 nomen
2816 4870 2962 4943 quod
3007 4869 3282 4924 vocabunt
3310 4882 3457 4930 eum,

1890 4967 2158 5024 Dominus
2180 5009 2196 5034 ,
2227 4963 2459 5022 Josedec
2489 4966 2543 5021 iu
2577 4966 2860 5037 prophetis
2885 4965 2923 5016 ί.
2945 5005 2957 5018 .
2983 5001 2996 5016 .
3020 4960 3079 5017 1η
3109 4961 3198 5015 die
3226 4960 3317 5013 illa
3338 4999 3353 5023 ,
3384 4959 3462 5012 ait

1885 5061 2154 5117 Dominus
2179 5101 2194 5126 ,
2221 5069 2503 5116 conteram
2527 5059 2718 5131 jugum
2747 5059 2815 5113 de
2841 5057 2983 5112 collo
3011 5069 3200 5110 eorum
3218 5093 3233 5117 ,
3265 5059 3321 5107 et
3347 5051 3464 5106 vin-

1887 5155 2010 5210 cula
2039 5169 2228 5208 eorum
2256 5154 2596 5222 disrumpam
2620 5192 2634 5215 ,
2664 5158 2717 5206 et
2759 5164 2871 5204 non
2911 5146 3344 5202 dominabuntur
3380 5144 3460 5199 eis

1886 5245 2122 5316 amplius
2163 5246 2364 5310 alieni,
2410 5245 2508 5300 sed
2549 5244 2788 5299 servient
2830 5241 3066 5296 Domino
3097 5238 3207 5294 Deo
3237 5252 3371 5301 suo,
3407 5246 3462 5292 et

1885 5335 2055 5392 David
2094 5336 2208 5408 regi
2268 5351 2369 5391 suo
2397 5349 2557 5406 quem
2583 5333 2864 5390 suscitabo
2891 5333 2971 5387 eis
3000 5332 3043 5386 '.
3069 5349 3089 5383 ι
3115 5330 3214 5386 His
3247 5329 3359 5384 fere
3389 5328 3464 5383 si-

1885 5431 2036 5486 milia
2068 5431 2121 5485 in
2153 5431 2262 5484 alio
2295 5429 2542 5497 ejusdem
2578 5427 2859 5499 praphetae
2901 5426 3026 5480 loco
3069 5423 3332 5478 dicuntur
3374 5419 3460 5478 his

1882 5523 2065 5579 verbis
2092 5541 2105 5577 :
2131 5539 2151 5573 ι
2177 5521 2316 5576 Ecce
2343 5520 2462 5574 dies
2485 5519 2744 5584 veniunt,
2769 5516 2904 5573 dicit
2930 5515 3196 5569 Dominus
3217 5553 3231 5579 ,
3263 5520 3318 5569 et
3343 5528 3465 5570 sus-

1885 5620 2066 5676 citabo
2112 5617 2340 5675 verbum
2394 5615 2596 5669 bonum
2640 5609 2784 5683 quod
2831 5610 3050 5665 locutus
3097 5620 3222 5664 sum
3267 5604 3334 5660 ad
3364 5605 3466 5660 do-

2036 5777 2080 5812 ”
2110 5776 2220 5834 .ler.
2253 5786 2365 5841 va,
2402 5769 2597 5838 {fl—2!;
2649 5783 2783 5836 xvn,
2814 5765 2865 5822 1.
2943 5765 2959 5799 ⁸
2994 5762 3108 5821 Jer.
3137 5777 3298 5831 mu,
3329 5756 3460 5825 5,6.

3038 5938 3117 5998 37
