3974 6534
535 393 674 448 1165
1233 395 1502 452 EUSEBII
1539 397 2021 455 CIESARIENS!S
2059 397 2079 457 (

2182 406 2209 456 ⁵.
2259 397 2442 453 PARS
2482 398 2568 452 ιιι.
2611 431 2679 440 -
2717 397 3129 457 ΕΧΕΟΕΤΙΟΑ.
3672 407 3785 462 ΗΝ

533 527 680 566 ιιιιιιιι
711 509 876 567 Israel
903 520 956 568 et
985 513 1051 567 ad
1083 512 1306 567 domum
1330 513 1494 571 Juda.
1523 515 1581 569 ln
1613 515 1810 572 diebus
1841 517 1949 572 illis
1977 524 2032 572 et
2058 517 2072 570 i

2182 571 2184 579 ι
2216 533 2422 588 χονται,
2457 514 2606 584 λέγει
2633 513 2855 586 Κύριος,
2893 517 2986 568 καὶ
3012 516 3365 587 ἐξαναστήσω
3396 533 3479 570 σοι
3511 517 3601 570 τὸν
3623 517 3683 580 (f.
3711 519 3784 590 56)

535 613 777 674 tempore
804 605 899 659 illo
922 644 936 668 ,
969 606 1283 676 germinare
1317 605 1515 662 faciam
1567 607 1738 664 David
1779 625 2002 680 germen
2030 611 2079 682 ju

2216 607 2372 676 λόγον
2409 624 2510 674 μου
2542 607 2632 660 τὸν
2659 605 2885 675 ἀγαθὸν,
2923 607 2983 659 ὃν
3014 606 3254 678 ἐλάλησα
3286 608 3379 660 ἐπὶ
3406 609 3500 661 τὸν
3525 602 3671 662 οἷκον
3703 609 3782 664 Ἰε-

531 699 696 753 stitia
725 697 766 752 ³.
799 716 817 749 ι
846 696 1057 763 Quibus
1111 701 1378 755 continuo
1433 701 1657 772 subjicit
1688 722 1701 758 :
1765 723 1782 755 ι
1808 705 1945 770 Quia
1998 705 2079 760 ha

2219 696 2501 769 ρουσαλὴμ
2547 695 2640 750 καὶ
2684 697 2778 750 ἐπὶ
2804 697 2896 750 τὸν
2917 691 3066 751 οἷκον
3103 697 3293 751 Ἰούδαο
3330 699 3390 751 ἐν
3421 702 3546 764 ταῖς
3575 701 3781 775 ἡμέραις

529 791 661 844 dicit
709 789 1019 845 Dominus:
1069 789 1186 846 Non
1241 791 1492 847 interibit
1535 793 1602 848 de
1646 792 1815 848 David
1864 796 1967 859 vir,
2015 811 2079 865 qu

2215 790 2450 852 ἐκείναις
2489 790 2584 844 καὶ
2620 791 2678 843 ἐν
2706 789 2787 862 τῷ
2816 790 2995 863 καιρῷ
3034 791 3228 863 ἐκείνῳ
3257 792 3507 846 ἀνα-τελῶ
3533 794 3612 864 τῷ
3643 796 3780 850 Δαυῖδ

528 881 713 936 sedeat
758 898 923 952 super
955 884 1215 938 thronum
1265 884 1466 939 domus
1498 884 1666 941 lsrael
1696 905 1708 940 :
1747 895 1800 941 et
1835 886 1901 941 de
1930 902 2079 942 sacer

2213 881 2478 953 ἀνατολὴν
2524 881 2758 938 δικαίαν.
2805 903 2824 935 ι
2861 878 2956 947 Οἷς
2999 883 3127 955 ἐξῆς
3167 883 3440 958 ἐπιφέρει,
3491 887 3577 940 ὅτι
3610 906 3628 937 ι
3660 889 3776 943 Τάδε

524 973 745 1028 dotibus
775 983 828 1028 et
857 974 924 1030 de
961 975 1165 1031 Levitis
1198 991 1307 1032 non
1345 977 1592 1032 interibit
1629 979 1710 1032 vir
1742 995 1773 1033 a
1809 981 1948 1034 facie
1988 996 2076 1036 me

2211 972 2355 1042 λέγει
2390 972 2612 1044 Κύριος·
2659 974 2774 1026 Οὐκ
2821 973 3333 1047 ἐξολοθρευθήσεται
3359 974 3438 1046 τῷ
3478 977 3642 1030 Δαυῖδ
3664 979 3778 1051 ἀνὴρ

523 1063 615 1132 qui
642 1063 833 1118 oll‘erat
861 1065 1302 1142 holocautomata
1321 1107 1336 1131 ,
1365 1075 1419 1122 et
1447 1069 1706 1122 incendat
1739 1069 2071 1124 sacriﬁcium
2090 1109 2106 1135 ,

520 1165 574 1213 et
614 1157 784 1212 cadat
821 1158 1074 1214 victimas
1105 1160 1363 1215 omnibus
1394 1161 1591 1217 diebus
1627 1161 1668 1216 ⁸.
1709 1181 1727 1214 ι
1759 1161 1823 1216 Ει
1870 1178 2102 1218 rursus:

525 1269 544 1301 ι
570 1249 695 1304 Hac
722 1251 857 1305 dicit
887 1250 1156 1307 Dominus
1187 1273 1199 1307 :
1236 1253 1292 1307 Si
1339 1254 1559 1310 irritum
1606 1264 1787 1327 potest
1839 1256 1956 1313 ﬁeri
2009 1273 2106 1329 pa-

517 1352 670 1398 ctum
702 1359 881 1398 meum
910 1358 1034 1397 cum
1067 1345 1156 1400 die
1181 1385 1196 1409 ,
1227 1347 1282 1400 et
1311 1355 1532 1416 pactum
1554 1363 1736 1403 meum
1769 1363 1894 1403 cum
1921 1359 2101 1418 nocte,

2211 1065 2520 1136 καθήμενος
2553 1067 2645 1118 ἐπὶ
2672 1065 2865 1137 θρόνου
2888 1067 3038 1120 οἴκου
3075 1069 3312 1140 Ἰσραήλ·
3340 1070 3436 1122 καῖ⁹
3459 1071 3575 1133 τοῖς
3599 1069 3777 1141 ἱερεῦσι

2207 1163 2320 1224 τοῖς
2362 1161 2634 1222 Λευῖταιςσ
2667 1158 2764 1212 οὐκ
2803 1158 3314 1232 ἐξολοθρευθήσεται
3357 1162 3502 1232 ἀνὴρ
3534 1164 3600 1214 ἐκ
3633 1179 3776 1234 προσ-

2207 1252 2357 1306 ώπου
2390 1270 2491 1324 μου
2526 1253 2811 1324 ἀναφέρων
2844 1252 3270 1324 ὁλοκαυτώματα
3298 1254 3394 1306 καὶ
3423 1253 3570 1306 θύων
3587 1253 3772 1320 θυσίαν,

2205 1345 2299 1398 καὶ
2341 1343 2508 1398 ποιῶν
2551 1343 2699 1415 θύμα
2750 1343 2932 1407 πάσας
2977 1344 3076 1408 τὰς
3120 1346 3354 1417 ἡμέρας.
3393 1364 3412 1398 ι
3458 1345 3572 1398 Καὶ
3613 1346 3772 1401 πάλιν·

2209 1456 2228 1488 ι
2265 1437 2402 1490 Τάδε
2436 1436 2580 1505 λέγει
2613 1435 2836 1507 Κύριος·
2874 1436 2938 1488 Εἰ
2974 1436 3354 1490 διασκεδάσετε
3395 1436 3497 1508 τὴν
3531 1437 3775 1510 διαθήκην

516 1443 577 1488 ut
609 1452 718 1490 non
758 1436 830 1490 sit
873 1435 991 1492 dies
1027 1443 1082 1492 et
1121 1452 1240 1492 nox
1262 1439 1327 1492 in’
1349 1447 1593 1510 tempore
1623 1456 1757 1508 suo;
1791 1450 1846 1498 et
1882 1453 2100 1512 pactum

516 1544 696 1584 meum
729 1528 941 1583 irritum
973 1544 1096 1584 esse
1124 1531 1327 1600 poterit
1357 1547 1480 1587 cum
1525 1531 1696 1588 David
1737 1549 1896 1589 servo
1940 1550 2063 1590 meo

2204 1544 2306 1598 μου
2346 1527 2444 1599 τὴν
2489 1528 2726 1598 ἡμέραν,
2772 1526 2867 1580 καὶ
2903 1526 3002 1598 τὴν
3030 1526 3294 1599 διαθήκην
3329 1545 3431 1599 μου
3466 1527 3571 1600 τὴν
3602 1529 3772 1595 νύκτα,

516 1629 576 1672 ut
607 1635 714 1674 non
744 1621 815 1675 sit
844 1635 907 1676 ex
939 1636 1004 1675 eo
1033 1620 1178 1677 ﬁlius
1207 1623 1301 1692 qui
1333 1632 1522 1694 regnet
1553 1623 1607 1678 in
1638 1624 1837 1680 throno
1863 1626 2014 1696 ejus,
2045 1642 2079 1681 e‘

2197 1623 2292 1677 τοῦ
2325 1623 2399 1696 μὴ
2431 1619 2572 1678 εἶναι
2605 1624 2819 1696 ἡμέραν
2853 1623 2947 1677 καὶ
2981 1622 3150 1677 νύκτα
3181 1623 3238 1677 ἐν
3273 1623 3352 1695 τῷ
3377 1625 3562 1697 καιρῷ
3592 1625 3771 1679 αὐτῶν⁸

513 1709 717 1766 Levita
744 1719 798 1766 et
828 1713 1146 1770 sacerdotes
1177 1715 1418 1770 ministri
1452 1716 1576 1771 mei.
1601 1715 1757 1772 Sicut
1785 1734 2076 1775 enumerar

2197 1718 2292 1772 καί
2324 1733 2388 1787 γε
2418 1716 2453 1788 ἡ
2481 1715 2726 1789 Διαθήκη
2763 1734 2864 1788 μου
2899 1717 3424 1788 διασκεδασθήσεται
3458 1717 3600 1788 μετά
3629 1718 3773 1773 Δαυῖδ

513 1819 623 1858 non
649 1813 878 1874 possunt
905 1807 1082 1862 stella
1104 1807 1230 1861 coeli
1249 1846 1264 1870 ,
1293 1819 1348 1862 et
1373 1809 1556 1864 metiri
1585 1824 1754 1864 arena
1785 1811 1983 1876 maris,
2013 1813 2079 1867 sit

2196 1807 2292 1862 τοῦ
2320 1808 2509 1863 δούλου
2541 1825 2666 1879 μου,
2703 1807 2796 1861 τοῦ
2831 1807 2906 1880 μὴ
2942 1803 3080 1862 εἶναι
3114 1806 3263 1878 αύτῷ
3287 1807 3402 1862 υἱὸν
3438 1807 3773 1879 βασιλεύοντα

513 1898 884 1968 multiplicabo
932 1913 1117 1955 semen
1167 1897 1342 1955 David
1390 1901 1534 1956 servi
1587 1901 1718 1966 mei,
1770 1909 1826 1958 et
1875 1901 2079 1959 Levita:

2195 1901 2289 1954 ἐπὶ
2326 1899 2418 1954 τοῦ
2452 1899 2643 1972 θρόνου
2674 1899 2860 1963 αὐτοῦ,
2900 1900 2996 1954 καὶ
3036 1901 3162 1964 τοὺς
3186 1901 3422 1964 Λευῖτας
3461 1902 3593 1964 τοὺς
3626 1902 3773 1973 lapsi;

509 1991 793 2046 ministros
829 2007 978 2047 meos
1012 1993 1054 2045 ’⁵.
1085 2012 1105 2044 ι
1135 1993 1316 2064 Atque
1348 1993 1547 2048 iterum
1579 2001 1706 2065 post
1748 2010 1924 2067 pauca
1968 1998 2044 2052 ait
2073 2017 2086 2052 :

513 2103 531 2132 ι
567 2082 691 2138 Hac
720 2083 853 2139 dicit
882 2083 1186 2140 Dominus:
1220 2084 1279 2141 Si
1310 2095 1530 2155 pactum
1563 2102 1742 2142 meum
1772 2087 1918 2142 inter
1944 2086 2088 2143 diem

506 2183 558 2228 et
589 2183 836 2240 noctem,
867 2182 922 2230 et
949 2176 1098 2248 leges
1128 2177 1270 2232 coelo
1295 2186 1349 2232 et
1385 2186 1544 2232 terra
1574 2194 1681 2234 non
1707 2179 1864 2249 posui
1890 2197 1905 2248 ;
1933 2179 2090 2250 equi-

506 2265 628 2321 dem
657 2277 711 2322 et
738 2283 923 2324 semen
955 2267 1125 2322 Jacob
1152 2276 1207 2323 et
1238 2268 1407 2324 David
1443 2271 1586 2326 servi
1621 2271 1725 2325 mei
1758 2272 2044 2342 projiciam
2067 2312 2084 2340 ,

505 2367 565 2414 ut
594 2375 700 2415 non
733 2375 1008 2417 assumam
1038 2361 1104 2417 de
1135 2362 1346 2417 semine
1377 2361 1500 2430 ejus
1545 2362 1827 2434 principes
1856 2365 2086 2420 seminis

502 2449 812 2514 Abraham,
848 2449 1002 2506 Isaac
1034 2457 1087 2506 et
1119 2449 1289 2506 Jacob
1319 2452 1360 2506 ⁸.
1395 2471 1412 2503 ι
1443 2449 1731 2517 Quodnam
1783 2450 1928 2505 enim
1961 2467 2082 2522 ger-

502 2558 626 2597 men
676 2541 942 2598 Dominus
998 2541 1192 2596 Davidi
1246 2542 1618 2598 suscitaturus
1648 2541 1782 2598 est?
1831 2541 2084 2596 Divinum

507 2635 765 2702 Verbum,
796 2635 864 2692 de
911 2651 1021 2708 quo
1065 2636 1202 2691 alias
1251 2634 1494 2690 dicitur:
1529 2653 1546 2686 ι
1577 2634 1719 2689 Ecce
1748 2634 1853 2699 vir,
1885 2631 2082 2690 Oriens

499 2744 699 2784 nomen
743 2729 865 2797 ejus
897 2731 958 2796 7;
992 2749 1010 2780 ι
1042 2729 1134 2798 qui
1182 2737 1236 2783 et
1282 2735 1614 2798 regnaturus
1659 2727 2079 2797 pranuntiatur,

499 2835 565 2875 ac
601 2840 620 2872 ι
648 2821 872 2891 sapiens
902 2819 1007 2875 erit
1039 2826 1093 2874 et
1132 2817 1295 2872 faciet
1323 2817 1592 2887 judicium
1625 2826 1679 2872 et
1716 2817 1992 2887 justitiam
2025 2817 2080 2870 in

498 2919 667 2967 terra.
699 2932 718 2964 ι
741 2912 840 2968 llic
866 2921 915 2968 et
949 2913 1003 2967 in
1036 2913 1282 2967 tenebris
1312 2911 1634 2967 sedentibus
1665 2911 1864 2964 animis
1894 2920 2081 2980 surget

459 3005 588 3059 'lux
621 3005 676 3059 in
711 3005 924 3060 caelesti
956 3020 1128 3076 regno
1169 3021 1308 3071 suo;
1373 3006 1605 3075 quique,
1647 3004 1802 3073 juxta
1845 3004 2080 3074 Aposto-

498 3098 730 3160 stolum,
769 3118 788 3149 ‹
818 3099 1098 3170 plenitudo
1143 3099 1386 3170 gentium
1419 3098 1648 3152 intrabit
1678 3097 1721 3161 ⁸,
1756 3119 1772 3148 ι
1808 3104 1861 3151 et
1896 3096 2076 3152 omnis

498 3206 660 3246 verus
688 3191 852 3246 Israel
881 3208 1004 3246 cum
1031 3191 1300 3260 spirituali
1327 3190 1486 3245 Juda.
1516 3188 1910 3254 Salvabuntur,
1936 3206 2073 3260 quos

2193 1994 2318 2057 τοὺς
2347 1992 2798 2065 λειτουργοῦντάς
2833 2010 2943 2063 μοι·
2973 1992 3049 2057 ὡς
3087 1995 3186 2047 οὑκ
3222 1993 3772 2067 ἐξαριθμηθήσεταιή

2190 2085 2419 2157 δύναμις
2444 2082 2539 2140 τοῦ
2567 2087 2821 2158 ούρανοῦ,
2860 2087 2981 2140 οὐδὲ
3021 2087 3501 2159 ἐκμετρηθήσεται
3534 2090 3568 2158 ἡ
3599 2087 3768 2159 ἄμμος

2189 2179 2288 2248 τῆς
2319 2178 2616 2251 θαλάσσης,
2652 2179 2825 2244 οὓτως
2861 2178 3115 2250 πληθυνῶ
3145 2179 3208 2232 τὸ
3237 2179 3464 2250 σπέρμα
3496 2178 3656 2232 Δαυῒδ
3685 2179 3769 2233 τοῦ

2187 2271 2374 2326 δούλου
2425 2291 2524 2343 μου
2575 2275 2669 2326 καὶ
2712 2273 2840 2336 τοὺς
2884 2273 3116 2336 Δευῖτας
3160 2271 3286 2335 τοὺς
3327 2271 3768 2344 λειτωργοῧντάς

2191 2381 2300 2436 μοι.
2337 2385 2354 2416 ι
2381 2366 2491 2420 Καὶ
2526 2361 2682 2429 αὖθις
2719 2366 2855 2436 μετὰ
2887 2364 3092 2436 βραχέα
3121 2363 3356 2435 εἴρηταιο
3397 2383 3416 2415 ι
3458 2365 3600 2418 Τάδε
3632 2365 3766 2434 λέγει

2186 2456 2410 2526 Κύριος
2455 2457 2517 2509 ΕΙ
2566 2454 2641 2527 μὴ
2688 2455 2995 2527 διαθήκηίν)
3042 2472 3141 2524 μου
3176 2453 3392 2526 ἡμέρας
3427 2454 3526 2508 καὶ
3565 2455 3763 2519 νυκτὸς,

2185 2547 2577 2620 ἁκριϐἀσματα
2609 2545 2842 2618 ούρανοῦ
2871 2547 2967 2600 καὶ
2994 2549 3097 2616 γῆς
3131 2546 3231 2598 οὐκ
3275 2545 3461 2613 ἔταξα,
3496 2547 3590 2599 καί
3624 2564 3682 2615 γε
3707 2549 3763 2600 τὸ

2186 2638 2409 2711 σπέρμα
2446 2636 2640 2693 Ἰακὼϐ
2666 2638 2758 2691 καὶ
2788 2637 2950 2690 Δαυῒδ
2970 2637 3060 2690 τὸν
3085 2637 3272 2691 δοῦλόν
3305 2655 3410 2709 μου
3431 2639 3756 2708 ἀποδοκιμῶ,

2182 2731 2276 2785 τοῦ
2321 2729 2396 2802 μὴ
2434 2730 2621 2784 λαϐεῖν
2664 2732 2726 2783 ἐκ
2769 2728 2858 2782 τοῦ
2910 2731 3223 2803 σπέρματος
3255 2729 3420 2782 αὑτοῦ
3457 2729 3707 2801 ἄρχοντα.
3737 2750 3753 2781 ι

2183 2824 2292 2875 Καὶ
2329 2823 2413 2885 τίς
2442 2821 2507 2876 ἂν
2551 2822 2636 2892 εἴη
2690 2821 2794 2874 ὑπὸ
2831 2819 2926 2874 τοῦ
2977 2821 3182 2892 Κυρίου
3230 2820 3644 2893 ἀναστησομένη
3688 2821 3761 2890 τῷ

2181 2915 2344 2968 Δαυῖδ
2373 2914 2639 2986 ἀνατολή;
2685 2913 2743 2966 Ὀ
2784 2912 2925 2974 θεῖος
2955 2913 3148 2981 Λόγος,
3182 2913 3308 2985 περὶ
3335 2907 3398 2966 οὗ
3437 2913 3532 2966 καὶ
3570 2914 3627 2967 ἐν
3651 2912 3760 2966 ἑτέ-

2183 3026 2296 3080 ροις
2324 3009 2557 3080 εἴρηται,
2594 3025 2611 3057 ι
2635 3005 2763 3058 Ἰδοὺ
2798 3004 2954 3076 ἀνὴρ,
2998 3004 3256 3075 Ἀνατολὴ
3285 3003 3458 3074 ὄνομα
3483 3004 3681 3074 αὐτῶν»
3705 3004 3761 3063 6;

2178 3103 2274 3154 καὶ
2329 3099 2664 3171 βασιλεύσειν
2720 3097 3124 3170 προφητεύεται
3167 3097 3261 3151 καὶ
3298 3116 3316 3148 ι
3373 3099 3624 3168 συνήσειν
3671 3097 3760 3151 καὶ

2178 3193 2424 3265 ποιήσειν
2449 3193 2622 3264 κρίμα
2649 3191 2741 3245 καὶ¹
2772 3189 3117 3262 δικαιοσύνην
3146 3190 3237 3243 ἐπὶ
3266 3192 3365 3261 τῆς
3391 3191 3516 3261 γῆς.
3548 3210 3568 3241 ›
3600 3186 3759 3252 Οὗτος

493 3293 549 3339 ot
578 3286 794 3340 vocabit
840 3285 992 3356 ipsos
1039 3284 1305 3340 Dominus
1345 3283 1670 3339 nominatim
1695 3323 1710 3347 ,
1744 3298 1885 3353 quos
1924 3283 2074 3352 ipsos

2182 3285 2233 3338 δὲ
2261 3286 2355 3339 καὶ
2380 3287 2501 3348 ταῖς
2539 3287 2596 3337 ἐν
2631 3283 2810 3336 σκότει
2847 3281 3185 3354 καθημέναις
3215 3281 3414 3352 ψυχαῖς
3458 3279 3760 3345 ἐξανατελεῖ

493 3375 692 3446 dignos
726 3375 1002 3446 judit'abit
1046 3377 1101 3431 in
1144 3377 1405 3441 Josedec,
1450 3375 1595 3446 quod
1643 3377 2074 3447 interpretantur

492 3468 590 3524 Dei
608 3469 808 3538 justas.
844 3467 904 3523 in
930 3468 1018 3525 die
1049 3477 1230 3524 autem
1261 3470 1353 3523 illa
1375 3508 1390 3533 ,
1422 3485 1546 3523 cum
1581 3469 1898 3524 liberaverit
1928 3467 2071 3524 Deus

490 3575 585 3615 eos
615 3574 643 3611 a
677 3557 880 3614 diaboli
913 3559 1180 3614 servitute
1201 3599 1214 3623 ,
1245 3559 1382 3614 adeo
1415 3565 1473 3612 ut
1514 3574 1624 3613 non
1664 3559 1778 3630 jam
1819 3558 1936 3622 illi,
1968 3558 2069 3613 soli

489 3667 623 3706 vero
655 3651 891 3705 Domino
922 3648 1038 3704 Deo
1069 3650 1345 3714 serviant,
1378 3651 1652 3704 oriturum
1681 3649 1766 3705 eis
1793 3649 1937 3704 Deus
1966 3649 2071 3703 Da-

488 3744 664 3800 videm
697 3761 878 3816 regem
908 3745 1221 3815 pollicetur,
1274 3743 1489 3799 scilicet
1534 3750 1722 3796 natum
1771 3757 1801 3797 e
1845 3741 2068 3800 Davidis

487 3837 696 3891 semine
749 3833 1084 3891 Salvatorem
1143 3842 1391 3888 nostrum
1425 3874 1442 3899 ,
1496 3849 1658 3904 quem
1716 3835 2069 3905 peculiariter

487 3927 790 3996 Scriptura:
820 3928 926 3982 hoc
951 3925 1379 3997 designaverunt
1410 3927 1649 3981 nomine.
1679 3923 1739 3980 In
1772 3927 1875 3982 hac
1901 3928 2067 3998 igitur

485 4023 773 4095 prOpbctia
826 4022 1003 4079 David
1063 4023 1367 4080 secundum
1425 4020 1765 4078 Salvatorem
1813 4031 2064 4078 nostrum

483 4117 836 4172 existimatus
864 4116 1028 4172 homo
1058 4115 1282 4172 dicitur.
1331 4114 1566 4172 Germen
1613 4125 1797 4170 autem
1833 4116 2065 4185 justitia

480 4210 655 4266 deitas
685 4218 768 4266 est
796 4225 917 4281 qua
945 4211 998 4264 in
1031 4210 1151 4281 ipso
1177 4211 1337 4282 viget,
1365 4229 1383 4262 ι
1410 4209 1823 4280 εοΙῙιιειίιίαξδθι
1859 4208 1914 4262 in
1943 4209 2064 4264 aliis

480 4303 789 4373 appellata;
822 4318 947 4357 cum
999 4302 1222 4373 quidem
1251 4320 1269 4353 ι
1300 4302 1393 4356 lux
1426 4317 1587 4367 vera,
1619 4317 1742 4372 qua
1776 4302 2058 4357 illuminat

479 4411 696 4449 omnem
745 4395 1018 4452 hominem
1047 4396 1355 4450 venientem
1386 4395 1442 4448 in
1477 4395 1622 4450 hunc
1664 4394 1926 4450 mundum
1962 4395 2004 4449 ⁸.
2036 4413 2054 4446 ι

2175 3377 2290 3447 φῶς
2311 3377 2452 3431 κατά
2481 3377 2577 3448 τὴν
2600 3376 2879 3446 βασιλείαν
2907 3374 3069 3428 αὑτοῦ
3094 3373 3191 3445 τὴν
3220 3374 3568 3446 ἐπουράνιον·
3626 3373 3757 3426 ἐπὰν

2171 3471 2227 3524 δὲ
2277 3470 2417 3525 κατά
2466 3470 2556 3522 τὸν
2615 3469 2937 3523 Ἀπόστολον
2989 3488 3007 3518 ‹
3040 3469 3100 3522 τὸ
3143 3468 3414 3541 πλήρωμα
3445 3466 3554 3520 τῶν
3595 3464 3755 3518 ἐθνῶν

2172 3562 2409 3634 είσελθῇ,
2453 3583 2470 3614 ι
2521 3561 2617 3615 καὶ
2666 3564 2774 3625 πᾶς
2820 3564 2848 3614 6
2895 3559 3147 3631 ἀληθινὸς
3209 3558 3427 3631 Ἰσραὴλ
3479 3559 3618 3629 μετά
3663 3557 3752 3611 τοῦ

2171 3653 2542 3724 πνευματικοῦ
2581 3652 2752 3707 Ἰούδα
2794 3652 3117 3725 σωθήσεται,
3155 3651 3250 3717 οὓς
3293 3653 3388 3706 καὶ
3413 3650 3632 3705 καλέσει
3658 3652 3751 3705 αὖ·-

2171 3747 2295 3809 τοὺς
2324 3749 2352 3798 6
2381 3744 2589 3818 Κύριος
2626 3745 2905 3815 ὀνομαστὶ,
2936 3743 3028 3809 οὒς
3057 3745 3240 3810 ἀξίους
3273 3744 3474 3808 αὐτοὺς
3497 3746 3673 3814 κρινεί
3694 3745 3750 3796 ὲν

2167 3837 2246 3908 τῷ
2291 3838 2610 3902 Ἰωσεδεκὶν,
2663 3838 2800 3912 ὅπερ
2850 3837 3214 3910 ἑρμηνεύεται
3253 3839 3308 3890 σι
3347 3833 3458 3889 τοῦ
3486 3835 3636 3890 Θεοῦ
3664 3834 3746 3888 δίο

2168 3946 2342 3983 καιοι.
2396 3931 2484 3983 Ἐν
2505 3929 2690 4002 ἐκείνῃ
2726 3929 2784 3982 δὲ
2820 3931 2886 4000 τῇ
2916 3927 3101 4000 ἡμέρᾳ
3136 3925 3272 3999 μετά
3295 3926 3357 3980 τὸ
3385 3925 3742 3996 ἐλευθερῶσαι

2165 4023 2258 4076 τὸν
2275 4021 2407 4076 Θεὸν
2430 4023 2554 4086 τοὺς
2583 4021 3017 4094 προειρημένους
3052 4019 3160 4072 ἀπὸ
3193 4019 3288 4090 τῆς
3321 4018 3426 4071 ὑπὸ
3456 4018 3549 4072 τὸν
3579 4017 3745 4072 διάϐο-

2165 4114 2255 4169 λον
2297 4113 2694 4186 αἰχμαλωσίας,
2739 4113 2815 4175 ὡς
2862 4112 3059 4184 μηκέτι
3108 4112 3206 4183 μὲν
3254 4111 3474 4181 ἐκείνῳ,
3521 4108 3742 4180 μόνιρᾶ

2164 4206 2356 4278 Κυρίῳ
2383 4205 2460 4277 τῷ
2485 4205 2604 4276 Θεῷ
2630 4203 2809 4258 αὐτῶν
2828 4202 3131 4275 λατρεύειν,
3159 4204 3491 4273 ἀναστήσειν
3520 4203 3699 4266 αὐτοῖς
3716 4201 3742 4251 6

2163 4298 2296 4362 Θεὸς
2338 4299 2677 4369 ὑπισχνεῖται
2711 4295 2933 4367 βασιλέα
2968 4295 3060 4348 τὸν
3086 4294 3266 4358 Δαυῖδ,
3293 4295 3395 4348 οὐκ
3432 4294 3594 4348 ἄλλον
3626 4295 3743 4346 ὂντα

2161 4389 2256 4444 τοῦ
2285 4391 2350 4444 ἐκ
2379 4389 2693 4461 σπέρματος
2719 4387 2882 4440 Δαυῒδ
2921 4387 3215 4458 γενομένου
3262 4387 3518 4458 Σωτῆρος
3565 4384 3738 4457 ἡμῶν,

456 4479 590 4546 Η)οο
641 4487 807 4557 igitur
851 4487 1020 4551 dicit,
1072 4487 1217 4558 quod
1263 4503 1373 4542 non
1422 4486 1671 4541 interibit
1714 4487 1800 4541 vir
1844 4487 1954 4541 dux
2005 4494 2060 4542 et

2182 4486 2218 4538 iv
2243 4484 2512 4556 διαφόρως
2549 4487 2604 4538 αἱ
2637 4485 2851 4556 Γραφα)⁸
2881 4484 2974 4537 καὶ
3001 4485 3174 4554 τούτῳ
3196 4485 3504 4554 προσεῖπαν
3529 4481 3608 4552 τῷ
3630 4480 3739 4533 ὀνό-

475 4581 732 4652 princeps
775 4580 1034 4637 Ecclesia
1075 4582 1220 4651 ejus,
1269 4581 1575 4652 spiritualis
1599 4581 1812 4637 scilicet
1856 4580 2055 4634 domus

2182 4594 2315 4630 ιατι.
2351 4577 2410 4630 ’0
2445 4577 2544 4648 μὲν
2579 4571 2673 4630 οὖν
2706 4577 2764 4628 ἐν
2792 4579 2858 4647 τῇ
2897 4575 3204 4648 προφητείᾳ
3240 4573 3405 4630 Δαυῒδ
3433 4577 3466 4630 6
3487 4575 3630 4628 κατά
3654 4573 3740 4631 τὸν

476 4675 642 4728 Israel
673 4691 688 4738 ;
718 4689 817 4729 nec
848 4674 1168 4743 spirituales
1199 4672 1294 4728 Dei
1325 4673 1645 4728 sacerdotes
1684 4686 1924 4742 unquam
1958 4671 2053 4727 de-

2182 4669 2384 4741 Ξωτῆρα
2406 4668 2564 4740 ἡμῶν
2586 4668 2705 4722 νοού
2715 4686 2872 4739 μενος
2896 4668 3181 4740 ἄνθρωπος
3204 4667 3443 4736 λέγεται·
3472 4669 3506 4739 ἡ
3530 4667 3587 4720 δὲ
3612 4668 3740 4719 ἀνα-

477 4766 721 4821 fecturos
771 4781 896 4821 esse
940 4764 1226 4835 Scriptura
1271 4766 1652 4836 pr0phetizat.
1710 4764 1840 4819 thus
1886 4763 2054 4834 spiri-

2182 4761 2282 4832 ὀλὴ
2305 4763 2338 4832 ἡ
2366 4761 2572 4823 δικαία,
2600 4761 2634 4830 ἡ
2656 4763 2775 4814 κατ’
2800 4761 2960 4815 αὑτὸν
2983 4759 3282 4832 ἐνεργοῦσα
3305 4759 3519 4829 θεότης,
3547 4779 3568 4809 ‹
3594 4758 3740 4829 ἥλιος

433 4883 436 4890 ι
472 4856 619 4910 tuale
651 4855 906 4918 ferentes,
941 4870 1272 4925 suavemque
1302 4855 1574 4910 bonorum
1602 4869 1829 4924 Opernm
1873 4852 2053 4908 dicto-

2183 4853 2492 4925 ικαιοσύνης
2524 4873 2542 4903 ι
2579 4853 2637 4905 ἐν
2681 4853 2862 4917 ἄλλοις
2890 4851 3288 4925 ὀνομαζομένη·
3338 4851 3462 4905 ἐπεὶ
3503 4851 3594 4905 καὶ
3626 4869 3643 4901 ι
3674 4849 3740 4901 τὸ

472 4964 663 5004 rumve
691 4948 915 5002 odorem
935 4987 950 5009 ,
982 4961 1196 5001 necnon
1254 4947 1600 5002 incruentam
1635 4961 1939 5018 puramque
1968 4949 2051 5002 vi-

2182 4946 2272 5010 ›ῶς
2305 4947 2364 5000 τὸ
2392 4945 2643 5017 ἀληθινὸν
2671 4945 2700 4998 ὃ
2735 4945 2960 5016 φωτίζει
2991 4945 3168 4999 πάντα
3191 4946 3477 5017 ἄνθρωπον
3510 4942 3739 5014 ἐρχόμε-

471 5041 717 5094 ctimam.
762 5037 896 5104 Qua
935 5039 1080 5092 enim
1125 5039 1182 5093 ni
1213 5038 1288 5092 ita
1321 5038 1701 5108 acceperimus
1723 5078 1739 5102 ,
1771 5039 2047 5094 mendacii

2183 5054 2242 5090 ον
2270 5039 2350 5100 εἰς
2379 5037 2470 5091 τὸν
2501 5037 2704 5109 κόσμον
2735 5058 2754 5090 ι
2797 5038 2898 5092 οὐκ
2942 5036 3076 5106 ἄλλη
3122 5054 3207 5100 τις
3245 5037 3409 5091 αὑτοῦ
3455 5037 3736 5107 τυγχάνει.

469 5129 788 5203 prophetias
817 5139 1091 5201 arguunt,
1125 5145 1251 5186 cum
1294 5131 1579 5186 terrestris
1618 5129 1843 5186 Davidis
1888 5131 2046 5185 thro-

2182 5128 2246 5199 Γῷ
2279 5127 2400 5200 Θεῷ
2436 5129 2615 5182 τοίνυν
2655 5128 2818 5200 φησὶν
2853 5129 2954 5182 οὐκ
2990 5125 3537 5198 ἐξολοθρευθήσεσθαι
3568 5125 3740 5196 ἄνδρα

468 5240 573 5280 nus
621 5223 973 5294 typicumque
1001 5222 1390 5284 sacerdotium.
1422 5238 1530 5276 non
1573 5225 1685 5291 jam
1717 5222 2042 5278 subsistant.

2182 5220 2452 5292 ιγούμενον
2482 5221 2575 5274 καὶ
2605 5220 2920 5293 προεστῶτα
2941 5223 3038 5292 τῆς
3063 5217 3384 5289 Ἐκκλησίας
3411 5216 3739 5286 αύτοῦ,ᾕτις

468 5317 692 5371 Davidis
732 5315 952 5386 quidem
987 5329 1018 5368 e
1051 5315 1260 5369 semine
1294 5330 1451 5384 reges
1479 5313 1592 5385 jam
1623 5313 1878 5368 Ieremia
1905 5325 2044 5368 tem-

2183 5312 2298 5366 στὶν
2327 5316 2356 5366 6
2398 5313 2766 5382 πνευματικὸς
2808 5309 2956 5376 οἶκος
3011 5311 3245 5383 Ἶσραήλ’
3293 5309 3408 5362 ἀλλ’
3452 5309 3571 5363 οὐδὲ
3607 5309 3738 5372 τοὺς

467 5409 696 5478 poribus
737 5405 949 5462 detrusi
987 5412 1181 5471 erant;
1227 5406 1480 5462 leviticus
1519 5421 1648 5462 vero
1672 5447 1686 5470 ,
1731 5405 2045 5462 sacerdota-

2183 5405 2287 5459 ατά
2315 5406 2553 5461 διάνοιαν
2582 5409 2748 5478 ἱερεῖς
2767 5404 2860 5459 τοῦ
2888 5405 3023 5459 Θεοῦ
3047 5404 3337 5474 διαλείψειν
3363 5405 3392 5457 6
3410 5403 3569 5472 λόγος
3596 5419 3736 5472 προ-

467 5503 640 5570 lisque
670 5499 852 5554 cultus
894 5513 1003 5554 non
1047 5498 1222 5552 multo
1271 5506 1395 5568 post
1429 5497 1734 5553 Salvatoris
1781 5498 2041 5553 incarna-

2187 5497 2389 5570 ητεύει,
2421 5499 2481 5553 τὸ
2512 5499 2882 5569 πνευματικὸν
2921 5498 3291 5568 ἀναφέροντας
3323 5495 3592 5566 θυμίαμα,
3630 5495 3738 5547 καὶ

465 5594 670 5648 tionem
699 5607 926 5648 eversus
958 5599 1043 5646 est
1071 5609 1089 5660 ;
1120 5607 1187 5644 ex
1213 5605 1322 5661 quo
1365 5606 1514 5646 nunc
1545 5605 1719 5663 usque
1760 5606 1871 5646 non
1917 5590 2044 5646 licet

2182 5591 2244 5663 ὴν
2276 5591 2344 5644 δι’
2372 5590 2551 5664 ἔργων
2573 5591 2796 5661 ἀγαθῶν
2831 5590 2923 5644 καὶ
2950 5589 3126 5660 λόγων
3153 5587 3212 5661 (ί.
3237 5587 3305 5642 56
3336 5587 3412 5657 v')
3438 5587 3604 5656 εὐώδη
3626 5586 3739 5640 καὶ

533 5778 553 5808 ³
575 5775 687 5833 Jcr.
716 5793 914 5841 χχχιιι,
950 5774 1142 5840 14,15.
1217 5774 1238 5804 ⁸
1271 5773 1404 5829 ibid.
1441 5773 1526 5841 17,
1559 5773 1642 5832 18.
1721 5772 1892 5830 “ibid.
1923 5771 2079 5829 20-25

2189 5771 2662 5832 “nauculas.
2745 5769 3153 5845 ‘ibid._9.3,‘.’.6.
3229 5760 3736 5832 7Zacbar.vl:13-

457 5850 665 5909 '.llom.
696 5847 885 5915 11,25.
932 5848 983 5935 γ’
1029 5845 1185 5902 Joan.
1220 5861 1270 5912 ι,
1309 5846 1341 5900 9
