3974 6512
245 406 385 463 1163

1298 392 1596 455 ECLOGA:
1636 392 2118 451 PROPIIE’I‘ICIE.
2162 424 2229 434 ——
2265 392 2396 448 LIB.
2439 392 2480 450 I.

3371 391 3507 445 H66

241 525 585 596 ἀναίμακτον
628 516 724 576 καὶ
761 515 1008 591 καθαρὰν
1050 492 1269 601 θυσίαν)
1304 517 1367 569 Et
1404 516 1511 587 γὰρ
1561 516 1634 587 μὴ
1678 514 1806 570 ταῦθ

1934 526 2033 567 eos
2066 509 2221 566 adire
2252 507 2580 564 Jerusalem.
2614 496 2767 574 Quod
2813 506 2857 562 si
2900 506 3165 577 objiciunt
3204 507 3376 562 Judaei
3411 524 3508 579 per

241 617 418 680 οὕτως
447 614 794 685 ἐκλὰδοιμεν,
825 612 943 684 ὥρα
968 610 1183 680 ψευδεῖς
1216 608 1538 677 ἀπελέγχειν
1573 608 1675 671 τὰς
1704 624 1830 679 προ-

243 709 498 780 φητείας,
522 705 600 776 τῷ
633 706 769 776 μήτε
794 703 885 756 τὸν
911 702 1097 773 θρόνον
1122 700 1280 754 Δαυῒδ
1313 699 1658 770 σωματικῶς,
1690 702 1825 771 μήτε

241 799 345 869 τὴν
392 796 675 869 ἱερατικὴν
716 791 1090 863 λειτουργείαν
1129 789 1223 860 τὴν
1253 792 1488 858 τυπικὴν
1527 789 1695 841 εἰσέτι
1733 787 1827 841 νῦν

243 887 592 941 συνεστάναι·
626 883 734 937 τῶν
775 883 874 955 μὲν
913 884 977 934 ἐκ
1015 881 1329 953 σπέρματος
1367 880 1529 933 Δαυῒδ
1561 880 1827 950 βασιλέων

238 977 304 1044 ἐξ
320 978 501 1033 αὐτῶν
522 978 634 1031 τῶν
672 975 933 1047 Ἰερεμίου
964 974 1169 1044 χρόνων
1194 973 1624 1037 διαλελοιπότων,
1653 976 1753 1044 τῆς
1773 972 1828 1027 δὲ

238 1071 519 1141 λευῖτικῆς
563 1070 658 1123 καὶ
702 1069 980 1140 ἱερατικῆς
1026 1065 1368 1138 λειτουργίας
1413 1065 1531 1136 μετξ
1585 1066 1646 1117 ού
1691 1065 1825 1119 πολὺ

237 1166 341 1233 τῆς
362 1162 457 1215 τοῦ
479 1163 731 1232 Σωτῆρος
754 1158 912 1232 ἡμῶν
936 1157 1255 1229 παρουσίας·
1282 1157 1340 1221 ἐξ
1365 1153 1431 1229 ἦς
1454 1157 1545 1209 καὶ
1572 1158 1651 1220 είς
1668 1156 1828 1227 δεῦρο

234 1254 364 1307 οὐδὲ
395 1253 694 1306 ἐπιϐαίνειν
718 1254 900 1315 αὐτοῖς
937 1249 1036 1319 τῆς
1078 1246 1430 1321 Ἰερουσαλὴμ
1453 1248 1678 1315 ἔξεστιν.
1715 1249 1825 1301 Καὶ

236 1346 288 1397 εί
323 1344 586 1414 φάσκοιεν
620 1361 683 1411 γε
716 1344 763 1395 οἱ
796 1344 860 1395 ὲκ
894 1341 1193 1412 περιτομῆς
1219 1340 1284 1394 δι’
1318 1340 1376 1393 ὃν
1400 1356 1529 1403 φασι
1560 1340 1825 1411 πατριάρ-

233 1454 343 1507 χην
371 1437 447 1508 μὴ
472 1435 843 1489 ἐκλελοιπέναι
862 1434 923 1487 τὺ
950 1435 1169 1505 σπέρμα
1191 1432 1370 1496 Δαυῖδ,
1402 1432 1515 1485 ἀλλ’
1538 1431 1822 1501 ἐλεγκτέον

1934 616 2100 673 quem
2147 600 2340 655 dicunt
2386 600 2755 672 patriarcham
2806 616 2919 655 non
2960 601 3238 681 deiecisse
3286 601 3508 659 Davidis

1935 712 2119 752 semen
2141 735 2157 759 ,
2194 695 2638 765 respondendum
2669 711 2777 749 non
2809 710 2971 764 posse
3001 710 3096 750 eos
3143 696 3288 749 hunc
3318 703 3508 752 osten~

1934 790 2064 844 dere
2109 789 2163 842 in
2216 788 2439 843 Davidis
2488 789 2628 843 solio
2672 788 2989 853 sedentem,
3043 789 3098 841 in
3142 789 3341 843 throno
3385 787 3508 857 ejus

1937 890 2284 951 regnantem,
2316 888 2482 952 atque
2511 880 2677 937 Israel
2729 881 3128 937 dominantem.
3185 880 3311 935 llaec
3359 884 3505 936 enim

1932 970 2217 1040 prophetia
2246 969 2381 1025 dicit
2413 987 2693 1042 nunquam
2723 987 2848 1027 esse
2886 970 3169 1026 defectura
3194 1011 3209 1035 ,
3256 988 3378 1042 quae
3417 979 3504 1025 ta-

1930 1078 2114 1117 mena
2154 1064 2489 1134 captivitatis
2524 1072 2771 1136 tempore
2820 1064 3107 1119 manifeste
3144 1063 3464 1119 defecerunt
3486 1101 3502 1127 ,

1928 1171 1996 1210 ex
2025 1172 2134 1226 quo
2159 1157 2343 1210 nullus
2370 1172 2613 1227 unquam
2642 1157 2865 1212 Davidis
2893 1172 2923 1212 e
2956 1158 3166 1213 semine
3204 1172 3302 1211 rex
3335 1156 3505 1211 Israel

1922 1248 2223 1308 invenitur.
2278 1251 2421 1320 Quid
2467 1262 2521 1308 et
2563 1252 2631 1308 de
2677 1252 2986 1309 sacerdotio
3026 1253 3308 1317 dicerent,
3356 1266 3505 1306 nunc

1930 1341 2149 1412 penitus
2188 1340 2404 1407 deleto,
2453 1340 2601 1412 quod
2644 1351 2826 1398 tamen
2871 1358 3151 1413 nunquam
3199 1343 3503 1413 periturum

1928 1434 2216 1505 prophetia
2248 1434 2625 1505 praenuntiat?

231 1546 297 1581 τε
329 1527 437 1599 (γε)
472 1528 667 1591 αὐτοὺς
706 1527 781 1599 μὴ
813 1527 1143 1597 δυναμένους
1184 1525 1461 1589 ἀποδεῖξαι
1504 1522 1811 1595 καθήμενον
1850 1524 2012 1579 αὐτὸν
2037 1525 2129 1578 ἐπὶ
2152 1525 2342 1597 θρόνου
2374 1526 2560 1593 Δαυῖδ,
2591 1528 2684 1581 καὶ
2712 1526 3062 1597 βασιλεύοντα
3082 1527 3176 1580 ἐπὶ
3231 1526 3326 1579 τοῦ
3386 1526 3504 1597 θρόι

232 1640 327 1676 νου
364 1621 550 1685 αὐτοῦ,
596 1621 689 1674 καὶ
732 1620 964 1690 ἄρχοντα
1010 1619 1100 1672 τοῦ
1155 1618 1388 1689 Ἰσραήλ·
1429 1616 1600 1669 ταῦτα
1642 1617 1811 1687 γὰρή
1850 1618 2155 1688 προφητεία
2184 1620 2318 1690 φησι
2349 1618 2708 1690 μηδεπώποτε
2736 1616 3047 1689 διαλείψειν,
3103 1620 3255 1673 ἃκαὶ
3315 1622 3504 1690 σαφῶς

233 1716 572 1787 παρίσταται
605 1709 712 1768 ἀπὸ
736 1714 843 1767 τῶν
872 1714 973 1786 τῆς
1030 1712 1407 1783 αἰχμαλωσίας
1440 1711 1646 1784 χρόνων
1678 1710 2071 1775 διαλελοιπότα,
2128 1710 2186 1778 ἐξ
2218 1708 2278 1766 οὗ
2327 1712 2463 1784 μηδὲ
2496 1706 2576 1776 είς
2647 1711 2970 1782 βασιλεύσας
3033 1711 3127 1765 τοῦ
3170 1712 3381 1784 Ἰσραὴλ
3438 1714 3503 1764 ἐκ

230 1811 331 1864 τοῦ
367 1812 680 1884 σπέρματος
717 1808 878 1863 Δαυῖδ
908 1808 1308 1863 ἀποδείκνυται·
1339 1806 1393 1860 τί
1426 1805 1472 1861 δ’
1500 1806 1568 1862 ἂν
1594 1806 1823 1877 φήσαιεν
1862 1804 1957 1859 καὶ
1983 1805 2112 1877 περὶ
2149 1806 2249 1877 τῆς
2278 1806 2520 1878 ἐναργῶς
2561 1804 2703 1859 κατὰ
2735 1805 2825 1858 τὸν
2856 1805 3100 1877 παρόντα
3130 1805 3319 1876 καιρὸν
3367 1805 3503 1858 καθιι

230 1898 519 1976 ῃρημένης
562 1896 851 1973 ίερατείας,
900 1902 966 1972 ἦν
995 1899 1353 1972 μηδεπώποτε
1394 1898 1940 1971 ἐξολοθρευθήσεσθαι
1968 1900 2002 1970 η
2029 1900 2334 1973 προφητεία
2361 1898 2757 1971 προαγορεύει;
2876 1894 2879 1897 ’

742 2016 1138 2071 ΚΕΦΑΛΑΙΟΝ
1184 2015 1308 2072 AZ'.

849 2132 960 2186 Τοῦ
1001 2131 1214 2187 αὑτοῦ.

310 2258 331 2297 α
374 2238 507 2299 Ἰδοὺ
536 2244 741 2316 ἡμέραι
778 2244 1050 2315 ἔρχονται,
1088 2245 1219 2316 φησὶ
1250 2240 1475 2317 Κύριος,
1508 2243 1602 2299 καὶ
1632 2246 1819 2318 διαθήι

229 2356 403 2410 σομαι
436 2338 513 2409 τῷ
537 2338 671 2407 οἴκῳ
713 2338 927 2409 Ἰσραὴλ
963 2339 1057 2391 καὶ
1082 2338 1160 2408 τῷ
1184 2338 1317 2408 οίκῳ
1364 2338 1531 2391 Ἰούδα
1558 2338 1819 2410 διαθήκην

224 2434 450 2505 καινήν·
489 2432 550 2484 ού
586 2429 728 2483 κατὰ
755 2429 854 2500 τὴν
886 2429 1151 2501 διαθήκην
1188 2431 1253 2500 ἢν
1283 2428 1537 2501 διεθέμην
1569 2432 1680 2494 τοῖς
1714 2447 1819 2483 πα-

220 2524 427 2595 τράσιν
459 2520 637 2575 αὐτῶν
666 2525 723 2576 ὲν
762 2520 943 2593 ἡμέρα
969 2520 1357 2593 ἐπιλαϐομένου
1388 2538 1489 2591 μου
1518 2520 1619 2591 τῆς
1637 2520 1817 2591 χειρὸς

225 2609 415 2670 αύτῶν
451 2616 742 2683 ἐξαγαγεῖν
776 2615 972 2676 αὐτοὺς
1007 2614 1070 2665 ἐκ
1097 2616 1199 2684 γῆς
1224 2613 1518 2681 Αἰγύπτου·
1553 2613 1632 2665 ὅτι
1662 2613 1817 2665 αύτοὶ

220 2706 328 2762 οὐκ
358 2708 639 2779 ἐνέμειναν
680 2710 736 2761 ἐν
770 2710 835 2778 τῇ
873 2704 1105 2777 διαθήκῃ
1144 2724 1267 2777 μου,
1302 2707 1396 2759 καὶ
1431 2704 1538 2774 ἐγὼ
1564 2704 1813 2775 ἠμέλησα

220 2801 428 2863 αὐτῶν,
461 2800 594 2871 φησὶ
615 2797 837 2870 Κύριος,
869 2802 949 2853 ὃτι
983 2798 1119 2870 αῦτη
1145 2800 1177 2870 ἡ
1199 2798 1451 2870 διαθήκη,
1478 2798 1544 2868 ἣν
1567 2797 1815 2868 διαθήσο-

226 2905 328 2963 μαι
362 2888 440 2960 τῷ
463 2889 596 2959 οἴκῳ
631 2887 866 2961 Ἰσραήλ·
896 2888 1031 2959 μετὰ
1054 2888 1148 2950 τὰς
1176 2886 1389 2958 ἡμέρας
1418 2886 1652 2948 ἐκείνας,
1680 2885 1812 2954 φησι

218 2982 454 3057 Κύριος,
489 2982 664 3046 διδοὺς
704 2978 901 3053 νόμους
947 2991 1047 3051 μου
1084 2980 1163 3043 είς
1196 2981 1295 3051 τὴν
1335 2980 1573 3033 διάνοιαν
1609 2979 1808 3041 αὐτῶν,

218 3078 318 3129 καὶ
367 3076 459 3128 ἐπὶ
504 3075 732 3146 καρδίας
772 3073 955 3127 αὐτῶν
987 3073 1186 3142 γράψω
1220 3073 1435 3135 αὐτοὺς,
1481 3073 1575 3125 καὶ
1618 3072 1809 3142 ἔσομαι

219 3170 409 3233 αὐτοῖς
446 3169 524 3231 είς
554 3167 706 3229 Θεὸν,
740 3168 834 3221 καὶ
872 3164 1031 3219 αὐτοὶ
1069 3166 1279 3219 έσονταί
1317 3181 1405 3236 μοι
1437 3166 1516 3228 εἰς
1546 3164 1689 3218 λαόν·
1718 3167 1809 3219 καὶ

215 3260 280 3313 ού
310 3260 384 3329 μὴ
410 3257 691 3323 διδάξωσιν
714 3258 943 3321 ἕκαστος
968 3257 1059 3311 τὸν
1092 3256 1318 3327 πλησίον
1343 3256 1531 3320 αὑτοῦ,
1560 3257 1654 3310 καὶ
1675 3257 1806 3310 ’ἐκα-

2436 2012 2667 2069 CAPUT
2710 2010 2971 2068 XXXVII;

2563 2124 2646 2183 Ex
2679 2127 2878 2185 eodem;

1998 2267 2020 2303 σ
2063 2248 2207 2305 Ecce
2245 2248 2364 2305 dies
2411 2248 2674 2315 venient,
2705 2249 2838 2304 dicit
2877 2247 3179 2304 Dominus:
3217 2259 3269 2303 et
3306 2237 3497 2307 feriam

1919 2340 2107 2397 domui
2156 2341 2324 2398 Israel
2368 2350 2423 2396 et
2451 2341 2637 2396 domui
2687 2341 2825 2396 Juda
2876 2340 3055 2397 fcedus
3103 2355 3304 2395 novum
3340 2359 3353 2409 ;
3386 2357 3497 2397 non

1919 2431 2219 2489 secundum
2255 2440 2496 2503 pactum,
2547 2432 2695 2503 quod
2746 2432 2924 2503 pepigi
2959 2447 3084 2487 cum
3126 2433 3378 2504 patribus
3405 2448 3500 2488 eo-

1917 2541 2061 2591 rum,
2118 2526 2172 2579 in
2220 2524 2309 2580 die
2355 2541 2461 2596 qua
2513 2522 2844 2595 apprehendi
2896 2538 3118 2578 manum
3167 2539 3379 2587 eorum,
3439 2530 3499 2578 ut

1871 2654 1875 2658 -
1915 2616 2203 2671 educerem
2230 2630 2327 2671 eos
2380 2615 2447 2671 de
2496 2622 2645 2669 terra
2696 2613 2911 2685 Egypti
2943 2630 2958 2679 ;
2989 2620 3206 2683 pactum
3241 2613 3385 2682 quod
3419 2613 3497 2667 ir-

1914 2708 2079 2762 ritum
2114 2709 2382 2773 fecerunt,
2413 2717 2467 2764 et
2492 2724 2591 2780 ego
2620 2708 2935 2763 dominatus
2965 2724 3085 2763 sum
3120 2716 3331 2771 eorum,
3362 2706 3499 2762 dicit

1913 2799 2196 2856 Dominus.
2237 2801 2340 2856 Sed
2378 2800 2483 2854 hoc
2529 2800 2634 2855 erit
2680 2811 2918 2870 pactum,
2948 2796 3095 2868 quod
3136 2797 3325 2853 feriam
3369 2811 3494 2852 cum

1912 2892 2076 2948 domo
2112 2892 2279 2948 Israel
2309 2904 2323 2946 :
2360 2890 2493 2948 Post
2520 2892 2638 2947 dies
2680 2892 2824 2953 illos,
2862 2891 2995 2945 dicit
3030 2890 3314 2955 Dominus,
3350 2889 3495 2945 dabo

1912 2985 2081 3056 legem
2130 3000 2307 3039 meam
2344 2984 2399 3039 in
2444 2984 2755 3039 visceribus
2785 2998 2997 3045 eorum,
3028 2990 3082 3037 et
3117 2982 3174 3036 in
3207 2980 3371 3037 corde
3400 2992 3497 3036 eo.

1910 3093 2032 3132 rum
2064 3075 2300 3132 scribam
2315 3091 2468 3131 eam:
2498 3083 2551 3130 et
2584 3088 2679 3131 ero
2705 3076 2785 3130 eis
2815 3075 2869 3128 in
2894 3072 3084 3137 Deum,
3116 3083 3169 3128 et
3198 3074 3299 3143 ipsi
3334 3079 3497 3127 erunt

1910 3171 2043 3224 mihi
2080 3171 2132 3223 in
2169 3168 2448 3240 populum.
2483 3167 2547 3222 Et
2580 3184 2688 3223 non
2733 3166 2951 3223 docebit
3005 3168 3145 3220 ultra
3194 3167 3279 3221 vir
3309 3169 3495 3238 proxh

1910 3278 2057 3318 mum
2085 3278 2265 3327 suum,
2297 3270 2353 3317 ct
2389 3262 2474 3316 vir
2508 3260 2729 3316 fratrem
2780 3276 2961 3325 suum,
3006 3260 3197 3315 dicens
3227 3281 3237 3314 :
3273 3259 3494 3329 Cogno-

218 3364 348 3414 στος
384 3348 475 3403 τὸν
511 3347 739 3419 ἀδελφὸν
777 3345 940 3402 αὐτοῦ
988 3348 1181 3417 λέγων,
1232 3348 1405 3401 Γνῶθι
1449 3348 1537 3402 τὸν
1581 3349 1801 3420 Κύριον·

1911 3371 2002 3411 sce
2048 3353 2338 3409 Dominum
2368 3372 2379 3408 :
2410 3369 2601 3407 omnes
2629 3354 2773 3408 enim
2807 3362 3138 3424 cognoscent
3166 3368 3270 3417 me,
3315 3368 3346 3405 a
3389 3353 3493 3406 mi:-

213 3443 301 3495 ὅτι
332 3444 532 3505 πάντες
567 3441 839 3513 εἰδήσουσί
874 3458 937 3511 με
980 3443 1087 3493 ἀπὸ
1130 3440 1327 3513 μικροῦ
1371 3440 1549 3494 αὐτῶν
1582 3441 1684 3503 ἓως
1711 3458 1808 3511 με-

213 3534 386 3603 γάλου
438 3532 635 3594 αὐτῶν,
685 3531 819 3601 φησὶ
866 3530 1089 3602 Κύριος·
1138 3531 1220 3583 ὅτι
1267 3530 1407 3594 ἵλεος
1446 3530 1641 3600 ἔσομαι
1684 3532 1805 3592 ταῖς

214 3626 458 3689 ἀδικίαις
500 3622 710 3687 αὐτῶν,
756 3624 849 3677 καὶ
894 3623 1004 3675 τῶν
1056 3622 1339 3693 ἁμαρτιῶν
1388 3622 1569 3674 αὐτῶν
1618 3621 1679 3673 ού
1729 3621 1802 3691 μὴ

218 3717 448 3789 μνησθῶ
471 3717 571 3770 ἔτι.
609 3737 625 3767 ι
662 3715 857 3785 Σαφῶς
893 3717 950 3767 ἐν
974 3718 1095 3777 ταῖς
1123 3714 1404 3775 ἐπιούσαις
1434 3712 1670 3783 ἡμέραις
1692 3727 1807 3765 και·

214 3809 314 3881 νὴν
340 3810 600 3880 διαθήκην
625 3811 651 3861 6
674 3808 874 3879 Κύριος
900 3804 1250 3877 διαθήσεσθαι
1283 3802 1653 3874 προθεσπίζει·
1683 3822 1803 3857 και-

212 3904 315 3975 νὴν
368 3904 425 3956 δὲ
472 3904 551 3973 τῷ
588 3902 757 3974 μηδὲν
812 3902 957 3973 ἔχειν
1004 3902 1189 3972 ὅμοιον
1232 3904 1298 3972 τῇ
1338 3900 1571 3973 παλαιᾷ,
1619 3902 1685 3972 ἦν
1717 3900 1803 3955 διὰ

213 3994 497 4057 Μωῦσέως
552 3994 609 4045 ἐν
653 3997 719 4064 τῇ
754 3994 944 4064 ἐρήμῳ
980 3992 1223 4045 δοθεῖσαν
1273 3992 1797 4063 προμεμαθήκαμεν.

211 4082 282 4136 Τί
310 4082 353 4134 δ’
383 4085 449 4136 ἂν
482 4083 618 4153 πρὸς
651 4082 826 4136 ταῦτα
856 4086 1009 4151 φαῖεν
1036 4084 1082 4134 οί
1112 4084 1175 4134 ἐκ
1205 4084 1527 4153 περιτομῆς,
1557 4081 1801 4151 ἐναργῶς

211 4174 546 4229 ἀποϐλέπειν
571 4174 971 4246 ἐπιχειροῦντες
996 4177 1115 4237 ταῖς
1143 4174 1522 4244 προφητείαις,
1552 4174 1643 4225 καὶ
1674 4174 1801 4243 μᾶλ-

209 4264 305 4318 λον
339 4264 653 4335 αἱρούμενοι
691 4265 898 4327 ἀτελεῖς
940 4266 1109 4329 αὐτὰς
1142 4265 1505 4318 ἐπιδεικνύναι
1545 4266 1576 4335 ἢ
1615 4266 1797 4318 πείθε-

213 4357 341 4410 σθαι
373 4359 440 4427 τῇ
487 4356 734 4428 ἀληθείᾳ,
770 4357 858 4410 διὰ
899 4358 992 4409 τοῦ
1040 4357 1437 4427 παραδέχεσθαι
1468 4358 1563 4429 τὴν
1607 4357 1798 4428 καινὴν

210 4446 322 4499 τῶν
368 4447 716 4514 Εύαγγελιῶν
762 4447 856 4500 τοῦ
909 4448 1160 4518 Σωτῆρος
1204 4447 1361 4519 ἡμῶν
1402 4447 1687 4518 διαθήκην,
1729 4445 1795 4520 ἦς

211 4538 667 4608 παραγενομένης
700 4537 1073 4591 πεπαλαίωται
1106 4542 1137 4609 η
1175 4539 1386 4610 πρώτη,
1424 4540 1596 4610 πέρας
1627 4542 1796 4611 ἴσχειν

207 4629 497 4699 ἀρξαμένη
522 4629 581 4693 ἐξ
600 4632 722 4683 ὃτου
748 4630 1192 4701 παραγενόμενος
1212 4633 1239 4683 6
1259 4631 1489 4702 Χριστὸς
1511 4632 1793 4703 ἐπλήρωσε

1912 3449 2062 3503 nimo
2106 3464 2299 3503 eorum
2352 3462 2526 3516 usque
2576 3448 2644 3501 ad
2692 3448 3011 3511 maximum,
3064 3448 3140 3501 ait
3188 3447 3486 3508 Dominus.

1912 3539 2039 3609 quia
2070 3538 2409 3607 propitiabor
2440 3537 2715 3607 iniquitati
2745 3545 3027 3599 eorum.et
3057 3538 3269 3608 peccati
3297 3552 3486 3592 eorum

1911 3647 2018 3685 non
2050 3631 2394 3684 memorabor
2422 3630 2657 3700 amplius
2682 3630 2744 3681 ‘°.
2783 3648 2801 3681 ι
2840 3628 3126 3685 Manifeste
3156 3629 3209 3682 in
3250 3642 3487 3699 sequens

1909 3722 2057 3778 tibus
2100 3722 2295 3777 diebus
2350 3738 2552 3777 novum
2608 3728 2993 3777 testamentum
3044 3718 3308 3774 Deminus
3358 3735 3387 3772 a
3428 3732 3487 3775 se

1910 3814 2211 3869 feriendum
2257 3813 2613 3884 pronuntiat;
2659 3823 2882 3877 norum,
2926 3812 3128 3882 quippe
3172 3811 3315 3881 quod
3349 3812 3487 3866 nihil

1906 3907 2074 3962 veleri
2094 3908 2270 3963 simile
2288 3907 2630 3978 haberet,per
2646 3904 2864 3978 Moysen
2887 3907 2943 3961 in
2964 3906 3182 3962 deserto
3200 3904 3487 3976 pervulga-

1909 4009 2042 4057 tum.
2075 3999 2213 4067 Quid
2257 4002 2324 4057 ad
2380 4003 2495 4057 hau:
2550 4003 2941 4072 responderent
2984 4000 3177 4068 Judaei,
3210 4000 3401 4056 oculos
3454 4014 3486 4053 a

1908 4092 2208 4162 prophetiis
2272 4102 2517 4150 avertere
2564 4104 2870 4159 conantes,
2924 4108 3125 4161 easque
3185 4092 3484 4161 inexpletas

1905 4199 2070 4253 quam
2101 4200 2258 4240 veras
2290 4184 2519 4239 inveniri
2560 4184 2847 4248 malentes,
2884 4190 3108 4253 accepto
3159 4181 3480 4252 Evangelio‘

1904 4289 2026 4329 rum
2082 4274 2383 4331 Salvatoris
2423 4276 2597 4330 nostri
2656 4282 3008 4339 testamento,
3058 4287 3169 4343 quo
3217 4284 3481 4342 superch

1904 4368 2088 4424 niente
2132 4370 2284 4439 prius
2327 4370 2686 4423 inveteratum
2720 4372 2844 4433 est;
2881 4367 3023 4440 quod
3059 4365 3278 4437 quidem
3328 4365 3480 4421 desis

1903 4478 2033 4517 nere
2084 4462 2249 4531 coepit
2296 4477 2360 4516 ex
2405 4477 2515 4532 quo
2565 4461 2956 4531 superveniens
3001 4459 3254 4514 Christus
3304 4459 3477 4529 legem

1902 4560 2065 4620 atque
2121 4551 2188 4605 de
2241 4566 2299 4605 se
2349 4551 2469 4621 ipso
2518 4550 2832 4621 prophetias
2882 4549 3143 4619 implevit.
3202 4547 3477 4604 Venturos

1902 4644 2067 4713 igitur
2093 4642 2226 4698 dicit
2255 4642 2392 4707 dies,
2442 4642 2642 4713 quibus
2690 4642 2846 4697 feriet
2888 4638 3152 4698 DOminus
3182 4650 3478 4698 testamen~

208 4721 300 4774 τὸν
333 4721 503 4791 νόμον,
528 4722 622 4774 καὶ
646 4722 744 4783 τὰς
763 4722 889 4793 περί
913 4718 1077 4775 αύτοῦ
1104 4722 1455 4794 προφητείας.
1484 4722 1670 4799 ’ξΗξειν
1696 4726 1794 4795 μὲν

1911 4746 2014 4791 Lum
2046 4735 2421 4807 novum,quod
2453 4735 2507 4790 in
2538 4735 2867 4806 evangelicis
2888 4736 3155 4806 scriptum
3187 4740 3272 4791 est
3298 4736 3472 4791 libris.

207 4809 303 4866 οὖν
344 4812 557 4883 ἡμέρας
602 4815 658 4866 ἐν
698 4810 782 4877 αἶς
824 4812 1175 4885 διαθήσεσθαί
1204 4832 1367 4886 φησιν
1401 4818 1428 4869 6
1461 4816 1663 4887 Κύριος
1695 4817 1793 4888 τὴν

208 4902 405 4973 καινὴν
450 4903 745 4976 διαθήκην·
781 4904 924 4957 τοῦτ’
968 4906 1080 4959 ἔστι
1120 4906 1218 4976 τὴν
1274 4906 1548 4979 ἔγγραφον
1590 4908 1647 4963 ἐν
1684 4914 1793 4974 τοῖς

208 4996 407 5065 (ἐντὸς)
436 4994 543 5047 τῶν
578 4995 952 5063 εὐαγγελικῶν
981 4995 1221 5066 βιϐλίων.
1265 4997 1424 5070 Ἑξῆς
1462 4999 1505 5051 δ’
1542 5001 1792 5074 ἐπιφέρει

205 5088 383 5156 λέγων
410 5088 438 5139 6
472 5088 632 5151 αύτὸς
663 5085 886 5159 Κύριος,
918 5088 993 5153 ὡς
1030 5089 1168 5160 μετὰ
1191 5090 1289 5155 τὰς
1315 5093 1528 5163 ἡμέρας
1553 5094 1787 5161 ἐκείνας,

204 5180 266 5232 ἐν
306 5181 499 5243 αὑταῖς
534 5179 594 5247 (ι.
632 5180 720 5249 '57)
756 5183 875 5245 ταῖς
908 5182 1169 5246 διανοίαις
1198 5182 1305 5236 τῶν
1339 5184 1789 5257 παραδεξομένων

203 5267 305 5337 τὴν
348 5269 540 5339 καινὴν
571 5268 837 5341 διαθήκην
878 5271 1169 5342 ἐγγράφων
1214 5274 1340 5337 τοὺς
1382 5274 1541 5339 ίδίους
1568 5276 1785 5348 νόμους,

203 5358 349 5412 ὥστε
375 5360 571 5423 αὐτοὺς
599 5356 737 5413 εἶναι
762 5366 840 5424 είς
868 5361 994 5416 λαὸν
1024 5363 1099 5433 τῷ
1131 5364 1270 5435 Θεῷ,
1301 5366 1392 5418 καὶ
1412 5367 1577 5419 αύτδν
1606 5368 1787 5432 αὐτοῖς

202 5452 287 5513 είς
322 5450 477 5514 Θεὸν,
529 5452 777 5522 οὐδαμῶς
821 5453 912 5505 ὑπ’
940 5454 1284 5529 ἀνθρωπίνης
1313 5457 1659 5523 διδασκαλίας
1693 5460 1784 5512 ἐπὶ

200 5542 264 5596 τὸ
288 5541 578 5611 γινώσκειν
600 5544 689 5596 τὸν
715 5546 916 5617 Κύριον
944 5550 1430 5619 παραγινομένους,
1456 5552 1782 5624 αὐτομαθείς

201 5633 249 5684 δ’
276 5634 488 5707 ὥσπερ,
535 5636 735 5707 μᾶλλον
774 5639 831 5692 δὲ
873 5639 1244 5706 θεοδιδάκτους
1286 5644 1603 5715 ἐσομένους,
1637 5646 1665 5699 ὃ
1695 5649 1786 5701 καὶ

201 5726 338 5780 αὐτὸ
385 5729 689 5800 καταμάθοι
732 5731 797 5784 ἄν
852 5744 937 5796 τις
983 5734 1124 5787 κατά
1170 5736 1260 5791 τὸν
1314 5738 1553 5811 παρόντα
1597 5741 1787 5813 καιρὸν

278 5884 325 5918 ¹⁰
370 5884 482 5941 Jer.
517 5903 667 5952 xxxi,
702 5889 887 5946 51-56.

1894 4829 2029 4885 Dein
2065 4830 2290 4899 subjici:
2337 4828 2526 4884 dicens
2557 4829 2673 4901 ipse
2708 4828 2993 4892 Dominus,
3026 4830 3169 4896 quod
3210 4838 3331 4899 post
3358 4829 3477 4885 dies

1892 4923 2015 4977 illos
2068 4923 2123 4976 in
2173 4922 2484 4977 visceribus
2518 4936 2707 4977 eorum
2760 4922 2850 4994 qui
2907 4938 3106 4977 novum
3160 4923 3476 4990 acceperint

1892 5024 2299 5081 testamentum,
2331 5017 2477 5088 leges
2500 5024 2627 5072 suas
2674 5017 2897 5079 scribet,
2933 5024 2993 5069 ut
3020 5016 3129 5070 sint
3152 5014 3228 5068 illi
3272 5013 3383 5069 Deo
3418 5014 3472 5068 in

1891 5108 2172 5179 populum,
2204 5109 2429 5180 ipseque
2469 5109 2577 5165 illis
2621 5110 2673 5164 in
2732 5109 2924 5172 Deum,
2978 5108 3201 5163 minime
3234 5106 3471 5162 humana

1892 5201 2139 5256 doctrina
2168 5201 2234 5255 ad
2262 5201 2474 5256 deini
2498 5200 2780 5256 scientiam
2812 5201 3051 5263 adducti,
3086 5200 3179 5254 sed
3206 5199 3274 5253 ab
3304 5198 3470 5272 ipsis-

1893 5292 2143 5363 metipsis
2170 5290 2252 5347 vel
2297 5293 2479 5362 potius
2510 5309 2537 5345 a
2569 5291 2681 5347 Deo
2719 5288 2919 5351 edocti.
2961 5308 3081 5362 quae
3121 5292 3336 5360 quidem
3372 5308 3469 5346 no-
3574 5344 3577 5347 γ

1894 5392 2013 5437 stro
2039 5390 2289 5453 tempore
2319 5384 2540 5453 impleta
2569 5384 2748 5454 quivis
2781 5383 2937 5438 facile
2974 5383 3254 5453 percipiet.
3298 5381 3469 5453 Quip-

1891 5484 1959 5538 pe
1991 5469 2175 5525 videre
2205 5479 2290 5525 est
2322 5473 2597 5541 quomodo
2633 5472 2685 5526 in
2723 5474 2931 5527 viscera
2981 5476 3035 5527 et
3067 5473 3234 5528 corda
3276 5488 3467 5528 eorum

1889 5565 1985 5633 qui
2018 5579 2113 5635 per
2139 5562 2416 5620 Christum
2453 5565 2507 5619 in
2557 5566 2722 5620 Deum
2762 5566 3013 5630 credunt,
3065 5580 3265 5620 novum
3297 5572 3467 5621 testa-

1894 5663 2135 5708 mentum
2158 5651 2487 5724 Dominiq-ue
2522 5656 2673 5727 leges
2699 5656 2901 5725 scripta
2946 5656 3074 5720 sint,
3114 5656 3463 5726 perspicienti

1895 5743 2037 5799 inter
2080 5760 2183 5799 nos
2220 5744 2624 5802 multitudinem
2657 5747 2993 5817 privatorum
3031 5747 3312 5803 hominum
3362 5747 3467 5803 hac
