3974 6512
558 378 697 436 “37

1266 377 1538 436 EUSEBII
1575 373 2054 433 CESARIENSIS
2089 375 2125 432 0

2228 419 2239 431 .
2282 375 2463 432 rans
2500 374 2591 432 ιιι.
2621 406 2690 416 -
2730 360 3140 429 EXEGETICA.

3608 375 3707 433 H68

555 492 772 564 egregia
801 497 855 546 et
884 490 1130 562 sapiente
1160 489 1513 561 pmditorum
1544 489 1769 553 virtute,
1799 503 1964 559 quam
1993 503 2125 559 aegre

2235 488 2626 561 πληρούμενονο
2676 488 2776 543 ῐδοι
2822 489 2866 544 δ’
2905 487 2972 542 ἄν
3011 503 3095 550 τις
3123 485 3268 548 ὅπως
3297 483 3380 538 ἐπὶ
3413 485 3497 551 τὰς
3531 487 3708 554 διανοίας

555 581 612 637 in
653 583 958 637 litterarum
1003 581 1353 652 peritissimis
1382 592 1547 652 atque
1580 581 1979 650 scripturarum
2013 587 2132 635 stu-

554 677 648 732 dio
677 675 1118 730 incumbentibus
1148 674 1443 730 inveneris.

2238 567 2455 644 καὶτὰς
2484 579 2711 651 καρδίας
2731 579 2840 633 τῶν
2869 579 2958 632 διὰ
2983 575 3220 648 Χριστοῦ
3249 577 3326 640 είς
3349 575 3432 630 τὸν
3458 575 3568 630 Θεδν
3590 597 3708 633 πεπι-

2233 673 2532 729 στευκότων
2568 676 2601 744 ή
2638 674 2796 745 καινὴ
2827 673 3058 744 διαθήκη
3088 671 3180 726 καὶ
3205 672 3254 725 oi
3289 671 3377 725 τοῦ
3414 673 3584 744 Κυρίου
3603 676 3712 746 νόμοι

554 771 926 844 γεγραμμένοι
959 773 1117 836 εἰσιν,
1153 772 1200 824 εί
1230 770 1534 842 καταμάθοι
1600 769 1658 824 ὲν
1687 771 1818 842 ήμῖν
1856 767 2059 840 πλῆθος
2111 766 2320 840 ἀνδρῶν
2367 767 2644 834 παντελῶς
2705 768 2928 824 ἰδιωτῶν
2983 766 3238 838 τοιαύτην
3291 765 3712 838 ὲνεπιᾱικνυμέίκιιν

554 866 808 938 ινάρετον
851 867 946 921 καὶ
987 866 1352 938 ὲμφιλόσοφον
1385 867 1680 932 πολιτείαν,
1729 867 1796 938 ἣν
1865 867 1924 920 ού
1997 864 2208 935 ταχέως
2244 864 2391 918 ἐστὶν
2427 868 2607 938 εὑρεῖν
2653 866 2804 938 παρὰ
2843 868 2958 930 τοῖς
2993 863 3300 935 φιλολογίαν
3338 863 3610 935 ἠσκηκόσιν,
3648 865 3713 918 καὶ

555 959 697 1031 μέγα
735 959 1018 1033 φρονοῦσιν
1050 961 1142 1014 ἐπὶ
1170 963 1234 1031 τῇ
1265 961 1374 1014 τῶν
1403 961 1629 1032 γραφῶν
1669 959 1888 1033 μελέτῃ.

1061 1075 1292 1132 CAPUT
1336 1074 1626 1130 XXXVIII.

1187 1189 1231 1243 E
1258 1189 1497 1244 Threnis.

635 1323 656 1358 ι
690 1304 931 1376 Spiritus
975 1307 1091 1361 oris
1135 1307 1308 1362 nostri
1339 1307 1594 1362 Christus
1646 1303 1909 1358 Dominus
1937 1309 2131 1373 captus

553 1405 634 1453 est
665 1399 718 1452 in
751 1399 993 1468 peccatis
1031 1415 1242 1461 eorum,
1285 1401 1371 1454 cui
1407 1398 1648 1453 diximus
1680 1416 1692 1451 :
1737 1395 1796 1450 In
1822 1397 2012 1450 umbra
2039 1404 2130 1450 tua

551 1491 800 1546 vivemus
849 1491 904 1544 in
958 1492 1300 1560 gentibus“.
1340 1511 1357 1543 ι
1407 1490 1503 1544 Ilic
1551 1489 1830 1544 Christum
1874 1503 2132 1558 expresse

551 1583 843 1638 nominans
882 1583 1100 1638 divinus
1135 1582 1389 1654 Spiritus,
1439 1582 1750 1638 Iudaeorum
1791 1581 2131 1650 persecutio-

552 1692 650 1731 nes
677 1677 1060 1746 praenuntiavit
1089 1679 1192 1732 hoc
1224 1679 1408 1739 verbo,
1437 1701 1453 1727 ι
1475 1688 1669 1746 captus
1699 1684 1783 1731 est
1811 1677 1865 1730 iu
1893 1675 2130 1746 peccatis

554 1779 816 1821 eorum.»
869 1767 1040 1838 Cujus
1099 1770 1201 1824 sub
1253 1771 1588 1827 munimento
1643 1773 1940 1841 umbraque
1985 1768 2133 1840 ipsos

550 1860 796 1914 victuros
840 1875 964 1915 esse
1015 1861 1210 1931 spiritu
1251 1863 1619 1930 prmvidebaut
1663 1864 1976 1935 propheta},
2051 1861 2134 1914 vi-

2741 1073 3139 1131 ΚΕΦΑΛΑΙΟΝ
3177 1072 3306 1128 AH'.

2733 1189 2867 1246 Ἀπὸ
2903 1188 3023 1243 τῶν
3062 1188 3322 1258 Θρήνων.

2313 1321 2332 1354 ι
2380 1303 2604 1375 Πνεῦμα
2647 1283 2937 1374 προσώπου
2977 1302 3132 1373 ήμῶν
3173 1301 3396 1372 Χριστὸς
3439 1300 3607 1371 Κύριος
3633 1318 3718 1353 συν-

2237 1392 2441 1466 ελήφθη
2473 1396 2529 1447 ἐν
2557 1396 2677 1457 ταῖς
2701 1394 3014 1466 διαφθοραῖς
3041 1393 3239 1458 αὐτῶν,
3272 1385 3329 1445 οὗ
3357 1392 3566 1461 εἴπομεν,
3591 1392 3716 1463 Ἐντῇ

2240 1486 2368 1554 σκιᾷ⁴
2394 1485 2558 1538 αὑτοῦ
2595 1483 2870 1556 ζησόμεοα
2899 1488 2956 1538 ὲν
2985 1487 3096 1547 τοῖς
3132 1483 3351 1536 ἔθνεσιν.
3384 1501 3400 1532 ι
3430 1483 3524 1535 Kal
3550 1481 3719 1535 ἐνταῦθα

2236 1573 2328 1629 τὸν
2367 1575 2599 1647 Χριστὸν
2640 1577 2934 1650 διαρρήδην
2981 1576 3254 1647 όνομάσαν
3288 1574 3346 1628 τὸ
3387 1573 3510 1627 θεῖον
3541 1574 3717 1644 Πνεῦμα,

2235 1664 2335 1736 τήν
2365 1665 2468 1718 ὑπὸ
2510 1665 2775 1720 Ἰουδαίων
2809 1665 3098 1736 ἐπιϐουλὴν
3144 1664 3519 1736 προυθέσπισεν
3550 1663 3618 1721 διὰ
3639 1663 3717 1724 τοῦ,

2243 1774 2260 1808 ι
2302 1755 2608 1830 συνελήφθη
2649 1759 2706 1812 ὲν
2738 1760 2858 1822 ταῖς
2897 1757 3214 1830 διαφθοραῖς
3253 1757 3441 1812 αὐτῶν·
3470 1777 3486 1810 ι
3518 1757 3720 1810 τούτουᾶ

2237 1848 2342 1904 ὑπὸ
2379 1848 2477 1921 τὴν
2515 1848 2724 1922 σκέπην
2753 1852 2848 1905 καὶ
2878 1851 2976 1922 τὴν
3022 1850 3179 1904 σκιὰν
3219 1849 3527 1922 ζησομένους
3558 1848 3720 1912 ἑαυτοὺς

551 1957 850 2022 cturosque
887 1953 941 2006 in
984 1953 1240 2024 gentibus
1274 1970 1395 2024 quae
1432 1956 1484 2009 in
1515 1955 1798 2010 Christum
1842 1952 2125 2009 creditura

2235 1940 2313 2013 τῷ
2335 1941 2605 2013 πνεύματι
2634 1943 2928 2021 προεώρων
2952 1947 3004 1998 οί
3036 1947 3332 2019 προφῆται,
3355 1943 3443 1997 καὶ
3471 1943 3723 2014 ζησομένους

551 2048 718 2112 atque
749 2059 846 2114 per
882 2060 1006 2100 eum
1056 2047 1443 2117 prophetarum
1481 2045 1795 2118 Scripturas
1826 2053 2131 2117 acceptura

549 2141 756 2190 essent.

1083 2333 1310 2390 CAPUT
1350 2335 1589 2391 XXXIX.

1167 2448 1217 2502 Ε
1245 2450 1478 2507 Barac/1.

627 2580 650 2615 ε
683 2561 818 2629 Quis
865 2563 1114 2619 ascendit
1158 2565 1212 2620 in
1264 2567 1488 2629 malum,
1538 2573 1592 2620 et
1640 2565 1852 2636 accepit
1901 2582 2040 2630 eam,
2075 2575 2130 2622 et

547 2652 734 2709 eduxit
768 2669 886 2709 eam
928 2655 996 2710 de
1035 2657 1315 2713 nubibus?
1352 2656 1488 2724 Quis
1537 2656 1910 2713 transfretavit
1958 2672 2126 2720 mare,

548 2754 602 2801 ct
649 2748 856 2803 invenit
906 2750 1077 2814 illam,
1131 2759 1185 2805 et
1220 2752 1402 2806 attulit
1431 2767 1550 2805 eam
1590 2767 1754 2821 super
1788 2767 1982 2805 aurum
2027 2751 2130 2806 ele-

549 2847 700 2893 ctum
729 2841 751 2894 ?
796 2839 917 2896 Non
970 2849 1053 2896 est
1086 2842 1179 2912 qui
1232 2843 1405 2912 possit
1454 2842 1597 2898 scire
1631 2843 1749 2898 vias
1776 2842 1919 2912 ejus,
1954 2857 2129 2912 neque

547 2933 642 3002 qui
689 2934 943 3002 exquirat
993 2934 1215 2989 semitas
1245 2935 1402 3002 ejus:
1448 2935 1541 2990 sed
1570 2935 1662 3004 qui
1708 2937 1811 2990 scit
1849 2935 2125 3000 universa,

549 3024 703 3078 norit
742 3039 884 3090 eam,
921 3032 977 3080 et
1029 3026 1309 3082 adinveuit
1356 3042 1474 3082 eam
1513 3027 1798 3096 prudentia
1849 3043 1988 3082 sua:
2037 3028 2128 3098 qui

549 3118 881 3185 praeparavit
927 3127 1131 3172 terram
1164 3118 1217 3171 in
1251 3129 1455 3173 aeterno
1510 3127 1776 3190 tempore,
1820 3127 1874 3175 et
1903 3121 2130 3191 replevit

548 3223 668 3263 eam
709 3209 1012 3280 pecudibus
1041 3218 1094 3264 et
1137 3211 1627 3282 quadrupedibus:
1679 3213 1772 3282 qui
1809 3214 2009 3269 emittit
2045 3215 2127 3268 lu-

2230 2037 2289 2088 ὲν
2327 2036 2442 2098 τοῖς
2479 2033 2658 2088 ἔθνεσι
2709 2038 2820 2101 τοῖς
2870 2036 3154 2108 μέλλουσιν
3187 2040 3269 2102 εἰς
3308 2037 3395 2091 τὸν
3434 2036 3628 2106 Χριστὸν
3660 2054 3722 2088 τις

2231 2126 2464 2191 στεύειν,
2497 2129 2594 2182 καὶ
2621 2129 2689 2183 δι’
2714 2128 2880 2184 αύτοῦ
2912 2130 3011 2195 τὰς
3041 2130 3150 2186 τῶν
3182 2129 3466 2203 προφητῶν
3496 2127 3722 2201 παραδέχε-

2231 2217 2355 2273 σθαι
2382 2219 2624 2291 Γραφάς.

2739 2338 3134 2392 ΚΕΦΑΛΑῙΟΝ
3175 2338 3296 2393 ΛΘ’.

2740 2449 2873 2504 Ἀπὸ
2911 2451 3018 2505 τοῦ
3054 2454 3311 2523 Βαρούχ.

2305 2577 2323 2609 ι
2360 2559 2457 2622 Τίς
2483 2559 2652 2631 ἀνέϐη
2681 2563 2760 2625 εἰς
2787 2562 2876 2614 τὸν
2901 2564 3149 2634 οὐρανὸν,
3175 2565 3271 2618 καὶ
3292 2563 3471 2618 ἔλαϐεν
3491 2564 3723 2635 αὑτὴν,γαὶ

2231 2651 2592 2705 κατεϐίϐασεν
2621 2653 2792 2723 αὐτὴν
2820 2655 2883 2706 ἐκ
2904 2654 3012 2706 τῶν
3041 2655 3314 2725 νεφελῶν;
3341 2656 3431 2720 Τίς
3451 2657 3579 2728 διέϐη
3602 2656 3723 2727 πέραν

2232 2742 2528 2816 θαλάσσης,
2563 2745 2659 2798 καὶ
2693 2741 2849 2817 εὗρεν
2881 2747 3071 2818 αὐτὴν,
3107 2748 3201 2801 καὶ
3233 2749 3368 2802 οἴσει
3395 2750 3543 2820 αὐτὴν
3565 2749 3724 2820 χρυσίου

2231 2837 2525 2903 sidat-:06;
2577 2839 2689 2893 Οὐκ
2735 2840 2878 2893 ἔστιν
2927 2842 2953 2894 ὁ
2997 2841 3282 2910 γινώσκων
3321 2844 3414 2914 τήν
3452 2843 3554 2896 ὁδον
3589 2842 3729 2910 αὐτῆς

2231 2929 2350 2982 οὐδὲ
2373 2931 2400 2982 ὁ
2430 2930 2830 3002 ἐνθυμούμενος
2863 2933 2961 3004 τὴν
2993 2934 3177 3005 τρίϐον
3204 2937 3392 3006 αὐτῆς.
3435 2937 3554 2988 Ἀ)λ“
3574 2938 3597 2988 ό
3620 2937 3726 2997 εἰδὼς

2229 3021 2299 3075 τὰ
2335 3022 2512 3075 πάντα
2539 3022 2796 3091 γινώσκει
2832 3025 3020 3096 αὐτὴν,
3055 3023 3276 3097 ἐξεῦρεν
3310 3029 3468 3098 αὐτὴν
3493 3031 3548 3098 τῇ
3577 3027 3727 3081 συνέσει

2230 3111 2418 3165 αὐτοῦ’
2460 3116 2488 3166 ὁ
2521 3115 2611 3166 καὶ
2642 3115 3056 3180 κατασκευάσας
3085 3117 3182 3188 τὴν
3225 3121 3330 3190 γῆν
3381 3122 3455 3182 εἰς
3497 3119 3575 3171 τὸν
3608 3117 3728 3170 αἰῶνα

2232 3204 2440 3276 χρόνον,
2493 3205 2786 3275 ἐνέπλησεν
2839 3208 3008 3279 αὐτὴν
3061 3210 3278 3279 κτηνῶν
3329 3211 3643 3281 τετραπόδων.
3690 3209 3728 3259 ’0

547 3317 696 3368 men,
733 3310 788 3356 et
822 3302 1014 3356 vadit:
1058 3311 1111 3357 et
1163 3304 1379 3357 vocavit
1424 3303 1582 3368 illud,
1632 3313 1687 3360 et
1732 3305 1916 3360 obcdit
1945 3306 2021 3359 illi
2072 3307 2124 3359 iu

2231 3295 2578 3349 ἀποστέλλων
2607 3296 2667 3349 τὸ
2701 3297 2816 3367 φῶς
2857 3299 2949 3352 καὶ
2996 3301 3312 3371 πορεύεται,
3360 3303 3588 3356 ἐκάλεσεν
3621 3299 3728 3357 αὐτὸ,

548 3401 810 3449 tremore.
847 3392 1029 3450 Stellae
1057 3405 1241 3448 autem
1276 3394 1544 3450 dederunt
1575 3397 1756 3452 lumen
1788 3397 1842 3452 in
1870 3397 2134 3454 custodiis

548 3488 688 3551 suis.
732 3495 787 3542 ct
839 3488 1030 3544 [aetatm
1068 3497 1238 3544 sunt:
1291 3489 1506 3544 vocavit
1556 3505 1671 3554 eas,
1723 3501 1777 3546 et
1827 3491 2128 3547 dixerunt:

547 3580 824 3637 Adsumus
847 3602 861 3638 :
884 3591 938 3636 et
966 3583 1221 3637 luxerunt
1245 3582 1293 3636 ei
1334 3597 1458 3636 cum
1482 3582 1845 3652 jucunditale,
1881 3584 1974 3654 qui
2005 3583 2133 3639 fecit

550 3670 696 3727 illas.
731 3670 831 3728 IIic
858 3680 942 3728 est
974 3672 1117 3727 Deus
1146 3680 1354 3738 noster,
1387 3681 1441 3728 et
1477 3689 1584 3728 non
1606 3674 1968 3729 azstimahitur
1989 3676 2130 3731 alius

543 3765 814 3822 adversus
847 3782 992 3821 eum.
1042 3765 1142 3820 Hic
1187 3767 1468 3828 adinvenit
1505 3782 1722 3822 omnem
1774 3768 1916 3822 viam
1965 3767 2128 3823 disci-

549 3857 762 3926 plinae;
797 3866 851 3912 et
874 3857 1100 3912 tradidit
1127 3858 1275 3919 illam
1320 3856 1491 3912 Jacob
1523 3872 1696 3928 puero
1724 3873 1846 3921 suo,
1881 3865 1934 3914 et
1961 3855 2130 3914 Israel

546 3946 749 4005 dilecto
801 3964 920 4004 suo.
966 3948 1095 4004 Post
1135 3950 1247 4005 haec
1281 3951 1334 4004 in
1371 3949 1533 4006 terris
1568 3949 1719 4006 visus
1757 3957 1862 4014 est,
1914 3958 1969 4006 et
2005 3965 2128 4005 cum

548 4038 866 4096 hominibus
905 4052 1268 4098 conversatus
1309 4051 1393 4098 est
1421 4044 1484 4097 η.
1537 4062 1555 4093 ι
1590 4042 1724 4109 Quis
1777 4044 2027 4099 ascendit
2074 4043 2130 4098 in

547 4131 769 4196 caelum,
807 4133 903 4195 ait,
933 4141 987 4188 et
1026 4133 1237 4204 accepit
1265 4134 1426 4189 eam?
1459 4141 1514 4188 et
1564 4135 1772 4204 reliqua
1801 4153 1814 4198 ;
1862 4135 2134 4205 comperi-

546 4240 672 4280 mus
695 4242 726 4280 a
753 4233 946 4281 sancto
984 4227 1245 4296 Apostolo
1271 4227 1417 4298 quod
1463 4246 1481 4279 ι
1535 4228 1627 4296 qui
1661 4227 1944 4283 descendit
1968 4227 2128 4286 Iesus

545 4317 822 4383 Christus,
853 4319 971 4389 ipse
1004 4327 1088 4374 est
1115 4326 1168 4374 et
1198 4319 1290 4390 qui
1313 4320 1565 4375 ascendit
1597 4334 1762 4390 super
1789 4334 1981 4376 onmes
2007 4334 2125 4374 cm-

546 4408 716 4466 Ios".
761 4429 782 4462 ι
841 4409 946 4476 Qui
1001 4418 1055 4465 et
1089 4417 1344 4480 suscepto
1387 4408 1625 4480 Spiritus
1665 4411 1842 4466 sancti
1878 4427 2121 4477 munere,

545 4499 754 4556 dimisit
782 4507 946 4569 atque
988 4499 1188 4554 infudit
1217 4503 1272 4554 in
1306 4515 1496 4555 eorum
1535 4500 1748 4556 animas
1781 4502 1874 4572 qui
1903 4517 2124 4572 accepe-

546 4598 674 4646 runt
707 4590 837 4646 illud
871 4608 886 4657 ;
917 4591 1062 4646 unde
1102 4591 1158 4644 in
1203 4589 1436 4646 Psalmis
1467 4591 1710 4648 dicitur:
1753 4611 1771 4651 ι
1814 4592 2120 4648 Ascendisti

546 4685 604 4738 in
643 4684 850 4748 altum,
897 4685 1091 4755 cepisti
1129 4685 1522 4754 captivitatem,
1579 4686 1838 4755 accepisti
1893 4685 2035 4740 dona
2065 4686 2120 4741 in

545 4776 861 4832 hominibus
890 4777 953 4834 “.
987 4797 1004 4829 ι
1050 4776 1181 4833 Post
1205 4777 1322 4832 haec
1358 4778 1414 4832 in
1444 4778 1548 4833 hoc
1586 4779 1777 4833 eodem
1816 4779 1935 4835 loco
1969 4780 2122 4834 addi-

544 4874 674 4924 tur:
723 4886 743 4920 ι
789 4867 888 4922 Hic
939 4877 1025 4925 est
1059 4867 1204 4924 Deus
1238 4877 1445 4934 noster,
1496 4877 1552 4924 et
1602 4886 1712 4925 non
1763 4871 2123 4926 aestimabitur

542 4961 684 5016 alius
727 4960 991 5016 adversus
1033 4975 1182 5016 eum.
1225 4979 1244 5013 ι
1296 4960 1432 5026 Quis
1483 4968 1665 5016 autem
1706 4962 1818 5027 ille,
1870 4963 1978 5018 nisi
2025 4963 2120 5034 qui

541 5051 788 5107 ascendit
825 5053 878 5107 in
919 5051 1143 5115 caelum,
1175 5062 1232 5107 et
1259 5052 1580 5108 descendit?
1621 5052 1915 5123 Postquam
1972 5057 2117 5110 enim

542 5140 928 5210 interrogative
990 5140 1198 5196 dictum
1268 5150 1396 5197 est:
1461 5161 1478 5194 ι
1548 5141 1685 5210 Quis
1753 5145 1998 5200 ascendit
2064 5145 2118 5201 in

542 5229 790 5288 ccelum?
827 5250 845 5282 ι
891 5232 1256 5302 respondetur
1286 5272 1300 5297 ,
1350 5251 1368 5286 ι
1418 5234 1506 5290 hic
1569 5243 1653 5291 est
1702 5235 1845 5292 Deus
1910 5247 2116 5305 noster,

538 5331 593 5377 et
631 5337 743 5378 non
783 5323 1148 5380 aastimabitur
1183 5327 1325 5381 alius
1376 5326 1641 5386 adversus
1699 5344 1869 5398 eum;
1919 5348 1942 5384 ι
1972 5330 2118 5399 quod

539 5421 594 5468 et
663 5415 1007 5485 apertissime
1071 5418 1452 5474 demonstrant
1514 5420 1628 5476 haec
1694 5437 1815 5492 quae
1881 5423 2116 5479 inferius

540 5505 933 5576 subjiciuntur,
973 5526 993 5560 ‹
1037 5509 1171 5568 Post
1202 5511 1317 5567 haec
1343 5513 1400 5566 in
1422 5514 1586 5569 terris
1612 5513 1766 5570 visus
1799 5522 1883 5570 est
1911 5522 1963 5569 et
1991 5530 2116 5570 cum

542 5597 856 5655 hominibus
892 5613 1251 5661 conversatus
1282 5614 1389 5662 est.
1435 5624 1453 5656 ι
1489 5605 1771 5662 Adversus
1800 5607 1930 5662 illud
1956 5607 2121 5679 igitur

540 5686 638 5742 Dei
667 5685 906 5744 Verbum
944 5693 1298 5750 manifestum
1323 5703 1409 5752 est
1436 5696 1580 5766 quod
1607 5711 1716 5751 non
1753 5698 2119 5753 aestimabitur

539 5781 682 5838 alius
726 5798 915 5838 eorum
943 5787 1035 5856 qui
1067 5790 1245 5843 vocati
1295 5798 1424 5844 sunt
1479 5791 1576 5846 dii.
1615 5810 1633 5842 ι
1671 5791 1799 5848 Post
1838 5791 1974 5857 hare,
2018 5793 2115 5858 ait,

2236 3390 2329 3442 καὶ
2375 3389 2684 3459 ὑπήκουσεν
2725 3390 2875 3461 αὐτῷ
2917 3392 3124 3463 τρόμῳ.
3174 3394 3238 3447 Οἱ
3282 3395 3336 3447 δὲ
3367 3395 3572 3466 ἀστέρες
3610 3391 3729 3459 ἔλαμ-

2232 3479 2340 3550 ψαν
2392 3483 2449 3534 ἐν
2497 3484 2617 3545 ταῖς
2663 3481 2930 3552 φυλακαῖς
2979 3485 3189 3550 αὐτῶν,
3252 3487 3349 3540 καὶ
3394 3485 3727 3558 εὐφράνϐησιιν”

2231 3571 2489 3627 ἐκάλεσεν
2544 3573 2762 3640 αὐτοὺς,
2821 3577 2913 3628 καὶ
2968 3571 3141 3642 εἷπον,
3205 3579 3505 3651 Πάρεσμεν·
3549 3575 3730 3646 ἔλαμψαν

2234 3664 2353 3734 μετ’
2376 3665 2715 3737 εὐφροσύνης
2743 3666 2822 3738 τῷ
2856 3670 3138 3739 ποιήσαντι
3167 3671 3382 3735 αὐτούς.
3421 3663 3570 3733 Οὗτος
3594 3671 3617 3722 ὁ
3638 3667 3730 3728 Θεὸς

2227 3757 2410 3827 ήμῶν,
2448 3758 2508 3810 ού
2539 3757 2919 3831 λογισθήσεται
2951 3761 3139 3834 ἕτερος
3171 3763 3308 3834 πρὸς
3336 3765 3506 3817 αὐτόν.
3547 3759 3730 3830 Ἐξεῦρεν

2229 3850 2407 3904 πᾶσαν
2433 3849 2550 3904 ὁδὸν
2581 3853 2910 3925 ἐπιστήμης,
2937 3856 3031 3907 καὶ
3068 3855 3267 3910 ἔδωκεν
3307 3855 3467 3927 αὐτὴν
3502 3849 3658 3907 Ἰαιὼϐ
3675 3848 3729 3916 τῷ

2231 3942 2383 3998 παιδί⁵
2421 3942 2607 4008 αὐτοῦ,
2641 3944 2734 3997 καὶ
2775 3945 2986 4018 Ἰσραὴλ
3011 3946 3088 4018 τῷ
3120 3949 3462 4021 ἠγαπημένῳ
3495 3947 3572 3998 ὑπ’
3592 3941 3728 3996 αὐτοῦ’

2235 4035 2374 4107 μετὰ
2400 4036 2559 4090 τοῦτο
2590 4038 2681 4091 ἐπὶ
2713 4037 2813 4108 τῆς
2833 4039 2936 4109 γῆς
2957 4037 3133 4110 ὤφθη,
3168 4041 3263 4093 καὶ
3296 4043 3354 4092 ἐν
3376 4042 3479 4102 τοῖς
3497 4034 3730 4105 ἀνθρώποις

2233 4129 2672 4202 συνανεστράφη.
2707 4149 2724 4182 ν
2756 4131 2851 4195 Τίς
2882 4131 3046 4202 ἀνέϐη
3070 4134 3148 4195 εἰς
3164 4132 3255 4185 τὸν
3270 4131 3506 4203 οὐρανὸν,
3529 4130 3652 4199 φησὶ,
3668 4125 3732 4176 καὶ

2229 4222 2420 4275 ἐλαϐεν
2460 4222 2655 4295 αὐτὴν,
2688 4224 2779 4276 καὶ⁸
2817 4223 3174 4277 κατεϐίϐασεν
3206 4225 3410 4296 αύτήνς
3435 4222 3520 4276 καὶ
3542 4221 3598 4273 τὰ
3619 4218 3726 4286 ἑξῆς

2226 4314 2588 4385 διδασκόμεθα
2637 4316 2694 4368 δὲ
2731 4317 2837 4370 ἀπὸ
2878 4315 2971 4368 τοῦ
3019 4315 3164 4388 ἱεροῦ
3224 4317 3532 4371 Ἀποστόλου
3559 4315 3620 4376 ώς
3658 4311 3732 4379 ἄρα

2233 4425 2250 4458 ι
2283 4410 2311 4461 ὀ
2340 4407 2583 4470 καταϐὰς
2619 4407 2824 4477 Ἰησοῦς
2851 4408 3082 4480 Χριστὸς
3101 4448 3114 4472 ,
3149 4409 3310 4472 αὑτός
3342 4410 3452 4460 ἐστι
3483 4405 3563 4459 καὶ
3589 4405 3611 4454 ό
3638 4400 3731 4451 ἀνα·

2227 4499 2328 4562 ϐὰς
2357 4499 2608 4570 ὑπεράνω
2643 4500 2860 4553 πάντων
2898 4499 3005 4553 τῶν
3052 4500 3311 4572 οὐρανῶν·
3353 4518 3372 4551 ι
3421 4499 3472 4561 ὃς
3502 4496 3581 4550 καὶ
3605 4487 3733 4544 λαεὼν

2225 4591 2323 4663 τὴν
2349 4591 2442 4644 τοῦ
2466 4592 2621 4659 ἁγίου
2667 4592 2983 4662 Πνεύματος
3032 4593 3237 4663 δωρεὰν
3273 4588 3576 4647 κατεϐίϐασέ
3604 4602 3647 4638 τε
3668 4581 3734 4633 καὶ

2229 4683 2444 4753 ἐξέχεεν
2467 4685 2560 4737 ἐπὶ
2589 4684 2688 4747 τὰς
2719 4683 2828 4737 τῶν
2862 4683 3318 4756 παραδεξαμένων
3352 4682 3518 4736 αὐτῶν
3557 4679 3643 4749 (ἦν)
3669 4673 3737 4739 ψη.

2226 4776 2347 4846 χάς·
2379 4775 2500 4828 ὅθεν
2530 4776 2624 4829 καὶ
2658 4775 2716 4828 ἐν
2746 4775 2993 4845 Ψαλμοῖς
3032 4776 3245 4847 εἴρηται
3275 4775 3355 4840 τὸ,
3408 4792 3425 4825 ι
3469 4767 3660 4828 Ἀναϐὰς
3680 4763 3732 4821 εἰς

2229 4865 2362 4936 ὕψος
2393 4865 2822 4939 ᾐχμαλώτευσας
2857 4867 2918 4938 (ί.
2955 4867 3044 4929 57,
3069 4869 3147 4936 v°)
3177 4865 3558 4937 αἰχμαλωσίαν,
3595 4855 3735 4912 ἔλαϐες

2225 4959 2433 5030 δόματα
2471 4961 2528 5012 ὲν
2571 4959 2898 5032 ἀνθρώποις.
2945 4978 2963 5011 ι
3013 4959 3170 5029 Ἑξῆς
3197 4961 3253 5014 δὲ
3281 4963 3338 5014 ὲν
3374 4962 3436 5030 τῇ
3470 4949 3735 5027 προκειμένῃ

2226 5055 2410 5125 γραφῇ
2435 5055 2464 5106 ὁ
2495 5053 2650 5122 λόγος
2678 5053 2862 5124 φησὶν,
2891 5071 2908 5102 ι
2942 5045 3109 5116 Οὗτος
3134 5054 3162 5106 ὁ
3188 5051 3320 5116 Θεὸς
3363 5053 3395 5121 ἡ
3405 5049 3511 5122 μῶν
3545 5046 3596 5100 ού
3636 5043 3738 5107 λογι-

2229 5145 2484 5216 σθήσεται
2505 5144 2690 5216 ἔτερος
2720 5144 2850 5216 πρὸς
2878 5145 3059 5197 αὐτόν·
3102 5164 3120 5196 ι
3158 5145 3240 5208 τίς
3272 5144 3327 5196 δὲ
3366 5139 3526 5203 οὗτος,
3556 5134 3735 5207 ῆὸἀνα’

2227 5236 2326 5301 ϐάς
2349 5238 2426 5300 είς
2446 5235 2534 5290 τὸν
2560 5235 2788 5307 οὐρανὸν
2816 5235 2908 5289 καὶ
2927 5234 3197 5301 καταϐάς;
3216 5234 3305 5305 Τῷ
3330 5234 3434 5304 γὰρ
3460 5249 3478 5283 ι
3508 5229 3591 5291 Τίς
3612 5220 3733 5286 ἀνέθη

2225 5332 2305 5394 είς
2333 5329 2424 5383 τὸν
2453 5328 2713 5400 οὐρανόνς
2744 5347 2762 5380 ι
2810 5326 3238 5398 ὲρωτηματικῶς
3261 5325 3525 5396 εἰρημένῳ
3549 5312 3734 5372 ἀποδέδο-

2222 5440 2312 5476 ται
2340 5422 2427 5488 τὸ,
2466 5441 2484 5473 ι
2513 5415 2678 5486 Οὗτος
2710 5421 2739 5474 ό
2767 5420 2898 5486 Θεὸς
2917 5419 3094 5491 ήμῶν,
3121 5419 3180 5473 ού
3218 5417 3578 5487 λογισθήσεται
3596 5409 3733 5473 ἓτερος

2223 5513 2361 5584 πρὸς
2390 5513 2573 5568 αὐτόν’
2618 5531 2638 5564 ι
2669 5511 3000 5582 σαφέστερον
3032 5510 3189 5566 τοῦτο
3220 5510 3367 5582 δηλοῖ
3399 5508 3457 5560 τὺ
3494 5503 3603 5570 ἑξῆς
3623 5499 3735 5584 sipa-

2226 5581 2406 5676 μένον,
2430 5604 2518 5667 τὸ,
2554 5623 2574 5656 τι
2612 5581 2768 5658 Μετὰ
2809 5581 2965 5656 τοῦτο
2992 5601 3085 5656 ἐπὶ
3111 5603 3209 5674 τῆς
3247 5581 3347 5670 γῆς
3374 5594 3538 5665 ὤφθην
3582 5581 3735 5680 “fit?

2221 5701 2333 5762 τοῖς
2367 5696 2673 5768 ἀνθρώποις
2705 5695 3140 5767 συνανεστράφη.
3166 5714 3183 5745 ι
3216 5692 3356 5764 Πρὸς
3384 5687 3555 5742 τοῦτον
3575 5675 3650 5733 οὖν
3667 5673 3734 5737 δῖ’

2221 5790 2311 5844 λον
2341 5791 2422 5844 ὅτι
2447 5790 2536 5842 τὸν
2574 5789 2667 5842 τοῦ
2699 5788 2842 5842 Θεοῦ-
2875 5788 3046 5856 Λόγον
3086 5787 3146 5840 ού
3187 5783 3545 5855 λογισθήσεται
3592 5772 3732 5837 ἔτερος

614 5938 888 5996 “Thren.
949 5941 1146 6010 tv,20.
1229 5945 1270 5976 “
1304 5944 1537 6004 Baruch.
1596 5963 1698 6015 ιιι,
1757 5947 1952 6006 εὶθοὸὃ.
2036 5947 2125 6004 ⁸³1

2228 5961 2310 6007 ,cs.
2350 5965 2422 6011 iv.
2453 5948 2588 6005 10..
2616 5948 2658 5980 ⁸⁵
2698 5946 2844 6004 Psal.
2886 5960 3055 6015 van,
3091 5943 3176 6000 I9.
