3974 6504
230 448 257 502 1
280 451 389 507 169
1310 468 1601 527 ΕΟιΟΟΔΞ
1640 470 1799 528 PROI

1910 472 2121 532 ἱΤὶΟᾸΞ.
2163 507 2233 517 —
2269 476 2398 535 LIB.
2434 476 2476 534 Ι.
3362 492 3501 548 H70

223 571 347 624 τῶν
387 572 684 645 ἑπικτητὴν
704 574 804 646 τὴν
838 577 931 631 τοῦ
987 580 1122 635 Θεοῦ
1179 586 1548 657 προσηγορίαν
1600 588 1799 658 ἐσχηκά

1930 589 1984 643 in
2022 592 2188 648 terris
2225 595 2378 652 visus
2428 603 2552 663 est;
2591 615 2610 649 ι
2665 599 2893 665 scilicet,
2946 609 3004 655 ut
3057 613 3291 672 constat,
3348 621 3496 678 post-

223 677 371 713 των.
399 680 417 711 ι
449 660 601 715 Μετὰ
626 663 782 716 τοῦτο
823 665 932 730 δὲ,,
960 670 1142 740 φησὶν,
1184 673 1275 724 ἐπὶ
1317 674 1414 743 τῆς
1465 674 1569 744 γῆς
1602 675 1778 745 ἰιῖκρθη⁴

1926 698 2090 751 quam
2130 687 2306 741 omnis
2336 688 2613 760 Evangelii
2656 691 2743 745 via
2773 707 2870 763 per
2901 693 3070 765 legem
3101 704 3155 751 et
3202 660 3495 768 propbetas

224 751 397 822 δῆλον
428 754 510 806 ὅτι
550 754 687 824 μετὰ
714 756 775 809 τὸ
800 757 891 812 διὰ
929 762 1092 831 νόμου
1129 765 1221 817 καὶ
1260 767 1554 837 προφητῶν
1586 768 1684 841 τὴν
1719 772 1797 823 πᾶ

1926 780 2110 841 aperta
2142 780 2246 830 est.
2284 794 2305 828 ι
2341 777 2634 833 Adinvenit
2691 783 2868 845 enim,
2923 783 3019 848 ait,
3073 800 3286 841 onmem
3352 790 3494 845 viam

227 861 338 897 σαν
386 845 503 899 ὁδὸν
546 847 645 917 τῆς
677 849 1003 920 ἐπαγγελίας
1031 854 1337 911 δεδωκέναι’
1383 878 1401 909 ι
1428 859 1644 932 ἐξεῦρεν
1675 861 1781 932 γὰρ

1924 864 2248 935 disciplina},
2300 875 2355 923 et
2406 869 2630 925 tradidit
2690 872 2836 927 illam
2884 845 3052 929 Jacob
3082 892 3251 946 puero
3279 896 3400 945 suo,
3441 891 3494 937 et

226 938 395 1006 φησὶ,
465 940 644 993 πᾶσαν
707 942 826 995 ὁδὸν
888 948 1218 1017 ἐπιστήμης,
1261 950 1354 1003 καὶ
1380 950 1571 1005 ἔδωκεν
1654 954 1799 1025 αὐτὴ·

1926 952 2093 1009 Israel
2137 957 2337 1013 dilecto
2387 975 2527 1027 suo;
2566 980 2583 1012 ι
2638 961 2785 1027 dein,
2825 982 2842 1015 ι
2903 973 3024 1034 post
3082 938 3196 1022 inec
3233 970 3286 1024 in
3335 976 3494 1028 terris

238 1028 554 1098 Ἰακὼϐτῷ
592 1031 739 1085 παιδὶ
777 1034 963 1100 αὑτοῦ,
1005 1038 1100 1090 καὶ
1141 1039 1353 1112 Ἰσραὴλ
1384 1038 1461 1110 τῷ
1481 1042 1799 1113 ἠγαπημένη

1924 1045 2075 1102 visus
2108 1055 2216 1115 est,
2239 1058 2295 1105 et
2322 1066 2444 1105 cum
2474 1051 2784 1110 hominibus
2815 1066 3167 1117 conversatus
3202 1069 3305 1117 est.
3346 1081 3367 1115 ι

225 1117 325 1170 ὑπ’
354 1118 542 1172 αὐτοῦ·
580 1117 698 1175 εἶτα
739 1142 756 1173 ι
803 1124 939 1193 μετὰ
979 1126 1137 1180 τοῦτο
1165 1129 1256 1181 ἐπὶ
1282 1130 1378 1201 τῆς
1407 1131 1509 1200 γῆς
1525 1130 1700 1203 ὤφθη,
1730 1134 1823 1186 καὶ
2391 1152 2398 1161 ·

222 1212 349 1273 τοῖς
385 1210 690 1282 ἀνθρώποις
724 1219 1155 1290 συνανεστράφη.
1191 1239 1209 1271 ι

759 1308 1155 1363 ΚΕΦΑΛΑΙΟΝ
1210 1314 1299 1367 Μ’.

2514 1317 2742 1373 CAPUT
2780 1319 2892 1375 XL.

2474 1405 2557 1459 Ea:
2623 1407 2910 1463 Ezechiele.

726 1400 782 1453 Ἀ
791 1400 867 1453 πὸ
890 1402 995 1455 τοῦ
1034 1403 1334 1472 Ἰεζεκιήλ.

311 1505 333 1537 ι
380 1488 524 1541 Ἀντὶ
543 1488 732 1543 τούτου
749 1492 871 1545 τάδε
890 1493 1034 1562 λέγει
1060 1495 1262 1567 Κύριος
1282 1516 1295 1528 ·
1334 1499 1485 1565 Ἰδοὺ,
1516 1502 1626 1570 ἐγὼ
1652 1504 1818 1574 κρίνω

220 1576 510 1646 ἀναμέσον
541 1580 813 1649 προϐάτου
860 1583 1078 1655 ἰσχυροῦ
1114 1588 1207 1640 καὶ
1238 1590 1510 1661 ἁναμέσον
1545 1594 1817 1662 προϐάτου

222 1669 519 1733 ἀσθενοῦς.
559 1672 681 1725 Ἐπὶ
708 1676 827 1737 ταῖς
856 1675 1114 1747 πλευραῖς
1140 1680 1233 1733 καὶ
1268 1685 1379 1745 τοῖς
1411 1682 1579 1755 ὤμοις
1607 1685 1816 1739 διωθεῖ-

223 1756 348 1821 σθε,
375 1761 468 1812 καὶ
498 1763 609 1824 τοῖς
627 1762 850 1832 κέρασιν
870 1766 1021 1837 ὑμῶν
1042 1770 1405 1841 ὲκερατίζετε·
1430 1776 1537 1828 πᾶν
1563 1776 1623 1829 τὸ
1648 1777 1817 1831 ἐκλεῖ-

1998 1512 2016 1543 ‹
2060 1492 2185 1549 llaec
2227 1503 2421 1550 contra
2456 1497 2590 1551 dicit
2634 1497 2943 1555 Dominus:
2984 1501 3124 1558 Ecce
3175 1518 3276 1574 ego
3304 1504 3501 1574 judico-

1918 1585 2062 1643 inter
2114 1603 2282 1657 pecus
2331 1591 2529 1660 pingue
2558 1599 2612 1645 et
2646 1607 2811 1661 pecus
2864 1594 3212 1649 macilentum
3246 1616 3258 1650 :
3295 1614 3392 1667 pro
3424 1613 3492 1655 eo

1917 1676 2061 1746 quod
2092 1676 2355 1733 lateribus
2379 1690 2431 1734 et
2459 1678 2702 1735 humeris
2736 1681 3134 1752 impingebatis,
3156 1693 3210 1738 et
3232 1685 3495 1743 comit)qu

1917 1768 2120 1825 vestris
2144 1770 2492 1825 ventilabatis
2516 1773 2699 1827 omnia
2733 1772 2947 1827 inﬁrma
2970 1788 3188 1846 pecora,
3221 1777 3396 1833 donec
3418 1780 3495 1833 di-

222 1868 331 1904 πον
369 1852 705 1923 ὲξεθλίψατε.
733 1858 842 1910 Καὶ
856 1856 1014 1911 σώσω
1026 1860 1094 1913 τά
1118 1862 1366 1933 πρόϐατά
1390 1882 1512 1935 μου,
1538 1868 1631 1920 καὶ
1651 1868 1710 1921 ού
1742 1868 1799 1939 μὶ

1917 1868 2301 1932 spergerentur
2324 1862 2505 1919 foras:
2550 1865 2769 1920 salvabo
2807 1881 3023 1936 gregem
3065 1883 3268 1934 meum,
3299 1877 3491 1931 etnon

218 1936 369 1996 ὦσιν
399 1945 479 1997 ἔτι
533 1948 614 2009 εἰς
656 1950 964 2021 προνομὴν,
1002 1953 1095 2005 καί
1136 1955 1307 2025 κρινῶ
1351 1957 1620 2028 άναμέσον
1662 1961 1799 2031 κριοί

1920 1951 2025 2007 erit
2052 1952 2193 2006 ultra
2226 1952 2281 2006 in
2309 1955 2580 2024 rapinam,
2607 1962 2661 2009 et
2677 1955 2938 2024 judicabo
2960 1957 3100 2012 inter
3133 1974 3299 2028 pecus
3324 1968 3376 2014 et
3400 1976 3493 2029 pe-

221 2035 372 2105 πρὸς
412 2037 588 2105 κριόν·
634 2039 727 2093 καὶ
770 2042 1058 2114 ἀναστήσω
1101 2046 1281 2110 αὐτοῖς
1336 2049 1563 2119 ποιμένα
1604 2050 1787 2122 ἕτερον

1922 2057 2038 2097 cus.
2079 2042 2141 2096 Et
2175 2044 2454 2100 suscitabo
2499 2061 2665 2116 super
2716 2062 2811 2101 eos
2869 2056 3143 2117 pastorem
3176 2066 3364 2117 unum,
3396 2053 3490 2122 qui

222 2126 324 2179 καὶ
360 2128 693 2202 ποιμανεί[ς]
733 2131 960 2197 αὐτοὺς,
1009 2135 1100 2187 τὸν
1145 2135 1329 2190 δοῦλόν
1371 2156 1472 2208 μου
1515 2140 1694 2206 Δαυῖδ,
1725 2144 1799 2196 κα

1920 2141 2238 2205 pascateos,
2272 2152 2487 2192 servum
2520 2152 2699 2191 meum
2735 2136 2938 2193 David:
2976 2140 3090 2210 ipse
3138 2151 3325 2211 pascet
3370 2161 3487 2209 eos,

221 2218 385 2271 ἕσται
420 2220 597 2273 αὑτῶν
619 2222 841 2294 ποιμὴν.
867 2225 969 2277 καὶ
1003 2225 1195 2297 ἔσομαι
1224 2229 1407 2293 αὐτοῖς
1426 2233 1507 2295 εἰς
1534 2231 1684 2298 Θεὸν,
1721 2239 1799 2288 κα¹

1918 2235 1973 2282 et
2022 2226 2138 2297 ipse
2166 2229 2271 2283 erit
2311 2229 2392 2284 eis
2426 2230 2480 2282 in
2520 2237 2816 2301 pastorem.
2848 2231 2962 2302 Ego
3009 2241 3187 2289 autem
3229 2234 3488 2292 Dominus

221 2308 397 2361 Δαυῒδ
424 2310 609 2381 ἄρχων
641 2314 699 2367 ὲν
730 2314 879 2385 μέσῳ
917 2317 1116 2369 αὐτῶνι
1150 2317 1261 2386 ἐγὼ
1292 2321 1497 2392 Κύριος
1518 2323 1792 2396 λελάληκα

1917 2334 2013 2375 cro
2046 2320 2125 2375 eis
2164 2320 2219 2375 in
2272 2319 2443 2376 Deum
2473 2340 2485 2375 :
2518 2328 2571 2376 et
2600 2337 2791 2379 servus
2824 2340 2979 2379 meus
3018 2325 3185 2380 David
3233 2328 3490 2399 princeps

221 2400 340 2452 Καὶ
384 2402 707 2474 διαθήσομαι
747 2405 824 2475 τῷ
868 2408 1025 2460 Δαυῖδ
1073 2409 1339 2484 διαθήκην
1370 2416 1584 2486 καινήν,
1629 2416 1799 2488 διαθή-

1918 2414 1971 2466 ἰη
1998 2411 2178 2467 medio
2201 2429 2389 2468 eorum
2423 2429 2559 2485 :ego
2592 2415 2855 2471 Dominus
2890 2416 3103 2473 locutus
3130 2434 3268 2475 sum.
3306 2420 3367 2473 Et
3405 2422 3487 2475 la-

222 2508 331 2562 κην
364 2494 604 2563 εἰρήνης.
634 2514 650 2546 ι
700 2497 849 2549 Ἑπεί
888 2501 981 2551 καὶ
1035 2501 1091 2553 ἐν
1127 2502 1304 2566 ἄλλοις
1350 2505 1438 2558 τὸν
1485 2509 1799 2578 119691115126-

1915 2503 2055 2558 ciam
2085 2519 2208 2557 cum
2243 2502 2411 2559 David
2446 2512 2661 2575 pactum
2693 2523 2914 2571 novum,
2948 2519 3162 2578 pactum
3188 2511 3336 2580 pacis
3359 2514 3419 2566 ³⁸.
3462 2532 3481 2565 ι

223 2600 393 2651 μενον
418 2583 576 2637 Δαυῒδ
603 2587 700 2638 ούκ
738 2586 893 2639 ἄλλον
927 2590 1243 2662 ἀποδίδομεν
1274 2595 1369 2648 τοῦ
1410 2598 1473 2648 ἐκ
1508 2599 1799 2669 σπέρματος

1912 2590 2033 2646 Jam
2071 2594 2199 2647 alibi
2260 2596 2567 2649 nuntiatum
2598 2598 2895 2666 prophetiis
2943 2598 3110 2652 David
3152 2617 3262 2653 non
3319 2603 3486 2655 alium

220 2673 392 2725 Δαυῖδ
427 2676 787 2745 γεγενημένου
834 2678 1083 2748 Σωτῆρος
1112 2683 1288 2751 ήμῶν,
1333 2684 1521 2738 τούτου
1559 2686 1622 2757 δὴ
1656 2688 1799 2757 χάριι

1914 2697 2037 2735 esse
2066 2684 2407 2739 ostendimus
2442 2700 2505 2739 ac
2537 2702 2567 2740 e
2597 2689 2800 2741 semine
2832 2686 2996 2741 David
3029 2696 3208 2742 ortum
3242 2688 3489 2744 Salvato—

220 2762 321 2813 καὶ
350 2760 535 2814 ἐνθάδε
566 2765 660 2833 τὴν
678 2767 982 2836 περικοπὴν
1010 2770 1490 2841 ἐπεσημήνάμεθα·
1512 2776 1594 2837 τίς
1618 2777 1724 2847 γὰρ
1746 2777 1799 2831 ἂι

1915 2789 2026 2827 rem
2059 2781 2344 2841 nostrum;
2382 2775 2468 2830 hic
2498 2792 2717 2847 quoque
2748 2778 2813 2833 de
2851 2779 3039 2835 eodem
3084 2780 3227 2834 hunc
3280 2783 3485 2852 accipi-

220 2850 385 2913 ἂλλος
414 2853 495 2922 εἴη
519 2854 546 2904 6
573 2855 877 2924 ποιμαίνειν
910 2857 1116 2926 μέλλων
1147 2861 1216 2913 τὰ
1236 2864 1325 2915 τοῦ
1344 2865 1547 2935 Κυρίου
1568 2867 1799 2937 πρόϐατα

1914 2880 2035 2919 mus
2068 2866 2265 2922 locum.
2304 2867 2440 2933 Quis
2483 2870 2627 2923 enim
2661 2870 2802 2927 alius
2842 2879 2986 2927 esset
3031 2871 3243 2929 Domini
3292 2891 3486 2944 pecora

225 2944 371 3012 μετὰ
405 2944 466 2996 τὸ
500 2946 751 3017 κριθῆναι
787 2953 925 3006 αὐτὰ
960 2956 1049 3006 ὑπ’
1091 2957 1257 3009 αὐτοῦ
1278 2996 1292 3019 ,
1328 2959 1359 3027 ἢ
1391 2962 1419 3012 6
1465 2961 1620 3030 μόνος
1650 2963 1799 3027 καλὸς

1910 2956 2250 3026 iudicaturus
2295 2968 2679 3031 pasturusque,
2715 2963 2821 3017 nisi
2877 2965 3029 3019 solus
3060 2965 3234 3021 bonus
3266 2966 3482 3033 Pastor,

221 3035 455 3106 ποιμὴν,
482 3039 509 3090 6
552 3038 627 3109 μὴ
673 3042 942 3113 ὑπεριδὼν
980 3046 1314 3120 διωθούμενα
1356 3051 1448 3103 καὶ
1494 3052 1799 3125 διολλύμενα

1911 3046 2003 3115 qui
2030 3062 2139 3101 non
2172 3052 2501 3119 contempsit
2536 3052 2784 3122 dispersa
2807 3062 2861 3109 et
2891 3056 3101 3125 perdita
3126 3058 3193 3112 ab
3229 3058 3487 3114 adversa-

223 3125 335 3177 ὑπὸ
368 3126 478 3179 τῶν
510 3129 897 3201 ἀντικειμένων
925 3133 1204 3206 δυνάμεων
1227 3139 1294 3192 τὰ
1320 3140 1511 3208 λογικὰ
1544 3142 1644 3213 τῆς
1674 3145 1799 3209 ἰδίας

1910 3137 2009 3192 riis
2040 3142 2401 3208 potestatibus
2434 3143 2739 3212 spirituulia
2766 3147 2975 3215 pr0prii
3009 3148 3181 3218 ipsius
3209 3149 3367 3203 ovilis
3394 3167 3486 3218 pc-

221 3218 395 3270 αύτοῦ
430 3220 661 3292 ποίμνης
690 3224 956 3292 πρόϐατα,
988 3229 1121 3283 ἀλλὰ
1154 3231 1264 3295 θεὶς
1289 3232 1384 3303 τὴν
1419 3235 1608 3287 ἑαυτοῦ
1631 3236 1799 3310 ψυχὴν

1910 3240 2060 3298 cora,
2090 3227 2186 3283 sed
2220 3231 2454 3285 animam
2497 3248 2651 3286 suam
2696 3250 2794 3303 pro
2832 3251 3019 3291 eorum
3056 3240 3230 3294 salute
3262 3242 3482 3309 posuit;

222 3309 371 3379 ὑπὲρ
398 3313 495 3381 τῆς
529 3313 706 3369 αὐτῶν
750 3320 1044 3389 σωτηρίας,
1086 3315 1161 3375 ὧν
1205 3324 1438 3397 ἄρχοντα
1469 3328 1497 3379 ὁ
1534 3327 1666 3390 Θεὸς
1713 3330 1799 3383 καὶ

1910 3332 2182 3387 quemque
2217 3318 2360 3377 Deus
2394 3329 2446 3376 et
2489 3320 2648 3377 Pater
2671 3324 2790 3393 ejus
2823 3325 3122 3394 principem
3152 3343 3339 3382 eorum
3360 3339 3484 3397 post

220 3400 422 3472 Πατήρ
464 3403 627 3458 αὑτοῦ
677 3412 1041 3481 καταστήσειν
1092 3414 1483 3482 ἐπαγγέλλεται
1529 3419 1667 3488 μετὰ
1719 3420 1799 3475 re»

1910 3408 2101 3478 iudicii
2129 3419 2342 3486 tempus
2377 3414 2693 3478 constituet,
2744 3416 2981 3472 initurus
3031 3434 3154 3471 cum
3215 3434 3279 3475 eo
3333 3423 3484 3489 pacis

220 3491 462 3583 apicem;
480 3497 690 3568 καιρὸν,
712 3499 1101 3573 διαθησόμενος
1118 3506 1267 3577 αὐτῷ
1287 3507 1552 3580 διαθήκην
1566 3512 1807 3583 εἰρήνης,

218 3581 336 3643 ὅτε,
363 3582 738 3653 ὑποταγέντων
775 3590 923 3661 αὑτῷ
956 3592 1065 3645 τῶν
1095 3594 1325 3666 ἐχθρῶν,
1348 3597 1571 3668 ἔσχατος
1592 3581 1810 3655 πάντων

222 3673 323 3726 καὶ
355 3676 517 3739 αὐτὸς
537 3679 565 3730 6
599 3678 694 3732 νῦν
725 3681 1101 3752 ἀντικείμενος
1129 3686 1206 3757 τῷ
1243 3688 1387 3759 λόγῳ
1426 3691 1519 3744 καὶ
1548 3694 1616 3764 τῇ
1651 3692 1812 3765 σοφίᾳ

221 3764 320 3817 καί
350 3768 417 3837 τῇ
455 3768 566 3842 ζωῇ
598 3770 829 3838 θάνατος
862 3775 1372 3848 καταργηθήσεται;

730 3881 1130 3936 ΚΕΦΑΛΔΙΟΝ
1168 3883 1306 3938 MA'.

846 3974 955 4027 Τοῦ
984 3975 1192 4030 αὐτοῦ.

302 4076 323 4109 ι
358 4058 495 4111 Τάδε
532 4059 677 4127 λέγει
712 4062 945 4133 Κύριος,
988 4066 1116 4119 Ἰδοὺ
1138 4106 1152 4129 ,
1188 4065 1298 4135 ἐγὼ
1341 4067 1599 4138 λαμϐάνω
1630 4071 1807 4126 πάντα

219 4145 370 4202 οἶκον
433 4151 645 4221 Ἰσραὴλ
676 4155 740 4204 ὲκ
784 4154 948 4224 μέσου
1003 4157 1109 4209 τῶν
1143 4157 1329 4223 ἐθνῶν,
1382 4155 1442 4214 οὗ
1490 4162 1805 4233 εἰσήλθοσαν

218 4242 359 4303 ἐκεῖ,
394 4244 486 4295 καὶ
518 4244 730 4310 συνάξω
770 4247 967 4311 αὐτοὺς
1015 4250 1094 4312 εἰς
1129 4250 1227 4319 τὴν
1269 4251 1370 4319 γῆν
1401 4252 1492 4304 τοῦ
1544 4254 1757 4325 Ἰσραὴλ
1786 4295 1801 4319 ,

219 4333 316 4385 καὶ
347 4332 502 4386 δώσω
531 4336 724 4399 αὐτοὺς
746 4339 826 4400 εἰς
863 4338 987 4409 ἕθνη
1031 4342 1088 4392 ὲν
1129 4344 1193 4411 τῇ
1229 4345 1298 4411 γῇ
1330 4360 1451 4412 μου,
1487 4347 1579 4397 καὶ
1607 4348 1663 4398 ὲν
1694 4349 1803 4410 τοῖς

216 4426 405 4496 ὃρεσιν
438 4428 667 4498 Ἰσραήλ·
699 4432 791 4482 καὶ
828 4432 1011 4501 ἄρχων
1052 4427 1132 4496 εἷς
1167 4433 1317 4486 ἔσται
1351 4436 1550 4499 αὐτῶν,
1584 4439 1676 4491 καὶ
1705 4440 1803 4494 ούκ

217 4516 433 4570 ἔσονται
466 4520 648 4572 ούκέτι
678 4524 757 4585 εἰς
798 4521 892 4575 δύο
925 4523 1074 4595 ἕθνη’
1110 4525 1220 4577 οὐδ’
1257 4528 1317 4580 ού
1353 4528 1426 4599 μὴ
1459 4529 1803 4600 διαιρεθῶσιν

214 4610 299 4672 εἰς
327 4610 422 4663 δύο
449 4610 746 4680 βασιλείας,
771 4614 858 4667 ἵνα
886 4616 958 4687 μὴ
987 4617 1397 4687 μιαίνωνταιέτι
1422 4622 1479 4673 ὲν
1504 4626 1613 4686 τοῖς
1646 4625 1800 4678 εἰδώ-

1912 3510 2155 3571 pactum,
2180 3517 2304 3558 cum
2351 3505 2588 3562 subditis
2621 3507 2725 3577 ipsi
2756 3508 2993 3564 inimicis
3027 3510 3166 3579 suis,
3207 3520 3482 3582 postrema

1909 3592 2151 3646 omnium
2176 3600 2341 3665 atque
2380 3596 2601 3663 rationi,
2632 3607 2686 3653 et
2730 3600 3030 3669 sapientizn,
3054 3611 3107 3656 et
3140 3603 3261 3658 vita:
3289 3604 3483 3660 adver-

1908 3696 1970 3738 sa
2001 3697 2152 3741 mors
2181 3683 2487 3742 delebitur‘!

2524 3885 2751 3942 CAPUT
2776 3887 2911 3945 XLI.

2541 3978 2625 4033 Ea:
2646 3982 2846 4036 eodem.

1983 4085 2001 4118 ι
2048 4067 2172 4123 llaec
2203 4068 2338 4125 dicit
2393 4070 2656 4129 Dominus
2684 4094 2697 4128 :
2729 4073 2869 4129 Ecce
2901 4089 3001 4145 ego
3031 4090 3305 4131 assumam
3360 4092 3479 4132 oni-

1906 4177 2027 4216 nem
2075 4163 2294 4217 domum
2342 4163 2505 4220 Israel
2553 4166 2620 4222 de
2667 4168 2845 4222 medio
2895 4170 3199 4231 nationum,
3233 4169 3299 4223 ad
3340 4186 3478 4240 quas

1906 4255 2191 4311 abierunt:
2243 4266 2299 4312 et
2336 4260 2677 4329 congregabo
2732 4276 2826 4316 eos
2867 4262 3104 4330 undique
3156 4262 3211 4315 in
3275 4271 3475 4316 terram

1905 4344 2092 4412 Israel,
2119 4356 2172 4402 et
2202 4348 2395 4402 faciam
2428 4365 2524 4405 eos
2578 4351 2632 4403 in
2676 4361 2891 4421 gentem
2926 4368 3087 4405 unam
3118 4354 3169 4405 in
3196 4362 3335 4407 terra
3358 4368 3477 4407 mea

1904 4447 1957 4493 et
1986 4440 2039 4492 in
2071 4442 2347 4496 montibus
2371 4442 2560 4506 Israel,
2596 4452 2650 4499 et
2678 4462 2769 4499 rex
2792 4462 2934 4500 unus
2963 4447 3067 4500 erit
3097 4446 3353 4501 omnibus
3377 4447 3478 4499 im-

1904 4546 2103 4600 perans
2140 4552 2151 4587 :
2189 4542 2243 4588 et
2271 4549 2380 4588 non
2426 4545 2586 4589 erunt
2626 4539 2766 4591 ultra
2822 4539 2942 4593 dua:
2990 4547 3200 4609 gentes,
3254 4554 3354 4593 nec
3393 4539 3478 4592 di-

1905 4625 2160 4679 videntur
2218 4627 2452 4696 amplius
2499 4629 2554 4681 in
2605 4629 2715 4683 duo
2761 4646 2948 4700 regna.
2988 4629 3172 4701 Neque
3231 4630 3477 4699 polluen-

214 4701 329 4765 λοις
347 4702 547 4756 αὐτῶν·
578 4706 671 4758 καὶ
706 4706 939 4777 ῥύσομαι
962 4711 1158 4773 αὐτοὺς
1188 4712 1295 4764 ἀπὸ
1332 4712 1518 4766 πασῶν
1545 4714 1654 4770 τῶν
1678 4717 1799 4770 ἀνο-

1910 4722 1992 4766 tur
2023 4715 2164 4767 ultra
2212 4715 2267 4768 in
2312 4694 2474 4771 idolis
2510 4718 2666 4773 suis:
2707 4726 2760 4774 et
2793 4720 2975 4775 salvos
3023 4736 3117 4774 eos
3178 4718 3373 4774 faciam
3409 4718 3477 4775 de

215 4792 359 4864 μιῶν
385 4794 584 4859 αὐτῶν,
602 4790 678 4849 ὧν
700 4798 945 4869 ἥμαρτον
970 4798 1029 4870 (l.
1065 4800 1154 4868 58)
1186 4802 1242 4855 ὲν
1268 4803 1477 4867 αὑταῖς,
1507 4808 1601 4860 καὶ
1632 4808 1799 4860 καθα-

215 4884 321 4955 ριῶ
360 4886 557 4950 αὐτοὺς
611 4889 723 4942 ἀπὸ
764 4890 952 4945 πασῶν
995 4891 1104 4945 τῶν
1152 4894 1433 4967 ἁμαρτιῶν
1479 4898 1679 4967 αὐτῶν,
1720 4895 1797 4955 ὧν

210 4978 460 5049 ἥμαρτον
492 4981 550 5032 ἐν
583 4982 804 5050 αὑταῖς,
838 4985 933 5038 καὶ
963 4986 1209 5056 καθαριῶ
1253 4990 1470 5054 αὐτοὺς,
1514 4993 1607 5045 καὶ
1644 4993 1794 5048 ἔσον-

208 5070 303 5122 ταί
332 5087 423 5141 μοι
452 5073 531 5135 εἰς
562 5072 708 5140 λαὸν,
757 5076 852 5129 καὶ
884 5075 994 5145 ἐγὼ
1028 5077 1232 5150 Κύβος
1261 5079 1456 5152 ἔσομαι
1490 5085 1672 5149 αὐτοῖς
1712 5088 1793 5151 εἰς

210 5162 364 5217 θεόν.
403 5165 511 5219 Καὶ
541 5168 569 5219 6
587 5166 769 5232 δοῦλός
806 5186 907 5239 μου
935 5170 1099 5225 Δαυῗδ
1130 5171 1313 5243 ἄρχων
1342 5175 1402 5228 ἑν
1428 5175 1577 5249 μέσῳ
1612 5179 1791 5233 αὐτῶν

209 5253 365 5308 ἔσται
397 5258 600 5329 ποιμήν
650 5252 731 5323 εἷς
779 5261 993 5317 πάντων
1017 5305 1032 5330 ,
1065 5263 1146 5319 ὃτι
1177 5268 1234 5319 ὲν
1269 5268 1383 5329 τοῖς
1407 5269 1789 5341 προστάγμασι

213 5363 317 5417 μου
345 5349 719 5420 πορεύσονται,
750 5353 844 5407 καὶ
865 5355 931 5408 τά
959 5357 1204 5429 κρίματά
1226 5377 1328 5430 μου
1350 5360 1673 5429 φυλάξουσιν
1695 5364 1789 5419 καὶ

208 5440 526 5511 ποιήσουσιν
554 5443 715 5507 αὐτὰ,
747 5446 841 5499 καὶ
870 5451 1281 5522 κατοικήσουσιν
1311 5452 1402 5506 ἐπὶ
1430 5454 1527 5525 τῆς
1550 5454 1654 5525 γῆς
1676 5495 1689 5518 ,
1720 5455 1786 5525 ἢν

207 5531 322 5601 ἐγὼ
345 5533 554 5589 δέδωκα
580 5536 658 5607 τῷ
673 5538 843 5610 δούλῳ
868 5558 969 5611 μου
1006 5542 1217 5608 Ἰακὼϐ,
1247 5539 1307 5599 οὗ
1333 5545 1657 5616 κατῴκησαν
1672 5546 1789 5600 ἐκεῖ

206 5627 257 5678 οἱ
292 5627 528 5699 πατέρες
561 5630 763 5696 αὐτῶν,
811 5633 905 5685 καὶ
938 5638 1352 5707 κατοικήσουσιν
1379 5640 1466 5692 ἐπ’
1498 5640 1666 5710 αὐτῆς
1689 5640 1785 5693 αύ-

205 5717 330 5769 τοί·
381 5720 474 5771 καὶ
516 5720 675 5774 Δαυῖδ
723 5725 751 5775 6
792 5722 974 5787 δοῦλός
1010 5743 1109 5795 μου
1152 5728 1334 5799 άρχων
1370 5728 1549 5783 αὐτῶν
1580 5731 1660 5791 εἰς
1695 5730 1784 5782 τὸν

204 5807 398 5863 αἰῶνα.
428 5812 538 5864 Καὶ
569 5812 895 5884 διαθήσομαι
916 5817 1099 5881 αὐτοῖς
1122 5818 1385 5892 διαθήκην
1411 5821 1653 5893 εἰρήνης,
1694 5822 1784 5874 καὶ

276 5923 318 5954 ¹⁸
348 5920 541 5980 Ezecb.
569 5941 754 5995 xxxnv,
787 5928 973 5985 20-25.

1905 4802 2179 4859 universis
2202 4805 2445 4873 sedibus,
2468 4807 2521 4861 in
2556 4809 2756 4878 quibus
2795 4817 3255 4878 peccaverunt,et
3283 4826 3477 4866 emun‘

1902 4893 2045 4949 dabo
2074 4909 2169 4949 eos
2206 4914 2219 4949 :
2256 4904 2309 4950 et
2356 4904 2519 4951 erunt
2572 4898 2705 4952 mihi
2759 4900 3014 4970 populus,
3050 4908 3104 4954 et
3140 4915 3241 4970 ego
3270 4915 3364 4954 ero
3393 4899 3476 4954 eis

1902 4984 2064 5042 Deus.
2090 4986 2155 5042 Et
2182 5004 2376 5045 servus
2400 5005 2555 5046 meus
2579 4990 2743 5046 David
2765 5007 2858 5047 rex
2887 5008 3051 5062 super
3070 5008 3187 5055 eos,
3205 5001 3258 5047 et
3288 4999 3477 5060 pastor

1902 5095 2043 5151 unus
2087 5081 2191 5136 erit
2219 5082 2463 5137 omnium
2494 5099 2684 5138 eorum
2719 5102 2733 5139 :
2771 5086 2825 5139 in
2860 5086 3082 5154 judiciis
3108 5084 3246 5140 meis
3280 5083 3475 5137 ambu-

1899 5173 2111 5235 labunt.
2144 5180 2197 5228 et
2230 5176 2484 5228 mandata
2519 5191 2638 5230 mea
2683 5176 3011 5244 custodient,
3049 5186 3103 5231 et
3140 5176 3344 5253 facient
3386 5194 3471 5235 ea.

1897 5263 1964 5319 Ει
1992 5264 2319 5320 babitabunt
2350 5282 2516 5337 super
2547 5276 2775 5334 terram,
2825 5286 2986 5338 quam
3011 5269 3136 5325 dedi
3161 5286 3322 5327 servo
3353 5287 3475 5327 meo

1894 5354 2085 5422 Jacob,
2115 5359 2170 5412 in
2194 5375 2299 5429 qua
2332 5359 2711 5416 habitaverunt
2742 5371 2925 5433 patres
2952 5364 3114 5418 vestri
3141 5383 3155 5419 :
3181 5373 3233 5419 et
3256 5365 3474 5420 habita-

1897 5451 2033 5506 bunt
2062 5467 2225 5522 super
2253 5468 2372 5508 eam
2403 5453 2530 5524 ipsi,
2555 5462 2607 5511 et
2653 5456 2745 5510 ﬁlii
2767 5473 2979 5521 eorum,
3022 5466 3075 5514 et
3108 5458 3201 5512 ﬁlii
3233 5458 3470 5514 ﬁliorum

1893 5557 2107 5607 eorum,
2147 5558 2319 5613 usque
2356 5545 2409 5598 in
2458 5548 2846 5616 sempiternum
2905 5568 2916 5602 :
2966 5559 3019 5603 et
3060 5549 3229 5605 David
3280 5566 3472 5608 servus

1894 5647 2049 5687 meus
2086 5633 2342 5704 princeps
2371 5649 2560 5689 eorum
2594 5636 2648 5689 in
2696 5647 3037 5707 perpetuum.
3070 5637 3137 5691 Et
3167 5640 3468 5710 percutiam

1895 5725 2003 5780 illis
2056 5726 2237 5783 luadus
2290 5730 2465 5799 pacis,
2498 5737 2717 5799 pactum
2761 5734 3159 5802 sempiternum
3192 5734 3295 5791 erit
3326 5737 3405 5791 eis
3450 5755 3463 5791 :

1892 5826 1945 5875 ct
1980 5819 2217 5877 lundabo
2240 5837 2354 5889 eos,
2380 5830 2432 5878 et
2460 5824 2858 5895 multiplicabo,
2888 5833 2940 5881 et
2983 5826 3124 5884 dabo
3157 5828 3439 5885 sanctiﬁca
