3974 6488
511 439 644 497 “7|

1233 437 1501 494 EUSEBII
1537 439 2014 498 CASSARIENSIS
2053 442 2204 499 OPP.
2243 443 2424 499 PARS
2463 444 2547 502 III.
2579 444 3078 501 —EKEGETICA.

3635 450 3758 506 “72

509 557 712 611 tionem
747 571 919 611 meam
949 557 998 609 in
1019 553 1200 610 medio
1225 571 1416 610 eorum
1437 557 1491 611 in
1527 569 1884 627 perpetuum;
1914 567 1965 614 et
1993 561 2070 615 eri

2196 563 2425 635 διαθήκη
2454 563 2668 627 αἰώνιος
2697 562 2850 616 ἔσται
2881 562 2998 632 μετ’
3022 559 3222 612 αὐτῶν·
3255 561 3350 614 καὶ
3373 561 3525 632 θήσω
3548 562 3616 615 τὰ
3644 566 3756 632 ἆγιά

508 649 920 702 tabernaculum
983 663 1161 703 meum
1223 649 1280 703 in
1312 649 1392 704 eis
1425 669 1437 703 :
1470 659 1525 705 et
1583 666 1677 706 ero
1733 653 1814 707 eis
1842 651 2005 716 Deus,
2037 661 2091 708 et

508 741 612 810 ipsi
646 749 808 796 erunt
835 741 968 794 mihi
1018 741 1274 812 populus.
1306 740 1372 795 Et
1405 743 1582 798 scient
1611 754 1798 814 gentes
1831 745 1957 815 quia
1990 761 2090 816 ego

506 833 772 890 Dominus
805 835 1181 892 sanctiﬁcator
1205 835 1394 902 Israel,
1427 854 1553 893 cum
1578 839 1742 893 fuerit
1776 839 2088 895 sanctiﬁca-

505 924 582 976 tio
613 939 730 978 mea
793 924 849 978 in
883 925 1062 980 medio
1105 941 1295 981 eorum
1348 929 1401 982 in
1455 937 1777 999 perpetuum
1806 929 1870 984 ¹⁶.
1912 949 1930 980 ι
1959 930 2090 986 Post

505 1013 868 1084 dispersionis
907 1018 1210 1087 spiritualis
1247 1021 1472 1090 verique
1501 1021 1668 1076 Israel
1703 1022 2086 1092 congregatio-

502 1122 650 1168 nem,
682 1117 737 1161 et
779 1116 902 1179 post
942 1112 1282 1180 perditarum
1330 1113 1526 1168 domus
1575 1113 1743 1169 Israel
1792 1116 1974 1168 ovium
2004 1115 2091 1169 in-

502 1200 836 1264 ventionem,
876 1202 1213 1272 plenitudine
1245 1207 1488 1275 gentium
1522 1219 1922 1270 consummata,
1957 1217 2089 1264 tunc

501 1290 766 1348 Dominus
818 1294 933 1364 ipse
969 1295 1155 1350 futuro
1197 1297 1319 1365 ejus
1375 1299 1575 1368 populo
1625 1314 1684 1354 se
1736 1299 1848 1354 fore
1890 1299 2084 1364 Deum,

499 1384 727 1454 ejusque
772 1401 989 1444 servum
1037 1386 1202 1441 David
1249 1389 1550 1460 principem
1581 1393 2006 1446 constituturum
2030 1393 2085 1448 in

498 1478 678 1532 medio
721 1493 934 1542 eorum,
971 1479 1064 1549 qui
1106 1489 1293 1549 pascet
1344 1495 1438 1536 eos
1486 1488 1540 1534 et
1583 1480 1955 1535 dominabitur
2004 1483 2085 1537 eis

498 1583 610 1622 non
641 1585 814 1637 parvo
848 1579 901 1624 et
948 1572 1100 1625 brevi
1141 1580 1405 1640 tempore,
1437 1571 1533 1626 sed
1577 1573 1630 1626 in
1670 1575 2081 1643 sempiternum,

498 1660 809 1726 pollicetur.
847 1658 1176 1717 Existiment
1203 1661 1390 1731 igitur,
1432 1659 1773 1724 licet,Judaei
1808 1661 2082 1716 hominem

496 1750 648 1804 illum
693 1749 861 1803 lilium
917 1749 1073 1805 Jesse
1125 1749 1411 1820 Scriptura
1459 1751 1813 1819 prmnuntiari
1871 1751 1971 1817 eis,
2003 1766 2088 1804 re-

495 1857 663 1912 gnum
690 1841 810 1912 ejus
835 1850 1097 1897 terrestre
1125 1843 1227 1897 sibi
1267 1842 1552 1913 ﬁngentes.
1585 1841 1790 1913 Deique
1811 1843 2081 1913 promissa

2199 653 2388 724 μουέν
2418 655 2566 726 μέσῳ
2589 653 2768 708 αὐτῶν
2789 655 2868 714 είς
2893 651 2986 704 τὸν
3006 649 3195 715 αίῶνα,
3235 651 3330 704 καὶ
3353 650 3510 705 ἔσται
3547 654 3580 722 ἡ
3611 670 3756 707 κατα-

2197 745 2464 814 σκήνωσίς
2491 762 2590 814 μου
2616 746 2672 798 ἐν
2693 744 2894 807 αὐτοῖς,
2921 743 3016 795 καί⁹
3046 741 3260 795 ἔσονταί
3281 759 3373 813 μοι
3403 744 3484 804 είς
3509 741 3654 807 λαὸν,
3676 745 3755 797 καὶ

2195 832 2306 902 ἐγὼ
2333 833 2526 905 ἔσομαι
2561 836 2743 897 αὐτοῖς
2781 836 2861 897 εἰς
2891 833 3045 888 Θεόν.
3089 834 3199 887 Καὶ¹
3221 833 3525 901 γνώσονται
3550 833 3620 886 τὰ
3643 834 3752 905 ἔθνη

2194 925 2276 980 ὅτι
2299 925 2406 994 ἐγώ
2433 928 2546 996 εἰμι
2570 925 2774 998 Κύριος
2794 926 2822 978 ό
2845 924 3085 994 ἁγιάζων
3111 926 3328 992 αὐτοὺς,
3364 928 3422 978 ἐν
3441 925 3524 996 τῷ
3550 922 3752 982 εἶναιτὰ

2194 1020 2327 1088 ἅγιά
2365 1037 2466 1091 μου
2491 1021 2548 1072 ἐν
2581 1019 2729 1090 μέσῳ
2759 1018 2935 1072 αὐτῶν
2967 1021 3047 1082 είς
3084 1019 3176 1072 τὸν
3199 1018 3391 1072 αἰῶνα.
3429 1037 3448 1068 ι
3495 1019 3646 1071 Μετὰ
3669 1019 3752 1090 τὴν

2191 1112 2294 1182 τῆς
2337 1113 2633 1183 διασπορᾶς
2674 1111 2769 1164 τοῦ
2823 1111 3193 1182 πνευματικοῦ
3234 1113 3328 1164 καὶ
3368 1109 3624 1182 ἀληθινοῦ
3664 1112 3752 1166 Ἱσ-

2198 1205 2334 1278 ραὴλ
2362 1204 2798 1276 ἐπισυναγωγὴν,
2841 1205 2936 1258 καὶ⁵
2967 1205 3104 1274 μετὰ
3136 1203 3232 1274 τὴν
3260 1203 3479 1273 εὕρεσιν
3503 1203 3610 1254 τῶν
3661 1204 3753 1256 ἀπ-

2191 1297 2467 1351 ολωλότων
2503 1296 2789 1370 προϐάτων
2829 1295 2978 1350 οἴκου
3021 1295 3254 1367 Ἰσραὴλ,
3272 1295 3368 1347 τοῦ
3407 1293 3752 1366 πληρώματος

2191 1386 2298 1440 τῶν
2325 1386 2492 1441 ἐθνῶν
2519 1385 3050 1458 προεισεληλυθότος,
3077 1385 3375 1456 τηνικαῦτα
3403 1387 3431 1438 ό
3454 1385 3653 1455 Κύριος
3677 1387 3752 1438 αὺ-

2191 1474 2282 1538 τὸς
2308 1474 2403 1544 μὲν
2429 1473 2644 1526 ἔσεσθαι
2672 1475 2752 1538 είς
2783 1474 2915 1527 Θεὸν
2939 1474 3016 1544 τῷ
3054 1475 3294 1544 ἐσομένῳ
3320 1474 3489 1528 αὑτοῦ
3521 1475 3652 1545 λαῷ,
3674 1475 3753 1528 τὸν

2190 1567 2246 1620 δὲ
2275 1565 2457 1619 δοῦλον
2477 1565 2642 1619 αὐτοῦ
2677 1566 2840 1619 Δαυῒδ
2884 1567 3120 1637 ἄρχοντα
3158 1565 3344 1636 θήσειν
3374 1567 3430 1618 ἐν
3469 1566 3622 1636 μέσῳ
3668 1567 3753 1619 αὖ.

2188 1660 2316 1723 τῶν,
2340 1658 2716 1730 ποιμανοῦντα
2746 1659 2947 1720 αὐτοὺς
2974 1657 3066 1710 καὶ
3099 1658 3333 1730 ἄρχοντα
3359 1658 3543 1710 αὐτῶν
3567 1659 3662 1710 οὐκ
3676 1659 3751 1710 ἐπ’

2187 1751 2366 1820 ὀλίγον
2403 1752 2496 1804 καὶ
2530 1750 2736 1822 βραχύν
2785 1766 2906 1802 τινα
2947 1749 3133 1822 χρόνον
3167 1748 3281 1802 ἀλλ’
3325 1749 3420 1801 ἐπὶ
3463 1749 3557 1802 τὸν
3597 1750 3753 1802 αἰῶνα

2188 1842 2548 1910 ὑπισχνεῖται.
2581 1839 2890 1893 Οἱὲσθωσαν
2925 1839 3022 1911 μὲν
3047 1835 3140 1892 οὖν
3179 1838 3270 1892 τὸν
3313 1838 3602 1910 ἄνθρωπον
3627 1839 3754 1892 ἐκεῖ-

495 1934 550 1987 in
602 1933 1050 2004 corruptibilihus
1113 1935 1576 2004 terrestribusque
1615 1942 1669 1990 et
1717 1935 1902 1989 divina
1953 1949 2072 2004 pro-

2181 1951 2268 1986 νον
2299 1933 2389 1985 τὸν
2422 1931 2534 1985 υἱὸν
2563 1931 2776 1984 ’Ἰεσσαὶ
2808 1929 3342 1999 κατεπαγγέλλεσθαι
3365 1931 3457 1982 τὸν
3482 1930 3638 1998 λόγον
3668 1932 3754 1984 αὑ-

494 2025 757 2080 missione
789 2026 1031 2095 indignis
1062 2034 1446 2096 exspectantes
1491 2045 1502 2081 :
1540 2042 1640 2081 nos
1683 2042 1815 2081 vero
1858 2027 2083 2082 minime

495 2131 795 2185 congruere
818 2132 942 2170 eum
965 2119 1166 2172 divinis
1190 2119 1503 2188 promissis,
1525 2134 1701 2188 neque
1723 2118 1790 2172 ad
1823 2117 2080 2174 Davidem

495 2205 674 2274 ipsum
709 2214 959 2276 spectare
991 2223 1112 2277 quae
1134 2211 1294 2277 quasi
1325 2208 1393 2262 de
1413 2224 1477 2263 eo
1497 2209 1644 2263 dicta
1678 2216 1825 2274 sunt,
1857 2224 2082 2279 persua-

492 2314 612 2351 sum
649 2298 936 2363 habentes,
965 2304 1079 2356 haec
1104 2301 1170 2356 de
1207 2300 1492 2358 Salvatorc
1523 2301 1864 2374 Dominoque
1892 2313 2081 2359 nostro

489 2384 618 2441 Jcsu
646 2387 867 2443 Christo
893 2404 922 2444 e
946 2391 1154 2446 semine
1185 2391 1305 2460 ejus
1338 2392 1641 2447 secundum
1676 2409 1898 2448 carnem
1937 2402 2082 2464 geni-

490 2489 545 2533 to
565 2482 891 2551 accipimus,
931 2484 1248 2552 prophetias
1273 2485 1398 2538 huic
1417 2485 1589 2556 magis
1607 2488 1897 2542 convenire
1916 2502 2079 2557 quam

488 2573 567 2626 il-‘i
598 2573 765 2628 David
813 2583 1152 2646 reputantes,
1188 2577 1242 2630 in
1273 2577 1354 2632 eis
1404 2595 1527 2649 qua:
1557 2580 1714 2648 quasi
1748 2581 1814 2634 de
1845 2595 2080 2650 persona

488 2663 656 2718 David
690 2667 742 2719 in
780 2668 954 2722 sacris
1004 2666 1306 2738 Scripturis
1341 2670 1628 2739 leguntur;
1664 2669 1778 2725 haec
1816 2671 2027 2726 scilicet
2056 2689 2072 2726 :

491 2773 513 2807 ι
558 2755 820 2812 Dominus
845 2759 1065 2814 dixitad
1107 2776 1234 2816 me:
1268 2760 1440 2816 Filius
1474 2778 1627 2818 meus
1651 2779 1712 2819 es
1741 2770 1822 2827 tu,
1857 2779 1957 2835 ego
1981 2766 2079 2818 ho-

484 2848 574 2910 die
611 2851 775 2918 genui
825 2860 877 2906 te
901 2853 976 2917 ¹⁷;
1019 2871 1038 2903 ι
1072 2860 1234 2924 atque
1260 2854 1351 2908 illa
1390 2872 1405 2909 :
1455 2873 1473 2905 ι
1515 2856 1836 2911 Constitnes
1882 2871 1967 2910 me
2022 2856 2078 2910 in

482 2949 647 3010 caput
693 2943 954 3011 gentium,
983 2963 1000 2994 ι
1036 2960 1156 3012 qua:
1210 2946 1265 2999 in
1305 2945 1520 3001 decimo
1583 2948 1817 3017 septimo
1867 2949 2078 3017 psalmo

481 3032 743 3088 dicuntur
767 3033 844 3100 ¹⁸;
883 3035 972 3088 ubi
1003 3051 1194 3091 rursus
1229 3038 1385 3107 quasi
1411 3037 1478 3092 de
1511 3038 1632 3106 ejus
1678 3054 1913 3108 persona
1946 3039 2079 3110 legi-

481 3138 636 3180 mus:
668 3142 686 3176 ι
709 3122 952 3196 Populus
982 3143 1143 3196 quem
1175 3145 1285 3183 non
1335 3131 1588 3206 cognovi,
1633 3131 1860 3185 servivit
1895 3131 2026 3185 mihi
2058 3149 2074 3199 ;

479 3216 535 3270 in
568 3217 756 3271 auditu
790 3219 940 3275 auris
957 3220 1196 3275 obedivit
1227 3221 1360 3274 mihi
1387 3223 1450 3274 ‘9.
1479 3240 1498 3272 ι
1523 3220 1595 3276 De
1616 3237 1726 3292 quo
1756 3223 1902 3278 enim
1929 3221 2075 3279 Deus

2181 2027 2293 2087 τοῖς
2326 2024 2374 2076 οἱ
2403 2023 2466 2076 ἐκ
2509 2022 2849 2094 περιτόμης,
2903 2020 3181 2091 βασιλείαν
3226 2021 3390 2074 αὑτοῦ
3443 2023 3754 2092 σωματικὴν

2182 2109 2338 2177 αὖθις
2366 2111 2793 2183 φανταζόμενοι,
2825 2112 2920 2165 καὶ
2949 2113 3048 2176 τὰς
3080 2113 3400 2182 ὑποσχέσεις
3429 2113 3526 2166 τοῦ
3558 2113 3690 2166 Θεοῦ
3704 2116 3754 2168 ἐν

2183 2206 2437 2277 φθαρτοῖς
2462 2206 2558 2264 καὶ
2589 2205 2793 2274 γηῖνοις
2828 2205 2922 2259 καὶ
2967 2205 3114 2269 θείας
3141 2206 3378 2271 ἀναξίοις
3401 2207 3752 2275 ἐπαγγελείας

2181 2299 2628 2372 καραδοκοῦντες·
2681 2301 2840 2369 ἡμεῖς
2889 2299 2945 2354 δὲ
2999 2299 3261 2371 μηδαμῶς
3308 2301 3573 2370 ἁρμόζειν
3629 2302 3750 2372 μήτε

2181 2391 2353 2456 θείαις
2377 2394 2721 2465 ὑποσχέσεσι,
2755 2397 2890 2467 μήτε
2934 2393 3038 2465 μὴν
3068 2395 3146 2456 εἰς
3188 2393 3352 2446 αὑτὸν
3395 2393 3752 2464 ἀναφέρεσθιι

2179 2481 2269 2534 τὸν
2305 2481 2499 2547 Aac-$6,
2547 2485 2615 2538 τὰ
2647 2485 2722 2548 ὼς
2754 2485 2881 2554 περὶ
2915 2483 3079 2539 αὐτοῦ
3129 2483 3395 2554 λεγόμενα
3449 2484 3750 2554 πειθόμενοι

2180 2576 2273 2633 ἐπὶ
2296 2577 2384 2628 τὸν
2418 2579 2482 2629 ἐκ
2512 2576 2822 2646 σπέρματος
2858 2575 3021 2630 αὑτοῦ
3047 2575 3137 2627 τὸν
3161 2574 3302 2627 κατὰ
3334 2575 3514 2646 σάρκα
3541 2577 3750 2646 γενόμε·

2180 2683 2268 2719 νον
2289 2666 2515 2738 Σωτῆρα
2544 2668 2637 2720 καὶ
2663 2667 2865 2738 Κύριον
2881 2667 2912 2736 ἡ
2923 2667 3036 2736 μῶν
3075 2665 3278 2736 Ἰησοῦν
3303 2667 3538 2735 Χριστὸν
3554 2667 3746 2738 ἐκλαμ-

2180 2757 2463 2829 ϐάνωμεν,
2496 2759 2595 2821 τὰς
2646 2758 2980 2829 προφητείας
3029 2758 3202 2828 τούτῳ
3251 2757 3447 2827 μᾶλλον
3501 2759 3748 2830 ἁρμόζειν

2179 2848 2320 2920 ἥπερ
2349 2849 2539 2920 ἐκείνῳ
2565 2849 2644 2922 τῷ
2683 2849 2843 2902 Δαυῒδ
2874 2849 3107 2919 οἰόμενοι
3128 2890 3141 2913 ,
3170 2849 3238 2902 τὰ
3263 2849 3338 2911 ὼς
3379 2849 3443 2901 ἂν
3491 2852 3553 2903 ἐκ
3588 2868 3746 2922 ripe-s-

2178 2940 2327 2994 ὡπου
2351 2940 2510 2995 Δαυῒδ
2540 2943 2596 2994 ὲν
2623 2945 2742 3005 ταῖς
2767 2943 2938 3012 ἱεραῖς
2965 2942 3208 3011 Γραφαῖς
3239 2942 3593 3013 ἐμφερόμενα
3613 2960 3628 2972 ·
3647 2938 3748 2996 οἷόν

2177 3036 2322 3088 ἐστιν
2354 3032 2446 3098 τὸ,
2488 3055 2505 3085 ι
2544 3035 2748 3105 Κύριος
2781 3032 2934 3088 εἶπεν
2970 3035 3107 3106 πρὸς
3135 3035 3236 3105 μὲ,
3271 3035 3395 3098 Υἱός
3433 3052 3534 3106 μου
3576 3035 3626 3087 εἰ
3665 3036 3746 3088 σύ·

2177 3126 2286 3196 ἐγὼ
2317 3130 2554 3199 σήμερον
2577 3127 2884 3198 γεγέννηκά
2910 3144 3001 3180 σε’
3041 3146 3059 3178 ι
3094 3127 3189 3180 καὶ
3213 3127 3294 3190 τὸ,
3326 3145 3344 3178 ι
3377 3129 3748 3198 Καταστὴσεις

2181 3235 2247 3289 με
2281 3221 2359 3282 εἰς
2405 3220 2647 3291 κεφαλὴν
2691 3219 2878 3286 ἐθνῶν,
2917 3239 2936 3272 ι
2984 3219 3276 3290 λεγόμενον
3321 3224 3378 3273 ἐν
3423 3219 3489 3284 ιζ’
3529 3219 3743 3290 ψαλμῶ⁹

476 3307 684 3365 dixisse
710 3311 1111 3368 existimandus
1146 3322 1229 3369 est
1255 3333 1268 3367 :
1297 3333 1315 3368 ι
1346 3313 1465 3384 Ipse
1491 3315 1764 3369 invocabit
1785 3314 2069 3382 me,Pater

2176 3308 2296 3362 ἔνθα
2349 3308 2509 3362 πάλιν
2556 3313 2630 3373 ὡς
2677 3312 2740 3362 ἐκ
2795 3309 3082 3380 προσώπου
3139 3310 3300 3364 αὐτοῦ
3354 3309 3601 3364 λέλεκται
3657 3311 3743 3374 τὺ,

476 3416 632 3456 mens
653 3415 713 3456 es
745 3408 802 3456 tu
825 3404 892 3466 '°,
927 3424 944 3455 ι
982 3411 1145 3474 atque
1175 3423 1188 3458 :
1229 3423 1247 3454 ι
1278 3404 1344 3457 Ει
1371 3420 1471 3475 ego
1507 3406 1925 3476 primogenitum
1963 3422 2066 3478 po-

474 3508 602 3564 nam
651 3507 774 3548 eum
809 3495 877 3556 ",
918 3513 936 3554 ι
979 3495 1086 3551 nisi
1121 3494 1187 3549 de
1214 3493 1499 3549 Salvatore
1539 3502 1751 3560 nostro,
1783 3495 2068 3566 unigenito

472 3584 596 3653 ejus
629 3584 810 3642 Filio?
838 3585 983 3654 Quid
1022 3589 1168 3644 enim
1204 3589 1482 3659 singulare
1524 3605 1636 3662 pra:
1681 3590 1896 3656 caeteris
1935 3607 2065 3661 pro-

472 3677 654 3748 phetis
697 3678 1152 3751 justisque-viris
1199 3682 1381 3736 evenit
1435 3673 1643 3746 Davidi,
1689 3690 1750 3736 ut
1782 3668 1945 3754 quasi
1999 3686 2067 3740 de

477 3769 599 3850 ipso
629 3771 750 3836 solo
779 3771 1056 3832 diceretur
1099 3773 1680 3855 prophetizareturque
1723 3789 1845 3830 eum
1881 3791 2064 3846 regem

473 3870 858 3924 surrecturum
910 3880 1033 3920 esse
1084 3854 1473 3936 pastoi'emque
1526 3866 1622 3922 Dei
1675 3869 1896 3923 ovium?
1938 3868 2063 3924 Haec

473 3953 647 4024 igitur
677 3956 860 4012 omnia
889 3957 1159 4021 videntes,
1193 3965 1358 4029 atque
1406 3959 1557 4019 Isaiae
1597 3961 1940 4034 prophetiam
1989 3971 2065 4016 at-

470 4045 778 4108 tendentes,
827 4055 950 4118 post
979 4046 1202 4105 Davidis
1243 4057 1476 4105 mortem
1522 4051 1636 4106 haec
1669 4039 1774 4106 alia
1812 4068 2063 4123 pramun-

468 4137 694 4194 tiantem
724 4139 793 4194 de
838 4139 1064 4194 Christo
1100 4159 1113 4194 :
1156 4159 1174 4193 ι
1221 4140 1553 4213 Egredietur
1593 4143 1746 4214 virga
1777 4143 1845 4200 de
1874 4144 2060 4200 radice

464 4227 639 4291 Jesse,
656 4238 710 4284 et
741 4229 842 4287 llos
871 4231 938 4286 de
968 4231 1154 4289 radice
1183 4233 1305 4303 ejus
1337 4234 1630 4291 ascendet:
1659 4244 1715 4291 et
1745 4237 2057 4307 requiescet

463 4333 630 4388 super
655 4336 780 4375 eum
805 4320 1044 4390 Spiritus
1078 4322 1293 4378 Domini
1323 4327 1403 4390 '1;
1443 4345 1462 4377 ι
1504 4333 1558 4380 et
1585 4341 1706 4396 qua).
1731 4333 2055 4396 sequuntur,

463 4407 609 4474 sicut
650 4425 714 4464 ea
747 4425 1064 4482 quarunnc
1115 4422 1452 4480 scrutamur,
1488 4414 1555 4470 de
1613 4416 1734 4485 ipso
1784 4416 1944 4486 quasi
1990 4415 2058 4471 de

462 4497 671 4554 Davide
703 4500 851 4556 dicta
877 4502 1237 4559 credidimus.
1275 4503 1440 4570 Solus
1469 4508 1616 4561 enim
1648 4507 1903 4562 Christus
1935 4505 2053 4574 Dei,

461 4595 838 4663 metaphorice
867 4597 1036 4652 David
1065 4594 1392 4668 appellatus,
1423 4601 1600 4656 bonus
1630 4609 1818 4670 pastor
1841 4601 2051 4657 inveni-

457 4692 571 4749 tur,
603 4684 714 4740 dux
751 4695 803 4741 et
835 4689 1073 4742 salvator
1106 4688 1198 4742 Dei
1231 4689 1410 4760 gregis
1448 4697 1504 4744 et
1532 4689 1788 4743 Ecclesiae
1825 4689 2043 4756 lactus;

456 4778 551 4849 qui
590 4793 682 4833 rex
715 4794 882 4850 super
913 4796 1127 4836 omnem
1171 4781 1513 4852 spiritualem
1569 4779 1733 4836 Israel
1781 4798 1811 4835 a
1881 4780 2045 4838 Patre

457 4871 901 4937 constituendus,
928 4874 1106 4929 soluta
1128 4889 1159 4928 a
1178 4873 1409 4929 Domino
1440 4873 1628 4946 pepuli
1657 4874 1778 4943 ejus
1809 4874 2046 4944 captivi-

455 4971 567 5017 tate
606 4964 1040 5036 propltetizatur.
1352 4980 1354 4982 '

2176 3418 2196 3451 ι
2236 3401 2377 3464 Λαὸς
2407 3401 2466 3454 ὃν
2495 3402 2597 3454 οὐκ
2629 3401 2799 3470 ἔγνων
2827 3402 3106 3456 ἐδούλευσε
3132 3420 3241 3472 μοι’
3282 3405 3360 3466 είς
3387 3402 3557 3473 ἀκοὴν
3589 3403 3744 3455 ὠτίου

2171 3493 2448 3565 ὑπήκουσέ
2493 3511 2616 3564 μου.
2659 3513 2678 3546 ι
2719 3495 2854 3564 Περὶ
2890 3495 3033 3559 τίνος
3072 3495 3128 3552 δὲ
3166 3493 3325 3550 ἄλλου
3371 3496 3637 3564 προσήκει
3671 3493 3743 3567 [ν]

2168 3587 2258 3640 τὸν
2285 3586 2416 3639 Θεὸν
2443 3586 2672 3655 φάσκειν
2706 3588 2953 3640 ὑπονοεῖν
2980 3587 3060 3650 τὸ,
3103 3607 3121 3638 ι
3163 3587 3333 3649 Αὐτὸς
3363 3583 3744 3638 ἐπικαλέσεταί

2171 3697 2259 3751 με,
2289 3679 2481 3750 Πατήρ
2513 3697 2612 3750 μου
2640 3673 2691 3732 εἴ
2719 3679 2806 3732 σύ·
2841 3700 2860 3731 ι
2902 3680 2996 3732 καὶ
3025 3680 3105 3741 τὸ,
3147 3698 3165 3730 ι
3210 3678 3382 3747 Κάγὼ
3408 3679 3741 3748 πρωτότοκον

2167 3770 2406 3849 θήσομαι
2431 3772 2616 3834 αὑτὸν,
2651 3790 2670 3824 ι
2706 3771 2738 3842 ἢ
2768 3773 2897 3844 περὶ
2927 3770 3020 3825 τοῦ
3051 3770 3302 3842 Σωτῆρος
3333 3771 3490 3840 ἡμῶν
3523 3769 3619 3822 τοῦ
3648 3787 3740 3841 μο-

2165 3862 2414 3930 νογενοῦς
2444 3861 2635 3924 παιδὸς
2672 3860 2871 3925 αὐτοῦ;
2907 3859 2971 3913 Τί
2995 3858 3102 3931 γὰρ
3139 3858 3411 3929 ἐξαίρετον
3439 3859 3596 3929 παρὰ
3620 3859 3740 3919 τοὺς

2164 3954 2386 4019 λοιποὺς
2410 3956 2694 4026 προφήτας
2721 3971 2782 4007 τε
2804 3955 2899 4007 καὶ
2929 3952 3171 4015 δικαίους
3197 3950 3394 4020 ἄνδρας
3420 3948 3740 4020 κατωρθῶτο

2161 4047 2241 4119 τῷ
2270 4047 2448 4112 Δαυῖδ,
2475 4049 2550 4110 ὡς
2576 4047 2705 4119 περὶ
2733 4047 2894 4118 μόνου
2929 4044 3095 4098 αὑτοῦ
3127 4043 3300 4097 ταῦτα
3330 4042 3582 4111 λέγεσθαι
3602 4085 3615 4106 ,
3652 4042 3736 4094 καὶ

2164 4139 2325 4194 αὑτὸν
2346 4137 2788 4212 προφητεύεσθαι
2823 4133 2979 4200 αὖθις
3007 4133 3405 4206 ἀναστήσεσθαι
3433 4132 3655 4203 βασιλέα
3681 4148 3735 4183 τε

2161 4233 2255 4290 καὶ
2282 4229 2513 4300 ποιμένα
2529 4228 2637 4283 τῶν
2666 4228 2760 4291 τοῦ
2781 4227 2917 4281 Θεοῦ
2936 4226 3254 4298 προϐάτων;
3275 4224 3460 4278 Ταῦτα
3485 4225 3549 4295 δὴ
3567 4225 3733 4280 πάντα

2162 4319 2524 4390 συνορῶντες,
2569 4317 2888 4388 ἐφιστάντες
2921 4321 2990 4388 τῇ
3026 4316 3117 4370 τοῦ
3171 4316 3390 4370 Ἡσαΐου
3437 4313 3732 4384 προφητείᾳ

2161 4413 2299 4485 μετὰ
2333 4413 2432 4486 τὴν
2462 4412 2558 4468 τοῦ
2602 4413 2764 4467 Δαυῖδ
2803 4412 3058 4484 τελευτὴν
3101 4407 3552 4480 ἀνακηρυττούση
3578 4409 3646 4460 τά
3675 4422 3732 4457 τε

2157 4504 2292 4560 ἄλλα
2321 4506 2449 4577 περὶ
2481 4504 2573 4557 τοῦ
2605 4505 2868 4574 Χριστοῦ,
2893 4505 2985 4557 καὶ
3014 4502 3109 4566 τὸ,
3151 4520 3168 4552 ι
3220 4499 3588 4564 Ἐξελεύσεται
3643 4497 3734 4567 ρά-

2157 4597 2279 4660 6δος
2301 4597 2364 4648 ἐκ
2391 4596 2490 4666 τῆς
2508 4595 2663 4667 ῥίζης
2691 4595 2908 4660 Ἰεσσαὶ,
2931 4593 3025 4647 καὶ
3048 4592 3205 4656 ἄνθος
3229 4593 3292 4644 ἐκ
3318 4590 3418 4660 τῆς
3440 4590 3595 4660 ῥίζης
3612 4590 3734 4642 ἁνα-

2155 4690 2410 4761 6ήσεται,
2453 4691 2546 4742 καὶ
2577 4687 3017 4749 ἐπαναπαύσεται
3049 4687 3135 4738 ἐπ’
3168 4685 3327 4738 αὑτὸν
3374 4672 3595 4753 Πνεῦμα
3640 4678 3730 4733 τοῦ

2155 4779 2216 4849 (Γ.
2255 4780 2345 4842 58,
2378 4781 2453 4851 v9)
2486 4780 2644 4833 Θεοῦ·
2685 4799 2703 4832 ι
2738 4778 2923 4833 καὶτὰ
2953 4777 3162 4840 τούτοις
3195 4775 3320 4845 ἑξῆς
3352 4773 3575 4835 εἰκότως
3606 4771 3732 4841 περὶ

2149 4871 2244 4925 τοῦ
2276 4871 2439 4926 αὐτοῦ
2473 4873 2566 4925 καὶ
2594 4871 2663 4925 τὰ
2696 4869 2904 4936 ἐνθάδε,
2945 4869 3021 4931 ὼς
3051 4868 3180 4938 περὶ
3210 4863 3369 4920 Δαυῖδ
3402 4860 3733 4935 προφητευό-

2153 4983 2308 5037 μενα,
2337 4965 2590 5034 λέγεσθαι
2617 4962 2978 5034 πεπείσμεθα.
3004 4961 3178 5024 Μόνος
3198 4959 3348 5030 γὰρὸ
3369 4957 3602 5028 Χριστὸς
3637 4952 3731 5006 τοῦ

453 5054 611 5120 Θεοῦ,
646 5059 786 5111 κατὰ
808 5059 907 5130 τὴν
943 5061 1252 5132 μεταφορὰν
1277 5061 1376 5131 τῆς
1404 5059 1775 5133 προσηγορίας
1804 5062 1897 5116 καὶ
1926 5060 2088 5116 Δαυῖδ
2111 5063 2480 5135 χρηματίσας,
2543 5059 2748 5133 ποιμὴν
2801 5061 2844 5113 ‘6
2897 5057 3061 5120 καλὸς
3098 5055 3489 5117 ἀναδέδεικται,
3553 5052 3728 5121 ἀρχη-

452 5149 549 5217 γὸς
577 5151 669 5204 καὶ
696 5151 885 5225 Σωτὴρ
905 5153 1006 5223 τῆς
1021 5153 1112 5207 τοῦ
1127 5154 1264 5208 Θεοῦ
1286 5155 1520 5225 ποίμνης
1544 5171 1605 5207 τε
1635 5155 1730 5208 καὶ
1778 5153 2104 5226 Ἐκκλησίας
2139 5157 2524 5228 γεγενημένοςο
2553 5155 2614 5220 ὃς
2647 5153 2897 5225 βασιλεὺς
2922 5152 3016 5205 ἐπὶ
3055 5151 3228 5204 πάντα
3261 5148 3352 5202 τὸν
3384 5145 3571 5218 νοητὸν
3614 5145 3716 5198 Ἰσ-

454 5242 594 5320 ραὴλ
620 5243 726 5296 ὑπὸ
761 5243 856 5297 τοῦ
887 5246 1099 5318 Πατρὸς
1162 5246 1670 5319 κατασταθήσεσθαι
1705 5246 1844 5320 μετὰ
1907 5247 1967 5300 τὸ
2031 5248 2358 5321 ἐπιστρέψαι
2391 5247 2598 5320 Κύριον
2643 5249 2742 5320 τὴν
2792 5243 3167 5317 αἰχμαλωσίαν
3212 5241 3306 5299 τοῦ
3364 5239 3497 5294 λαοῦ
3557 5234 3722 5293 αὐτοῦ

455 5333 881 5423 προφητεύεται.

1026 5461 1257 5524 CAPUT
1311 5461 1468 5518 XLII.

1071 5553 1157 5608 Ex
1189 5554 1432 5610 Daniele.

533 5638 660 5714 Haec
689 5641 876 5700 Daniel
906 5645 1042 5708 dicit
1076 5667 1093 5702 :
1132 5665 1150 5697 ι
1192 5648 1251 5704 In
1283 5648 1476 5704 diebus
1522 5659 1703 5707 autem
1749 5667 2041 5724 regnorum

2658 5457 3052 5531 ΚΕΦΑΛᾼΙΟΝ
3087 5457 3220 5511 MB'.

2670 5551 2804 5607 Ἀπὸ
2836 5550 2940 5605 τοῦ
2965 5548 3204 5613 Δανιὴλ.

2223 5650 2417 5721 Δανιὴλ
2445 5650 2591 5710 ἐστιν
2614 5646 2642 5697 ὁ
2679 5643 2925 5714 φάσκωψ
2968 5661 2986 5692 ι
3020 5641 3130 5695 Καὶ
3161 5642 3217 5705 ἐν
3243 5640 3352 5703 τοῖς
3380 5637 3586 5709 χρόνοις
3602 5630 3712 5689 τῶν

537 5797 581 5879 ξε
607 5796 802 5879 E_1._ech.
829 5817 1037 5879 XXXVII,
1068 5801 1259 5879 21-28.
1337 5806 1377 5845 1'
1410 5803 1551 5860 Psal.
1603 5821 1659 5869 ιι,
1696 5807 1747 5862 7.
1829 5808 1871 5840 '-‘
1901 5805 2042 5863 Psal.
2071 5807 2317 5879 “in”.
2399 5807 2440 5840 “
2474 5805 2606 5864 ibid.
2643 5806 2729 5865 65.
2808 5807 2852 5838 ¹⁰
2880 5803 3028 5863 Psal.
3062 5815 3321 5868 Lxxxvnt,
3344 5800 3436 5854 27.
3508 5796 3552 5829 ’ί
3579 5793 3714 5851 ibid.

469 5867 565 5938 23.
644 5871 687 5902 ²¹
717 5869 823 5941 Isa.
860 5888 936 5937 ιιι,
977 5877 1037 5936 1,
1076 5873 1126 5927 '2.
