3974 6502
211 457 350 510 “73

1276 449 1569 510 ECLOGA”.
1611 449 2098 510 ΡΒΟΡΙΙΕἸΊΕᾸΞ.
2138 486 2209 496 --
2244 451 2372 508 LIB.
2417 453 2460 508 ι.

3352 457 3496 512 11⁸74

210 570 483 642 βασιλέων
536 571 831 642 ἀγαπήσει
867 571 897 624 6
937 569 1069 633 Θεὸς
1112 569 1206 622 τοῦ
1241 568 1470 639 ούρανοῦ
1527 566 1802 637 βασιλείαν

1912 570 2127 624 illorum
2167 569 2457 626 suscitabit
2491 566 2636 624 Deus
2658 569 2782 624 coeli
2813 569 3043 625 alterum
3085 587 3333 642 regnum,
3359 573 3505 642 quod

207 664 403 735 ἄλλην,
428 664 655 735 ἥτις⁶είς
687 665 813 727 τοὺς
829 663 1030 728 αίῶνας
1053 662 1204 716 ἔσται
1234 663 1330 716 καί
1355 663 1415 714 ού
1439 661 1804 732 φθαρήσεται,

209 758 309 810 καὶ
347 756 489 828 α’ύτη
522 758 556 828 ἡ
584 755 828 826 βασιλεία
845 756 972 811 ἄλλο
1001 755 1152 819 ἔθνος
1185 756 1246 808 ού
1287 753 1361 825 μὴ
1390 755 1549 826 ἐάσῃ,
1576 751 1807 817 πατάξει

207 849 267 901 δὲ
302 848 398 902 καὶ
429 848 681 918 ἀφανίσει
711 847 807 911 τὰς
833 847 1126 918 βασιλείας,
1160 847 1255 899 καὶ
1282 843 1420 916 αὐτὴ
1459 845 1712 915 στήσεται
1731 846 1811 907 είς

205 939 303 993 τὸν
329 939 523 1003 αίῶνα,
547 939 800 1011 καθάπερ
827 938 1075 1011 ἑώρακας
1096 938 1157 1003 ἐξ
1183 939 1342 1010 ὅρους
1362 936 1640 1008 τμηθέντα
1665 934 1812 988 λίθον

206 1033 341 1086 ἄνευ
360 1033 580 1104 χειρῶν,
608 1033 703 1086 καὶ
731 1031 1030 1103 συνηλόησέ
1051 1032 1111 1084 τὸ
1134 1031 1420 1102 ὄστρακον,
1445 1030 1536 1083 τὸν
1561 1028 1800 1099 σίδηρον,

208 1126 306 1179 καὶ
337 1125 431 1178 τὸν
465 1124 694 1196 χαλκὸν,
726 1125 819 1178 καί⁸
845 1125 936 1177 τὸν
965 1125 1224 1195 ἄργυρον,
1263 1122 1356 1176 καὶ
1392 1123 1481 1175 τὸν
1521 1119 1743 1191 χρυσόν.
1788 1136 1808 1169 ι

209 1219 329 1272 Καὶ
347 1219 523 1274 ταῦτα
545 1219 674 1290 περὶ
706 1217 808 1288 τῆς
845 1218 938 1270 ἐπὶ⁸
971 1217 1251 1286 συντελείᾳ
1283 1215 1392 1268 τῶν
1413 1213 1624 1269 αἰώνων
1657 1231 1812 1286 γενη-

211 1312 456 1383 σομένης
486 1309 582 1365 τοῦ
615 1309 852 1382 Χριστοῦ
899 1309 1178 1380 βασιλείας
1218 1306 1492 1380 δηλοῦται·
1529 1309 1557 1359 6
1589 1305 1700 1376 γάρ
1729 1321 1814 1358 τοι

211 1404 386 1468 λίθος,
418 1406 446 1457 6
470 1403 527 1469 ἐξ
567 1405 725 1475 ὅρους
750 1401 980 1473 τμηθεὶς
1017 1403 1143 1457 ἄνευ
1181 1399 1400 1472 χειρῶν,
1433 1397 1700 1469 σύμϐολον
1736 1396 1803 1451 ἂν

210 1497 300 1567 εἴη
334 1495 430 1550 τοῦ
459 1495 634 1563 Λόγου
666 1494 760 1547 τοῦ
799 1493 937 1546 Θεοῦ
959 1533 975 1558 ,
1005 1493 1099 1546 καὶ
1124 1495 1182 1546 ἐν
1220 1492 1406 1554 ἄλλαις
1450 1487 1812 1559 προφητείαις

209 1589 368 1642 λίθου
400 1586 932 1658 προσαγορευθέντος
953 1627 968 1652 ,
1008 1586 1083 1649 ὡς
1117 1586 1209 1638 ἐπὶ
1241 1582 1360 1646 τοῦ,
1395 1602 1414 1634 ι
1456 1581 1586 1634 Ἰδοὺ
1619 1578 1813 1648 τίθημι

208 1684 272 1736 ἐν
305 1680 448 1735 Σιὼν
481 1679 626 1734 λίθον
655 1681 1048 1751 ἀκρογωνιαῖον
1084 1677 1339 1732 ἐκλεκτὸν
1375 1675 1610 1746 ἔντιμον·
1649 1691 1666 1723 ι
1699 1669 1813 1734 καὶ,

209 1795 232 1827 ε
267 1774 434 1830 Λίθον
453 1773 511 1827 ὃν
535 1773 946 1844 ἀπεδοκίμασαν
979 1774 1030 1825 οἱ
1059 1769 1491 1841 οἰκοδομοῦντες,
1510 1760 1664 1829 οὗτος
1690 1766 1814 1832 ἐγε-

205 1862 348 1934 νήθη
377 1864 458 1926 είς
489 1862 730 1932 κεφαλὴν
763 1862 985 1930 γωνίας.
1020 1881 1040 1914 ι
1067 1861 1266 1914 Τοῦτον
1295 1859 1387 1914 οὖν
1411 1876 1577 1930 φησιν
1611 1859 1638 1910 ὁ
1672 1873 1816 1927 παρ-

1914 657 1969 710 ἱιι
2019 667 2282 712 :eternum
2333 659 2439 713 erit
2489 667 2544 714 et
2592 675 2700 714 non
2745 659 3126 731 dissipabitur,
3173 672 3227 718 et
3277 679 3506 733 regnum

1909 749 2032 813 eius
2063 749 2219 806 alteri
2249 751 2451 822 populo
2493 767 2603 806 non
2631 752 2878 808 tradetur
2904 773 2916 808 :
2949 754 3282 810 comminuet
3323 766 3506 814 autem

1913 852 1967 897 et
2015 853 2304 898 consumet
2346 843 2600 898 universa
2643 860 2810 916 regna
2860 845 2974 900 hare
3013 866 3025 900 :
3059 854 3112 901 et
3161 847 3339 917 ipsum
3387 859 3506 904 sta-

1913 934 1993 990 bit
2041 934 2095 989 in
2141 944 2406 991 aeternum
2446 954 2460 989 :
2498 937 2798 991 secundum
2829 938 2975 1007 quod
3006 938 3212 1004 vidisti,
3246 940 3393 1010 quod
3436 943 3506 998 de

1915 1035 2099 1083 monte
2152 1028 2433 1084 abscissus
2468 1035 2551 1082 est
2602 1029 2739 1100 lapis
2789 1031 2909 1086 sine
2959 1031 3240 1097 manibus,
3274 1042 3326 1087 et
3357 1049 3507 1090 com-

1916 1119 2115 1173 minuit
2164 1126 2383 1182 testaut,
2421 1130 2473 1174 et
2509 1120 2735 1186 ferrum,
2769 1131 2822 1177 et
2870 1137 2968 1186 αδδ,
2997 1129 3051 1177 et
3099 1131 3410 1195 argentum,
3451 1134 3505 1181 et

1917 1224 2111 1263 aurum
2147 1209 2210 1262 ³³.
2239 1230 2258 1262 ι
2295 1209 2361 1264 Et
2400 1211 2514 1265 hzec
2547 1212 2615 1267 de
2639 1212 2844 1268 Christi
2880 1214 2933 1268 in
2972 1218 3505 1272 consummationem

1917 1304 2101 1359 δεξιουιί
2131 1319 2299 1374 regno
2338 1304 2670 1359 referuntur.
2701 1304 2867 1376 Lapis
2890 1308 3034 1361 enim
3061 1308 3130 1364 de
3160 1319 3346 1365 monte
3383 1310 3503 1366 sine

1917 1395 2172 1450 manibus
2216 1396 2520 1462 abscissus,
2557 1397 2866 1468 symbolum
2901 1407 3049 1454 esset
3089 1399 3248 1455 Verbi
3286 1401 3400 1462 Dei,
3444 1409 3504 1457 ut

1917 1487 1975 1542 in
2024 1487 2146 1540 aliis
2186 1486 2496 1542 ostenditur
2544 1487 2846 1557 prophetiis
2892 1488 2979 1542 his
3034 1491 3216 1546 verbis
3251 1510 3264 1545 :
3298 1510 3316 1542 ι
3363 1490 3504 1547 Ecce

1917 1593 2018 1650 ego
2047 1579 2260 1632 mittam
2314 1577 2370 1632 in
2415 1578 2786 1634 fundamentis
2845 1579 2976 1634 Sion
3028 1580 3258 1650 lapidem
3299 1582 3502 1652 proba-

1918 1678 2073 1735 tum,
2133 1671 2447 1742 angularem
2489 1672 2567 1740 “;
2611 1691 2629 1723 ι
2682 1681 2846 1743 atque
2895 1691 2909 1728 :
2964 1693 2981 1724 ι
3030 1672 3284 1744 Lapidem
3339 1692 3501 1746 quem

1920 1763 2350 1834 reprobaverunt
2395 1763 2750 1832 :ediﬁcantes,
2785 1765 2876 1820 hic
2925 1764 3100 1822 factus
3133 1774 3217 1823 est
3253 1767 3309 1820 in
3337 1778 3504 1837 caput

1919 1857 2106 1928 anguli
2141 1858 2208 1909 “.
2249 1875 2266 1908 ι
2321 1855 2478 1912 llunc
2516 1858 2661 1912 cnim
2715 1859 2792 1913 ait
2842 1874 3084 1929 prxsens
3128 1861 3283 1916 locus
3334 1876 3501 1931 regna

205 1953 288 2009 ὼν
321 1954 480 2023 λόγος
539 1954 640 2017 τὰς
699 1954 975 2024 βασιλείας
1014 1952 1109 2007 τοῦ
1138 1952 1344 2023 κόσμου
1375 1952 1469 2004 καὶ
1501 1950 1600 2014 τὰς
1637 1947 1802 2020 ἀρχὰς

1915 1949 2128 2013 mundi,
2175 1950 2541 2019 principatus,
2587 1956 2886 2020 potestates
2925 1959 2980 2004 et
3025 1950 3214 2004 mundi
3262 1961 3502 2006 rectores

206 2049 307 2103 καὶ
331 2048 433 2112 τὰς
455 2047 702 2114 ἐξουσίας
730 2047 825 2102 καὶ
874 2049 1000 2112 τοὺς
1029 2046 1478 2118 κοσμοκράτορας
1506 2042 1804 2098 καθελόντα

209 2143 307 2198 καὶ
338 2142 698 2214 συντρίψαντα
733 2140 982 2208 καθέξειν
1025 2141 1124 2211 τὴν
1157 2139 1266 2193 τῶν
1310 2138 1480 2206 ἁγίων
1527 2134 1804 2209 βασιλείαν

209 2237 294 2300 είς
332 2235 426 2290 τὸν
451 2236 644 2292 αἰῶνα.

727 2345 1123 2401 ΚΕΦΑΛΑῙΟΝ
1163 2347 1296 2400 Ml".

840 2459 949 2514 Τοῦ
977 2459 1186 2514 αὐτοῦ.

285 2569 756 2641 Ναϐουχοδονόσορ
782 2571 809 2622 6
831 2569 1082 2640 βασιλεὺς
1112 2568 1238 2631 τοὺς
1272 2565 1400 2640 περὶ
1428 2566 1519 2620 τὸν
1555 2563 1802 2618 Ἀνανίαν

209 2662 294 2724 είς
321 2660 420 2731 τὴν
452 2660 679 2730 κάμινον
716 2661 810 2713 τοῦ
846 2659 1016 2731 πυρὸς
1045 2657 1300 2730 ἐμϐαλὼν
1321 2697 1336 2722 ,
1359 2657 1434 2720 ὡς
1459 2656 1599 2725 ἔγνω
1637 2655 1803 2727 μηδὲν

210 2755 416 2816 αὐτοὺς
455 2752 558 2806 ὑπὸ
603 2751 697 2806 τοῦ
745 2753 916 2824 πυρὸς
954 2751 1344 2823 ἠδικημένους,
1393 2750 1669 2819 αὐτόπτης
1706 2748 1801 2802 τοῦ

212 2845 523 2918 παραδόξου
560 2847 870 2918 γενόμενος,
922 2848 1035 2910 τοῖς
1084 2845 1278 2898 ἑαυτοῦ
1326 2843 1501 2912 φίλοις
1563 2839 1804 2914 εἰρηκὼς

208 2939 646 3010 ἀναγέγραπται’
689 2959 706 2990 ι
739 2939 870 3009 Οὐχὶ
895 2941 1042 3010 τρεῖς
1058 2937 1257 3008 ἄνδρας
1279 2935 1546 3007 ἐϐάλομεν
1571 2936 1626 2988 ἐν
1651 2934 1803 3006 μέσῳ

209 3031 308 3085 τοῦ
335 3031 538 3102 πυρός;
575 3051 593 3084 ι
643 3031 1042 3102 συμφησάντων
1077 3028 1133 3082 δὲ
1179 3026 1379 3090 αὐτῶν,
1420 3044 1439 3078 ι
1491 3026 1621 3080 Ἰδοὺ
1671 3021 1800 3093 ἐγὼ,

210 3124 404 3195 φησὶν,
463 3124 573 3195 ὁρῶ
624 3124 820 3195 ἄνδρας
836 3122 1108 3192 τέσσαρας
1142 3119 1484 3191 λελυμένους,
1523 3117 1617 3171 καὶ
1644 3133 1802 3187 περι-

210 3215 526 3280 πατοῦντας
559 3217 615 3269 ἐν
639 3215 716 3284 τῷ
746 3214 878 3286 πυρὶ
898 3256 913 3280 ,
945 3213 1039 3267 καὶ
1073 3211 1248 3284 φθορὰ
1286 3210 1512 3282 οὐδεμία
1553 3209 1702 3262 ἐστὶν
1744 3209 1802 3261 ὲν

1911 2050 2243 2098 evertentem
2276 2050 2330 2098 et
2365 2043 2659 2107 delentem,
2693 2050 3007 2100 sanctorum
3035 2059 3262 2116 regnum
3294 2045 3350 2099 iu
3380 2060 3504 2116 pero

1913 2142 2140 2207 petuum
2175 2145 2573 2206 occupaturum
2607 2150 2750 2192 esse.

2483 2310 2714 2368 CAPUT
2769 2310 2949 2368 XLIII.

2523 2395 2628 2479 ἘΦ
2659 2427 2861 2480 eodem.

1982 2540 2492 2596 Nabuchodonosor
2524 2555 2638 2604 rex,
2671 2539 2936 2607 conjectis
2961 2539 3016 2593 in
3044 2539 3320 2596 fornacem
3359 2543 3500 2614 ignis

1911 2636 2122 2690 Anania
2161 2635 2392 2705 ejusque
2436 2635 2625 2696 sociis,
2661 2649 2786 2688 cum
2826 2636 3187 2705 comperisset
3239 2651 3334 2691 eos
3378 2637 3501 2707 igne

1911 2725 2135 2790 illzesos,
2172 2727 2395 2798 ipseque
2426 2724 2678 2780 miraculi
2705 2716 2864 2781 testis
2892 2741 3014 2780 esse
3039 2726 3327 2794 voluisset,
3363 2728 3502 2782 ami-

1911 2821 1993 2875 cis
2042 2819 2160 2875 suis
2215 2818 2424 2873 dixisse
2472 2820 2648 2873 fertur
2683 2837 2698 2874 ;
2737 2839 2755 2870 ι
2792 2817 2984 2872 Nonne
3038 2827 3152 2874 tres
3205 2819 3353 2874 viros
3399 2821 3502 2874 nii-

1912 2913 2084 2968 simus
2131 2912 2188 2968 in
2223 2912 2461 2966 medium
2506 2911 2649 2983 ignis
2681 2911 3022 2982 compeditos
3055 2911 3142 2966 "?
3180 2932 3197 2965 ι
3237 2912 3336 2966 Cui
3374 2928 3498 2968 cum

1911 3005 2002 3061 isti
2045 3005 2476 3075 respondissent,
2526 3020 2653 3059 vere
2675 3005 2778 3060 hoc
2812 3019 2968 3071 esse,
3006 3022 3024 3054 ι
3051 3003 3190 3060 Ecce
3218 3021 3342 3076 ego,
3400 3008 3498 3072 ait,

1919 3099 2078 3154 video
2101 3105 2338 3168 quatuor
2369 3098 2519 3152 viros
2549 3098 2757 3154 solutos
2782 3104 2836 3151 et
2858 3097 3200 3154 ambulantes
3231 3098 3284 3152 in
3322 3098 3499 3154 medio

1910 3193 2074 3264 ignis,
2095 3203 2149 3247 et
2179 3192 2312 3246 nihil
2337 3191 2707 3262 corruptionis
2725 3191 2782 3245 in
2797 3192 2876 3247 cis
2892 3203 2998 3258 est,
3013 3201 3068 3248 et
3085 3193 3296 3263 species
3317 3195 3497 3263 quarti

209 3311 420 3373 αὐτοῖς,
444 3310 537 3364 καὶ
553 3311 588 3380 ἡ
609 3310 798 3381 ὅρασις
813 3308 905 3361 τοῦ
930 3307 1192 3379 τετάρτου
1210 3306 1237 3358 6
1245 3304 1463 3377 μοίωμα
1477 3303 1592 3356 υἱοῦ
1607 3301 1762 3355 Θεοῦ·
1779 3321 1797 3351 ι

1912 3285 2109 3342 similis
2140 3283 2278 3340 Filio
2304 3284 2398 3340 Dei
2431 3285 2498 3338 ετ.
2531 3304 2548 3335 ι
2587 3282 2891 3339 Hebraicus
2919 3292 3102 3340 textus
3131 3304 3151 3336 ι
3183 3286 3497 3342 similitudi-

207 3402 474 3466 ὡσαύτως
497 3402 554 3455 δὲ
585 3402 679 3455 καὶ
709 3401 772 3454 τὸ
805 3399 1086 3472 Ἐὁραῖκὺν
1117 3417 1134 3448 ι
1158 3397 1409 3468 ὁμοίωμα
1448 3393 1592 3448 ’Υίοῦ
1620 3392 1754 3446 Θεοῦ
1787 3411 1806 3444 ι

213 3495 499 3567 περιέχει,
552 3495 647 3548 καὶ
685 3495 734 3546 oi.
769 3492 946 3547 λοιποὶ
986 3493 1042 3546 δέ
1080 3491 1284 3562 ὁμοίως
1315 3488 1674 3542 ἐκδεδὼκασιν
1721 3485 1813 3556 ἐρ-

215 3587 504 3659 μηνευταίο
525 3585 715 3638 τούτου
739 3585 802 3656 δὴ
824 3580 916 3638 οὖν
947 3578 1576 3654 ἓνεκαξέσημειωσάμεθα
1606 3578 1696 3632 τὸν
1726 3576 1813 3630 τό-

214 3695 341 3743 πον,
370 3679 448 3742 ὼς
470 3680 566 3732 ml.
594 3676 842 3732 ἐντεῦθεν
865 3675 1272 3750 σημαινομένης
1299 3674 1402 3748 τῆς
1433 3672 1526 3727 τοῦ
1555 3671 1686 3726 Υίοῦ
1711 3670 1807 3725 τοῦ

210 3771 353 3827 Θεοῦ
379 3772 772 3845 προσηγορίας.

717 3887 1116 3943 ΚΕΦΑΛΑῙΟΝ
1156 3887 1288 3940 ΜΔ’.

856 4003 967 4057 Τοῦ
993 4000 1203 4058 αὐτοῦ.

296 4123 386 4176 Ἔσν
418 4125 530 4186 τοῖς
554 4120 824 4193 δράμασιν
850 4120 877 4171 6
899 4117 1098 4191 Δανιὴλ
1129 4133 1314 4189 φησιν’
1351 4133 1370 4168 ι
1421 4113 1720 4186 Ἐθεώρουν
1749 4112 1808 4166 ἐν

209 4215 564 4288 όράματιτῆς
591 4213 805 4278 νυκτὸς,
832 4212 925 4266 καὶ
949 4211 1080 4274 ἰδοὺ,
1107 4211 1200 4263 ἐπὶ
1223 4209 1331 4262 τῶν
1356 4207 1594 4277 νεφελῶν
1610 4204 1702 4259 τοῦ
1717 4207 1807 4258 οὐ·

213 4308 378 4380 ρανοῦ
411 4308 484 4373 ὡς
509 4308 638 4370 Υἱὸς
671 4304 958 4378 ἀνθρώπου
988 4304 1280 4377 ἐρχόμενος
1313 4301 1408 4355 καὶ
1437 4300 1543 4364 ἕως
1571 4298 1664 4352 τοῦ
1694 4299 1806 4350 Πα-

207 4399 364 4454 λαιοῦ
399 4399 506 4451 τῶν
537 4396 757 4469 ἡμερῶν
795 4395 994 4465 ἔφθασε
1021 4436 1034 4458 ,
1083 4394 1177 4447 καὶ
1220 4389 1568 4464 προσηνέχθη
1609 4387 1758 4458 αύτῷ
1786 4429 1800 4453 ,

208 4493 307 4546 καὶ
335 4491 490 4561 ἐδόθη
521 4489 666 4560 αύτῷ
697 4491 728 4560 ἡ
753 4487 970 4552 ἐξουσία
1005 4486 1147 4556 καὶὴ
1171 4485 1304 4556 τιμὴ
1338 4484 1434 4537 καὶ
1459 4484 1491 4554 ἠ
1529 4481 1796 4552 βασιλείαο

207 4587 307 4641 καὶ
348 4585 550 4648 πάντες
599 4586 648 4637 oi
697 4583 853 4646 λαοὶ,
888 4580 1088 4651 φυλαὶ,
1139 4579 1384 4648 γλῶσσαι
1423 4576 1799 4630 δουλεύσουσιν

1916 3394 2038 3434 nem
2064 3376 2186 3432 Filii
2218 3375 2314 3431 Dei
2338 3398 2356 3430 ι
2376 3376 2499 3442 fert,
2525 3376 2725 3446 aliique
2751 3376 3004 3432 similiter
3021 3378 3308 3435 ediderunt
3327 3379 3497 3435 inter-

1915 3478 2113 3540 pretes.
2150 3469 2362 3524 Idcirco
2413 3469 2558 3523 hunc
2590 3469 2904 3526 notavimus
2933 3470 3137 3537 locum,
3170 3480 3359 3544 utpote
3404 3472 3500 3532 hie

1915 3561 2198 3634 designata
2239 3559 2363 3616 Filii
2403 3560 2498 3617 Dei
2533 3561 2996 3619 denominatione.

2466 3869 2696 3928 CAPUT
2737 3869 2922 3926 XLIV.

2507 3985 2594 4042 Ea:
2625 3985 2826 4042 eodem.

1978 4102 2036 4158 1n
2083 4102 2386 4161 visionibus
2441 4103 2628 4158 Daniel
2689 4103 2821 4157 dicit
2878 4121 2894 4158 :
2960 4120 2982 4152 ο
3021 4101 3370 4174 Aspiciebam
3435 4103 3493 4160 in

1905 4197 2118 4252 visione
2158 4196 2373 4262 noctis,
2413 4203 2468 4250 et
2521 4209 2652 4250 ecce
2695 4209 2818 4249 cum
2882 4193 3122 4250 nubibus
3158 4195 3282 4250 coeli
3329 4197 3490 4266 quasi

1905 4286 2078 4344 Filius
2109 4287 2345 4343 hominis
2369 4286 2642 4352 veniebat,
2672 4295 2725 4341 et
2746 4300 2922 4356 usque
2954 4286 3018 4341 ad
3049 4285 3347 4356 Antiquom
3375 4287 3495 4342 die-

1904 4395 2026 4435 rum
2071 4380 2317 4450 pervenit
2381 4398 2394 4432 :
2447 4387 2501 4433 et
2547 4379 2603 4433 in
2654 4385 2952 4449 conspectu
3004 4379 3125 4446 ejus
3172 4378 3493 4434 obtulerunt

1900 4491 2047 4531 eum.
2069 4473 2133 4527 Et
2154 4471 2302 4528 dedit
2323 4473 2369 4526 ei
2396 4479 2744 4543 potestatem,
2767 4482 2819 4527 et
2843 4472 3130 4534 honorem,
3150 4477 3202 4526 et
3226 4485 3488 4540 regnum:

1901 4575 1955 4623 et
1984 4582 2174 4622 omnes
2206 4566 2411 4636 populi,
2465 4565 2662 4628 tribus,
2709 4572 2763 4620 et
2810 4564 3007 4635 lingua:
3041 4563 3142 4634 ipsi
3197 4565 3439 4619 servient
3473 4583 3487 4617 :

206 4679 378 4750 αὐτῷ*
397 4682 430 4747 ὴ
463 4675 679 4742 ἐξουσία
702 4674 889 4738 αὐτοῦ,
911 4674 1130 4740 ἐξουσία
1154 4672 1390 4736 αἰώνιος,
1414 4671 1538 4742 ἥτις
1563 4670 1623 4723 ού
1656 4685 1801 4741 παρ-

1912 4667 2150 4730 potestas
2175 4658 2318 4728 ejus,
2353 4663 2599 4727 potestas
2624 4664 2849 4722 aeterna,
2875 4670 2996 4725 quae
3022 4670 3130 4709 non
3162 4654 3441 4724 auferetur
3471 4674 3484 4707 :

205 4773 493 4827 ελεύσεται
511 4789 524 4801 ·
558 4772 650 4824 καὶ
679 4772 713 4842 ἠ
755 4769 1001 4840 βασιλεία
1028 4766 1191 4820 αὐτοῦ
1220 4767 1279 4819 οὐ
1304 4765 1790 4836 διαφθαρήσεται.»

206 4864 434 4937 Συνᾲδει
466 4861 640 4917 ταῦτα
669 4865 733 4932 τῇ
769 4860 861 4914 τοῦ
898 4859 1061 4915 αὐτοῦ
1089 4858 1284 4927 Δανιὴλ.
1317 4856 1625 4928 προφητείᾳ
1664 4872 1797 4926 προ-

206 4952 544 5026 θεσπιζούσῃ
570 4953 698 5025 περὶ
721 4952 820 5023 τῆς
842 4950 933 5006 τοῦ
955 4949 1192 5021 Χριστοῦ
1226 4949 1500 5020 βασιλείας
1532 4947 1675 5001 κατὰ
1702 4946 1793 5000 τὸν

205 5049 357 5102 λίθον
385 5047 476 5100 τὸν
497 5045 885 5116 ἀποτμηθέντα
913 5045 971 5110 ἐξ
997 5045 1156 5116 ὅρους
1180 5045 1308 5098 ἄνευ
1340 5042 1555 5114 χειρῶν·
1575 5043 1660 5105 τίς
1685 5041 1794 5112 γὰρ

207 5143 277 5196 ἂν
308 5140 502 5208 ἄλλος,
545 5143 574 5193 6
622 5139 698 5201 ὡς
731 5139 859 5202 Υἱὸς
901 5137 1186 5208 ἀνθρώπου
1225 5136 1519 5208 ἐρχόμενος
1562 5132 1654 5188 ἐπὶ
1687 5132 1794 5186 τῶν

205 5234 470 5304 νεφελῶν,
494 5233 590 5286 καὶ
621 5233 726 5297 ἕως
762 5231 856 5285 τοῦ
887 5229 1127 5286 Παλαιοῦ
1166 5229 1274 5284 τῶν
1299 5227 1525 5300 ἡμερῶν
1554 5226 1791 5298 φθάνων,

206 5325 295 5395 εἴη
349 5323 383 5393 ἢ
430 5324 461 5375 6
515 5321 686 5375 εἰπὼν
738 5319 946 5390 Κύριος
1006 5318 1164 5391 ἡμῶν
1209 5316 1416 5388 Ἰησοῦς
1463 5315 1721 5388 Χριστὸς,
1764 5315 1794 5367 6

206 5415 274 5468 δι’
303 5414 456 5484 ἡμᾶς
496 5412 711 5485 μορφὴν
739 5410 927 5464 δούλου
966 5409 1180 5474 λαϐὼν,
1222 5409 1316 5462 καὶ
1349 5407 1462 5470 υίὸς
1500 5404 1787 5478 ἀνθρώπου

207 5505 520 5576 γενόμενος,
559 5523 577 5555 ι
631 5504 725 5556 Ἐκ
759 5500 851 5554 τοῦ
887 5500 1096 5571 Πατρός
1126 5500 1367 5572 ἐξῆλθον,
1405 5497 1499 5551 καὶ
1531 5497 1666 5569 πρὸς
1696 5497 1789 5548 τὸν

204 5599 340 5654 Θεὸν
383 5598 609 5665 ὑπάγω;
643 5615 660 5648 ι
698 5595 757 5659 ὃς
791 5595 885 5650 καὶ
923 5595 1202 5665 παρόντων
1235 5593 1342 5646 τῶν
1375 5589 1568 5645 ἑαυτοῦ
1607 5589 1784 5660 μαθη-

203 5690 337 5756 τῶν,
375 5690 718 5760 «βλεπόντων
745 5688 946 5751 αὐτῶν,
978 5685 1213 5758 ἐπήρθη,
1251 5685 1343 5739 καὶ
1366 5684 1562 5755 νεφέλη
1587 5681 1789 5735 ὑπέλα-

280 5850 328 5882 ²³
364 5848 500 5902 Dan.
541 5864 602 5910 ιι,
639 5846 730 5908 Η.
762 5845 851 5910 45.
967 5841 1015 5872 ’⁸
1056 5838 1159 5893 lsa.
1196 5855 1389 5900 xxvm,
1416 5838 1516 5893 '16.

205 5939 281 5978 vn
307 5960 323 5988 ,
377 5920 472 5986 15,
526 5905 611 5972 Μ’.
688 5905 732 5948 ’δ
772 5905 931 5970 Joan.
959 5913 1159 5980 xm,3.
1237 5913 1280 5944 ²⁹
1309 5910 1430 5967 Act.
1466 5927 1504 5978 ι,
1539 5915 1586 5966 9.

1628 5838 1671 5868 ’³
1704 5835 1845 5892 Psal.
1880 5849 2050 5891 cxvn.
2071 5823 2162 5887 2‘2.

1904 4760 1958 4806 et
1993 4767 2220 4821 regnum
2258 4749 2380 4819 ejus
2409 4748 2554 4819 quod
2598 4763 2712 4802 non
2744 4755 3128 4818 corrumpetur
3161 4749 3251 4800 ’7‘.
3287 4766 3306 4798 ι
3345 4746 3490 4802 Con-

1904 4844 2147 4899 sentiunt
2189 4842 2303 4897 haec
2334 4856 2459 4896 cum
2494 4839 2741 4910 ejusdem
2791 4837 3032 4894 Danielis
3085 4837 3369 4909 prophetia
3421 4836 3490 4891 de

1901 4937 2105 4991 Christi
2136 4951 2305 5006 regno
2334 4935 2737 5005 prmnuntiante
2773 4947 2869 5004 per
2911 4931 3144 5001 lapidem
3188 4930 3256 4984 de
3301 4935 3488 4982 monte

1902 5030 2021 5083 sine
2076 5029 2331 5083 manibus
2386 5027 2718 5082 abscissum.
2757 5025 2893 5091 Quis
2936 5023 3080 5078 enim
3132 5021 3296 5087 alius,
3327 5018 3484 5089 quasi

1900 5121 2073 5176 Filius
2105 5119 2348 5174 hominis
2369 5133 2492 5173 cum
2522 5117 2766 5173 nubibus
2795 5115 2918 5169 οωΙὶ
2950 5113 3199 5175 veniens,
3226 5120 3281 5165 et
3309 5123 3488 5179 usque

1901 5215 1967 5269 ad
1988 5214 2283 5283 Antiquom
2305 5212 2516 5266 dierum
2544 5209 2873 5280 perveniens
2895 5213 3061 5262 esset.
3087 5203 3195 5258 nisi
3217 5200 3485 5254 Domi-nus

1899 5318 2089 5365 noster
2118 5306 2281 5364 Jesus
2313 5305 2590 5368 Christus,
2644 5313 2867 5374 propter
2897 5310 3000 5354 nos
3059 5297 3288 5353 formam
3339 5294 3482 5351 servi

1897 5402 2194 5472 accipiens,
2229 5408 2284 5454 et
2325 5398 2470 5452 ﬁlius
2517 5395 2756 5450 hominis
2793 5393 2971 5448 factus
3007 5391 3304 5460 dicensque
3336 5407 3347 5442 :
3389 5405 3407 5437 ε
3439 5387 3484 5439 Α

1899 5495 2009 5550 Deo
2062 5493 2204 5548 exivi
2250 5499 2304 5546 et
2341 5490 2407 5544 ad
2459 5487 2628 5542 Deum
2677 5485 2818 5540 vado
2850 5485 2982 5537 '3?»
3028 5483 3134 5549 Qui
3189 5489 3244 5537 et
3297 5494 3483 5534 coram

1895 5585 2182 5662 discipulis
2221 5583 2336 5639 suis
2374 5599 2386 5636 :
2431 5599 2448 5630 ι
2490 5577 2819 5632 Videntibus
2856 5575 2985 5640 illis,
3019 5575 3264 5630 elevatus
3299 5582 3402 5633 est,
3431 5578 3483 5623 et

1895 5679 2069 5733 nubes
2121 5673 2364 5745 suscepit
2408 5686 2532 5728 eum
2565 5671 2632 5726 ’9.
2679 5669 2993 5740 n,Cumque
3044 5668 3388 5721 intuerentur
3429 5665 3486 5717 in

2277 5831 2320 5862 ²⁶
2351 5829 2486 5882 Dan.
2525 5839 2618 5913 tu,
2639 5824 2729 5880 9-1.
2810 5825 2852 5856 ³⁷
2888 5822 3018 5878 ibid.
3072 5821 3163 5877 92.
3238 5822 3306 5854 π·
3344 5817 3483 5878 Dan.
