3974 6520
497 411 639 472 1175

1139 477 1146 488 .
1209 409 1474 468 EUSEBII
1514 409 1991 468 CESARIENSIS
2029 409 2180 468 ΟΡΡ.
2216 410 2394 466 PARS
2435 409 2608 466 lll.——
2635 405 3048 464 EXEGETICA.

3619 411 3738 469 H76

495 533 716 596 coelum,
750 533 1010 590 ecce,viri
1042 529 1152 585 duo
1191 529 1244 584 in
1273 531 1520 586 vestibus
1546 532 1684 586 albis
1715 532 1840 594 visi,
1879 547 1974 588 eos
2007 531 2062 588 de

2176 529 2267 584 δεν
2290 530 2469 592 αὑτὸν,
2507 548 2524 573 ι
2558 529 2644 582 ὅτε
2693 529 2787 582 καὶ
2836 527 3192 591 ἀτενιζόντων
3233 529 3312 591 εἰς
3371 527 3462 581 τὸν
3507 529 3734 600 οὐρανὸν,

495 621 734 680 secunda
794 621 913 690 ejus
973 619 1414 676 manifestatione
1465 622 1728 676 certiores
1785 621 2068 688 fecerunt,

494 713 744 768 euuidem
791 728 984 768 rursus
1043 713 1096 768 in
1147 711 1292 766 nube
1340 721 1628 768 venturum
1689 713 2069 784 praedicentes.

493 804 714 860 Christo
749 804 913 874 igitur
943 805 1044 860 soli
1079 820 1109 858 a
1141 803 1303 860 Patre
1336 805 1462 860 data
1483 813 1567 862 est
1598 814 1862 876 potestas,
1887 813 1940 860 et
1975 807 2072 859 ho-

493 911 596 953 nor
644 904 697 951 et
744 913 992 968 regnum,
1048 907 1106 951 ut
1163 912 1356 952 omnes
1410 913 1534 954 eum
1589 897 1819 954 adorent
1857 907 2067 968 gentes,

500 1009 518 1042 ι
556 989 843 1060 oumisque
871 990 1056 1060 lingua
1087 990 1412 1045 confiteatur
1444 991 1574 1058 quia
1615 988 1880 1046 Dominus
1910 989 2070 1047 Jesus

409 1083 414 1088 ’
493 1080 744 1140 Christus
775 1083 830 1136 in
863 1082 1037 1154 glori'a
1064 1089 1148 1138 est
1181 1082 1276 1136 Dei
1307 1081 1485 1137 Patris
1513 1083 1578 1136 ³ο.
1615 1103 1633 1136 ι

1053 1321 1280 1380 CAPUT
1323 1321 1486 1377 XLV.

1121 1415 1201 1469 Ea:
1230 1415 1431 1473 eodem.

561 1507 812 1564 Precanti
847 1509 1058 1564 Danieli
1092 1509 1146 1562 in
1182 1509 1366 1563 omnis
1396 1509 1582 1580 populi
1621 1510 1937 1580 captivitate
1967 1509 2068 1563 Ba-

489 1600 705 1671 bylonis
751 1607 914 1670 atque
947 1601 1000 1654 in
1031 1599 1336 1654 Jerusalem
1373 1599 1688 1667 solitudine,
1729 1601 1947 1656 Gabriel
1985 1601 2066 1655 vi-

491 1707 588 1747 sus
617 1700 701 1746 est
735 1691 1092 1762 archangelus
1133 1691 1407 1761 simulque
1439 1691 1679 1747 ostendit
1721 1693 2065 1764 septuaginta

491 1795 759 1836 annorum
805 1781 1141 1854 captivitatis
1196 1783 1380 1846 linem,
1417 1791 1471 1838 et
1501 1782 1804 1839 Jerusalem
1851 1797 2065 1840 restau-

2177 622 2282 676 ἰδοὺ
2317 621 2409 674 δῦο
2446 620 2636 692 ἄνδρες
2671 622 2729 673 ἐν
2765 619 3021 690 ἐσθήσεσι
3057 619 3341 690 λαμπραῖς
3375 620 3654 687 ὀφθέντες,
3678 626 3737 678 :‘1

2173 715 2300 786 περὶ
2325 713 2422 784 τῆς
2438 713 2694 784 δευτέρας
2717 712 2880 766 αὑτοῦ
2901 711 3199 784 παρουσίας
3227 713 3428 775 αὐτοὺς
3455 712 3736 781 ἐδίδασκον,

2172 803 2327 870 αὖθις
2359 807 2416 860 ἐν
2443 804 2637 876 νεφέλῃ
2674 803 3151 876 παραγενήσεσθαι
3180 803 3344 856 αὑτὸν
3376 804 3736 874 προλέγοντες.

2172 901 2260 972 Τῷ
2285 896 2377 954 οὖν
2411 899 2629 974 Χριστῷ
2674 901 2819 970 μόνῳ
2865 897 2968 951 ὑπὸ
3010 897 3104 951 τοῦ
3140 898 3354 969 Πατρὸς
3387 899 3540 968 ἐδόθη
3583 903 3670 953 καὶ
3707 905 3738 974 ἡ

2170 993 2303 1064 τιμὴ
2328 993 2471 1063 καὶὴ
2501 991 2776 1062 βασιλεία,
2809 989 2962 1044 ὥστε.
2991 992 3168 1044 πάντα
3202 991 3270 1043 τὰ
3309 991 3438 1062 ἔθνη
3472 992 3740 1062 λατρεύειν

2169 1085 2338 1157 αὐτῷ,
2369 1086 2463 1138 καὶ
2485 1103 2522 1154 ,ι
2553 1086 2733 1138 πᾶσαν
2759 1083 3009 1152 γλῶσσαν
3038 1081 3504 1152 ἐξομολογεῖσθαι,
3532 1084 3610 1136 δτι
3629 1083 3740 1138 Κύ-

2170 1193 2286 1248 ριος
2332 1175 2537 1246 Ἰησοῦς
2561 1176 2792 1248 Χριστὸς
2824 1176 2902 1238 εἰς
2933 1171 3088 1240 δόξαν
3123 1174 3258 1228 Θεοῦ
3291 1175 3517 1248 πατρός.
3551 1196 3570 1226 ο

2677 1309 3078 1364 ΚΕΦΑΛΑΙΟΝ
3111 1311 3242 1363 ΜΕ¹.

2782 1401 2895 1456 Τοῦ
2919 1401 3128 1456 αὑτοῦ.

2237 1495 2534 1566 Εὑξαμένῳ
2593 1494 2672 1564 τῷ
2733 1495 2928 1567 Δανιὴλ
2975 1495 3104 1566 περὶ
3171 1495 3272 1565 τῆς
3330 1498 3410 1560 εἰς
3456 1496 3742 1553 Βαϐυλῶνα

2167 1585 2541 1655 αἰχμαλωσίας
2573 1584 2666 1638 τοῦ
2698 1586 2898 1650 παντὸς
2939 1585 3090 1648 λαοῦ,
3125 1588 3252 1658 περί
3295 1603 3354 1640 τε
3388 1588 3492 1657 τῆς
3533 1590 3742 1660 ἐρημώ-

2169 1696 2304 1742 σεως
2323 1679 2421 1748 τῆς
2449 1676 2822 1748 Ἰερουσαλὴμ,
2846 1677 3085 1749 Γαϐριὴλ
3111 1679 3390 1746 ἐπιφανεὶς
3411 1680 3742 1749 ἀρχάγγελος

2165 1769 2300 1840 ὁμοῦ
2335 1785 2394 1822 τε
2435 1768 2584 1839 αὐτῷ
2631 1767 2882 1839 σημαίνει
2927 1769 2988 1822 τὸ
3039 1770 3408 1840 συμπέρασμα
3454 1771 3555 1839 τῆς
3603 1769 3744 1823 ἐϐδο-

491 1874 786 1941 rationem,
842 1883 1164 1944 tempusque
1203 1874 1273 1930 ab
1318 1875 1408 1927 illa
1461 1869 1858 1930 restauratione
1899 1892 2062 1947 usque

2176 1861 2575 1932 μηκονταετοῦς
2617 1861 3024 1932 αἰχμαλωσίας,
3063 1862 3155 1914 καὶ
3187 1863 3286 1933 τὴν
3313 1862 3612 1915 ἀνανέωσιν
3647 1863 3744 1932 τῆς

490 1963 560 2019 ad
603 1965 893 2021 adventum
941 1965 1168 2028 Christi,
1209 1981 1274 2019 ac
1321 1966 1622 2020 secundum
1674 1975 1862 2037 postea
1915 1967 2066 2022 urbis

488 2057 784 2120 excidium,
833 2056 1108 2126 totiusque
1155 2057 1332 2128 gentis
1382 2058 1725 2120 servitutem,
1779 2073 1900 2126 qua:
1945 2065 2068 2127 post

486 2149 690 2206 Christi
725 2149 1158 2206 lncarnationem
1203 2158 1586 2206 consummata
1615 2151 1740 2206 erit.
1774 2149 1899 2206 Haec
1939 2159 2068 2206 sunt

487 2242 651 2313 igitur
681 2241 914 2311 hujusce
953 2241 1058 2296 loci
1093 2243 1296 2298 verba:
1333 2261 1351 2293 ι
1387 2241 1594 2310 Daniel,
1633 2258 1781 2298 nunc
1811 2259 2066 2314 egressus

487 2349 608 2389 sum
637 2341 696 2388 ut
719 2333 972 2388 docerem
1005 2341 1078 2401 te,
1106 2343 1159 2389 et
1186 2335 1544 2405 intelligeres.
1579 2334 1663 2389 Ab
1691 2336 1914 2391 exordio
1942 2350 2068 2405 pre-

487 2439 612 2480 cum
651 2433 866 2480 tuarum
895 2441 1152 2498 egressus
1195 2435 1279 2482 est
1326 2443 1508 2483 sermo
1545 2443 1688 2497 :ego
1729 2435 1908 2482 autem
1943 2427 2064 2482 veni

488 2525 552 2574 ut
603 2517 902 2574 indicarem
955 2518 1076 2582 tibi,
1118 2520 1246 2590 quia
1303 2519 1387 2574 vir
1434 2519 1834 2582 desideriorum
1874 2536 1934 2575 es
1965 2539 1976 2575 :
2006 2529 2064 2574 tu

489 2625 621 2680 ergo
655 2609 1028 2666 animadverte
1059 2627 1390 2674 sermonem,
1425 2622 1478 2668 et
1503 2613 1746 2683 intellige
1776 2615 2064 2671 visionem.

493 2697 847 2770 Septuaginta
871 2699 1238 2758 hebdomades
1268 2703 1600 2758 abbreviatae
1621 2713 1751 2758 sunt
1773 2719 1938 2774 super
1963 2721 2064 2775 po-

491 2791 678 2860 pulum
725 2798 901 2856 tuum,
957 2799 1010 2846 et
1059 2808 1225 2862 super
1258 2793 1444 2848 urbem
1493 2805 1738 2849 sanctam
1795 2804 1964 2860 tuam,
2007 2805 2066 2849 ut

489 2891 904 2938 consummetur
943 2884 1342 2952 praevaricatio.
1377 2892 1430 2938 et
1481 2884 1642 2939 ﬁnem
1676 2886 1910 2955 accipiat
1939 2899 2066 2955 pec-

490 2983 695 3038 catum,
727 2982 781 3030 et
821 2975 1068 3030 deleatur
1099 2975 1384 3045 iniquitas,
1435 2984 1490 3030 et
1521 2976 1826 3031 adducatur
1849 2977 2066 3048 justitia

489 3065 844 3134 sempiterna,
881 3072 932 3118 et
967 3065 1254 3134 impleatur
1285 3065 1444 3126 νιείο,
1471 3073 1524 3119 et
1547 3066 1852 3137 prophetia,
1881 3075 1934 3121 et
1965 3084 2068 3122 uu-

490 3163 649 3234 gatur
697 3154 932 3211 Sanctus
977 3164 1312 3212 sanctorum.
1360 3155 1510 3212 Scito
1548 3173 1678 3228 ergo
1717 3167 1770 3213 et
1813 3159 2064 3212 animad-

2185 1952 2567 2025 Ἰερουσαλὴμ,
2613 1954 2704 2006 τόν
2729 1970 2788 2005 τε
2837 1954 2944 2006 ἀπὸ
2974 1955 3072 2024 τῆς
3107 1951 3458 2016 ἀνανεώσεως
3509 1955 3602 2006 ἐπὶ
3653 1953 3740 2023 τὴν

2171 2044 2264 2098 τοῦ
2301 2045 2534 2116 Χριστοῦ
2563 2046 2866 2118 παρουσίαν
2896 2047 3106 2116 χρόνον,
3141 2045 3233 2098 καὶ
3261 2045 3360 2115 τὴν
3407 2045 3548 2116 μετὰ
3581 2045 3742 2098 ταῦτα

2169 2138 2536 2210 γενησομένην
2581 2137 2836 2209 δευτέραν
2883 2138 3080 2192 ἅλωσιν
3109 2140 3206 2208 τῆς
3239 2139 3452 2200 πόλεως
3472 2178 3486 2200 ,
3535 2139 3630 2191 καὶ
3659 2137 3740 2191 τὸν

2169 2231 2261 2282 ἐπὶ
2301 2231 2466 2284 πᾶσιν
2525 2229 2958 2300 ἀνδραποδισμὸν
3013 2229 3106 2282 τοῦ
3153 2229 3612 2292 παντοςκέθνους,
3659 2230 3740 2282 τον

2172 2323 2310 2393 μετὰ
2358 2322 2454 2394 τὴν
2502 2323 2597 2376 τοῦ
2655 2323 2890 2393 Χριστοῦ
2949 2321 3248 2390 παρουσίαν
3313 2322 3734 2376 ἐπιτελεσθέντα.

2171 2413 2394 2482 Ἔχουσι
2430 2413 2486 2464 δὲ
2521 2412 2686 2466 αὑτοῦ
2711 2414 2894 2466 τοῦτον
2919 2413 3007 2464 τὸν
3039 2413 3238 2484 τρόπον
3273 2415 3328 2466 αἱ
3361 2414 3566 2480 λέξεις·
3605 2433 3622 2463 ι
3643 2415 3738 2466 Δα-

2167 2505 2316 2574 νιὴλ,
2347 2503 2441 2556 νῦν
2489 2503 2710 2574 ἐξῆλθον
2741 2503 3072 2573 συμϐιϐάσαι
3109 2521 3164 2556 σε
3211 2503 3462 2556 σύνεσιν·
3499 2505 3559 2554 ἐν
3607 2504 3734 2576 ἀρχῇ

2165 2597 2265 2667 τῆς
2291 2595 2524 2666 δεήσεώς
2557 2613 2649 2652 σου
2695 2594 2917 2666 ἐξῆλθεν
2968 2595 3142 2664 λόγος,
3179 2596 3274 2649 καὶ
3305 2594 3416 2663 ἐγὼ
3459 2590 3620 2664 ἦλθον
3653 2593 3736 2645 τοῦ

2165 2689 2480 2758 ἀναγγεῖλαί
2513 2706 2615 2752 σοι,
2650 2689 2733 2741 ὅτι
2761 2688 2900 2760 ἀνὴρ
2924 2685 3228 2758 ἐπιθυμιῶν
3257 2689 3321 2738 σὺ
3349 2681 3420 2748 εἴ,
3447 2686 3540 2738 καὶ
3571 2687 3736 2754 ἐννοή-

2167 2782 2288 2853 θητι
2323 2783 2381 2835 ἐν
2413 2781 2490 2851 τῷ
2523 2783 2746 2853 ῥήματι,
2777 2780 2871 2833 καὶ
2903 2779 3058 2841 σύνες
3092 2781 3148 2830 ἐν
3177 2781 3242 2848 τῇ
3276 2777 3532 2846 ὀπτασίᾳ.
3565 2775 3735 2827 Ἑϐδο-

2170 2878 2413 2946 μὴκοντα
2453 2873 2742 2946 ἐϐδομάδες
2783 2873 3196 2942 συνετμήθησαν
3231 2871 3323 2924 ἐπὶ
3351 2871 3442 2922 τὸν
3477 2869 3606 2922 λαόν
3631 2885 3736 2932 σου,

2166 2969 2258 3021 καὶ
2312 2969 2404 3021 ἐπὶ
2451 2968 2548 3039 τὴν
2589 2967 2740 3020 πόλιν
2773 2966 2874 3038 τὴν
2927 2965 3086 3033 ἁγίαν
3113 3003 3126 3029 ,
3185 2963 3277 3016 τοῦ
3329 2962 3736 3032 συντελεσθῆναι

2165 3061 2476 3132 ἁμαρτίαν,
2501 3060 2720 3113 καὶτοῦ
2777 3063 3074 3130 σφραγῖσαι
3130 3054 3433 3126 ἁμαρτίας,
3474 3053 3568 3106 καὶ
3611 3053 3736 3106 ἀπο-

2166 3153 2344 3223 λείψαι
2395 3152 2492 3216 τὰς
2524 3152 2784 3224 ἀνομίας,
2841 3149 3063 3205 καὶτοῦ
3097 3146 3444 3215 ἐξιλάσασθαι
3495 3145 3734 3208 ἀδικίας,

491 3257 640 3304 verte
672 3269 684 3304 :
713 3250 781 3304 ab
807 3249 954 3304 exitu
983 3251 1276 3316 sermonis,
1315 3259 1372 3306 ut
1401 3250 1600 3305 iterum
1634 3250 1939 3308 aediﬁcetur
1968 3250 2059 3308 Je-

2167 3246 2253 3299 καὶ
2285 3247 2510 3316 ἀγαγεῖν
2541 3245 2890 3317 δικαιοσύνην
2919 3243 3156 3306 αἰώνιον,
3191 3241 3284 3296 καὶ
3314 3241 3406 3294 τοῦ
3443 3242 3734 3312 σφραγῖσι-ιι

488 3343 751 3408 rusalem,
793 3359 964 3414 usque
1010 3342 1076 3398 ad
1109 3341 1392 3398 Christum
1422 3343 1640 3406 ducem,
1690 3343 2061 3400 bebdomades

488 3442 722 3506 septem,
775 3447 828 3490 et
867 3434 1233 3490 hebdomades
1281 3435 1564 3507 sexaginta
1615 3435 1738 3490 dua:
1775 3447 1977 3492 erunt:
2006 3444 2060 3491 et

487 3541 683 3581 rursus
733 3525 1090 3580 aediﬁcabitur
1131 3526 1327 3597 platea,
1369 3533 1422 3581 et
1471 3526 1650 3590 muri,
1699 3526 1756 3580 in
1809 3527 2060 3597 angustia

489 3625 815 3687 temporum.
849 3617 912 3671 Et
951 3626 1074 3688 post
1095 3618 1466 3674 hebdomades
1498 3618 1777 3688 sexaginta
1804 3619 1943 3675 duas
1973 3635 2062 3674 oc-

487 3709 701 3764 cidetur
759 3709 1015 3765 Christus
1053 3718 1146 3766 :et
1191 3724 1302 3764 non
1355 3711 1460 3764 erit
1503 3709 1623 3778 ejus
1663 3711 1920 3779 populus,
1965 3711 2060 3781 qui

486 3817 610 3855 eum
647 3808 942 3870 negaturus
973 3811 1076 3856 est.
1131 3800 1196 3854 Et
1242 3803 1540 3866 civitatem,
1595 3809 1648 3858 et
1681 3803 2055 3857 sanctuarium

488 3891 777 3960 dissipabit
800 3890 1032 3960 populus
1061 3907 1184 3945 cum
1223 3893 1360 3947 duce
1389 3905 1617 3947 venturo
1652 3901 1744 3949 :et
1776 3895 1898 3950 linis
1937 3895 2058 3964 ejus

487 3981 740 4044 vastitas,
769 3987 823 4034 et
852 3989 977 4048 post
1007 3982 1165 4035 linem
1203 3982 1330 4036 belli
1363 3989 1566 4037 statuta
1601 3984 1887 4039 desolatio.
1911 3985 2056 4040 Con-

490 4072 727 4128 lirmabit
760 4081 940 4128 autem
979 4077 1198 4143 pactum
1229 4073 1416 4128 multis
1450 4073 1790 4130 hebdomada
1823 4093 1928 4131 una
1961 4096 1973 4132 :
2001 4085 2058 4133 et

489 4166 544 4221 in
586 4163 816 4220 dimidio
869 4163 1222 4220 hebdomadis
1261 4165 1478 4221 deﬁciet
1527 4165 1706 4222 hostia
1749 4180 1800 4224 et
1845 4172 2057 4226 sacrili—

489 4259 632 4316 cium
661 4277 676 4314 :
707 4265 762 4313 et
807 4257 914 4312 erit
955 4257 1010 4312 in
1049 4259 1252 4327 templo
1295 4257 1628 4312 abominatio
1656 4260 2052 4320 desolationis:

488 4360 542 4406 et
572 4365 748 4418 usque
778 4347 846 4402 ad
875 4349 1402 4405 consummationem
1431 4356 1486 4404 et
1525 4348 2052 4432 ﬁncﬂ’tnpersevera.

489 4443 568 4498 bit
591 4443 856 4498 desolatio
883 4442 948 4496 ³³.
981 4460 1000 4493 ι

2161 3341 2350 3411 ὅρασιν
2379 3340 2472 3392 καὶ
2505 3340 2787 3411 προφήτην
2808 3382 2822 3406 ,
2858 3339 2954 3392 καὶ
2993 3337 3087 3390 τοῦ
3122 3340 3304 3408 χρῖσαι
3359 3336 3512 3403 ἅγιον
3547 3335 3730 3402 ἁγίων.

2163 3429 2274 3483 Καὶ
2296 3429 2478 3502 γνώσῃ
2512 3431 2606 3484 καὶ
2635 3434 2882 3502 συνήσεις
2903 3448 2915 3460 ·
2954 3431 3059 3484 ἀπὸ
3097 3429 3274 3495 ἐξόδου
3305 3429 3478 3496 λόγων
3503 3427 3610 3498 (ου)
3647 3425 3732 3479 τοῦ

2164 3521 2526 3594 ἀποκριθῆναι
2576 3521 2668 3575 καὶ
2715 3522 2810 3575 τοῦ
2840 3521 3188 3592 οἰκοδομῆσαι
3228 3521 3582 3590 Ἰερουσαλὴμ
3637 3521 3732 3582 ἕως

2163 3613 2400 3686 Χριστοῦ
2430 3613 2732 3685 ἡγουμένου
2766 3613 3056 3685 έδδομὰδες
3084 3613 3146 3676 ζ’,
3179 3613 3272 3666 καὶ
3306 3611 3602 3682 έδδομάδες
3631 3609 3728 3680 ἐᾷ’·

2164 3709 2256 3759 καὶ
2294 3705 2637 3777 ἐπιστρέψει,
2683 3706 2778 3760 καὶ
2823 3705 3301 3776 οἰκοδομηθήσεται
3335 3703 3598 3767 πλατεῖα,
3649 3703 3730 3756 καὶ

2163 3802 2362 3869 τεῖχος,
2395 3798 2490 3850 καὶ
2529 3797 2924 3869 κενωθήσονται
2973 3800 3022 3850 οἱ
3071 3797 3270 3867 καιροί.
3311 3797 3420 3849 Καὶ
3454 3795 3594 3866 μετά
3641 3795 3730 3856 τας

2165 3890 2467 3962 ἑϐδομάδας
2511 3890 2612 3954 τὰς
2679 3890 2756 3961 ξβ⁹
2803 3889 3304 3962 ἐξολοθρευθήσεται
3355 3889 3600 3956 χρίσμα,
3645 3885 3730 3938 καὶ

2165 3987 2338 4059 κρίμα
2358 3988 2459 4040 οὐκ
2487 3985 2632 4039 ἐστιν
2661 3987 2718 4038 ἐν
2739 3985 2887 4056 αὐτῷ
2903 4002 2917 4016 ο
2945 3985 3036 4038 καὶ
3055 3983 3154 4054 τὴν
3181 3983 3278 4034 πὸ).
3289 4001 3354 4044 ιν,
3377 3983 3472 4034 καὶ
3493 3983 3555 4033 τὸ
3587 3981 3728 4046 ἅγιον

2163 4077 2442 4150 διαφθερεῖ
2467 4079 2561 4131 σὺν
2593 4077 2670 4148 τῷ
2697 4077 2983 4147 ἡγουμένῳ
3011 4075 3088 4146 τῷ
3119 4073 3420 4147 ἐρχομένῳ,
3447 4073 3544 4124 καὶ
3568 4075 3726 4140 κοπῆ-

2164 4185 2344 4223 σονται
2375 4169 2432 4221 ἐν
2461 4165 2846 4238 κατακλυσμῷ,
2867 4167 2960 4218 καὶ
2993 4165 3094 4229 ἕως
3125 4165 3310 4227 τέλους
3345 4162 3584 4233 πολέμου
3615 4179 3726 4214 συν-

2157 4263 2498 4334 τετμημένου
2552 4263 2892 4332 ἀφανισμοῖς.
2951 4261 3060 4312 Καὶ
3117 4257 3422 4329 δυναμώσει
3473 4255 3722 4324 διαθήκην

2161 4354 2374 4418 πολλοῖς
2407 4354 2638 4426 ἑϐδομὰς
2687 4354 2816 4425 μία·
2863 4353 2956 4408 καὶ
3005 4354 3062 4406 ἐν
3112 4350 3188 4420 τῷ
3223 4352 3409 4419 ἡμίσει
3453 4349 3553 4418 τῆς
3591 4347 3723 4399 ὲδδορ

2165 4447 2329 4519 μάδος
2383 4447 2677 4520 ἀρθήσεται
2738 4447 2898 4500 θυσία
2958 4446 3052 4499 καὶ
3113 4443 3347 4514 σπονδὴ,
3388 4443 3484 4495 καὶ
3541 4441 3630 4495 ἐπὶ
3669 4437 3724 4490 τὸ

491 4536 632 4607 ἱερὸν
667 4535 938 4606 βδέλυγμα
985 4535 1094 4588 τῶν
1143 4533 1498 4606 ἐρημώσεων,
1534 4537 1630 4592 καὶ
1665 4539 1771 4602 ἕως
1806 4539 2114 4604 συντελείας
2168 4541 2360 4612 καιροῦ
2421 4542 2700 4595 συντέλεια
2757 4541 3037 4612 δοθήσεται
3090 4537 3182 4590 ἐπὶ
3239 4537 3336 4608 τὴν
3387 4537 3718 4607 ἐρήμωσιν.»

557 4651 758 4706 Eorum
786 4652 878 4719 qui
903 4650 1210 4720 praecitatas
1235 4649 1603 4706 hebdomades
1632 4653 1869 4707 scrutati
1903 4661 2051 4716 sunt,

2228 4657 2350 4709 Τῶν
2402 4659 2481 4720 εἰς
2511 4655 2610 4720 τὰς
2641 4655 3002 4728 προκειμένας
3039 4652 3342 4723 ἑϐδομάδας
3373 4649 3722 4718 ἐπιϐεϐληκόο

487 4749 658 4797 unum
685 4741 936 4795 novimus
963 4739 1280 4794 Africanum
1319 4742 1414 4812 qui
1445 4757 1540 4798 eas
1578 4743 1893 4799 accuratius
1937 4743 2056 4798 feli-

487 4837 717 4903 ciusque
763 4832 1173 4888 examinaverit.
1219 4829 1454 4889 Necesse
1489 4833 1615 4888 ideo
1663 4833 1882 4889 videtur
1920 4834 2056 4888 mihi

488 4925 608 4995 ejus
651 4924 707 4978 in
740 4924 888 4978 hunc
921 4925 1100 4978 locum
1128 4923 1548 4979 elucidationem
1597 4924 1653 4978 in
1689 4923 1927 4980 medium
1973 4923 2057 4978 af-

487 5017 650 5084 ferre,
683 5015 810 5070 dein
849 5014 1121 5086 speculari
1173 5018 1220 5072 si
1253 5015 1384 5085 quid
1433 5023 1490 5070 et
1520 5014 1626 5086 ipsi
1653 5030 1720 5070 ex
1775 5030 1842 5069 eo
1885 5016 2060 5084 possi-

488 5123 610 5164 mus
647 5109 927 5164 inducere.
973 5107 1180 5162 Scribit
1209 5108 1375 5178 igitur
1405 5107 1462 5162 in
1491 5105 1686 5178 quinto
1719 5105 2056 5181 Chronogra-

488 5201 733 5272 phiarum
767 5200 906 5257 libro
935 5201 1022 5257 his
1055 5201 1242 5258 verbis
1267 5201 1345 5271 (ι)
1374 5219 1389 5256 :

1037 5443 1265 5501 CAPUT
1315 5443 1496 5500 XLVI.

1069 5536 1153 5592 Ea:
1189 5536 1463 5606 Africano.

565 5647 586 5684 ι
617 5627 719 5685 Hic
749 5631 1046 5704 prophetiae
1073 5631 1228 5686 locus
1259 5631 1426 5684 multa
1443 5630 1594 5684 etvix
1621 5628 1890 5686 credenda
1910 5645 2052 5684 nun-

556 5786 604 5822 ”
633 5785 866 5858 Philipp.
891 5804 952 5852 ιι,
987 5787 1072 5842 ll.
1149 5786 1190 5818 ³¹
1229 5784 1358 5839 Dan.
1406 5803 1479 5849 ix,
1503 5783 1694 5841 9.2-9.7.

2157 4767 2264 4803 των
2302 4748 2459 4820 μόνον
2483 4747 2640 4819 ἴσμεν
2667 4747 2988 4819 Ἀφρικανὸν
3013 4743 3384 4816 ἀκριϐέστατα
3416 4745 3512 4796 καὶ
3539 4742 3722 4812 μᾶλλον

2159 4843 2310 4914 παρὰ
2331 4843 2456 4907 τοὺς
2475 4843 2694 4905 λοιποὺς
2719 4839 3186 4912 ἐπιτετευγμένως
3211 4835 3517 4906 τεθεωρηκο
3528 4853 3586 4888 τα
3601 4849 3616 4864 ·
3637 4833 3723 4886 καὶ

2158 4937 2221 5008 δή
2257 4953 2346 5007 μοι
2373 4935 2519 4989 δοκεῖ
2549 4937 2843 5004 ἀναγκαῖον
2876 4931 3015 4986 εἶναι
3067 4931 3282 5004 πρῶτον
3317 4926 3484 4982 αὐτοῦ
3529 4927 3624 4998 τὴν
3649 4926 3722 4988 εἰς

2162 5031 2179 5103 (
2197 5029 2236 5084 f.
2265 5029 2332 5086 39
2355 5031 2441 5099 v")
2471 5031 2598 5094 τοὺς
2635 5029 2833 5092 τόπους
2869 5027 3118 5098 διήγησιν
3163 5026 3242 5088 εἰς
3288 5023 3452 5094 μέσον
3485 5022 3718 5088 ἀγαγεῖν,

2159 5120 2257 5178 εἷθ’
2299 5123 2470 5187 οὕτως
2513 5121 2942 5191 ἐπισκέψασθαι,
2981 5119 3031 5172 εῐ
3080 5136 3132 5171 τι
3179 5117 3288 5189 ἄρα
3321 5116 3414 5170 καὶ
3443 5113 3594 5166 αὐτοὶ
3633 5111 3714 5164 δυ-

2159 5215 2389 5287 ναίμεθα
2437 5214 2804 5286 συμϐαλέσθαι
2848 5213 2925 5284 τῷ
2973 5212 3136 5282 λόγῳ.
3187 5209 3390 5279 Γράφει
3447 5205 3510 5276 δὴ
3541 5200 3632 5258 οὗν
3663 5205 3718 5255 ἐν

2161 5307 2394 5380 πέμπτῳ
2427 5305 2536 5360 τῶν
2563 5303 3016 5376 Χρονοῃοαριῶν
3045 5301 3188 5356 κατά
3215 5301 3360 5366 λέξιν
3385 5298 3582 5362 οὕτως·

2649 5439 3036 5495 KEthAAAlON
3083 5439 3236 5507 Man

2767 5532 3132 5602 Ἀφρικανοῦ.

2235 5646 2252 5676 ι
2295 5627 2356 5679 Ἠ
2387 5625 2482 5696 μὲν
2513 5619 2605 5679 οῦν
2637 5623 2910 5696 περικοπὴ
2938 5621 3077 5676 οὕτω
3108 5637 3226 5684 πως
3255 5619 3451 5688 ἔχουσα
3472 5610 3708 5670 πολλάτί

555 5925 630 5996 (4)
671 5923 871 5986 Confer
897 5923 1094 5980 Euseb.
1123 5921 1394 5976 Demonst.
1432 5935 1544 5986 vni,
1571 5937 1622 5990 ῃ.
1649 5921 1784 5987 389;
1816 5919 2034 5976 Hieron.
2079 5915 2128 5968 in
2162 5911 2299 5967 Dan.
2334 5919 2372 5964 t.
2413 5907 2474 5976 ν,
2499 5925 2552 5981 p.
2585 5909 2704 5966 682.
