  <div class='ocr_page' id='page_1' title='image "/cluster/home/n/w/nwhite01/storage/ocr_20150623/22/hvd.32044020605168/618.png"; bbox 0 0 3974 6498; ppageno 0'>
   <div class='ocr_carea' id='block_1_1' title="bbox 215 456 356 510">
    <p class='ocr_par' dir='ltr' id='par_1_1' title="bbox 215 456 356 510">
     <span class='ocr_line' id='line_1_1' title="bbox 215 456 356 510; baseline 0 0"><span class='ocrx_word' id='word_1_1' title='bbox 215 456 356 510; x_wconf 82' lang='grc' dir='ltr'>ΗΠ</span> 
     </span>
    </p>
   </div>
   <div class='ocr_carea' id='block_1_2' title="bbox 1180 449 2411 514">
    <p class='ocr_par' dir='ltr' id='par_1_2' title="bbox 1180 449 2411 514">
     <span class='ocr_line' id='line_1_2' title="bbox 1180 449 2411 514; baseline -0.004 -4"><span class='ocrx_word' id='word_1_2' title='bbox 1180 455 1472 514; x_wconf 64' lang='grc' dir='ltr'>Εειιοοιε</span> <span class='ocrx_word' id='word_1_3' title='bbox 1528 451 2006 510; x_wconf 67' lang='lat' dir='ltr'><strong>PROPHETICIE.</strong></span> <span class='ocrx_word' id='word_1_4' title='bbox 2046 481 2117 491; x_wconf 89' lang='lat'><strong>-—-</strong></span> <span class='ocrx_word' id='word_1_5' title='bbox 2154 449 2281 504; x_wconf 86' lang='lat' dir='ltr'><strong>LIB.</strong></span> <span class='ocrx_word' id='word_1_6' title='bbox 2325 449 2411 505; x_wconf 84' lang='lat' dir='ltr'><strong>Ill.</strong></span> 
     </span>
    </p>
   </div>
   <div class='ocr_carea' id='block_1_3' title="bbox 3327 448 3468 504">
    <p class='ocr_par' dir='ltr' id='par_1_3' title="bbox 3327 448 3468 504">
     <span class='ocr_line' id='line_1_3' title="bbox 3327 448 3468 504; baseline 0.007 -1"><span class='ocrx_word' id='word_1_7' title='bbox 3327 448 3468 504; x_wconf 73' lang='lat' dir='ltr'><strong>H78</strong></span> 
     </span>
    </p>
   </div>
   <div class='ocr_carea' id='block_1_4' title="bbox 213 563 1791 644">
    <p class='ocr_par' dir='ltr' id='par_1_4' title="bbox 213 565 1791 644">
     <span class='ocr_line' id='line_1_4' title="bbox 213 565 1791 644; baseline -0.002 -19"><span class='ocrx_word' id='word_1_8' title='bbox 213 574 309 625; x_wconf 88' lang='grc' dir='ltr'><strong>καί</strong></span> <span class='ocrx_word' id='word_1_9' title='bbox 341 569 619 643; x_wconf 79' lang='grc' dir='ltr'>παράδοξα</span> <span class='ocrx_word' id='word_1_10' title='bbox 652 570 935 640; x_wconf 84' lang='grc' dir='ltr'>σημαίνει·</span> <span class='ocrx_word' id='word_1_11' title='bbox 966 569 1060 626; x_wconf 88' lang='grc' dir='ltr'><strong>νῦν</strong></span> <span class='ocrx_word' id='word_1_12' title='bbox 1085 571 1128 624; x_wconf 77' lang='grc' dir='ltr'>δ’</span> <span class='ocrx_word' id='word_1_13' title='bbox 1146 565 1229 624; x_wconf 74' lang='grc' dir='ltr'>ὧν</span> <span class='ocrx_word' id='word_1_14' title='bbox 1256 573 1412 643; x_wconf 83' lang='grc' dir='ltr'>χρεία</span> <span class='ocrx_word' id='word_1_15' title='bbox 1441 571 1567 644; x_wconf 85' lang='grc' dir='ltr'>περί</span> <span class='ocrx_word' id='word_1_16' title='bbox 1587 588 1643 623; x_wconf 87' lang='grc' dir='ltr'><strong>τε</strong></span> <span class='ocrx_word' id='word_1_17' title='bbox 1673 571 1791 632; x_wconf 75' lang='grc' dir='ltr'>τοὺς</span> 
     </span>
    </p>
   </div>
   <div class='ocr_carea' id='block_1_5' title="bbox 1894 563 3468 644">
    <p class='ocr_par' dir='ltr' id='par_1_5' title="bbox 1900 563 3468 637">
     <span class='ocr_line' id='line_1_5' title="bbox 1900 563 3468 637; baseline 0.002 -18"><span class='ocrx_word' id='word_1_18' title='bbox 1900 567 2015 620; x_wconf 91' lang='lat' dir='ltr'><strong>tiat.</strong></span> <span class='ocrx_word' id='word_1_19' title='bbox 2053 565 2207 620; x_wconf 84' lang='lat' dir='ltr'><strong>Nunc</strong></span> <span class='ocrx_word' id='word_1_20' title='bbox 2248 567 2414 637; x_wconf 85' lang='lat' dir='ltr'><strong>igitur</strong></span> <span class='ocrx_word' id='word_1_21' title='bbox 2441 563 2510 620; x_wconf 91' lang='lat' dir='ltr'><strong>de</strong></span> <span class='ocrx_word' id='word_1_22' title='bbox 2553 564 2912 634; x_wconf 91' lang='lat' dir='ltr'><strong>temporibus,</strong></span> <span class='ocrx_word' id='word_1_23' title='bbox 2945 565 3219 636; x_wconf 84' lang='lat' dir='ltr'><strong>rebusque</strong></span> <span class='ocrx_word' id='word_1_24' title='bbox 3246 581 3369 636; x_wconf 73' lang='lat' dir='ltr'><strong>qua:</strong></span> <span class='ocrx_word' id='word_1_25' title='bbox 3394 564 3468 622; x_wconf 73' lang='lat' dir='ltr'><strong>ad</strong></span> 
     </span>
    </p>
   </div>
   <div class='ocr_carea' id='block_1_6' title="bbox 211 661 1792 731">
    <p class='ocr_par' dir='ltr' id='par_1_6' title="bbox 211 661 1792 731">
     <span class='ocr_line' id='line_1_6' title="bbox 211 661 1792 731; baseline 0 -17"><span class='ocrx_word' id='word_1_26' title='bbox 211 662 439 731; x_wconf 83' lang='grc' dir='ltr'>χρόνους</span> <span class='ocrx_word' id='word_1_27' title='bbox 474 662 566 714; x_wconf 69' lang='grc' dir='ltr'>καὶ</span> <span class='ocrx_word' id='word_1_28' title='bbox 599 661 665 713; x_wconf 78' lang='grc' dir='ltr'>τὰ</span> <span class='ocrx_word' id='word_1_29' title='bbox 696 661 906 724; x_wconf 75' lang='grc' dir='ltr'><strong>τούτοις</strong></span> <span class='ocrx_word' id='word_1_30' title='bbox 938 662 1276 715; x_wconf 74' lang='grc' dir='ltr'><strong>συντείνοντα</strong></span> <span class='ocrx_word' id='word_1_31' title='bbox 1308 663 1398 715; x_wconf 76' lang='grc' dir='ltr'><strong>τὸν</strong></span> <span class='ocrx_word' id='word_1_32' title='bbox 1438 663 1591 728; x_wconf 90' lang='grc' dir='ltr'>λόγον</span> <span class='ocrx_word' id='word_1_33' title='bbox 1635 679 1792 731; x_wconf 86' lang='grc' dir='ltr'>ποιη-</span> 
     </span>
    </p>
   </div>
   <div class='ocr_carea' id='block_1_7' title="bbox 212 747 1794 825">
    <p class='ocr_par' dir='ltr' id='par_1_7' title="bbox 212 747 1794 825">
     <span class='ocr_line' id='line_1_7' title="bbox 212 747 1794 825; baseline 0 -21"><span class='ocrx_word' id='word_1_34' title='bbox 212 751 444 821; x_wconf 81' lang='grc' dir='ltr'>σόμεθα.</span> <span class='ocrx_word' id='word_1_35' title='bbox 476 752 595 804; x_wconf 78' lang='grc' dir='ltr'><strong>Ὀτι</strong></span> <span class='ocrx_word' id='word_1_36' title='bbox 633 753 730 821; x_wconf 88' lang='grc' dir='ltr'><strong>μὲν</strong></span> <span class='ocrx_word' id='word_1_37' title='bbox 765 747 858 804; x_wconf 80' lang='grc' dir='ltr'>οὖν</span> <span class='ocrx_word' id='word_1_38' title='bbox 896 753 1148 823; x_wconf 75' lang='grc' dir='ltr'>περὶτῆς</span> <span class='ocrx_word' id='word_1_39' title='bbox 1179 752 1270 806; x_wconf 89' lang='grc' dir='ltr'><strong>τοῦ</strong></span> <span class='ocrx_word' id='word_1_40' title='bbox 1308 754 1543 823; x_wconf 75' lang='grc' dir='ltr'><strong>Χριστοῦ</strong></span> <span class='ocrx_word' id='word_1_41' title='bbox 1588 770 1794 825; x_wconf 85' lang='grc' dir='ltr'>παρου-</span> 
     </span>
    </p>
   </div>
   <div class='ocr_carea' id='block_1_8' title="bbox 212 843 1792 916">
    <p class='ocr_par' dir='ltr' id='par_1_8' title="bbox 212 843 1792 916">
     <span class='ocr_line' id='line_1_8' title="bbox 212 843 1792 916; baseline 0.003 -20"><span class='ocrx_word' id='word_1_42' title='bbox 212 845 338 905; x_wconf 86' lang='grc' dir='ltr'>σίας</span> <span class='ocrx_word' id='word_1_43' title='bbox 369 843 582 911; x_wconf 83' lang='grc' dir='ltr'>λέγεται</span> <span class='ocrx_word' id='word_1_44' title='bbox 607 844 779 896; x_wconf 86' lang='grc' dir='ltr'>ταῦτα</span> <span class='ocrx_word' id='word_1_45' title='bbox 811 844 947 914; x_wconf 85' lang='grc' dir='ltr'><strong>μετά</strong></span> <span class='ocrx_word' id='word_1_46' title='bbox 973 844 1270 914; x_wconf 85' lang='grc' dir='ltr'>ἑϐδομάδας</span> <span class='ocrx_word' id='word_1_47' title='bbox 1301 852 1340 896; x_wconf 87' lang='grc' dir='ltr'>ο⁹</span> <span class='ocrx_word' id='word_1_48' title='bbox 1366 846 1644 916; x_wconf 86' lang='grc' dir='ltr'>μέλλοντος</span> <span class='ocrx_word' id='word_1_49' title='bbox 1670 847 1792 900; x_wconf 83' lang='grc' dir='ltr'>ἑπι-</span> 
     </span>
    </p>
   </div>
   <div class='ocr_carea' id='block_1_9' title="bbox 211 936 1791 1009">
    <p class='ocr_par' dir='ltr' id='par_1_9' title="bbox 211 936 1791 1009">
     <span class='ocr_line' id='line_1_9' title="bbox 211 936 1791 1009; baseline 0.001 -19"><span class='ocrx_word' id='word_1_50' title='bbox 211 936 524 1005; x_wconf 72' lang='grc' dir='ltr'>φαίνεσθαι,</span> <span class='ocrx_word' id='word_1_51' title='bbox 551 936 734 1006; x_wconf 81' lang='grc' dir='ltr'>δῆλον·</span> <span class='ocrx_word' id='word_1_52' title='bbox 763 938 855 989; x_wconf 71' lang='grc' dir='ltr'>ἐπὶ</span> <span class='ocrx_word' id='word_1_53' title='bbox 883 937 991 1008; x_wconf 79' lang='grc' dir='ltr'><strong>γάρ</strong></span> <span class='ocrx_word' id='word_1_54' title='bbox 1012 937 1106 990; x_wconf 90' lang='grc' dir='ltr'><strong>τοῦ</strong></span> <span class='ocrx_word' id='word_1_55' title='bbox 1137 937 1384 1008; x_wconf 75' lang='grc' dir='ltr'><strong>Σωτῆρος</strong></span> <span class='ocrx_word' id='word_1_56' title='bbox 1409 938 1440 1009; x_wconf 85' lang='grc' dir='ltr'>ἢ</span> <span class='ocrx_word' id='word_1_57' title='bbox 1475 939 1582 992; x_wconf 74' lang='grc' dir='ltr'><strong>ἀπὸ</strong></span> <span class='ocrx_word' id='word_1_58' title='bbox 1601 940 1791 993; x_wconf 87' lang='grc' dir='ltr'>τούτου</span> 
     </span>
    </p>
   </div>
   <div class='ocr_carea' id='block_1_10' title="bbox 207 1025 1792 1100">
    <p class='ocr_par' dir='ltr' id='par_1_10' title="bbox 207 1025 1792 1100">
     <span class='ocr_line' id='line_1_10' title="bbox 207 1025 1792 1100; baseline 0.003 -22"><span class='ocrx_word' id='word_1_59' title='bbox 207 1029 281 1080; x_wconf 75' lang='grc' dir='ltr'><strong>τὰ</strong></span> <span class='ocrx_word' id='word_1_60' title='bbox 315 1025 736 1096; x_wconf 78' lang='grc' dir='ltr'><strong>παραπτώματα</strong></span> <span class='ocrx_word' id='word_1_61' title='bbox 774 1026 1116 1090; x_wconf 82' lang='grc' dir='ltr'>παλαιοῦται,</span> <span class='ocrx_word' id='word_1_62' title='bbox 1163 1029 1255 1080; x_wconf 84' lang='grc' dir='ltr'>καὶ</span> <span class='ocrx_word' id='word_1_63' title='bbox 1288 1029 1343 1079; x_wconf 87' lang='grc' dir='ltr'>αἱ</span> <span class='ocrx_word' id='word_1_64' title='bbox 1372 1029 1637 1100; x_wconf 85' lang='grc' dir='ltr'>ἁμαρτίαι</span> <span class='ocrx_word' id='word_1_65' title='bbox 1670 1047 1792 1083; x_wconf 88' lang='grc' dir='ltr'>συν-</span> 
     </span>
    </p>
   </div>
   <div class='ocr_carea' id='block_1_11' title="bbox 207 1117 1793 1193">
    <p class='ocr_par' dir='ltr' id='par_1_11' title="bbox 207 1117 1793 1193">
     <span class='ocr_line' id='line_1_11' title="bbox 207 1117 1793 1193; baseline 0.001 -21"><span class='ocrx_word' id='word_1_66' title='bbox 207 1118 494 1172; x_wconf 86' lang='grc' dir='ltr'>τελοῦνται</span> <span class='ocrx_word' id='word_1_67' title='bbox 533 1117 618 1171; x_wconf 79' lang='grc' dir='ltr'>διὰ</span> <span class='ocrx_word' id='word_1_68' title='bbox 651 1119 748 1190; x_wconf 81' lang='grc' dir='ltr'>τὴν</span> <span class='ocrx_word' id='word_1_69' title='bbox 787 1120 1009 1188; x_wconf 73' lang='grc' dir='ltr'>ἄφεσιν,</span> <span class='ocrx_word' id='word_1_70' title='bbox 1045 1119 1105 1171; x_wconf 76' lang='grc' dir='ltr'>αἵ</span> <span class='ocrx_word' id='word_1_71' title='bbox 1151 1136 1209 1172; x_wconf 85' lang='grc' dir='ltr'><strong>τε</strong></span> <span class='ocrx_word' id='word_1_72' title='bbox 1254 1121 1471 1190; x_wconf 76' lang='grc' dir='ltr'><strong>ἀνομίαι</strong></span> <span class='ocrx_word' id='word_1_73' title='bbox 1520 1122 1793 1193; x_wconf 82' lang='grc' dir='ltr'>ἐξιλασμῷ</span> 
     </span>
    </p>
   </div>
   <div class='ocr_carea' id='block_1_12' title="bbox 210 1208 1793 1283">
    <p class='ocr_par' dir='ltr' id='par_1_12' title="bbox 210 1208 1793 1283">
     <span class='ocr_line' id='line_1_12' title="bbox 210 1208 1793 1283; baseline 0.004 -22"><span class='ocrx_word' id='word_1_74' title='bbox 210 1211 354 1278; x_wconf 85' lang='grc' dir='ltr'><strong>μετά</strong></span> <span class='ocrx_word' id='word_1_75' title='bbox 375 1208 482 1261; x_wconf 86' lang='grc' dir='ltr'>τῶν</span> <span class='ocrx_word' id='word_1_76' title='bbox 502 1209 727 1262; x_wconf 80' lang='grc' dir='ltr'><strong>ἀδικιῶν</strong></span> <span class='ocrx_word' id='word_1_77' title='bbox 747 1211 1154 1279; x_wconf 74' lang='grc' dir='ltr'>ἀπαλείφονται,</span> <span class='ocrx_word' id='word_1_78' title='bbox 1170 1212 1478 1283; x_wconf 76' lang='grc' dir='ltr'>δικαιοσύνη</span> <span class='ocrx_word' id='word_1_79' title='bbox 1500 1231 1559 1266; x_wconf 88' lang='grc' dir='ltr'><strong>τε</strong></span> <span class='ocrx_word' id='word_1_80' title='bbox 1580 1213 1793 1278; x_wconf 79' lang='grc' dir='ltr'>αἰώνιος</span> 
     </span>
    </p>
   </div>
   <div class='ocr_carea' id='block_1_13' title="bbox 206 1300 1792 1375">
    <p class='ocr_par' dir='ltr' id='par_1_13' title="bbox 206 1300 1792 1375">
     <span class='ocr_line' id='line_1_13' title="bbox 206 1300 1792 1375; baseline 0.003 -21"><span class='ocrx_word' id='word_1_81' title='bbox 206 1300 638 1369; x_wconf 83' lang='grc' dir='ltr'>καταγγέλλεται</span> <span class='ocrx_word' id='word_1_82' title='bbox 669 1303 862 1375; x_wconf 72' lang='grc' dir='ltr'>(παρὰ)</span> <span class='ocrx_word' id='word_1_83' title='bbox 894 1303 987 1372; x_wconf 75' lang='grc' dir='ltr'>τὴν</span> <span class='ocrx_word' id='word_1_84' title='bbox 1030 1304 1092 1354; x_wconf 77' lang='grc' dir='ltr'>ἐκ</span> <span class='ocrx_word' id='word_1_85' title='bbox 1130 1304 1317 1373; x_wconf 85' lang='grc' dir='ltr'>νόμου,</span> <span class='ocrx_word' id='word_1_86' title='bbox 1353 1304 1572 1374; x_wconf 75' lang='grc' dir='ltr'><strong>ὁράσεις</strong></span> <span class='ocrx_word' id='word_1_87' title='bbox 1603 1322 1662 1357; x_wconf 90' lang='grc' dir='ltr'><strong>τε</strong></span> <span class='ocrx_word' id='word_1_88' title='bbox 1697 1308 1792 1359; x_wconf 73' lang='grc' dir='ltr'>καὶ</span> 
     </span>
    </p>
   </div>
   <div class='ocr_carea' id='block_1_14' title="bbox 213 1393 1789 1466">
    <p class='ocr_par' dir='ltr' id='par_1_14' title="bbox 213 1393 1789 1466">
     <span class='ocr_line' id='line_1_14' title="bbox 213 1393 1789 1466; baseline 0.003 -21"><span class='ocrx_word' id='word_1_89' title='bbox 213 1397 539 1462; x_wconf 76' lang='grc' dir='ltr'>προφητεῖαι</span> <span class='ocrx_word' id='word_1_90' title='bbox 575 1397 767 1465; x_wconf 80' lang='grc' dir='ltr'>μέχρις</span> <span class='ocrx_word' id='word_1_91' title='bbox 817 1393 1091 1448; x_wconf 75' lang='grc' dir='ltr'>Ἰωάννου·</span> <span class='ocrx_word' id='word_1_92' title='bbox 1126 1395 1337 1466; x_wconf 83' lang='grc' dir='ltr'>χρίεται</span> <span class='ocrx_word' id='word_1_93' title='bbox 1367 1396 1552 1463; x_wconf 84' lang='grc' dir='ltr'>’Ἀγιος</span> <span class='ocrx_word' id='word_1_94' title='bbox 1589 1397 1789 1463; x_wconf 73' lang='grc' dir='ltr'>ἀγίωνο</span> 
     </span>
    </p>
   </div>
   <div class='ocr_carea' id='block_1_15' title="bbox 211 1483 1795 1554">
    <p class='ocr_par' dir='ltr' id='par_1_15' title="bbox 211 1483 1795 1554">
     <span class='ocr_line' id='line_1_15' title="bbox 211 1483 1795 1554; baseline 0.003 -20"><span class='ocrx_word' id='word_1_95' title='bbox 211 1483 317 1554; x_wconf 76' lang='grc' dir='ltr'><strong>πρὸ</strong></span> <span class='ocrx_word' id='word_1_96' title='bbox 345 1483 454 1553; x_wconf 82' lang='grc' dir='ltr'><strong>γάρ</strong></span> <span class='ocrx_word' id='word_1_97' title='bbox 479 1485 577 1552; x_wconf 74' lang='grc' dir='ltr'>τῆς</span> <span class='ocrx_word' id='word_1_98' title='bbox 607 1484 698 1536; x_wconf 87' lang='grc' dir='ltr'><strong>τοῦ</strong></span> <span class='ocrx_word' id='word_1_99' title='bbox 725 1483 974 1554; x_wconf 69' lang='grc' dir='ltr'>Σωτῆρος</span> <span class='ocrx_word' id='word_1_100' title='bbox 1011 1485 1310 1554; x_wconf 72' lang='grc' dir='ltr'>παρουσίας</span> <span class='ocrx_word' id='word_1_101' title='bbox 1332 1485 1430 1538; x_wconf 86' lang='grc' dir='ltr'><strong>ούκ</strong></span> <span class='ocrx_word' id='word_1_102' title='bbox 1462 1485 1589 1538; x_wconf 80' lang='grc' dir='ltr'>ὄντα</span> <span class='ocrx_word' id='word_1_103' title='bbox 1621 1487 1795 1540; x_wconf 87' lang='grc' dir='ltr'>ταῦτα</span> 
     </span>
    </p>
   </div>
   <div class='ocr_carea' id='block_1_16' title="bbox 212 1574 1790 1648">
    <p class='ocr_par' dir='ltr' id='par_1_16' title="bbox 212 1574 1790 1648">
     <span class='ocr_line' id='line_1_16' title="bbox 212 1574 1790 1648; baseline 0.001 -20"><span class='ocrx_word' id='word_1_104' title='bbox 212 1574 579 1644; x_wconf 73' lang='grc' dir='ltr'>προσεδοκᾶτο</span> <span class='ocrx_word' id='word_1_105' title='bbox 643 1576 819 1645; x_wconf 84' lang='grc' dir='ltr'>μόνον.</span> <span class='ocrx_word' id='word_1_106' title='bbox 875 1576 1174 1645; x_wconf 81' lang='grc' dir='ltr'>Ἀρξασθαι</span> <span class='ocrx_word' id='word_1_107' title='bbox 1227 1577 1292 1646; x_wconf 82' lang='grc' dir='ltr'>δὴ</span> <span class='ocrx_word' id='word_1_108' title='bbox 1347 1577 1454 1630; x_wconf 84' lang='grc' dir='ltr'>τῶν</span> <span class='ocrx_word' id='word_1_109' title='bbox 1509 1578 1790 1648; x_wconf 82' lang='grc' dir='ltr'>ἀριθμῶν,</span> 
     </span>
    </p>
   </div>
   <div class='ocr_carea' id='block_1_17' title="bbox 214 1665 1791 1738">
    <p class='ocr_par' dir='ltr' id='par_1_17' title="bbox 214 1665 1791 1738">
     <span class='ocr_line' id='line_1_17' title="bbox 214 1665 1791 1738; baseline 0.001 -19"><span class='ocrx_word' id='word_1_110' title='bbox 214 1665 354 1719; x_wconf 80' lang='grc' dir='ltr'>τοῦτ’</span> <span class='ocrx_word' id='word_1_111' title='bbox 399 1665 514 1719; x_wconf 79' lang='grc' dir='ltr'>ἑστι</span> <span class='ocrx_word' id='word_1_112' title='bbox 561 1667 670 1720; x_wconf 78' lang='grc' dir='ltr'><strong>τῶν</strong></span> <span class='ocrx_word' id='word_1_113' title='bbox 722 1674 762 1720; x_wconf 88' lang='lat'><strong>0&#39;</strong></span> <span class='ocrx_word' id='word_1_114' title='bbox 829 1666 1168 1737; x_wconf 84' lang='grc' dir='ltr'>ἑϐδομάδων,</span> <span class='ocrx_word' id='word_1_115' title='bbox 1221 1667 1256 1722; x_wconf 83' lang='grc' dir='ltr'><strong>ἆ</strong></span> <span class='ocrx_word' id='word_1_116' title='bbox 1289 1670 1435 1720; x_wconf 78' lang='grc' dir='ltr'>ἐστιν</span> <span class='ocrx_word' id='word_1_117' title='bbox 1485 1670 1576 1738; x_wconf 76' lang='grc' dir='ltr'>ἔτη</span> <span class='ocrx_word' id='word_1_118' title='bbox 1622 1674 1726 1735; x_wconf 56' lang='lat' dir='ltr'><strong>UL],</strong></span> <span class='ocrx_word' id='word_1_119' title='bbox 1763 1671 1791 1721; x_wconf 87' lang='grc' dir='ltr'>ὁ</span> 
     </span>
    </p>
   </div>
   <div class='ocr_carea' id='block_1_18' title="bbox 208 1759 1794 1834">
    <p class='ocr_par' dir='ltr' id='par_1_18' title="bbox 208 1759 1794 1834">
     <span class='ocr_line' id='line_1_18' title="bbox 208 1759 1794 1834; baseline 0.002 -21"><span class='ocrx_word' id='word_1_120' title='bbox 208 1759 441 1828; x_wconf 62' lang='grc' dir='ltr'>ἅγγελος</span> <span class='ocrx_word' id='word_1_121' title='bbox 486 1760 798 1814; x_wconf 82' lang='grc' dir='ltr'>ὑποτίθεται</span> <span class='ocrx_word' id='word_1_122' title='bbox 830 1779 846 1809; x_wconf 76' lang='grc' dir='ltr'><strong>ι</strong></span> <span class='ocrx_word' id='word_1_123' title='bbox 873 1761 979 1813; x_wconf 78' lang='grc' dir='ltr'>ἀπὸ</span> <span class='ocrx_word' id='word_1_124' title='bbox 1023 1760 1201 1824; x_wconf 79' lang='grc' dir='ltr'><strong>ἐξόδου</strong></span> <span class='ocrx_word' id='word_1_125' title='bbox 1245 1760 1402 1829; x_wconf 83' lang='grc' dir='ltr'>λόγου</span> <span class='ocrx_word' id='word_1_126' title='bbox 1440 1762 1533 1815; x_wconf 92' lang='grc' dir='ltr'><strong>τοῦ</strong></span> <span class='ocrx_word' id='word_1_127' title='bbox 1562 1765 1794 1834; x_wconf 86' lang='grc' dir='ltr'>ἀποκρι-</span> 
     </span>
    </p>
   </div>
   <div class='ocr_carea' id='block_1_19' title="bbox 206 1849 1791 1924">
    <p class='ocr_par' dir='ltr' id='par_1_19' title="bbox 206 1849 1791 1924">
     <span class='ocr_line' id='line_1_19' title="bbox 206 1849 1791 1924; baseline 0.003 -21"><span class='ocrx_word' id='word_1_128' title='bbox 206 1852 369 1923; x_wconf 77' lang='grc' dir='ltr'>θῆναι</span> <span class='ocrx_word' id='word_1_129' title='bbox 401 1851 495 1903; x_wconf 67' lang='grc' dir='ltr'>καὶ</span> <span class='ocrx_word' id='word_1_130' title='bbox 526 1849 620 1903; x_wconf 87' lang='grc' dir='ltr'><strong>τοῦ</strong></span> <span class='ocrx_word' id='word_1_131' title='bbox 651 1852 998 1921; x_wconf 81' lang='grc' dir='ltr'>οἰκοδομῆσαι</span> <span class='ocrx_word' id='word_1_132' title='bbox 1039 1852 1416 1924; x_wconf 79' lang='grc' dir='ltr'>Ἰερουσαλήμ·</span> <span class='ocrx_word' id='word_1_133' title='bbox 1451 1874 1468 1904; x_wconf 76' lang='grc' dir='ltr'><strong>ι</strong></span> <span class='ocrx_word' id='word_1_134' title='bbox 1507 1854 1703 1924; x_wconf 89' lang='grc' dir='ltr'>συνέϐη</span> <span class='ocrx_word' id='word_1_135' title='bbox 1736 1854 1791 1908; x_wconf 79' lang='grc' dir='ltr'>δὲ</span> 
     </span>
    </p>
   </div>
   <div class='ocr_carea' id='block_1_20' title="bbox 1893 657 3469 729">
    <p class='ocr_par' dir='ltr' id='par_1_20' title="bbox 1893 657 3469 729">
     <span class='ocr_line' id='line_1_20' title="bbox 1893 657 3469 729; baseline 0.001 -15"><span class='ocrx_word' id='word_1_136' title='bbox 1893 676 1955 714; x_wconf 88' lang='lat' dir='ltr'><strong>ea</strong></span> <span class='ocrx_word' id='word_1_137' title='bbox 1989 661 2260 729; x_wconf 88' lang='lat' dir='ltr'><strong>pertinent</strong></span> <span class='ocrx_word' id='word_1_138' title='bbox 2287 670 2554 728; x_wconf 91' lang='lat' dir='ltr'><strong>tempora,</strong></span> <span class='ocrx_word' id='word_1_139' title='bbox 2586 658 2747 713; x_wconf 90' lang='lat' dir='ltr'><strong>nobis</strong></span> <span class='ocrx_word' id='word_1_140' title='bbox 2773 658 3153 713; x_wconf 90' lang='lat' dir='ltr'><strong>disserendum</strong></span> <span class='ocrx_word' id='word_1_141' title='bbox 3177 669 3283 714; x_wconf 90' lang='lat' dir='ltr'><strong>est.</strong></span> <span class='ocrx_word' id='word_1_142' title='bbox 3307 657 3469 726; x_wconf 84' lang='lat' dir='ltr'><strong>Quod</strong></span> 
     </span>
    </p>
   </div>
   <div class='ocr_carea' id='block_1_21' title="bbox 1894 749 3470 821">
    <p class='ocr_par' dir='ltr' id='par_1_21' title="bbox 1894 749 3470 821">
     <span class='ocr_line' id='line_1_21' title="bbox 1894 749 3470 821; baseline 0.003 -18"><span class='ocrx_word' id='word_1_143' title='bbox 1894 752 2114 821; x_wconf 82' lang='lat' dir='ltr'><strong>quidem</strong></span> <span class='ocrx_word' id='word_1_144' title='bbox 2145 752 2212 806; x_wconf 91' lang='lat' dir='ltr'><strong>de</strong></span> <span class='ocrx_word' id='word_1_145' title='bbox 2241 749 2446 806; x_wconf 85' lang='lat' dir='ltr'><strong>Christi</strong></span> <span class='ocrx_word' id='word_1_146' title='bbox 2479 751 2716 805; x_wconf 89' lang='lat' dir='ltr'><strong>adventu</strong></span> <span class='ocrx_word' id='word_1_147' title='bbox 2748 751 2861 805; x_wconf 66' lang='lat' dir='ltr'><strong>haec</strong></span> <span class='ocrx_word' id='word_1_148' title='bbox 2889 751 3149 805; x_wconf 91' lang='lat' dir='ltr'><strong>dicuntur</strong></span> <span class='ocrx_word' id='word_1_149' title='bbox 3182 759 3312 821; x_wconf 79' lang='lat' dir='ltr'><strong>post-</strong></span> <span class='ocrx_word' id='word_1_150' title='bbox 3336 752 3470 807; x_wconf 86' lang='lat' dir='ltr'><strong>heb-</strong></span> 
     </span>
    </p>
   </div>
   <div class='ocr_carea' id='block_1_22' title="bbox 1893 842 3470 914">
    <p class='ocr_par' dir='ltr' id='par_1_22' title="bbox 1893 842 3470 914">
     <span class='ocr_line' id='line_1_22' title="bbox 1893 842 3470 914; baseline -0.001 -14"><span class='ocrx_word' id='word_1_151' title='bbox 1893 845 2156 900; x_wconf 88' lang='lat' dir='ltr'><strong>domades</strong></span> <span class='ocrx_word' id='word_1_152' title='bbox 2186 860 2287 898; x_wconf 82' lang='lat' dir='ltr'><strong>Lxx</strong></span> <span class='ocrx_word' id='word_1_153' title='bbox 2319 843 2556 907; x_wconf 89' lang='lat' dir='ltr'><strong>venturi,</strong></span> <span class='ocrx_word' id='word_1_154' title='bbox 2592 853 2841 914; x_wconf 86' lang='lat' dir='ltr'><strong>apertum</strong></span> <span class='ocrx_word' id='word_1_155' title='bbox 2873 856 2976 899; x_wconf 87' lang='lat' dir='ltr'><strong>est.</strong></span> <span class='ocrx_word' id='word_1_156' title='bbox 3019 843 3230 899; x_wconf 82' lang='lat' dir='ltr'><strong>Etenim</strong></span> <span class='ocrx_word' id='word_1_157' title='bbox 3273 859 3303 898; x_wconf 89' lang='lat' dir='ltr'><strong>a</strong></span> <span class='ocrx_word' id='word_1_158' title='bbox 3347 842 3470 899; x_wconf 70' lang='lat' dir='ltr'><strong>Salo</strong></span> 
     </span>
    </p>
   </div>
   <div class='ocr_carea' id='block_1_23' title="bbox 1895 935 3468 1008">
    <p class='ocr_par' dir='ltr' id='par_1_23' title="bbox 1895 935 3468 1008">
     <span class='ocr_line' id='line_1_23' title="bbox 1895 935 3468 1008; baseline 0.001 -18"><span class='ocrx_word' id='word_1_159' title='bbox 1895 938 2098 991; x_wconf 87' lang='lat' dir='ltr'><strong>vatoris</strong></span> <span class='ocrx_word' id='word_1_160' title='bbox 2139 945 2384 1008; x_wconf 86' lang='lat' dir='ltr'><strong>tempore</strong></span> <span class='ocrx_word' id='word_1_161' title='bbox 2433 938 2839 992; x_wconf 82' lang='lat' dir='ltr'><strong>inveterascnnt</strong></span> <span class='ocrx_word' id='word_1_162' title='bbox 2874 937 3369 1007; x_wconf 61' lang='lat' dir='ltr'><strong>praevaricationes,</strong></span> <span class='ocrx_word' id='word_1_163' title='bbox 3403 935 3468 991; x_wconf 78' lang='lat' dir='ltr'><strong>ii-</strong></span> 
     </span>
    </p>
   </div>
   <div class='ocr_carea' id='block_1_24' title="bbox 1894 1026 3466 1098">
    <p class='ocr_par' dir='ltr' id='par_1_24' title="bbox 1894 1026 3466 1098">
     <span class='ocr_line' id='line_1_24' title="bbox 1894 1026 3466 1098; baseline 0 -16"><span class='ocrx_word' id='word_1_164' title='bbox 1894 1043 2016 1082; x_wconf 88' lang='lat' dir='ltr'><strong>nem</strong></span> <span class='ocrx_word' id='word_1_165' title='bbox 2057 1028 2333 1096; x_wconf 88' lang='lat' dir='ltr'><strong>accipiunt</strong></span> <span class='ocrx_word' id='word_1_166' title='bbox 2364 1043 2460 1098; x_wconf 86' lang='lat' dir='ltr'><strong>per</strong></span> <span class='ocrx_word' id='word_1_167' title='bbox 2484 1029 2910 1097; x_wconf 74' lang='lat' dir='ltr'><strong>redemptionem</strong></span> <span class='ocrx_word' id='word_1_168' title='bbox 2947 1038 3189 1096; x_wconf 88' lang='lat' dir='ltr'><strong>peccata,</strong></span> <span class='ocrx_word' id='word_1_169' title='bbox 3214 1026 3466 1082; x_wconf 83' lang='lat' dir='ltr'><strong>delentur</strong></span> 
     </span>
    </p>
   </div>
   <div class='ocr_carea' id='block_1_25' title="bbox 1893 1117 3468 1188">
    <p class='ocr_par' dir='ltr' id='par_1_25' title="bbox 1893 1117 3468 1188">
     <span class='ocr_line' id='line_1_25' title="bbox 1893 1117 3468 1188; baseline 0 -16"><span class='ocrx_word' id='word_1_170' title='bbox 1893 1119 2298 1188; x_wconf 80' lang='lat' dir='ltr'><strong>propitiationis</strong></span> <span class='ocrx_word' id='word_1_171' title='bbox 2349 1119 2620 1174; x_wconf 89' lang='lat' dir='ltr'><strong>sacrilicio</strong></span> <span class='ocrx_word' id='word_1_172' title='bbox 2671 1118 2988 1187; x_wconf 78' lang='lat' dir='ltr'><strong>iniquitates</strong></span> <span class='ocrx_word' id='word_1_173' title='bbox 3033 1133 3158 1171; x_wconf 90' lang='lat' dir='ltr'><strong>cum</strong></span> <span class='ocrx_word' id='word_1_174' title='bbox 3209 1117 3468 1188; x_wconf 71' lang='lat' dir='ltr'><strong>praevari-</strong></span> 
     </span>
    </p>
   </div>
   <div class='ocr_carea' id='block_1_26' title="bbox 1893 1209 3468 1279">
    <p class='ocr_par' dir='ltr' id='par_1_26' title="bbox 1893 1209 3468 1279">
     <span class='ocr_line' id='line_1_26' title="bbox 1893 1209 3468 1279; baseline 0 -16"><span class='ocrx_word' id='word_1_175' title='bbox 1893 1210 2224 1272; x_wconf 88' lang='lat' dir='ltr'><strong>cationibus,</strong></span> <span class='ocrx_word' id='word_1_176' title='bbox 2256 1220 2308 1264; x_wconf 90' lang='lat' dir='ltr'><strong>et</strong></span> <span class='ocrx_word' id='word_1_177' title='bbox 2340 1225 2438 1278; x_wconf 90' lang='lat' dir='ltr'><strong>pro</strong></span> <span class='ocrx_word' id='word_1_178' title='bbox 2479 1209 2614 1279; x_wconf 87' lang='lat' dir='ltr'><strong>legis</strong></span> <span class='ocrx_word' id='word_1_179' title='bbox 2638 1209 2853 1278; x_wconf 86' lang='lat' dir='ltr'><strong>justitia</strong></span> <span class='ocrx_word' id='word_1_180' title='bbox 2887 1211 3218 1278; x_wconf 88' lang='lat' dir='ltr'><strong>sempiterna</strong></span> <span class='ocrx_word' id='word_1_181' title='bbox 3251 1223 3468 1264; x_wconf 77' lang='lat' dir='ltr'><strong>annun-</strong></span> 
     </span>
    </p>
   </div>
   <div class='ocr_carea' id='block_1_27' title="bbox 1894 1301 3467 1372">
    <p class='ocr_par' dir='ltr' id='par_1_27' title="bbox 1894 1301 3467 1372">
     <span class='ocr_line' id='line_1_27' title="bbox 1894 1301 3467 1372; baseline 0.002 -18"><span class='ocrx_word' id='word_1_182' title='bbox 1894 1302 2059 1354; x_wconf 90' lang='lat' dir='ltr'><strong>tiatur</strong></span> <span class='ocrx_word' id='word_1_183' title='bbox 2081 1302 2318 1371; x_wconf 85' lang='lat' dir='ltr'><strong>justitia,</strong></span> <span class='ocrx_word' id='word_1_184' title='bbox 2363 1303 2601 1356; x_wconf 86' lang='lat' dir='ltr'><strong>visiones</strong></span> <span class='ocrx_word' id='word_1_185' title='bbox 2624 1301 2834 1355; x_wconf 85' lang='lat' dir='ltr'><strong>scilicet</strong></span> <span class='ocrx_word' id='word_1_186' title='bbox 2864 1309 2917 1354; x_wconf 86' lang='lat' dir='ltr'><strong>et</strong></span> <span class='ocrx_word' id='word_1_187' title='bbox 2951 1302 3250 1370; x_wconf 67' lang='lat' dir='ltr'><strong>prophetiae</strong></span> <span class='ocrx_word' id='word_1_188' title='bbox 3291 1318 3467 1372; x_wconf 90' lang='lat' dir='ltr'><strong>usque</strong></span> 
     </span>
    </p>
   </div>
   <div class='ocr_carea' id='block_1_28' title="bbox 1893 1391 3470 1463">
    <p class='ocr_par' dir='ltr' id='par_1_28' title="bbox 1893 1391 3470 1463">
     <span class='ocr_line' id='line_1_28' title="bbox 1893 1391 3470 1463; baseline 0.003 -17"><span class='ocrx_word' id='word_1_189' title='bbox 1893 1393 1961 1446; x_wconf 90' lang='lat' dir='ltr'><strong>ad</strong></span> <span class='ocrx_word' id='word_1_190' title='bbox 2010 1391 2310 1458; x_wconf 83' lang='lat' dir='ltr'><strong>Joannem;</strong></span> <span class='ocrx_word' id='word_1_191' title='bbox 2359 1392 2582 1463; x_wconf 87' lang='lat' dir='ltr'><strong>ungitur</strong></span> <span class='ocrx_word' id='word_1_192' title='bbox 2633 1391 2870 1446; x_wconf 89' lang='lat' dir='ltr'><strong>Sanctus</strong></span> <span class='ocrx_word' id='word_1_193' title='bbox 2925 1401 3262 1448; x_wconf 83' lang='lat' dir='ltr'><strong>sanctorum.</strong></span> <span class='ocrx_word' id='word_1_194' title='bbox 3326 1395 3470 1451; x_wconf 84' lang='lat' dir='ltr'><strong>Ante</strong></span> 
     </span>
    </p>
   </div>
   <div class='ocr_carea' id='block_1_29' title="bbox 1891 1482 3466 1552">
    <p class='ocr_par' dir='ltr' id='par_1_29' title="bbox 1891 1482 3466 1552">
     <span class='ocr_line' id='line_1_29' title="bbox 1891 1482 3466 1552; baseline 0.001 -13"><span class='ocrx_word' id='word_1_195' title='bbox 1891 1486 2034 1539; x_wconf 88' lang='lat' dir='ltr'><strong>enim</strong></span> <span class='ocrx_word' id='word_1_196' title='bbox 2064 1483 2366 1538; x_wconf 85' lang='lat' dir='ltr'><strong>Salvatoris</strong></span> <span class='ocrx_word' id='word_1_197' title='bbox 2401 1484 2834 1544; x_wconf 77' lang='lat' dir='ltr'><strong>incarnationem</strong></span> <span class='ocrx_word' id='word_1_198' title='bbox 2863 1482 2975 1536; x_wconf 73' lang='lat' dir='ltr'><strong>haec</strong></span> <span class='ocrx_word' id='word_1_199' title='bbox 3005 1484 3244 1539; x_wconf 90' lang='lat' dir='ltr'><strong>nondum</strong></span> <span class='ocrx_word' id='word_1_200' title='bbox 3285 1493 3466 1552; x_wconf 82' lang='lat' dir='ltr'><strong>erant,</strong></span> 
     </span>
    </p>
   </div>
   <div class='ocr_carea' id='block_1_30' title="bbox 1894 1568 3471 1640">
    <p class='ocr_par' dir='ltr' id='par_1_30' title="bbox 1894 1568 3471 1640">
     <span class='ocr_line' id='line_1_30' title="bbox 1894 1568 3471 1640; baseline 0.003 -18"><span class='ocrx_word' id='word_1_201' title='bbox 1894 1570 2270 1623; x_wconf 88' lang='lat' dir='ltr'><strong>tantummodo</strong></span> <span class='ocrx_word' id='word_1_202' title='bbox 2299 1569 2782 1639; x_wconf 77' lang='lat' dir='ltr'><strong>exspectabantur.</strong></span> <span class='ocrx_word' id='word_1_203' title='bbox 2811 1568 3091 1621; x_wconf 88' lang='lat' dir='ltr'><strong>Annorum</strong></span> <span class='ocrx_word' id='word_1_204' title='bbox 3127 1571 3471 1640; x_wconf 89' lang='lat' dir='ltr'><strong>supputatio-</strong></span> 
     </span>
    </p>
   </div>
   <div class='ocr_carea' id='block_1_31' title="bbox 1891 1661 3472 1726">
    <p class='ocr_par' dir='ltr' id='par_1_31' title="bbox 1891 1661 3472 1726">
     <span class='ocr_line' id='line_1_31' title="bbox 1891 1661 3472 1726; baseline 0.001 -10"><span class='ocrx_word' id='word_1_205' title='bbox 1891 1678 2037 1726; x_wconf 89' lang='lat' dir='ltr'><strong>nem,</strong></span> <span class='ocrx_word' id='word_1_206' title='bbox 2068 1677 2173 1716; x_wconf 83' lang='lat' dir='ltr'><strong>Lxx</strong></span> <span class='ocrx_word' id='word_1_207' title='bbox 2209 1662 2416 1717; x_wconf 86' lang='lat' dir='ltr'><strong>scilicet</strong></span> <span class='ocrx_word' id='word_1_208' title='bbox 2457 1661 2840 1726; x_wconf 84' lang='lat' dir='ltr'><strong>hebdomades,</strong></span> <span class='ocrx_word' id='word_1_209' title='bbox 2871 1677 2966 1716; x_wconf 81' lang='lat' dir='ltr'><strong>seu</strong></span> <span class='ocrx_word' id='word_1_210' title='bbox 3005 1677 3140 1714; x_wconf 83' lang='lat' dir='ltr'><strong>cnxc</strong></span> <span class='ocrx_word' id='word_1_211' title='bbox 3173 1678 3368 1726; x_wconf 87' lang='lat' dir='ltr'><strong>annos,</strong></span> <span class='ocrx_word' id='word_1_212' title='bbox 3391 1663 3472 1718; x_wconf 85' lang='lat' dir='ltr'><strong>in-</strong></span> 
     </span>
    </p>
   </div>
   <div class='ocr_carea' id='block_1_32' title="bbox 1891 1754 3470 1825">
    <p class='ocr_par' dir='ltr' id='par_1_32' title="bbox 1891 1754 3470 1825">
     <span class='ocr_line' id='line_1_32' title="bbox 1891 1754 3470 1825; baseline 0.003 -19"><span class='ocrx_word' id='word_1_213' title='bbox 1891 1755 2026 1824; x_wconf 88' lang='lat' dir='ltr'><strong>cipit</strong></span> <span class='ocrx_word' id='word_1_214' title='bbox 2057 1756 2283 1825; x_wconf 81' lang='lat' dir='ltr'><strong>angelus</strong></span> <span class='ocrx_word' id='word_1_215' title='bbox 2312 1775 2329 1806; x_wconf 78' lang='grc' dir='ltr'><strong>ι</strong></span> <span class='ocrx_word' id='word_1_216' title='bbox 2363 1757 2432 1809; x_wconf 91' lang='lat' dir='ltr'><strong>ab</strong></span> <span class='ocrx_word' id='word_1_217' title='bbox 2463 1755 2611 1809; x_wconf 91' lang='lat' dir='ltr'><strong>exitu</strong></span> <span class='ocrx_word' id='word_1_218' title='bbox 2653 1754 2948 1818; x_wconf 87' lang='lat' dir='ltr'><strong>sermonis,</strong></span> <span class='ocrx_word' id='word_1_219' title='bbox 2982 1762 3039 1807; x_wconf 92' lang='lat' dir='ltr'><strong>ut</strong></span> <span class='ocrx_word' id='word_1_220' title='bbox 3071 1754 3267 1809; x_wconf 84' lang='lat' dir='ltr'><strong>iterum</strong></span> <span class='ocrx_word' id='word_1_221' title='bbox 3299 1754 3470 1810; x_wconf 64' lang='lat' dir='ltr'><strong>aediﬁ-</strong></span> 
     </span>
    </p>
   </div>
   <div class='ocr_carea' id='block_1_33' title="bbox 1893 1846 3470 1904">
    <p class='ocr_par' dir='ltr' id='par_1_33' title="bbox 1893 1846 3470 1904">
     <span class='ocr_line' id='line_1_33' title="bbox 1893 1846 3470 1904; baseline 0.001 -2"><span class='ocrx_word' id='word_1_222' title='bbox 1893 1857 2048 1902; x_wconf 89' lang='lat' dir='ltr'><strong>cetur</strong></span> <span class='ocrx_word' id='word_1_223' title='bbox 2074 1847 2397 1903; x_wconf 82' lang='lat' dir='ltr'><strong>Jerusalem.</strong></span> <span class='ocrx_word' id='word_1_224' title='bbox 2435 1867 2452 1899; x_wconf 79' lang='grc' dir='ltr'><strong>ι</strong></span> <span class='ocrx_word' id='word_1_225' title='bbox 2489 1846 2802 1900; x_wconf 87' lang='lat' dir='ltr'><strong>Evenerunt</strong></span> <span class='ocrx_word' id='word_1_226' title='bbox 2833 1846 2947 1900; x_wconf 58' lang='lat' dir='ltr'><strong>haec</strong></span> <span class='ocrx_word' id='word_1_227' title='bbox 2989 1847 3308 1902; x_wconf 79' lang='lat' dir='ltr'><strong>Artaxerxis</strong></span> <span class='ocrx_word' id='word_1_228' title='bbox 3337 1847 3470 1904; x_wconf 87' lang='lat' dir='ltr'><strong>Per-</strong></span> 
     </span>
    </p>
   </div>
   <div class='ocr_carea' id='block_1_34' title="bbox 211 1920 1791 2016">
    <p class='ocr_par' dir='ltr' id='par_1_34' title="bbox 211 1941 1787 2016">
     <span class='ocr_line' id='line_1_34' title="bbox 211 1941 1787 2016; baseline 0.004 -23"><span class='ocrx_word' id='word_1_229' title='bbox 211 1941 381 1994; x_wconf 76' lang='grc' dir='ltr'>ταῦτα</span> <span class='ocrx_word' id='word_1_230' title='bbox 402 1943 492 1994; x_wconf 81' lang='grc' dir='ltr'>ἑπὶ</span> <span class='ocrx_word' id='word_1_231' title='bbox 529 1941 883 2012; x_wconf 81' lang='grc' dir='ltr'>Ἀρταξέρξου</span> <span class='ocrx_word' id='word_1_232' title='bbox 907 1941 1132 2014; x_wconf 84' lang='grc' dir='ltr'>Περσῶν</span> <span class='ocrx_word' id='word_1_233' title='bbox 1155 1943 1528 2013; x_wconf 78' lang='grc' dir='ltr'>βασιλεύοντος</span> <span class='ocrx_word' id='word_1_234' title='bbox 1557 1945 1787 2016; x_wconf 85' lang='grc' dir='ltr'>είκοστῷ</span> 
     </span>
    </p>
   </div>
   <div class='ocr_carea' id='block_1_35' title="bbox 1894 1920 3468 2016">
    <p class='ocr_par' dir='ltr' id='par_1_35' title="bbox 1894 1936 3468 2010">
     <span class='ocr_line' id='line_1_35' title="bbox 1894 1936 3468 2010; baseline 0 -15"><span class='ocrx_word' id='word_1_235' title='bbox 1894 1955 2075 1995; x_wconf 90' lang='lat' dir='ltr'><strong>sarum</strong></span> <span class='ocrx_word' id='word_1_236' title='bbox 2117 1939 2259 2010; x_wconf 89' lang='lat' dir='ltr'><strong>regis</strong></span> <span class='ocrx_word' id='word_1_237' title='bbox 2303 1955 2446 1994; x_wconf 89' lang='lat' dir='ltr'><strong>anno</strong></span> <span class='ocrx_word' id='word_1_238' title='bbox 2486 1939 2767 1993; x_wconf 89' lang='lat' dir='ltr'><strong>vicesimo.</strong></span> <span class='ocrx_word' id='word_1_239' title='bbox 2817 1936 3107 1994; x_wconf 87' lang='lat' dir='ltr'><strong>Nehemias</strong></span> <span class='ocrx_word' id='word_1_240' title='bbox 3152 1941 3319 2003; x_wconf 88' lang='lat' dir='ltr'><strong>enim,</strong></span> <span class='ocrx_word' id='word_1_241' title='bbox 3349 1941 3468 2010; x_wconf 87' lang='lat' dir='ltr'><strong>ejus</strong></span> 
     </span>
    </p>
   </div>
   <div class='ocr_carea' id='block_1_36' title="bbox 206 2033 1790 2108">
    <p class='ocr_par' dir='ltr' id='par_1_36' title="bbox 206 2033 1790 2108">
     <span class='ocr_line' id='line_1_36' title="bbox 206 2033 1790 2108; baseline 0.002 -23"><span class='ocrx_word' id='word_1_242' title='bbox 206 2050 338 2085; x_wconf 86' lang='grc' dir='ltr'>ετει.</span> <span class='ocrx_word' id='word_1_243' title='bbox 372 2033 612 2104; x_wconf 80' lang='grc' dir='ltr'>Νεεμίας</span> <span class='ocrx_word' id='word_1_244' title='bbox 645 2033 753 2104; x_wconf 81' lang='grc' dir='ltr'><strong>γὰρ</strong></span> <span class='ocrx_word' id='word_1_245' title='bbox 784 2037 812 2086; x_wconf 85' lang='grc' dir='ltr'>ὁ</span> <span class='ocrx_word' id='word_1_246' title='bbox 844 2033 1030 2086; x_wconf 89' lang='grc' dir='ltr'>τούτου</span> <span class='ocrx_word' id='word_1_247' title='bbox 1063 2034 1295 2105; x_wconf 72' lang='grc' dir='ltr'>οἰνοχόος</span> <span class='ocrx_word' id='word_1_248' title='bbox 1323 2034 1532 2107; x_wconf 70' lang='grc' dir='ltr'>δεηθεὶς</span> <span class='ocrx_word' id='word_1_249' title='bbox 1562 2036 1790 2108; x_wconf 86' lang='grc' dir='ltr'>ἀποκρί-</span> 
     </span>
    </p>
   </div>
   <div class='ocr_carea' id='block_1_37' title="bbox 205 2123 1789 2198">
    <p class='ocr_par' dir='ltr' id='par_1_37' title="bbox 205 2123 1789 2198">
     <span class='ocr_line' id='line_1_37' title="bbox 205 2123 1789 2198; baseline 0.001 -20"><span class='ocrx_word' id='word_1_250' title='bbox 205 2123 350 2188; x_wconf 81' lang='grc' dir='ltr'>σεὼς</span> <span class='ocrx_word' id='word_1_251' title='bbox 382 2142 441 2178; x_wconf 86' lang='grc' dir='ltr'><strong>τε</strong></span> <span class='ocrx_word' id='word_1_252' title='bbox 461 2125 648 2194; x_wconf 74' lang='grc' dir='ltr'>ἔτυχεν</span> <span class='ocrx_word' id='word_1_253' title='bbox 672 2125 1090 2196; x_wconf 71' lang='grc' dir='ltr'>οἰκοδομηθῆναι</span> <span class='ocrx_word' id='word_1_254' title='bbox 1121 2127 1492 2198; x_wconf 78' lang='grc' dir='ltr'>Ἰερουσαλὴμ,</span> <span class='ocrx_word' id='word_1_255' title='bbox 1514 2128 1607 2180; x_wconf 69' lang='grc' dir='ltr'>καὶ</span> <span class='ocrx_word' id='word_1_256' title='bbox 1633 2127 1789 2196; x_wconf 82' lang='grc' dir='ltr'>λόγος</span> 
     </span>
    </p>
   </div>
   <div class='ocr_carea' id='block_1_38' title="bbox 206 2216 1787 2290">
    <p class='ocr_par' dir='ltr' id='par_1_38' title="bbox 206 2216 1787 2290">
     <span class='ocr_line' id='line_1_38' title="bbox 206 2216 1787 2290; baseline 0.002 -21"><span class='ocrx_word' id='word_1_257' title='bbox 206 2216 432 2287; x_wconf 74' lang='grc' dir='ltr'>ἐξῆλθεν</span> <span class='ocrx_word' id='word_1_258' title='bbox 467 2217 700 2270; x_wconf 87' lang='grc' dir='ltr'>κελεύων</span> <span class='ocrx_word' id='word_1_259' title='bbox 726 2217 929 2271; x_wconf 88' lang='grc' dir='ltr'>ταῦτα·</span> <span class='ocrx_word' id='word_1_260' title='bbox 969 2219 1128 2289; x_wconf 85' lang='grc' dir='ltr'>μέχρι</span> <span class='ocrx_word' id='word_1_261' title='bbox 1163 2219 1269 2290; x_wconf 77' lang='grc' dir='ltr'><strong>γάρ</strong></span> <span class='ocrx_word' id='word_1_262' title='bbox 1295 2220 1500 2272; x_wconf 82' lang='grc' dir='ltr'>ἐκείνου</span> <span class='ocrx_word' id='word_1_263' title='bbox 1533 2219 1624 2272; x_wconf 86' lang='grc' dir='ltr'><strong>τοῦ</strong></span> <span class='ocrx_word' id='word_1_264' title='bbox 1657 2220 1787 2290; x_wconf 88' lang='grc' dir='ltr'>χρό-</span> 
     </span>
    </p>
   </div>
   <div class='ocr_carea' id='block_1_39' title="bbox 206 2309 1790 2383">
    <p class='ocr_par' dir='ltr' id='par_1_39' title="bbox 206 2309 1790 2383">
     <span class='ocr_line' id='line_1_39' title="bbox 206 2309 1790 2383; baseline 0.001 -22"><span class='ocrx_word' id='word_1_265' title='bbox 206 2326 302 2362; x_wconf 87' lang='grc' dir='ltr'><strong>νου</strong></span> <span class='ocrx_word' id='word_1_266' title='bbox 333 2311 366 2378; x_wconf 85' lang='grc' dir='ltr'>ή</span> <span class='ocrx_word' id='word_1_267' title='bbox 402 2309 557 2372; x_wconf 90' lang='grc' dir='ltr'>πόλις</span> <span class='ocrx_word' id='word_1_268' title='bbox 595 2311 872 2381; x_wconf 71' lang='grc' dir='ltr'>ἠρήμωτο.</span> <span class='ocrx_word' id='word_1_269' title='bbox 911 2309 1094 2380; x_wconf 82' lang='grc' dir='ltr'>Κύρου</span> <span class='ocrx_word' id='word_1_270' title='bbox 1125 2310 1232 2383; x_wconf 78' lang='grc' dir='ltr'><strong>γάρ</strong></span> <span class='ocrx_word' id='word_1_271' title='bbox 1269 2311 1404 2380; x_wconf 80' lang='grc' dir='ltr'>μετὰ</span> <span class='ocrx_word' id='word_1_272' title='bbox 1431 2312 1527 2380; x_wconf 83' lang='grc' dir='ltr'>τὴν</span> <span class='ocrx_word' id='word_1_273' title='bbox 1559 2312 1790 2382; x_wconf 81' lang='grc' dir='ltr'>ἑϐδομη-</span> 
     </span>
    </p>
   </div>
   <div class='ocr_carea' id='block_1_40' title="bbox 206 2399 1788 2472">
    <p class='ocr_par' dir='ltr' id='par_1_40' title="bbox 206 2399 1788 2472">
     <span class='ocr_line' id='line_1_40' title="bbox 206 2399 1788 2472; baseline 0.004 -21"><span class='ocrx_word' id='word_1_274' title='bbox 206 2399 530 2452; x_wconf 80' lang='grc' dir='ltr'>κονταετίαν</span> <span class='ocrx_word' id='word_1_275' title='bbox 551 2399 650 2468; x_wconf 77' lang='grc' dir='ltr'>τῆς</span> <span class='ocrx_word' id='word_1_276' title='bbox 671 2399 1045 2468; x_wconf 74' lang='grc' dir='ltr'>αἰχμαλωσίας</span> <span class='ocrx_word' id='word_1_277' title='bbox 1068 2401 1173 2452; x_wconf 82' lang='grc' dir='ltr'>τῶν</span> <span class='ocrx_word' id='word_1_278' title='bbox 1199 2401 1534 2472; x_wconf 81' lang='grc' dir='ltr'>βουλομένων</span> <span class='ocrx_word' id='word_1_279' title='bbox 1561 2404 1788 2456; x_wconf 69' lang='grc' dir='ltr'>ἕκαστον</span> 
     </span>
    </p>
   </div>
   <div class='ocr_carea' id='block_1_41' title="bbox 205 2491 1787 2568">
    <p class='ocr_par' dir='ltr' id='par_1_41' title="bbox 205 2491 1787 2568">
     <span class='ocr_line' id='line_1_41' title="bbox 205 2491 1787 2568; baseline 0.003 -24"><span class='ocrx_word' id='word_1_280' title='bbox 205 2491 524 2544; x_wconf 74' lang='grc' dir='ltr'>ἑκουσιαστὶ</span> <span class='ocrx_word' id='word_1_281' title='bbox 555 2492 1046 2561; x_wconf 62' lang='grc' dir='ltr'>καταπέμψαντος,</span> <span class='ocrx_word' id='word_1_282' title='bbox 1075 2496 1124 2545; x_wconf 86' lang='grc' dir='ltr'>οἱ</span> <span class='ocrx_word' id='word_1_283' title='bbox 1161 2495 1299 2562; x_wconf 74' lang='grc' dir='ltr'>μετὰ</span> <span class='ocrx_word' id='word_1_284' title='bbox 1341 2494 1512 2566; x_wconf 82' lang='grc' dir='ltr'>Ἰησοῦ</span> <span class='ocrx_word' id='word_1_285' title='bbox 1562 2495 1646 2548; x_wconf 85' lang='grc' dir='ltr'><strong>τοῦ</strong></span> <span class='ocrx_word' id='word_1_286' title='bbox 1689 2515 1787 2568; x_wconf 89' lang='grc' dir='ltr'>με-</span> 
     </span>
    </p>
   </div>
   <div class='ocr_carea' id='block_1_42' title="bbox 208 2583 1790 2656">
    <p class='ocr_par' dir='ltr' id='par_1_42' title="bbox 208 2583 1790 2656">
     <span class='ocr_line' id='line_1_42' title="bbox 208 2583 1790 2656; baseline 0.004 -20"><span class='ocrx_word' id='word_1_287' title='bbox 208 2583 378 2651; x_wconf 81' lang='grc' dir='ltr'>γάλου</span> <span class='ocrx_word' id='word_1_288' title='bbox 411 2584 600 2656; x_wconf 79' lang='grc' dir='ltr'>ἱερέως</span> <span class='ocrx_word' id='word_1_289' title='bbox 626 2585 718 2637; x_wconf 77' lang='grc' dir='ltr'>καὶ</span> <span class='ocrx_word' id='word_1_290' title='bbox 744 2585 1047 2656; x_wconf 87' lang='grc' dir='ltr'>Ζοροϐάϐελ</span> <span class='ocrx_word' id='word_1_291' title='bbox 1085 2585 1458 2650; x_wconf 83' lang='grc' dir='ltr'>κατελθόντες,</span> <span class='ocrx_word' id='word_1_292' title='bbox 1501 2589 1592 2640; x_wconf 79' lang='grc' dir='ltr'>καὶ</span> <span class='ocrx_word' id='word_1_293' title='bbox 1617 2591 1664 2641; x_wconf 82' lang='lat' dir='ltr'><strong>ot</strong></span> <span class='ocrx_word' id='word_1_294' title='bbox 1696 2591 1790 2643; x_wconf 74' lang='grc' dir='ltr'><strong>ἐπὶ</strong></span> 
     </span>
    </p>
   </div>
   <div class='ocr_carea' id='block_1_43' title="bbox 206 2677 1790 2748">
    <p class='ocr_par' dir='ltr' id='par_1_43' title="bbox 206 2677 1790 2748">
     <span class='ocr_line' id='line_1_43' title="bbox 206 2677 1790 2748; baseline 0.004 -20"><span class='ocrx_word' id='word_1_295' title='bbox 206 2677 419 2739; x_wconf 88' lang='grc' dir='ltr'>τούτοις</span> <span class='ocrx_word' id='word_1_296' title='bbox 441 2677 556 2747; x_wconf 69' lang='grc' dir='ltr'>ἅμα</span> <span class='ocrx_word' id='word_1_297' title='bbox 583 2677 775 2748; x_wconf 78' lang='grc' dir='ltr'>Ἔζρᾳ,</span> <span class='ocrx_word' id='word_1_298' title='bbox 802 2678 891 2730; x_wconf 82' lang='grc' dir='ltr'>τὸν</span> <span class='ocrx_word' id='word_1_299' title='bbox 917 2677 1051 2730; x_wconf 86' lang='grc' dir='ltr'>νεὼν</span> <span class='ocrx_word' id='word_1_300' title='bbox 1075 2677 1372 2748; x_wconf 82' lang='grc' dir='ltr'>οἰκοδομεῖν</span> <span class='ocrx_word' id='word_1_301' title='bbox 1400 2679 1695 2734; x_wconf 80' lang='grc' dir='ltr'>ἐκωλύοντο</span> <span class='ocrx_word' id='word_1_302' title='bbox 1719 2680 1790 2734; x_wconf 74' lang='grc' dir='ltr'><strong>τά</strong></span> 
     </span>
    </p>
   </div>
   <div class='ocr_carea' id='block_1_44' title="bbox 206 2769 1786 2841">
    <p class='ocr_par' dir='ltr' id='par_1_44' title="bbox 206 2769 1786 2841">
     <span class='ocr_line' id='line_1_44' title="bbox 206 2769 1786 2841; baseline 0.003 -21"><span class='ocrx_word' id='word_1_303' title='bbox 206 2769 548 2839; x_wconf 72' lang='grc' dir='ltr'>πρῶτα,-καὶ</span> <span class='ocrx_word' id='word_1_304' title='bbox 575 2773 750 2839; x_wconf 89' lang='grc' dir='ltr'>τεῖχος</span> <span class='ocrx_word' id='word_1_305' title='bbox 779 2771 845 2840; x_wconf 77' lang='grc' dir='ltr'><strong>τῇ</strong></span> <span class='ocrx_word' id='word_1_306' title='bbox 875 2769 1026 2822; x_wconf 85' lang='grc' dir='ltr'>πόλει</span> <span class='ocrx_word' id='word_1_307' title='bbox 1056 2769 1390 2841; x_wconf 90' lang='grc' dir='ltr'>περιϐαλεῖν,</span> <span class='ocrx_word' id='word_1_308' title='bbox 1422 2771 1496 2834; x_wconf 85' lang='grc' dir='ltr'>ὡς</span> <span class='ocrx_word' id='word_1_309' title='bbox 1533 2773 1592 2824; x_wconf 86' lang='grc' dir='ltr'>οὐ</span> <span class='ocrx_word' id='word_1_310' title='bbox 1627 2789 1786 2825; x_wconf 88' lang='grc' dir='ltr'>κεκε-</span> 
     </span>
    </p>
   </div>
   <div class='ocr_carea' id='block_1_45' title="bbox 205 2859 1788 2935">
    <p class='ocr_par' dir='ltr' id='par_1_45' title="bbox 205 2859 1788 2935">
     <span class='ocr_line' id='line_1_45' title="bbox 205 2859 1788 2935; baseline 0.004 -23"><span class='ocrx_word' id='word_1_311' title='bbox 205 2861 506 2930; x_wconf 72' lang='grc' dir='ltr'>λευσμένου</span> <span class='ocrx_word' id='word_1_312' title='bbox 557 2860 768 2914; x_wconf 88' lang='grc' dir='ltr'>τούτου.</span> <span class='ocrx_word' id='word_1_313' title='bbox 811 2861 1062 2930; x_wconf 82' lang='grc' dir='ltr'>Ἐμεινεν</span> <span class='ocrx_word' id='word_1_314' title='bbox 1112 2859 1204 2914; x_wconf 77' lang='grc' dir='ltr'>οὖν</span> <span class='ocrx_word' id='word_1_315' title='bbox 1251 2863 1356 2926; x_wconf 76' lang='grc' dir='ltr'>ἕως</span> <span class='ocrx_word' id='word_1_316' title='bbox 1409 2863 1643 2935; x_wconf 84' lang='grc' dir='ltr'>Νεεμίου</span> <span class='ocrx_word' id='word_1_317' title='bbox 1696 2867 1788 2918; x_wconf 72' lang='grc' dir='ltr'>καὶ</span> 
     </span>
    </p>
   </div>
   <div class='ocr_carea' id='block_1_46' title="bbox 207 2952 1787 3028">
    <p class='ocr_par' dir='ltr' id='par_1_46' title="bbox 207 2952 1787 3028">
     <span class='ocr_line' id='line_1_46' title="bbox 207 2952 1787 3028; baseline 0.003 -23"><span class='ocrx_word' id='word_1_318' title='bbox 207 2952 490 3023; x_wconf 83' lang='grc' dir='ltr'>βασιλείας</span> <span class='ocrx_word' id='word_1_319' title='bbox 533 2953 887 3024; x_wconf 81' lang='grc' dir='ltr'>Ἀρταξέρξου</span> <span class='ocrx_word' id='word_1_320' title='bbox 909 2953 1272 3018; x_wconf 83' lang='grc' dir='ltr'>είκοσαετοῦς,</span> <span class='ocrx_word' id='word_1_321' title='bbox 1302 2954 1527 3026; x_wconf 83' lang='grc' dir='ltr'>Περσῶν</span> <span class='ocrx_word' id='word_1_322' title='bbox 1559 2955 1614 3010; x_wconf 78' lang='grc' dir='ltr'>δὲ</span> <span class='ocrx_word' id='word_1_323' title='bbox 1657 2959 1787 3028; x_wconf 83' lang='grc' dir='ltr'>ἡγε-</span> 
     </span>
    </p>
   </div>
   <div class='ocr_carea' id='block_1_47' title="bbox 210 3041 1787 3113">
    <p class='ocr_par' dir='ltr' id='par_1_47' title="bbox 210 3041 1787 3113">
     <span class='ocr_line' id='line_1_47' title="bbox 210 3041 1787 3113; baseline 0.001 -19"><span class='ocrx_word' id='word_1_324' title='bbox 210 3041 404 3112; x_wconf 87' lang='grc' dir='ltr'>μονίας</span> <span class='ocrx_word' id='word_1_325' title='bbox 453 3041 917 3113; x_wconf 78' lang='grc' dir='ltr'>πεντεκαιδεκάτῳ</span> <span class='ocrx_word' id='word_1_326' title='bbox 963 3045 1055 3095; x_wconf 76' lang='grc' dir='ltr'>καὶ</span> <span class='ocrx_word' id='word_1_327' title='bbox 1108 3042 1403 3112; x_wconf 79' lang='grc' dir='ltr'>ἑκατοστῷ,</span> <span class='ocrx_word' id='word_1_328' title='bbox 1427 3042 1534 3096; x_wconf 84' lang='grc' dir='ltr'><strong>ἀπὸ</strong></span> <span class='ocrx_word' id='word_1_329' title='bbox 1583 3043 1639 3096; x_wconf 81' lang='grc' dir='ltr'>δὲ</span> <span class='ocrx_word' id='word_1_330' title='bbox 1689 3045 1787 3112; x_wconf 80' lang='grc' dir='ltr'>τῆς</span> 
     </span>
    </p>
   </div>
   <div class='ocr_carea' id='block_1_48' title="bbox 207 3131 1786 3206">
    <p class='ocr_par' dir='ltr' id='par_1_48' title="bbox 207 3131 1786 3206">
     <span class='ocr_line' id='line_1_48' title="bbox 207 3131 1786 3206; baseline 0.001 -20"><span class='ocrx_word' id='word_1_331' title='bbox 207 3132 464 3197; x_wconf 82' lang='grc' dir='ltr'>ἁλώσεως</span> <span class='ocrx_word' id='word_1_332' title='bbox 503 3132 854 3205; x_wconf 80' lang='grc' dir='ltr'>Ἰερουσαλὴμ</span> <span class='ocrx_word' id='word_1_333' title='bbox 903 3131 1020 3205; x_wconf 84' lang='grc' dir='ltr'>ρπε¹</span> <span class='ocrx_word' id='word_1_334' title='bbox 1065 3133 1192 3206; x_wconf 82' lang='grc' dir='ltr'>ἕτη’</span> <span class='ocrx_word' id='word_1_335' title='bbox 1228 3135 1322 3188; x_wconf 69' lang='grc' dir='ltr'>καὶ</span> <span class='ocrx_word' id='word_1_336' title='bbox 1362 3135 1481 3188; x_wconf 87' lang='grc' dir='ltr'>τότε</span> <span class='ocrx_word' id='word_1_337' title='bbox 1536 3135 1786 3206; x_wconf 80' lang='grc' dir='ltr'>βασιλεὺς</span> 
     </span>
    </p>
   </div>
   <div class='ocr_carea' id='block_1_49' title="bbox 221 3223 1856 3322">
    <p class='ocr_par' dir='ltr' id='par_1_49' title="bbox 221 3223 1856 3322">
     <span class='ocr_line' id='line_1_49' title="bbox 221 3223 1856 3322; baseline 0.001 -45"><span class='ocrx_word' id='word_1_338' title='bbox 221 3223 583 3297; x_wconf 79' lang='grc' dir='ltr'>Ἀρταξέρξης</span> <span class='ocrx_word' id='word_1_339' title='bbox 639 3225 918 3278; x_wconf 80' lang='grc' dir='ltr'>ἐκέλευσεν</span> <span class='ocrx_word' id='word_1_340' title='bbox 967 3226 1384 3298; x_wconf 78' lang='grc' dir='ltr'>οἰκοδομηθῆναι</span> <span class='ocrx_word' id='word_1_341' title='bbox 1447 3228 1545 3298; x_wconf 80' lang='grc' dir='ltr'>τὴν</span> <span class='ocrx_word' id='word_1_342' title='bbox 1594 3228 1783 3292; x_wconf 87' lang='grc' dir='ltr'>πόλιν,</span> <span class='ocrx_word' id='word_1_343' title='bbox 1815 3267 1856 3322; x_wconf 57' lang='grc' dir='ltr'>ί,</span> 
     </span>
    </p>
   </div>
   <div class='ocr_carea' id='block_1_50' title="bbox 207 3305 1857 3392">
    <p class='ocr_par' dir='ltr' id='par_1_50' title="bbox 207 3305 1857 3392">
     <span class='ocr_line' id='line_1_50' title="bbox 207 3305 1857 3392; baseline 0.003 -24"><span class='ocrx_word' id='word_1_344' title='bbox 207 3315 454 3387; x_wconf 87' lang='grc' dir='ltr'>Νεεμίας</span> <span class='ocrx_word' id='word_1_345' title='bbox 482 3333 540 3369; x_wconf 86' lang='grc' dir='ltr'><strong>τε</strong></span> <span class='ocrx_word' id='word_1_346' title='bbox 581 3317 990 3388; x_wconf 67' lang='grc' dir='ltr'>καταπεμφθεὶς</span> <span class='ocrx_word' id='word_1_347' title='bbox 1027 3319 1119 3372; x_wconf 86' lang='grc' dir='ltr'><strong>τοῦ</strong></span> <span class='ocrx_word' id='word_1_348' title='bbox 1154 3319 1313 3389; x_wconf 79' lang='grc' dir='ltr'>ἔργου</span> <span class='ocrx_word' id='word_1_349' title='bbox 1358 3321 1626 3392; x_wconf 85' lang='grc' dir='ltr'>προέστη,</span> <span class='ocrx_word' id='word_1_350' title='bbox 1665 3323 1697 3391; x_wconf 87' lang='grc' dir='ltr'>ἡ</span> <span class='ocrx_word' id='word_1_351' title='bbox 1729 3320 1786 3373; x_wconf 85' lang='grc' dir='ltr'>δὲ</span> <span class='ocrx_word' id='word_1_352' title='bbox 1815 3305 1857 3325; x_wconf 59' lang='grc'><strong>’⁸</strong></span> 
     </span>
    </p>
   </div>
   <div class='ocr_carea' id='block_1_51' title="bbox 206 3409 1784 3481">
    <p class='ocr_par' dir='ltr' id='par_1_51' title="bbox 206 3409 1784 3481">
     <span class='ocr_line' id='line_1_51' title="bbox 206 3409 1784 3481; baseline 0.001 -19"><span class='ocrx_word' id='word_1_353' title='bbox 206 3409 468 3480; x_wconf 76' lang='grc' dir='ltr'>οἰκοδομὴ</span> <span class='ocrx_word' id='word_1_354' title='bbox 499 3409 726 3462; x_wconf 85' lang='grc' dir='ltr'>πλατεία</span> <span class='ocrx_word' id='word_1_355' title='bbox 761 3409 854 3461; x_wconf 71' lang='grc' dir='ltr'><strong>καὶ</strong></span> <span class='ocrx_word' id='word_1_356' title='bbox 885 3410 1010 3480; x_wconf 77' lang='grc' dir='ltr'>περὶ</span> <span class='ocrx_word' id='word_1_357' title='bbox 1046 3412 1242 3480; x_wconf 87' lang='grc' dir='ltr'>τεῖχος,</span> <span class='ocrx_word' id='word_1_358' title='bbox 1270 3410 1345 3472; x_wconf 80' lang='grc' dir='ltr'><strong>ὡς</strong></span> <span class='ocrx_word' id='word_1_359' title='bbox 1373 3410 1751 3481; x_wconf 83' lang='grc' dir='ltr'>προεφητεύθη</span> <span class='ocrx_word' id='word_1_360' title='bbox 1770 3428 1784 3442; x_wconf 77' lang='grc' dir='ltr'><strong>ο</strong></span> 
     </span>
    </p>
   </div>
   <div class='ocr_carea' id='block_1_52' title="bbox 209 3500 1789 3574">
    <p class='ocr_par' dir='ltr' id='par_1_52' title="bbox 209 3500 1789 3574">
     <span class='ocr_line' id='line_1_52' title="bbox 209 3500 1789 3574; baseline 0.001 -20"><span class='ocrx_word' id='word_1_361' title='bbox 209 3501 467 3554; x_wconf 86' lang='grc' dir='ltr'>κάκεῖθεν</span> <span class='ocrx_word' id='word_1_362' title='bbox 498 3501 816 3572; x_wconf 75' lang='grc' dir='ltr'>ἀριθμοῦσιν</span> <span class='ocrx_word' id='word_1_363' title='bbox 845 3503 976 3572; x_wconf 76' lang='grc' dir='ltr'>ἡμῖν</span> <span class='ocrx_word' id='word_1_364' title='bbox 1010 3508 1052 3554; x_wconf 92' lang='grc' dir='ltr'>ο¹</span> <span class='ocrx_word' id='word_1_365' title='bbox 1091 3500 1383 3572; x_wconf 84' lang='grc' dir='ltr'>ἑϐδομάδες</span> <span class='ocrx_word' id='word_1_366' title='bbox 1409 3502 1489 3564; x_wconf 84' lang='grc' dir='ltr'><strong>είς</strong></span> <span class='ocrx_word' id='word_1_367' title='bbox 1518 3501 1610 3554; x_wconf 77' lang='grc' dir='ltr'>τὸν</span> <span class='ocrx_word' id='word_1_368' title='bbox 1656 3503 1789 3574; x_wconf 84' lang='grc' dir='ltr'>Χρι-</span> 
     </span>
    </p>
   </div>
   <div class='ocr_carea' id='block_1_53' title="bbox 211 3593 762 3648">
    <p class='ocr_par' dir='ltr' id='par_1_53' title="bbox 211 3593 762 3648">
     <span class='ocr_line' id='line_1_53' title="bbox 211 3593 762 3648; baseline -0.004 0"><span class='ocrx_word' id='word_1_369' title='bbox 211 3594 338 3648; x_wconf 79' lang='grc' dir='ltr'>στὸν</span> <span class='ocrx_word' id='word_1_370' title='bbox 369 3593 762 3647; x_wconf 83' lang='grc' dir='ltr'>συντελοῦνται.</span> 
     </span>
    </p>
   </div>
   <div class='ocr_carea' id='block_1_54' title="bbox 283 3707 1791 3780">
    <p class='ocr_par' dir='ltr' id='par_1_54' title="bbox 283 3707 1791 3780">
     <span class='ocr_line' id='line_1_54' title="bbox 283 3707 1791 3780; baseline 0.001 -19"><span class='ocrx_word' id='word_1_371' title='bbox 283 3709 348 3761; x_wconf 79' lang='lat' dir='ltr'><strong>Et</strong></span> <span class='ocrx_word' id='word_1_372' title='bbox 376 3708 484 3779; x_wconf 78' lang='grc' dir='ltr'><strong>γάρ</strong></span> <span class='ocrx_word' id='word_1_373' title='bbox 508 3708 726 3762; x_wconf 81' lang='grc' dir='ltr'>ἄλλοθέν</span> <span class='ocrx_word' id='word_1_374' title='bbox 757 3707 920 3762; x_wconf 74' lang='grc' dir='ltr'>ποθεν</span> <span class='ocrx_word' id='word_1_375' title='bbox 952 3707 1204 3780; x_wconf 85' lang='grc' dir='ltr'>ἀριθμεῖν</span> <span class='ocrx_word' id='word_1_376' title='bbox 1233 3707 1540 3780; x_wconf 78' lang='grc' dir='ltr'>ἀρξαίμεθα</span> <span class='ocrx_word' id='word_1_377' title='bbox 1575 3710 1668 3762; x_wconf 72' lang='grc' dir='ltr'><strong>καὶ</strong></span> <span class='ocrx_word' id='word_1_378' title='bbox 1692 3710 1791 3762; x_wconf 87' lang='grc' dir='ltr'><strong>ούκ</strong></span> 
     </span>
    </p>
   </div>
   <div class='ocr_carea' id='block_1_55' title="bbox 209 3799 1790 3872">
    <p class='ocr_par' dir='ltr' id='par_1_55' title="bbox 209 3799 1790 3872">
     <span class='ocr_line' id='line_1_55' title="bbox 209 3799 1790 3872; baseline 0.001 -20"><span class='ocrx_word' id='word_1_379' title='bbox 209 3799 483 3859; x_wconf 66' lang='grc' dir='ltr'>ἐντεῦθεν.</span> <span class='ocrx_word' id='word_1_380' title='bbox 520 3799 640 3852; x_wconf 69' lang='grc' dir='ltr'>οὔτε</span> <span class='ocrx_word' id='word_1_381' title='bbox 693 3800 722 3850; x_wconf 88' lang='grc' dir='ltr'><strong><em>ὸ</em></strong></span> <span class='ocrx_word' id='word_1_382' title='bbox 763 3801 953 3872; x_wconf 85' lang='grc' dir='ltr'>χρόνος</span> <span class='ocrx_word' id='word_1_383' title='bbox 1001 3799 1402 3871; x_wconf 88' lang='grc' dir='ltr'>συνδραμεῖται,</span> <span class='ocrx_word' id='word_1_384' title='bbox 1439 3802 1532 3853; x_wconf 69' lang='grc' dir='ltr'>καὶ</span> <span class='ocrx_word' id='word_1_385' title='bbox 1565 3801 1790 3854; x_wconf 86' lang='grc' dir='ltr'>πλεῖστα</span> 
     </span>
    </p>
   </div>
   <div class='ocr_carea' id='block_1_56' title="bbox 209 3888 1792 3961">
    <p class='ocr_par' dir='ltr' id='par_1_56' title="bbox 209 3888 1792 3961">
     <span class='ocr_line' id='line_1_56' title="bbox 209 3888 1792 3961; baseline 0.001 -18"><span class='ocrx_word' id='word_1_386' title='bbox 209 3891 392 3943; x_wconf 80' lang='grc' dir='ltr'>ἄτοπα</span> <span class='ocrx_word' id='word_1_387' title='bbox 430 3890 731 3960; x_wconf 79' lang='grc' dir='ltr'>ἀπαντήσει</span> <span class='ocrx_word' id='word_1_388' title='bbox 755 3906 769 3921; x_wconf 78' lang='grc' dir='ltr'><strong><em>ο</em></strong></span> <span class='ocrx_word' id='word_1_389' title='bbox 815 3890 908 3945; x_wconf 88' lang='grc' dir='ltr'><strong>ἑάν</strong></span> <span class='ocrx_word' id='word_1_390' title='bbox 941 3906 1000 3942; x_wconf 89' lang='grc' dir='ltr'><strong>τε</strong></span> <span class='ocrx_word' id='word_1_391' title='bbox 1047 3889 1153 3961; x_wconf 78' lang='grc' dir='ltr'>γὰρ</span> <span class='ocrx_word' id='word_1_392' title='bbox 1201 3891 1310 3942; x_wconf 75' lang='grc' dir='ltr'>ἀπὸ</span> <span class='ocrx_word' id='word_1_393' title='bbox 1342 3888 1524 3961; x_wconf 81' lang='grc' dir='ltr'>Κύρου</span> <span class='ocrx_word' id='word_1_394' title='bbox 1562 3891 1657 3943; x_wconf 76' lang='grc' dir='ltr'>καὶ</span> <span class='ocrx_word' id='word_1_395' title='bbox 1691 3891 1792 3960; x_wconf 75' lang='grc' dir='ltr'>τῆς</span> 
     </span>
    </p>
   </div>
   <div class='ocr_carea' id='block_1_57' title="bbox 211 3977 1792 4053">
    <p class='ocr_par' dir='ltr' id='par_1_57' title="bbox 211 3977 1792 4053">
     <span class='ocr_line' id='line_1_57' title="bbox 211 3977 1792 4053; baseline 0.001 -21"><span class='ocrx_word' id='word_1_396' title='bbox 211 3977 440 4051; x_wconf 79' lang='grc' dir='ltr'>πρώτης</span> <span class='ocrx_word' id='word_1_397' title='bbox 496 3980 864 4051; x_wconf 81' lang='grc' dir='ltr'>καταπομπῆς</span> <span class='ocrx_word' id='word_1_398' title='bbox 916 3981 1015 4052; x_wconf 77' lang='grc' dir='ltr'>τὴν</span> <span class='ocrx_word' id='word_1_399' title='bbox 1067 3979 1239 4052; x_wconf 77' lang='grc' dir='ltr'>ἀρχὴν</span> <span class='ocrx_word' id='word_1_400' title='bbox 1295 3980 1646 4052; x_wconf 85' lang='grc' dir='ltr'>ποιησώμεθα</span> <span class='ocrx_word' id='word_1_401' title='bbox 1693 3983 1792 4053; x_wconf 71' lang='grc' dir='ltr'>τῆς</span> 
     </span>
    </p>
   </div>
   <div class='ocr_carea' id='block_1_58' title="bbox 210 4071 1790 4146">
    <p class='ocr_par' dir='ltr' id='par_1_58' title="bbox 210 4071 1790 4146">
     <span class='ocr_line' id='line_1_58' title="bbox 210 4071 1790 4146; baseline 0.003 -22"><span class='ocrx_word' id='word_1_402' title='bbox 210 4071 564 4142; x_wconf 83' lang='grc' dir='ltr'>ἀριθμήσεως</span> <span class='ocrx_word' id='word_1_403' title='bbox 610 4071 718 4124; x_wconf 78' lang='grc' dir='ltr'>τῶν</span> <span class='ocrx_word' id='word_1_404' title='bbox 753 4079 792 4125; x_wconf 89' lang='lat' dir='ltr'><strong>o&#39;</strong></span> <span class='ocrx_word' id='word_1_405' title='bbox 839 4072 1147 4143; x_wconf 86' lang='grc' dir='ltr'>ἑϐδομάδων</span> <span class='ocrx_word' id='word_1_406' title='bbox 1171 4113 1186 4136; x_wconf 94' lang='grc'><strong>,</strong></span> <span class='ocrx_word' id='word_1_407' title='bbox 1229 4072 1322 4144; x_wconf 81' lang='grc' dir='ltr'>ἔτη</span> <span class='ocrx_word' id='word_1_408' title='bbox 1363 4081 1406 4146; x_wconf 83' lang='grc' dir='ltr'>ρ’</span> <span class='ocrx_word' id='word_1_409' title='bbox 1443 4077 1535 4128; x_wconf 72' lang='grc' dir='ltr'><strong>καὶ</strong></span> <span class='ocrx_word' id='word_1_410' title='bbox 1569 4077 1790 4146; x_wconf 85' lang='grc' dir='ltr'>προσέτι</span> 
     </span>
    </p>
   </div>
   <div class='ocr_carea' id='block_1_59' title="bbox 214 4163 1792 4239">
    <p class='ocr_par' dir='ltr' id='par_1_59' title="bbox 214 4163 1792 4239">
     <span class='ocr_line' id='line_1_59' title="bbox 214 4163 1792 4239; baseline 0.003 -24"><span class='ocrx_word' id='word_1_411' title='bbox 214 4164 551 4234; x_wconf 77' lang='grc' dir='ltr'>περισσεύει,</span> <span class='ocrx_word' id='word_1_412' title='bbox 583 4163 780 4218; x_wconf 87' lang='grc' dir='ltr'>πλείων</span> <span class='ocrx_word' id='word_1_413' title='bbox 809 4165 864 4218; x_wconf 79' lang='grc' dir='ltr'>δὲ</span> <span class='ocrx_word' id='word_1_414' title='bbox 898 4167 1110 4236; x_wconf 84' lang='grc' dir='ltr'>χρόνος,</span> <span class='ocrx_word' id='word_1_415' title='bbox 1147 4169 1194 4220; x_wconf 88' lang='grc' dir='ltr'><strong>εί</strong></span> <span class='ocrx_word' id='word_1_416' title='bbox 1228 4169 1320 4238; x_wconf 72' lang='grc' dir='ltr'><strong>ἀφ’</strong></span> <span class='ocrx_word' id='word_1_417' title='bbox 1356 4164 1424 4238; x_wconf 82' lang='grc' dir='ltr'>ἦς</span> <span class='ocrx_word' id='word_1_418' title='bbox 1455 4167 1670 4238; x_wconf 81' lang='grc' dir='ltr'>ἡμέρας</span> <span class='ocrx_word' id='word_1_419' title='bbox 1715 4169 1792 4239; x_wconf 80' lang='grc' dir='ltr'>τῷ</span> 
     </span>
    </p>
   </div>
   <div class='ocr_carea' id='block_1_60' title="bbox 212 4255 1791 4328">
    <p class='ocr_par' dir='ltr' id='par_1_60' title="bbox 212 4255 1791 4328">
     <span class='ocr_line' id='line_1_60' title="bbox 212 4255 1791 4328; baseline 0.004 -21"><span class='ocrx_word' id='word_1_420' title='bbox 212 4255 414 4327; x_wconf 81' lang='grc' dir='ltr'>Δανιὴλ</span> <span class='ocrx_word' id='word_1_421' title='bbox 438 4258 466 4309; x_wconf 88' lang='grc' dir='ltr'>ὁ</span> <span class='ocrx_word' id='word_1_422' title='bbox 500 4257 724 4325; x_wconf 79' lang='grc' dir='ltr'>ἄγγελος</span> <span class='ocrx_word' id='word_1_423' title='bbox 747 4259 1170 4328; x_wconf 67' lang='grc' dir='ltr'>προεφήτευσεν,</span> <span class='ocrx_word' id='word_1_424' title='bbox 1197 4257 1374 4328; x_wconf 84' lang='grc' dir='ltr'>πολλῷ</span> <span class='ocrx_word' id='word_1_425' title='bbox 1399 4259 1453 4311; x_wconf 71' lang='grc' dir='ltr'>δὲ</span> <span class='ocrx_word' id='word_1_426' title='bbox 1489 4258 1708 4323; x_wconf 90' lang='grc' dir='ltr'>πλείων,</span> <span class='ocrx_word' id='word_1_427' title='bbox 1743 4261 1791 4313; x_wconf 84' lang='grc' dir='ltr'><strong>εί</strong></span> 
     </span>
    </p>
   </div>
   <div class='ocr_carea' id='block_1_61' title="bbox 213 4345 1791 4422">
    <p class='ocr_par' dir='ltr' id='par_1_61' title="bbox 213 4345 1791 4422">
     <span class='ocr_line' id='line_1_61' title="bbox 213 4345 1791 4422; baseline 0.003 -25"><span class='ocrx_word' id='word_1_428' title='bbox 213 4345 311 4398; x_wconf 80' lang='grc' dir='ltr'>ἀπ’</span> <span class='ocrx_word' id='word_1_429' title='bbox 350 4345 526 4416; x_wconf 78' lang='grc' dir='ltr'>ἀρχῆς</span> <span class='ocrx_word' id='word_1_430' title='bbox 578 4347 675 4417; x_wconf 78' lang='grc' dir='ltr'>τῆς</span> <span class='ocrx_word' id='word_1_431' title='bbox 723 4347 1124 4418; x_wconf 81' lang='grc' dir='ltr'>αἰχμαλωσίας·</span> <span class='ocrx_word' id='word_1_432' title='bbox 1162 4349 1485 4420; x_wconf 73' lang='grc' dir='ltr'>εὑρίσκομεν</span> <span class='ocrx_word' id='word_1_433' title='bbox 1541 4349 1646 4422; x_wconf 78' lang='grc' dir='ltr'><strong>γὰρ</strong></span> <span class='ocrx_word' id='word_1_434' title='bbox 1694 4350 1791 4420; x_wconf 75' lang='grc' dir='ltr'>τὴν</span> 
     </span>
    </p>
   </div>
   <div class='ocr_carea' id='block_1_62' title="bbox 213 4438 1790 4514">
    <p class='ocr_par' dir='ltr' id='par_1_62' title="bbox 213 4438 1790 4514">
     <span class='ocr_line' id='line_1_62' title="bbox 213 4438 1790 4514; baseline 0.001 -24"><span class='ocrx_word' id='word_1_435' title='bbox 213 4438 442 4508; x_wconf 80' lang='grc' dir='ltr'>Περσῶν</span> <span class='ocrx_word' id='word_1_436' title='bbox 471 4439 741 4508; x_wconf 86' lang='grc' dir='ltr'>βασιλείαν</span> <span class='ocrx_word' id='word_1_437' title='bbox 764 4440 937 4493; x_wconf 72' lang='grc' dir='ltr'>ἔτεσιν</span> <span class='ocrx_word' id='word_1_438' title='bbox 969 4439 1043 4493; x_wconf 80' lang='grc' dir='ltr'>σλ¹</span> <span class='ocrx_word' id='word_1_439' title='bbox 1079 4441 1580 4514; x_wconf 80' lang='grc' dir='ltr'>περιγραφομένην,</span> <span class='ocrx_word' id='word_1_440' title='bbox 1611 4441 1710 4512; x_wconf 76' lang='grc' dir='ltr'>τήν</span> <span class='ocrx_word' id='word_1_441' title='bbox 1731 4457 1790 4492; x_wconf 87' lang='grc' dir='ltr'><strong>τε</strong></span> 
     </span>
    </p>
   </div>
   <div class='ocr_carea' id='block_1_63' title="bbox 215 4527 1790 4600">
    <p class='ocr_par' dir='ltr' id='par_1_63' title="bbox 215 4527 1790 4600">
     <span class='ocr_line' id='line_1_63' title="bbox 215 4527 1790 4600; baseline 0 -18"><span class='ocrx_word' id='word_1_442' title='bbox 215 4527 540 4582; x_wconf 82' lang='grc' dir='ltr'>Μακεδόνων</span> <span class='ocrx_word' id='word_1_443' title='bbox 567 4531 645 4590; x_wconf 86' lang='grc' dir='ltr'><strong>είς</strong></span> <span class='ocrx_word' id='word_1_444' title='bbox 681 4528 776 4600; x_wconf 80' lang='grc' dir='ltr'>ἔτη</span> <span class='ocrx_word' id='word_1_445' title='bbox 806 4527 848 4580; x_wconf 86' lang='grc' dir='ltr'>τ’</span> <span class='ocrx_word' id='word_1_446' title='bbox 878 4529 1302 4600; x_wconf 83' lang='grc' dir='ltr'>παρατείνασαν,</span> <span class='ocrx_word' id='word_1_447' title='bbox 1332 4530 1585 4584; x_wconf 77' lang='grc' dir='ltr'>κάκεῖθεν</span> <span class='ocrx_word' id='word_1_448' title='bbox 1613 4532 1702 4583; x_wconf 70' lang='grc' dir='ltr'><strong>ἐπὶ</strong></span> <span class='ocrx_word' id='word_1_449' title='bbox 1729 4529 1790 4582; x_wconf 75' lang='grc' dir='ltr'>τὸ</span> 
     </span>
    </p>
   </div>
   <div class='ocr_carea' id='block_1_64' title="bbox 1890 2033 3471 2102">
    <p class='ocr_par' dir='ltr' id='par_1_64' title="bbox 1890 2033 3471 2102">
     <span class='ocr_line' id='line_1_64' title="bbox 1890 2033 3471 2102; baseline 0.003 -18"><span class='ocrx_word' id='word_1_450' title='bbox 1890 2033 2173 2101; x_wconf 88' lang='lat' dir='ltr'><strong>pincerna,</strong></span> <span class='ocrx_word' id='word_1_451' title='bbox 2203 2041 2457 2102; x_wconf 89' lang='lat' dir='ltr'><strong>precatus</strong></span> <span class='ocrx_word' id='word_1_452' title='bbox 2485 2047 2808 2100; x_wconf 85' lang='lat' dir='ltr'><strong>responsum</strong></span> <span class='ocrx_word' id='word_1_453' title='bbox 2840 2035 3050 2102; x_wconf 87' lang='lat' dir='ltr'><strong>accepit</strong></span> <span class='ocrx_word' id='word_1_454' title='bbox 3083 2041 3141 2086; x_wconf 92' lang='lat' dir='ltr'><strong>ut</strong></span> <span class='ocrx_word' id='word_1_455' title='bbox 3169 2034 3471 2090; x_wconf 73' lang='lat' dir='ltr'><strong>zedilicare-</strong></span> 
     </span>
    </p>
   </div>
   <div class='ocr_carea' id='block_1_65' title="bbox 1890 2124 3468 2194">
    <p class='ocr_par' dir='ltr' id='par_1_65' title="bbox 1890 2124 3468 2194">
     <span class='ocr_line' id='line_1_65' title="bbox 1890 2124 3468 2194; baseline 0.002 -16"><span class='ocrx_word' id='word_1_456' title='bbox 1890 2134 1980 2178; x_wconf 91' lang='lat' dir='ltr'><strong>tur</strong></span> <span class='ocrx_word' id='word_1_457' title='bbox 2025 2124 2350 2190; x_wconf 83' lang='lat' dir='ltr'><strong>Jerusalem,</strong></span> <span class='ocrx_word' id='word_1_458' title='bbox 2405 2134 2458 2179; x_wconf 89' lang='lat' dir='ltr'><strong>et</strong></span> <span class='ocrx_word' id='word_1_459' title='bbox 2499 2125 2665 2179; x_wconf 81' lang='lat' dir='ltr'><strong>exivit</strong></span> <span class='ocrx_word' id='word_1_460' title='bbox 2716 2139 2898 2178; x_wconf 85' lang='lat' dir='ltr'><strong>sermo</strong></span> <span class='ocrx_word' id='word_1_461' title='bbox 2936 2124 3048 2178; x_wconf 68' lang='grc' dir='ltr'><strong>ιιωο</strong></span> <span class='ocrx_word' id='word_1_462' title='bbox 3107 2125 3468 2194; x_wconf 57' lang='lat' dir='ltr'><strong>praecipiens;</strong></span> 
     </span>
    </p>
   </div>
   <div class='ocr_carea' id='block_1_66' title="bbox 1889 2218 3464 2288">
    <p class='ocr_par' dir='ltr' id='par_1_66' title="bbox 1889 2218 3464 2288">
     <span class='ocr_line' id='line_1_66' title="bbox 1889 2218 3464 2288; baseline 0.002 -15"><span class='ocrx_word' id='word_1_463' title='bbox 1889 2219 2090 2273; x_wconf 71' lang='lat' dir='ltr'><strong>etenim</strong></span> <span class='ocrx_word' id='word_1_464' title='bbox 2126 2235 2298 2288; x_wconf 91' lang='lat' dir='ltr'><strong>usque</strong></span> <span class='ocrx_word' id='word_1_465' title='bbox 2326 2219 2391 2271; x_wconf 89' lang='lat' dir='ltr'><strong>ad</strong></span> <span class='ocrx_word' id='word_1_466' title='bbox 2429 2218 2532 2273; x_wconf 89' lang='lat' dir='ltr'><strong>hoc</strong></span> <span class='ocrx_word' id='word_1_467' title='bbox 2567 2219 2828 2287; x_wconf 87' lang='lat' dir='ltr'><strong>temporis</strong></span> <span class='ocrx_word' id='word_1_468' title='bbox 2856 2219 2989 2273; x_wconf 89' lang='lat' dir='ltr'><strong>urbs</strong></span> <span class='ocrx_word' id='word_1_469' title='bbox 3023 2220 3238 2273; x_wconf 86' lang='lat' dir='ltr'><strong>deserta</strong></span> <span class='ocrx_word' id='word_1_470' title='bbox 3267 2219 3464 2276; x_wconf 79' lang='lat' dir='ltr'><strong>fuerat.</strong></span> 
     </span>
    </p>
   </div>
   <div class='ocr_carea' id='block_1_67' title="bbox 1889 2311 3467 2383">
    <p class='ocr_par' dir='ltr' id='par_1_67' title="bbox 1889 2311 3467 2383">
     <span class='ocr_line' id='line_1_67' title="bbox 1889 2311 3467 2383; baseline 0.001 -18"><span class='ocrx_word' id='word_1_471' title='bbox 1889 2311 2033 2381; x_wconf 74' lang='lat' dir='ltr'><strong>Cyro</strong></span> <span class='ocrx_word' id='word_1_472' title='bbox 2061 2319 2182 2381; x_wconf 85' lang='lat' dir='ltr'><strong>post</strong></span> <span class='ocrx_word' id='word_1_473' title='bbox 2223 2312 2567 2381; x_wconf 79' lang='lat' dir='ltr'><strong>septuaginta</strong></span> <span class='ocrx_word' id='word_1_474' title='bbox 2612 2311 2942 2380; x_wconf 88' lang='lat' dir='ltr'><strong>captivitatis</strong></span> <span class='ocrx_word' id='word_1_475' title='bbox 2987 2327 3162 2366; x_wconf 88' lang='lat' dir='ltr'><strong>annos</strong></span> <span class='ocrx_word' id='word_1_476' title='bbox 3191 2313 3467 2383; x_wconf 86' lang='lat' dir='ltr'><strong>quoslibet</strong></span> 
     </span>
    </p>
   </div>
   <div class='ocr_carea' id='block_1_68' title="bbox 1890 2401 3468 2473">
    <p class='ocr_par' dir='ltr' id='par_1_68' title="bbox 1890 2401 3468 2473">
     <span class='ocr_line' id='line_1_68' title="bbox 1890 2401 3468 2473; baseline 0.002 -16"><span class='ocrx_word' id='word_1_477' title='bbox 1890 2413 2086 2473; x_wconf 79' lang='lat' dir='ltr'><strong>sponte</strong></span> <span class='ocrx_word' id='word_1_478' title='bbox 2119 2405 2454 2466; x_wconf 85' lang='lat' dir='ltr'><strong>remittente,</strong></span> <span class='ocrx_word' id='word_1_479' title='bbox 2491 2403 2581 2456; x_wconf 89' lang='lat' dir='ltr'><strong>alii</strong></span> <span class='ocrx_word' id='word_1_480' title='bbox 2613 2419 2737 2456; x_wconf 92' lang='lat' dir='ltr'><strong>cum</strong></span> <span class='ocrx_word' id='word_1_481' title='bbox 2771 2401 2900 2457; x_wconf 89' lang='lat' dir='ltr'><strong>Jesu</strong></span> <span class='ocrx_word' id='word_1_482' title='bbox 2935 2419 3151 2457; x_wconf 90' lang='lat' dir='ltr'><strong>summo</strong></span> <span class='ocrx_word' id='word_1_483' title='bbox 3181 2405 3468 2460; x_wconf 84' lang='lat' dir='ltr'><strong>sacerdote</strong></span> 
     </span>
    </p>
   </div>
   <div class='ocr_carea' id='block_1_69' title="bbox 1889 2493 3468 2564">
    <p class='ocr_par' dir='ltr' id='par_1_69' title="bbox 1889 2493 3468 2564">
     <span class='ocr_line' id='line_1_69' title="bbox 1889 2493 3468 2564; baseline 0 -16"><span class='ocrx_word' id='word_1_484' title='bbox 1889 2503 1942 2548; x_wconf 88' lang='lat' dir='ltr'><strong>et</strong></span> <span class='ocrx_word' id='word_1_485' title='bbox 1969 2493 2268 2548; x_wconf 84' lang='lat' dir='ltr'><strong>Zorobabel</strong></span> <span class='ocrx_word' id='word_1_486' title='bbox 2299 2495 2552 2564; x_wconf 78' lang='lat' dir='ltr'><strong>profecti,</strong></span> <span class='ocrx_word' id='word_1_487' title='bbox 2583 2495 2673 2548; x_wconf 87' lang='lat' dir='ltr'><strong>alii</strong></span> <span class='ocrx_word' id='word_1_488' title='bbox 2701 2493 2899 2549; x_wconf 89' lang='lat' dir='ltr'><strong>deinde</strong></span> <span class='ocrx_word' id='word_1_489' title='bbox 2935 2512 3058 2548; x_wconf 88' lang='lat' dir='ltr'><strong>cum</strong></span> <span class='ocrx_word' id='word_1_490' title='bbox 3100 2495 3292 2562; x_wconf 86' lang='lat' dir='ltr'><strong>Esdra,</strong></span> <span class='ocrx_word' id='word_1_491' title='bbox 3330 2503 3468 2550; x_wconf 91' lang='lat' dir='ltr'><strong>tem-</strong></span> 
     </span>
    </p>
   </div>
   <div class='ocr_carea' id='block_1_70' title="bbox 1889 2586 3467 2659">
    <p class='ocr_par' dir='ltr' id='par_1_70' title="bbox 1889 2586 3467 2659">
     <span class='ocr_line' id='line_1_70' title="bbox 1889 2586 3467 2659; baseline 0.001 -19"><span class='ocrx_word' id='word_1_492' title='bbox 1889 2589 2037 2659; x_wconf 89' lang='lat' dir='ltr'><strong>plum</strong></span> <span class='ocrx_word' id='word_1_493' title='bbox 2090 2589 2386 2658; x_wconf 82' lang='lat' dir='ltr'><strong>quominus</strong></span> <span class='ocrx_word' id='word_1_494' title='bbox 2435 2586 2788 2649; x_wconf 78' lang='lat' dir='ltr'><strong>:ediiicarent,</strong></span> <span class='ocrx_word' id='word_1_495' title='bbox 2837 2587 3221 2657; x_wconf 76' lang='lat' dir='ltr'><strong>intx-nibusque</strong></span> <span class='ocrx_word' id='word_1_496' title='bbox 3277 2589 3467 2642; x_wconf 86' lang='lat' dir='ltr'><strong>urbem</strong></span> 
     </span>
    </p>
   </div>
   <div class='ocr_carea' id='block_1_71' title="bbox 1888 2679 3466 2752">
    <p class='ocr_par' dir='ltr' id='par_1_71' title="bbox 1888 2679 3466 2752">
     <span class='ocr_line' id='line_1_71' title="bbox 1888 2679 3466 2752; baseline -0.001 -17"><span class='ocrx_word' id='word_1_497' title='bbox 1888 2682 2192 2752; x_wconf 86' lang='lat' dir='ltr'><strong>cingerent,</strong></span> <span class='ocrx_word' id='word_1_498' title='bbox 2248 2681 2424 2748; x_wconf 90' lang='lat' dir='ltr'><strong>primo</strong></span> <span class='ocrx_word' id='word_1_499' title='bbox 2477 2680 2940 2750; x_wconf 75' lang='lat' dir='ltr'><strong>impediebantur,</strong></span> <span class='ocrx_word' id='word_1_500' title='bbox 2993 2679 3151 2749; x_wconf 87' lang='lat' dir='ltr'><strong>quasi</strong></span> <span class='ocrx_word' id='word_1_501' title='bbox 3208 2679 3314 2734; x_wconf 89' lang='lat' dir='ltr'><strong>hoc</strong></span> <span class='ocrx_word' id='word_1_502' title='bbox 3357 2695 3466 2734; x_wconf 92' lang='lat' dir='ltr'><strong>non</strong></span> 
     </span>
    </p>
   </div>
   <div class='ocr_carea' id='block_1_72' title="bbox 1888 2768 3469 2842">
    <p class='ocr_par' dir='ltr' id='par_1_72' title="bbox 1888 2768 3469 2842">
     <span class='ocr_line' id='line_1_72' title="bbox 1888 2768 3469 2842; baseline -0.001 -15"><span class='ocrx_word' id='word_1_503' title='bbox 1888 2774 2177 2842; x_wconf 78' lang='lat' dir='ltr'><strong>imperato.</strong></span> <span class='ocrx_word' id='word_1_504' title='bbox 2215 2771 2603 2841; x_wconf 84' lang='lat' dir='ltr'><strong>Exspectatmn</strong></span> <span class='ocrx_word' id='word_1_505' title='bbox 2659 2783 2743 2825; x_wconf 93' lang='lat' dir='ltr'><strong>est</strong></span> <span class='ocrx_word' id='word_1_506' title='bbox 2780 2771 2944 2842; x_wconf 78' lang='lat' dir='ltr'><strong>igitur</strong></span> <span class='ocrx_word' id='word_1_507' title='bbox 2974 2786 3148 2841; x_wconf 90' lang='lat' dir='ltr'><strong>usque</strong></span> <span class='ocrx_word' id='word_1_508' title='bbox 3176 2771 3244 2824; x_wconf 87' lang='lat' dir='ltr'><strong>ad</strong></span> <span class='ocrx_word' id='word_1_509' title='bbox 3292 2768 3469 2826; x_wconf 87' lang='lat' dir='ltr'><strong>Nehe-</strong></span> 
     </span>
    </p>
   </div>
   <div class='ocr_carea' id='block_1_73' title="bbox 1889 2859 3472 2933">
    <p class='ocr_par' dir='ltr' id='par_1_73' title="bbox 1889 2859 3472 2933">
     <span class='ocr_line' id='line_1_73' title="bbox 1889 2859 3472 2933; baseline -0.001 -17"><span class='ocrx_word' id='word_1_510' title='bbox 1889 2865 2075 2927; x_wconf 80' lang='lat' dir='ltr'><strong>iniam,</strong></span> <span class='ocrx_word' id='word_1_511' title='bbox 2099 2863 2521 2933; x_wconf 82' lang='lat' dir='ltr'><strong>Artaxerxisque</strong></span> <span class='ocrx_word' id='word_1_512' title='bbox 2550 2862 2698 2931; x_wconf 86' lang='lat' dir='ltr'><strong>regni</strong></span> <span class='ocrx_word' id='word_1_513' title='bbox 2735 2861 3053 2916; x_wconf 85' lang='lat' dir='ltr'><strong>vicesimum</strong></span> <span class='ocrx_word' id='word_1_514' title='bbox 3083 2876 3305 2925; x_wconf 90' lang='lat' dir='ltr'><strong>annum,</strong></span> <span class='ocrx_word' id='word_1_515' title='bbox 3340 2859 3472 2916; x_wconf 84' lang='lat' dir='ltr'><strong>Per-</strong></span> 
     </span>
    </p>
   </div>
   <div class='ocr_carea' id='block_1_74' title="bbox 1888 2952 3468 3024">
    <p class='ocr_par' dir='ltr' id='par_1_74' title="bbox 1888 2952 3468 3024">
     <span class='ocr_line' id='line_1_74' title="bbox 1888 2952 3468 3024; baseline -0.001 -14"><span class='ocrx_word' id='word_1_516' title='bbox 1888 2971 2072 3010; x_wconf 84' lang='lat' dir='ltr'><strong>sarum</strong></span> <span class='ocrx_word' id='word_1_517' title='bbox 2095 2963 2276 3009; x_wconf 88' lang='lat' dir='ltr'><strong>autem</strong></span> <span class='ocrx_word' id='word_1_518' title='bbox 2307 2955 2515 3024; x_wconf 89' lang='lat' dir='ltr'><strong>imperii</strong></span> <span class='ocrx_word' id='word_1_519' title='bbox 2547 2954 2796 3024; x_wconf 89' lang='lat' dir='ltr'><strong>quintum</strong></span> <span class='ocrx_word' id='word_1_520' title='bbox 2836 2953 3106 3007; x_wconf 84' lang='lat' dir='ltr'><strong>decimum</strong></span> <span class='ocrx_word' id='word_1_521' title='bbox 3148 2960 3201 3007; x_wconf 93' lang='lat' dir='ltr'><strong>et</strong></span> <span class='ocrx_word' id='word_1_522' title='bbox 3231 2952 3468 3008; x_wconf 80' lang='lat' dir='ltr'><strong>centesi-</strong></span> 
     </span>
    </p>
   </div>
   <div class='ocr_carea' id='block_1_75' title="bbox 1889 3043 3468 3116">
    <p class='ocr_par' dir='ltr' id='par_1_75' title="bbox 1889 3043 3468 3116">
     <span class='ocr_line' id='line_1_75' title="bbox 1889 3043 3468 3116; baseline 0 -17"><span class='ocrx_word' id='word_1_523' title='bbox 1889 3062 2060 3111; x_wconf 89' lang='lat' dir='ltr'><strong>mum,</strong></span> <span class='ocrx_word' id='word_1_524' title='bbox 2090 3061 2299 3100; x_wconf 66' lang='lat' dir='ltr'><strong>ccxxxv</strong></span> <span class='ocrx_word' id='word_1_525' title='bbox 2329 3046 2396 3099; x_wconf 89' lang='lat' dir='ltr'><strong>ab</strong></span> <span class='ocrx_word' id='word_1_526' title='bbox 2424 3054 2733 3116; x_wconf 82' lang='lat' dir='ltr'><strong>oppugnata</strong></span> <span class='ocrx_word' id='word_1_527' title='bbox 2764 3043 3065 3099; x_wconf 81' lang='lat' dir='ltr'><strong>Jerusalem</strong></span> <span class='ocrx_word' id='word_1_528' title='bbox 3106 3045 3286 3100; x_wconf 89' lang='lat' dir='ltr'><strong>annis.</strong></span> <span class='ocrx_word' id='word_1_529' title='bbox 3314 3043 3468 3099; x_wconf 87' lang='lat' dir='ltr'><strong>Tunc</strong></span> 
     </span>
    </p>
   </div>
   <div class='ocr_carea' id='block_1_76' title="bbox 1891 3135 3474 3206">
    <p class='ocr_par' dir='ltr' id='par_1_76' title="bbox 1891 3135 3474 3206">
     <span class='ocr_line' id='line_1_76' title="bbox 1891 3135 3474 3206; baseline 0.001 -16"><span class='ocrx_word' id='word_1_530' title='bbox 1891 3153 1982 3190; x_wconf 86' lang='lat' dir='ltr'><strong>rex</strong></span> <span class='ocrx_word' id='word_1_531' title='bbox 2003 3135 2332 3190; x_wconf 75' lang='lat' dir='ltr'><strong>Artaxerxes</strong></span> <span class='ocrx_word' id='word_1_532' title='bbox 2357 3136 2542 3192; x_wconf 88' lang='lat' dir='ltr'><strong>urbem</strong></span> <span class='ocrx_word' id='word_1_533' title='bbox 2565 3135 2818 3190; x_wconf 63' lang='lat' dir='ltr'><strong>mdilicari</strong></span> <span class='ocrx_word' id='word_1_534' title='bbox 2833 3135 3020 3206; x_wconf 89' lang='lat' dir='ltr'><strong>jussit,</strong></span> <span class='ocrx_word' id='word_1_535' title='bbox 3042 3136 3352 3206; x_wconf 85' lang='lat' dir='ltr'><strong>missusque</strong></span> <span class='ocrx_word' id='word_1_536' title='bbox 3374 3135 3474 3192; x_wconf 77' lang='lat' dir='ltr'><strong>Ne-</strong></span> 
     </span>
    </p>
   </div>
   <div class='ocr_carea' id='block_1_77' title="bbox 1889 3228 3471 3299">
    <p class='ocr_par' dir='ltr' id='par_1_77' title="bbox 1889 3228 3471 3299">
     <span class='ocr_line' id='line_1_77' title="bbox 1889 3228 3471 3299; baseline -0.001 -17"><span class='ocrx_word' id='word_1_537' title='bbox 1889 3228 2097 3283; x_wconf 88' lang='lat' dir='ltr'><strong>hemias</strong></span> <span class='ocrx_word' id='word_1_538' title='bbox 2135 3229 2228 3298; x_wconf 90' lang='lat' dir='ltr'><strong>qui</strong></span> <span class='ocrx_word' id='word_1_539' title='bbox 2277 3228 2427 3298; x_wconf 89' lang='lat' dir='ltr'><strong>operi</strong></span> <span class='ocrx_word' id='word_1_540' title='bbox 2460 3236 2754 3299; x_wconf 65' lang='lat' dir='ltr'><strong>praeesset;</strong></span> <span class='ocrx_word' id='word_1_541' title='bbox 2789 3229 2913 3283; x_wconf 84' lang='lat' dir='ltr'><strong>ideo</strong></span> <span class='ocrx_word' id='word_1_542' title='bbox 2941 3229 3203 3284; x_wconf 77' lang='lat' dir='ltr'><strong>aediﬁcata</strong></span> <span class='ocrx_word' id='word_1_543' title='bbox 3238 3237 3321 3284; x_wconf 85' lang='lat' dir='ltr'><strong>est</strong></span> <span class='ocrx_word' id='word_1_544' title='bbox 3350 3229 3471 3298; x_wconf 88' lang='lat' dir='ltr'><strong>pla-</strong></span> 
     </span>
    </p>
   </div>
   <div class='ocr_carea' id='block_1_78' title="bbox 1889 3318 3465 3389">
    <p class='ocr_par' dir='ltr' id='par_1_78' title="bbox 1889 3318 3465 3389">
     <span class='ocr_line' id='line_1_78' title="bbox 1889 3318 3465 3389; baseline 0 -15"><span class='ocrx_word' id='word_1_545' title='bbox 1889 3331 1994 3384; x_wconf 90' lang='lat' dir='ltr'><strong>tea,</strong></span> <span class='ocrx_word' id='word_1_546' title='bbox 2030 3321 2340 3389; x_wconf 67' lang='lat' dir='ltr'><strong>mwniaque</strong></span> <span class='ocrx_word' id='word_1_547' title='bbox 2369 3324 2577 3373; x_wconf 88' lang='lat' dir='ltr'><strong>circum</strong></span> <span class='ocrx_word' id='word_1_548' title='bbox 2625 3318 2820 3372; x_wconf 88' lang='lat' dir='ltr'><strong>educta</strong></span> <span class='ocrx_word' id='word_1_549' title='bbox 2853 3329 3002 3383; x_wconf 91' lang='lat' dir='ltr'><strong>sunt,</strong></span> <span class='ocrx_word' id='word_1_550' title='bbox 3032 3319 3190 3388; x_wconf 83' lang='lat' dir='ltr'><strong>juxta</strong></span> <span class='ocrx_word' id='word_1_551' title='bbox 3229 3319 3465 3389; x_wconf 86' lang='lat' dir='ltr'><strong>prophe-</strong></span> 
     </span>
    </p>
   </div>
   <div class='ocr_carea' id='block_1_79' title="bbox 1891 3403 3470 3474">
    <p class='ocr_par' dir='ltr' id='par_1_79' title="bbox 1891 3403 3470 3474">
     <span class='ocr_line' id='line_1_79' title="bbox 1891 3403 3470 3474; baseline 0.004 -18"><span class='ocrx_word' id='word_1_552' title='bbox 1891 3404 2019 3456; x_wconf 91' lang='lat' dir='ltr'><strong>tiam</strong></span> <span class='ocrx_word' id='word_1_553' title='bbox 2050 3422 2063 3458; x_wconf 89' lang='lat'><strong>:</strong></span> <span class='ocrx_word' id='word_1_554' title='bbox 2094 3420 2161 3458; x_wconf 86' lang='lat' dir='ltr'><strong>ex</strong></span> <span class='ocrx_word' id='word_1_555' title='bbox 2204 3421 2314 3474; x_wconf 90' lang='lat' dir='ltr'><strong>quo</strong></span> <span class='ocrx_word' id='word_1_556' title='bbox 2353 3405 2511 3460; x_wconf 88' lang='lat' dir='ltr'><strong>nobis</strong></span> <span class='ocrx_word' id='word_1_557' title='bbox 2554 3403 2621 3458; x_wconf 87' lang='lat' dir='ltr'><strong>ad</strong></span> <span class='ocrx_word' id='word_1_558' title='bbox 2650 3403 2928 3459; x_wconf 87' lang='lat' dir='ltr'><strong>Christum</strong></span> <span class='ocrx_word' id='word_1_559' title='bbox 2969 3421 3074 3459; x_wconf 77' lang='lat' dir='ltr'><strong>Lxx</strong></span> <span class='ocrx_word' id='word_1_560' title='bbox 3103 3403 3470 3462; x_wconf 73' lang='lat' dir='ltr'><strong>hebdomadas</strong></span> 
     </span>
    </p>
   </div>
   <div class='ocr_carea' id='block_1_80' title="bbox 1891 3495 2424 3550">
    <p class='ocr_par' dir='ltr' id='par_1_80' title="bbox 1891 3495 2424 3550">
     <span class='ocr_line' id='line_1_80' title="bbox 1891 3495 2424 3550; baseline 0.006 -2"><span class='ocrx_word' id='word_1_561' title='bbox 1891 3506 2019 3549; x_wconf 89' lang='lat' dir='ltr'><strong>sunt</strong></span> <span class='ocrx_word' id='word_1_562' title='bbox 2052 3495 2424 3550; x_wconf 71' lang='lat' dir='ltr'><strong>numerandw.</strong></span> 
     </span>
    </p>
   </div>
   <div class='ocr_carea' id='block_1_81' title="bbox 1965 3693 3468 3768">
    <p class='ocr_par' dir='ltr' id='par_1_81' title="bbox 1965 3693 3468 3768">
     <span class='ocr_line' id='line_1_81' title="bbox 1965 3693 3468 3768; baseline 0.004 -19"><span class='ocrx_word' id='word_1_563' title='bbox 1965 3693 2022 3750; x_wconf 91' lang='lat' dir='ltr'><strong>Si</strong></span> <span class='ocrx_word' id='word_1_564' title='bbox 2052 3695 2196 3750; x_wconf 89' lang='lat' dir='ltr'><strong>enim</strong></span> <span class='ocrx_word' id='word_1_565' title='bbox 2231 3696 2386 3750; x_wconf 89' lang='lat' dir='ltr'><strong>aliter</strong></span> <span class='ocrx_word' id='word_1_566' title='bbox 2435 3712 2724 3752; x_wconf 81' lang='lat' dir='ltr'><strong>numerare</strong></span> <span class='ocrx_word' id='word_1_567' title='bbox 2769 3699 3156 3768; x_wconf 87' lang='lat' dir='ltr'><strong>inceperimus,</strong></span> <span class='ocrx_word' id='word_1_568' title='bbox 3189 3713 3291 3754; x_wconf 91' lang='lat' dir='ltr'><strong>nec</strong></span> <span class='ocrx_word' id='word_1_569' title='bbox 3325 3707 3468 3755; x_wconf 89' lang='lat' dir='ltr'><strong>tem-</strong></span> 
     </span>
    </p>
   </div>
   <div class='ocr_carea' id='block_1_82' title="bbox 1893 3789 3466 3859">
    <p class='ocr_par' dir='ltr' id='par_1_82' title="bbox 1893 3789 3466 3859">
     <span class='ocr_line' id='line_1_82' title="bbox 1893 3789 3466 3859; baseline 0.005 -20"><span class='ocrx_word' id='word_1_570' title='bbox 1893 3803 1995 3857; x_wconf 90' lang='lat' dir='ltr'><strong>pus</strong></span> <span class='ocrx_word' id='word_1_571' title='bbox 2049 3789 2333 3858; x_wconf 80' lang='lat' dir='ltr'><strong>congruit,</strong></span> <span class='ocrx_word' id='word_1_572' title='bbox 2396 3789 2659 3858; x_wconf 84' lang='lat' dir='ltr'><strong>pluraque</strong></span> <span class='ocrx_word' id='word_1_573' title='bbox 2708 3790 3088 3859; x_wconf 80' lang='lat' dir='ltr'><strong>intempestive</strong></span> <span class='ocrx_word' id='word_1_574' title='bbox 3143 3799 3466 3848; x_wconf 87' lang='lat' dir='ltr'><strong>occurrunt.</strong></span> 
     </span>
    </p>
   </div>
   <div class='ocr_carea' id='block_1_83' title="bbox 1891 3878 3470 3950">
    <p class='ocr_par' dir='ltr' id='par_1_83' title="bbox 1891 3878 3470 3950">
     <span class='ocr_line' id='line_1_83' title="bbox 1891 3878 3470 3950; baseline 0.003 -18"><span class='ocrx_word' id='word_1_575' title='bbox 1891 3878 2025 3932; x_wconf 83' lang='lat' dir='ltr'><strong>Nam</strong></span> <span class='ocrx_word' id='word_1_576' title='bbox 2057 3882 2104 3935; x_wconf 88' lang='lat' dir='ltr'><strong>si</strong></span> <span class='ocrx_word' id='word_1_577' title='bbox 2129 3893 2158 3932; x_wconf 87' lang='lat' dir='ltr'><strong>a</strong></span> <span class='ocrx_word' id='word_1_578' title='bbox 2189 3879 2331 3950; x_wconf 74' lang='lat' dir='ltr'><strong>Cyro</strong></span> <span class='ocrx_word' id='word_1_579' title='bbox 2357 3880 2639 3950; x_wconf 87' lang='lat' dir='ltr'><strong>primaque</strong></span> <span class='ocrx_word' id='word_1_580' title='bbox 2675 3879 2997 3934; x_wconf 89' lang='lat' dir='ltr'><strong>dimissione</strong></span> <span class='ocrx_word' id='word_1_581' title='bbox 3037 3895 3144 3935; x_wconf 81' lang='lat' dir='ltr'><strong>Lxx</strong></span> <span class='ocrx_word' id='word_1_582' title='bbox 3176 3881 3470 3936; x_wconf 85' lang='lat' dir='ltr'><strong>hebdoma-</strong></span> 
     </span>
    </p>
   </div>
   <div class='ocr_carea' id='block_1_84' title="bbox 1893 3971 3465 4042">
    <p class='ocr_par' dir='ltr' id='par_1_84' title="bbox 1893 3971 3465 4042">
     <span class='ocr_line' id='line_1_84' title="bbox 1893 3971 3465 4042; baseline 0.001 -16"><span class='ocrx_word' id='word_1_583' title='bbox 1893 3973 2023 4026; x_wconf 90' lang='lat' dir='ltr'><strong>dum</strong></span> <span class='ocrx_word' id='word_1_584' title='bbox 2084 3987 2371 4025; x_wconf 80' lang='lat' dir='ltr'><strong>numerum</strong></span> <span class='ocrx_word' id='word_1_585' title='bbox 2437 3980 2737 4042; x_wconf 87' lang='lat' dir='ltr'><strong>supputare</strong></span> <span class='ocrx_word' id='word_1_586' title='bbox 2778 3971 3188 4042; x_wconf 83' lang='lat' dir='ltr'><strong>inciperemus,</strong></span> <span class='ocrx_word' id='word_1_587' title='bbox 3245 3983 3465 4029; x_wconf 86' lang='lat' dir='ltr'><strong>centum</strong></span> 
     </span>
    </p>
   </div>
   <div class='ocr_carea' id='block_1_85' title="bbox 1893 4063 3468 4136">
    <p class='ocr_par' dir='ltr' id='par_1_85' title="bbox 1893 4063 3468 4136">
     <span class='ocr_line' id='line_1_85' title="bbox 1893 4063 3468 4136; baseline 0.003 -19"><span class='ocrx_word' id='word_1_588' title='bbox 1893 4064 2025 4118; x_wconf 90' lang='lat' dir='ltr'><strong>anni</strong></span> <span class='ocrx_word' id='word_1_589' title='bbox 2071 4071 2389 4133; x_wconf 83' lang='lat' dir='ltr'><strong>supersunt,</strong></span> <span class='ocrx_word' id='word_1_590' title='bbox 2434 4063 2730 4134; x_wconf 89' lang='lat' dir='ltr'><strong>pluresque</strong></span> <span class='ocrx_word' id='word_1_591' title='bbox 2780 4065 2826 4119; x_wconf 93' lang='lat' dir='ltr'><strong>si</strong></span> <span class='ocrx_word' id='word_1_592' title='bbox 2859 4063 2926 4118; x_wconf 92' lang='lat' dir='ltr'><strong>ab</strong></span> <span class='ocrx_word' id='word_1_593' title='bbox 2958 4065 3050 4118; x_wconf 91' lang='lat' dir='ltr'><strong>illa</strong></span> <span class='ocrx_word' id='word_1_594' title='bbox 3087 4065 3175 4120; x_wconf 88' lang='lat' dir='ltr'><strong>die</strong></span> <span class='ocrx_word' id='word_1_595' title='bbox 3210 4081 3316 4136; x_wconf 89' lang='lat' dir='ltr'><strong>qua</strong></span> <span class='ocrx_word' id='word_1_596' title='bbox 3357 4065 3468 4122; x_wconf 87' lang='lat' dir='ltr'><strong>Da-</strong></span> 
     </span>
    </p>
   </div>
   <div class='ocr_carea' id='block_1_86' title="bbox 1895 4155 3468 4228">
    <p class='ocr_par' dir='ltr' id='par_1_86' title="bbox 1895 4155 3468 4228">
     <span class='ocr_line' id='line_1_86' title="bbox 1895 4155 3468 4228; baseline 0.003 -19"><span class='ocrx_word' id='word_1_597' title='bbox 1895 4156 2022 4210; x_wconf 89' lang='lat' dir='ltr'><strong>nieli</strong></span> <span class='ocrx_word' id='word_1_598' title='bbox 2052 4155 2278 4226; x_wconf 77' lang='lat' dir='ltr'><strong>angelus</strong></span> <span class='ocrx_word' id='word_1_599' title='bbox 2322 4157 2739 4226; x_wconf 76' lang='lat' dir='ltr'><strong>prophetizavit,</strong></span> <span class='ocrx_word' id='word_1_600' title='bbox 2793 4165 2849 4211; x_wconf 87' lang='lat' dir='ltr'><strong>et</strong></span> <span class='ocrx_word' id='word_1_601' title='bbox 2880 4158 3052 4212; x_wconf 93' lang='lat' dir='ltr'><strong>multo</strong></span> <span class='ocrx_word' id='word_1_602' title='bbox 3081 4159 3269 4228; x_wconf 85' lang='lat' dir='ltr'><strong>plures</strong></span> <span class='ocrx_word' id='word_1_603' title='bbox 3301 4159 3468 4213; x_wconf 88' lang='lat' dir='ltr'><strong>etiam</strong></span> 
     </span>
    </p>
   </div>
   <div class='ocr_carea' id='block_1_87' title="bbox 1895 4249 3468 4320">
    <p class='ocr_par' dir='ltr' id='par_1_87' title="bbox 1895 4249 3468 4320">
     <span class='ocr_line' id='line_1_87' title="bbox 1895 4249 3468 4320; baseline 0.001 -17"><span class='ocrx_word' id='word_1_604' title='bbox 1895 4250 1939 4304; x_wconf 89' lang='lat' dir='ltr'><strong>si</strong></span> <span class='ocrx_word' id='word_1_605' title='bbox 1993 4266 2020 4302; x_wconf 88' lang='lat' dir='ltr'><strong>a</strong></span> <span class='ocrx_word' id='word_1_606' title='bbox 2056 4251 2390 4320; x_wconf 84' lang='lat' dir='ltr'><strong>captivitatis</strong></span> <span class='ocrx_word' id='word_1_607' title='bbox 2421 4250 2596 4304; x_wconf 85' lang='lat' dir='ltr'><strong>initio.</strong></span> <span class='ocrx_word' id='word_1_608' title='bbox 2631 4251 2946 4305; x_wconf 83' lang='lat' dir='ltr'><strong>Invenimus</strong></span> <span class='ocrx_word' id='word_1_609' title='bbox 2995 4251 3138 4304; x_wconf 92' lang='lat' dir='ltr'><strong>enim</strong></span> <span class='ocrx_word' id='word_1_610' title='bbox 3173 4249 3468 4305; x_wconf 87' lang='lat' dir='ltr'><strong>Persarum</strong></span> 
     </span>
    </p>
   </div>
   <div class='ocr_carea' id='block_1_88' title="bbox 1897 4341 3466 4411">
    <p class='ocr_par' dir='ltr' id='par_1_88' title="bbox 1897 4341 3466 4411">
     <span class='ocr_line' id='line_1_88' title="bbox 1897 4341 3466 4411; baseline 0 -17"><span class='ocrx_word' id='word_1_611' title='bbox 1897 4357 2121 4411; x_wconf 89' lang='lat' dir='ltr'><strong>regnum</strong></span> <span class='ocrx_word' id='word_1_612' title='bbox 2171 4356 2345 4395; x_wconf 78' lang='lat' dir='ltr'><strong>ccxxx</strong></span> <span class='ocrx_word' id='word_1_613' title='bbox 2401 4357 2670 4395; x_wconf 88' lang='lat' dir='ltr'><strong>annorum</strong></span> <span class='ocrx_word' id='word_1_614' title='bbox 2725 4341 2902 4411; x_wconf 87' lang='lat' dir='ltr'><strong>spatio</strong></span> <span class='ocrx_word' id='word_1_615' title='bbox 2950 4342 3466 4410; x_wconf 85' lang='lat' dir='ltr'><strong>circumscriptum,</strong></span> 
     </span>
    </p>
   </div>
   <div class='ocr_carea' id='block_1_89' title="bbox 1895 4433 3468 4504">
    <p class='ocr_par' dir='ltr' id='par_1_89' title="bbox 1895 4433 3468 4504">
     <span class='ocr_line' id='line_1_89' title="bbox 1895 4433 3468 4504; baseline 0.003 -17"><span class='ocrx_word' id='word_1_616' title='bbox 1895 4433 2249 4488; x_wconf 77' lang='lat' dir='ltr'><strong>Macedonum</strong></span> <span class='ocrx_word' id='word_1_617' title='bbox 2281 4449 2408 4487; x_wconf 81' lang='lat' dir='ltr'><strong>vero</strong></span> <span class='ocrx_word' id='word_1_618' title='bbox 2441 4448 2556 4496; x_wconf 85' lang='lat' dir='ltr'><strong>ccc,</strong></span> <span class='ocrx_word' id='word_1_619' title='bbox 2588 4449 2652 4488; x_wconf 86' lang='lat' dir='ltr'><strong>ex</strong></span> <span class='ocrx_word' id='word_1_620' title='bbox 2703 4449 2812 4504; x_wconf 89' lang='lat' dir='ltr'><strong>quo</strong></span> <span class='ocrx_word' id='word_1_621' title='bbox 2861 4434 2929 4487; x_wconf 90' lang='lat' dir='ltr'><strong>ad</strong></span> <span class='ocrx_word' id='word_1_622' title='bbox 2977 4433 3178 4488; x_wconf 85' lang='lat' dir='ltr'><strong>Tiberii</strong></span> <span class='ocrx_word' id='word_1_623' title='bbox 3231 4433 3468 4491; x_wconf 73' lang='lat' dir='ltr'><strong>Caesaris</strong></span> 
     </span>
    </p>
   </div>
   <div class='ocr_carea' id='block_1_90' title="bbox 1895 4525 3466 4594">
    <p class='ocr_par' dir='ltr' id='par_1_90' title="bbox 1895 4525 3466 4594">
     <span class='ocr_line' id='line_1_90' title="bbox 1895 4525 3466 4594; baseline 0.004 -17"><span class='ocrx_word' id='word_1_624' title='bbox 1895 4540 2098 4578; x_wconf 91' lang='lat' dir='ltr'><strong>annum</strong></span> <span class='ocrx_word' id='word_1_625' title='bbox 2131 4533 2345 4580; x_wconf 85' lang='lat' dir='ltr'><strong>sextum</strong></span> <span class='ocrx_word' id='word_1_626' title='bbox 2382 4525 2652 4580; x_wconf 63' lang='lat' dir='ltr'><strong>det-imum</strong></span> <span class='ocrx_word' id='word_1_627' title='bbox 2707 4525 2985 4594; x_wconf 83' lang='lat' dir='ltr'><strong>sexaginta</strong></span> <span class='ocrx_word' id='word_1_628' title='bbox 3017 4525 3146 4579; x_wconf 91' lang='lat' dir='ltr'><strong>anni</strong></span> <span class='ocrx_word' id='word_1_629' title='bbox 3187 4527 3466 4584; x_wconf 84' lang='lat' dir='ltr'><strong>elliuxere.</strong></span> 
     </span>
    </p>
   </div>
   <div class='ocr_carea' id='block_1_91' title="bbox 216 4615 1791 4694">
    <p class='ocr_par' dir='ltr' id='par_1_91' title="bbox 216 4620 1791 4694">
     <span class='ocr_line' id='line_1_91' title="bbox 216 4620 1791 4694; baseline 0.001 -22"><span class='ocrx_word' id='word_1_630' title='bbox 216 4620 470 4692; x_wconf 89' lang='grc' dir='ltr'>Τιϐερίου</span> <span class='ocrx_word' id='word_1_631' title='bbox 495 4620 764 4692; x_wconf 82' lang='grc' dir='ltr'>Καίσαρος</span> <span class='ocrx_word' id='word_1_632' title='bbox 803 4621 918 4685; x_wconf 81' lang='grc' dir='ltr'>ἔτος</span> <span class='ocrx_word' id='word_1_633' title='bbox 941 4623 1322 4676; x_wconf 78' lang='grc' dir='ltr'>ἑκκαιδέκατον</span> <span class='ocrx_word' id='word_1_634' title='bbox 1352 4625 1429 4686; x_wconf 81' lang='grc' dir='ltr'><strong>εἰς</strong></span> <span class='ocrx_word' id='word_1_635' title='bbox 1458 4623 1550 4694; x_wconf 79' lang='grc' dir='ltr'>ἐτη</span> <span class='ocrx_word' id='word_1_636' title='bbox 1575 4622 1616 4688; x_wconf 82' lang='grc' dir='ltr'>ξ’</span> <span class='ocrx_word' id='word_1_637' title='bbox 1637 4639 1651 4653; x_wconf 91' lang='grc'><strong>·</strong></span> <span class='ocrx_word' id='word_1_638' title='bbox 1684 4621 1791 4675; x_wconf 84' lang='grc' dir='ltr'>ἀπὸ</span> 
     </span>
    </p>
   </div>
   <div class='ocr_carea' id='block_1_92' title="bbox 1894 4615 3466 4694">
    <p class='ocr_par' dir='ltr' id='par_1_92' title="bbox 1897 4615 3466 4672">
     <span class='ocr_line' id='line_1_92' title="bbox 1897 4615 3466 4672; baseline 0.001 -2"><span class='ocrx_word' id='word_1_639' title='bbox 1897 4615 2003 4670; x_wconf 84' lang='lat' dir='ltr'><strong>Sed</strong></span> <span class='ocrx_word' id='word_1_640' title='bbox 2065 4618 2134 4670; x_wconf 88' lang='lat' dir='ltr'><strong>ab</strong></span> <span class='ocrx_word' id='word_1_641' title='bbox 2201 4617 2503 4672; x_wconf 78' lang='lat' dir='ltr'><strong>Artaxerxe</strong></span> <span class='ocrx_word' id='word_1_642' title='bbox 2557 4631 2658 4670; x_wconf 85' lang='lat' dir='ltr'><strong>Lxx</strong></span> <span class='ocrx_word' id='word_1_643' title='bbox 2711 4616 3078 4671; x_wconf 86' lang='lat' dir='ltr'><strong>hebdomades</strong></span> <span class='ocrx_word' id='word_1_644' title='bbox 3141 4615 3210 4670; x_wconf 86' lang='lat' dir='ltr'><strong>ad</strong></span> <span class='ocrx_word' id='word_1_645' title='bbox 3262 4616 3466 4672; x_wconf 84' lang='lat' dir='ltr'><strong>Christi</strong></span> 
     </span>
    </p>
   </div>
   <div class='ocr_carea' id='block_1_93' title="bbox 213 4710 1792 4785">
    <p class='ocr_par' dir='ltr' id='par_1_93' title="bbox 213 4710 1792 4785">
     <span class='ocr_line' id='line_1_93' title="bbox 213 4710 1792 4785; baseline 0.001 -21"><span class='ocrx_word' id='word_1_646' title='bbox 213 4711 274 4764; x_wconf 73' lang='grc' dir='ltr'>δὲ</span> <span class='ocrx_word' id='word_1_647' title='bbox 310 4710 665 4784; x_wconf 78' lang='grc' dir='ltr'>Ἀρταξέρξου</span> <span class='ocrx_word' id='word_1_648' title='bbox 687 4719 724 4764; x_wconf 88' lang='lat' dir='ltr'><strong>o&#39;</strong></span> <span class='ocrx_word' id='word_1_649' title='bbox 753 4713 1040 4784; x_wconf 84' lang='grc' dir='ltr'>ἑϐδομάδες</span> <span class='ocrx_word' id='word_1_650' title='bbox 1065 4717 1143 4776; x_wconf 87' lang='grc' dir='ltr'><strong>είς</strong></span> <span class='ocrx_word' id='word_1_651' title='bbox 1164 4715 1254 4767; x_wconf 77' lang='grc' dir='ltr'>τὸν</span> <span class='ocrx_word' id='word_1_652' title='bbox 1286 4715 1380 4768; x_wconf 69' lang='grc' dir='ltr'><strong>ἐπὶ</strong></span> <span class='ocrx_word' id='word_1_653' title='bbox 1406 4713 1639 4785; x_wconf 79' lang='grc' dir='ltr'>Χριστοῦ</span> <span class='ocrx_word' id='word_1_654' title='bbox 1670 4731 1792 4767; x_wconf 87' lang='grc' dir='ltr'>συν-</span> 
     </span>
    </p>
   </div>
   <div class='ocr_carea' id='block_1_94' title="bbox 217 4803 1787 4878">
    <p class='ocr_par' dir='ltr' id='par_1_94' title="bbox 217 4803 1787 4878">
     <span class='ocr_line' id='line_1_94' title="bbox 217 4803 1787 4878; baseline 0.002 -21"><span class='ocrx_word' id='word_1_655' title='bbox 217 4803 494 4857; x_wconf 85' lang='grc' dir='ltr'>τελοῦνται</span> <span class='ocrx_word' id='word_1_656' title='bbox 524 4805 710 4876; x_wconf 85' lang='grc' dir='ltr'>χρόνον</span> <span class='ocrx_word' id='word_1_657' title='bbox 745 4806 888 4859; x_wconf 74' lang='grc' dir='ltr'>κατὰ</span> <span class='ocrx_word' id='word_1_658' title='bbox 929 4807 1054 4869; x_wconf 71' lang='grc' dir='ltr'>τοὺς</span> <span class='ocrx_word' id='word_1_659' title='bbox 1071 4806 1333 4860; x_wconf 79' lang='grc' dir='ltr'>Ἰουδαίων</span> <span class='ocrx_word' id='word_1_660' title='bbox 1353 4806 1636 4878; x_wconf 87' lang='grc' dir='ltr'>ἀριθμούς.</span> <span class='ocrx_word' id='word_1_661' title='bbox 1655 4807 1787 4860; x_wconf 78' lang='grc' dir='ltr'>Ἀπὸ</span> 
     </span>
    </p>
   </div>
   <div class='ocr_carea' id='block_1_95' title="bbox 215 4894 1792 4968">
    <p class='ocr_par' dir='ltr' id='par_1_95' title="bbox 215 4894 1792 4968">
     <span class='ocr_line' id='line_1_95' title="bbox 215 4894 1792 4968; baseline 0.001 -21"><span class='ocrx_word' id='word_1_662' title='bbox 215 4896 325 4965; x_wconf 77' lang='grc' dir='ltr'><strong>γάρ</strong></span> <span class='ocrx_word' id='word_1_663' title='bbox 358 4894 617 4964; x_wconf 85' lang='grc' dir='ltr'>Νεεμίου,</span> <span class='ocrx_word' id='word_1_664' title='bbox 645 4895 704 4958; x_wconf 83' lang='grc' dir='ltr'><strong>δς</strong></span> <span class='ocrx_word' id='word_1_665' title='bbox 757 4895 860 4948; x_wconf 79' lang='grc' dir='ltr'><strong>ὑπὸ</strong></span> <span class='ocrx_word' id='word_1_666' title='bbox 905 4895 1260 4967; x_wconf 84' lang='grc' dir='ltr'>Ἀρταξέρξου</span> <span class='ocrx_word' id='word_1_667' title='bbox 1301 4897 1397 4965; x_wconf 85' lang='grc' dir='ltr'>τὴν</span> <span class='ocrx_word' id='word_1_668' title='bbox 1441 4896 1792 4968; x_wconf 77' lang='grc' dir='ltr'>Ἰερουσαλὴμ</span> 
     </span>
    </p>
   </div>
   <div class='ocr_carea' id='block_1_96' title="bbox 215 4986 1794 5058">
    <p class='ocr_par' dir='ltr' id='par_1_96' title="bbox 215 4986 1794 5058">
     <span class='ocr_line' id='line_1_96' title="bbox 215 4986 1794 5058; baseline 0.001 -18"><span class='ocrx_word' id='word_1_669' title='bbox 215 4986 506 5040; x_wconf 88' lang='grc' dir='ltr'>ἀνοικίσων</span> <span class='ocrx_word' id='word_1_670' title='bbox 537 4987 786 5058; x_wconf 70' lang='grc' dir='ltr'>ἐπέμφθη</span> <span class='ocrx_word' id='word_1_671' title='bbox 808 5028 821 5052; x_wconf 90' lang='grc'><strong>,</strong></span> <span class='ocrx_word' id='word_1_672' title='bbox 857 4987 966 5041; x_wconf 76' lang='grc' dir='ltr'>ἔτει</span> <span class='ocrx_word' id='word_1_673' title='bbox 1019 4986 1488 5057; x_wconf 78' lang='grc' dir='ltr'>πεντεκαιδεκάτῳ</span> <span class='ocrx_word' id='word_1_674' title='bbox 1524 4988 1618 5042; x_wconf 67' lang='grc' dir='ltr'><strong>καλ⁸</strong></span> <span class='ocrx_word' id='word_1_675' title='bbox 1667 4989 1794 5042; x_wconf 86' lang='grc' dir='ltr'>ἑκα-</span> 
     </span>
    </p>
   </div>
   <div class='ocr_carea' id='block_1_97' title="bbox 218 5075 1790 5148">
    <p class='ocr_par' dir='ltr' id='par_1_97' title="bbox 218 5075 1790 5148">
     <span class='ocr_line' id='line_1_97' title="bbox 218 5075 1790 5148; baseline 0.001 -19"><span class='ocrx_word' id='word_1_676' title='bbox 218 5075 428 5147; x_wconf 83' lang='grc' dir='ltr'>στοστῷ</span> <span class='ocrx_word' id='word_1_677' title='bbox 459 5076 559 5146; x_wconf 79' lang='grc' dir='ltr'>τῆς</span> <span class='ocrx_word' id='word_1_678' title='bbox 586 5077 811 5146; x_wconf 84' lang='grc' dir='ltr'>Περσῶν</span> <span class='ocrx_word' id='word_1_679' title='bbox 841 5077 1129 5146; x_wconf 82' lang='grc' dir='ltr'>βασιλείας,</span> <span class='ocrx_word' id='word_1_680' title='bbox 1158 5077 1321 5130; x_wconf 77' lang='grc' dir='ltr'>αὑτοῦ</span> <span class='ocrx_word' id='word_1_681' title='bbox 1343 5094 1399 5130; x_wconf 89' lang='grc' dir='ltr'><strong>τε</strong></span> <span class='ocrx_word' id='word_1_682' title='bbox 1437 5075 1790 5148; x_wconf 80' lang='grc' dir='ltr'>Ἀρταξέρξου</span> 
     </span>
    </p>
   </div>
   <div class='ocr_carea' id='block_1_98' title="bbox 219 5164 1790 5238">
    <p class='ocr_par' dir='ltr' id='par_1_98' title="bbox 219 5164 1790 5238">
     <span class='ocr_line' id='line_1_98' title="bbox 219 5164 1790 5238; baseline 0.002 -20"><span class='ocrx_word' id='word_1_683' title='bbox 219 5164 501 5236; x_wconf 81' lang='grc' dir='ltr'>βασιλείας</span> <span class='ocrx_word' id='word_1_684' title='bbox 555 5167 784 5238; x_wconf 79' lang='grc' dir='ltr'>εἰκοστῷ</span> <span class='ocrx_word' id='word_1_685' title='bbox 833 5168 940 5220; x_wconf 75' lang='grc' dir='ltr'>ἔτει</span> <span class='ocrx_word' id='word_1_686' title='bbox 998 5168 1093 5221; x_wconf 73' lang='grc' dir='ltr'>καὶ</span> <span class='ocrx_word' id='word_1_687' title='bbox 1161 5165 1519 5237; x_wconf 80' lang='grc' dir='ltr'>Ὀλυμπιάδος</span> <span class='ocrx_word' id='word_1_688' title='bbox 1583 5167 1790 5236; x_wconf 68' lang='lat' dir='ltr'><strong>(L40)</strong></span> 
     </span>
    </p>
   </div>
   <div class='ocr_carea' id='block_1_99' title="bbox 216 5256 1792 5331">
    <p class='ocr_par' dir='ltr' id='par_1_99' title="bbox 216 5256 1792 5331">
     <span class='ocr_line' id='line_1_99' title="bbox 216 5256 1792 5331; baseline 0 -20"><span class='ocrx_word' id='word_1_689' title='bbox 216 5259 580 5330; x_wconf 74' lang='grc' dir='ltr'>ὀγδοηκοστῆς</span> <span class='ocrx_word' id='word_1_690' title='bbox 621 5260 810 5331; x_wconf 88' lang='grc' dir='ltr'>τρίτης</span> <span class='ocrx_word' id='word_1_691' title='bbox 846 5259 954 5312; x_wconf 77' lang='grc' dir='ltr'>ἔτει</span> <span class='ocrx_word' id='word_1_692' title='bbox 1002 5259 1280 5331; x_wconf 82' lang='grc' dir='ltr'>τετάρτῳ,</span> <span class='ocrx_word' id='word_1_693' title='bbox 1334 5260 1426 5313; x_wconf 69' lang='grc' dir='ltr'><strong>ἐπὶ</strong></span> <span class='ocrx_word' id='word_1_694' title='bbox 1468 5256 1656 5312; x_wconf 89' lang='grc' dir='ltr'>τοῦτον</span> <span class='ocrx_word' id='word_1_695' title='bbox 1702 5259 1792 5311; x_wconf 73' lang='grc' dir='ltr'><strong>τὸν</strong></span> 
     </span>
    </p>
   </div>
   <div class='ocr_carea' id='block_1_100' title="bbox 217 5347 1794 5422">
    <p class='ocr_par' dir='ltr' id='par_1_100' title="bbox 217 5347 1794 5422">
     <span class='ocr_line' id='line_1_100' title="bbox 217 5347 1794 5422; baseline 0.003 -21"><span class='ocrx_word' id='word_1_696' title='bbox 217 5350 443 5421; x_wconf 85' lang='grc' dir='ltr'>χρόνον,</span> <span class='ocrx_word' id='word_1_697' title='bbox 476 5351 535 5413; x_wconf 85' lang='grc' dir='ltr'>ὃς</span> <span class='ocrx_word' id='word_1_698' title='bbox 584 5347 651 5422; x_wconf 80' lang='grc' dir='ltr'>ἦν</span> <span class='ocrx_word' id='word_1_699' title='bbox 708 5351 1063 5422; x_wconf 82' lang='grc' dir='ltr'>Ὀλυμπιάδος</span> <span class='ocrx_word' id='word_1_700' title='bbox 1115 5353 1490 5418; x_wconf 83' lang='grc' dir='ltr'>διακοσιοστῆς</span> <span class='ocrx_word' id='word_1_701' title='bbox 1533 5351 1794 5422; x_wconf 84' lang='grc' dir='ltr'>δευτέρας</span> 
     </span>
    </p>
   </div>
   <div class='ocr_carea' id='block_1_101' title="bbox 215 5440 1793 5516">
    <p class='ocr_par' dir='ltr' id='par_1_101' title="bbox 215 5440 1793 5516">
     <span class='ocr_line' id='line_1_101' title="bbox 215 5440 1793 5516; baseline 0.001 -22"><span class='ocrx_word' id='word_1_702' title='bbox 215 5441 335 5506; x_wconf 75' lang='grc' dir='ltr'>ἔτος</span> <span class='ocrx_word' id='word_1_703' title='bbox 363 5440 634 5514; x_wconf 90' lang='grc' dir='ltr'>δεύτερον,</span> <span class='ocrx_word' id='word_1_704' title='bbox 665 5442 914 5514; x_wconf 87' lang='grc' dir='ltr'>Τιϐερίου</span> <span class='ocrx_word' id='word_1_705' title='bbox 940 5443 996 5496; x_wconf 77' lang='grc' dir='ltr'>δὲ</span> <span class='ocrx_word' id='word_1_706' title='bbox 1035 5443 1314 5515; x_wconf 82' lang='grc' dir='ltr'>Καίσαρος</span> <span class='ocrx_word' id='word_1_707' title='bbox 1344 5443 1637 5516; x_wconf 75' lang='grc' dir='ltr'>ἡγεμονίας</span> <span class='ocrx_word' id='word_1_708' title='bbox 1672 5444 1793 5507; x_wconf 77' lang='grc' dir='ltr'>ἔτος</span> 
     </span>
    </p>
   </div>
   <div class='ocr_carea' id='block_1_102' title="bbox 216 5533 1794 5607">
    <p class='ocr_par' dir='ltr' id='par_1_102' title="bbox 216 5533 1794 5607">
     <span class='ocr_line' id='line_1_102' title="bbox 216 5533 1794 5607; baseline 0.002 -21"><span class='ocrx_word' id='word_1_709' title='bbox 216 5533 641 5601; x_wconf 83' lang='grc' dir='ltr'>ἑκκαιδέκατον,</span> <span class='ocrx_word' id='word_1_710' title='bbox 696 5534 787 5606; x_wconf 77' lang='grc' dir='ltr'>ἔτη</span> <span class='ocrx_word' id='word_1_711' title='bbox 836 5535 1124 5605; x_wconf 87' lang='grc' dir='ltr'>συνάγεται</span> <span class='ocrx_word' id='word_1_712' title='bbox 1170 5533 1294 5596; x_wconf 83' lang='grc' dir='ltr'>υοε’,</span> <span class='ocrx_word' id='word_1_713' title='bbox 1335 5535 1476 5607; x_wconf 81' lang='grc' dir='ltr'>ἀπερ</span> <span class='ocrx_word' id='word_1_714' title='bbox 1531 5536 1794 5607; x_wconf 82' lang='grc' dir='ltr'>Ἐϐραῖκά</span> 
     </span>
    </p>
   </div>
   <div class='ocr_carea' id='block_1_103' title="bbox 215 5628 1795 5700">
    <p class='ocr_par' dir='ltr' id='par_1_103' title="bbox 215 5628 1795 5700">
     <span class='ocr_line' id='line_1_103' title="bbox 215 5628 1795 5700; baseline 0.001 -19"><span class='ocrx_word' id='word_1_715' title='bbox 215 5628 542 5700; x_wconf 81' lang='grc' dir='ltr'>τετρακόσια</span> <span class='ocrx_word' id='word_1_716' title='bbox 589 5631 909 5700; x_wconf 71' lang='grc' dir='ltr'>ἐνενήκοντα</span> <span class='ocrx_word' id='word_1_717' title='bbox 940 5628 1033 5700; x_wconf 83' lang='grc' dir='ltr'>ἔτη</span> <span class='ocrx_word' id='word_1_718' title='bbox 1075 5631 1280 5699; x_wconf 83' lang='grc' dir='ltr'>γίνεται</span> <span class='ocrx_word' id='word_1_719' title='bbox 1314 5632 1454 5684; x_wconf 82' lang='grc' dir='ltr'>κατά</span> <span class='ocrx_word' id='word_1_720' title='bbox 1498 5630 1588 5683; x_wconf 72' lang='grc' dir='ltr'><strong>τὸν</strong></span> <span class='ocrx_word' id='word_1_721' title='bbox 1639 5630 1795 5700; x_wconf 88' lang='grc' dir='ltr'>σελη-</span> 
     </span>
    </p>
   </div>
   <div class='ocr_carea' id='block_1_104' title="bbox 217 5709 1790 5794">
    <p class='ocr_par' dir='ltr' id='par_1_104' title="bbox 217 5709 1790 5794">
     <span class='ocr_line' id='line_1_104' title="bbox 217 5709 1790 5794; baseline 0.001 -21"><span class='ocrx_word' id='word_1_722' title='bbox 217 5709 366 5773; x_wconf 75' lang='grc' dir='ltr'>ναῖον</span> <span class='ocrx_word' id='word_1_723' title='bbox 403 5720 547 5790; x_wconf 80' lang='grc' dir='ltr'>μῆνα</span> <span class='ocrx_word' id='word_1_724' title='bbox 577 5722 701 5784; x_wconf 72' lang='grc' dir='ltr'>τοὺς</span> <span class='ocrx_word' id='word_1_725' title='bbox 733 5723 1010 5785; x_wconf 71' lang='grc' dir='ltr'>ἐνιαυτοὺς</span> <span class='ocrx_word' id='word_1_726' title='bbox 1043 5722 1262 5775; x_wconf 79' lang='grc' dir='ltr'>ἐκείνων</span> <span class='ocrx_word' id='word_1_727' title='bbox 1289 5722 1790 5794; x_wconf 84' lang='grc' dir='ltr'>ἑξαριθμουμένων,</span> 
     </span>
    </p>
   </div>
   <div class='ocr_carea' id='block_1_105' title="bbox 216 5813 1794 5886">
    <p class='ocr_par' dir='ltr' id='par_1_105' title="bbox 216 5813 1794 5886">
     <span class='ocr_line' id='line_1_105' title="bbox 216 5813 1794 5886; baseline -0.002 -20"><span class='ocrx_word' id='word_1_728' title='bbox 216 5815 276 5875; x_wconf 81' lang='grc' dir='ltr'>ὃς</span> <span class='ocrx_word' id='word_1_729' title='bbox 320 5814 488 5878; x_wconf 77' lang='grc' dir='ltr'>ἐστιν,</span> <span class='ocrx_word' id='word_1_730' title='bbox 518 5813 592 5875; x_wconf 81' lang='grc' dir='ltr'><strong>ὡς</strong></span> <span class='ocrx_word' id='word_1_731' title='bbox 629 5814 917 5885; x_wconf 79' lang='grc' dir='ltr'>πρόχειρον</span> <span class='ocrx_word' id='word_1_732' title='bbox 949 5817 1140 5874; x_wconf 80' lang='grc' dir='ltr'>εἰπεῖν,</span> <span class='ocrx_word' id='word_1_733' title='bbox 1167 5814 1384 5886; x_wconf 75' lang='grc' dir='ltr'>ἡμερῶν</span> <span class='ocrx_word' id='word_1_734' title='bbox 1429 5815 1598 5867; x_wconf 86' lang='grc' dir='ltr'>εἰκόσι</span> <span class='ocrx_word' id='word_1_735' title='bbox 1641 5813 1794 5866; x_wconf 83' lang='grc' dir='ltr'>ἐννέα</span> 
     </span>
    </p>
   </div>
   <div class='ocr_carea' id='block_1_106' title="bbox 216 5904 1796 5975">
    <p class='ocr_par' dir='ltr' id='par_1_106' title="bbox 216 5904 1796 5975">
     <span class='ocr_line' id='line_1_106' title="bbox 216 5904 1796 5975; baseline 0.001 -19"><span class='ocrx_word' id='word_1_736' title='bbox 216 5906 389 5975; x_wconf 75' lang='grc' dir='ltr'>ἥμισυ</span> <span class='ocrx_word' id='word_1_737' title='bbox 411 5921 421 5932; x_wconf 89' lang='grc'><strong>·</strong></span> <span class='ocrx_word' id='word_1_738' title='bbox 443 5904 611 5969; x_wconf 67' lang='grc' dir='ltr'>οὕτως</span> <span class='ocrx_word' id='word_1_739' title='bbox 635 5906 726 5959; x_wconf 87' lang='grc' dir='ltr'><strong>τοῦ</strong></span> <span class='ocrx_word' id='word_1_740' title='bbox 752 5906 946 5960; x_wconf 83' lang='grc' dir='ltr'>κύκλου</span> <span class='ocrx_word' id='word_1_741' title='bbox 977 5907 1308 5972; x_wconf 80' lang='grc' dir='ltr'>ύπάοχοντος</span> <span class='ocrx_word' id='word_1_742' title='bbox 1336 5910 1362 5959; x_wconf 63' lang='grc'><strong>’1⁵</strong></span> <span class='ocrx_word' id='word_1_743' title='bbox 1377 5925 1440 5973; x_wconf 85' lang='grc' dir='ltr'><strong>με</strong></span> <span class='ocrx_word' id='word_1_744' title='bbox 1453 5908 1555 5959; x_wconf 77' lang='grc' dir='ltr'><strong>οὼν</strong></span> <span class='ocrx_word' id='word_1_745' title='bbox 1590 5907 1796 5971; x_wconf 54' lang='lat'><strong>153::-</strong></span> 
     </span>
    </p>
   </div>
   <div class='ocr_carea' id='block_1_107' title="bbox 1895 4705 3468 4778">
    <p class='ocr_par' dir='ltr' id='par_1_107' title="bbox 1895 4705 3468 4778">
     <span class='ocr_line' id='line_1_107' title="bbox 1895 4705 3468 4778; baseline 0.003 -18"><span class='ocrx_word' id='word_1_746' title='bbox 1895 4715 2111 4778; x_wconf 89' lang='lat' dir='ltr'><strong>tempus</strong></span> <span class='ocrx_word' id='word_1_747' title='bbox 2168 4707 2324 4778; x_wconf 88' lang='lat' dir='ltr'><strong>juxta</strong></span> <span class='ocrx_word' id='word_1_748' title='bbox 2381 4705 2692 4761; x_wconf 78' lang='lat' dir='ltr'><strong>Judaeorum</strong></span> <span class='ocrx_word' id='word_1_749' title='bbox 2753 4722 3011 4763; x_wconf 82' lang='lat' dir='ltr'><strong>numeros</strong></span> <span class='ocrx_word' id='word_1_750' title='bbox 3074 4723 3468 4764; x_wconf 62' lang='lat' dir='ltr'><strong>consummano</strong></span> 
     </span>
    </p>
   </div>
   <div class='ocr_carea' id='block_1_108' title="bbox 1895 4795 3466 4866">
    <p class='ocr_par' dir='ltr' id='par_1_108' title="bbox 1895 4795 3466 4866">
     <span class='ocr_line' id='line_1_108' title="bbox 1895 4795 3466 4866; baseline 0.003 -16"><span class='ocrx_word' id='word_1_751' title='bbox 1895 4805 2002 4850; x_wconf 90' lang='lat' dir='ltr'><strong>tur.</strong></span> <span class='ocrx_word' id='word_1_752' title='bbox 2038 4796 2251 4850; x_wconf 81' lang='lat' dir='ltr'><strong>Etenim</strong></span> <span class='ocrx_word' id='word_1_753' title='bbox 2294 4811 2324 4848; x_wconf 88' lang='lat' dir='ltr'><strong>a</strong></span> <span class='ocrx_word' id='word_1_754' title='bbox 2367 4795 2644 4860; x_wconf 78' lang='lat' dir='ltr'><strong>Neheniia,</strong></span> <span class='ocrx_word' id='word_1_755' title='bbox 2692 4813 2852 4866; x_wconf 89' lang='lat' dir='ltr'><strong>quem</strong></span> <span class='ocrx_word' id='word_1_756' title='bbox 2889 4797 3219 4854; x_wconf 78' lang='lat' dir='ltr'><strong>Artaxerxes</strong></span> <span class='ocrx_word' id='word_1_757' title='bbox 3265 4801 3332 4855; x_wconf 86' lang='lat' dir='ltr'><strong>ad</strong></span> <span class='ocrx_word' id='word_1_758' title='bbox 3381 4802 3466 4854; x_wconf 82' lang='lat' dir='ltr'><strong>in-</strong></span> 
     </span>
    </p>
   </div>
   <div class='ocr_carea' id='block_1_109' title="bbox 1894 4887 3464 4961">
    <p class='ocr_par' dir='ltr' id='par_1_109' title="bbox 1894 4887 3464 4961">
     <span class='ocr_line' id='line_1_109' title="bbox 1894 4887 3464 4961; baseline 0.001 -15"><span class='ocrx_word' id='word_1_759' title='bbox 1894 4891 2245 4946; x_wconf 88' lang='lat' dir='ltr'><strong>staurandam</strong></span> <span class='ocrx_word' id='word_1_760' title='bbox 2263 4887 2565 4944; x_wconf 88' lang='lat' dir='ltr'><strong>Jerusalem</strong></span> <span class='ocrx_word' id='word_1_761' title='bbox 2595 4888 2924 4953; x_wconf 87' lang='lat' dir='ltr'><strong>misit,annu</strong></span> <span class='ocrx_word' id='word_1_762' title='bbox 2951 4891 3143 4961; x_wconf 88' lang='lat' dir='ltr'><strong>quinto</strong></span> <span class='ocrx_word' id='word_1_763' title='bbox 3177 4893 3390 4948; x_wconf 89' lang='lat' dir='ltr'><strong>decimo</strong></span> <span class='ocrx_word' id='word_1_764' title='bbox 3411 4900 3464 4948; x_wconf 84' lang='lat' dir='ltr'><strong>et</strong></span> 
     </span>
    </p>
   </div>
   <div class='ocr_carea' id='block_1_110' title="bbox 1893 4981 3466 5054">
    <p class='ocr_par' dir='ltr' id='par_1_110' title="bbox 1893 4981 3466 5054">
     <span class='ocr_line' id='line_1_110' title="bbox 1893 4981 3466 5054; baseline 0.001 -16"><span class='ocrx_word' id='word_1_765' title='bbox 1893 4984 2195 5038; x_wconf 89' lang='lat' dir='ltr'><strong>centesimo</strong></span> <span class='ocrx_word' id='word_1_766' title='bbox 2241 4981 2531 5038; x_wconf 86' lang='lat' dir='ltr'><strong>Persarum</strong></span> <span class='ocrx_word' id='word_1_767' title='bbox 2587 4983 2760 5052; x_wconf 87' lang='lat' dir='ltr'><strong>regni,</strong></span> <span class='ocrx_word' id='word_1_768' title='bbox 2812 4982 3098 5054; x_wconf 91' lang='lat' dir='ltr'><strong>ipsiusque</strong></span> <span class='ocrx_word' id='word_1_769' title='bbox 3147 4986 3466 5040; x_wconf 82' lang='lat' dir='ltr'><strong>Artaxerxis</strong></span> 
     </span>
    </p>
   </div>
   <div class='ocr_carea' id='block_1_111' title="bbox 1894 5073 3475 5146">
    <p class='ocr_par' dir='ltr' id='par_1_111' title="bbox 1894 5073 3475 5146">
     <span class='ocr_line' id='line_1_111' title="bbox 1894 5073 3475 5146; baseline 0.001 -18"><span class='ocrx_word' id='word_1_770' title='bbox 1894 5075 2046 5145; x_wconf 86' lang='lat' dir='ltr'><strong>regni</strong></span> <span class='ocrx_word' id='word_1_771' title='bbox 2082 5075 2343 5130; x_wconf 91' lang='lat' dir='ltr'><strong>vicesimo</strong></span> <span class='ocrx_word' id='word_1_772' title='bbox 2383 5087 2550 5137; x_wconf 84' lang='lat' dir='ltr'><strong>anno,</strong></span> <span class='ocrx_word' id='word_1_773' title='bbox 2581 5073 2908 5144; x_wconf 88' lang='lat' dir='ltr'><strong>olympiadis</strong></span> <span class='ocrx_word' id='word_1_774' title='bbox 2956 5091 3087 5129; x_wconf 89' lang='lat' dir='ltr'><strong>vero</strong></span> <span class='ocrx_word' id='word_1_775' title='bbox 3123 5078 3475 5146; x_wconf 64' lang='lat' dir='ltr'><strong>octogeslmte</strong></span> 
     </span>
    </p>
   </div>
   <div class='ocr_carea' id='block_1_112' title="bbox 1896 5166 3466 5238">
    <p class='ocr_par' dir='ltr' id='par_1_112' title="bbox 1896 5166 3466 5238">
     <span class='ocr_line' id='line_1_112' title="bbox 1896 5166 3466 5238; baseline 0.001 -18"><span class='ocrx_word' id='word_1_776' title='bbox 1896 5169 2067 5222; x_wconf 77' lang='lat' dir='ltr'><strong>tertia:</strong></span> <span class='ocrx_word' id='word_1_777' title='bbox 2118 5182 2263 5220; x_wconf 90' lang='lat' dir='ltr'><strong>anno</strong></span> <span class='ocrx_word' id='word_1_778' title='bbox 2293 5178 2509 5236; x_wconf 88' lang='lat' dir='ltr'><strong>quarto,</strong></span> <span class='ocrx_word' id='word_1_779' title='bbox 2550 5182 2724 5236; x_wconf 87' lang='lat' dir='ltr'><strong>usque</strong></span> <span class='ocrx_word' id='word_1_780' title='bbox 2776 5166 2843 5220; x_wconf 82' lang='lat' dir='ltr'><strong>ad</strong></span> <span class='ocrx_word' id='word_1_781' title='bbox 2875 5166 2980 5221; x_wconf 89' lang='lat' dir='ltr'><strong>hoc</strong></span> <span class='ocrx_word' id='word_1_782' title='bbox 3010 5177 3244 5236; x_wconf 90' lang='lat' dir='ltr'><strong>tempus,</strong></span> <span class='ocrx_word' id='word_1_783' title='bbox 3291 5169 3466 5238; x_wconf 81' lang='lat' dir='ltr'><strong>olym-</strong></span> 
     </span>
    </p>
   </div>
   <div class='ocr_carea' id='block_1_113' title="bbox 1897 5261 3463 5335">
    <p class='ocr_par' dir='ltr' id='par_1_113' title="bbox 1897 5261 3463 5335">
     <span class='ocr_line' id='line_1_113' title="bbox 1897 5261 3463 5335; baseline -0.001 -18"><span class='ocrx_word' id='word_1_784' title='bbox 1897 5263 2073 5335; x_wconf 88' lang='lat' dir='ltr'><strong>piadis</strong></span> <span class='ocrx_word' id='word_1_785' title='bbox 2136 5262 2347 5318; x_wconf 86' lang='lat' dir='ltr'><strong>scilicet</strong></span> <span class='ocrx_word' id='word_1_786' title='bbox 2406 5262 2796 5317; x_wconf 70' lang='lat' dir='ltr'><strong>ducentesima:</strong></span> <span class='ocrx_word' id='word_1_787' title='bbox 2858 5261 3110 5318; x_wconf 67' lang='lat' dir='ltr'><strong>secundae</strong></span> <span class='ocrx_word' id='word_1_788' title='bbox 3164 5279 3367 5316; x_wconf 91' lang='lat' dir='ltr'><strong>annum</strong></span> <span class='ocrx_word' id='word_1_789' title='bbox 3403 5279 3463 5328; x_wconf 81' lang='grc' dir='ltr'><strong>ιι,</strong></span> 
     </span>
    </p>
   </div>
   <div class='ocr_carea' id='block_1_114' title="bbox 1895 5353 3467 5427">
    <p class='ocr_par' dir='ltr' id='par_1_114' title="bbox 1895 5353 3467 5427">
     <span class='ocr_line' id='line_1_114' title="bbox 1895 5353 3467 5427; baseline -0.002 -17"><span class='ocrx_word' id='word_1_790' title='bbox 1895 5355 2105 5427; x_wconf 80' lang='lat' dir='ltr'><strong>imperii</strong></span> <span class='ocrx_word' id='word_1_791' title='bbox 2154 5370 2281 5410; x_wconf 87' lang='lat' dir='ltr'><strong>vero</strong></span> <span class='ocrx_word' id='word_1_792' title='bbox 2317 5353 2521 5409; x_wconf 86' lang='lat' dir='ltr'><strong>Tiberii</strong></span> <span class='ocrx_word' id='word_1_793' title='bbox 2555 5353 2789 5410; x_wconf 72' lang='lat' dir='ltr'><strong>Czesaris</strong></span> <span class='ocrx_word' id='word_1_794' title='bbox 2845 5369 3048 5408; x_wconf 87' lang='lat' dir='ltr'><strong>annum</strong></span> <span class='ocrx_word' id='word_1_795' title='bbox 3080 5363 3294 5410; x_wconf 84' lang='lat' dir='ltr'><strong>sextum</strong></span> <span class='ocrx_word' id='word_1_796' title='bbox 3320 5353 3467 5410; x_wconf 83' lang='lat' dir='ltr'><strong>deci-</strong></span> 
     </span>
    </p>
   </div>
   <div class='ocr_carea' id='block_1_115' title="bbox 1896 5444 3466 5515">
    <p class='ocr_par' dir='ltr' id='par_1_115' title="bbox 1896 5444 3466 5515">
     <span class='ocr_line' id='line_1_115' title="bbox 1896 5444 3466 5515; baseline 0 -15"><span class='ocrx_word' id='word_1_797' title='bbox 1896 5463 2067 5512; x_wconf 91' lang='lat' dir='ltr'><strong>mum,</strong></span> <span class='ocrx_word' id='word_1_798' title='bbox 2115 5447 2244 5500; x_wconf 88' lang='lat' dir='ltr'><strong>anni</strong></span> <span class='ocrx_word' id='word_1_799' title='bbox 2307 5444 2478 5515; x_wconf 90' lang='lat' dir='ltr'><strong>elapsi</strong></span> <span class='ocrx_word' id='word_1_800' title='bbox 2521 5453 2650 5500; x_wconf 90' lang='lat' dir='ltr'><strong>sunt</strong></span> <span class='ocrx_word' id='word_1_801' title='bbox 2701 5460 2935 5510; x_wconf 82' lang='lat' dir='ltr'><strong>anxxv,</strong></span> <span class='ocrx_word' id='word_1_802' title='bbox 2987 5446 3070 5500; x_wconf 87' lang='lat' dir='ltr'><strong>vel</strong></span> <span class='ocrx_word' id='word_1_803' title='bbox 3127 5459 3264 5500; x_wconf 83' lang='lat' dir='ltr'><strong>cnxc</strong></span> <span class='ocrx_word' id='word_1_804' title='bbox 3307 5445 3466 5514; x_wconf 86' lang='lat' dir='ltr'><strong>juxta</strong></span> 
     </span>
    </p>
   </div>
   <div class='ocr_carea' id='block_1_116' title="bbox 1896 5537 3464 5604">
    <p class='ocr_par' dir='ltr' id='par_1_116' title="bbox 1896 5537 3464 5604">
     <span class='ocr_line' id='line_1_116' title="bbox 1896 5537 3464 5604; baseline 0.002 -12"><span class='ocrx_word' id='word_1_805' title='bbox 1896 5538 2154 5594; x_wconf 82' lang='lat' dir='ltr'><strong>Hebraeos</strong></span> <span class='ocrx_word' id='word_1_806' title='bbox 2187 5538 2468 5593; x_wconf 89' lang='lat' dir='ltr'><strong>mensibus</strong></span> <span class='ocrx_word' id='word_1_807' title='bbox 2498 5553 2699 5592; x_wconf 92' lang='lat' dir='ltr'><strong>annum</strong></span> <span class='ocrx_word' id='word_1_808' title='bbox 2748 5537 3035 5594; x_wconf 87' lang='lat' dir='ltr'><strong>lunaribus</strong></span> <span class='ocrx_word' id='word_1_809' title='bbox 3093 5547 3464 5604; x_wconf 87' lang='lat' dir='ltr'><strong>numerantes,</strong></span> 
     </span>
    </p>
   </div>
   <div class='ocr_carea' id='block_1_117' title="bbox 1895 5628 3467 5702">
    <p class='ocr_par' dir='ltr' id='par_1_117' title="bbox 1895 5628 3467 5702">
     <span class='ocr_line' id='line_1_117' title="bbox 1895 5628 3467 5702; baseline -0.001 -18"><span class='ocrx_word' id='word_1_810' title='bbox 1895 5631 1987 5701; x_wconf 85' lang='lat' dir='ltr'><strong>qui</strong></span> <span class='ocrx_word' id='word_1_811' title='bbox 2020 5639 2149 5686; x_wconf 88' lang='lat' dir='ltr'><strong>sunt</strong></span> <span class='ocrx_word' id='word_1_812' title='bbox 2172 5630 2382 5686; x_wconf 85' lang='lat' dir='ltr'><strong>dierum</strong></span> <span class='ocrx_word' id='word_1_813' title='bbox 2416 5645 2542 5682; x_wconf 76' lang='lat' dir='ltr'><strong>xxix</strong></span> <span class='ocrx_word' id='word_1_814' title='bbox 2575 5637 2628 5683; x_wconf 85' lang='lat' dir='ltr'><strong>et</strong></span> <span class='ocrx_word' id='word_1_815' title='bbox 2649 5628 2860 5684; x_wconf 87' lang='lat' dir='ltr'><strong>dimidii</strong></span> <span class='ocrx_word' id='word_1_816' title='bbox 2884 5648 2898 5695; x_wconf 89' lang='lat'><strong>;</strong></span> <span class='ocrx_word' id='word_1_817' title='bbox 2925 5645 3048 5683; x_wconf 89' lang='lat' dir='ltr'><strong>cum</strong></span> <span class='ocrx_word' id='word_1_818' title='bbox 3079 5630 3246 5702; x_wconf 87' lang='lat' dir='ltr'><strong>igitur</strong></span> <span class='ocrx_word' id='word_1_819' title='bbox 3266 5645 3467 5686; x_wconf 71' lang='lat' dir='ltr'><strong>eccux</strong></span> 
     </span>
    </p>
   </div>
   <div class='ocr_carea' id='block_1_118' title="bbox 1896 5721 3470 5792">
    <p class='ocr_par' dir='ltr' id='par_1_118' title="bbox 1896 5721 3470 5792">
     <span class='ocr_line' id='line_1_118' title="bbox 1896 5721 3470 5792; baseline -0.001 -15"><span class='ocrx_word' id='word_1_820' title='bbox 1896 5723 2107 5779; x_wconf 88' lang='lat' dir='ltr'><strong>dierum</strong></span> <span class='ocrx_word' id='word_1_821' title='bbox 2141 5731 2195 5776; x_wconf 94' lang='lat' dir='ltr'><strong>et</strong></span> <span class='ocrx_word' id='word_1_822' title='bbox 2225 5721 2548 5792; x_wconf 86' lang='lat' dir='ltr'><strong>quadrantis</strong></span> <span class='ocrx_word' id='word_1_823' title='bbox 2587 5722 2658 5775; x_wconf 87' lang='lat' dir='ltr'><strong>sit</strong></span> <span class='ocrx_word' id='word_1_824' title='bbox 2688 5721 2814 5774; x_wconf 90' lang='lat' dir='ltr'><strong>anni</strong></span> <span class='ocrx_word' id='word_1_825' title='bbox 2849 5722 3060 5792; x_wconf 74' lang='lat' dir='ltr'><strong>cyclus,</strong></span> <span class='ocrx_word' id='word_1_826' title='bbox 3094 5723 3338 5776; x_wconf 90' lang='lat' dir='ltr'><strong>lunarem</strong></span> <span class='ocrx_word' id='word_1_827' title='bbox 3369 5738 3470 5776; x_wconf 90' lang='lat' dir='ltr'><strong>an-</strong></span> 
     </span>
    </p>
   </div>
   <div class='ocr_carea' id='block_1_119' title="bbox 1897 5812 3469 5885">
    <p class='ocr_par' dir='ltr' id='par_1_119' title="bbox 1897 5812 3469 5885">
     <span class='ocr_line' id='line_1_119' title="bbox 1897 5812 3469 5885; baseline -0.002 -15"><span class='ocrx_word' id='word_1_828' title='bbox 1897 5832 2027 5870; x_wconf 91' lang='lat' dir='ltr'><strong>num</strong></span> <span class='ocrx_word' id='word_1_829' title='bbox 2047 5815 2298 5869; x_wconf 89' lang='lat' dir='ltr'><strong>undecim</strong></span> <span class='ocrx_word' id='word_1_830' title='bbox 2331 5813 2544 5868; x_wconf 85' lang='lat' dir='ltr'><strong>excedit</strong></span> <span class='ocrx_word' id='word_1_831' title='bbox 2571 5813 2785 5878; x_wconf 86' lang='lat' dir='ltr'><strong>diebus,</strong></span> <span class='ocrx_word' id='word_1_832' title='bbox 2805 5823 2857 5867; x_wconf 91' lang='lat' dir='ltr'><strong>et</strong></span> <span class='ocrx_word' id='word_1_833' title='bbox 2879 5812 3200 5884; x_wconf 84' lang='lat' dir='ltr'><strong>quadrante.</strong></span> <span class='ocrx_word' id='word_1_834' title='bbox 3219 5812 3469 5885; x_wconf 83' lang='lat' dir='ltr'><strong>Quapro-</strong></span> 
     </span>
    </p>
   </div>
   <div class='ocr_carea' id='block_1_120' title="bbox 1901 5903 3469 5963">
    <p class='ocr_par' dir='ltr' id='par_1_120' title="bbox 1901 5903 3469 5963">
     <span class='ocr_line' id='line_1_120' title="bbox 1901 5903 3469 5963; baseline -0.002 -1"><span class='ocrx_word' id='word_1_835' title='bbox 1901 5914 2017 5963; x_wconf 86' lang='lat' dir='ltr'><strong>ntcr</strong></span> <span class='ocrx_word' id='word_1_836' title='bbox 2048 5905 2220 5960; x_wconf 75' lang='lat' dir='ltr'><strong>Graeci</strong></span> <span class='ocrx_word' id='word_1_837' title='bbox 2252 5912 2304 5959; x_wconf 84' lang='lat' dir='ltr'><strong>et</strong></span> <span class='ocrx_word' id='word_1_838' title='bbox 2335 5903 2506 5960; x_wconf 67' lang='lat' dir='ltr'><strong>Judzci</strong></span> <span class='ocrx_word' id='word_1_839' title='bbox 2541 5905 2912 5960; x_wconf 72' lang='lat' dir='ltr'><strong>embolimaeos</strong></span> <span class='ocrx_word' id='word_1_840' title='bbox 2942 5913 3053 5960; x_wconf 91' lang='lat' dir='ltr'><strong>tres</strong></span> <span class='ocrx_word' id='word_1_841' title='bbox 3085 5921 3304 5961; x_wconf 82' lang='lat' dir='ltr'><strong>menses</strong></span> <span class='ocrx_word' id='word_1_842' title='bbox 3343 5912 3469 5961; x_wconf 88' lang='lat' dir='ltr'><strong>octo</strong></span> 
     </span>
    </p>
   </div>
  </div>
