3974 6512
503 451 644 508 11⁸19
1168 447 1442 507 EUSEBII
1481 445 1959 526 CJESdeENSlS
2009 446 2072 504 Ol

2201 445 2402 504 PARS.
2441 445 2530 500 111.
2571 477 2640 488 —
2675 443 3086 501 EXEGETICA.
3633 447 3755 502 1180

501 569 665 623 annis
695 565 1102 636 superaddunt;
1135 579 1371 636 namque
1387 566 1560 622 octies
1592 565 1846 620 undecim
1859 573 1918 621 et
1945 581 2070 636 qua-

2186 568 2380 640 τάρτου
2407 565 2508 638 τὴν
2537 565 2678 620 κατά
2699 564 2926 637 σελήνην
2953 561 3335 634 δωδεκάμηνον
3365 561 3755 634 παραλλάσσειν

501 661 670 717 drans
716 671 829 715 tres
875 658 1114 714 efﬁciunt
1163 673 1404 715 menses.
1465 658 1610 714 Anni
1665 659 1834 730 igitur
1869 673 2070 712 cotxxv

2190 661 2424 732 ήμέραις
2456 659 2647 713 ἐνδέκα
2679 659 2774 713 καὶ
2793 658 3059 729 τετάρτῳ.
3087 657 3188 710 Διὰ
3211 656 3372 710 τοῦτο
3397 658 3496 711 καὶ
3517 657 3759 728 Ἕλληνες

499 754 672 808 octies
721 765 814 807 ιιι
857 749 1160 818 continent,
1221 759 1276 805 et
1327 758 1442 806 tres
1473 767 1692 807 menses
1758 750 2068 804 embolium?

2190 756 2283 808 καὶ
2323 755 2561 809 Ἰουδαῖοι
2591 759 2740 829 τρεῖς
2799 755 2974 825 μῆνας
3017 753 3348 826 ἐμϐολίμους
3395 755 3578 808 ἐτεσιν
3629 755 3759 808 ὀκτὼ

497 847 700 913 cuique
727 851 923 898 octavo
947 857 1096 898 anno
1119 843 1312 908 additi,
1341 845 1512 900 ferme
1542 843 1854 914 quindecim
1879 858 2066 907 annos,

2190 845 2660 917 παρεμϐάλλουσιν
2679 864 2692 878 ·
2713 847 2904 900 όκτάκι
2927 847 3035 917 γὰρ
3065 847 3132 900 τά
3159 845 3350 899 ’ἕνδεκα
3385 847 3485 900 καὶ
3517 847 3759 916 τέταρτον

499 935 854 1007 paucissimis
899 937 1140 1005 exceptis
1185 936 1400 998 diebus,
1453 937 1749 1006 complent.
1792 934 1882 990 Sic
1913 935 2068 1006 igitur

2190 939 2332 990 ποιεί
2377 939 2659 1009 τρίμηνον.
2729 938 2810 992 Τά
2860 939 3039 992 τοίνυν
3090 945 3198 992 υοε¹
3243 939 3336 1009 ἐτη
3386 937 3759 1009 ὀκταετηρίδες

500 1041 710 1081 anxxv
739 1027 900 1081 anuis
931 1043 1038 1082 ιιι
1067 1035 1320 1081 constant
1363 1027 1747 1082 hebdomades.

2194 1027 2428 1098 γίνονται
2472 1029 2570 1092 νϐ’,
2621 1031 2714 1083 καὶ
2763 1030 2928 1101 μῆνες
2961 1028 3031 1098 γ’,
3079 1030 3154 1094 ὡς
3197 1031 3466 1100 τριμήνου
3515 1028 3574 1081 δέ
3615 1027 3763 1098 ἐμϐο-

500 1123 658 1193 λίμου
685 1126 750 1194 τῇ
779 1123 1056 1194 όκταετίᾳ,
1085 1122 1324 1192 γίνονται
1359 1123 1452 1192 Ξτη
1477 1121 1868 1176 πεντεκαίδεκα
1895 1121 2090 1191 ὀλίγων
2124 1123 2348 1196 ἡμερῶν
2379 1124 2674 1178 ἀποδέοντα
2703 1125 2940 1193 γίνεται·
2971 1124 3143 1178 ταῦτα
3161 1125 3217 1177 δὲ
3247 1126 3386 1196 πρὸς
3447 1128 3568 1187 τοῖς
3631 1125 3762 1194 (υ)οε¹

501 1220 678 1274 ἐτεσιν
701 1222 755 1273 αἱ
785 1225 824 1272 o'
853 1219 1146 1291 ἑϐδομάδες
1173 1218 1570 1272 συντελοῦνται.

574 1337 698 1392 Haec
733 1337 952 1406 quidem
987 1337 1042 1389 in
1073 1336 1218 1390 hunc
1251 1336 1432 1390 locum
1463 1335 1756 1389 Africanus
1794 1333 2078 1390 disseruit.

2254 1331 2441 1386 Ταῦτα
2484 1332 2580 1404 μὲν
2613 1331 2642 1385 6
2673 1330 3040 1403 προδηλωθεὶς
3086 1329 3224 1404 ἀνὴρ
3275 1332 3357 1396 είς
3401 1331 3532 1395 τοὺς
3574 1331 3759 1398 τόπους

499 1427 798 1485 Videamus
828 1437 882 1484 et
915 1445 1037 1494 nos,
1082 1437 1206 1498 post
1249 1429 1389 1482 hanc
1433 1428 1962 1494 interpretationem,
2011 1443 2068 1481 an

2192 1426 2573 1496 ἐπιϐέϐληκεν·
2607 1427 2738 1496 φέρε
2767 1425 2830 1496 δή
2867 1425 2959 1478 καὶ
2990 1427 3152 1495 ἡμεῖς
3180 1425 3317 1496 μετὰ
3350 1425 3450 1497 τὴν
3493 1425 3761 1478 ἀποδοθεῖ-

502 1521 660 1576 aliter
695 1521 995 1591 intelligere
1041 1521 1338 1590 possimus,
1389 1536 1458 1574 ne
1517 1519 1816 1586 videamur,
1860 1521 2071 1578 omissis

2192 1537 2287 1573 σαν
2317 1518 2610 1591 ἑρμηνείαν
2645 1518 2863 1588 ἴδωμεν,
2883 1519 2932 1570 εἰ
2963 1511 3074 1571 οἶόν
3107 1535 3166 1570 τε
3193 1518 3286 1571 καὶ
3321 1517 3528 1588 ἑτέρως
3553 1521 3666 1580 τοίς
3687 1518 3761 1572 τό·

502 1628 534 1666 a
569 1613 712 1684 Cyro
741 1613 806 1667 ad
833 1612 1186 1666 Artaxerxem
1221 1611 1579 1682 temporibus.
1611 1611 1756 1667 haud
1787 1613 2071 1682 ingenuam

2190 1630 2310 1677 ποις
2356 1612 2652 1676 ἐπιϐαλεῖν,
2685 1611 2760 1675 ὡς
2803 1611 2867 1664 ἂν
2905 1611 2978 1682 μὴ
3009 1611 3260 1682 δοκοῖμεν
3291 1612 3418 1674 τοὺς
3447 1611 3562 1662 ἀπὸ
3591 1610 3759 1681 Κύρου

501 1706 1009 1774 interpretationem
1033 1706 1294 1775 praabere,
1321 1721 1423 1760 nec
1455 1705 1718 1760 rationem
1747 1706 1938 1760 aﬁ‘erre
1963 1706 2070 1761 dis-

2194 1703 2280 1757 καὶ
2312 1705 2404 1756 ἐπὶ
2437 1701 2798 1775 Ἀρταξέρξην
2829 1702 3258 1766 ὑποκλέπτοντες
3288 1704 3520 1773 χρόνους
3548 1702 3763 1772 βιαιοτέ-

502 1797 753 1853 crimiuis
807 1798 954 1868 quod
999 1805 1083 1853 est
1136 1799 1278 1852 inter
1340 1803 1546 1866 septem
1600 1795 1971 1852 hebdomades
2030 1805 2071 1850 el

2194 1815 2282 1868 ραν
2315 1795 2584 1850 ποιεῖσθαι
2613 1795 2710 1867 τὴν
2745 1795 3019 1858 ἀπόδοσιν,
3051 1795 3144 1847 καὶ
3177 1795 3354 1857 ἄλλως
3379 1795 3456 1864 μὴ
3479 1795 3538 1847 δὲ
3561 1795 3663 1864 τὴν
3689 1797 3763 1846 al-

503 1891 786 1960 sexagiuta
807 1889 964 1952 duas.
997 1890 1140 1946 sicut
1163 1889 1346 1943 divina
1369 1887 1608 1943 ostendit
1636 1887 1943 1957 Scriptura,
1973 1903 2072 1942 non

2194 1888 2300 1944 τίαν
2331 1890 2660 1959 παριστάναι
2693 1887 2866 1940 δοκεῖν
2898 1887 2996 1956 τῆς
3025 1886 3134 1940 τῶν
3165 1885 3304 1939 ἑπτά
3337 1886 3656 1956 ἑϐδομάδων
3677 1889 3763 1940 καὶ

504 1983 624 2038 sine
648 1983 938 2037 verissimo
968 1997 1030 2036 ac
1065 1979 1500 2050 profundissimo
1546 1981 1804 2044 consilio,
1845 1980 1931 2036 his
1963 1995 2073 2035 ver-

2190 1981 2292 2034 τῶν
2342 1980 2417 2052 ξβ⁹
2445 1979 2784 2052 διαιρέσεως,
2815 1979 2881 2050 ἢν
2932 1980 2961 2030 6
3009 1977 3150 2042 θεῖος
3183 1978 3358 2047 Λόγος
3403 1978 3634 2042 πάντως
3669 1995 3759 2030 που

502 2073 588 2128 bis
621 2091 633 2126 :
668 2092 685 2122 ι
712 2070 863 2126 Scito
893 2087 1022 2142 ergo
1065 2079 1118 2126 et
1148 2072 1518 2128 animadverte
1545 2091 1559 2128 :
1596 2073 1664 2128 ab
1696 2073 1844 2127 exitu
1877 2086 2071 2126 sermo-

2192 2073 2322 2142 μετά
2351 2090 2493 2136 τινος
2521 2071 2742 2140 εὐλόγου
2775 2069 3012 2133 διανοίας
3042 2071 3134 2122 καὶ
3161 2069 3476 2140 βαθυτάτης
3505 2071 3761 2132 συνέσεως

503 2167 610 2230 nis,
643 2176 699 2220 ut
729 2165 922 2220 iterum
953 2164 1252 2218 aediﬁcetur
1273 2163 1601 2228 Jerusalem,
1629 2181 1805 2236 usque
1831 2165 1896 2218 ad
1920 2165 2072 2220 Chri-

2192 2163 2478 2236 πεποίηται
2500 2165 2677 2234 φήσας
2703 2181 2716 2194 ·
2753 2183 2770 2214 ‹
2797 2163 2908 2216 Καὶ
2939 2162 3124 2236 γνώσῃ
3157 2165 3252 2216 xui.
3279 2165 3536 2234 συνήσεις
3559 2162 3666 2216 ἀπὸ
3687 2162 3761 2228 ἐξ·

504 2267 646 2314 stum
682 2257 897 2322 ducem,
939 2255 1310 2310 hebdomades
1347 2263 1575 2324 septem.
1617 2267 1670 2311 et
1711 2256 2073 2312 hebdomades

2190 2259 2299 2312 560v
2329 2258 2488 2326 λόγου
2505 2258 2598 2311 τοῦ
2634 2257 2994 2330 ἀποκριθῆναι
3029 2257 3122 2310 καὶ
3150 2256 3246 2309 τοῦ
3273 2257 3632 2327 οἰκοδομῆσαι
3671 2257 3759 2309 Ἱε-

501 2350 784 2420 sexaginta
815 2349 936 2404 duae
966 2355 1126 2404 erunt
1156 2369 1167 2404 :
1199 2357 1252 2403 et
1280 2363 1471 2403 rursus
1494 2347 1856 2404 rediﬁcabitur
1881 2351 2070 2419 platea,

2190 2350 2466 2422 ρουσαλὴμ
2508 2351 2612 2414 ἕως
2651 2348 2884 2420 Χριστοῦ
2917 2350 3220 2420 ἡγουμένου
3255 2349 3554 2418 ἐϐδομάδες
3583 2347 3648 2412 ζ’,
3678 2347 3759 2400 καὶ

501 2451 556 2498 et
585 2443 750 2496 muri.
779 2462 798 2494 ι
835 2441 1099 2496 Attendas
1134 2441 1278 2496 enim
1324 2457 1393 2494 an
1441 2441 1492 2494 vi
1527 2441 1688 2494 ducta
1721 2442 1873 2494 ﬁeret
1913 2441 2070 2495 inter-

2190 2443 2474 2514 ἑϐδομάδες
2528 2441 2601 2512 ξβ¹
2635 2443 2725 2496 καὶ
2773 2441 3090 2511 ἐπιστρέψει
3141 2441 3236 2495 καὶ
3277 2441 3759 2512 οἰκοδομηθήσεται

501 2537 759 2608 pretatio,
797 2543 1043 2604 tempora
1093 2533 1508 2588 uumerantibus
1555 2533 1625 2588 ab
1667 2535 1786 2605 ipso
1817 2532 1982 2606 Cyro,
2015 2532 2070 2588 de

2190 2535 2412 2590 πλατεία
2445 2537 2536 2587 καὶ
2563 2538 2756 2606 τεῖχος.
2791 2555 2808 2587 ι
2843 2537 2984 2607 Ὅρα
3011 2531 3074 2606 δὴ
3107 2536 3154 2586 εί
3183 2534 3256 2604 μὴ
3289 2533 3550 2596 ἀϐίαστος
3575 2533 3759 2602 γένοιτ’

499 2645 612 2701 quo
637 2628 824 2682 Daniel
847 2629 1213 2698 prophetizat.
1239 2627 1340 2680 Hic
1383 2642 1578 2696 nempe
1609 2627 1818 2696 primus
1854 2642 2068 2696 respon-

2190 2629 2247 2683 ἢν
2281 2629 2412 2700 ήμῖν
2443 2628 2476 2698 ἡ
2499 2627 2748 2698 διήγησις
2771 2624 2828 2692 ἐξ
2857 2625 3019 2680 αὑτοῦ
3043 2625 3248 2697 Κύρου,
3275 2626 3398 2679 καθ’
3427 2625 3488 2678 ὃν
3515 2627 3542 2678 ό
3571 2623 3759 2696 Δανιὴλ

503 2735 624 2775 sum
655 2719 720 2774 de
751 2717 1051 2774 Jerusalem
1085 2718 1486 2774 instauratione
1519 2717 1710 2780 edixit,
1737 2727 1875 2773 teste
1909 2717 2072 2774 Esdra

2190 2721 2536 2794 προφητεύει,
2567 2723 2694 2785 τοὺς
2746 2721 2967 2792 χρόνους
3021 2719 3542 2792 ἀπαριθμουμένοις.
3599 2714 3759 2782 Οὗτος

502 2811 590 2866 his
625 2813 836 2866 verbis:
871 2831 888 2862 ι
925 2813 980 2866 In
1035 2827 1179 2865 anno
1209 2811 1385 2881 primo
1420 2809 1546 2882 Cyri
1582 2811 1728 2882 regis
1763 2811 2071 2874 Persarum,

2190 2815 2287 2886 γὰρ
2314 2811 2407 2868 οὖν
2437 2815 2650 2886 πρῶτος
2685 2812 2782 2884 τὴν
2816 2813 2945 2885 περὶ
2978 2811 3069 2866 τοῦ
3113 2813 3392 2884 ἀνεγεῖραι
3435 2812 3534 2884 τὴν
3571 2813 3759 2884 Ἰερου-

503 2913 563 2958 υι
618 2904 983 2972 complerelur
1031 2903 1258 2957 verbum
1311 2902 1523 2957 Domini
1574 2918 1640 2958 ex
1683 2919 1777 2958 ore
1809 2903 2072 2969 Jeremizr,

2188 2905 2361 2978 σαλὴμ
2402 2907 2692 2978 ἀπόκρισιν
2733 2905 3012 2977 ἐξενήνοχε
3059 2905 3197 2958 κατά
3238 2905 3334 2976 τὴν
3381 2907 3440 2959 ἐν
3483 2907 3560 2976 τις,
3591 2907 3757 2978 1;”

501 2996 787 3052 Suscitavit
847 2993 1111 3048 Dominus
1166 2995 1419 3064 spiritum
1480 2995 1630 3066 Cyri,
1691 2995 1836 3062 regis
1883 2994 2070 3050 Persa-

2188 2999 2416 3070 γραφὴν,
2445 2997 2633 3050 τοῦτον
2684 2995 2911 3066 ἔχουσαν
2965 2995 3054 3048 τὸν
3105 2996 3332 3066 τρόπον·
3374 3013 3394 3048 ε
3430 2997 3540 3050 Καὶ
3585 2997 3644 3048 ἐν
3687 2997 3757 3067 τῷ

499 3101 624 3140 rum
655 3105 668 3139 :
695 3093 749 3138 et
779 3085 1020 3138 traduxit
1051 3101 1239 3138 vocem
1273 3085 1326 3138 in
1365 3085 1513 3138 oumi
1551 3100 1719 3152 regno
1753 3099 1876 3150 suo,
1913 3086 2068 3140 etiam

2188 3091 2381 3166 πρώτῳ
2417 3091 2525 3144 ἔτει
2571 3091 2753 3162 Κύρου
2799 3089 3062 3160 βασιλέως
3107 3089 3351 3162 Περσῶν,
3387 3089 3480 3142 τού
3511 3089 3757 3160 τελεσθῆ-

500 3189 599 3246 per
621 3173 960 3244 Scripturam
993 3175 1182 3229 dicens
1226 3195 1237 3229 :
1274 3174 1397 3228 llaec
1451 3175 1780 3246 dicitCyrus
1819 3192 1912 3230 rex
1953 3175 2069 3231 Per-

2186 3201 2264 3238 ναι
2293 3182 2450 3252 λόγον
2489 3185 2695 3254 Κυρίου
2735 3181 2841 3236 ἀπὸ
2889 3181 3154 3252 στόματος
3199 3181 3482 3253 Ἱερεμίου,
3511 3179 3755 3252 ἐξήγειρε

501 3283 686 3324 sarum
724 3286 737 3320 :
778 3265 971 3321 Omnia
1019 3283 1182 3337 regna
1221 3275 1382 3322 terrae
1433 3266 1582 3322 dedit
1629 3269 1764 3322 mihi
1815 3267 2070 3326 Dominus

2186 3275 2383 3349 Κύριος
2418 3275 2477 3329 τὺ
2505 3275 2720 3345 πνεῦμα
2745 3274 2930 3346 Κύρου
2964 3273 3222 3344 βασιλέως
3247 3273 3594 3344 Περσῶν,καὶ
3629 3291 3755 3343 παρ-

499 3361 648 3417 Deus
679 3361 825 3424 cceli,
865 3371 916 3416 et
949 3362 1064 3432 ipse
1105 3364 1364 3432 praecepit
1402 3361 1532 3416 mihi
1565 3369 1626 3415 ut
1667 3362 1996 3420 aediﬁcarem
2027 3364 2068 3420 ei

2186 3368 2399 3441 ήγγειλε
2431 3365 2614 3438 φωνὴν
2638 3367 2695 3418 ἐν
2729 3366 2880 3439 πάσῃ
2913 3365 3158 3438 βασιλείᾳ
3185 3365 3373 3428 αὑτοῦ,
3405 3365 3500 3418 καί
3559 3382 3624 3434 γε
3668 3367 3755 3432 ἐγ-

498 3455 721 3510 domum
765 3455 818 3509 in
848 3453 1174 3520 Jerusalem,
1209 3473 1329 3526 qua:
1365 3464 1449 3512 est
1479 3457 1534 3510 in
1573 3455 1780 3513 Judzea.
1809 3457 1944 3524 Quis
1993 3468 2067 3514 εει

2489 3433 2681 3530 λέγων·
2707 3433 2892 3522 omni;
2911 3433 3062 3513 εἶπεν
3088 3433 3268 3532 Κύρος
3292 3462 3320 3512 ό
3353 3433 3607 3528 βασιλεὺς
3625 3459 3757 3528 Περ-

496 3545 554 3600 in
585 3547 744 3603 vobis
782 3547 848 3602 de
891 3549 1150 3604 universo
1189 3549 1390 3620 populo
1431 3550 1584 3620 ejus?
1625 3549 1708 3605 Sit
1759 3550 1902 3606 Deus
1929 3551 2065 3606 illius

2186 3554 2318 3606 σῶν·
2355 3554 2543 3616 Πάσας
2587 3553 2687 3615 τὰς
2739 3551 3015 3622 βασιλείας
3053 3553 3150 3623 τ’ῆς
3193 3551 3298 3622 γῆς
3339 3549 3626 3621 παρέδωκέ
3669 3567 3755 3620 μοι

497 3654 625 3693 cum
655 3641 794 3712 ipso.
823 3641 1094 3696 Ascendat
1137 3642 1190 3696 in
1222 3641 1526 3699 Jerusalem
1564 3644 1674 3712 ’1’;
1710 3665 1726 3697 ›
1759 3653 1812 3700 et
1841 3645 2066 3716 reliqua.

2184 3646 2381 3719 Κύριος
2411 3649 2440 3700 ό
2483 3646 2614 3710 Θεὸς
2657 3645 2752 3700 τοῦ
2797 3645 3048 3717 ούρανοῦ,
3079 3644 3174 3698 καὶ
3217 3645 3381 3708 αὐτὸς
3421 3643 3753 3712 ἐπεσκέψατο

498 3729 711 3799 Quibus
749 3733 938 3788 addit:
977 3751 996 3784 ι
1025 3732 1138 3788 Rex
1185 3751 1403 3805 quoque
1453 3735 1631 3808 Cyrus
1678 3737 1904 3806 protulit
1946 3752 2067 3792 vasa

2184 3739 2264 3792 ἐπ’
2298 3738 2400 3810 ἐμὲ
2441 3739 2536 3792 τοῦ
2563 3737 2911 3809 οἰκοδομῆσαι
2945 3737 3093 3808 αὐτῷ
3120 3733 3266 3792 οῐκον
3305 3738 3362 3790 ἐν
3405 3737 3753 3808 Ἰερουσαλὴμ

497 3826 686 3895 templi
715 3823 952 3890 Domini,
986 3843 1106 3896 qua:
1128 3829 1326 3882 tulerat
1353 3827 1863 3904 Nabuchodonosor
1892 3829 1957 3884 de
1981 3827 2066 3885 Je-

2184 3834 2242 3902 τῇ
2282 3832 2340 3883 ἑν
2381 3829 2632 3902 Ἰουδαίᾳ.
2670 3827 2766 3894 Τίς
2787 3831 2845 3883 ἐν
2868 3831 2996 3901 ὑμῖν
3031 3827 3140 3882 ἀπὺ
3163 3829 3364 3892 παντὸς
3389 3827 3484 3881 τοῦ
3509 3827 3642 3882 λαοῦ
3665 3827 3753 3880 αύ-

499 3919 766 3980 rusalem,
803 3925 858 3972 et
889 3925 1151 3988 posuerat
1184 3935 1246 3974 ea
1277 3919 1332 3974 in
1367 3922 1573 3991 templo
1613 3922 1700 3978 dei
1731 3922 1838 3978 sui.
1875 3921 2068 3976 Protu-

2180 3923 2298 3990 roﬁ;
2327 3925 2439 3977 Καὶ
2469 3924 2619 3977 ἔσται
2651 3924 2680 3976 ό
2713 3922 2846 3988 Θεὸς
2871 3920 3034 3976 αὑτοῦ
3060 3923 3178 3993 μετ’
3209 3919 3394 3987 αὐτοῦ,
3428 3921 3525 3974 καὶ
3553 3919 3749 3990 ἀναϐή-

497 4007 563 4061 lit
612 4017 792 4062 autem
841 4023 904 4064 ea
952 4007 1150 4080 Cyrus,
1205 4025 1300 4064 rex
1344 4008 1661 4076 Persarum,
1707 4027 1802 4081 per
1851 4027 2066 4064 manum

2177 4033 2327 4070 σεται
2347 4018 2426 4080 είς
2460 4016 2812 4088 Ἰερουσαλήμ
2829 4034 2842 4045 ·
2867 4037 2889 4066 ι
2911 4015 3004 4068 καὶ
3031 4013 3098 4068 τά
3117 4013 3264 4084 ἑξῆς.
3289 4008 3384 4076 Οἷς
3405 4011 3745 4082 ἐπιφέρεται·

497 4097 830 4166 Mithridatis
865 4139 879 4162 ,
967 4107 1020 4155 et
1111 4105 1489 4158 annumeravit
1563 4119 1625 4159 ea
1712 4103 2066 4158 Samanassar

2181 4129 2200 4160 α
2229 4111 2337 4162 Καὶ
2379 4113 2407 4162 6
2463 4109 2715 4179 βασιλεὺς
2745 4107 2926 4178 Κύρος
2966 4105 3226 4178 ἐξήνεγκε
3277 4103 3346 4158 τὰ
3395 4103 3564 4174 σκεύη
3607 4101 3745 4156 οἴκου

497 4191 730 4262 principi
772 4191 912 4248 Juda
936 4193 1000 4250 ³¹.
1033 4213 1051 4245 ι
1096 4194 1303 4252 Deinde
1352 4203 1542 4250 narrat
1603 4195 1886 4266 Scriptura
1937 4210 2066 4266 quo-

2175 4203 2402 4274 Κυρίου,
2428 4202 2464 4256 ἃ
2515 4201 2702 4255 ἔλαϐεν
2744 4199 3211 4270 Ναϐουχοδονόσορ
3236 4197 3342 4250 ἀπὸ
3383 4192 3743 4266 Ἰερουσαλὴμ,

497 4283 661 4338 modo
715 4285 873 4354 primi
927 4283 1218 4342 redeuntes
1271 4288 1454 4357 templi
1517 4287 1872 4342 l'umlamenta
1921 4287 2066 4357 jece-

2175 4299 2268 4352 καὶ
2293 4299 2491 4351 ἔδωκεν
2521 4296 2660 4350 αὐτὰ
2687 4298 2744 4349 ἐν
2777 4295 2910 4367 οἴκῳ
2951 4294 3073 4347 θεοῦ
3105 4291 3292 4347 αὐτοῦ.
3323 4289 3435 4344 Καὶ
3465 4290 3741 4358 ἐξήνεγκεν

495 4375 627 4442 rint,
661 4377 938 4446 quomodo
973 4377 1026 4431 in
1059 4377 1340 4432 laboribus
1378 4377 1622 4447 impediti
1653 4379 1764 4432 sint
1805 4379 1907 4432 hoc
1939 4384 2064 4431 tem-

2176 4389 2314 4443 αὐτὰ
2342 4389 2544 4461 Κύρος,
2567 4390 2595 4441 ὁ
2629 4387 2884 4458 βασιλεὺς
2910 4385 3158 4456 Περσῶν,
3191 4385 3282 4438 ἐπὶ
3309 4387 3468 4456 χεῖρα
3501 4383 3745 4454 Μιθριδά-

492 4469 647 4540 poris
675 4469 984 4532 intervallo,
1019 4485 1196 4540 usque
1223 4468 1290 4522 ad
1321 4470 1608 4539 septimam
1632 4485 1904 4524 annorum
1934 4471 2061 4526 heb-

2173 4502 2265 4540 του
2297 4486 2389 4538 καὶ
2415 4484 2720 4556 ἠρίθμησεν
2745 4482 2884 4536 αύτὰ
2911 4481 2988 4552 τῷ
3019 4479 3636 4552 Σαμανασσάρ,ἆρχοντι
3659 4475 3742 4530 τοῦ

491 4561 801 4617 domadem.
835 4561 1208 4630 Quadraginta
1245 4561 1411 4632 igitur
1433 4571 1486 4617 et
1518 4577 1614 4618 sex
1645 4579 1912 4618 annorum
1946 4579 2060 4634 spa-

2185 4575 2373 4630 Ἰούδα.
2400 4595 2417 4626 ι
2439 4575 2560 4628 Ἑπὶ
2588 4574 2795 4637 τούτοις
2821 4575 3023 4646 ἱστορεῖ
3049 4573 3080 4644 ή
3113 4571 3305 4643 Γραφὴ
3337 4571 3414 4634 ὡς
3442 4569 3743 4630 ἀνελθόντες

491 4651 628 4705 tium
665 4665 696 4704 a
726 4650 869 4722 Cyro
899 4651 966 4705 ad
998 4658 1210 4706 sextum
1237 4649 1381 4704 Darii
1408 4667 1612 4708 annum
1637 4653 1870 4708 elabitur
1897 4653 2060 4709 donec

2172 4671 2221 4724 οι
2267 4671 2474 4742 πρῶτοι
2525 4667 2950 4724 καταϐάλλονται
2993 4667 3117 4729 τοὺς
3142 4665 3234 4719 τοῦ
3269 4665 3414 4736 ἱεροῦ
3447 4663 3739 4734 θεμελίους.

491 4743 680 4812 templi
709 4745 1048 4814 compleatur
1081 4743 1394 4798 aediﬁcatio.
1439 4744 1565 4800 Ideo
1601 4746 1668 4800 ab
1705 4745 1828 4801 aliis
1859 4745 2060 4817 primas

2174 4764 2266 4818 καὶ
2303 4764 2377 4826 ὼς
2411 4759 2684 4833 εἴργονταί
2717 4777 2779 4828 γε
2809 4761 2867 4812 ἐν
2896 4757 2973 4829 τῷ
3011 4757 3212 4828 μεταξὺ
3245 4757 3422 4832 χρόνῳ
3451 4757 3554 4826 τῆς
3589 4772 3743 4808 σπου-

489 4842 700 4905 septem
745 4834 1111 4891 hcbdomades
1159 4835 1446 4906 Scriptura
1498 4837 1760 4904 se'junxit,
1807 4839 2058 4894 interval-

2174 4859 2290 4929 δῆς,
2319 4858 2423 4920 ἕως
2465 4854 2556 4908 ἐπὶ
2586 4852 2820 4922 ἑϐδόμην
2853 4850 2989 4903 ἐτῶν
3019 4849 3310 4920 ἑϐδομάδα.
3329 4847 3743 4920 Τεσσαράκοντα

490 4927 603 4982 lum
675 4927 994 4997 signiﬁcans
1057 4927 1201 4984 inter
1259 4931 1496 4998 primum
1559 4929 1809 5000 conjecta
1881 4929 2059 5000 templi

2174 4927 2235 5022 (Γ
2267 4951 2335 5004 40
2367 4950 2440 5021 v°)
2467 4949 2595 5017 γοῦν
2620 4949 2713 5000 καὶ
2741 4945 2801 5012 ἓξ
2827 4945 2918 5016 ἔτη
2953 4945 3059 4999 ἀπὸ
3097 4943 3278 5014 Κύρου
3313 4943 3410 4996 καὶ
3446 4943 3540 4994 ἐπὶ
3563 4941 3622 4994 τὸ
3651 4943 3743 4993 Δα-

487 5020 886 5086 fuudamenta,
967 5021 1373 5092 perfectamque
1452 5023 1623 5078 totius
1684 5021 1900 5077 aedilicii
1967 5039 2056 5078 ex-

2175 5020 2317 5118 ρείου
2350 5020 2507 5098 ἕκτον
2531 5040 2648 5102 ἔτος
2671 5039 3091 5110 περιγράφεται,
3129 5039 3184 5088 ἐν
3218 5029 3261 5102 ᾧ
3295 5033 3467 5106 πέρας
3513 5033 3650 5104 ῐσχει
3679 5031 3740 5082 τὰ

485 5119 865 5170 structionem.
934 5113 1110 5186 Cyrus
1167 5116 1311 5170 enim
1344 5155 1358 5180 ,
1421 5131 1595 5170 annos
1645 5132 1814 5170 unum
1857 5122 1912 5170 et
1970 5115 2054 5168 tri-

2170 5113 2269 5206 τῆς
2299 5134 2392 5187 τοῦ
2426 5132 2556 5188 ναοῦ
2582 5131 2900 5204 οἰκοδομῆς·
2931 5129 3052 5184 ὅθεν
3081 5129 3306 5191 εἰκότως
3334 5127 3442 5180 ἀπὸ
3487 5125 3596 5178 τῶν
3637 5123 3739 5176 λοι-

485 5206 636 5276 ginta
693 5221 820 5260 cum
883 5205 1259 5276 regnavisset,
1307 5205 1561 5278 Cambysi
1607 5205 1716 5262 ﬁlio
1774 5207 2054 5277 imperium

2175 5205 2291 5284 πών
2315 5227 2614 5298 ἑϐδομάδας
2641 5225 2682 5290 ζ’
2705 5225 2803 5288 τὰς
2830 5221 3050 5294 πρώτας
3065 5226 3093 5276 6
3123 5221 3278 5287 λόγος
3297 5219 3631 5290 ἀφωρίσατο,
3652 5215 3735 5268 τὸν

483 5298 749 5366 tradidit;
817 5299 926 5361 cui,
991 5307 1118 5368 post
1189 5315 1382 5354 novem
1451 5314 1722 5356 annorum
1791 5317 2052 5372 regnum,

2174 5320 2377 5395 μεταξὺ
2410 5320 2598 5392 χρόνον
2633 5319 2734 5388 τῆς
2765 5317 2988 5389 πρώτης
3019 5316 3322 5386 καταϐολῆς
3357 5315 3465 5367 τῶν
3499 5313 3591 5366 τοῦ
3617 5309 3733 5364 ναοῦ

482 5389 684 5446 Darius
757 5391 1060 5455 successit,
1141 5391 1489 5460 iterumque,
1570 5392 1714 5446 sicut
1785 5393 2051 5464 quondam

2173 5389 2441 5484 θεμελίων
2467 5411 2560 5464 καὶ
2585 5410 2682 5481 τῆς
2707 5411 2787 5472 εἰς
2807 5409 2973 5480 ἄκρον
3003 5407 3166 5462 αὐτοῦ
3193 5403 3626 5476 ἀναπληρώσεως
3647 5405 3733 5470 ἐμ-

481 5481 677 5553 Cyrus.
699 5481 1002 5539 Jerusalem
1034 5483 1404 5538 aadilicandam
1438 5483 1618 5538 edicto
1641 5485 1828 5554 jussit.
1883 5487 2050 5556 Atque

2171 5481 2336 5576 φῆναι
2371 5503 2711 5575 βουλόμενος.
2735 5502 2916 5573 Κύρος
2947 5501 3043 5572 μὲν
3071 5499 3178 5572 γάρ
3213 5499 3305 5568 ἐτη
3332 5498 3620 5569 τριάκοντα
3647 5493 3733 5547 καὶ

483 5581 636 5628 sexto
666 5575 786 5644 ejus
813 5575 1024 5645 imperii
1057 5587 1222 5636 anno,
1247 5573 1338 5643 qui
1385 5573 1836 5646 quadragesimus
1874 5585 2052 5632 sextus

2171 5573 2245 5651 ἐν-
2271 5573 2617 5668 βασιλεύσας,
2649 5594 2924 5668 Καμϐύσῃ
2972 5593 3050 5666 τῷ
3101 5593 3248 5647 παιδὶ
3285 5591 3614 5663 παραδίδωσι
3639 5587 3729 5658 τὴν

487 5681 516 5721 a
559 5665 703 5737 Cyro
723 5679 862 5730 erat,
885 5665 1172 5722 aediﬁcatio
1205 5663 1506 5736 perﬁcitur.
1537 5665 1694 5724 Unde
1729 5667 1782 5722 in
1817 5665 2056 5723 Salvato-

2169 5691 2370 5764 ἀρχήν·
2401 5682 2461 5743 οὗ
2497 5690 2587 5742 ἐπὶ
2615 5687 2774 5743 ἐννέα
2797 5685 3177 5758 διαγενομένου
3205 5683 3367 5748 ἔτεσι,
3399 5684 3614 5755 Δαρεῖος
3637 5677 3729 5748 τὴν

553 5845 620 5878 ευ
659 5843 676 5898 1
711 5845 870 5902 Esdr.
901 5863 939 5916 ι,
983 5849 1092 5903 1-5.
1170 5850 1213 5881 ι·
1255 5847 1383 5902 ibid.
1417 5847 1470 5912 7,
1507 5847 1560 5902 8.
