3974 6494
197 457 331 515 1181

1181 457 1475 517 ECLOGA:
1505 452 2128 514 PROPHETICE.'—”
2140 451 2271 509 LIB.
2311 448 2401 506 Ill.

3315 440 3450 493 1189.

195 575 481 645 βασιλείαν
533 577 886 650 παραλαϐὼν,
935 572 1089 641 αὖθις
1150 577 1288 648 μετὰ
1343 578 1526 648 Κῦρον
1567 575 1654 629 διὰ
1680 574 1762 628 τοί

1879 587 1995 628 rem
2047 579 2296 626 nostrum
2344 565 2544 622 invecti
2597 563 2888 619 dicebant:
2923 579 2943 612 ι
2988 555 3359 628 Quadraginta
3396 565 3450 612 et

194 669 635 740 προγράμματος
665 671 764 743 τὴν
791 671 1140 742 Ἰερουσαλὴμ
1162 669 1575 740 οἰκοδομηθῆναι
1608 685 1779 740 προσ-

189 761 402 814 τάττει.
433 762 542 814 Καὶ
573 761 636 833 δὴ
670 762 810 816 κατὰ
837 764 898 815 τὸ
935 762 1092 815 ἕκτον
1116 760 1280 815 αύτοῦ
1317 761 1415 830 τῆς
1437 761 1612 831 ἀρχῆς
1635 759 1774 824 ἔτος,

191 854 336 922 ὅπερ
365 849 434 923 ἦν
459 853 566 906 ἀπὸ
587 855 771 924 Κύρου
794 854 1228 926 τεσσαρακοστὸν
1256 854 1350 906 καὶ
1382 853 1558 918 ἕκτον,
1580 853 1649 907 τὰ
1677 853 1778 923 τῆς

189 947 490 1019 οἰκοδομῆς
521 947 958 1020 ἀποπληροῦται·
991 948 1112 1002 ὅθεν
1132 945 1440 1017 ὁρμώμενοι
1468 944 1544 1015 τῷ
1568 946 1776 1016 Σωτῆρι

189 1040 354 1110 ἡμῶν
400 1042 582 1109 ελεγον
603 1056 617 1068 ’
653 1059 670 1092 t
713 1043 782 1095 M'
816 1041 908 1093 καὶ
943 1039 1001 1105 ἒξ
1033 1039 1208 1092 ἐτεσιν
1238 1024 1562 1108 ᾠκοδομήθη
1595 1039 1624 1090 ὁ
1649 1035 1778 1099 ναὸς

188 1128 372 1200 οὗτος,
408 1136 504 1190 καὶ
558 1137 620 1189 σὺ
665 1137 721 1188 ἐν
769 1136 944 1206 τρισὶν
987 1133 1220 1204 ἡμέραις
1267 1133 1478 1202 ἐγερεῖς
1525 1129 1718 1192 αύτόν;
1750 1147 1770 1180 ι

188 1227 352 1280 Κατὰ
378 1228 434 1280 δὲ
466 1227 558 1280 τὸν
595 1226 856 1297 Ἰώσηπον
900 1233 941 1278 o'
975 1225 1060 1296 (θ’)
1093 1225 1188 1278 καὶ
1224 1230 1274 1294 μ’
1300 1223 1393 1293 ἐτη
1421 1219 1663 1293 ἀκριϐῶς
1706 1219 1775 1273 τὰ

186 1320 301 1374 ἀπὸ
329 1321 514 1394 Κύρου
547 1323 638 1375 ἐπὶ⁴
668 1321 726 1374 τὸ
758 1319 984 1393 Δαρείου
1018 1319 1204 1372 ἔνατον
1234 1317 1350 1379 ἔτος
1379 1315 1686 1383 συνάγεται,
1716 1313 1774 1365 ἐν

182 1405 231 1479 ᾧ
270 1413 428 1478 τέλος
467 1413 732 1467 ἐπιθεῖναι
774 1416 839 1484 τῇ
876 1411 966 1466 τού
998 1409 1127 1465 ναοῦ
1158 1409 1410 1479 οἰκοδομῇ
1440 1411 1496 1461 ἐν
1527 1406 1604 1477 τῷ
1628 1405 1774 1458 ἐνδε-

182 1503 342 1575 κάτῳ
372 1505 472 1574 τῆς
504 1505 951 1574 Ἀρχαιολογίας
970 1504 1131 1573 φησὶν
1149 1501 1418 1568 αύτολεξεὶ
1433 1500 1606 1571 δηλῶν
1631 1500 1776 1551 οίκο-

182 1596 598 1670 δομηθήσεσθαι
647 1599 738 1652 τὸν
789 1598 915 1652 ναὸν
951 1597 992 1662 ζ’
1026 1597 1149 1667 (sic)
1190 1596 1318 1668 μηνὶ
1338 1594 1430 1648 τοῦ
1463 1594 1648 1647 ἐνάτου
1674 1593 1773 1662 τῆς

182 1688 279 1740 ἰπὶ
308 1689 536 1759 Δαρείου
567 1687 841 1758 βασιλείας
864 1687 1045 1750 έτους·
1082 1680 1162 1748 οἷς
1183 1685 1275 1738 καὶ
1303 1682 1547 1753 ἐπιφέρει
1569 1680 1768 1748 λέγων·

187 1797 205 1828 ι
237 1777 574 1847 Κατῲκισαν
615 1778 670 1831 δέ
704 1779 760 1830 ἐν
793 1779 903 1839 τοῖς
936 1774 1322 1847 Ἰεροσολύμοις
1355 1771 1597 1840 πολιτείᾳ
1623 1768 1769 1842 χρώ-

183 1885 341 1939 μενοι
389 1868 928 1941 ἀριστοκρατῐορ]ικῇ
981 1867 1118 1939 μετὰ
1163 1865 1505 1936 ὀλιγαρχίαςο
1557 1865 1604 1914 οἰ
1659 1860 1768 1932 γὰρ

180 1962 356 2030 ἱερεῖς
408 1963 816 2033 προεστήκεσαν
867 1961 972 2014 τῶν
1010 1959 1368 2031 πραγμάτων,
1395 1957 1520 2028 ἄχρι
1554 1949 1614 2008 οὗ
1641 1955 1766 2017 τοὺς
1800 1991 1840 2047 Β

189 2053 572 2124 Ἀσαμωναίου
605 2053 797 2124 συνέϐη
832 2052 1130 2122 βασιλεύειν
1159 2051 1434 2120 ἐγγόνους.
1461 2069 1480 2100 ι
1507 2047 1630 2099 Αἵδε
1667 2046 1765 2116 μὲν

175 2159 274 2195 ουν
304 2145 361 2195 αἱ
396 2145 455 2196 ἐν
477 2145 543 2214 τῇ
569 2142 870 2214 προφητείᾳ
901 2142 1195 2213 φερόμεναι
1224 2142 1267 2205 ζ’
1295 2138 1583 2209 ὲϐδομάδες
1607 2137 1686 2198 είς
1705 2135 1765 2188 τὸ

177 2232 666 2304 προδεδηλωμένον
717 2232 835 2296 ἔτος
882 2233 1107 2304 Δαρείου
1140 2229 1600 2302 περιοριζόμεναι,
1635 2227 1769 2298 πρό-

172 2322 339 2394 δηλον
369 2341 462 2378 ουν
483 2324 549 2376 δι’
570 2325 637 2395 ἦν
663 2324 839 2378 αἰτίαν
870 2324 976 2377 τῶν
999 2323 1132 2391 (τὸν)
1160 2323 1267 2376 ἀπὸ
1287 2322 1390 2374 τῶν
1413 2319 1612 2373 λοιπῶν
1636 2320 1768 2388 ἀφο-

176 2411 379 2484 ρισμδν
421 2413 967 2484 είλήφασιν.”1δωμεν
995 2412 1049 2464 δέ
1081 2412 1173 2464 καὶ
1209 2411 1310 2474 τὰς
1342 2410 1535 2472 λοιπὰς
1568 2409 1643 2478 ξβ¹
1674 2409 1766 2461 ἐπὶ

176 2505 373 2568 ποίους
405 2503 804 2576 περιορίζονται
851 2504 1094 2574 χρόνους.
1122 2504 1194 2556 Τὸ
1224 2503 1322 2574 μὲν
1350 2501 1413 2574 δὴ
1440 2501 1622 2555 ἔνατον
1649 2500 1764 2565 ἔτος

175 2597 409 2667 Δαρείου
433 2597 573 2649 κατὰ
598 2595 694 2667 τὴν
722 2597 955 2668 ἑϐδόμην
985 2596 1076 2649 καὶ
1099 2594 1394 2666 ἑξηκοστὴν
1429 2591 1764 2662 Ὀλυμπιάδα

177 2689 248 2741 ἐκ
281 2689 383 2758 τῆς
419 2687 528 2741 τῶν
577 2689 707 2757 παρ’
744 2687 969 2758 Ἕλλησι
1014 2688 1402 2759 χρονογράφων
1433 2686 1763 2756 παρίσταται

180 2779 454 2850 ἱστορίαςο
481 2778 589 2832 άπὸ
629 2779 690 2850 δὴ
728 2775 818 2832 οὖν
854 2779 1058 2849 ταύτης
1085 2779 1176 2832 ἐπὶ
1210 2779 1309 2849 τὴν
1342 2779 1640 2852 ἑκατοστὴν
1673 2781 1767 2831 ὲκ-

176 2872 514 2942 καιδεκάτην
557 2871 914 2943 Ὀλυμπιάδα,
951 2872 1071 2925 καθ’
1098 2873 1164 2941 ἢν
1209 2871 1468 2934 Σέλευκος
1505 2871 1640 2942 μετὰ
1666 2871 1763 2941 τὴν

188 2963 545 3036 Ἀλεξάνδρου
569 2965 823 3036 τελευτὴν
849 2964 1046 3036 Συρίας
1071 2964 1286 3033 ἁπάσης
1307 2965 1400 3018 καὶ
1421 2964 1765 3029 Βαϐυλωνίας

175 3056 506 3128 ἐκράτησεν,
544 3056 635 3127 ἔτη
663 3057 870 3125 γίνεται
898 3063 942 3109 σ¹
958 3073 972 3086 ο
1003 3057 1251 3110 ἐντεῦθεν
1274 3055 1316 3108 δ’
1341 3056 1432 3108 ἐπὶ
1455 3055 1554 3126 τὴν
1579 3055 1762 3108 τελευ-

173 3147 277 3219 τὴν
301 3149 544 3220 Σίμωνος
563 3189 578 3210 ,
615 3148 880 3202 Ἰουδαίων
916 3149 1216 3221 ἀρχιερέως
1232 3189 1246 3211 ,
1269 3147 1371 3217 τῆς
1400 3147 1540 3201 κατὰ
1565 3147 1765 3218 Συρίαν

176 3241 357 3310 ἀρχῆς
389 3239 434 3303 ζ’
461 3241 556 3292 καὶ
584 3245 624 3292 o'
659 3241 752 3293 καὶ
790 3246 835 3310 ρ’
857 3239 1196 3308 διαγενέσθαι
1227 3241 1260 3310 ή
1293 3238 1484 3310 πρώτη
1524 3238 1638 3292 τῶν
1664 3256 1764 3292 κα-

1880 680 1975 720 sex
2018 663 2177 718 annis
2225 660 2549 716 aediﬁcatum
2595 665 2684 712 est
2711 653 2973 723 templum
3027 652 3170 714 hoc,
3223 659 3277 705 et
3307 657 3366 703 tu
3392 648 3449 702 in

1877 755 2053 809 tribus
2075 753 2268 808 diebus
2289 750 2554 806 excitabis
2592 747 2720 801 illud
2747 746 2853 799 ""2
2890 765 2910 796 ι
2933 741 3097 798 Juxta
3129 749 3311 795 autem
3351 736 3452 795 Jo-

1886 844 2113 914 sephum
2141 857 2335 898 novem
2359 849 2414 895 et
2447 837 2804 909 quadraginta
2835 835 2964 888 anni
2992 838 3121 889 sunt
3153 847 3184 886 a
3216 830 3359 901 Cyro
3377 829 3447 883 ad
3535 848 3539 851 ·

1876 951 2079 991 nonum
2117 935 2263 988 Darii
2319 949 2544 996 annum,
2578 946 2706 1000 gquo
2760 928 3054 999 perfectam
3121 924 3256 978 dicit
3308 929 3448 977 tem-

1877 1029 1948 1098 pli
1971 1026 2418 1087 aedificationem,
2475 1025 2530 1077 in
2567 1023 2854 1077 undecimo
2902 1016 3275 1087 Arcltwologt'a:
3307 1015 3448 1068 libro

1876 1121 2060 1190 templi
2094 1117 2543 1173 instaurationem
2571 1129 2802 1168 narrans
2835 1113 3066 1181 septimo
3109 1109 3250 1162 Darii
3296 1106 3447 1176 regni

1874 1211 2002 1263 noni
2029 1209 2158 1261 anni
2188 1222 2372 1263 mense
2411 1205 2735 1259 absolutam.
2783 1202 3093 1270 Additque:
3138 1219 3156 1250 ‹
3211 1197 3448 1266 Eratque

1875 1308 2005 1355 tunc
2035 1297 2539 1368 Hierosolymitanis
2567 1294 2910 1348 aristocratia
2943 1291 3236 1360 oligarchia
3261 1289 3442 1353 mista;

1873 1391 2340 1447 sacerdotesenim
2360 1390 2522 1442 rebus
2553 1387 2908 1456 praefuerunt.
2940 1385 3112 1437 donec
3137 1379 3444 1436 Asamonaei

1871 1485 2074 1555 posteri
2106 1483 2436 1539 sortirentur
2468 1495 2691 1548 regnum
2725 1477 2822 1546 fl).
2863 1496 2881 1528 ι
2916 1475 3008 1530 Hae
3038 1476 3201 1544 igitur
3232 1475 3284 1526 in
3316 1487 3443 1543 pro-

1874 1576 2053 1647 phetia
2077 1576 2257 1630 relatae
2291 1583 2496 1642 septem
2531 1569 2914 1630 hebdomades,
2959 1582 3080 1637 quae.
3129 1567 3196 1620 ad
3239 1580 3444 1619 nonum

1871 1670 2017 1724 Darii
2049 1683 2252 1723 annum
2287 1667 2568 1727 desinunt,
2606 1664 2765 1718 istam
2800 1663 2871 1717 ob
2903 1676 3122 1715 causam
3155 1676 3185 1712 a
3229 1659 3443 1712 caeteris

1869 1761 2258 1817 discriminata:
2288 1765 2434 1814 sunt.
2467 1755 2763 1810 Videamus
2797 1770 2943 1807 nunc
2989 1753 3056 1806 ad
3107 1765 3227 1821 quae
3275 1750 3446 1820 perti-

1869 1861 2035 1908 neant
2067 1860 2312 1921 tempora
2341 1850 2561 1919 reliquae
2589 1845 2955 1902 hebdomades
2989 1845 3271 1921 sexaginta
3300 1841 3441 1896 duae.

1869 1941 2056 1997 Nonus
2085 1919 2231 1994 Darii
2263 1953 2442 1993 annus
2479 1937 2634 2006 juxta
2671 1936 2981 1990 Graecorum
3017 1919 3259 1988 historiae
3281 1931 3446 1985 chro-

1868 2035 2140 2104 nologiam
2163 2032 2405 2102 septimae
2433 2037 2485 2084 et
2507 2028 2858 2098 sexagesima:
2879 2025 3182 2097 Olympiadi
3215 2039 3443 2093 respon-

1865 2128 1982 2193 det;
2002 2126 2069 2180 ab
2094 2125 2193 2178 hac
2210 2121 2274 2175 ad
2294 2122 2644 2176 centesimam
2663 2126 2872 2174 sextam
2888 2118 3152 2172 decimam
3167 2115 3444 2186 Olympia-

1866 2221 2011 2284 dem,
2043 2233 2146 2288 qua
2188 2217 2470 2280 Seleucus,
2503 2211 2814 2267 Alexandro
2863 2220 3100 2271 mortuo,
3137 2209 3293 2278 Syria
3327 2215 3439 2260 tota

1866 2327 1929 2366 ac
1967 2311 2261 2382 Babylonia
2293 2308 2500 2379 potitus
2537 2313 2652 2367 est,
2705 2302 2832 2356 anni
2866 2309 2995 2357 sunt
3023 2300 3275 2364 ducenti;
3313 2298 3440 2352 hinc

1865 2404 1932 2458 ad
1968 2411 2194 2457 mortem
2231 2400 2494 2462 Simonis,
2523 2396 2837 2452 Iudaeorum
2870 2394 3068 2450 summi
3112 2392 3436 2454 sacerdotis,

1865 2496 1967 2550 sub
1998 2495 2278 2566 Syriarum
2305 2493 2512 2547 ditione
2539 2500 2744 2560 septem
2772 2497 2826 2544 et
2864 2488 3203 2557 septuaginta
3234 2494 3288 2540 et
3310 2501 3442 2539 cen-

1864 2596 1978 2642 tum
2009 2587 2281 2642 ctiluxisse
2315 2601 2490 2640 annos
2535 2585 2746 2654 primus
2775 2581 3210 2636 Machabworum
3262 2580 3400 2633 liber
3422 2621 3436 2645 ,

1865 2683 1956 2754 qui
1984 2683 2268 2738 historiam
2322 2682 2389 2736 ad
2441 2679 2715 2733 Simonem
2755 2693 2930 2747 usque
2969 2684 3194 2740 narrat,
3249 2676 3441 2730 memi-

1863 2779 1944 2832 nit
1989 2777 2053 2829 ³⁸.
2087 2775 2297 2831 Rursus
2331 2773 2526 2830 exinde
2581 2772 2924 2828 sacerdotum
2977 2771 3171 2826 seriem
3215 2785 3442 2824 accura-

1863 2870 2074 2925 tissime
2103 2869 2344 2925 referens
2364 2869 2634 2939 Josephus
2665 2868 2762 2939 (9).
2789 2879 2908 2936 post
2942 2865 3217 2920 Simonem
3255 2872 3441 2918 narrat

1864 2962 2149 3032 praefuisse
2175 2963 2371 3032 populo
2411 2960 2673 3015 Joannem
2705 2969 2757 3014 et
2798 2959 3106 3030 Hyrcanum
3134 2974 3306 3012 annos
3343 2972 3441 3011 no-

1865 3068 1980 3108 vem
2033 3059 2087 3106 et
2157 3051 2390 3122 viginti;
2440 3051 2566 3105 huic
2631 3064 3007 3107 successorem
3066 3048 3438 3104 Aristobulum

1864 3160 2030 3199 unum
2068 3145 2381 3215 regnavisse
2412 3159 2647 3211 annum;
2690 3159 2798 3214 quo
2830 3153 3042 3196 mortuo
3070 3143 3438 3197 Alexandrum

1864 3243 2068 3306 septem
2113 3246 2166 3290 et
2196 3235 2385 3306 viginti
2433 3251 2645 3300 annos,
2702 3243 2755 3291 et
2808 3242 2931 3306 post
2980 3250 3102 3288 eum
3152 3234 3438 3305 conjugem

174 3331 458 3402 λουμένων
492 3331 901 3384 Μακκαϐαῖκῶν
932 3332 1184 3403 σημαίνει
1215 3331 1421 3403 γραφὴ,
1459 3332 1617 3403 μέχρι
1641 3331 1760 3385 τού-

1865 3328 2248 3394 Alexandram,
2281 3329 2346 3383 ad
2386 3345 2547 3399 quam
2597 3343 2786 3382 omnes
2824 3327 2890 3380 ab
2925 3341 3068 3380 anno
3101 3325 3245 3378 Darii
3294 3342 3438 3380 nono

173 3438 270 3476 του
320 3426 734 3494 περιγράφουσα
777 3423 878 3494 τὴν
929 3423 1189 3495 ἱστορίαν.
1241 3423 1407 3476 Πάλιν
1438 3423 1484 3476 δ’
1512 3421 1759 3476 ἐντεῦθεν

173 3513 277 3579 τὰς
309 3514 418 3568 τῶν
446 3515 638 3587 ἱερέων
669 3516 916 3586 διαδοχάς
943 3515 1309 3587 ἀκριϐέστατα
1339 3517 1761 3587 ἐπισημαινόμε-

173 3623 267 3671 νος
316 3609 344 3660 ὁ
387 3605 648 3677 Ἰώσηπος
705 3608 842 3678 μετὰ
888 3608 1106 3678 Σίμωνα
1153 3608 1244 3660 τὸν
1288 3607 1760 3679 προδεδηλωμένον

173 3699 314 3771 φησὶ
343 3699 756 3773 καθηγήσασθαι
793 3700 888 3754 τοῦ
932 3700 1062 3754 λαοῦ
1097 3701 1348 3772 Ἰωάννην
1377 3700 1467 3753 τὸν
1497 3701 1591 3755 καὶ
1631 3700 1757 3771 Ὑρ·

174 3789 346 3843 κανὸν
374 3788 553 3841 ἔτεσιν
598 3788 641 3841 θ’
676 3789 770 3842 καὶ
812 3796 861 3842 κ’
881 3806 896 3819 ·
929 3789 1117 3842 τοῦτον
1147 3789 1204 3842 δὲ
1235 3789 1573 3859 διαδέξασθαι
1615 3788 1762 3860 Ἀρι-

174 3879 488 3944 στόϐουλον,
518 3880 577 3933 ὃν
601 3883 694 3933 καὶ
727 3880 1035 3951 βασιλεῦσαι
1072 3883 1315 3936 ἐνιαυτόν
1335 3899 1349 3912 ⁸
1385 3883 1523 3954 μετὰ
1556 3881 1610 3935 δέ
1637 3880 1761 3934 τοῦ-

172 3988 266 4026 τον
303 3971 652 4044 Ἀλέξανδρος
679 3973 823 4026 ἔτεσι
852 3973 954 4039 κζ’,
989 3973 1105 4045 μεθ’
1131 3974 1188 4027 ὃν
1216 3973 1312 4044 τὴν
1339 3977 1568 4043 γυναῖκα
1608 3972 1759 4026 Ἀλε-

171 4063 430 4136 ξάνδραν,
464 4066 548 4134 ἐφ’
574 4066 640 4136 ἢν
680 4066 746 4119 τὰ
793 4067 968 4120 πάντα
996 4067 1102 4121 ἀπὸ
1134 4067 1322 4120 ἐνάτου
1346 4067 1500 4130 ἔτους
1532 4068 1756 4138 Δαρείου

173 4156 268 4227 ἔτη
308 4156 600 4225 συνάγεται
628 4157 754 4221 υλδ’,
791 4160 964 4212 ὁπόσα
1007 4160 1050 4212 δ’
1078 4161 1142 4213 ἂν
1188 4160 1399 4228 γένοιτο
1445 4162 1508 4213 ἐκ
1549 4161 1657 4214 τῶν
1681 4159 1758 4230 ξβ⁹

171 4249 485 4318 ἑϐδομάδων
526 4253 582 4302 ἐν
630 4245 795 4314 αἷςοὶ
830 4252 1058 4321 χριστοὶ
1098 4252 1406 4323 ἡγούμενοι,
1441 4247 1583 4308 οὗτοι
1616 4253 1660 4305 δ’
1692 4253 1758 4306 ἂν

171 4335 284 4394 εἶεν
306 4341 355 4393 οἱ
377 4341 670 4414 ἀρχιερεῖς,
686 4344 979 4414 ἀρξάμενοι
1004 4345 1110 4397 ἀπὸ
1130 4343 1310 4415 Κύρου
1338 4343 1445 4396 τῶν
1460 4344 1552 4397 τοῦ
1575 4344 1759 4409 ἔθνους

171 4431 523 4502 προέστησαν
567 4435 925 4504 πραγμάτων.
958 4435 1234 4506 Πρόδηλον
1274 4436 1385 4506 γὰρ
1427 4435 1534 4489 ἀπό
1573 4453 1630 4488 τε
1657 4437 1758 4507 τῆς

174 4525 330 4596 ιερᾶς
359 4525 602 4596 Γραφῆς,
635 4528 694 4579 ού
736 4527 834 4596 μὲν
871 4527 1022 4600 (μὴν)
1054 4527 1187 4581 ἀλλὰ
1223 4529 1315 4581 καὶ
1341 4528 1447 4582 άπὸ
1475 4529 1583 4581 τῶν
1627 4547 1758 4603 προ-

167 4616 432 4670 τεθεισῶν
457 4617 550 4669 τοῦ
591 4619 852 4689 Ἰωσήπου
886 4619 1097 4689 φωνῶν,
1120 4619 1194 4682 ὡς
1221 4621 1302 4673 ὄτι
1351 4621 1486 4690 μετὰ
1516 4620 1613 4692 τὴν
1648 4622 1756 4674 άπὸ

173 4707 496 4773 Βαϐυλῶνος
527 4709 804 4776 ἐπάνοδον,
859 4711 918 4776 ἐξ
968 4710 1130 4764 αὑτοῦ
1192 4712 1363 4780 Ἰησοῦ
1419 4711 1512 4765 τοῦ
1563 4713 1751 4784 ἱερέως

168 4796 266 4850 τοῦ
328 4797 564 4868 μεγάλου
621 4801 850 4871 ἡγεμόσι
900 4801 993 4854 καὶ
1038 4800 1262 4872 ἄρχουσι
1299 4803 1409 4864 τοῖς
1447 4801 1587 4854 κατὰ
1633 4801 1750 4855 δια-

166 4887 332 4958 δοχὴν
346 4889 604 4958 ἐχρῶντο,
628 4890 784 4961 μέχρι
801 4887 873 4944 ὧν
890 4892 918 4945 ὁ
941 4890 1198 4964 Ἰώσηπος
1213 4893 1464 4963 ὀνομάζει
1493 4895 1550 4945 Ἀ
1561 4911 1753 4964 σαμω-

168 4978 323 5031 ναίου
358 4978 580 5044 παίδων,
599 4980 690 5045 οὓς
707 4985 738 5052 ή
757 4983 944 5055 Γραφὴ
960 4983 1348 5049 Μακκαϐαίους
1367 4984 1427 5054 (Γ.
1442 4987 1529 5056 41)
1547 4987 1756 5058 ὠνόμα-

170 5085 288 5132 σεν,
317 5061 622 5141 ὧνπρῶτος
655 5072 1076 5144 ἀρχιεράτευσεν
1119 5074 1314 5138 Ἰούδας
1335 5076 1363 5128 ό
1392 5077 1752 5140 Μακκαϐαῖος

165 5160 512 5232 ἐπικληθεὶς,
528 5163 587 5227 ὃς
607 5164 700 5216 καὶ
717 5165 1066 5239 καθηγήσατο
1081 5167 1172 5221 τοῦ
1188 5168 1317 5222 λαοῦ
1341 5169 1466 5232 τοὺς
1482 5170 1750 5240 Ἀντιόχου

167 5256 601 5326 τῳπωσὰμενος
650 5262 1007 5331 στρατηγούς.
1043 5261 1180 5317 Μεθ’
1205 5261 1263 5315 ὃν
1304 5261 1555 5334 Ἰωνάθης
1596 5261 1749 5316 ἁδελ-

169 5344 272 5412 φὺς
305 5346 472 5399 αὐτοῦ
498 5346 632 5418 ὁμοῦ
661 5348 758 5417 τὴν
782 5351 1192 5423 ἀρχιερωσύνην
1237 5353 1330 5406 καὶ
1375 5353 1472 5424 τὴν
1497 5351 1594 5406 τοῦ
1618 5351 1747 5405 λαοῦ

166 5437 528 5508 διαλαμϐάνει
573 5441 906 5511 προστασίαν
927 5459 941 5473 ·
986 5444 1077 5496 καὶ
1110 5441 1266 5509 αὖθις
1303 5445 1490 5499 τούτου
1526 5443 1752 5514 ἀδελφὸς

169 5531 358 5602 Σίμων
385 5533 698 5604 ἀρχιερεὺς,
728 5533 844 5604 μεθ’
876 5528 935 5588 ὃν
975 5535 1257 5608 Ὑρκανὸς,
1294 5538 1412 5610 μεθ’
1438 5538 1498 5594 ὃν
1527 5539 1746 5607 Ἰούδας,

241 5686 308 5721 ιι·
353 5685 514 5763 ιοφη,
545 5705 608 5758 ιι,
635 5688 722 5743 20.
803 5689 848 5721 ³³
883 5688 905 5742 ῐ
940 5689 1184 5747 Machab.
1210 5711 1245 5750 ι.

239 5844 322 5918 (1)
351 5843 574 5918 Ioseph.
605 5848 762 5906 Arch.
790 5867 869 5915 xu,
899 5851 953 5913 1,
985 5851 1038 5906 8.

1863 3421 1989 3474 anni
2020 3429 2252 3489 quatuor
2276 3427 2330 3473 et
2363 3419 2581 3487 triginta
2619 3425 2671 3470 et
2721 3416 3101 3486 quadringenti
3145 3414 3398 3469 efﬂuxere
3419 3456 3434 3477 ,

1862 3513 1956 3583 qui
1995 3519 2124 3566 sunt
2155 3510 2438 3581 sexaginta
2472 3509 2593 3564 duae
2623 3506 3023 3570 hebdomades,
3070 3507 3270 3576 quibus
3300 3520 3438 3576 prae-

1863 3605 2083 3660 fuerunt
2125 3603 2346 3664 Christi,
2401 3604 2599 3656 summi
2657 3601 2863 3657 scilicet
2900 3600 3232 3661 sacerdotes.
3269 3598 3360 3669 qui
3404 3614 3437 3653 a

1859 3693 2001 3766 Cyro
2019 3694 2202 3764 populi
2221 3693 2383 3747 rebus
2400 3691 2747 3763 praefuerunt.
2778 3689 3162 3746 Constatenim
3193 3705 3261 3745 ex
3278 3704 3435 3744 sacra

1864 3784 2168 3857 Scriptura,
2224 3799 2437 3840 necnon
2481 3800 2512 3838 e
2563 3784 2749 3839 citatis
2794 3782 3016 3852 Joscphi
3073 3782 3242 3844 locis,
3290 3781 3437 3852 quod

1861 3885 1985 3950 post
2021 3877 2256 3933 reditum
2292 3875 2652 3947 eBabylone,
2696 3876 2764 3930 ab
2811 3875 2929 3945 ipso
2976 3875 3103 3931 Jesu
3155 3874 3436 3930 sacerdote

1861 3984 2058 4040 magno
2088 3968 2319 4023 ducibus
2348 3975 2401 4022 et
2437 3966 2777 4036 principibus
2804 3968 3065 4020 continua
3098 3967 3238 4022 serie
3263 3965 3435 4021 ,ἰυάωί

1860 4063 1946 4116 usi
1979 4069 2127 4126 sunt,
2149 4076 2320 4130 usque
2341 4060 2407 4114 ad
2428 4061 2549 4114 illos
2577 4076 2714 4128 quos
2739 4058 3010 4128 Iosephus
3044 4061 3347 4113 Asaruonwi
3374 4061 3438 4112 li-

1860 4154 1962 4209 lios
1993 4162 2171 4218 vocat,
2206 4153 2488 4222 Scriptura
2537 4168 2665 4206 vero
2714 4152 3050 4208 Maehabzeos
3095 4153 3433 4214 nominavit,

1859 4261 2090 4317 quorum
2121 4247 2332 4317 primus
2373 4260 2646 4298 summum
2681 4244 2911 4298 obtinuit.
2946 4243 3317 4312 pontificatum
3343 4243 3432 4297 Ju-

1859 4337 1958 4391 das
1999 4335 2341 4389 Machameus
2398 4335 2760 4403 cognomine,
2823 4335 3127 4404 fugatisque
3181 4335 3433 4390 Antiochi

1859 4425 2091 4481 ducibus
2123 4425 2322 4496 pepulo
2343 4425 2575 4493 praefuit.
2609 4423 2741 4481 Post
2764 4441 2886 4479 eum
2919 4425 3084 4478 frater
3121 4425 3240 4494 ejus
3269 4424 3436 4480 Jona-

1860 4518 1982 4572 thas
2012 4531 2285 4571 summum
2338 4515 2500 4569 simul
2548 4518 2920 4586 pontillcatum
2955 4525 3006 4569 et
3040 4518 3223 4592 populi
3264 4518 3435 4588 impe-

1863 4611 1999 4664 rium
2040 4609 2282 4678 accepit;
2333 4624 2660 4678 rursumque
2693 4610 2811 4677 ejus
2844 4608 3010 4662 frater
3044 4607 3231 4664 Simon
3283 4626 3434 4665 sum-

1862 4717 1981 4755 mus
2015 4698 2113 4754 fuit
2143 4699 2421 4761 sacerdos,
2459 4707 2580 4768 post
2605 4714 2765 4768 quem
2797 4697 3100 4769 Hyrcanus,
3128 4707 3250 4768 post
3273 4715 3431 4768 quem

1856 4790 2046 4856 Judas,
2085 4793 2178 4862 qui
2209 4801 2262 4846 et
2290 4792 2639 4846 Aristobulus
2671 4791 2870 4853 dictus,
2904 4802 3287 4847 successerunt
3310 4792 3432 4861 :qui

1860 4885 2070 4955 primus
2116 4899 2330 4938 summo
2361 4884 2669 4939 sacerdotio
2698 4899 2971 4954 regnoque
3003 4884 3250 4939 diadema
3286 4885 3436 4952 adje-

1860 4978 1956 5031 cit.
1986 4975 2116 5033 Post
2148 4993 2270 5031 eum
2299 4991 2515 5032 summo
2541 4975 2850 5031 sacerdotio
2881 4975 3040 5031 simul
3073 4983 3124 5030 et
3156 4975 3301 5044 regia
3337 4989 3431 5044 po—

1859 5075 2055 5122 testate
2106 5077 2348 5139 accepta,
2389 5069 2715 5140 Alexander,
2747 5067 3068 5122 succedente
3093 5068 3140 5120 ei
3176 5067 3427 5134 conjuge,

1861 5169 2110 5216 mortuus
2137 5169 2241 5217 est.
2274 5161 2427 5215 Tunc
2453 5162 2736 5230 completis
2777 5176 2896 5229 quae
2923 5159 3125 5213 Danieli
3161 5159 3433 5228 praedicta:

1862 5253 2078 5308 fuerunt
2110 5252 2562 5317 hebdomadibus,
2589 5253 2855 5323 imperare
2878 5251 3134 5305 desinunt
3158 5249 3433 5319 principes

1858 5364 1889 5403 c
1938 5346 2313 5404 sacerdotibus
2352 5347 2719 5418 cognominati
2777 5345 2999 5410 christi;
3061 5351 3120 5397 ut
3178 5341 3433 5397 ostende.

1857 5455 2009 5499 retur
2033 5443 2146 5498 haec
2174 5443 2338 5499 verba
2366 5461 2385 5493 ι
2408 5457 2581 5512 usque
2608 5441 2672 5494 ad
2689 5440 2959 5495 christum
2979 5438 3205 5492 ducem»
3226 5435 3290 5490 ad
3310 5435 3431 5491 illas

1858 5534 2230 5593 hebdomades
2257 5542 2538 5606 spectare;
2566 5531 2724 5604 quasi
2754 5529 3098 5587 manifestius
3119 5529 3427 5586 diceretur:

1943 5850 2018 5924 (2)
2053 5848 2272 5928 Ioseph.
2305 5849 2484 5921 Αιιιίᾳ.
2523 5865 2615 5916 ιιι,
2648 5850 2731 5916 l0,
2759 5850 2814 5904 3.
