3974 6510
524 453 664 512 1183

1211 449 1482 508 EUSEBII
1515 449 1992 507 CESARIENSIS
2027 449 2178 508 OPP.
2217 449 2416 510 PARS.
2455 451 2544 510 Ill.
2583 483 2654 494 —
2689 449 3096 506 EXEGETICA.

3627 453 3746 508 “Si

521 568 726 623 Novem
773 573 828 623 et
867 565 1144 636 sexaginta
1189 565 1406 620 efﬂuant
1435 565 1834 634 hebdomades,
1891 566 2100 622 scilicet

2206 571 2228 622 δ
2259 569 2352 622 καὶ
2395 567 2820 640 Ἀριστόϐουλος,
2853 566 3183 636 διαδέχεταιο
3215 563 3310 618 καὶ
3335 564 3552 636 πρῶτος
3575 565 3662 618 ἐπὶ
3691 569 3750 636 τῇ

523 661 686 713 trium
729 665 782 713 et
829 657 1106 726 octoginta
1143 664 1198 710 et
1253 655 1772 727 quadringentorum
1825 671 2094 712 annorum

522 753 794 821 spatium,
853 749 906 803 in
961 764 1076 819 quo
1126 748 1366 804 cbristus
1417 763 1774 818 summusque
1839 748 2098 805 sacerdos

521 844 641 896 vice
689 840 946 894 continua
1007 839 1114 893 dux
1177 839 1361 908 populi
1414 840 1576 894 rebus
1623 839 1858 910 praeerit.
1921 839 2098 910 Atque

523 933 688 1002 igitur
717 933 940 986 cuilibet
971 929 1319 986 manifestum
1345 931 1560 986 videtur
1595 931 1663 986 iis
1713 946 1834 1000 qua:
1871 929 2098 984 de'mon-

523 1024 814 1080 stravimus
845 1032 922 1077 tot
949 1023 1165 1092 elapsos
1197 1021 1368 1077 fuisse
1395 1037 1570 1076 annos
1595 1037 1626 1076 a
1671 1023 1814 1094 Cyro
1858 1023 1926 1077 ad
1965 1023 2098 1078 Ale-

521 1114 716 1168 xandri
751 1121 1002 1176 mortem,
1039 1113 1214 1166 ult-imi
1235 1128 1266 1168 e
1287 1112 1518 1168 summis
1543 1113 1920 1168 sacerdotibus
1949 1113 2101 1184 prin-

524 1207 680 1276 cipis.
715 1207 834 1260 Hoc
865 1205 1012 1260 enim
1043 1213 1258 1258 mortuo
1287 1206 1404 1260 sola
1427 1205 1668 1258 omnium
1709 1221 1880 1274 usque
1905 1205 1972 1258 ad
1995 1207 2100 1260 hoc

523 1298 788 1368 temporis
836 1298 1030 1352 mulier
1077 1296 1254 1367 gentis
1307 1296 1544 1350 obtinuit
1585 1310 1832 1366 regnum.
1881 1295 1953 1350 Ex
1991 1309 2100 1366 quo

522 1389 834 1445 Iudaeorum
869 1387 1206 1458 principatus
1235 1387 1398 1442 simul
1439 1395 1494 1442 et
1539 1401 1812 1442 summum
1843 1387 2102 1442 sacerdo-

524 1483 694 1543 tium,
739 1479 890 1549 prius
937 1479 1232 1546 copulata,
1281 1485 1624 1546 separantur.
1673 1477 1910 1546 Accepto
1953 1478 2098 1532 enim

524 1572 832 1627 Alexandra
891 1571 1146 1640 imperio,
1203 1585 1478 1624 summum
1535 1571 1646 1624 filio
1699 1585 1800 1626 suo
1847 1569 2100 1640 Hyrcano

527 1660 892 1714 sacerdotium
944 1657 1210 1720 tradidit,
1267 1666 1322 1712 et
1383 1667 1507 1728 post
1573 1675 1766 1716 novem
1825 1675 2092 1715 annorum

526 1767 754 1822 regnum
798 1751 948 1806 obiit.
985 1749 1192 1806 Deinde
1235 1749 1615 1816 Aristobulus,
1651 1754 1790 1810 alius
1825 1755 1942 1824 ipse
1987 1754 2100 1823 ple.

527 1856 758 1909 rumque
787 1855 908 1894 cum
943 1839 1109 1894 fratre
1134 1841 1372 1913 litigans,
1410 1843 1559 1900 illum
1599 1859 1814 1898 summo
1844 1844 2099 1899 sacerdo-

2196 659 2566 730 ἀρχιερωσύνῃ
2613 661 2708 712 καὶ⁴
2743 657 2986 728 βασιλείᾳ
3031 656 3310 728 περιέθετο
3347 656 3606 726 διάδημα.
3631 657 3750 710 Μεθ’

2195 751 2253 804 ὃν
2285 753 2382 820 τὴν
2409 751 2816 824 ἀρχιερωσύνην
2847 748 2984 818 ὁμοῦ
3017 750 3110 802 καὶ
3145 748 3246 818 τὴν
3279 746 3560 818 βασιλείαν
3595 764 3754 820 παρα-

2195 841 2374 898 λαΰὼν
2411 843 2752 915 Ἀλέξανδρος
2779 845 2872 896 ἐπὶ
2895 841 3124 912 διαδόχῳ
3153 841 3372 908 γυναικὶ
3411 841 3666 909 τελευτᾷ·
3707 842 3756 894 ἐν

2195 928 2240 1002 ᾧ
2271 935 2378 988 τῶν
2421 937 2476 988 ἐν
2517 935 2596 1006 τῷ
2633 935 2832 1006 Δανιὴλ
2859 931 3346 1004 συμπερασθεισῶν
3383 931 3692 1002 ἑϐδομάδων
3715 933 3758 984 οἱ

2199 1027 2258 1092 ἐξ
2282 1027 2468 1098 ίερέων
2497 1026 2752 1096 ἄρχοντες
2779 1025 2990 1097 χριστοὶ
3023 1024 3554 1094 προσαγορευόμενοι
3581 1022 3762 1076 διαλεί-

2199 1135 2392 1172 πουσιν
2409 1135 2424 1148 ·
2453 1117 2592 1171 ὥστε
2615 1117 2804 1186 δηλοῦν
2831 1117 2893 1168 τὸ
2923 1117 3132 1184 φάσκον
3159 1113 3356 1182 λόγιον,
3379 1133 3398 1163 ι
3425 1115 3531 1178 ἕως
3555 1115 3762 1185 χριστοῦ

2201 1210 2526 1282 ἡγουμένου,
2559 1229 2576 1260 ι
2612 1209 2834 1264 τοσάσδε
2881 1205 3100 1260 ἔσεσθαι
3145 1205 3478 1276 ἑϐδομάδαςο
3507 1207 3641 1258 ὡσεὶ
3681 1223 3762 1260 σα-

2201 1305 2460 1374 φέστερον
2509 1303 2740 1372 εἰρήκει,
2771 1300 2816 1352 θ’
2843 1299 2935 1352 καὶ
2971 1297 3010 1364 ξ’
3040 1296 3404 1350 διελεύσεσθαι
3447 1297 3586 1350 ἐτῶν
3627 1298 3762 1352 ἐϐδο-

2203 1394 2396 1466 μάδας,
2425 1393 2569 1446 τοῦτ’
2597 1392 2709 1444 ἐστι
2743 1388 3054 1461 χρόνωνξον)
3079 1396 3126 1458 γ’
3145 1389 3237 1442 καὶ
3265 1395 3316 1440 π’
3349 1389 3444 1440 καὶ
3467 1395 3514 1440 υ⁹
3541 1391 3694 1454 ἐτῶν,
3713 1393 3762 1444 ὲν

2199 1479 2242 1554 ᾧ
2270 1485 2489 1556 χριστός
2523 1501 2605 1548 τις
2637 1483 2730 1536 καὶ
2753 1483 3042 1553 ἀρχιερεὺς
3087 1479 3228 1534 κατὰ
3257 1479 3507 1550 διαδοχὴν
3542 1481 3766 1550 ἡγούμεο

2199 1597 2287 1642 νος
2328 1577 2434 1630 τῶν
2471 1575 2564 1630 τοῦ
2594 1573 2723 1628 λαοῦ
2767 1575 3128 1646 προστήσεται
3175 1573 3540 1642 πραγμάτων.
3573 1573 3680 1624 Καὶ
3707 1573 3760 1642 δὴ

2200 1668 2363 1721 παντί
2409 1685 2486 1737 τῳ
2531 1667 2696 1734 σαφὲς
2727 1667 2790 1718 ἐκ
2807 1663 2914 1716 τῶν
2949 1661 3474 1734 προπαρατεθέντων
3505 1663 3657 1732 ἡμῖν,
3699 1662 3762 1725 ὡς

2199 1757 2452 1820 τοσοῦτος
2489 1756 2624 1810 ἐτῶν
2664 1755 2893 1827 ἀριθμὸς
2931 1754 3038 1806 τῶν
3071 1754 3176 1806 ἀπὸ
3209 1753 3390 1824 Κύρου
3419 1753 3518 1806 καὶ¹
3561 1755 3650 1805 ἐπὶ
3678 1755 3764 1824 τὴν

2197 1848 2452 1920 τελευτὴν
2499 1845 2843 1916 Ἀλεξάνδρου
2877 1843 2970 1897 τοῦ
3011 1843 3241 1896 ὑστάτου
3285 1843 3466 1896 αὐτῶν
3505 1843 3766 1913 ﬁmo-ap?

529 1931 606 1986 tio
635 1933 854 2001 spoliat,
881 1941 934 1986 et
961 1933 1078 2001 ipse
1107 1942 1232 2002 post
1271 1943 1379 1988 tres
1410 1949 1582 1990 annos
1623 1951 1790 2006 regno
1831 1935 2100 2006 dejicitur.

2206 1959 2296 1994 νου
2323 1939 2626 2010 ἀρχιερέως
2651 1937 3002 2008 παρίσταται.
3028 1933 3160 1988 Μεθ’
3183 1934 3241 1988 ὃν
3269 1935 3402 2006 μόνη
3427 1933 3536 1987 τῶν
3563 1933 3764 1986 suum

527 2021 799 2078 Continuo
829 2022 1196 2078 Romanorum
1228 2024 1336 2079 dux
1371 2023 1659 2096 Pompeius
1689 2027 2098 2096 superveniens,

529 2111 834 2168 Jerusalem
857 2114 909 2168 vi
942 2123 1242 2187 oppugnat,
1274 2124 1574 2186 sanctaque
1601 2118 1810 2188 polluit,
1843 2135 2016 2188 usque
2035 2118 2102 2172 ad

529 2203 688 2274 adyta
749 2205 932 2274 templi
971 2221 1330 2276 progressus,
1377 2207 1759 2278 captivumque
1811 2223 1934 2262 cum
1977 2208 2104 2264 filiis

527 2297 902 2352 Aristobulum
949 2297 1176 2352 Romam
1223 2299 1464 2352 abducit.
1515 2298 1647 2353 Dein
1701 2307 1752 2353 et
1791 2297 2039 2370 Hyrcano
2073 2315 2104 2354 a

529 2387 747 2446 Parthis
785 2390 840 2444 in
875 2391 1241 2460 captivitatem
1299 2391 1496 2452 ducto,
1525 2389 1836 2444 Juduaorum
1878 2407 2102 2461 regnum

531 2483 740 2551 primus
787 2497 818 2536 e
855 2482 1108 2551 gentibus
1139 2481 1378 2536 Herodes
1427 2497 1456 2534 a
1495 2481 1862 2536 Romanorum
1913 2494 2102 2538 senatu

531 2572 760 2640 accepit.
805 2570 874 2626 Ut
903 2572 1070 2626 refert
1096 2570 1364 2642 Josephus
1397 2571 1512 2642 (ι),
1571 2571 1838 2630 Ιόυιιιειξιιε
1881 2586 2106 2644 patcmo

529 2672 646 2719 erat
675 2677 904 2732 genere,
945 2663 1118 2718 Arabs
1153 2679 1280 2718 vero
1311 2675 1574 2718 materno.
1609 2665 1685 2734 (οὶ)
1725 2665 1921 2720 Narrat
1959 2668 2108 2720 Alri-

530 2771 702 2810 canus
727 2771 836 2809 non
877 2757 1046 2810 multo
1077 2769 1232 2826 post:
1283 2777 1300 2808 ι
1341 2755 1582 2820 Ferunt,
1629 2758 1720 2827 qui
1771 2759 1892 2827 ejus
1939 2760 2106 2830 Origi-

531 2863 655 2902 nem
681 2859 934 2902 accurate
967 2849 1400 2917 inquisiverunt,
1437 2850 1776 2920 Antipatrem
1803 2851 1918 2920 {qui
1954 2859 2107 2920 pater

531 2940 650 3008 ejus
669 2939 836 2996 fuisse
854 2941 1209 3010 perhibetur),
1229 2941 1509 3010 cujusdam
1533 2941 1760 2996 lierodis
1787 2943 2109 2998 Ascalonita:

535 3031 728 3096 filium,
761 3033 925 3086 unius
949 3047 1014 3086 ex
1051 3033 1318 3102 Apollinis
1341 3033 1526 3103 templi
1547 3033 1770 3088 servis.»
1801 3033 1921 3100 Quo
1944 3033 2108 3103 igitur

531 3121 840 3178 Iudaeorum
873 3139 1097 3193 regnum
1141 3131 1432 3180 consecuto
1457 3165 1472 3190 ,
1505 3123 1721 3193 impleta
1749 3133 1832 3180 est
1859 3132 1972 3179 tum
2004 3140 2110 3180 cae-

533 3225 771 3268 terorum
835 3215 1253 3284 prephetarum,
1313 3224 1424 3269 tum
1477 3216 1749 3286 praecipue
1800 3217 1915 3272 bzec
1963 3217 2106 3288 apud

2201 2033 2262 2085 τὸ
2293 2029 2590 2100 τηνικαῦτα
2613 2029 2748 2100 γυνὴ
2786 2028 2884 2098 τὴν
2908 2027 3004 2080 τοῦ
3030 2025 3212 2088 ἔθνους
3245 2025 3518 2095 βασιλείαν
3549 2026 3766 2096 διαλαμ-

2203 2125 2372 2188 ϐάνει,
2403 2122 2460 2188 ἐξ
2486 2118 2553 2195 ἦς
2577 2121 2710 2192 ὁμοῦ
2741 2121 2812 2174 τά
2841 2137 2900 2172 τε
2925 2119 3024 2188 τῆς
3050 2118 3316 2172 Ἰουδαίων
3343 2118 3664 2188 ἡγεμονίας,
3687 2119 3768 2170 καὶ

2203 2215 2272 2269 τά
2295 2219 2392 2283 τῆς
2422 2216 2485 2266 ἐκ
2513 2213 2792 2284 προγόνων
2829 2209 3103 2274 εὐσταθῶς
3129 2209 3425 2280 προϊούσης
3447 2209 3768 2279 ἀρχιερωσύ-

2203 2324 2300 2378 νης
2359 2309 2652 2375 συγχεῖται.
2691 2303 3030 2356 Διαλαϐοῦσα
3069 2301 3200 2371 γοῦν
3253 2303 3286 2373 ἡ
3331 2301 3766 2372 προδεδηλωμένη

2203 2398 2300 2469 τὴν
2331 2397 2524 2468 ἀρχὴν,
2557 2398 2654 2468 τὴν
2681 2397 2778 2468 μὲν
2807 2394 3217 2468 ἀρχιερωσύνην
3243 2392 3494 2466 Ὑρκανῷ
3525 2393 3604 2464 τῷ
3635 2393 3768 2446 παιδὶ

2203 2491 2436 2554 δίδωσιν,
2469 2489 2605 2558 αὑτὴ
2635 2489 2692 2541 δὲ
2720 2487 2814 2558 τὴν
2837 2487 3113 2557 βασιλείαν
3140 2487 3232 2557 ἔτη
3261 2487 3304 2540 θ’
3327 2487 3676 2556 καταπιοῦσα
3697 2503 3768 2538 τε·

2203 2579 2385 2650 λευτᾷ.
2421 2577 2555 2631 Μεθ’
2583 2579 2647 2648 ἣν
2691 2575 3112 2650 Ἀριστόϐουλος,
3145 2577 3328 2647 ἕτερος
3359 2576 3522 2639 αὐτὸς
3557 2575 3766 2628 πλείστα

2207 2672 2502 2735 στασιάσας
2541 2671 2676 2741 πρὸς
2701 2671 2788 2724 τὸν
2819 2669 3064 2738 ἀδελφὺν,
3099 2671 3302 2722 ἐκεῖνον
3336 2669 3432 2738 μὲν
3461 2668 3559 2738 τὴν
3601 2670 3768 2738 ἀρχιε-

2211 2764 2452 2837 ρωσύνην
2502 2764 2835 2834 ἀφαιρεῖται,
2863 2761 3022 2824 αὐτὸς
3069 2759 3124 2812 δὲ
3171 2761 3306 2831 πρὸς
3347 2761 3519 2832 ταύτῃ
3551 2761 3646 2812 καὶ
3681 2759 3768 2829 τῆς

2209 2857 2482 2928 βασιλείας
2551 2855 2688 2926 μετά
2745 2855 2924 2924 τρίτον
2966 2852 3082 2916 ἔτος
3129 2852 3445 2905 ἀποπίπτει.
3495 2850 3769 2921 Ῥωμαίων

2207 2943 2314 3014 γὰρ
2355 2943 2549 2996 αὐτίκα
2601 2943 2902 3014 στρατηγὸς
2939 2942 3217 3013 Πομπήϊος
3265 2941 3514 3006 ἐπιστὰς,
3541 2942 3640 3012 τὴν
3679 2941 3772 3012 μὲν

2220 3033 2570 3104 Ἰερουσαλὴμ
2601 3033 2741 3086 κατὰ
2794 3033 2992 3104 κράτος
3045 3031 3338 3104 πολιορκεῖ,
3369 3033 3571 3102 μιαίνει
3607 3049 3664 3084 τε
3707 3031 3770 3084 τὰ

2209 3123 2340 3192 ἅγια
2387 3123 2546 3194 μέχρι
2577 3123 2684 3176 τῶν
2713 3123 2920 3176 ἀδύτων
2957 3123 3048 3176 τοῦ
3096 3123 3240 3194 ἱεροῦ
3271 3121 3568 3194 προελθὼν,
3601 3123 3690 3174 τὸν
3717 3123 3772 3176 δέ

2221 3215 2622 3288 Ἀριστόϐουλον
2654 3215 2869 3286 δέσμιον
2895 3215 2988 3268 ἐπὶ
3032 3214 3248 3285 Ῥώμης
3269 3215 3386 3286 ἅμα
3406 3217 3616 3278 remot;
3651 3217 3774 3270 ἀνα-

535 3305 771 3378 Moysem
793 3305 978 3371 Jacobi
1004 3305 1314 3377 pradictio:
1345 3325 1362 3358 ι
1393 3306 1510 3362 Non
1533 3307 1808 3362 auferetur
1831 3317 2102 3378 sceptrum

2209 3310 2442 3380 πέμπει·
2472 3308 2588 3380 μεθ’
2603 3307 2662 3360 δν
2691 3307 2889 3360 καὶτοῦ
2918 3306 3182 3377 Ὑρκανοῦ
3201 3307 3304 3360 ὑπὸ
3323 3306 3552 3378 Πάρθων
3581 3310 3770 3378 αἰχμα-

535 3395 604 3452 de
631 3395 792 3461 Juda,
823 3405 878 3453 et
926 3399 1033 3454 dux
1067 3398 1134 3454 de
1183 3397 1386 3454 femore
1418 3398 1560 3468 ejus,
1590 3398 1763 3456 donec
1799 3401 1982 3456 veniat
2013 3400 2106 3469 qui

535 3488 833 3544 mittendus
859 3497 976 3556 est;
1005 3499 1058 3546 et
1087 3491 1203 3561 ipse
1219 3491 1320 3546 erit
1337 3491 1674 3561 exspectatio
1695 3493 1936 3563 gentium
1969 3493 2034 3547 “.
2083 3511 2102 3545 ι

536 3578 698 3650 Atqui
727 3579 1075 3636 triariifestum
1117 3589 1201 3637 est
1248 3582 1363 3638 sire
1393 3583 1672 3648 historiis,
1717 3584 1834 3640 sive
1881 3583 1948 3639 iis
1989 3598 2110 3654 quae

535 3671 844 3736 retulimus,
869 3687 1042 3742 usque
1075 3671 1142 3726 ad
1171 3671 1456 3737 Herodem,
1490 3689 1600 3744 quo
1647 3684 1906 3746 regnante
1945 3683 2108 3730 natus

536 3769 622 3817 est
669 3761 960 3826 Christus,
991 3763 1158 3818 totius
1191 3762 1369 3833 gentis
1403 3774 1676 3834 sceptrum
1717 3781 1826 3819 non
1867 3766 2110 3822 ablatum

539 3852 710 3908 fuisse
737 3853 804 3909 de
827 3852 1086 3910 Hebraais.
1115 3852 1296 3908 Primo
1326 3855 1490 3920 igitur
1521 3868 1588 3910 ex
1614 3856 1788 3910 aliena
1819 3865 1978 3926 gente
2023 3873 2109 3913 re-

540 3952 740 4016 gnante
767 3942 998 4008 Herode,
1033 3945 1290 3999 continuo
1318 3944 1522 3998 Christi
1553 3945 1860 4001 incarnatio
1889 3946 2108 4017 impleta

539 4041 644 4095 est,
689 4033 1035 4103 gentiumque
1083 4033 1440 4103 przenuntiata
1484 4037 1857 4104 exspectatio,
1915 4037 2110 4091 diffusa

541 4138 638 4192 per
689 4139 902 4178 omnem
969 4133 1180 4194 gentem
1238 4123 1536 4180 Salvator-is
1589 4127 1760 4181 nostri
1829 4127 2108 4195 doctrina,

543 4229 730 4269 revera
763 4218 1128 4271 consummari
1161 4220 1342 4288 cmpit.
1397 4217 1548 4274 Tunc
1577 4229 1630 4274 et
1683 4217 1944 4276 Danielis.
1988 4227 2110 4287 post

545 4307 908 4362 hebdomades
939 4307 1006 4363 de
1031 4309 1229 4380 quibus
1261 4311 1646 4376 disseruimus,
1695 4313 1898 4366 exitum
1923 4311 2112 4366 habuit

543 4398 844 4470 prwdictio,
875 4399 1062 4455 dicens
1087 4419 1099 4454 :
1143 4419 1161 4451 ι
1191 4402 1256 4456 Et
1287 4409 1410 4472 post
1443 4403 1806 4456 hebdomades
1832 4404 2110 4471 sexaginta

541 4492 680 4546 duas
708 4491 985 4546 occidetur
1012 4491 1287 4556 Christus,
1314 4501 1366 4548 et
1389 4493 1654 4562 judicium
1679 4508 1792 4546 non
1822 4502 1906 4548 est
1936 4493 1989 4547 in
2021 4508 2108 4548 eo.

543 4581 609 4636 Et
638 4581 908 4636 civitatem
937 4591 987 4637 et
1016 4583 1385 4638 sanctum-ium
1413 4583 1697 4654 dissipabit
1727 4584 1957 4654 populus
1987 4599 2108 4638 cum

2209 3399 2377 3454 λώτου
2408 3399 2681 3469 ἀχθέντος,
2709 3397 2804 3468 τὴν
2837 3396 2978 3450 κατά
3026 3396 3287 3450 Ἰουδαίων
3325 3396 3604 3467 βασιλείαν
3631 3397 3774 3468 πρῶ-

2207 3506 2298 3554 τος
2327 3487 2388 3552 ἐξ
2415 3487 2581 3541 ἐθνῶν
2609 3485 2851 3560 Ἡρώδης
2879 3485 3030 3557 παρὰ
3048 3485 3146 3556 τῆς
3173 3484 3472 3556 συγκλήτου
3499 3486 3774 3556 Ῥωμαίων

2208 3579 2569 3651 ἐγχειρίζεται
2590 3597 2602 3609 ·
2638 3579 2712 3643 ὼς
2751 3580 2846 3650 μὲν
2874 3579 2901 3631 ὁ
2937 3577 3196 3650 Ἰώσηπος
3225 3577 3609 3648 παραδίδωσιν,
3627 3579 3774 3632 Ἰδου-

2213 3675 2370 3744 μαῖος
2418 3671 2560 3748 κατὰ
2609 3671 2822 3742 πατέρα
2861 3671 2922 3723 τὸ
2963 3670 3117 3738 γένος
3165 3669 3258 3728 ῶν,
3279 3670 3528 3742 ’Δράσιος
3557 3671 3618 3723 δὲ
3643 3671 3774 3724 κατᾶ

2213 3763 2441 3834 μητέρα·
2461 3762 2536 3826 ὼς
2563 3761 2606 3814 δ’
2629 3763 2658 3814 ό
2686 3761 3026 3834 Ἀφρικανὸς,
3049 3757 3108 3814 οὗ
3144 3761 3322 3833 μικρῷ
3350 3760 3588 3832 πρόσθεν
3619 3761 3773 3832 ἐμνή-

2212 3855 2436 3926 σθημεν·
2479 3873 2498 3906 ι
2529 3853 2694 3906 Φασὶν
2737 3854 2786 3906 οἱ
2818 3852 2886 3906 τὰ
2937 3853 3056 3904 κατ’
3085 3853 3245 3906 αὐτὸν
3282 3851 3632 3924 ἀκρισοῦντες
3667 3853 3774 3903 Ἂν,

2207 3945 2468 4016 τίπατρον
2514 3943 2732 4014 (τοῦτον
2779 3945 2824 3997 δ’
2857 3939 2994 3998 εἶναι
3039 3943 3186 4015 αύτῷ
3229 3942 3472 4014 πατέρα)
3541 3942 3772 4014 Ἡρώδου

2207 4037 2352 4100 τινὸς
2389 4035 2776 4088 Ἀσκαλωνίτου
2805 4035 2911 4088 τῶν
2948 4053 3012 4090 πε
3020 4037 3074 4108 pi
3103 4037 3190 4088 τὸν
3220 4036 3354 4088 νεὼν
3387 4035 3480 4088 τοῦ
3520 4036 3774 4088 Ἀπόλλω-

2209 4146 2298 4192 νος
2327 4127 2636 4200 ἱεροδούλων
2665 4128 2966 4196 γεγονέναι.
2997 4149 3016 4178 ι
3063 4128 3158 4190 Εἰς
3199 4127 3261 4198 δὴ
3301 4123 3392 4181 οῦν
3419 4129 3512 4182 τὸν
3545 4128 3772 4181 τοιοῦτον

2211 4221 2310 4290 τῆς
2352 4220 2616 4272 Ἰουδαίων
2643 4219 3026 4290 περιελθούσης
3056 4221 3246 4290 ἀρχῆς,
3275 4220 3332 4272 ἐν
3375 4237 3442 4272 τα
3477 4221 3600 4290 (sic)
3639 4220 3770 4288 αύτῷ

2215 4311 2350 4382 μετὰ
2383 4311 2488 4363 τῶν
2519 4311 2690 4364 ἄλλων
2722 4310 3010 4381 προφητῶν
3039 4309 3130 4364 καὶ
3159 4311 3192 4380 ἡ
3220 4309 3370 4380 παρὰ
3385 4311 3608 4364 Μωῦσεῖ
3631 4327 3774 4382 φερε-

2215 4399 2349 4470 μένη
2390 4399 2483 4451 τοῦ
2523 4399 2711 4452 Ἰακὼϐ
2744 4399 3036 4470 πληροῦται
3065 4401 3362 4472 πρόρρησις
3382 4413 3398 4429 ⁸
3433 4419 3451 4452 ι
3482 4403 3593 4454 Ούκ
3614 4401 3774 4454 ἐκλεξα

2209 4491 2298 4560 ψει
2327 4491 2505 4562 ἄρχων
2523 4489 2580 4556 ἐξ
2621 4491 2787 4544 Ἰούδα
2810 4511 2828 4542 ι
2855 4491 3092 4561 φήσασα,
3117 4509 3134 4543 ι
3159 4493 3251 4544 καί
3273 4491 3572 4562 ἡγούμενος
3601 4493 3772 4545 ἐκτῶν

2219 4581 2410 4652 μηρῶν
2445 4581 2632 4644 αὐτοῦ,
2663 4581 2766 4645 ἕως
2799 4581 2864 4634 ἂν
2897 4581 3024 4654 ἔλθῃ
3061 4574 3106 4649 ᾧ
3148 4581 3466 4635 ἀπόκειται·
3497 4585 3590 4636 καὶ
3625 4583 3772 4644 αύτὺς

543 4672 682 4728 duce
713 4681 978 4728 venturo:
1012 4680 1065 4728 et
1105 4673 1226 4730 tlnis
1260 4675 1380 4744 ejus
1407 4649 1651 4738 vastiias.
1686 4649 1744 4730 et
1786 4649 1910 4744 post
1951 4674 2104 4729 linem

2221 4649 2512 4742 προσδοκία
2544 4671 2730 4726 ἐθνῶν.
2763 4690 2780 4722 ι
2820 4671 2929 4725 Καὶ
2963 4649 3222 4742 πρόδηλόν
3247 4687 3310 4740 γε
3339 4671 3401 4724 ἐκ
3429 4689 3488 4725 τε
3519 4671 3624 4724 τῶν
3655 4673 3774 4725 ίστο-

545 4765 671 4820 helli
701 4773 905 4822 statuta
937 4767 1222 4822 desolatio.
1259 4785 1278 4818 ι

2225 4763 2374 4835 ριῶν,
2407 4763 2502 4816 καὶ
2549 4763 2656 4816 τῶν
2703 4765 2834 4834 ἡμῖν
2887 4763 3319 4835 παρατεθέντων,
3355 4765 3438 4818 ὅτι
3479 4763 3542 4834 δὴ
3592 4763 3772 4834 μέχρις

557 4859 818 4932 Ἡρώδου,
852 4860 972 4914 καθ’
997 4859 1056 4914 ὃν
1083 4863 1112 4916 ὁ
1143 4863 1377 4934 Χριστὸς
1399 4861 1736 4932 γεγέννηται,
1765 4862 1823 4916 οῦ
1850 4861 2112 4915 διέλειπεν
2147 4863 2180 4932 ἡ
2227 4859 2285 4924 ἐξ
2327 4859 2504 4914 αὐτῶν
2575 4859 2838 4930 Ἐϐραίων
2893 4859 3033 4912 κατὰ
3082 4858 3142 4928 (f.
3169 4859 3232 4912 41
3265 4859 3340 4928 νο)
3383 4858 3626 4929 διαδοχὴν
3689 4855 3772 4910 τοῦ

547 4953 748 5017 παντὸς
777 4953 964 5016 ἔθνους
1005 4955 1364 5026 ἡγησαμένων
1399 4956 1565 5028 ἀρχή.
1604 4955 1828 5027 Πρώτου
1857 4955 1914 5008 δὲ
1943 4954 2002 5008 τὸ
2029 4955 2186 5023 γένος
2211 4951 2510 5021 ἀλλοφύλου
2545 4951 2957 5021 βασιλεύσαντος
3021 4950 3198 5004 αὐτῶν
3263 4950 3524 5022 Ἡρώδου,
3583 4950 3774 5003 αὐτίκα

549 5045 648 5116 μὲν
698 5048 792 5100 καὶ
818 5047 850 5116 ὴ
882 5045 977 5098 τοῦ
1007 5047 1242 5120 Χριστοῦ
1289 5047 1558 5120 παρουσία
1609 5045 1929 5118 πληροῦται,
1965 5046 2059 5098 καὶ
2087 5047 2120 5116 ἡ
2159 5043 2266 5096 τῶν
2291 5043 2459 5096 ἐθνῶν
2486 5042 2942 5114 πῳθεσπισθείσα
2969 5042 3260 5114 προσδοκία
3320 5041 3408 5094 διὰ
3427 5044 3525 5113 τῆς
3551 5043 3632 5104 εἰς
3675 5041 3774 5092 πᾶν

545 5137 696 5200 ἔθνος
736 5135 1136 5209 διαδραμούσης
1175 5138 1270 5192 τοῦ
1314 5137 1564 5211 Σωτῆρος
1590 5139 1744 5211 ἡμῶν
1771 5127 2114 5202 διδασκαλίας
2150 5137 2295 5210 ἔργῳ
2323 5136 2686 5190 συντελεῖσθαι
2727 5136 2925 5208 ἤρξατο
2944 5152 2958 5166 ⁸
3018 5136 3138 5190 τότε
3179 5137 3272 5189 καὶ
3299 5140 3332 5206 ἡ
3366 5137 3424 5188 ἐν
3455 5135 3532 5206 τῷ
3589 5131 3774 5202 Δανιὴλ

551 5227 689 5296 μετὰ
735 5229 833 5292 τὰς
881 5229 1265 5302 διαληφθείσας
1301 5233 1430 5303 ἡμῖν
1473 5231 1766 5304 ἑϐδομάδας
1815 5233 2116 5304 πρόρρησις
2153 5231 2602 5302 ἐπεσφραγίζετο,
2631 5231 2930 5298 φάσκουσα·
2973 5247 2989 5278 ι
3025 5229 3135 5282 Καὶ
3161 5229 3296 5298 μετὰ
3355 5229 3452 5292 τὰς
3491 5225 3771 5297 ἑϐδομάδας

545 5317 644 5382 τὰς
669 5318 746 5389 ξβ¹
769 5319 1274 5396 ἐξολοθρευθήσεται
1295 5323 1524 5396 χρίσμα,
1546 5327 1636 5378 καί
1663 5327 1836 5396 κρίμα
1855 5325 1954 5378 οὐκ
1979 5323 2122 5376 ἐστιν
2161 5325 2217 5376 ἐν
2251 5321 2426 5392 αύτῷ·
2465 5323 2558 5374 καὶ
2592 5321 2687 5392 τὴν
2719 5321 2872 5374 πόλιν
2906 5321 3000 5373 καὶ
3049 5319 3111 5372 τδ
3153 5319 3304 5388 ἅγιον
3345 5319 3624 5390 διαφθερεῖ
3687 5317 3769 5367 σὺν

547 5408 626 5480 τῷ
650 5411 934 5482 ἡγουμένῳ
963 5411 1041 5484 τῷ
1081 5416 1360 5488 ἐρχομένῳ
1379 5433 1390 5444 ·
1463 5417 1556 5471 καὶ
1601 5417 1927 5488 κοπήσονται
1966 5419 2024 5472 ἐν
2081 5417 2450 5488 κατακλυσμῷ
2471 5459 2485 5484 ,
2526 5417 2619 5470 καὶ
2665 5417 2770 5480 ἐως
2814 5415 3000 5479 τέλους
3047 5414 3282 5486 πολέμου
3345 5410 3766 5484 συντετμημὲνου

549 5501 896 5571 ἀφανισμοῖς.
929 5519 949 5556 ι

626 5605 646 5639 ι
685 5587 933 5656 Quodam
969 5591 1135 5662 igitur
1167 5595 1348 5660 modo,
1379 5597 1622 5667 priorum
1661 5598 1727 5654 de
1757 5597 1953 5669 quibus
1975 5611 2118 5653 men-

623 5703 668 5735 “
691 5703 828 5760 Gen.
859 5721 1008 5774 ιιιιι,
1047 5709 1132 5764 10.

2301 5611 2320 5644 ι
2353 5591 2483 5644 Τίνα
2521 5590 2616 5660 μὲν
2648 5585 2740 5643 οῦν
2777 5589 2974 5660 τρόπον
2996 5591 3028 5660 ἡ
3049 5589 3154 5642 τῶν
3187 5589 3588 5661 πμῤῥηθεισῶν
3631 5587 3764 5647 £559-

625 5843 698 5914 (l)
723 5841 948 5914 Joseph.
981 5847 1161 5914 Antiq.
1193 5863 1301 5914 xxv,
1337 5847 1388 5914 7,
1417 5847 1468 5904 3.

2295 5847 2369 5912 (2)
2404 5847 2602 5904 Euseb.
2639 5845 2780 5902 llisl.
2822 5845 2948 5902 ρει-ί.
2983 5861 3022 5908 t,
3056 5845 3106 5910 7,
3137 5847 3188 5901 8.
