3974 6506
1200 357 1496 416 ECLOGA}
1535 357 2011 416 PHOPHETICJE.
2051 393 2119 403 —
2156 363 2285 418 LIB.
2324 363 2409 420 Ill.

3318 368 3458 424 H86

195 472 403 543 μάδων
425 469 532 524 τῶν
549 487 607 524 τε
624 467 904 542 προτέρων
943 469 1088 543 [ν]ζ’,
1107 472 1322 528 καὶτῶν
1338 475 1430 528 ἐπὶ
1445 473 1670 538 ταύταις
1687 474 1785 545 ξβ’,

1901 477 2094 532 tionem
2143 479 2306 535 modo
2342 479 2592 543 fecimus,
2619 477 3016 536 hebdomadum
3072 479 3252 554 [1.]vn,
3295 494 3461 537 caete-

189 563 521 637 προφητεία
553 563 652 634 (1),
687 565 745 617 ἐν
782 558 870 628 αἷς
902 565 1043 619 κατά
1072 565 1170 636 τὴν
1202 566 1294 620 τοῦ
1329 567 1517 636 γένους
1539 567 1786 639 διαδοχὴν

190 658 482 728 προσήκει
523 655 928 726 διαλαμϐάνειν,
967 658 1060 710 καὶ
1092 661 1155 729 τῇ
1202 657 1361 728 μέχρι
1407 659 1512 712 τῶν
1551 659 1786 732 Ἡρώδου

190 745 419 817 χρόνων
443 745 653 816 ἱστορία
678 744 908 817 δηλούσῃ
931 747 1055 810 τοὺς
1075 746 1213 800 κατά
1241 748 1486 819 διαδοχὴν
1514 750 1786 822 ἀρχιερεῖς

185 835 284 889 διὰ
319 837 508 906 πάσης
536 835 751 906 χριστός
773 853 855 898 τις
877 837 970 889 καὶ
1001 838 1285 908 ἀρχιερεὺς
1310 841 1492 909 ἡγεῖτο
1518 840 1611 893 τοῦ
1632 840 1782 904 λαοῦ,

187 927 272 992 rb;
307 927 404 981 διὰ
429 927 577 980 τουτὶ
613 926 862 997 εἰρῆσθαι
893 927 971 998 τῷ
996 930 1226 1000 χρησμῷ
1257 931 1336 994 τὸ,
1375 950 1392 981 ι
1428 932 1531 996 ἓως
1563 915 1782 1003 χ’ριστοῢ

185 1017 538 1087 ἡγουμένου,
576 1037 593 1068 ι
631 1017 801 1088 πέρας
831 1017 1046 1089 εἴληφεν
1091 1021 1169 1082 εἰς
1206 1021 1330 1084 τοὺς
1370 1021 1509 1074 κατὰ
1542 1022 1784 1094 Ἡρώδην

191 1107 454 1178 χρόνους,
498 1107 574 1171 ώς
621 1107 848 1180 δύναμις
897 1111 1048 1180 ἡμῖν,
1080 1110 1394 1182 δεδήλωται.
1445 1112 1570 1176 Πῶς
1617 1114 1661 1166 δ’
1695 1116 1786 1168 ἐπὶ

186 1201 420 1263 τούτοις
469 1201 604 1272 μετά
637 1202 734 1273 τὴν
781 1203 1170 1276 συμπλήρωσιν
1213 1204 1304 1258 τοῦ
1353 1205 1787 1276 προδηλωθέντος

187 1290 307 1343 τῶν
333 1289 646 1360 ἑϐδομάδων
675 1291 866 1362 χρόνου
903 1311 921 1344 ι
955 1293 1320 1366 ὲξωλοθρεύθη
1353 1295 1579 1366 χρίσμα,
1608 1297 1687 1349 ὅτι
1713 1298 1786 1368 μὴ

189 1384 386 1454 κρίμα
412 1379 479 1453 ἦν
505 1385 564 1435 ὲν
596 1384 764 1454 αύτῷ,
801 1404 819 1436 ι
854 1385 1042 1455 ὥσπερ
1072 1387 1115 1438 δ’
1148 1383 1240 1440 οὖν
1271 1388 1332 1440 τὸ
1365 1389 1542 1457 λόγιον
1574 1391 1786 1462 μηνύει,

190 1480 475 1548 σημαῖνον
527 1479 610 1532 ὅτι
657 1477 795 1548 μετά
839 1479 1073 1548 κρίσεως
1118 1481 1338 1549 εὐλόγου
1382 1483 1443 1535 τὸ
1482 1483 1688 1555 χρίσμα
1731 1485 1790 1537 τὺ

192 1569 347 1622 κατά
397 1569 496 1640 τὴν
526 1569 934 1640 ἀρχιερωσύνην
967 1573 1059 1624 ἐπὶ
1094 1572 1188 1625 τοῦ
1223 1573 1548 1645 δηλουμένου
1597 1576 1789 1647 καιροῦ

193 1657 714 1730 συντελεσθήσεται,
761 1661 927 1727 σαφὲς
970 1659 1036 1713 ἂν
1066 1660 1274 1728 γένοιτο
1320 1666 1431 1726 τοῖς
1466 1649 1790 1735 ἐπιστήσασι

192 1750 262 1819 τῇ
306 1765 374 1801 τε
400 1748 496 1801 τοῦ
528 1749 693 1816 νόμου
714 1747 973 1814 διατάξει,
995 1750 1072 1821 (ἐν
1100 1745 1237 1824 ᾖδιά
1263 1751 1380 1821 βίου
1409 1753 1602 1823 μέχρις
1624 1755 1791 1824 αὐτῆς

191 1840 462 1911 τελευτῆς
513 1839 909 1911 προστέτακται
940 1842 1040 1913 τὴν
1087 1843 1494 1916 ἀρχιερωσύνην
1542 1846 1667 1907 τοὺς
1711 1839 1791 1908 οἷς

197 1931 352 1986 κατὰ
375 1930 475 2002 τὴν
495 1929 588 1982 τοῦ
611 1929 800 1999 γένους
821 1931 1066 2003 διαδοχὴν
1084 1935 1347 2005 προσήκει
1363 1933 1789 2003 διαλαμϐάνειν),

197 2024 300 2075 καὶ
327 2024 396 2093 τῇ
445 2021 606 2092 μέχρι
641 2020 747 2074 τῶν
791 2020 1029 2093 Ἡρώδου
1057 2023 1261 2094 χρόνων
1291 2024 1521 2095 ἱστορίᾳ,
1561 2023 1794 2095 δηλούσῃ

194 2116 332 2177 τοὺς
364 2113 507 2168 κατὰ
553 2111 803 2184 διαδοχὴν
841 2115 1114 2186 ἀρχιερεῖς
1141 2114 1230 2168 διά
1273 2115 1451 2186 πάσης
1482 2115 1578 2184 τῆς
1615 2113 1794 2170 αὐτῶν

197 2205 356 2278 ζωῆς
376 2206 686 2270 ἀκολούθως
714 2209 781 2278 τῇ
811 2208 939 2278 περὶ
979 2206 1157 2260 αὐτῶν
1188 2207 1478 2278 νομοθεσίᾳ
1509 2207 1604 2278 τῆς
1630 2207 1794 2277 τιμῆς

196 2295 495 2366 ἠξιῶσθαι.
540 2298 686 2360 ὅπως
715 2313 774 2348 τε
812 2296 1125 2349 κατ’-αὐτὸν
1161 2294 1404 2367 Ἡρώδην
1433 2296 1492 2348 ού
1531 2296 1688 2367 μόνον
1727 2296 1794 2350 τὰ

197 2386 306 2456 τῆς
346 2386 602 2457 τοιαύτης
635 2386 762 2457 περὶ
804 2386 928 2449 τοὺς
961 2387 1234 2458 ἀρχιερεῖς
1281 2387 1541 2456 διαταγῆς
1575 2388 1793 2455 συγχεῖ-

196 2478 293 2530 ταί
327 2495 389 2530 τε
425 2479 519 2531 καὶ
556 2477 946 2548 διαφθείρεται,
973 2478 1106 2532 ἀλλὰ
1131 2479 1226 2532 καὶ
1256 2478 1356 2549 τῆς
1395 2479 1554 2545 ἁγίας
1582 2479 1791 2548 στολῆς,

199 2571 271 2639 ἣν
297 2569 573 2640 ὑπομόνον
599 2568 717 2640 (sic)
747 2568 874 2640 ἐξῆν
909 2564 1046 2622 εἶναι
1084 2570 1174 2622 τὸν
1213 2570 1496 2641 ἀρχιερέα,
1531 2571 1611 2623 ὅτι
1645 2569 1718 2640 μὴ
1749 2570 1792 2623 δ’

201 2660 384 2732 ἑτέρῳ
416 2660 450 2730 ἢ
483 2658 632 2730 αύτῷ
671 2659 815 2730 μόνῳ
861 2661 917 2712 ὲν
967 2659 1140 2733 ταύτῃ
1183 2660 1514 2732 λειτουργεῖν
1549 2659 1666 2724 ἐξὸν
1705 2656 1793 2730 ἦν,

201 2754 308 2824 τὴν
343 2751 589 2817 ἐξουσίαν
615 2752 810 2815 αὐτοὺς
842 2752 1086 2822 Ἡρώδης
1109 2752 1437 2823 ἀφελόμενος
1466 2753 1554 2821 ὑφ’
1579 2752 1792 2817 ἑαυτὸν,

200 2847 303 2899 καὶ
337 2845 510 2898 ταῦτα
541 2845 834 2914 ἀλλόφυλος
861 2844 958 2906 ὢν,
993 2847 1244 2896 ποιεῖται.
1269 2845 1331 2896 Εἰ
1352 2843 1408 2896 δὲ
1440 2844 1545 2914 χρὴ
1569 2844 1661 2895 καὶ
1682 2841 1796 2894 τού-

203 2960 317 2995 των
347 2940 686 3012 παραθέσθαι
707 2940 984 3010 ὲλέγχους,
1011 2939 1164 3010 δέχου
1187 2939 1248 3009 δὴ
1276 2939 1370 2992 τοῦ
1401 2940 1674 3010 μάρτυρος
1696 2940 1794 3003 τὰς

204 3033 397 3101 φωνὰς
426 3033 531 3102 (ἃς)
559 3034 588 3085 ὀ
622 3029 680 3096 ἐξ
721 3032 898 3085 αὐτῶν
935 3032 1202 3102 Ἐὗραίων
1242 3030 1522 3102 Ἰώσηπος,
1557 3036 1652 3102 τῆς
1686 3031 1792 3084 τῶν

207 3126 406 3195 ἱερέων
447 3126 540 3177 καὶ
575 3124 736 3187 αὐτὸς
767 3123 1067 3194 ἠξιωμένος
1106 3124 1292 3192 τιμῆς,
1336 3124 1430 3176 καὶ
1483 3123 1671 3192 γένους
1700 3120 1793 3176 τοῦ

205 3221 342 3288 παρ’
372 3219 554 3281 αὐτοῖς
585 3219 1030 3286 διαφανεστάτου,
1061 3221 1117 3270 ὲν
1140 3219 1366 3289 εἰκοστῷ
1395 3221 1494 3289 τῆς
1534 3220 1796 3288 Ἀρχαιο-

203 3312 424 3379 λογίιις
447 3310 820 3363 κατατέθειται
842 3310 1254 3380 συγγράμματι.
1287 3311 1421 3380 Περὶ
1452 3310 1547 3380 μὲν
1573 3307 1665 3364 οὖν
1697 3311 1794 3380 τῆς

202 3400 319 3453 τῶν
331 3399 632 3470 ἀρχιερέων
645 3400 1001 3469 παρατροπῆς
1018 3392 1119 3451 ὧδέ
1134 3416 1248 3461 πως
1259 3398 1399 3451 κατά
1413 3399 1554 3464 λέξιν
1570 3399 1792 3469 γράψει’

287 3511 307 3543 ι
349 3493 461 3561 Τὴν
495 3490 550 3542 δὲ
587 3489 861 3559 βασιλείαν
897 3489 1139 3560 Ἡρώδης
1166 3489 1314 3560 παρά
1345 3489 1682 3559 (Ῥω)μαίων
1705 3492 1797 3556 ὲγ-

205 3580 527 3652 χειρισθεὶς,
542 3580 720 3633 οὐκέτι
734 3580 858 3642 τοὺς
875 3581 936 3630 ὲκ
952 3579 1044 3631 τοῦ
1061 3578 1431 3648 Ἀσαμωναίου
1443 3577 1632 3644 γένους
1651 3578 1752 3630 καθ
1762 3578 1799 3630 ί-

208 3691 312 3745 στη
322 3690 404 3725 σιν
430 3675 723 3743 ἀρχιερεῖς,
743 3673 879 3726 ἀλλά
894 3688 1032 3725 τισιν
1049 3671 1282 3740 ἀσήμοις
1302 3671 1395 3723 καὶ
1410 3671 1508 3722 ούκ
1531 3669 1588 3735 ἐξ
1608 3670 1794 3740 ἱερέων

207 3761 384 3828 οὖσιν,
408 3764 545 3834 πλὴν
569 3764 685 3825 ἑνὸς
724 3759 1152 3833 Ἀριστοϐούλου,
1185 3759 1282 3830 τὴν
1312 3760 1476 3830 τιμὴν
1501 3760 1793 3829 ἀπένεμεν·

208 3858 306 3910 τὸν
358 3857 415 3909 δὲ
471 3854 896 3928 Ἀριστόϐουλον,
939 3852 1205 3924 Ὑρκανοῦ
1249 3851 1343 3904 τοῦ
1403 3853 1510 3904 ἀπὸ
1567 3851 1796 3922 Παρθῶν

209 3947 782 4018 αἱχμαλωσιασθέντος
811 3946 924 4000 υἱὸν
976 3945 1103 3997 ὄντα
1136 3944 1480 4013 καταστήσας
1516 3944 1796 4014 ἀρχιερέα.

210 4043 282 4112 τῇ
307 4039 508 4109 ἀδελφῇ
549 4038 712 4091 αὐτοῦ
740 4037 1020 4106 συνῴκησε
1056 4036 1388 4108 Μαριάμμῃ,
1417 4035 1516 4105 τὴν
1541 4035 1634 4088 τοῦ
1668 4035 1800 4106 πλή-

209 4133 342 4195 θους
373 4131 508 4203 πρὸς
556 4131 745 4184 ἑαυτὸν
773 4129 833 4200 (f.
867 4129 957 4198 42)
990 4126 1304 4199 θηρώμενος
1335 4125 1544 4180 εὔνοιαν
1581 4127 1669 4180 διὰ
1699 4125 1797 4197 τὴν

218 4223 497 4294 ’Υρκανοῦ
528 4225 772 4294 μνήμην·
806 4218 924 4275 εἶτα
961 4219 1217 4291 φοϐηθεὶς
1247 4220 1320 4290 μὴ
1351 4220 1486 4291 πρὸς
1519 4221 1606 4273 τὸν
1649 4221 1798 4290 Ἀρι-

212 4315 504 4369 στόϐουλον
542 4316 741 4377 πάντες
765 4313 1145 4374 ἀποκλίνωσιν,
1172 4313 1376 4365 ἀνεῖλεν
1410 4313 1571 4366 αὐτὸν
1605 4315 1662 4365 ὲν
1699 4313 1798 4365 Ἰε-

215 4407 376 4480 ριχῷ,
419 4411 676 4478 πνιγῆναι
712 4411 1161 4480 μηχανησάμενος
1208 4408 1582 4480 κολυμϐῶντα,
1618 4408 1798 4474 καθὼς

211 4499 317 4569 ῆδη
351 4496 750 4568 δεδηλώκαμεν.
783 4499 933 4551 Μετά
972 4498 1158 4551 τοῦτον
1195 4498 1374 4550 ούκέτι
1418 4500 1531 4561 τοῖς
1557 4499 1800 4567 ἐγγόνοις

211 4589 324 4642 τῶν
358 4591 732 4660 ’Λσαμωναίου
756 4591 960 4644 παίδων
992 4591 1090 4661 τὴν
1114 4591 1518 4663 ἀρχιερωσύνην
1552 4592 1802 4644 ἐπίστευ-

216 4700 331 4737 σεν.
358 4684 605 4754 Ἔπραξε
629 4685 686 4737 δὲ
711 4686 870 4755 ὃμοια
895 4683 974 4755 τῷ
1006 4684 1220 4756 Ἡρώδη
1252 4685 1377 4756 περὶ¹
1405 4686 1503 4755 τῆς
1530 4684 1802 4737 καταστά-

217 4788 360 4836 σεως
389 4774 497 4826 τῶν
531 4774 830 4846 ἀρχιερέων
879 4773 1166 4846 Ἀρχέλαός
1195 4791 1254 4826 τε
1289 4776 1317 4827 ὁ
1343 4777 1472 4838 παῖς
1499 4773 1684 4837 αὐτοῦ,
1709 4774 1802 4828 καὶ

220 4867 362 4936 μετά
389 4865 574 4919 τοῦτον
617 4866 716 4938 τὴν
748 4866 922 4938 ἀρχὴν
957 4867 1213 4937 Ῥωμαῖοι
1251 4865 1358 4919 τῶν
1398 4866 1664 4920 Ἰουδαίων
1700 4885 1803 4918 πα-

221 4958 568 5032 ραλαϐόντες.
604 4977 621 5010 ι

289 5073 476 5127 Ταῦτα
525 5073 623 5144 μὲν
650 5072 777 5144 περὶ
812 5071 1016 5125 τούτων
1057 5073 1085 5124 ὁ
1116 5070 1407 5142 Ἰώσηπος·
1453 5070 1581 5142 περὶ
1619 5072 1673 5124 δὲ
1705 5072 1803 5142 τῆς

217 5165 614 5240 ἀρχιερατικῆς
649 5165 840 5235 στολῆς
873 5167 930 5218 ὲν
959 5164 1035 5236 τῷ
1073 5163 1521 5234 ὀκτωκαιδεκάτῳ
1547 5165 1645 5236 τῆς
1678 5166 1805 5233 Ἀρ.

221 5257 572 5329 χαιολογίας
598 5254 770 5309 ταῦτα
807 5257 1025 5328 ἱστορεῖ·

303 5387 322 5420 ι
359 5366 602 5439 Ἡρώδης
636 5367 692 5420 δὲ
734 5367 1056 5437 βασιλεύσας
1089 5368 1185 5438 τήν
1208 5383 1265 5418 τε
1298 5365 1453 5437 βάριν
1497 5365 1701 5438 ταύτην
1745 5367 1802 5420 ὲν

294 5504 375 5626 ﬁ)
403 5502 530 5573 Seq.
560 5503 641 5559 sic
670 5504 969 5574 supplenda
1011 5513 1066 5558 et
1104 5504 1327 5575 legenda
1362 5519 1448 5556 me
1487 5504 1697 5558 monuit
1730 5503 1800 5560 Μ.

353 5575 578 5626 outhius
607 5576 732 5626 coll.
791 5573 965 5626 Maad.
1009 5590 1211 5626 nrzrses
1245 5591 1257 5624 :
1297 5575 1622 5626 προφητεία.
1653 5605 1722 5616 α·-
1746 5577 1800 5626 ὲν

221 5571 272 5630 J.
303 5571 578 5630 ROuthius
607 5571 756 5628 collf
778 5571 965 5644 Magd.
1009 5571 1211 5696 Ermses
1245 5591 1257 5624 :
1297 5575 1622 5645 προφητεία,
1653 5605 1722 5616 —-
1746 5577 1804 5627 ὲν

224 5639 314 5707 αἷς
342 5644 439 5730 τῂν
465 5643 873 5730 ἀρχιερωσύνην
903 5661 1007 5696 κατ
1029 5715 1040 5730 ι
1072 5645 1169 5725 την
1199 5645 1296 5730 τού
1330 5645 1519 5725 γένους
1557 5645 1804 5730 διαδοχὴν

225 5714 925 5800 προσήκειδιαλαμξάνειν,
957 5715 1050 5767 καὶ
1089 5714 1189 5800 τῆς
1234 5715 1393 5800 μέχρι
1421 5714 1540 5800 τῶν.
1563 5714 1803 5800 Ἡρώδου

223 5783 435 5858 χρόνων
466 5787 704 5859 ἱστορίας
729 5783 994 5858 δηλούσης
1023 5783 1155 5850 τοὺς
1174 5783 1586 5858 κατάήδιαδοχὴν
1620 5783 1804 5857 ἀρχιε-

1895 583 2190 639 rarumque
2249 577 2372 640 post
2421 571 2542 626 illas
2597 585 2732 637 uti,
2784 571 3091 643 prophetia,
3150 602 3222 614 -—
3262 573 3463 642 quibus

1898 676 2170 716 summum
2229 662 2597 718 sacerdotium
2650 663 2868 734 generis
2910 663 3036 739 jure
3079 663 3293 734 obtigit,
3334 679 3461 718 cum

1903 767 2076 823 usque
2110 754 2176 808 ad
2209 752 2438 809 Herodis
2477 763 2722 824 tempora
2755 770 2947 810 omnes
2976 756 3216 810 ostendit
3237 755 3461 810 historia

1903 846 2216 902 sacerdotes
2269 861 2497 915 magnos
2555 847 2928 902 successionis
2974 848 3094 901 vice
3135 862 3233 916 per
3291 855 3460 901 totam

1898 953 2085 994 eorum
2103 941 2289 1004 vitam,
2321 941 2542 1008 quando
2567 939 2810 995 christus
2827 939 3005 1008 quivis
3038 946 3091 993 et
3112 954 3358 994 summus
3383 953 3465 992 sa—

1897 1028 2091 1084 cerdos
2123 1030 2322 1100 popqu
2356 1037 2605 1098 praeerat,
2638 1038 2698 1083 ut
2741 1043 2859 1083 eam
2888 1029 2959 1083 ob
2989 1043 3212 1084 causam
3241 1030 3464 1084 oraculo

1896 1119 2191 1185 diceretur,
2220 1139 2238 1172 ι
2267 1137 2439 1191 usque
2505 1122 2571 1176 ad
2619 1121 2884 1176 christum
2947 1120 3138 1175 ducem
3159 1161 3174 1187 ,
3205 1140 3223 1172 ι
3259 1122 3461 1176 exitum

1897 1211 2126 1268 Herodis
2159 1220 2401 1283 tempore
2418 1213 2625 1277 habuit,
2672 1215 2836 1274 sicut,
2870 1221 3137 1283 quantum
3187 1214 3342 1269 licuit
3370 1215 3464 1270 de—

1895 1305 2340 1360 monstravimus.
2387 1305 2672 1372 Quomodo
2726 1315 2905 1360 autem
2938 1313 3060 1378 post
3115 1322 3465 1362 consumma-

1889 1406 2002 1451 tum
2036 1397 2421 1467 praedictarum
2455 1398 2854 1452 hebdomadum
2884 1407 3124 1468 tempus,
3153 1417 3171 1450 ι
3201 1400 3462 1454 abolitum

1887 1497 1972 1544 est
1999 1490 2256 1555 chrisma,
2304 1489 2432 1560 quia
2470 1505 2579 1544 non
2611 1490 2878 1559 judicium
2931 1499 3047 1545 erat
3074 1491 3127 1545 in
3157 1506 3242 1554 eo,
3271 1510 3290 1543 ι
3321 1495 3466 1546 sicut

1890 1582 1995 1636 fert
2049 1580 2345 1652 Scriptura:
2377 1590 2579 1647 textus,
2628 1584 2941 1653 signiﬁcans
2969 1583 3138 1653 quod,
3173 1593 3296 1654 post
3320 1585 3466 1654 judi-

1890 1675 2032 1729 cium
2095 1675 2354 1744 prudens.
2410 1675 2669 1739 chrisma,
2713 1676 3015 1731 secundum
3053 1692 3327 1733 summum
3377 1693 3466 1736 sa-

1891 1766 2217 1829 cerdotium,
2251 1767 2563 1822 absolutum
2610 1768 2738 1834 erit,
2770 1777 3020 1839 apertum
3065 1777 3212 1826 esset
3244 1769 3331 1826 his
3373 1774 3468 1843 qni

1897 1858 2030 1928 legis
2059 1859 2409 1929 praeceptioni
2461 1860 2727 1914 inhaerent
2775 1862 2904 1931 (qua
2957 1876 3054 1931 per
3099 1870 3266 1916 totam
3300 1865 3470 1919 vitam

1893 1964 2068 2018 usque
2093 1949 2158 2003 ad
2193 1961 2420 2006 mortem
2445 1967 2721 2006 summum
2739 1953 3048 2008 sortiuntur
3076 1955 3468 2024 sacerdotium,

1893 2040 2097 2111 quibus
2162 2041 2265 2096 hoc
2325 2057 2527 2096 munus
2591 2043 2808 2114 generis
2862 2044 2986 2113 jure
3045 2044 3282 2117 obtigit),
3307 2052 3472 2117 atque

1895 2148 2070 2203 usque
2133 2132 2201 2187 ad
2255 2133 2486 2190 Herodis
2539 2145 2754 2207 tempus
2793 2136 3045 2204 historia,
3073 2153 3195 2208 qua!
3229 2137 3472 2194 ostendit

1890 2224 2016 2294 jure
2049 2225 2420 2281 successionis
2439 2227 2754 2282 sacerdotes
2783 2244 3028 2284 summos
3059 2229 3162 2283 hac
3205 2229 3470 2301 dignitate

1895 2324 2172 2386 pertotam
2211 2318 2376 2373 vitam
2405 2319 2707 2374 secundum
2760 2321 2905 2376 illam
2948 2322 3345 2393 legislationem
3371 2339 3471 2394 po-

1897 2408 2048 2470 titos,
2084 2408 2228 2478 quod
2287 2409 2500 2466 Herode
2555 2423 2818 2482 regnante
2865 2431 2972 2468 non
3009 2415 3177 2470 modo
3203 2417 3318 2471 haec
3351 2416 3470 2488 ipsa

1895 2500 1963 2555 de
1994 2501 2225 2555 summis
2247 2502 2623 2557 sacerdotibus
2656 2503 2741 2558 lex
2772 2505 3031 2574 abrogata
3079 2513 3133 2560 et
3158 2507 3333 2561 deleta
3362 2516 3468 2576 est,

1897 2590 1992 2646 sed
2014 2598 2068 2644 et
2098 2599 2289 2645 sancta
2321 2593 2512 2657 vestis,
2547 2609 2654 2663 qua
2678 2596 2855 2650 solum
2883 2596 3034 2650 indui
3064 2597 3147 2653 llis
3177 2606 3294 2653 erat
3319 2613 3472 2653 surn-

1898 2699 2046 2736 mum
2101 2684 2463 2748 sacerdotem,
2497 2701 2770 2757 quamque
2822 2689 2957 2741 nulli
3010 2689 3114 2744 nisi
3151 2690 3252 2760 ipsi
3284 2689 3386 2744 soli
3413 2692 3469 2744 in

1897 2776 2234 2831 solemnibus
2265 2778 2462 2833 ritibus
2493 2778 2636 2833 ferre
2667 2780 2878 2834 licitum
2905 2790 3042 2846 erat,
3068 2791 3358 2852 postquam
3401 2784 3471 2838 ab

1896 2864 1964 2920 iis
1987 2865 2285 2920 detractam
2343 2869 2468 2931 sibi,
2505 2885 2628 2923 cum
2655 2880 2802 2927 esset
2851 2873 3174 2944 alienigena,
3230 2872 3471 2930 Herodes

1896 2956 2214 3025 assumpsit.
2248 2954 2494 3022 Quorum
2534 2959 2923 3015 sidocumeuta
2981 2972 3109 3017 sunt
3160 2964 3468 3032 prmbenda,

1898 3045 2054 3099 testis
2080 3047 2405 3102 adhibeatur
2445 3047 2744 3104 Hebraicus
2771 3052 2889 3121 ipse
2918 3049 3209 3122 Iosephus,
3259 3069 3472 3110 necnon

1823 3161 1863 3218 ο
1899 3138 2190 3191 sacerdotii
2224 3138 2488 3210 dignitate
2534 3141 2858 3207 honoratus,
2906 3153 2961 3198 et
2991 3160 3188 3213 genere
3202 3146 3346 3215 apud
3378 3161 3473 3201 eos

1901 3231 2351 3298 praeclarissimo,
2415 3237 2505 3302 qui
2561 3234 2617 3288 in
2663 3236 2926 3290 vicesimo
2968 3237 3348 3308 Archwologiw
3410 3239 3475 3292 li-

1897 3321 1998 3375 bro
2044 3321 2159 3376 hzec
2217 3323 2458 3380 disserit.
2515 3325 2628 3381 Hoc
2682 3327 2850 3395 igitur
2911 3328 3072 3383 modo
3133 3329 3472 3384 immutatam

1899 3415 2097 3467 summi
2117 3415 2406 3470 sacerdotii
2436 3420 2843 3473 successionem
2876 3419 3140 3475 describit
3167 3441 3180 3476 :

1974 3523 1992 3556 ι
2035 3503 2298 3574 Herodes,
2325 3525 2448 3564 cum
2485 3527 2514 3565 a
2547 3511 2807 3569 Romanis
2841 3529 3069 3584 regnum
3118 3515 3470 3584 obtinuisset,

1901 3613 2008 3651 non
2027 3600 2139 3668 jam
2167 3600 2520 3660 Asamona'os
2548 3621 2792 3660 summos
2821 3609 3107 3662 constituit
3135 3609 3472 3675 sacerdotes,

1899 3691 1993 3746 sed
2033 3692 2174 3748 hanc
2195 3694 2515 3763 dignitatem
2549 3698 2878 3768 quibusdam
2909 3701 3170 3772 indignis,
3224 3718 3324 3757 nec
3372 3719 3465 3758 sa-

1898 3782 2158 3836 cerdotali
2183 3799 2382 3852 genere
2430 3788 2595 3851 natis,
2628 3801 2821 3858 praeter
2865 3807 3035 3846 unum
3075 3793 3473 3860 Aristobulum,

1904 3875 2221 3945 assignavit.
2257 3877 2633 3936 Aristobulum
2674 3898 2824 3949 vero,
2852 3881 3086 3955 Hyrcani
3114 3887 3387 3956 quondam
3419 3889 3475 3943 in

1900 3968 2268 4036 captivitatem
2299 3984 2328 4023 a
2363 3970 2829 4046 Parthis,abducti
2860 3976 3048 4041 tilium,
3075 3993 3348 4033 summum
3389 3995 3478 4035 sa-

1899 4059 2173 4114 cerdotem
2207 4063 2493 4118 constituit
2543 4081 2898 4137 sororemque
2934 4068 3054 4137 ejus
3106 4069 3328 4124 Mariam
3368 4071 3473 4126 sibi

1901 4150 2251 4207 matrimonio
2305 4153 2570 4219 devinxit,
2608 4157 2973 4215 multitudinis
3004 4163 3233 4229 gratiam
3274 4162 3379 4217 sibi
3407 4165 3477 4218 ob

1909 4239 2143 4312 Hyrcani
2168 4248 2485 4301 memoriam
2517 4256 2776 4317 captans;
2832 4257 3022 4318 postea
3060 4251 3258 4305 timens
3300 4233 3367 4307 ne
3406 4253 3474 4307 ad

1901 4332 2273 4388 Aristobulum
2319 4352 2511 4392 omnes
2566 4338 2913 4404 inclinarent,
2968 4345 3192 4399 sustulit
3239 4360 3360 4398 eum
3421 4345 3476 4399 iu

1899 4421 2137 4490 Jericho,
2172 4435 2449 4483 natantem
2486 4431 2643 4500 aquis
2670 4446 2906 4485 mersum
2924 4449 3045 4488 esse
3077 4437 3306 4506 tingens,
3335 4437 3478 4491 sicut

1833 4506 1876 4560 Ι)
1898 4514 2011 4583 jam
2041 4519 2402 4574 ostendimus.
2439 4519 2557 4586 Quo
2583 4521 2906 4591 interempto
2942 4539 3220 4594 nunquam
3245 4525 3477 4580 Asamo-

1904 4609 2005 4664 mei
2043 4612 2168 4665 tiliis
2197 4625 2468 4664 summum
2495 4611 2728 4664 credidit
2753 4613 3142 4670 sacerdotium.
3179 4614 3298 4686 Egit
3328 4616 3478 4672 simi,

1910 4701 2034 4756 liter
2091 4704 2147 4756 in
2202 4703 2468 4772 eligendis
2536 4705 2768 4759 summis
2812 4705 3195 4762 sacerdotibus
3242 4707 3476 4763 Herodis

1904 4797 2048 4853 illius
2095 4797 2417 4860 Archelaus,
2467 4805 2629 4868 atque
2672 4806 2796 4867 post
2831 4814 2954 4853 eum
2996 4797 3226 4855 Romani
3261 4798 3478 4856 Iudaeo—

1903 4906 2024 4944 rum
2053 4890 2341 4961 imperium
2373 4891 2652 4946 consecuti
2683 4889 2781 4962 (2).
2826 4909 2846 4944 ι

1974 5096 2099 5152 Haec
2129 5097 2345 5168 quidem
2387 5096 2453 5151 de
2493 5097 2578 5152 his
2615 5095 2886 5168 Iosephus
2918 5116 2931 5151 :
2961 5111 3146 5151 verum
3190 5093 3257 5148 de
3295 5107 3479 5148 sacer-

1905 5192 2070 5246 dotali
2098 5199 2247 5246 vcste
2288 5191 2340 5244 in
2369 5197 2562 5246 octavo
2596 5199 2649 5246 et
2682 5191 2894 5245 decimo
2930 5187 3304 5258 Archazologia:
3339 5187 3480 5244 libro

1904 5285 2019 5339 haec
2055 5293 2239 5337 narrat
2264 5299 2277 5334 :

1981 5394 1999 5426 ‹
2042 5373 2284 5429 Herodes
2314 5389 2408 5429 rex
2444 5374 2548 5428 hoc
2577 5375 3006 5430 calceamentum
3040 5371 3479 5429 commodissime

1908 5510 2020 5580 ρεῖς
2047 5506 2138 5580 διὰ,
2168 5508 2348 5579 πάσης
2378 5509 2478 5578 τῆς
2506 5509 2686 5580 αὐτῶν
2709 5509 2877 5579 ζωῆς,
2901 5510 2988 5580 ὅτε
3027 5508 3246 5580 χριστός
3267 5524 3352 5580 τις
3383 5508 3479 5580 κα)

1905 5577 2405 5659 ἀρχιερεὺςήγεῖτο
2435 5577 2528 5632 τοῦ
2560 5579 2712 5659 λαού,
2736 5577 2926 5659 ὡςδιά
2949 5577 3096 5634 mutii.
3129 5577 3379 5659 είρῇσθαι
3401 5577 3480 5648 τῷ

3013 5680 3084 5692 -

1979 5720 2059 5792 (2)
2091 5720 2313 5790 Joseph.
2343 5720 2524 5790 Antiq.
2554 5737 2644 5789 xx,
2677 5720 2769 5789 ll,
2816 5721 2870 5776 5.
