  <div class='ocr_page' id='page_1' title='image "/cluster/home/n/w/nwhite01/storage/ocr_20150623/22/hvd.32044020605168/623.png"; bbox 0 0 3974 6508; ppageno 0'>
   <div class='ocr_carea' id='block_1_1' title="bbox 522 363 664 422">
    <p class='ocr_par' dir='ltr' id='par_1_1' title="bbox 522 363 664 422">
     <span class='ocr_line' id='line_1_1' title="bbox 522 363 664 422; baseline -0.028 0"><span class='ocrx_word' id='word_1_1' title='bbox 522 363 664 422; x_wconf 71' lang='lat' dir='ltr'><strong>MS?</strong></span> 
     </span>
    </p>
   </div>
   <div class='ocr_carea' id='block_1_2' title="bbox 1224 353 3126 419">
    <p class='ocr_par' dir='ltr' id='par_1_2' title="bbox 1224 353 3126 419">
     <span class='ocr_line' id='line_1_2' title="bbox 1224 353 3126 419; baseline -0.003 -3"><span class='ocrx_word' id='word_1_2' title='bbox 1224 361 1492 419; x_wconf 81' lang='lat' dir='ltr'><strong>EUSEBII</strong></span> <span class='ocrx_word' id='word_1_3' title='bbox 1531 360 2008 419; x_wconf 66' lang='lat' dir='ltr'><strong>CESARIENSIS</strong></span> <span class='ocrx_word' id='word_1_4' title='bbox 2045 357 2196 417; x_wconf 84' lang='lat' dir='ltr'><strong>OPP.</strong></span> <span class='ocrx_word' id='word_1_5' title='bbox 2237 358 2440 417; x_wconf 82' lang='lat' dir='ltr'><strong>PARS.</strong></span> <span class='ocrx_word' id='word_1_6' title='bbox 2483 359 2573 414; x_wconf 81' lang='lat' dir='ltr'><strong>lli.</strong></span> <span class='ocrx_word' id='word_1_7' title='bbox 2614 389 2684 400; x_wconf 93' lang='lat'><strong>-—</strong></span> <span class='ocrx_word' id='word_1_8' title='bbox 2714 353 3126 412; x_wconf 80' lang='lat' dir='ltr'><strong>EXEGETICA.</strong></span> 
     </span>
    </p>
   </div>
   <div class='ocr_carea' id='block_1_3' title="bbox 3631 351 3752 407">
    <p class='ocr_par' dir='ltr' id='par_1_3' title="bbox 3631 351 3752 407">
     <span class='ocr_line' id='line_1_3' title="bbox 3631 351 3752 407; baseline 0.033 -4"><span class='ocrx_word' id='word_1_9' title='bbox 3631 351 3752 407; x_wconf 76' lang='lat' dir='ltr'><strong>H88</strong></span> 
     </span>
    </p>
   </div>
   <div class='ocr_carea' id='block_1_4' title="bbox 519 443 2076 529">
    <p class='ocr_par' dir='ltr' id='par_1_4' title="bbox 519 456 2072 529">
     <span class='ocr_line' id='line_1_4' title="bbox 519 456 2072 529; baseline -0.003 -14"><span class='ocrx_word' id='word_1_10' title='bbox 519 469 575 516; x_wconf 83' lang='lat' dir='ltr'><strong>et</strong></span> <span class='ocrx_word' id='word_1_11' title='bbox 601 456 888 529; x_wconf 79' lang='lat' dir='ltr'><strong>magniﬁce</strong></span> <span class='ocrx_word' id='word_1_12' title='bbox 920 463 1238 528; x_wconf 78' lang='lat' dir='ltr'><strong>apparatum</strong></span> <span class='ocrx_word' id='word_1_13' title='bbox 1273 458 1565 511; x_wconf 79' lang='lat' dir='ltr'><strong>Antoniam</strong></span> <span class='ocrx_word' id='word_1_14' title='bbox 1596 459 1811 512; x_wconf 90' lang='lat' dir='ltr'><strong>vocavit</strong></span> <span class='ocrx_word' id='word_1_15' title='bbox 1856 457 2072 513; x_wconf 88' lang='lat' dir='ltr'><strong>nomine</strong></span> 
     </span>
    </p>
   </div>
   <div class='ocr_carea' id='block_1_5' title="bbox 2180 443 3758 529">
    <p class='ocr_par' dir='ltr' id='par_1_5' title="bbox 2197 443 3758 525">
     <span class='ocr_line' id='line_1_5' title="bbox 2197 443 3758 525; baseline -0.005 -19"><span class='ocrx_word' id='word_1_16' title='bbox 2197 453 2482 525; x_wconf 75' lang='grc' dir='ltr'><strong>ἐπιτηδείῳ</strong></span> <span class='ocrx_word' id='word_1_17' title='bbox 2522 453 2778 523; x_wconf 78' lang='grc' dir='ltr'><strong>κειμένην</strong></span> <span class='ocrx_word' id='word_1_18' title='bbox 2822 447 3234 510; x_wconf 78' lang='grc' dir='ltr'><strong>κατασκευάσας</strong></span> <span class='ocrx_word' id='word_1_19' title='bbox 3279 443 3606 509; x_wconf 78' lang='grc' dir='ltr'><strong>πολυτελῶς,</strong></span> <span class='ocrx_word' id='word_1_20' title='bbox 3649 447 3758 498; x_wconf 74' lang='grc' dir='ltr'><strong>’Δνο</strong></span> 
     </span>
    </p>
   </div>
   <div class='ocr_carea' id='block_1_6' title="bbox 517 549 2094 615">
    <p class='ocr_par' dir='ltr' id='par_1_6' title="bbox 517 549 2094 615">
     <span class='ocr_line' id='line_1_6' title="bbox 517 549 2094 615; baseline -0.003 -7"><span class='ocrx_word' id='word_1_21' title='bbox 517 560 574 608; x_wconf 86' lang='lat' dir='ltr'><strong>et</strong></span> <span class='ocrx_word' id='word_1_22' title='bbox 612 552 790 615; x_wconf 77' lang='lat' dir='ltr'><strong>magni</strong></span> <span class='ocrx_word' id='word_1_23' title='bbox 820 549 1118 607; x_wconf 80' lang='lat' dir='ltr'><strong>sacerdotis</strong></span> <span class='ocrx_word' id='word_1_24' title='bbox 1152 549 1414 615; x_wconf 75' lang='lat' dir='ltr'><strong>tunicam,</strong></span> <span class='ocrx_word' id='word_1_25' title='bbox 1459 559 1519 603; x_wconf 91' lang='lat' dir='ltr'><strong>ut</strong></span> <span class='ocrx_word' id='word_1_26' title='bbox 1560 565 1682 606; x_wconf 89' lang='lat' dir='ltr'><strong>sese</strong></span> <span class='ocrx_word' id='word_1_27' title='bbox 1722 550 1976 613; x_wconf 86' lang='lat' dir='ltr'><strong>habebat,</strong></span> <span class='ocrx_word' id='word_1_28' title='bbox 2005 563 2094 603; x_wconf 64' lang='lat' dir='ltr'><strong>as~</strong></span> 
     </span>
    </p>
   </div>
   <div class='ocr_carea' id='block_1_7' title="bbox 519 639 2095 713">
    <p class='ocr_par' dir='ltr' id='par_1_7' title="bbox 519 639 2095 713">
     <span class='ocr_line' id='line_1_7' title="bbox 519 639 2095 713; baseline -0.005 -14"><span class='ocrx_word' id='word_1_29' title='bbox 519 644 774 713; x_wconf 83' lang='lat' dir='ltr'><strong>sumpsit,</strong></span> <span class='ocrx_word' id='word_1_30' title='bbox 825 642 960 696; x_wconf 84' lang='lat' dir='ltr'><strong>nihil</strong></span> <span class='ocrx_word' id='word_1_31' title='bbox 1016 641 1278 696; x_wconf 89' lang='lat' dir='ltr'><strong>adversus</strong></span> <span class='ocrx_word' id='word_1_32' title='bbox 1333 657 1393 696; x_wconf 92' lang='lat' dir='ltr'><strong>se</strong></span> <span class='ocrx_word' id='word_1_33' title='bbox 1444 657 1474 695; x_wconf 94' lang='lat' dir='ltr'><strong>a</strong></span> <span class='ocrx_word' id='word_1_34' title='bbox 1517 639 2095 711; x_wconf 84' lang='lat' dir='ltr'><strong>pepulo.moliendum</strong></span> 
     </span>
    </p>
   </div>
   <div class='ocr_carea' id='block_1_8' title="bbox 520 727 2092 806">
    <p class='ocr_par' dir='ltr' id='par_1_8' title="bbox 520 727 2092 806">
     <span class='ocr_line' id='line_1_8' title="bbox 520 727 2092 806; baseline -0.006 -18"><span class='ocrx_word' id='word_1_35' title='bbox 520 743 742 806; x_wconf 84' lang='lat' dir='ltr'><strong>propter</strong></span> <span class='ocrx_word' id='word_1_36' title='bbox 781 748 900 789; x_wconf 91' lang='lat' dir='ltr'><strong>eam</strong></span> <span class='ocrx_word' id='word_1_37' title='bbox 946 739 1120 787; x_wconf 91' lang='lat' dir='ltr'><strong>ratus.</strong></span> <span class='ocrx_word' id='word_1_38' title='bbox 1176 731 1298 802; x_wconf 82' lang='lat' dir='ltr'><strong>Egit</strong></span> <span class='ocrx_word' id='word_1_39' title='bbox 1347 732 1600 787; x_wconf 82' lang='lat' dir='ltr'><strong>similiter</strong></span> <span class='ocrx_word' id='word_1_40' title='bbox 1645 730 1875 786; x_wconf 85' lang='lat' dir='ltr'><strong>Herodis</strong></span> <span class='ocrx_word' id='word_1_41' title='bbox 1927 727 2092 789; x_wconf 83' lang='lat' dir='ltr'><strong>ﬁlius,</strong></span> 
     </span>
    </p>
   </div>
   <div class='ocr_carea' id='block_1_9' title="bbox 520 820 2093 896">
    <p class='ocr_par' dir='ltr' id='par_1_9' title="bbox 520 820 2093 896">
     <span class='ocr_line' id='line_1_9' title="bbox 520 820 2093 896; baseline -0.004 -16"><span class='ocrx_word' id='word_1_42' title='bbox 520 827 776 896; x_wconf 72' lang='lat' dir='ltr'><strong>regnique</strong></span> <span class='ocrx_word' id='word_1_43' title='bbox 808 839 1098 880; x_wconf 85' lang='lat' dir='ltr'><strong>successor</strong></span> <span class='ocrx_word' id='word_1_44' title='bbox 1137 824 1459 889; x_wconf 81' lang='lat' dir='ltr'><strong>Archelaus,</strong></span> <span class='ocrx_word' id='word_1_45' title='bbox 1494 838 1525 877; x_wconf 92' lang='lat' dir='ltr'><strong>a</strong></span> <span class='ocrx_word' id='word_1_46' title='bbox 1572 838 1682 894; x_wconf 91' lang='lat' dir='ltr'><strong>quo</strong></span> <span class='ocrx_word' id='word_1_47' title='bbox 1715 821 1949 877; x_wconf 86' lang='lat' dir='ltr'><strong>Romani</strong></span> <span class='ocrx_word' id='word_1_48' title='bbox 1988 820 2093 873; x_wconf 83' lang='lat' dir='ltr'><strong>im-</strong></span> 
     </span>
    </p>
   </div>
   <div class='ocr_carea' id='block_1_10' title="bbox 518 914 2091 988">
    <p class='ocr_par' dir='ltr' id='par_1_10' title="bbox 518 914 2091 988">
     <span class='ocr_line' id='line_1_10' title="bbox 518 914 2091 988; baseline -0.001 -16"><span class='ocrx_word' id='word_1_49' title='bbox 518 920 726 987; x_wconf 88' lang='lat' dir='ltr'><strong>perium</strong></span> <span class='ocrx_word' id='word_1_50' title='bbox 773 919 1123 988; x_wconf 86' lang='lat' dir='ltr'><strong>accipientes,</strong></span> <span class='ocrx_word' id='word_1_51' title='bbox 1171 919 1351 988; x_wconf 88' lang='lat' dir='ltr'><strong>magni</strong></span> <span class='ocrx_word' id='word_1_52' title='bbox 1400 918 1702 973; x_wconf 87' lang='lat' dir='ltr'><strong>sacerdotis</strong></span> <span class='ocrx_word' id='word_1_53' title='bbox 1750 917 1987 971; x_wconf 83' lang='lat' dir='ltr'><strong>tunicam</strong></span> <span class='ocrx_word' id='word_1_54' title='bbox 2035 914 2091 970; x_wconf 90' lang='lat' dir='ltr'><strong>in</strong></span> 
     </span>
    </p>
   </div>
   <div class='ocr_carea' id='block_1_11' title="bbox 516 1009 2086 1090">
    <p class='ocr_par' dir='ltr' id='par_1_11' title="bbox 516 1009 2086 1090">
     <span class='ocr_line' id='line_1_11' title="bbox 516 1009 2086 1090; baseline -0.002 -26"><span class='ocrx_word' id='word_1_55' title='bbox 516 1010 679 1066; x_wconf 86' lang='lat' dir='ltr'><strong>domo</strong></span> <span class='ocrx_word' id='word_1_56' title='bbox 719 1011 867 1066; x_wconf 80' lang='lat' dir='ltr'><strong>saxis</strong></span> <span class='ocrx_word' id='word_1_57' title='bbox 913 1011 1179 1090; x_wconf 83' lang='lat' dir='ltr'><strong>aediﬁcata</strong></span> <span class='ocrx_word' id='word_1_58' title='bbox 1214 1013 1318 1067; x_wconf 86' lang='lat' dir='ltr'><strong>sub</strong></span> <span class='ocrx_word' id='word_1_59' title='bbox 1350 1011 1887 1082; x_wconf 89' lang='lat' dir='ltr'><strong>sigilloincluserunt</strong></span> <span class='ocrx_word' id='word_1_60' title='bbox 1917 1009 2016 1082; x_wconf 88' lang='lat' dir='ltr'><strong>(l).</strong></span> <span class='ocrx_word' id='word_1_61' title='bbox 2066 1027 2086 1061; x_wconf 76' lang='grc' dir='ltr'><strong>ι</strong></span> 
     </span>
    </p>
   </div>
   <div class='ocr_carea' id='block_1_12' title="bbox 582 1277 2088 1354">
    <p class='ocr_par' dir='ltr' id='par_1_12' title="bbox 582 1277 2088 1354">
     <span class='ocr_line' id='line_1_12' title="bbox 582 1277 2088 1354; baseline 0.003 -20"><span class='ocrx_word' id='word_1_62' title='bbox 582 1277 792 1346; x_wconf 84' lang='lat' dir='ltr'><strong>Quibus</strong></span> <span class='ocrx_word' id='word_1_63' title='bbox 836 1280 1001 1346; x_wconf 78' lang='lat' dir='ltr'><strong>igitur</strong></span> <span class='ocrx_word' id='word_1_64' title='bbox 1030 1279 1333 1335; x_wconf 80' lang='lat' dir='ltr'><strong>certissime</strong></span> <span class='ocrx_word' id='word_1_65' title='bbox 1362 1289 1528 1348; x_wconf 87' lang='lat' dir='ltr'><strong>patet,</strong></span> <span class='ocrx_word' id='word_1_66' title='bbox 1561 1279 1834 1352; x_wconf 71' lang='lat' dir='ltr'><strong>praedictis</strong></span> <span class='ocrx_word' id='word_1_67' title='bbox 1862 1287 2088 1354; x_wconf 47' lang='lat' dir='ltr'><strong>.tempo-</strong></span> 
     </span>
    </p>
   </div>
   <div class='ocr_carea' id='block_1_13' title="bbox 512 1370 2087 1442">
    <p class='ocr_par' dir='ltr' id='par_1_13' title="bbox 512 1370 2087 1442">
     <span class='ocr_line' id='line_1_13' title="bbox 512 1370 2087 1442; baseline 0.001 -15"><span class='ocrx_word' id='word_1_68' title='bbox 512 1371 666 1427; x_wconf 85' lang='lat' dir='ltr'><strong>ribus</strong></span> <span class='ocrx_word' id='word_1_69' title='bbox 713 1371 1025 1442; x_wconf 90' lang='lat' dir='ltr'><strong>prophetias</strong></span> <span class='ocrx_word' id='word_1_70' title='bbox 1069 1372 1320 1441; x_wconf 88' lang='lat' dir='ltr'><strong>impletas</strong></span> <span class='ocrx_word' id='word_1_71' title='bbox 1367 1370 1558 1426; x_wconf 84' lang='lat' dir='ltr'><strong>fuisse.</strong></span> <span class='ocrx_word' id='word_1_72' title='bbox 1607 1371 1764 1437; x_wconf 87' lang='lat' dir='ltr'><strong>Quod</strong></span> <span class='ocrx_word' id='word_1_73' title='bbox 1797 1373 1842 1428; x_wconf 90' lang='lat' dir='ltr'><strong>si</strong></span> <span class='ocrx_word' id='word_1_74' title='bbox 1879 1388 1987 1428; x_wconf 92' lang='lat' dir='ltr'><strong>non</strong></span> <span class='ocrx_word' id='word_1_75' title='bbox 2018 1375 2087 1430; x_wconf 91' lang='lat' dir='ltr'><strong>iis</strong></span> 
     </span>
    </p>
   </div>
   <div class='ocr_carea' id='block_1_14' title="bbox 408 1454 2088 1530">
    <p class='ocr_par' dir='ltr' id='par_1_14' title="bbox 408 1454 2088 1530">
     <span class='ocr_line' id='line_1_14' title="bbox 408 1454 2088 1530; baseline 0.002 -14"><span class='ocrx_word' id='word_1_76' title='bbox 408 1454 414 1462; x_wconf 83' lang='grc'><em>’</em></span> <span class='ocrx_word' id='word_1_77' title='bbox 513 1463 888 1517; x_wconf 85' lang='lat' dir='ltr'><strong>consentirent</strong></span> <span class='ocrx_word' id='word_1_78' title='bbox 933 1461 1264 1524; x_wconf 87' lang='lat' dir='ltr'><strong>circumcisi,</strong></span> <span class='ocrx_word' id='word_1_79' title='bbox 1311 1462 1633 1530; x_wconf 89' lang='lat' dir='ltr'><strong>postulanda</strong></span> <span class='ocrx_word' id='word_1_80' title='bbox 1681 1470 1828 1517; x_wconf 87' lang='lat' dir='ltr'><strong>esset</strong></span> <span class='ocrx_word' id='word_1_81' title='bbox 1891 1465 1959 1518; x_wconf 91' lang='lat' dir='ltr'><strong>ab</strong></span> <span class='ocrx_word' id='word_1_82' title='bbox 2018 1466 2088 1520; x_wconf 87' lang='lat' dir='ltr'><strong>iis</strong></span> 
     </span>
    </p>
   </div>
   <div class='ocr_carea' id='block_1_15' title="bbox 514 1550 2082 1624">
    <p class='ocr_par' dir='ltr' id='par_1_15' title="bbox 514 1550 2082 1624">
     <span class='ocr_line' id='line_1_15' title="bbox 514 1550 2082 1624; baseline 0.003 -18"><span class='ocrx_word' id='word_1_83' title='bbox 514 1552 621 1607; x_wconf 81' lang='lat' dir='ltr'><strong>alia</strong></span> <span class='ocrx_word' id='word_1_84' title='bbox 675 1566 739 1606; x_wconf 92' lang='lat' dir='ltr'><strong>ac</strong></span> <span class='ocrx_word' id='word_1_85' title='bbox 775 1560 962 1606; x_wconf 88' lang='lat' dir='ltr'><strong>nostra</strong></span> <span class='ocrx_word' id='word_1_86' title='bbox 1001 1552 1164 1620; x_wconf 86' lang='lat' dir='ltr'><strong>hujus</strong></span> <span class='ocrx_word' id='word_1_87' title='bbox 1210 1550 1506 1621; x_wconf 74' lang='lat' dir='ltr'><strong>Scriptum</strong></span> <span class='ocrx_word' id='word_1_88' title='bbox 1543 1553 1646 1608; x_wconf 90' lang='lat' dir='ltr'><strong>loci</strong></span> <span class='ocrx_word' id='word_1_89' title='bbox 1686 1555 2082 1624; x_wconf 87' lang='lat' dir='ltr'><strong>interpretatio,</strong></span> 
     </span>
    </p>
   </div>
   <div class='ocr_carea' id='block_1_16' title="bbox 513 1643 2087 1716">
    <p class='ocr_par' dir='ltr' id='par_1_16' title="bbox 513 1643 2087 1716">
     <span class='ocr_line' id='line_1_16' title="bbox 513 1643 2087 1716; baseline 0.004 -20"><span class='ocrx_word' id='word_1_90' title='bbox 513 1652 678 1712; x_wconf 90' lang='lat' dir='ltr'><strong>atque</strong></span> <span class='ocrx_word' id='word_1_91' title='bbox 711 1643 778 1697; x_wconf 90' lang='lat' dir='ltr'><strong>iis</strong></span> <span class='ocrx_word' id='word_1_92' title='bbox 805 1643 1286 1716; x_wconf 85' lang='lat' dir='ltr'><strong>demonstrandum</strong></span> <span class='ocrx_word' id='word_1_93' title='bbox 1326 1643 1480 1712; x_wconf 83' lang='lat' dir='ltr'><strong>juxta</strong></span> <span class='ocrx_word' id='word_1_94' title='bbox 1504 1644 1650 1714; x_wconf 88' lang='lat' dir='ltr'><strong>ipsos</strong></span> <span class='ocrx_word' id='word_1_95' title='bbox 1688 1646 1972 1702; x_wconf 87' lang='lat' dir='ltr'><strong>mendacio</strong></span> <span class='ocrx_word' id='word_1_96' title='bbox 1997 1663 2087 1702; x_wconf 90' lang='lat' dir='ltr'><strong>ar—</strong></span> 
     </span>
    </p>
   </div>
   <div class='ocr_carea' id='block_1_17' title="bbox 509 1733 2089 1805">
    <p class='ocr_par' dir='ltr' id='par_1_17' title="bbox 509 1733 2089 1805">
     <span class='ocr_line' id='line_1_17' title="bbox 509 1733 2089 1805; baseline 0.003 -18"><span class='ocrx_word' id='word_1_97' title='bbox 509 1742 746 1805; x_wconf 85' lang='lat' dir='ltr'><strong>guantur</strong></span> <span class='ocrx_word' id='word_1_98' title='bbox 783 1748 1008 1789; x_wconf 90' lang='lat' dir='ltr'><strong>necesse</strong></span> <span class='ocrx_word' id='word_1_99' title='bbox 1033 1739 1117 1788; x_wconf 87' lang='lat' dir='ltr'><strong>est</strong></span> <span class='ocrx_word' id='word_1_100' title='bbox 1155 1733 1420 1789; x_wconf 86' lang='lat' dir='ltr'><strong>Gabrielis</strong></span> <span class='ocrx_word' id='word_1_101' title='bbox 1453 1735 1854 1804; x_wconf 69' lang='lat' dir='ltr'><strong>praedictiones,</strong></span> <span class='ocrx_word' id='word_1_102' title='bbox 1886 1738 1931 1794; x_wconf 87' lang='lat' dir='ltr'><strong>si</strong></span> <span class='ocrx_word' id='word_1_103' title='bbox 1963 1739 2089 1793; x_wconf 87' lang='lat' dir='ltr'><strong>nul-</strong></span> 
     </span>
    </p>
   </div>
   <div class='ocr_carea' id='block_1_18' title="bbox 2199 537 3756 615">
    <p class='ocr_par' dir='ltr' id='par_1_18' title="bbox 2199 537 3756 615">
     <span class='ocr_line' id='line_1_18' title="bbox 2199 537 3756 615; baseline -0.006 -15"><span class='ocrx_word' id='word_1_104' title='bbox 2199 547 2394 601; x_wconf 89' lang='grc' dir='ltr'><strong>τωνίαν</strong></span> <span class='ocrx_word' id='word_1_105' title='bbox 2423 546 2577 600; x_wconf 87' lang='grc' dir='ltr'><strong>καλεῖ</strong></span> <span class='ocrx_word' id='word_1_106' title='bbox 2594 545 2784 615; x_wconf 71' lang='grc' dir='ltr'><strong>ὄνομα,</strong></span> <span class='ocrx_word' id='word_1_107' title='bbox 2812 542 2904 597; x_wconf 76' lang='grc' dir='ltr'><strong>καὶ</strong></span> <span class='ocrx_word' id='word_1_108' title='bbox 2928 540 3025 612; x_wconf 81' lang='grc' dir='ltr'><strong>τὴν</strong></span> <span class='ocrx_word' id='word_1_109' title='bbox 3048 537 3236 608; x_wconf 79' lang='grc' dir='ltr'><strong>στολὴν</strong></span> <span class='ocrx_word' id='word_1_110' title='bbox 3259 537 3355 608; x_wconf 79' lang='grc' dir='ltr'><strong>τὴν</strong></span> <span class='ocrx_word' id='word_1_111' title='bbox 3382 539 3756 609; x_wconf 67' lang='grc' dir='ltr'><strong>ἀρχιερατικὴν</strong></span> 
     </span>
    </p>
   </div>
   <div class='ocr_carea' id='block_1_19' title="bbox 2200 629 3758 710">
    <p class='ocr_par' dir='ltr' id='par_1_19' title="bbox 2200 629 3758 710">
     <span class='ocr_line' id='line_1_19' title="bbox 2200 629 3758 710; baseline -0.008 -17"><span class='ocrx_word' id='word_1_112' title='bbox 2200 639 2388 710; x_wconf 85' lang='grc' dir='ltr'><strong>ὥσπερ</strong></span> <span class='ocrx_word' id='word_1_113' title='bbox 2435 637 2531 690; x_wconf 74' lang='grc' dir='ltr'><strong>καὶ</strong></span> <span class='ocrx_word' id='word_1_114' title='bbox 2578 634 2843 705; x_wconf 89' lang='grc' dir='ltr'><strong>λαμϐάνει</strong></span> <span class='ocrx_word' id='word_1_115' title='bbox 2873 633 3000 704; x_wconf 77' lang='grc' dir='ltr'><strong>τῇδε</strong></span> <span class='ocrx_word' id='word_1_116' title='bbox 3056 629 3312 700; x_wconf 78' lang='grc' dir='ltr'><strong>κειμένην</strong></span> <span class='ocrx_word' id='word_1_117' title='bbox 3361 631 3630 696; x_wconf 82' lang='grc' dir='ltr'><strong>κατεῖχεν,</strong></span> <span class='ocrx_word' id='word_1_118' title='bbox 3679 646 3758 681; x_wconf 81' lang='grc' dir='ltr'><strong>πιο</strong></span> 
     </span>
    </p>
   </div>
   <div class='ocr_carea' id='block_1_20' title="bbox 2202 721 3754 798">
    <p class='ocr_par' dir='ltr' id='par_1_20' title="bbox 2202 721 3754 798">
     <span class='ocr_line' id='line_1_20' title="bbox 2202 721 3754 798; baseline -0.006 -14"><span class='ocrx_word' id='word_1_119' title='bbox 2202 730 2405 784; x_wconf 85' lang='grc' dir='ltr'><strong>στεύων</strong></span> <span class='ocrx_word' id='word_1_120' title='bbox 2423 729 2571 782; x_wconf 75' lang='grc' dir='ltr'><strong>οὐδὲν</strong></span> <span class='ocrx_word' id='word_1_121' title='bbox 2600 730 2905 798; x_wconf 80' lang='grc' dir='ltr'><strong>νεωτεριεῖν</strong></span> <span class='ocrx_word' id='word_1_122' title='bbox 2932 725 3018 780; x_wconf 83' lang='grc' dir='ltr'><strong>ἐπ’</strong></span> <span class='ocrx_word' id='word_1_123' title='bbox 3040 721 3186 794; x_wconf 76' lang='grc' dir='ltr'><strong>αὐτῷ</strong></span> <span class='ocrx_word' id='word_1_124' title='bbox 3212 721 3303 776; x_wconf 80' lang='grc' dir='ltr'><strong>τὸν</strong></span> <span class='ocrx_word' id='word_1_125' title='bbox 3331 721 3460 774; x_wconf 75' lang='grc' dir='ltr'><strong>λαὸν</strong></span> <span class='ocrx_word' id='word_1_126' title='bbox 3481 721 3547 775; x_wconf 86' lang='grc' dir='ltr'><strong>δι’</strong></span> <span class='ocrx_word' id='word_1_127' title='bbox 3578 723 3754 791; x_wconf 75' lang='grc' dir='ltr'><strong>αὑτήν.</strong></span> 
     </span>
    </p>
   </div>
   <div class='ocr_carea' id='block_1_21' title="bbox 2202 813 3758 894">
    <p class='ocr_par' dir='ltr' id='par_1_21' title="bbox 2202 813 3758 894">
     <span class='ocr_line' id='line_1_21' title="bbox 2202 813 3758 894; baseline -0.006 -20"><span class='ocrx_word' id='word_1_128' title='bbox 2202 823 2481 894; x_wconf 86' lang='grc' dir='ltr'><strong>Ἐπρασσε</strong></span> <span class='ocrx_word' id='word_1_129' title='bbox 2509 820 2565 873; x_wconf 89' lang='grc' dir='ltr'><strong>δέ</strong></span> <span class='ocrx_word' id='word_1_130' title='bbox 2585 820 2654 873; x_wconf 85' lang='grc' dir='ltr'><strong>τά</strong></span> <span class='ocrx_word' id='word_1_131' title='bbox 2686 821 2846 890; x_wconf 84' lang='grc' dir='ltr'><strong>ὃμοια</strong></span> <span class='ocrx_word' id='word_1_132' title='bbox 2870 816 2948 889; x_wconf 80' lang='grc' dir='ltr'><strong>τῷ</strong></span> <span class='ocrx_word' id='word_1_133' title='bbox 2991 816 3204 888; x_wconf 75' lang='grc' dir='ltr'><strong>Ἡρώδῃ</strong></span> <span class='ocrx_word' id='word_1_134' title='bbox 3225 815 3321 868; x_wconf 78' lang='grc' dir='ltr'><strong>καὶ</strong></span> <span class='ocrx_word' id='word_1_135' title='bbox 3344 815 3373 866; x_wconf 99' lang='lat'><strong>6</strong></span> <span class='ocrx_word' id='word_1_136' title='bbox 3405 813 3758 866; x_wconf 78' lang='grc' dir='ltr'><strong>ἐπικαταστα-</strong></span> 
     </span>
    </p>
   </div>
   <div class='ocr_carea' id='block_1_22' title="bbox 2197 897 3758 982">
    <p class='ocr_par' dir='ltr' id='par_1_22' title="bbox 2197 897 3758 982">
     <span class='ocr_line' id='line_1_22' title="bbox 2197 897 3758 982; baseline -0.006 -17"><span class='ocrx_word' id='word_1_137' title='bbox 2197 911 2310 975; x_wconf 79' lang='grc' dir='ltr'><strong>θεὶς</strong></span> <span class='ocrx_word' id='word_1_138' title='bbox 2341 910 2490 982; x_wconf 77' lang='grc' dir='ltr'><strong>αὐτῷ</strong></span> <span class='ocrx_word' id='word_1_139' title='bbox 2511 910 2759 981; x_wconf 79' lang='grc' dir='ltr'><strong>βασιλεὺς</strong></span> <span class='ocrx_word' id='word_1_140' title='bbox 2795 907 3100 978; x_wconf 83' lang='grc' dir='ltr'><strong>Ἀρχέλαος,</strong></span> <span class='ocrx_word' id='word_1_141' title='bbox 3133 905 3245 968; x_wconf 75' lang='grc' dir='ltr'><strong>υἱὸς</strong></span> <span class='ocrx_word' id='word_1_142' title='bbox 3269 902 3366 967; x_wconf 81' lang='grc' dir='ltr'><strong>ὢν,</strong></span> <span class='ocrx_word' id='word_1_143' title='bbox 3396 903 3528 973; x_wconf 80' lang='grc' dir='ltr'><strong>παρ’</strong></span> <span class='ocrx_word' id='word_1_144' title='bbox 3558 897 3617 956; x_wconf 72' lang='grc' dir='ltr'><strong>οὗ</strong></span> <span class='ocrx_word' id='word_1_145' title='bbox 3647 902 3758 956; x_wconf 66' lang='grc' dir='ltr'><strong>Ῥυι</strong></span> 
     </span>
    </p>
   </div>
   <div class='ocr_carea' id='block_1_23' title="bbox 2202 993 3756 1077">
    <p class='ocr_par' dir='ltr' id='par_1_23' title="bbox 2202 993 3756 1077">
     <span class='ocr_line' id='line_1_23' title="bbox 2202 993 3756 1077; baseline -0.008 -20"><span class='ocrx_word' id='word_1_146' title='bbox 2202 1007 2351 1077; x_wconf 85' lang='grc' dir='ltr'><strong>μαῖοι</strong></span> <span class='ocrx_word' id='word_1_147' title='bbox 2384 1003 2754 1073; x_wconf 78' lang='grc' dir='ltr'><strong>διαδεξάμενοι</strong></span> <span class='ocrx_word' id='word_1_148' title='bbox 2800 1001 2898 1070; x_wconf 81' lang='grc' dir='ltr'><strong>τήν</strong></span> <span class='ocrx_word' id='word_1_149' title='bbox 2931 999 3102 1070; x_wconf 76' lang='grc' dir='ltr'><strong>ἀρχὴν</strong></span> <span class='ocrx_word' id='word_1_150' title='bbox 3134 997 3395 1068; x_wconf 76' lang='grc' dir='ltr'><strong>ἐκράτουν</strong></span> <span class='ocrx_word' id='word_1_151' title='bbox 3429 995 3531 1064; x_wconf 78' lang='grc' dir='ltr'><strong>τῆς</strong></span> <span class='ocrx_word' id='word_1_152' title='bbox 3581 993 3756 1062; x_wconf 72' lang='grc' dir='ltr'><strong>στολῆς</strong></span> 
     </span>
    </p>
   </div>
   <div class='ocr_carea' id='block_1_24' title="bbox 2189 1082 3756 1162">
    <p class='ocr_par' dir='ltr' id='par_1_24' title="bbox 2189 1082 3756 1162">
     <span class='ocr_line' id='line_1_24' title="bbox 2189 1082 3756 1162; baseline -0.007 -18"><span class='ocrx_word' id='word_1_153' title='bbox 2189 1091 2284 1145; x_wconf 79' lang='grc' dir='ltr'><strong>τοῦ</strong></span> <span class='ocrx_word' id='word_1_154' title='bbox 2315 1089 2615 1162; x_wconf 72' lang='grc' dir='ltr'><strong>ἀρχιερέως</strong></span> <span class='ocrx_word' id='word_1_155' title='bbox 2637 1088 3003 1159; x_wconf 80' lang='grc' dir='ltr'><strong>ἀποκειμένης</strong></span> <span class='ocrx_word' id='word_1_156' title='bbox 3036 1089 3093 1139; x_wconf 88' lang='grc' dir='ltr'><strong>ἐν</strong></span> <span class='ocrx_word' id='word_1_157' title='bbox 3138 1085 3270 1155; x_wconf 79' lang='grc' dir='ltr'><strong>οἴκῳ</strong></span> <span class='ocrx_word' id='word_1_158' title='bbox 3291 1083 3441 1136; x_wconf 83' lang='grc' dir='ltr'><strong>λίθου</strong></span> <span class='ocrx_word' id='word_1_159' title='bbox 3485 1082 3756 1154; x_wconf 71' lang='grc' dir='ltr'><strong>οἰκοδομη-</strong></span> 
     </span>
    </p>
   </div>
   <div class='ocr_carea' id='block_1_25' title="bbox 2190 1180 2811 1252">
    <p class='ocr_par' dir='ltr' id='par_1_25' title="bbox 2190 1180 2811 1252">
     <span class='ocr_line' id='line_1_25' title="bbox 2190 1180 2811 1252; baseline -0.006 -16"><span class='ocrx_word' id='word_1_160' title='bbox 2190 1182 2339 1237; x_wconf 88' lang='grc' dir='ltr'><strong>θέντι</strong></span> <span class='ocrx_word' id='word_1_161' title='bbox 2361 1182 2465 1236; x_wconf 82' lang='grc' dir='ltr'><strong>ὑπὸ</strong></span> <span class='ocrx_word' id='word_1_162' title='bbox 2490 1180 2764 1252; x_wconf 81' lang='grc' dir='ltr'><strong>σφραγῖδι.</strong></span> <span class='ocrx_word' id='word_1_163' title='bbox 2792 1199 2811 1232; x_wconf 73' lang='grc' dir='ltr'><strong>ι</strong></span> 
     </span>
    </p>
   </div>
   <div class='ocr_carea' id='block_1_26' title="bbox 2272 1264 3759 1346">
    <p class='ocr_par' dir='ltr' id='par_1_26' title="bbox 2272 1264 3759 1346">
     <span class='ocr_line' id='line_1_26' title="bbox 2272 1264 3759 1346; baseline -0.008 -17"><span class='ocrx_word' id='word_1_164' title='bbox 2272 1275 2368 1328; x_wconf 87' lang='grc' dir='ltr'><strong>Ἐκ</strong></span> <span class='ocrx_word' id='word_1_165' title='bbox 2399 1274 2463 1346; x_wconf 85' lang='grc' dir='ltr'><strong>δὴ</strong></span> <span class='ocrx_word' id='word_1_166' title='bbox 2494 1273 2696 1326; x_wconf 84' lang='grc' dir='ltr'><strong>τούτων</strong></span> <span class='ocrx_word' id='word_1_167' title='bbox 2729 1270 3126 1342; x_wconf 74' lang='grc' dir='ltr'><strong>ἀναμφίλεκτος</strong></span> <span class='ocrx_word' id='word_1_168' title='bbox 3158 1267 3351 1337; x_wconf 86' lang='grc' dir='ltr'><strong>γένοιτ’</strong></span> <span class='ocrx_word' id='word_1_169' title='bbox 3402 1267 3471 1321; x_wconf 81' lang='grc' dir='ltr'><strong>ἂν</strong></span> <span class='ocrx_word' id='word_1_170' title='bbox 3501 1264 3759 1329; x_wconf 77' lang='grc' dir='ltr'><strong>ἀπόδειξις</strong></span> 
     </span>
    </p>
   </div>
   <div class='ocr_carea' id='block_1_27' title="bbox 2189 1358 3757 1438">
    <p class='ocr_par' dir='ltr' id='par_1_27' title="bbox 2189 1358 3757 1438">
     <span class='ocr_line' id='line_1_27' title="bbox 2189 1358 3757 1438; baseline -0.008 -16"><span class='ocrx_word' id='word_1_171' title='bbox 2189 1370 2270 1422; x_wconf 86' lang='grc' dir='ltr'><strong>ὃτι</strong></span> <span class='ocrx_word' id='word_1_172' title='bbox 2301 1366 2364 1438; x_wconf 86' lang='grc' dir='ltr'><strong>δὴ</strong></span> <span class='ocrx_word' id='word_1_173' title='bbox 2407 1365 2548 1418; x_wconf 83' lang='grc' dir='ltr'><strong>κατὰ</strong></span> <span class='ocrx_word' id='word_1_174' title='bbox 2575 1366 2699 1428; x_wconf 74' lang='grc' dir='ltr'><strong>τοὺς</strong></span> <span class='ocrx_word' id='word_1_175' title='bbox 2736 1362 3097 1435; x_wconf 79' lang='grc' dir='ltr'><strong>δηλουμένους</strong></span> <span class='ocrx_word' id='word_1_176' title='bbox 3139 1361 3362 1431; x_wconf 87' lang='grc' dir='ltr'><strong>χρόνους</strong></span> <span class='ocrx_word' id='word_1_177' title='bbox 3402 1358 3475 1411; x_wconf 85' lang='grc' dir='ltr'><strong>τά</strong></span> <span class='ocrx_word' id='word_1_178' title='bbox 3506 1358 3611 1428; x_wconf 79' lang='grc' dir='ltr'><strong>τῆς</strong></span> <span class='ocrx_word' id='word_1_179' title='bbox 3638 1375 3757 1428; x_wconf 83' lang='grc' dir='ltr'><strong>προ-</strong></span> 
     </span>
    </p>
   </div>
   <div class='ocr_carea' id='block_1_28' title="bbox 2191 1450 3763 1528">
    <p class='ocr_par' dir='ltr' id='par_1_28' title="bbox 2191 1450 3763 1528">
     <span class='ocr_line' id='line_1_28' title="bbox 2191 1450 3763 1528; baseline -0.005 -19"><span class='ocrx_word' id='word_1_180' title='bbox 2191 1458 2417 1528; x_wconf 84' lang='grc' dir='ltr'><strong>φητείας</strong></span> <span class='ocrx_word' id='word_1_181' title='bbox 2450 1454 2797 1526; x_wconf 80' lang='grc' dir='ltr'><strong>περιγραφῆς</strong></span> <span class='ocrx_word' id='word_1_182' title='bbox 2830 1454 3035 1524; x_wconf 75' lang='grc' dir='ltr'><strong>ἔτυχεν·</strong></span> <span class='ocrx_word' id='word_1_183' title='bbox 3070 1455 3119 1506; x_wconf 82' lang='grc' dir='ltr'><strong>εί</strong></span> <span class='ocrx_word' id='word_1_184' title='bbox 3164 1453 3220 1505; x_wconf 83' lang='grc' dir='ltr'><strong>δὲ</strong></span> <span class='ocrx_word' id='word_1_185' title='bbox 3252 1453 3326 1522; x_wconf 82' lang='grc' dir='ltr'><strong>μὴ</strong></span> <span class='ocrx_word' id='word_1_186' title='bbox 3362 1450 3763 1521; x_wconf 71' lang='grc' dir='ltr'><strong>ωνομολογοίεν</strong></span> 
     </span>
    </p>
   </div>
   <div class='ocr_carea' id='block_1_29' title="bbox 2190 1542 3760 1617">
    <p class='ocr_par' dir='ltr' id='par_1_29' title="bbox 2190 1542 3760 1617">
     <span class='ocr_line' id='line_1_29' title="bbox 2190 1542 3760 1617; baseline -0.005 -13"><span class='ocrx_word' id='word_1_187' title='bbox 2190 1550 2398 1612; x_wconf 82' lang='grc' dir='ltr'><strong>τούτοις</strong></span> <span class='ocrx_word' id='word_1_188' title='bbox 2424 1549 2470 1600; x_wconf 79' lang='grc' dir='ltr'><strong>οἱ</strong></span> <span class='ocrx_word' id='word_1_189' title='bbox 2510 1549 2575 1599; x_wconf 87' lang='grc' dir='ltr'><strong>ἐκ</strong></span> <span class='ocrx_word' id='word_1_190' title='bbox 2603 1545 2920 1617; x_wconf 82' lang='grc' dir='ltr'><strong>περιτομῆς,</strong></span> <span class='ocrx_word' id='word_1_191' title='bbox 2951 1543 3198 1613; x_wconf 76' lang='grc' dir='ltr'><strong>αἰτητέον</strong></span> <span class='ocrx_word' id='word_1_192' title='bbox 3223 1543 3418 1605; x_wconf 79' lang='grc' dir='ltr'><strong>αὐτοὺς</strong></span> <span class='ocrx_word' id='word_1_193' title='bbox 3446 1542 3641 1612; x_wconf 79' lang='grc' dir='ltr'><strong>ἑτέραν</strong></span> <span class='ocrx_word' id='word_1_194' title='bbox 3665 1561 3760 1596; x_wconf 86' lang='grc' dir='ltr'><strong>πα-</strong></span> 
     </span>
    </p>
   </div>
   <div class='ocr_carea' id='block_1_30' title="bbox 2194 1633 3760 1713">
    <p class='ocr_par' dir='ltr' id='par_1_30' title="bbox 2194 1633 3760 1713">
     <span class='ocr_line' id='line_1_30' title="bbox 2194 1633 3760 1713; baseline -0.006 -18"><span class='ocrx_word' id='word_1_195' title='bbox 2194 1641 2265 1713; x_wconf 82' lang='grc' dir='ltr'><strong>ρὰ</strong></span> <span class='ocrx_word' id='word_1_196' title='bbox 2294 1641 2393 1712; x_wconf 82' lang='grc' dir='ltr'><strong>τὴν</strong></span> <span class='ocrx_word' id='word_1_197' title='bbox 2422 1638 2694 1710; x_wconf 82' lang='grc' dir='ltr'><strong>ἡμετέραν</strong></span> <span class='ocrx_word' id='word_1_198' title='bbox 2725 1636 2824 1704; x_wconf 82' lang='grc' dir='ltr'><strong>τῆς</strong></span> <span class='ocrx_word' id='word_1_199' title='bbox 2853 1635 3074 1708; x_wconf 83' lang='grc' dir='ltr'><strong>Γραφῆς</strong></span> <span class='ocrx_word' id='word_1_200' title='bbox 3104 1635 3371 1706; x_wconf 84' lang='grc' dir='ltr'><strong>διήγησιν,</strong></span> <span class='ocrx_word' id='word_1_201' title='bbox 3406 1634 3505 1686; x_wconf 69' lang='grc' dir='ltr'><strong>καὶ</strong></span> <span class='ocrx_word' id='word_1_202' title='bbox 3538 1633 3760 1687; x_wconf 73' lang='grc' dir='ltr'><strong>δεικτέον</strong></span> 
     </span>
    </p>
   </div>
   <div class='ocr_carea' id='block_1_31' title="bbox 2191 1725 3762 1801">
    <p class='ocr_par' dir='ltr' id='par_1_31' title="bbox 2191 1725 3762 1801">
     <span class='ocr_line' id='line_1_31' title="bbox 2191 1725 3762 1801; baseline -0.004 -18"><span class='ocrx_word' id='word_1_203' title='bbox 2191 1731 2265 1793; x_wconf 85' lang='grc' dir='ltr'><strong>ὼς</strong></span> <span class='ocrx_word' id='word_1_204' title='bbox 2287 1729 2394 1801; x_wconf 75' lang='grc' dir='ltr'><strong>ἄρα</strong></span> <span class='ocrx_word' id='word_1_205' title='bbox 2422 1729 2541 1783; x_wconf 77' lang='grc' dir='ltr'><strong>κατ’</strong></span> <span class='ocrx_word' id='word_1_206' title='bbox 2574 1728 2769 1790; x_wconf 80' lang='grc' dir='ltr'><strong>αὐτοὺς</strong></span> <span class='ocrx_word' id='word_1_207' title='bbox 2796 1726 3007 1796; x_wconf 77' lang='grc' dir='ltr'><strong>ψευδεῖς</strong></span> <span class='ocrx_word' id='word_1_208' title='bbox 3039 1727 3250 1795; x_wconf 80' lang='grc' dir='ltr'><strong>ἀνάγκη</strong></span> <span class='ocrx_word' id='word_1_209' title='bbox 3276 1725 3374 1788; x_wconf 84' lang='grc' dir='ltr'><strong>τὰς</strong></span> <span class='ocrx_word' id='word_1_210' title='bbox 3399 1725 3497 1778; x_wconf 79' lang='grc' dir='ltr'><strong>τοῦ</strong></span> <span class='ocrx_word' id='word_1_211' title='bbox 3524 1725 3762 1794; x_wconf 77' lang='grc' dir='ltr'><strong>τηλικού-</strong></span> 
     </span>
    </p>
   </div>
   <div class='ocr_carea' id='block_1_32' title="bbox 511 1814 2076 1894">
    <p class='ocr_par' dir='ltr' id='par_1_32' title="bbox 511 1821 2076 1894">
     <span class='ocr_line' id='line_1_32' title="bbox 511 1821 2076 1894; baseline 0.002 -17"><span class='ocrx_word' id='word_1_212' title='bbox 511 1823 598 1878; x_wconf 90' lang='lat' dir='ltr'><strong>lus</strong></span> <span class='ocrx_word' id='word_1_213' title='bbox 633 1837 905 1877; x_wconf 91' lang='lat' dir='ltr'><strong>annorum</strong></span> <span class='ocrx_word' id='word_1_214' title='bbox 957 1822 1025 1891; x_wconf 85' lang='lat' dir='ltr'><strong>ab</strong></span> <span class='ocrx_word' id='word_1_215' title='bbox 1067 1838 1132 1877; x_wconf 93' lang='lat' dir='ltr'><strong>eo</strong></span> <span class='ocrx_word' id='word_1_216' title='bbox 1192 1837 1365 1893; x_wconf 89' lang='lat' dir='ltr'><strong>usque</strong></span> <span class='ocrx_word' id='word_1_217' title='bbox 1405 1821 1474 1876; x_wconf 92' lang='lat' dir='ltr'><strong>ad</strong></span> <span class='ocrx_word' id='word_1_218' title='bbox 1517 1823 1620 1877; x_wconf 90' lang='lat' dir='ltr'><strong>hoc</strong></span> <span class='ocrx_word' id='word_1_219' title='bbox 1660 1824 1924 1894; x_wconf 86' lang='lat' dir='ltr'><strong>temporis</strong></span> <span class='ocrx_word' id='word_1_220' title='bbox 1975 1824 2076 1880; x_wconf 79' lang='lat' dir='ltr'><strong>fere</strong></span> 
     </span>
    </p>
   </div>
   <div class='ocr_carea' id='block_1_33' title="bbox 2180 1814 3762 1894">
    <p class='ocr_par' dir='ltr' id='par_1_33' title="bbox 2187 1814 3762 1891">
     <span class='ocr_line' id='line_1_33' title="bbox 2187 1814 3762 1891; baseline -0.003 -19"><span class='ocrx_word' id='word_1_221' title='bbox 2187 1837 2280 1872; x_wconf 90' lang='grc' dir='ltr'><strong>του</strong></span> <span class='ocrx_word' id='word_1_222' title='bbox 2308 1819 2347 1870; x_wconf 94' lang='grc' dir='ltr'><strong>Γ</strong></span> <span class='ocrx_word' id='word_1_223' title='bbox 2351 1816 2547 1891; x_wconf 81' lang='grc' dir='ltr'><strong>αϐριὴλ</strong></span> <span class='ocrx_word' id='word_1_224' title='bbox 2577 1817 2971 1888; x_wconf 77' lang='grc' dir='ltr'><strong>ἀπελέγχεσθαι</strong></span> <span class='ocrx_word' id='word_1_225' title='bbox 3002 1817 3350 1888; x_wconf 75' lang='grc' dir='ltr'><strong>προρρήσεις,</strong></span> <span class='ocrx_word' id='word_1_226' title='bbox 3386 1818 3436 1868; x_wconf 87' lang='grc' dir='ltr'><strong>εἰ</strong></span> <span class='ocrx_word' id='word_1_227' title='bbox 3466 1815 3632 1886; x_wconf 89' lang='grc' dir='ltr'><strong>μηδὲν</strong></span> <span class='ocrx_word' id='word_1_228' title='bbox 3657 1814 3762 1868; x_wconf 79' lang='grc' dir='ltr'><strong>τῶν</strong></span> 
     </span>
    </p>
   </div>
   <div class='ocr_carea' id='block_1_34' title="bbox 509 1910 2086 1984">
    <p class='ocr_par' dir='ltr' id='par_1_34' title="bbox 509 1910 2086 1984">
     <span class='ocr_line' id='line_1_34' title="bbox 509 1910 2086 1984; baseline 0.001 -18"><span class='ocrx_word' id='word_1_229' title='bbox 509 1913 769 1980; x_wconf 90' lang='lat' dir='ltr'><strong>millium,</strong></span> <span class='ocrx_word' id='word_1_230' title='bbox 819 1928 959 1984; x_wconf 89' lang='lat' dir='ltr'><strong>quos</strong></span> <span class='ocrx_word' id='word_1_231' title='bbox 1005 1912 1413 1984; x_wconf 66' lang='lat' dir='ltr'><strong>praenuntiavit,</strong></span> <span class='ocrx_word' id='word_1_232' title='bbox 1455 1910 1634 1968; x_wconf 90' lang='lat' dir='ltr'><strong>adhuc</strong></span> <span class='ocrx_word' id='word_1_233' title='bbox 1688 1915 1949 1970; x_wconf 89' lang='lat' dir='ltr'><strong>evenerit.</strong></span> <span class='ocrx_word' id='word_1_234' title='bbox 1982 1913 2086 1968; x_wconf 83' lang='lat' dir='ltr'><strong>Ve-</strong></span> 
     </span>
    </p>
   </div>
   <div class='ocr_carea' id='block_1_35' title="bbox 509 2004 2084 2076">
    <p class='ocr_par' dir='ltr' id='par_1_35' title="bbox 509 2004 2084 2076">
     <span class='ocr_line' id='line_1_35' title="bbox 509 2004 2084 2076; baseline 0.001 -18"><span class='ocrx_word' id='word_1_235' title='bbox 509 2020 636 2059; x_wconf 89' lang='lat' dir='ltr'><strong>rum</strong></span> <span class='ocrx_word' id='word_1_236' title='bbox 678 2004 838 2059; x_wconf 89' lang='lat' dir='ltr'><strong>nobis</strong></span> <span class='ocrx_word' id='word_1_237' title='bbox 887 2012 1074 2076; x_wconf 88' lang='lat' dir='ltr'><strong>aperte</strong></span> <span class='ocrx_word' id='word_1_238' title='bbox 1118 2020 1280 2061; x_wconf 87' lang='lat' dir='ltr'><strong>verus</strong></span> <span class='ocrx_word' id='word_1_239' title='bbox 1324 2020 1508 2062; x_wconf 89' lang='lat' dir='ltr'><strong>sermo</strong></span> <span class='ocrx_word' id='word_1_240' title='bbox 1561 2005 1891 2071; x_wconf 87' lang='lat' dir='ltr'><strong>ostenditur,</strong></span> <span class='ocrx_word' id='word_1_241' title='bbox 1930 2007 2084 2076; x_wconf 83' lang='lat' dir='ltr'><strong>juxta</strong></span> 
     </span>
    </p>
   </div>
   <div class='ocr_carea' id='block_1_36' title="bbox 509 2097 2082 2174">
    <p class='ocr_par' dir='ltr' id='par_1_36' title="bbox 509 2097 2082 2174">
     <span class='ocr_line' id='line_1_36' title="bbox 509 2097 2082 2174; baseline 0 -22"><span class='ocrx_word' id='word_1_242' title='bbox 509 2097 756 2153; x_wconf 85' lang='lat' dir='ltr'><strong>sinceras</strong></span> <span class='ocrx_word' id='word_1_243' title='bbox 788 2113 926 2167; x_wconf 89' lang='lat' dir='ltr'><strong>quas</strong></span> <span class='ocrx_word' id='word_1_244' title='bbox 961 2098 1289 2174; x_wconf 86' lang='lat' dir='ltr'><strong>protulimus</strong></span> <span class='ocrx_word' id='word_1_245' title='bbox 1327 2099 1835 2168; x_wconf 86' lang='lat' dir='ltr'><strong>interpretationes:</strong></span> <span class='ocrx_word' id='word_1_246' title='bbox 1869 2107 1925 2153; x_wconf 92' lang='lat' dir='ltr'><strong>et</strong></span> <span class='ocrx_word' id='word_1_247' title='bbox 1958 2114 2082 2153; x_wconf 91' lang='lat' dir='ltr'><strong>cum</strong></span> 
     </span>
    </p>
   </div>
   <div class='ocr_carea' id='block_1_37' title="bbox 509 2189 2083 2260">
    <p class='ocr_par' dir='ltr' id='par_1_37' title="bbox 509 2189 2083 2260">
     <span class='ocr_line' id='line_1_37' title="bbox 509 2189 2083 2260; baseline -0.001 -16"><span class='ocrx_word' id='word_1_248' title='bbox 509 2189 579 2244; x_wconf 91' lang='lat' dir='ltr'><strong>iis</strong></span> <span class='ocrx_word' id='word_1_249' title='bbox 643 2198 1004 2259; x_wconf 81' lang='lat' dir='ltr'><strong>congruenter</strong></span> <span class='ocrx_word' id='word_1_250' title='bbox 1059 2189 1302 2244; x_wconf 89' lang='lat' dir='ltr'><strong>indicare</strong></span> <span class='ocrx_word' id='word_1_251' title='bbox 1339 2189 1497 2244; x_wconf 79' lang='lat' dir='ltr'><strong>facile</strong></span> <span class='ocrx_word' id='word_1_252' title='bbox 1535 2191 1640 2243; x_wconf 89' lang='lat' dir='ltr'><strong>erit</strong></span> <span class='ocrx_word' id='word_1_253' title='bbox 1679 2189 1949 2258; x_wconf 92' lang='lat' dir='ltr'><strong>quomodo</strong></span> <span class='ocrx_word' id='word_1_254' title='bbox 1983 2204 2083 2260; x_wconf 91' lang='lat' dir='ltr'><strong>po-</strong></span> 
     </span>
    </p>
   </div>
   <div class='ocr_carea' id='block_1_38' title="bbox 506 2280 2085 2352">
    <p class='ocr_par' dir='ltr' id='par_1_38' title="bbox 506 2280 2085 2352">
     <span class='ocr_line' id='line_1_38' title="bbox 506 2280 2085 2352; baseline -0.003 -14"><span class='ocrx_word' id='word_1_255' title='bbox 506 2293 710 2338; x_wconf 74' lang='lat' dir='ltr'><strong>SIrema</strong></span> <span class='ocrx_word' id='word_1_256' title='bbox 748 2293 872 2352; x_wconf 90' lang='lat' dir='ltr'><strong>post</strong></span> <span class='ocrx_word' id='word_1_257' title='bbox 923 2282 1057 2335; x_wconf 88' lang='lat' dir='ltr'><strong>alias</strong></span> <span class='ocrx_word' id='word_1_258' title='bbox 1097 2280 1434 2336; x_wconf 86' lang='lat' dir='ltr'><strong>hebdomada</strong></span> <span class='ocrx_word' id='word_1_259' title='bbox 1481 2295 1588 2334; x_wconf 91' lang='lat' dir='ltr'><strong>una</strong></span> <span class='ocrx_word' id='word_1_260' title='bbox 1623 2281 1960 2335; x_wconf 73' lang='lat' dir='ltr'><strong>confirmavit</strong></span> <span class='ocrx_word' id='word_1_261' title='bbox 1990 2297 2085 2351; x_wconf 88' lang='lat' dir='ltr'><strong>pa-</strong></span> 
     </span>
    </p>
   </div>
   <div class='ocr_carea' id='block_1_39' title="bbox 506 2373 2085 2443">
    <p class='ocr_par' dir='ltr' id='par_1_39' title="bbox 506 2373 2085 2443">
     <span class='ocr_line' id='line_1_39' title="bbox 506 2373 2085 2443; baseline 0 -15"><span class='ocrx_word' id='word_1_262' title='bbox 506 2383 655 2428; x_wconf 90' lang='lat' dir='ltr'><strong>ctum</strong></span> <span class='ocrx_word' id='word_1_263' title='bbox 714 2374 934 2438; x_wconf 87' lang='lat' dir='ltr'><strong>multis,</strong></span> <span class='ocrx_word' id='word_1_264' title='bbox 986 2373 1191 2428; x_wconf 81' lang='lat' dir='ltr'><strong>Novum</strong></span> <span class='ocrx_word' id='word_1_265' title='bbox 1232 2373 1484 2428; x_wconf 88' lang='lat' dir='ltr'><strong>salutaris</strong></span> <span class='ocrx_word' id='word_1_266' title='bbox 1539 2373 1938 2443; x_wconf 65' lang='lat' dir='ltr'><strong>praedicationis</strong></span> <span class='ocrx_word' id='word_1_267' title='bbox 1981 2375 2085 2429; x_wconf 84' lang='lat' dir='ltr'><strong>Te-</strong></span> 
     </span>
    </p>
   </div>
   <div class='ocr_carea' id='block_1_40' title="bbox 505 2463 2142 2535">
    <p class='ocr_par' dir='ltr' id='par_1_40' title="bbox 505 2463 2142 2535">
     <span class='ocr_line' id='line_1_40' title="bbox 505 2463 2142 2535; baseline 0.001 -15"><span class='ocrx_word' id='word_1_268' title='bbox 505 2473 868 2528; x_wconf 89' lang='lat' dir='ltr'><strong>stamentum,</strong></span> <span class='ocrx_word' id='word_1_269' title='bbox 909 2463 1271 2534; x_wconf 78' lang='lat' dir='ltr'><strong>diﬂusumque</strong></span> <span class='ocrx_word' id='word_1_270' title='bbox 1332 2481 1427 2535; x_wconf 89' lang='lat' dir='ltr'><strong>per</strong></span> <span class='ocrx_word' id='word_1_271' title='bbox 1494 2469 1802 2522; x_wconf 81' lang='lat' dir='ltr'><strong>universam</strong></span> <span class='ocrx_word' id='word_1_272' title='bbox 1844 2477 2078 2529; x_wconf 87' lang='lat' dir='ltr'><strong>terram,</strong></span> <span class='ocrx_word' id='word_1_273' title='bbox 2139 2519 2142 2521; x_wconf 16' lang='grc' dir='ltr'><strong>Α</strong></span> 
     </span>
    </p>
   </div>
   <div class='ocr_carea' id='block_1_41' title="bbox 503 2555 2082 2629">
    <p class='ocr_par' dir='ltr' id='par_1_41' title="bbox 503 2555 2082 2629">
     <span class='ocr_line' id='line_1_41' title="bbox 503 2555 2082 2629; baseline 0.003 -19"><span class='ocrx_word' id='word_1_274' title='bbox 503 2571 608 2610; x_wconf 88' lang='lat' dir='ltr'><strong>nec</strong></span> <span class='ocrx_word' id='word_1_275' title='bbox 647 2556 758 2625; x_wconf 92' lang='lat' dir='ltr'><strong>jam</strong></span> <span class='ocrx_word' id='word_1_276' title='bbox 797 2557 888 2610; x_wconf 90' lang='lat' dir='ltr'><strong>uni</strong></span> <span class='ocrx_word' id='word_1_277' title='bbox 933 2556 1034 2611; x_wconf 90' lang='lat' dir='ltr'><strong>soli</strong></span> <span class='ocrx_word' id='word_1_278' title='bbox 1078 2555 1387 2610; x_wconf 80' lang='lat' dir='ltr'><strong>Judaeorum</strong></span> <span class='ocrx_word' id='word_1_279' title='bbox 1437 2558 1618 2627; x_wconf 91' lang='lat' dir='ltr'><strong>genti,</strong></span> <span class='ocrx_word' id='word_1_280' title='bbox 1673 2559 1767 2612; x_wconf 89' lang='lat' dir='ltr'><strong>sed</strong></span> <span class='ocrx_word' id='word_1_281' title='bbox 1814 2570 1869 2614; x_wconf 91' lang='lat' dir='ltr'><strong>et</strong></span> <span class='ocrx_word' id='word_1_282' title='bbox 1911 2560 2082 2629; x_wconf 89' lang='lat' dir='ltr'><strong>pluri-</strong></span> 
     </span>
    </p>
   </div>
   <div class='ocr_carea' id='block_1_42' title="bbox 504 2647 2083 2712">
    <p class='ocr_par' dir='ltr' id='par_1_42' title="bbox 504 2647 2083 2712">
     <span class='ocr_line' id='line_1_42' title="bbox 504 2647 2083 2712; baseline 0.003 -10"><span class='ocrx_word' id='word_1_283' title='bbox 504 2647 608 2703; x_wconf 88' lang='lat' dir='ltr'><strong>bus</strong></span> <span class='ocrx_word' id='word_1_284' title='bbox 661 2648 1062 2712; x_wconf 84' lang='lat' dir='ltr'><strong>annuntiatum,</strong></span> <span class='ocrx_word' id='word_1_285' title='bbox 1094 2649 1169 2702; x_wconf 86' lang='lat' dir='ltr'><strong>ita</strong></span> <span class='ocrx_word' id='word_1_286' title='bbox 1215 2657 1272 2702; x_wconf 93' lang='lat' dir='ltr'><strong>ut</strong></span> <span class='ocrx_word' id='word_1_287' title='bbox 1309 2649 1429 2702; x_wconf 91' lang='lat' dir='ltr'><strong>ideo</strong></span> <span class='ocrx_word' id='word_1_288' title='bbox 1481 2650 1787 2704; x_wconf 84' lang='lat' dir='ltr'><strong>diceretur:</strong></span> <span class='ocrx_word' id='word_1_289' title='bbox 1825 2670 1844 2702; x_wconf 78' lang='grc' dir='ltr'><strong>ι</strong></span> <span class='ocrx_word' id='word_1_290' title='bbox 1873 2651 2083 2706; x_wconf 78' lang='lat' dir='ltr'><strong>Confir-</strong></span> 
     </span>
    </p>
   </div>
   <div class='ocr_carea' id='block_1_43' title="bbox 501 2739 2081 2809">
    <p class='ocr_par' dir='ltr' id='par_1_43' title="bbox 501 2739 2081 2809">
     <span class='ocr_line' id='line_1_43' title="bbox 501 2739 2081 2809; baseline 0.004 -17"><span class='ocrx_word' id='word_1_291' title='bbox 501 2739 672 2792; x_wconf 89' lang='lat' dir='ltr'><strong>mabit</strong></span> <span class='ocrx_word' id='word_1_292' title='bbox 692 2747 910 2809; x_wconf 90' lang='lat' dir='ltr'><strong>pactum</strong></span> <span class='ocrx_word' id='word_1_293' title='bbox 935 2740 1116 2794; x_wconf 87' lang='lat' dir='ltr'><strong>nmltis</strong></span> <span class='ocrx_word' id='word_1_294' title='bbox 1140 2739 1476 2797; x_wconf 89' lang='lat' dir='ltr'><strong>bebdomada</strong></span> <span class='ocrx_word' id='word_1_295' title='bbox 1501 2757 1626 2796; x_wconf 89' lang='lat' dir='ltr'><strong>una.</strong></span> <span class='ocrx_word' id='word_1_296' title='bbox 1669 2761 1687 2794; x_wconf 82' lang='grc'>›</span> <span class='ocrx_word' id='word_1_297' title='bbox 1725 2743 2081 2799; x_wconf 76' lang='lat' dir='ltr'><strong>Animadver-</strong></span> 
     </span>
    </p>
   </div>
   <div class='ocr_carea' id='block_1_44' title="bbox 500 2827 2080 2902">
    <p class='ocr_par' dir='ltr' id='par_1_44' title="bbox 500 2827 2080 2902">
     <span class='ocr_line' id='line_1_44' title="bbox 500 2827 2080 2902; baseline 0.006 -22"><span class='ocrx_word' id='word_1_298' title='bbox 500 2827 726 2882; x_wconf 89' lang='lat' dir='ltr'><strong>tendum</strong></span> <span class='ocrx_word' id='word_1_299' title='bbox 749 2837 833 2883; x_wconf 89' lang='lat' dir='ltr'><strong>est</strong></span> <span class='ocrx_word' id='word_1_300' title='bbox 853 2829 996 2898; x_wconf 90' lang='lat' dir='ltr'><strong>quod</strong></span> <span class='ocrx_word' id='word_1_301' title='bbox 1018 2844 1124 2882; x_wconf 92' lang='lat' dir='ltr'><strong>non</strong></span> <span class='ocrx_word' id='word_1_302' title='bbox 1139 2829 1399 2885; x_wconf 91' lang='lat' dir='ltr'><strong>continuo</strong></span> <span class='ocrx_word' id='word_1_303' title='bbox 1416 2832 1638 2902; x_wconf 84' lang='lat' dir='ltr'><strong>reliquis</strong></span> <span class='ocrx_word' id='word_1_304' title='bbox 1655 2833 2080 2890; x_wconf 85' lang='lat' dir='ltr'><strong>hebdomadibus</strong></span> 
     </span>
    </p>
   </div>
   <div class='ocr_carea' id='block_1_45' title="bbox 502 2920 2082 2994">
    <p class='ocr_par' dir='ltr' id='par_1_45' title="bbox 502 2920 2082 2994">
     <span class='ocr_line' id='line_1_45' title="bbox 502 2920 2082 2994; baseline 0.006 -21"><span class='ocrx_word' id='word_1_305' title='bbox 502 2928 778 2990; x_wconf 85' lang='lat' dir='ltr'><strong>postrema</strong></span> <span class='ocrx_word' id='word_1_306' title='bbox 809 2920 1146 2975; x_wconf 80' lang='lat' dir='ltr'><strong>hebdomada</strong></span> <span class='ocrx_word' id='word_1_307' title='bbox 1177 2937 1283 2975; x_wconf 88' lang='lat' dir='ltr'><strong>una</strong></span> <span class='ocrx_word' id='word_1_308' title='bbox 1297 2923 1558 2987; x_wconf 87' lang='lat' dir='ltr'><strong>succedit,</strong></span> <span class='ocrx_word' id='word_1_309' title='bbox 1577 2940 1738 2994; x_wconf 90' lang='lat' dir='ltr'><strong>quam</strong></span> <span class='ocrx_word' id='word_1_310' title='bbox 1759 2924 1922 2980; x_wconf 81' lang='lat' dir='ltr'><strong>refert</strong></span> <span class='ocrx_word' id='word_1_311' title='bbox 1941 2925 2082 2981; x_wconf 89' lang='lat' dir='ltr'><strong>Scri-</strong></span> 
     </span>
    </p>
   </div>
   <div class='ocr_carea' id='block_1_46' title="bbox 502 3013 2078 3083">
    <p class='ocr_par' dir='ltr' id='par_1_46' title="bbox 502 3013 2078 3083">
     <span class='ocr_line' id='line_1_46' title="bbox 502 3013 2078 3083; baseline 0.008 -20"><span class='ocrx_word' id='word_1_312' title='bbox 502 3020 664 3081; x_wconf 91' lang='lat' dir='ltr'><strong>ptura</strong></span> <span class='ocrx_word' id='word_1_313' title='bbox 694 3013 1134 3066; x_wconf 89' lang='lat' dir='ltr'><strong>conlirmaturam</strong></span> <span class='ocrx_word' id='word_1_314' title='bbox 1164 3029 1286 3068; x_wconf 87' lang='lat' dir='ltr'><strong>esse</strong></span> <span class='ocrx_word' id='word_1_315' title='bbox 1316 3021 1531 3083; x_wconf 89' lang='lat' dir='ltr'><strong>pactum</strong></span> <span class='ocrx_word' id='word_1_316' title='bbox 1562 3018 1766 3073; x_wconf 91' lang='lat' dir='ltr'><strong>multis.</strong></span> <span class='ocrx_word' id='word_1_317' title='bbox 1796 3017 1914 3073; x_wconf 85' lang='lat' dir='ltr'><strong>Non</strong></span> <span class='ocrx_word' id='word_1_318' title='bbox 1931 3022 2078 3076; x_wconf 90' lang='lat' dir='ltr'><strong>enim</strong></span> 
     </span>
    </p>
   </div>
   <div class='ocr_carea' id='block_1_47' title="bbox 501 3103 2080 3176">
    <p class='ocr_par' dir='ltr' id='par_1_47' title="bbox 501 3103 2080 3176">
     <span class='ocr_line' id='line_1_47' title="bbox 501 3103 2080 3176; baseline 0.005 -18"><span class='ocrx_word' id='word_1_319' title='bbox 501 3103 758 3158; x_wconf 88' lang='lat' dir='ltr'><strong>similiter</strong></span> <span class='ocrx_word' id='word_1_320' title='bbox 796 3103 851 3156; x_wconf 91' lang='lat' dir='ltr'><strong>in</strong></span> <span class='ocrx_word' id='word_1_321' title='bbox 893 3113 1098 3173; x_wconf 88' lang='lat' dir='ltr'><strong>septem</strong></span> <span class='ocrx_word' id='word_1_322' title='bbox 1132 3113 1183 3159; x_wconf 90' lang='lat' dir='ltr'><strong>et</strong></span> <span class='ocrx_word' id='word_1_323' title='bbox 1225 3106 1504 3176; x_wconf 82' lang='lat' dir='ltr'><strong>sexaginta</strong></span> <span class='ocrx_word' id='word_1_324' title='bbox 1538 3107 1752 3164; x_wconf 89' lang='lat' dir='ltr'><strong>duabus</strong></span> <span class='ocrx_word' id='word_1_325' title='bbox 1794 3111 2080 3166; x_wconf 85' lang='lat' dir='ltr'><strong>hebdoma-</strong></span> 
     </span>
    </p>
   </div>
   <div class='ocr_carea' id='block_1_48' title="bbox 2191 1907 3763 1983">
    <p class='ocr_par' dir='ltr' id='par_1_48' title="bbox 2191 1907 3763 1983">
     <span class='ocr_line' id='line_1_48' title="bbox 2191 1907 3763 1983; baseline -0.002 -18"><span class='ocrx_word' id='word_1_326' title='bbox 2191 1910 2809 1983; x_wconf 74' lang='grc' dir='ltr'><strong>προαναπειρωνημένων</strong></span> <span class='ocrx_word' id='word_1_327' title='bbox 2838 1910 2897 1976; x_wconf 78' lang='grc' dir='ltr'><strong>ἐξ</strong></span> <span class='ocrx_word' id='word_1_328' title='bbox 2928 1910 3135 1963; x_wconf 88' lang='grc' dir='ltr'><strong>ἐκείνου</strong></span> <span class='ocrx_word' id='word_1_329' title='bbox 3164 1909 3260 1962; x_wconf 74' lang='grc' dir='ltr'><strong>καὶ</strong></span> <span class='ocrx_word' id='word_1_330' title='bbox 3281 1911 3358 1972; x_wconf 76' lang='grc' dir='ltr'><strong>εἰς</strong></span> <span class='ocrx_word' id='word_1_331' title='bbox 3382 1907 3546 1978; x_wconf 75' lang='grc' dir='ltr'><strong>δεῦρο</strong></span> <span class='ocrx_word' id='word_1_332' title='bbox 3584 1907 3763 1977; x_wconf 78' lang='grc' dir='ltr'><strong>χιλίων</strong></span> 
     </span>
    </p>
   </div>
   <div class='ocr_carea' id='block_1_49' title="bbox 2189 1999 3761 2074">
    <p class='ocr_par' dir='ltr' id='par_1_49' title="bbox 2189 1999 3761 2074">
     <span class='ocr_line' id='line_1_49' title="bbox 2189 1999 3761 2074; baseline -0.003 -19"><span class='ocrx_word' id='word_1_333' title='bbox 2189 2003 2287 2074; x_wconf 83' lang='grc' dir='ltr'><strong>ήδη</strong></span> <span class='ocrx_word' id='word_1_334' title='bbox 2336 2001 2740 2072; x_wconf 79' lang='grc' dir='ltr'><strong>πλησιαζόντων</strong></span> <span class='ocrx_word' id='word_1_335' title='bbox 2780 1999 2917 2053; x_wconf 82' lang='grc' dir='ltr'><strong>ἑτῶν</strong></span> <span class='ocrx_word' id='word_1_336' title='bbox 2966 2000 3271 2070; x_wconf 76' lang='grc' dir='ltr'><strong>γεγένηται.</strong></span> <span class='ocrx_word' id='word_1_337' title='bbox 3341 1999 3481 2052; x_wconf 79' lang='grc' dir='ltr'><strong>Ἀλλ’</strong></span> <span class='ocrx_word' id='word_1_338' title='bbox 3531 2001 3661 2069; x_wconf 76' lang='grc' dir='ltr'><strong>ἡμῖν</strong></span> <span class='ocrx_word' id='word_1_339' title='bbox 3700 2015 3761 2067; x_wconf 80' lang='grc' dir='ltr'><strong>γε</strong></span> 
     </span>
    </p>
   </div>
   <div class='ocr_carea' id='block_1_50' title="bbox 2190 2091 3762 2164">
    <p class='ocr_par' dir='ltr' id='par_1_50' title="bbox 2190 2091 3762 2164">
     <span class='ocr_line' id='line_1_50' title="bbox 2190 2091 3762 2164; baseline -0.003 -16"><span class='ocrx_word' id='word_1_340' title='bbox 2190 2094 2376 2164; x_wconf 81' lang='grc' dir='ltr'><strong>σαφῶς</strong></span> <span class='ocrx_word' id='word_1_341' title='bbox 2415 2094 2623 2164; x_wconf 80' lang='grc' dir='ltr'><strong>ἀληθὴς</strong></span> <span class='ocrx_word' id='word_1_342' title='bbox 2649 2094 2678 2145; x_wconf 85' lang='grc' dir='ltr'>ὁ</span> <span class='ocrx_word' id='word_1_343' title='bbox 2705 2093 2862 2161; x_wconf 83' lang='grc' dir='ltr'><strong>λόγος</strong></span> <span class='ocrx_word' id='word_1_344' title='bbox 2903 2092 3281 2146; x_wconf 75' lang='grc' dir='ltr'><strong>ἀποδείκνυται</strong></span> <span class='ocrx_word' id='word_1_345' title='bbox 3306 2091 3449 2144; x_wconf 82' lang='grc' dir='ltr'><strong>κατὰ</strong></span> <span class='ocrx_word' id='word_1_346' title='bbox 3479 2091 3576 2154; x_wconf 72' lang='grc' dir='ltr'><strong>τὰς</strong></span> <span class='ocrx_word' id='word_1_347' title='bbox 3608 2091 3762 2144; x_wconf 84' lang='grc' dir='ltr'><strong>άϐιά-</strong></span> 
     </span>
    </p>
   </div>
   <div class='ocr_carea' id='block_1_51' title="bbox 2191 2177 3762 2256">
    <p class='ocr_par' dir='ltr' id='par_1_51' title="bbox 2191 2177 3762 2256">
     <span class='ocr_line' id='line_1_51' title="bbox 2191 2177 3762 2256; baseline -0.001 -18"><span class='ocrx_word' id='word_1_348' title='bbox 2191 2203 2328 2249; x_wconf 83' lang='grc' dir='ltr'><strong>στως</strong></span> <span class='ocrx_word' id='word_1_349' title='bbox 2374 2185 2771 2256; x_wconf 86' lang='grc' dir='ltr'><strong>παρατεθείσας</strong></span> <span class='ocrx_word' id='word_1_350' title='bbox 2802 2187 2935 2256; x_wconf 90' lang='grc' dir='ltr'><strong>ήμῖν</strong></span> <span class='ocrx_word' id='word_1_351' title='bbox 2980 2183 3275 2254; x_wconf 86' lang='grc' dir='ltr'><strong>διηγήσεις,</strong></span> <span class='ocrx_word' id='word_1_352' title='bbox 3323 2177 3412 2246; x_wconf 74' lang='grc' dir='ltr'><strong>αἷς</strong></span> <span class='ocrx_word' id='word_1_353' title='bbox 3460 2182 3762 2247; x_wconf 79' lang='grc' dir='ltr'><strong>ἀκολούθως</strong></span> 
     </span>
    </p>
   </div>
   <div class='ocr_carea' id='block_1_52' title="bbox 2187 2273 3759 2348">
    <p class='ocr_par' dir='ltr' id='par_1_52' title="bbox 2187 2273 3759 2348">
     <span class='ocr_line' id='line_1_52' title="bbox 2187 2273 3759 2348; baseline -0.003 -17"><span class='ocrx_word' id='word_1_354' title='bbox 2187 2277 2409 2348; x_wconf 81' lang='grc' dir='ltr'><strong>εὐχερὲς</strong></span> <span class='ocrx_word' id='word_1_355' title='bbox 2454 2277 2742 2330; x_wconf 84' lang='grc' dir='ltr'><strong>ἀποδοῦναι</strong></span> <span class='ocrx_word' id='word_1_356' title='bbox 2780 2275 2904 2329; x_wconf 92' lang='grc' dir='ltr'><strong>τίνα</strong></span> <span class='ocrx_word' id='word_1_357' title='bbox 2956 2275 3152 2347; x_wconf 85' lang='grc' dir='ltr'><strong>τρόπον</strong></span> <span class='ocrx_word' id='word_1_358' title='bbox 3187 2276 3280 2328; x_wconf 81' lang='grc' dir='ltr'><strong>καὶ</strong></span> <span class='ocrx_word' id='word_1_359' title='bbox 3321 2276 3355 2345; x_wconf 91' lang='grc' dir='ltr'><strong>ή</strong></span> <span class='ocrx_word' id='word_1_360' title='bbox 3405 2273 3545 2345; x_wconf 79' lang='grc' dir='ltr'><strong>μετά</strong></span> <span class='ocrx_word' id='word_1_361' title='bbox 3589 2274 3759 2338; x_wconf 77' lang='grc' dir='ltr'><strong>πάσας</strong></span> 
     </span>
    </p>
   </div>
   <div class='ocr_carea' id='block_1_53' title="bbox 2189 2366 3762 2440">
    <p class='ocr_par' dir='ltr' id='par_1_53' title="bbox 2189 2366 3762 2440">
     <span class='ocr_line' id='line_1_53' title="bbox 2189 2366 3762 2440; baseline -0.001 -18"><span class='ocrx_word' id='word_1_362' title='bbox 2189 2371 2390 2440; x_wconf 77' lang='grc' dir='ltr'><strong>ὑστάτη</strong></span> <span class='ocrx_word' id='word_1_363' title='bbox 2419 2369 2786 2440; x_wconf 75' lang='grc' dir='ltr'><strong>ἐπιφερομένη</strong></span> <span class='ocrx_word' id='word_1_364' title='bbox 2814 2367 3047 2439; x_wconf 80' lang='grc' dir='ltr'><strong>ἑϐδομὰς</strong></span> <span class='ocrx_word' id='word_1_365' title='bbox 3092 2367 3189 2438; x_wconf 86' lang='grc' dir='ltr'><strong>μία</strong></span> <span class='ocrx_word' id='word_1_366' title='bbox 3218 2367 3618 2437; x_wconf 82' lang='grc' dir='ltr'><strong>ἑνεδυνάμωσεν</strong></span> <span class='ocrx_word' id='word_1_367' title='bbox 3643 2366 3762 2420; x_wconf 78' lang='grc' dir='ltr'><strong>δια-</strong></span> 
     </span>
    </p>
   </div>
   <div class='ocr_carea' id='block_1_54' title="bbox 2187 2457 3760 2533">
    <p class='ocr_par' dir='ltr' id='par_1_54' title="bbox 2187 2457 3760 2533">
     <span class='ocr_line' id='line_1_54' title="bbox 2187 2457 3760 2533; baseline -0.003 -19"><span class='ocrx_word' id='word_1_368' title='bbox 2187 2460 2360 2533; x_wconf 86' lang='grc' dir='ltr'><strong>θήκην</strong></span> <span class='ocrx_word' id='word_1_369' title='bbox 2413 2460 2621 2524; x_wconf 86' lang='grc' dir='ltr'><strong>πολλοῖς</strong></span> <span class='ocrx_word' id='word_1_370' title='bbox 2645 2501 2660 2525; x_wconf 95' lang='grc'><strong>,</strong></span> <span class='ocrx_word' id='word_1_371' title='bbox 2703 2460 2800 2532; x_wconf 80' lang='grc' dir='ltr'><strong>τὴν</strong></span> <span class='ocrx_word' id='word_1_372' title='bbox 2833 2460 3038 2529; x_wconf 81' lang='grc' dir='ltr'><strong>Καινὴν</strong></span> <span class='ocrx_word' id='word_1_373' title='bbox 3075 2457 3343 2529; x_wconf 81' lang='grc' dir='ltr'><strong>Διαθήκην</strong></span> <span class='ocrx_word' id='word_1_374' title='bbox 3366 2458 3458 2510; x_wconf 77' lang='grc' dir='ltr'><strong>τοῦ</strong></span> <span class='ocrx_word' id='word_1_375' title='bbox 3495 2458 3760 2528; x_wconf 78' lang='grc' dir='ltr'><strong>σωτηρίου</strong></span> 
     </span>
    </p>
   </div>
   <div class='ocr_carea' id='block_1_55' title="bbox 2187 2550 3761 2625">
    <p class='ocr_par' dir='ltr' id='par_1_55' title="bbox 2187 2550 3761 2625">
     <span class='ocr_line' id='line_1_55' title="bbox 2187 2550 3761 2625; baseline -0.004 -18"><span class='ocrx_word' id='word_1_376' title='bbox 2187 2554 2559 2625; x_wconf 83' lang='grc' dir='ltr'><strong>κηρύγματος,</strong></span> <span class='ocrx_word' id='word_1_377' title='bbox 2589 2554 2688 2624; x_wconf 82' lang='grc' dir='ltr'><strong>τὴν</strong></span> <span class='ocrx_word' id='word_1_378' title='bbox 2734 2551 2828 2605; x_wconf 76' lang='grc' dir='ltr'><strong>ἐπὶ</strong></span> <span class='ocrx_word' id='word_1_379' title='bbox 2875 2553 3052 2604; x_wconf 86' lang='grc' dir='ltr'><strong>πᾶσαν</strong></span> <span class='ocrx_word' id='word_1_380' title='bbox 3085 2550 3412 2603; x_wconf 78' lang='grc' dir='ltr'><strong>διαδοθεῖσαν</strong></span> <span class='ocrx_word' id='word_1_381' title='bbox 3455 2551 3551 2618; x_wconf 78' lang='grc' dir='ltr'><strong>τὴν</strong></span> <span class='ocrx_word' id='word_1_382' title='bbox 3586 2551 3761 2602; x_wconf 74' lang='grc' dir='ltr'><strong>οἰκου-</strong></span> 
     </span>
    </p>
   </div>
   <div class='ocr_carea' id='block_1_56' title="bbox 2189 2639 3759 2716">
    <p class='ocr_par' dir='ltr' id='par_1_56' title="bbox 2189 2639 3759 2716">
     <span class='ocr_line' id='line_1_56' title="bbox 2189 2639 3759 2716; baseline -0.003 -19"><span class='ocrx_word' id='word_1_383' title='bbox 2189 2645 2374 2716; x_wconf 84' lang='grc' dir='ltr'><strong>μένην,</strong></span> <span class='ocrx_word' id='word_1_384' title='bbox 2409 2644 2502 2697; x_wconf 73' lang='grc' dir='ltr'><strong>καὶ</strong></span> <span class='ocrx_word' id='word_1_385' title='bbox 2531 2644 2712 2696; x_wconf 81' lang='grc' dir='ltr'><strong>οὐκέτι</strong></span> <span class='ocrx_word' id='word_1_386' title='bbox 2741 2643 2837 2713; x_wconf 84' lang='grc' dir='ltr'><strong>μὲν</strong></span> <span class='ocrx_word' id='word_1_387' title='bbox 2869 2643 2949 2695; x_wconf 72' lang='grc' dir='ltr'><strong>ἐνὶ</strong></span> <span class='ocrx_word' id='word_1_388' title='bbox 2986 2641 3128 2713; x_wconf 88' lang='grc' dir='ltr'><strong>μόνῳ</strong></span> <span class='ocrx_word' id='word_1_389' title='bbox 3158 2640 3235 2711; x_wconf 80' lang='grc' dir='ltr'><strong>τῷ</strong></span> <span class='ocrx_word' id='word_1_390' title='bbox 3287 2639 3552 2692; x_wconf 69' lang='grc' dir='ltr'><strong>Ἰουδαίων</strong></span> <span class='ocrx_word' id='word_1_391' title='bbox 3595 2640 3759 2702; x_wconf 67' lang='grc' dir='ltr'><strong>ἔθνει.</strong></span> 
     </span>
    </p>
   </div>
   <div class='ocr_carea' id='block_1_57' title="bbox 2185 2729 3761 2805">
    <p class='ocr_par' dir='ltr' id='par_1_57' title="bbox 2185 2729 3761 2805">
     <span class='ocr_line' id='line_1_57' title="bbox 2185 2729 3761 2805; baseline -0.003 -16"><span class='ocrx_word' id='word_1_392' title='bbox 2185 2735 2298 2789; x_wconf 83' lang='grc' dir='ltr'><strong>ἀλλ’</strong></span> <span class='ocrx_word' id='word_1_393' title='bbox 2326 2735 2426 2805; x_wconf 73' lang='grc' dir='ltr'><strong>ἤδη</strong></span> <span class='ocrx_word' id='word_1_394' title='bbox 2453 2734 2547 2788; x_wconf 63' lang='grc' dir='ltr'><strong>καὶ¹</strong></span> <span class='ocrx_word' id='word_1_395' title='bbox 2578 2733 2784 2786; x_wconf 87' lang='grc' dir='ltr'><strong>πλείοσι</strong></span> <span class='ocrx_word' id='word_1_396' title='bbox 2813 2732 3196 2803; x_wconf 79' lang='grc' dir='ltr'><strong>κηρυχθεῖσαν,</strong></span> <span class='ocrx_word' id='word_1_397' title='bbox 3218 2730 3345 2783; x_wconf 80' lang='grc' dir='ltr'><strong>ὥστ’</strong></span> <span class='ocrx_word' id='word_1_398' title='bbox 3392 2731 3459 2784; x_wconf 80' lang='grc' dir='ltr'><strong>ἂν</strong></span> <span class='ocrx_word' id='word_1_399' title='bbox 3489 2730 3578 2783; x_wconf 78' lang='grc' dir='ltr'><strong>διὰ</strong></span> <span class='ocrx_word' id='word_1_400' title='bbox 3605 2729 3761 2784; x_wconf 78' lang='grc' dir='ltr'><strong>τοῦτο</strong></span> 
     </span>
    </p>
   </div>
   <div class='ocr_carea' id='block_1_58' title="bbox 2185 2822 3758 2899">
    <p class='ocr_par' dir='ltr' id='par_1_58' title="bbox 2185 2822 3758 2899">
     <span class='ocr_line' id='line_1_58' title="bbox 2185 2822 3758 2899; baseline -0.003 -19"><span class='ocrx_word' id='word_1_401' title='bbox 2185 2827 2432 2899; x_wconf 74' lang='grc' dir='ltr'><strong>εἰρῆσθαι</strong></span> <span class='ocrx_word' id='word_1_402' title='bbox 2491 2826 2584 2879; x_wconf 79' lang='grc' dir='ltr'><strong>καὶ</strong></span> <span class='ocrx_word' id='word_1_403' title='bbox 2641 2825 2724 2888; x_wconf 83' lang='grc' dir='ltr'><strong>τὸ,</strong></span> <span class='ocrx_word' id='word_1_404' title='bbox 2786 2844 2804 2876; x_wconf 79' lang='grc' dir='ltr'><strong>ι</strong></span> <span class='ocrx_word' id='word_1_405' title='bbox 2844 2822 3162 2895; x_wconf 83' lang='grc' dir='ltr'><strong>Δυναμώσει</strong></span> <span class='ocrx_word' id='word_1_406' title='bbox 3220 2823 3492 2894; x_wconf 82' lang='grc' dir='ltr'><strong>Διαθήκην</strong></span> <span class='ocrx_word' id='word_1_407' title='bbox 3545 2822 3758 2887; x_wconf 78' lang='grc' dir='ltr'><strong>πολλοῖς</strong></span> 
     </span>
    </p>
   </div>
   <div class='ocr_carea' id='block_1_59' title="bbox 2185 2913 3758 2990">
    <p class='ocr_par' dir='ltr' id='par_1_59' title="bbox 2185 2913 3758 2990">
     <span class='ocr_line' id='line_1_59' title="bbox 2185 2913 3758 2990; baseline -0.004 -17"><span class='ocrx_word' id='word_1_408' title='bbox 2185 2918 2415 2990; x_wconf 79' lang='grc' dir='ltr'><strong>ἑϐδομὰς</strong></span> <span class='ocrx_word' id='word_1_409' title='bbox 2447 2918 2565 2988; x_wconf 89' lang='grc' dir='ltr'><strong>μία.</strong></span> <span class='ocrx_word' id='word_1_410' title='bbox 2604 2936 2621 2968; x_wconf 76' lang='grc' dir='ltr'><strong>ι</strong></span> <span class='ocrx_word' id='word_1_411' title='bbox 2661 2915 2980 2986; x_wconf 84' lang='grc' dir='ltr'><strong>Ἐπιστῆσαι</strong></span> <span class='ocrx_word' id='word_1_412' title='bbox 3016 2915 3073 2967; x_wconf 76' lang='grc' dir='ltr'><strong>δὲ</strong></span> <span class='ocrx_word' id='word_1_413' title='bbox 3108 2913 3342 2982; x_wconf 73' lang='grc' dir='ltr'><strong>εὔλογον,</strong></span> <span class='ocrx_word' id='word_1_414' title='bbox 3379 2915 3462 2966; x_wconf 82' lang='grc' dir='ltr'><strong>ὅτι</strong></span> <span class='ocrx_word' id='word_1_415' title='bbox 3509 2915 3582 2985; x_wconf 80' lang='grc' dir='ltr'><strong>μὴ</strong></span> <span class='ocrx_word' id='word_1_416' title='bbox 3631 2914 3758 2983; x_wconf 61' lang='lat' dir='ltr'><strong>ser];</strong></span> 
     </span>
    </p>
   </div>
   <div class='ocr_carea' id='block_1_60' title="bbox 2183 3006 3761 3080">
    <p class='ocr_par' dir='ltr' id='par_1_60' title="bbox 2183 3006 3761 3080">
     <span class='ocr_line' id='line_1_60' title="bbox 2183 3006 3761 3080; baseline -0.004 -16"><span class='ocrx_word' id='word_1_417' title='bbox 2183 3014 2301 3074; x_wconf 87' lang='grc' dir='ltr'><strong>ταῖς</strong></span> <span class='ocrx_word' id='word_1_418' title='bbox 2323 3010 2536 3072; x_wconf 88' lang='grc' dir='ltr'><strong>λοιπαῖς</strong></span> <span class='ocrx_word' id='word_1_419' title='bbox 2562 3009 2849 3080; x_wconf 82' lang='grc' dir='ltr'><strong>ἑϐδομάσιν</strong></span> <span class='ocrx_word' id='word_1_420' title='bbox 2877 3010 2910 3078; x_wconf 88' lang='grc' dir='ltr'><strong>ή</strong></span> <span class='ocrx_word' id='word_1_421' title='bbox 2930 3008 3210 3061; x_wconf 87' lang='grc' dir='ltr'><strong>τελευταία</strong></span> <span class='ocrx_word' id='word_1_422' title='bbox 3241 3006 3474 3077; x_wconf 74' lang='grc' dir='ltr'><strong>ἑϐδομὰς</strong></span> <span class='ocrx_word' id='word_1_423' title='bbox 3508 3007 3605 3077; x_wconf 82' lang='grc' dir='ltr'><strong>μία</strong></span> <span class='ocrx_word' id='word_1_424' title='bbox 3634 3023 3761 3058; x_wconf 70' lang='grc' dir='ltr'><strong>συν-</strong></span> 
     </span>
    </p>
   </div>
   <div class='ocr_carea' id='block_1_61' title="bbox 2182 3099 3759 3175">
    <p class='ocr_par' dir='ltr' id='par_1_61' title="bbox 2182 3099 3759 3175">
     <span class='ocr_line' id='line_1_61' title="bbox 2182 3099 3759 3175; baseline -0.004 -18"><span class='ocrx_word' id='word_1_425' title='bbox 2182 3103 2370 3175; x_wconf 87' lang='grc' dir='ltr'><strong>ῆπται,</strong></span> <span class='ocrx_word' id='word_1_426' title='bbox 2406 3103 2473 3173; x_wconf 76' lang='grc' dir='ltr'><strong>ἦν</strong></span> <span class='ocrx_word' id='word_1_427' title='bbox 2506 3119 2666 3174; x_wconf 80' lang='grc' dir='ltr'><strong>φησιν</strong></span> <span class='ocrx_word' id='word_1_428' title='bbox 2711 3105 2738 3156; x_wconf 87' lang='grc' dir='ltr'>ὁ</span> <span class='ocrx_word' id='word_1_429' title='bbox 2779 3101 2934 3169; x_wconf 87' lang='grc' dir='ltr'><strong>λόγος</strong></span> <span class='ocrx_word' id='word_1_430' title='bbox 2965 3099 3301 3171; x_wconf 83' lang='grc' dir='ltr'><strong>δυναμώσειν</strong></span> <span class='ocrx_word' id='word_1_431' title='bbox 3343 3100 3615 3170; x_wconf 86' lang='grc' dir='ltr'><strong>Διαθήκην</strong></span> <span class='ocrx_word' id='word_1_432' title='bbox 3644 3101 3759 3161; x_wconf 79' lang='grc' dir='ltr'><strong>τοῖς</strong></span> 
     </span>
    </p>
   </div>
   <div class='ocr_carea' id='block_1_62' title="bbox 501 3191 2076 3277">
    <p class='ocr_par' dir='ltr' id='par_1_62' title="bbox 501 3194 2076 3270">
     <span class='ocr_line' id='line_1_62' title="bbox 501 3194 2076 3270; baseline 0.008 -22"><span class='ocrx_word' id='word_1_433' title='bbox 501 3194 683 3260; x_wconf 88' lang='lat' dir='ltr'><strong>dibus,</strong></span> <span class='ocrx_word' id='word_1_434' title='bbox 723 3203 887 3265; x_wconf 90' lang='lat' dir='ltr'><strong>atque</strong></span> <span class='ocrx_word' id='word_1_435' title='bbox 912 3196 964 3250; x_wconf 90' lang='lat' dir='ltr'><strong>in</strong></span> <span class='ocrx_word' id='word_1_436' title='bbox 999 3211 1105 3250; x_wconf 90' lang='lat' dir='ltr'><strong>una</strong></span> <span class='ocrx_word' id='word_1_437' title='bbox 1134 3195 1282 3252; x_wconf 84' lang='lat' dir='ltr'><strong>fecit.</strong></span> <span class='ocrx_word' id='word_1_438' title='bbox 1321 3195 1378 3251; x_wconf 87' lang='lat' dir='ltr'><strong>In</strong></span> <span class='ocrx_word' id='word_1_439' title='bbox 1419 3199 1696 3270; x_wconf 89' lang='lat' dir='ltr'><strong>prioribus</strong></span> <span class='ocrx_word' id='word_1_440' title='bbox 1731 3203 1876 3256; x_wconf 88' lang='lat' dir='ltr'><strong>enim</strong></span> <span class='ocrx_word' id='word_1_441' title='bbox 1910 3205 2076 3262; x_wconf 86' lang='lat' dir='ltr'><strong>totius</strong></span> 
     </span>
    </p>
   </div>
   <div class='ocr_carea' id='block_1_63' title="bbox 2180 3191 3757 3277">
    <p class='ocr_par' dir='ltr' id='par_1_63' title="bbox 2183 3191 3757 3266">
     <span class='ocr_line' id='line_1_63' title="bbox 2183 3191 3757 3266; baseline -0.004 -16"><span class='ocrx_word' id='word_1_442' title='bbox 2183 3197 2415 3259; x_wconf 84' lang='grc' dir='ltr'><strong>πολλοῖς·</strong></span> <span class='ocrx_word' id='word_1_443' title='bbox 2447 3196 2507 3249; x_wconf 76' lang='grc' dir='ltr'><strong>οὐ</strong></span> <span class='ocrx_word' id='word_1_444' title='bbox 2541 3195 2650 3266; x_wconf 85' lang='grc' dir='ltr'><strong>γάρ</strong></span> <span class='ocrx_word' id='word_1_445' title='bbox 2672 3195 2747 3258; x_wconf 86' lang='grc' dir='ltr'><strong>ὼς</strong></span> <span class='ocrx_word' id='word_1_446' title='bbox 2775 3194 2867 3246; x_wconf 81' lang='grc' dir='ltr'><strong>ἐπὶ</strong></span> <span class='ocrx_word' id='word_1_447' title='bbox 2892 3193 2999 3246; x_wconf 89' lang='grc' dir='ltr'><strong>τῶν</strong></span> <span class='ocrx_word' id='word_1_448' title='bbox 3026 3193 3068 3258; x_wconf 77' lang='grc' dir='ltr'><strong>ζ’</strong></span> <span class='ocrx_word' id='word_1_449' title='bbox 3094 3193 3188 3247; x_wconf 76' lang='grc' dir='ltr'><strong>καὶ</strong></span> <span class='ocrx_word' id='word_1_450' title='bbox 3217 3191 3293 3262; x_wconf 80' lang='grc' dir='ltr'><strong>ξβ⁹</strong></span> <span class='ocrx_word' id='word_1_451' title='bbox 3326 3191 3632 3262; x_wconf 81' lang='grc' dir='ltr'><strong>ἑϐδομάδων</strong></span> <span class='ocrx_word' id='word_1_452' title='bbox 3657 3192 3757 3243; x_wconf 70' lang='grc' dir='ltr'><strong>καὶ</strong></span> 
     </span>
    </p>
   </div>
   <div class='ocr_carea' id='block_1_64' title="bbox 499 3283 2076 3368">
    <p class='ocr_par' dir='ltr' id='par_1_64' title="bbox 499 3286 2076 3368">
     <span class='ocr_line' id='line_1_64' title="bbox 499 3286 2076 3368; baseline 0.009 -28"><span class='ocrx_word' id='word_1_453' title='bbox 499 3286 764 3358; x_wconf 89' lang='lat' dir='ltr'><strong>temporis</strong></span> <span class='ocrx_word' id='word_1_454' title='bbox 782 3302 1068 3342; x_wconf 89' lang='lat' dir='ltr'><strong>numerum</strong></span> <span class='ocrx_word' id='word_1_455' title='bbox 1098 3289 1354 3358; x_wconf 85' lang='lat' dir='ltr'><strong>partitus,</strong></span> <span class='ocrx_word' id='word_1_456' title='bbox 1395 3291 1538 3346; x_wconf 89' lang='lat' dir='ltr'><strong>inter</strong></span> <span class='ocrx_word' id='word_1_457' title='bbox 1565 3299 1770 3363; x_wconf 92' lang='lat' dir='ltr'><strong>septem</strong></span> <span class='ocrx_word' id='word_1_458' title='bbox 1789 3297 2076 3368; x_wconf 89' lang='lat' dir='ltr'><strong>statimque</strong></span> 
     </span>
    </p>
   </div>
   <div class='ocr_carea' id='block_1_65' title="bbox 2180 3283 3757 3368">
    <p class='ocr_par' dir='ltr' id='par_1_65' title="bbox 2182 3283 3757 3358">
     <span class='ocr_line' id='line_1_65' title="bbox 2182 3283 3757 3358; baseline -0.005 -16"><span class='ocrx_word' id='word_1_459' title='bbox 2182 3291 2273 3342; x_wconf 76' lang='grc' dir='ltr'><strong>ἐπὶ</strong></span> <span class='ocrx_word' id='word_1_460' title='bbox 2299 3289 2398 3358; x_wconf 78' lang='grc' dir='ltr'><strong>τῆς</strong></span> <span class='ocrx_word' id='word_1_461' title='bbox 2429 3289 2558 3358; x_wconf 83' lang='grc' dir='ltr'><strong>μιᾶς</strong></span> <span class='ocrx_word' id='word_1_462' title='bbox 2591 3287 2906 3357; x_wconf 89' lang='grc' dir='ltr'><strong>πεποίηκεν·</strong></span> <span class='ocrx_word' id='word_1_463' title='bbox 2938 3287 3024 3338; x_wconf 85' lang='grc' dir='ltr'><strong>ἐπ’</strong></span> <span class='ocrx_word' id='word_1_464' title='bbox 3053 3285 3274 3338; x_wconf 78' lang='grc' dir='ltr'><strong>ἐκείνων</strong></span> <span class='ocrx_word' id='word_1_465' title='bbox 3287 3285 3385 3354; x_wconf 87' lang='grc' dir='ltr'><strong>μὲν</strong></span> <span class='ocrx_word' id='word_1_466' title='bbox 3411 3286 3538 3355; x_wconf 87' lang='grc' dir='ltr'><strong>γάρ,</strong></span> <span class='ocrx_word' id='word_1_467' title='bbox 3570 3283 3757 3336; x_wconf 74' lang='grc' dir='ltr'><strong>διελὼν</strong></span> 
     </span>
    </p>
   </div>
   <div class='ocr_carea' id='block_1_66' title="bbox 499 3373 2076 3455">
    <p class='ocr_par' dir='ltr' id='par_1_66' title="bbox 499 3377 2072 3455">
     <span class='ocr_line' id='line_1_66' title="bbox 499 3377 2072 3455; baseline 0.008 -25"><span class='ocrx_word' id='word_1_468' title='bbox 499 3377 782 3447; x_wconf 80' lang='lat' dir='ltr'><strong>sexaginta</strong></span> <span class='ocrx_word' id='word_1_469' title='bbox 803 3377 938 3432; x_wconf 91' lang='lat' dir='ltr'><strong>duas</strong></span> <span class='ocrx_word' id='word_1_470' title='bbox 972 3379 1338 3436; x_wconf 85' lang='lat' dir='ltr'><strong>hebdomach</strong></span> <span class='ocrx_word' id='word_1_471' title='bbox 1366 3391 1510 3438; x_wconf 89' lang='lat' dir='ltr'><strong>recte</strong></span> <span class='ocrx_word' id='word_1_472' title='bbox 1541 3393 1758 3454; x_wconf 90' lang='lat' dir='ltr'><strong>tempus</strong></span> <span class='ocrx_word' id='word_1_473' title='bbox 1777 3387 2072 3455; x_wconf 85' lang='lat' dir='ltr'><strong>ordinavit,</strong></span> 
     </span>
    </p>
   </div>
   <div class='ocr_carea' id='block_1_67' title="bbox 2180 3373 3755 3455">
    <p class='ocr_par' dir='ltr' id='par_1_67' title="bbox 2180 3373 3755 3452">
     <span class='ocr_line' id='line_1_67' title="bbox 2180 3373 3755 3452; baseline -0.003 -18"><span class='ocrx_word' id='word_1_474' title='bbox 2180 3379 2271 3434; x_wconf 82' lang='grc' dir='ltr'><strong>τοῦ</strong></span> <span class='ocrx_word' id='word_1_475' title='bbox 2305 3381 2506 3444; x_wconf 86' lang='grc' dir='ltr'><strong>παντὸς</strong></span> <span class='ocrx_word' id='word_1_476' title='bbox 2529 3380 2718 3452; x_wconf 88' lang='grc' dir='ltr'><strong>χρόνου</strong></span> <span class='ocrx_word' id='word_1_477' title='bbox 2748 3380 2840 3432; x_wconf 76' lang='grc' dir='ltr'><strong>τὸν</strong></span> <span class='ocrx_word' id='word_1_478' title='bbox 2865 3377 3094 3451; x_wconf 80' lang='grc' dir='ltr'><strong>ἀριθμὸν</strong></span> <span class='ocrx_word' id='word_1_479' title='bbox 3118 3380 3198 3442; x_wconf 75' lang='grc' dir='ltr'><strong>εἷς</strong></span> <span class='ocrx_word' id='word_1_480' title='bbox 3223 3394 3282 3430; x_wconf 89' lang='grc' dir='ltr'><strong>τε</strong></span> <span class='ocrx_word' id='word_1_481' title='bbox 3309 3377 3408 3440; x_wconf 84' lang='grc' dir='ltr'><strong>τάς</strong></span> <span class='ocrx_word' id='word_1_482' title='bbox 3440 3377 3485 3441; x_wconf 79' lang='grc' dir='ltr'><strong>ζ’</strong></span> <span class='ocrx_word' id='word_1_483' title='bbox 3512 3378 3607 3430; x_wconf 79' lang='grc' dir='ltr'><strong>καὶ</strong></span> <span class='ocrx_word' id='word_1_484' title='bbox 3627 3373 3755 3446; x_wconf 72' lang='grc' dir='ltr'><strong>ἑξῆς</strong></span> 
     </span>
    </p>
   </div>
   <div class='ocr_carea' id='block_1_68' title="bbox 499 3468 2076 3549">
    <p class='ocr_par' dir='ltr' id='par_1_68' title="bbox 499 3472 2076 3549">
     <span class='ocr_line' id='line_1_68' title="bbox 499 3472 2076 3549; baseline 0.007 -25"><span class='ocrx_word' id='word_1_485' title='bbox 499 3477 706 3538; x_wconf 88' lang='lat' dir='ltr'><strong>septem</strong></span> <span class='ocrx_word' id='word_1_486' title='bbox 750 3479 944 3540; x_wconf 83' lang='lat' dir='ltr'><strong>aptans</strong></span> <span class='ocrx_word' id='word_1_487' title='bbox 979 3472 1260 3541; x_wconf 84' lang='lat' dir='ltr'><strong>sexaginta</strong></span> <span class='ocrx_word' id='word_1_488' title='bbox 1297 3473 1533 3538; x_wconf 86' lang='lat' dir='ltr'><strong>duabus,</strong></span> <span class='ocrx_word' id='word_1_489' title='bbox 1567 3476 1716 3531; x_wconf 90' lang='lat' dir='ltr'><strong>nullo</strong></span> <span class='ocrx_word' id='word_1_490' title='bbox 1751 3478 2076 3549; x_wconf 88' lang='lat' dir='ltr'><strong>interposito</strong></span> 
     </span>
    </p>
   </div>
   <div class='ocr_carea' id='block_1_69' title="bbox 2180 3468 3755 3549">
    <p class='ocr_par' dir='ltr' id='par_1_69' title="bbox 2180 3468 3755 3544">
     <span class='ocr_line' id='line_1_69' title="bbox 2180 3468 3755 3544; baseline -0.01 -17"><span class='ocrx_word' id='word_1_491' title='bbox 2180 3473 2274 3538; x_wconf 83' lang='grc' dir='ltr'><strong>τὰς</strong></span> <span class='ocrx_word' id='word_1_492' title='bbox 2322 3473 2401 3544; x_wconf 80' lang='grc' dir='ltr'><strong>ξβ¹</strong></span> <span class='ocrx_word' id='word_1_493' title='bbox 2436 3472 2754 3543; x_wconf 85' lang='grc' dir='ltr'><strong>ἑϐδομάδας,</strong></span> <span class='ocrx_word' id='word_1_494' title='bbox 2786 3471 3134 3542; x_wconf 88' lang='grc' dir='ltr'><strong>συνημμένην</strong></span> <span class='ocrx_word' id='word_1_495' title='bbox 3182 3470 3470 3538; x_wconf 88' lang='grc' dir='ltr'><strong>πεποίηται</strong></span> <span class='ocrx_word' id='word_1_496' title='bbox 3496 3468 3594 3538; x_wconf 79' lang='grc' dir='ltr'><strong>τὴν</strong></span> <span class='ocrx_word' id='word_1_497' title='bbox 3621 3468 3755 3520; x_wconf 75' lang='grc' dir='ltr'><strong>διαί..</strong></span> 
     </span>
    </p>
   </div>
   <div class='ocr_carea' id='block_1_70' title="bbox 497 3557 2076 3634">
    <p class='ocr_par' dir='ltr' id='par_1_70' title="bbox 497 3563 2075 3632">
     <span class='ocr_line' id='line_1_70' title="bbox 497 3563 2075 3632; baseline 0.009 -18"><span class='ocrx_word' id='word_1_498' title='bbox 497 3564 760 3631; x_wconf 89' lang='lat' dir='ltr'><strong>temporis</strong></span> <span class='ocrx_word' id='word_1_499' title='bbox 779 3566 976 3632; x_wconf 85' lang='lat' dir='ltr'><strong>spatio,</strong></span> <span class='ocrx_word' id='word_1_500' title='bbox 1003 3563 1076 3617; x_wconf 91' lang='lat' dir='ltr'><strong>ita</strong></span> <span class='ocrx_word' id='word_1_501' title='bbox 1103 3571 1162 3617; x_wconf 88' lang='lat' dir='ltr'><strong>ut</strong></span> <span class='ocrx_word' id='word_1_502' title='bbox 1189 3565 1379 3619; x_wconf 85' lang='lat' dir='ltr'><strong>harum</strong></span> <span class='ocrx_word' id='word_1_503' title='bbox 1399 3565 1804 3624; x_wconf 88' lang='lat' dir='ltr'><strong>hebdomadum</strong></span> <span class='ocrx_word' id='word_1_504' title='bbox 1830 3570 2075 3628; x_wconf 75' lang='lat' dir='ltr'><strong>historia:</strong></span> 
     </span>
    </p>
   </div>
   <div class='ocr_carea' id='block_1_71' title="bbox 2180 3557 3751 3634">
    <p class='ocr_par' dir='ltr' id='par_1_71' title="bbox 2180 3557 3751 3634">
     <span class='ocr_line' id='line_1_71' title="bbox 2180 3557 3751 3634; baseline -0.006 -18"><span class='ocrx_word' id='word_1_505' title='bbox 2180 3581 2345 3634; x_wconf 89' lang='grc' dir='ltr'><strong>ρεσιν,</strong></span> <span class='ocrx_word' id='word_1_506' title='bbox 2375 3566 2494 3625; x_wconf 87' lang='grc' dir='ltr'><strong>ταῖς</strong></span> <span class='ocrx_word' id='word_1_507' title='bbox 2518 3563 2561 3626; x_wconf 81' lang='grc' dir='ltr'><strong>ζ’</strong></span> <span class='ocrx_word' id='word_1_508' title='bbox 2580 3561 2680 3624; x_wconf 83' lang='grc' dir='ltr'><strong>τὰς</strong></span> <span class='ocrx_word' id='word_1_509' title='bbox 2703 3560 2782 3631; x_wconf 82' lang='grc' dir='ltr'><strong>ξβ¹</strong></span> <span class='ocrx_word' id='word_1_510' title='bbox 2807 3559 3063 3630; x_wconf 77' lang='grc' dir='ltr'><strong>συνάψας,</strong></span> <span class='ocrx_word' id='word_1_511' title='bbox 3090 3559 3182 3612; x_wconf 80' lang='grc' dir='ltr'><strong>καὶ</strong></span> <span class='ocrx_word' id='word_1_512' title='bbox 3210 3557 3408 3627; x_wconf 87' lang='grc' dir='ltr'><strong>μηδένα</strong></span> <span class='ocrx_word' id='word_1_513' title='bbox 3429 3557 3618 3627; x_wconf 86' lang='grc' dir='ltr'><strong>χρόνον</strong></span> <span class='ocrx_word' id='word_1_514' title='bbox 3646 3573 3751 3626; x_wconf 84' lang='grc' dir='ltr'><strong>μη-</strong></span> 
     </span>
    </p>
   </div>
   <div class='ocr_carea' id='block_1_72' title="bbox 497 3653 2074 3732">
    <p class='ocr_par' dir='ltr' id='par_1_72' title="bbox 497 3653 2074 3732">
     <span class='ocr_line' id='line_1_72' title="bbox 497 3653 2074 3732; baseline 0.007 -26"><span class='ocrx_word' id='word_1_515' title='bbox 497 3653 888 3710; x_wconf 84' lang='lat' dir='ltr'><strong>concordantia</strong></span> <span class='ocrx_word' id='word_1_516' title='bbox 919 3656 1068 3710; x_wconf 89' lang='lat' dir='ltr'><strong>nullo</strong></span> <span class='ocrx_word' id='word_1_517' title='bbox 1099 3657 1360 3723; x_wconf 89' lang='lat' dir='ltr'><strong>temporis</strong></span> <span class='ocrx_word' id='word_1_518' title='bbox 1384 3659 1676 3713; x_wconf 88' lang='lat' dir='ltr'><strong>intervallo</strong></span> <span class='ocrx_word' id='word_1_519' title='bbox 1706 3659 2074 3732; x_wconf 80' lang='lat' dir='ltr'><strong>frangeretur,</strong></span> 
     </span>
    </p>
   </div>
   <div class='ocr_carea' id='block_1_73' title="bbox 496 3741 2072 3814">
    <p class='ocr_par' dir='ltr' id='par_1_73' title="bbox 496 3741 2072 3814">
     <span class='ocr_line' id='line_1_73' title="bbox 496 3741 2072 3814; baseline 0.009 -20"><span class='ocrx_word' id='word_1_520' title='bbox 496 3741 582 3795; x_wconf 84' lang='lat' dir='ltr'><strong>vel</strong></span> <span class='ocrx_word' id='word_1_521' title='bbox 640 3741 1068 3814; x_wconf 85' lang='lat' dir='ltr'><strong>disjungeretur.</strong></span> <span class='ocrx_word' id='word_1_522' title='bbox 1105 3744 1304 3801; x_wconf 76' lang='lat' dir='ltr'><strong>Verum</strong></span> <span class='ocrx_word' id='word_1_523' title='bbox 1347 3746 1402 3799; x_wconf 90' lang='lat' dir='ltr'><strong>in</strong></span> <span class='ocrx_word' id='word_1_524' title='bbox 1437 3748 1540 3802; x_wconf 88' lang='lat' dir='ltr'><strong>hac</strong></span> <span class='ocrx_word' id='word_1_525' title='bbox 1571 3765 1678 3803; x_wconf 88' lang='lat' dir='ltr'><strong>una</strong></span> <span class='ocrx_word' id='word_1_526' title='bbox 1734 3751 2072 3808; x_wconf 88' lang='lat' dir='ltr'><strong>hebdomade</strong></span> 
     </span>
    </p>
   </div>
   <div class='ocr_carea' id='block_1_74' title="bbox 496 3835 2069 3913">
    <p class='ocr_par' dir='ltr' id='par_1_74' title="bbox 496 3835 2069 3913">
     <span class='ocr_line' id='line_1_74' title="bbox 496 3835 2069 3913; baseline 0.01 -28"><span class='ocrx_word' id='word_1_527' title='bbox 496 3847 760 3902; x_wconf 84' lang='lat' dir='ltr'><strong>magnum</strong></span> <span class='ocrx_word' id='word_1_528' title='bbox 795 3835 1067 3904; x_wconf 77' lang='lat' dir='ltr'><strong>quoddam</strong></span> <span class='ocrx_word' id='word_1_529' title='bbox 1105 3837 1250 3892; x_wconf 89' lang='lat' dir='ltr'><strong>subit</strong></span> <span class='ocrx_word' id='word_1_530' title='bbox 1279 3837 1596 3906; x_wconf 89' lang='lat' dir='ltr'><strong>discrimen,</strong></span> <span class='ocrx_word' id='word_1_531' title='bbox 1635 3857 1831 3913; x_wconf 91' lang='lat' dir='ltr'><strong>magna</strong></span> <span class='ocrx_word' id='word_1_532' title='bbox 1860 3845 2069 3901; x_wconf 89' lang='lat' dir='ltr'><strong>dilatio.</strong></span> 
     </span>
    </p>
   </div>
   <div class='ocr_carea' id='block_1_75' title="bbox 501 3921 2067 4000">
    <p class='ocr_par' dir='ltr' id='par_1_75' title="bbox 501 3921 2067 4000">
     <span class='ocr_line' id='line_1_75' title="bbox 501 3921 2067 4000; baseline 0.007 -25"><span class='ocrx_word' id='word_1_533' title='bbox 501 3921 717 3977; x_wconf 87' lang='lat' dir='ltr'><strong>Etenim</strong></span> <span class='ocrx_word' id='word_1_534' title='bbox 753 3933 876 3993; x_wconf 91' lang='lat' dir='ltr'><strong>post</strong></span> <span class='ocrx_word' id='word_1_535' title='bbox 912 3925 1282 3981; x_wconf 88' lang='lat' dir='ltr'><strong>bebdomades</strong></span> <span class='ocrx_word' id='word_1_536' title='bbox 1314 3930 1597 3998; x_wconf 84' lang='lat' dir='ltr'><strong>sexaginta</strong></span> <span class='ocrx_word' id='word_1_537' title='bbox 1637 3929 1795 3994; x_wconf 91' lang='lat' dir='ltr'><strong>duas,</strong></span> <span class='ocrx_word' id='word_1_538' title='bbox 1831 3931 2067 4000; x_wconf 88' lang='lat' dir='ltr'><strong>primum</strong></span> 
     </span>
    </p>
   </div>
   <div class='ocr_carea' id='block_1_76' title="bbox 498 4009 2068 4090">
    <p class='ocr_par' dir='ltr' id='par_1_76' title="bbox 498 4009 2068 4090">
     <span class='ocr_line' id='line_1_76' title="bbox 498 4009 2068 4090; baseline 0.007 -23"><span class='ocrx_word' id='word_1_539' title='bbox 498 4013 668 4068; x_wconf 91' lang='lat' dir='ltr'><strong>dicit:</strong></span> <span class='ocrx_word' id='word_1_540' title='bbox 709 4033 726 4064; x_wconf 79' lang='grc' dir='ltr'><strong>ι</strong></span> <span class='ocrx_word' id='word_1_541' title='bbox 762 4014 1048 4070; x_wconf 86' lang='lat' dir='ltr'><strong>Occidetur</strong></span> <span class='ocrx_word' id='word_1_542' title='bbox 1071 4018 1312 4074; x_wconf 86' lang='lat' dir='ltr'><strong>christus</strong></span> <span class='ocrx_word' id='word_1_543' title='bbox 1343 4009 1691 4090; x_wconf 67' lang='lat' dir='ltr'><strong>efjndicium</strong></span> <span class='ocrx_word' id='word_1_544' title='bbox 1729 4037 1840 4076; x_wconf 91' lang='lat' dir='ltr'><strong>non</strong></span> <span class='ocrx_word' id='word_1_545' title='bbox 1888 4032 1973 4078; x_wconf 90' lang='lat' dir='ltr'><strong>est</strong></span> <span class='ocrx_word' id='word_1_546' title='bbox 2012 4025 2068 4078; x_wconf 91' lang='lat' dir='ltr'><strong>in</strong></span> 
     </span>
    </p>
   </div>
   <div class='ocr_carea' id='block_1_77' title="bbox 494 4103 2066 4180">
    <p class='ocr_par' dir='ltr' id='par_1_77' title="bbox 494 4103 2066 4180">
     <span class='ocr_line' id='line_1_77' title="bbox 494 4103 2066 4180; baseline 0.006 -24"><span class='ocrx_word' id='word_1_547' title='bbox 494 4118 562 4156; x_wconf 86' lang='lat' dir='ltr'><strong>eo</strong></span> <span class='ocrx_word' id='word_1_548' title='bbox 603 4103 684 4166; x_wconf 85' lang='grc'><strong>⁸⁸;</strong></span> <span class='ocrx_word' id='word_1_549' title='bbox 715 4122 734 4154; x_wconf 82' lang='grc'><strong>›</strong></span> <span class='ocrx_word' id='word_1_550' title='bbox 769 4105 912 4174; x_wconf 91' lang='lat' dir='ltr'><strong>quod</strong></span> <span class='ocrx_word' id='word_1_551' title='bbox 946 4107 1232 4162; x_wconf 81' lang='lat' dir='ltr'><strong>manifeste</strong></span> <span class='ocrx_word' id='word_1_552' title='bbox 1263 4107 1494 4164; x_wconf 85' lang='lat' dir='ltr'><strong>Herodis</strong></span> <span class='ocrx_word' id='word_1_553' title='bbox 1529 4110 1866 4180; x_wconf 89' lang='lat' dir='ltr'><strong>temporibus</strong></span> <span class='ocrx_word' id='word_1_554' title='bbox 1918 4113 2066 4165; x_wconf 89' lang='lat' dir='ltr'><strong>exitu</strong></span> 
     </span>
    </p>
   </div>
   <div class='ocr_carea' id='block_1_78' title="bbox 495 4196 2067 4268">
    <p class='ocr_par' dir='ltr' id='par_1_78' title="bbox 495 4196 2067 4268">
     <span class='ocr_line' id='line_1_78' title="bbox 495 4196 2067 4268; baseline 0.005 -21"><span class='ocrx_word' id='word_1_555' title='bbox 495 4196 783 4265; x_wconf 84' lang='lat' dir='ltr'><strong>probatum</strong></span> <span class='ocrx_word' id='word_1_556' title='bbox 808 4205 919 4262; x_wconf 91' lang='lat' dir='ltr'><strong>est;</strong></span> <span class='ocrx_word' id='word_1_557' title='bbox 945 4198 1068 4252; x_wconf 90' lang='lat' dir='ltr'><strong>dein</strong></span> <span class='ocrx_word' id='word_1_558' title='bbox 1094 4199 1313 4268; x_wconf 88' lang='lat' dir='ltr'><strong>subjicit</strong></span> <span class='ocrx_word' id='word_1_559' title='bbox 1347 4219 1361 4256; x_wconf 87' lang='lat'><strong>:</strong></span> <span class='ocrx_word' id='word_1_560' title='bbox 1408 4219 1425 4250; x_wconf 73' lang='grc' dir='ltr'><strong>ι</strong></span> <span class='ocrx_word' id='word_1_561' title='bbox 1452 4199 1514 4254; x_wconf 85' lang='grc' dir='ltr'><strong>Ει</strong></span> <span class='ocrx_word' id='word_1_562' title='bbox 1537 4201 1817 4256; x_wconf 89' lang='lat' dir='ltr'><strong>civitatem</strong></span> <span class='ocrx_word' id='word_1_563' title='bbox 1841 4208 1895 4256; x_wconf 89' lang='lat' dir='ltr'><strong>et</strong></span> <span class='ocrx_word' id='word_1_564' title='bbox 1937 4217 2067 4257; x_wconf 86' lang='lat' dir='ltr'><strong>san-</strong></span> 
     </span>
    </p>
   </div>
   <div class='ocr_carea' id='block_1_79' title="bbox 493 4286 2059 4360">
    <p class='ocr_par' dir='ltr' id='par_1_79' title="bbox 493 4286 2059 4360">
     <span class='ocr_line' id='line_1_79' title="bbox 493 4286 2059 4360; baseline 0.004 -20"><span class='ocrx_word' id='word_1_565' title='bbox 493 4287 768 4340; x_wconf 88' lang='lat' dir='ltr'><strong>ctuarium</strong></span> <span class='ocrx_word' id='word_1_566' title='bbox 792 4286 1078 4358; x_wconf 90' lang='lat' dir='ltr'><strong>dissipabit</strong></span> <span class='ocrx_word' id='word_1_567' title='bbox 1111 4292 1344 4360; x_wconf 86' lang='lat' dir='ltr'><strong>populus</strong></span> <span class='ocrx_word' id='word_1_568' title='bbox 1380 4307 1504 4346; x_wconf 89' lang='lat' dir='ltr'><strong>cum</strong></span> <span class='ocrx_word' id='word_1_569' title='bbox 1521 4293 1659 4350; x_wconf 86' lang='lat' dir='ltr'><strong>duce</strong></span> <span class='ocrx_word' id='word_1_570' title='bbox 1686 4301 1934 4348; x_wconf 89' lang='lat' dir='ltr'><strong>venturo.</strong></span> <span class='ocrx_word' id='word_1_571' title='bbox 1970 4294 2014 4324; x_wconf 86' lang='grc'>³⁸</span> <span class='ocrx_word' id='word_1_572' title='bbox 2039 4314 2059 4346; x_wconf 68' lang='grc' dir='ltr'><strong>ι</strong></span> 
     </span>
    </p>
   </div>
   <div class='ocr_carea' id='block_1_80' title="bbox 493 4376 2064 4454">
    <p class='ocr_par' dir='ltr' id='par_1_80' title="bbox 493 4376 2064 4454">
     <span class='ocr_line' id='line_1_80' title="bbox 493 4376 2064 4454; baseline 0.004 -22"><span class='ocrx_word' id='word_1_573' title='bbox 493 4376 629 4444; x_wconf 86' lang='lat' dir='ltr'><strong>Quis</strong></span> <span class='ocrx_word' id='word_1_574' title='bbox 663 4387 841 4433; x_wconf 88' lang='lat' dir='ltr'><strong>autem</strong></span> <span class='ocrx_word' id='word_1_575' title='bbox 871 4380 1182 4450; x_wconf 89' lang='lat' dir='ltr'><strong>dissipabit,</strong></span> <span class='ocrx_word' id='word_1_576' title='bbox 1211 4383 1316 4438; x_wconf 89' lang='lat' dir='ltr'><strong>nisi</strong></span> <span class='ocrx_word' id='word_1_577' title='bbox 1352 4383 1657 4438; x_wconf 88' lang='lat' dir='ltr'><strong>animarum</strong></span> <span class='ocrx_word' id='word_1_578' title='bbox 1680 4385 1852 4454; x_wconf 87' lang='lat' dir='ltr'><strong>pestis</strong></span> <span class='ocrx_word' id='word_1_579' title='bbox 1873 4384 2064 4440; x_wconf 87' lang='lat' dir='ltr'><strong>diabo-</strong></span> 
     </span>
    </p>
   </div>
   <div class='ocr_carea' id='block_1_81' title="bbox 494 4468 2061 4546">
    <p class='ocr_par' dir='ltr' id='par_1_81' title="bbox 494 4468 2061 4546">
     <span class='ocr_line' id='line_1_81' title="bbox 494 4468 2061 4546; baseline 0.004 -23"><span class='ocrx_word' id='word_1_580' title='bbox 494 4468 614 4525; x_wconf 91' lang='lat' dir='ltr'><strong>lus?</strong></span> <span class='ocrx_word' id='word_1_581' title='bbox 644 4469 778 4536; x_wconf 87' lang='lat' dir='ltr'><strong>Quis</strong></span> <span class='ocrx_word' id='word_1_582' title='bbox 810 4471 920 4525; x_wconf 83' lang='lat' dir='ltr'><strong>dux</strong></span> <span class='ocrx_word' id='word_1_583' title='bbox 952 4482 1036 4528; x_wconf 88' lang='lat' dir='ltr'><strong>est</strong></span> <span class='ocrx_word' id='word_1_584' title='bbox 1067 4482 1352 4536; x_wconf 87' lang='lat' dir='ltr'><strong>venturus,</strong></span> <span class='ocrx_word' id='word_1_585' title='bbox 1381 4471 1484 4529; x_wconf 88' lang='lat' dir='ltr'><strong>nisi</strong></span> <span class='ocrx_word' id='word_1_586' title='bbox 1518 4479 1610 4546; x_wconf 91' lang='lat' dir='ltr'><strong>qui</strong></span> <span class='ocrx_word' id='word_1_587' title='bbox 1645 4477 1855 4546; x_wconf 89' lang='lat' dir='ltr'><strong>primus</strong></span> <span class='ocrx_word' id='word_1_588' title='bbox 1879 4492 1908 4531; x_wconf 89' lang='lat' dir='ltr'><strong>e</strong></span> <span class='ocrx_word' id='word_1_589' title='bbox 1929 4493 2061 4546; x_wconf 84' lang='lat' dir='ltr'><strong>gen-</strong></span> 
     </span>
    </p>
   </div>
   <div class='ocr_carea' id='block_1_82' title="bbox 2171 3648 3750 3726">
    <p class='ocr_par' dir='ltr' id='par_1_82' title="bbox 2171 3648 3750 3726">
     <span class='ocr_line' id='line_1_82' title="bbox 2171 3648 3750 3726; baseline -0.005 -18"><span class='ocrx_word' id='word_1_590' title='bbox 2171 3655 2229 3707; x_wconf 82' lang='grc' dir='ltr'><strong>δὲ</strong></span> <span class='ocrx_word' id='word_1_591' title='bbox 2260 3655 2456 3726; x_wconf 77' lang='grc' dir='ltr'><strong>πρᾶξιν</strong></span> <span class='ocrx_word' id='word_1_592' title='bbox 2486 3653 2688 3725; x_wconf 83' lang='grc' dir='ltr'><strong>μεταξὺ</strong></span> <span class='ocrx_word' id='word_1_593' title='bbox 2718 3649 3065 3715; x_wconf 87' lang='grc' dir='ltr'><strong>καταλιπὼν,</strong></span> <span class='ocrx_word' id='word_1_594' title='bbox 3111 3653 3193 3704; x_wconf 83' lang='grc' dir='ltr'><strong>ὅτι</strong></span> <span class='ocrx_word' id='word_1_595' title='bbox 3230 3649 3348 3720; x_wconf 89' lang='grc' dir='ltr'><strong>μηδ’</strong></span> <span class='ocrx_word' id='word_1_596' title='bbox 3376 3648 3672 3718; x_wconf 76' lang='grc' dir='ltr'><strong>ἑμςρέρεταί</strong></span> <span class='ocrx_word' id='word_1_597' title='bbox 3701 3665 3750 3700; x_wconf 83' lang='grc' dir='ltr'><strong>τι</strong></span> 
     </span>
    </p>
   </div>
   <div class='ocr_carea' id='block_1_83' title="bbox 2169 3740 3750 3816">
    <p class='ocr_par' dir='ltr' id='par_1_83' title="bbox 2169 3740 3750 3816">
     <span class='ocr_line' id='line_1_83' title="bbox 2169 3740 3750 3816; baseline -0.006 -17"><span class='ocrx_word' id='word_1_598' title='bbox 2169 3745 2462 3816; x_wconf 88' lang='grc' dir='ltr'><strong>διάλειμμα</strong></span> <span class='ocrx_word' id='word_1_599' title='bbox 2489 3745 2680 3816; x_wconf 83' lang='grc' dir='ltr'><strong>χρόνου</strong></span> <span class='ocrx_word' id='word_1_600' title='bbox 2709 3741 2950 3815; x_wconf 83' lang='grc' dir='ltr'><strong>διαιροῦν</strong></span> <span class='ocrx_word' id='word_1_601' title='bbox 2980 3743 3072 3796; x_wconf 74' lang='grc' dir='ltr'><strong>καὶ</strong></span> <span class='ocrx_word' id='word_1_602' title='bbox 3094 3740 3439 3808; x_wconf 77' lang='grc' dir='ltr'><strong>διαζευγνύον</strong></span> <span class='ocrx_word' id='word_1_603' title='bbox 3463 3740 3524 3791; x_wconf 74' lang='grc' dir='ltr'>τὸ</span> <span class='ocrx_word' id='word_1_604' title='bbox 3549 3756 3750 3808; x_wconf 65' lang='grc' dir='ltr'><strong>συνημ-</strong></span> 
     </span>
    </p>
   </div>
   <div class='ocr_carea' id='block_1_84' title="bbox 2173 3831 3750 3908">
    <p class='ocr_par' dir='ltr' id='par_1_84' title="bbox 2173 3831 3750 3908">
     <span class='ocr_line' id='line_1_84' title="bbox 2173 3831 3750 3908; baseline -0.005 -18"><span class='ocrx_word' id='word_1_605' title='bbox 2173 3837 2331 3908; x_wconf 86' lang='grc' dir='ltr'><strong>μένον</strong></span> <span class='ocrx_word' id='word_1_606' title='bbox 2362 3837 2460 3906; x_wconf 83' lang='grc' dir='ltr'><strong>τῆς</strong></span> <span class='ocrx_word' id='word_1_607' title='bbox 2492 3839 2613 3890; x_wconf 85' lang='grc' dir='ltr'><strong>κατ’</strong></span> <span class='ocrx_word' id='word_1_608' title='bbox 2647 3836 2861 3898; x_wconf 75' lang='grc' dir='ltr'><strong>ὲκείνας</strong></span> <span class='ocrx_word' id='word_1_609' title='bbox 2887 3834 2986 3898; x_wconf 83' lang='grc' dir='ltr'><strong>τὰς</strong></span> <span class='ocrx_word' id='word_1_610' title='bbox 3014 3833 3313 3904; x_wconf 78' lang='grc' dir='ltr'><strong>ἑϐδομάδας</strong></span> <span class='ocrx_word' id='word_1_611' title='bbox 3335 3832 3598 3902; x_wconf 81' lang='grc' dir='ltr'><strong>ἱστορίας.</strong></span> <span class='ocrx_word' id='word_1_612' title='bbox 3629 3831 3750 3883; x_wconf 79' lang='grc' dir='ltr'><strong>Ἐπὶ</strong></span> 
     </span>
    </p>
   </div>
   <div class='ocr_carea' id='block_1_85' title="bbox 2167 3924 3746 4000">
    <p class='ocr_par' dir='ltr' id='par_1_85' title="bbox 2167 3924 3746 4000">
     <span class='ocr_line' id='line_1_85' title="bbox 2167 3924 3746 4000; baseline -0.005 -18"><span class='ocrx_word' id='word_1_613' title='bbox 2167 3929 2224 3982; x_wconf 86' lang='grc' dir='ltr'><strong>δέ</strong></span> <span class='ocrx_word' id='word_1_614' title='bbox 2267 3930 2364 3998; x_wconf 85' lang='grc' dir='ltr'><strong>τῆς</strong></span> <span class='ocrx_word' id='word_1_615' title='bbox 2395 3929 2798 4000; x_wconf 77' lang='grc' dir='ltr'><strong>ἐπιφερομένης</strong></span> <span class='ocrx_word' id='word_1_616' title='bbox 2827 3926 3118 3997; x_wconf 87' lang='grc' dir='ltr'><strong>ἑϐδομάδος</strong></span> <span class='ocrx_word' id='word_1_617' title='bbox 3147 3927 3275 3996; x_wconf 76' lang='grc' dir='ltr'><strong>μιᾶς</strong></span> <span class='ocrx_word' id='word_1_618' title='bbox 3306 3924 3494 3995; x_wconf 89' lang='grc' dir='ltr'><strong>μακρά</strong></span> <span class='ocrx_word' id='word_1_619' title='bbox 3533 3941 3618 3986; x_wconf 88' lang='grc' dir='ltr'><strong>τις</strong></span> <span class='ocrx_word' id='word_1_620' title='bbox 3660 3926 3746 3976; x_wconf 71' lang='grc' dir='ltr'><strong>καὶ</strong></span> 
     </span>
    </p>
   </div>
   <div class='ocr_carea' id='block_1_86' title="bbox 2168 4014 3744 4092">
    <p class='ocr_par' dir='ltr' id='par_1_86' title="bbox 2168 4014 3744 4092">
     <span class='ocr_line' id='line_1_86' title="bbox 2168 4014 3744 4092; baseline -0.004 -20"><span class='ocrx_word' id='word_1_621' title='bbox 2168 4021 2627 4092; x_wconf 86' lang='grc' dir='ltr'><strong>ἀπεσχοινισμένη</strong></span> <span class='ocrx_word' id='word_1_622' title='bbox 2685 4019 2939 4088; x_wconf 81' lang='grc' dir='ltr'><strong>τυγχάνει</strong></span> <span class='ocrx_word' id='word_1_623' title='bbox 2991 4017 3262 4088; x_wconf 84' lang='grc' dir='ltr'><strong>διαστολή.</strong></span> <span class='ocrx_word' id='word_1_624' title='bbox 3317 4015 3472 4069; x_wconf 85' lang='grc' dir='ltr'><strong>Μετά</strong></span> <span class='ocrx_word' id='word_1_625' title='bbox 3516 4014 3622 4085; x_wconf 85' lang='grc' dir='ltr'><strong>γάρ</strong></span> <span class='ocrx_word' id='word_1_626' title='bbox 3651 4016 3744 4077; x_wconf 74' lang='grc' dir='ltr'><strong>τὰς</strong></span> 
     </span>
    </p>
   </div>
   <div class='ocr_carea' id='block_1_87' title="bbox 2167 4106 3740 4184">
    <p class='ocr_par' dir='ltr' id='par_1_87' title="bbox 2167 4106 3740 4184">
     <span class='ocr_line' id='line_1_87' title="bbox 2167 4106 3740 4184; baseline -0.004 -20"><span class='ocrx_word' id='word_1_627' title='bbox 2167 4112 2461 4184; x_wconf 87' lang='grc' dir='ltr'><strong>ἑϐδομάδας</strong></span> <span class='ocrx_word' id='word_1_628' title='bbox 2489 4112 2586 4175; x_wconf 77' lang='grc' dir='ltr'><strong>τὰς</strong></span> <span class='ocrx_word' id='word_1_629' title='bbox 2617 4111 2691 4181; x_wconf 80' lang='grc' dir='ltr'><strong>ξβ¹</strong></span> <span class='ocrx_word' id='word_1_630' title='bbox 2719 4110 2935 4182; x_wconf 86' lang='grc' dir='ltr'><strong>πρῶτόν</strong></span> <span class='ocrx_word' id='word_1_631' title='bbox 2968 4125 3150 4178; x_wconf 81' lang='grc' dir='ltr'><strong>φησιν·</strong></span> <span class='ocrx_word' id='word_1_632' title='bbox 3203 4127 3222 4159; x_wconf 87' lang='grc'><strong><em>‹</em></strong></span> <span class='ocrx_word' id='word_1_633' title='bbox 3276 4106 3740 4178; x_wconf 76' lang='grc' dir='ltr'><strong>Ἐξολοθρευθήσε-</strong></span> 
     </span>
    </p>
   </div>
   <div class='ocr_carea' id='block_1_88' title="bbox 2165 4199 3740 4276">
    <p class='ocr_par' dir='ltr' id='par_1_88' title="bbox 2165 4199 3740 4276">
     <span class='ocr_line' id='line_1_88' title="bbox 2165 4199 3740 4276; baseline -0.006 -18"><span class='ocrx_word' id='word_1_634' title='bbox 2165 4222 2254 4258; x_wconf 89' lang='grc' dir='ltr'><strong>ται</strong></span> <span class='ocrx_word' id='word_1_635' title='bbox 2298 4205 2499 4276; x_wconf 83' lang='grc' dir='ltr'><strong>χρίσμα</strong></span> <span class='ocrx_word' id='word_1_636' title='bbox 2522 4243 2536 4267; x_wconf 93' lang='grc'><strong>,</strong></span> <span class='ocrx_word' id='word_1_637' title='bbox 2565 4205 2657 4257; x_wconf 74' lang='grc' dir='ltr'><strong>καὶ</strong></span> <span class='ocrx_word' id='word_1_638' title='bbox 2701 4208 2872 4275; x_wconf 88' lang='grc' dir='ltr'><strong>κρῖμα</strong></span> <span class='ocrx_word' id='word_1_639' title='bbox 2908 4203 3006 4255; x_wconf 80' lang='grc' dir='ltr'><strong>οὐκ</strong></span> <span class='ocrx_word' id='word_1_640' title='bbox 3031 4201 3177 4258; x_wconf 76' lang='grc' dir='ltr'><strong>ἐστιν</strong></span> <span class='ocrx_word' id='word_1_641' title='bbox 3209 4203 3266 4253; x_wconf 86' lang='grc' dir='ltr'><strong>ὲν</strong></span> <span class='ocrx_word' id='word_1_642' title='bbox 3299 4199 3464 4270; x_wconf 78' lang='grc' dir='ltr'><strong>αὐτῷ.</strong></span> <span class='ocrx_word' id='word_1_643' title='bbox 3502 4219 3520 4250; x_wconf 73' lang='grc' dir='ltr'><strong>ι</strong></span> <span class='ocrx_word' id='word_1_644' title='bbox 3576 4199 3606 4252; x_wconf 78' lang='grc' dir='ltr'>ὃ</span> <span class='ocrx_word' id='word_1_645' title='bbox 3656 4199 3740 4251; x_wconf 81' lang='grc' dir='ltr'><strong>καὶ</strong></span> 
     </span>
    </p>
   </div>
   <div class='ocr_carea' id='block_1_89' title="bbox 2166 4290 3740 4368">
    <p class='ocr_par' dir='ltr' id='par_1_89' title="bbox 2166 4290 3740 4368">
     <span class='ocr_line' id='line_1_89' title="bbox 2166 4290 3740 4368; baseline -0.005 -18"><span class='ocrx_word' id='word_1_646' title='bbox 2166 4297 2429 4368; x_wconf 87' lang='grc' dir='ltr'><strong>πρόδηλον</strong></span> <span class='ocrx_word' id='word_1_647' title='bbox 2455 4297 2577 4351; x_wconf 86' lang='grc' dir='ltr'><strong>τίνα</strong></span> <span class='ocrx_word' id='word_1_648' title='bbox 2609 4298 2810 4367; x_wconf 88' lang='grc' dir='ltr'><strong>τρόπον</strong></span> <span class='ocrx_word' id='word_1_649' title='bbox 2845 4294 3017 4366; x_wconf 88' lang='grc' dir='ltr'><strong>πέρας</strong></span> <span class='ocrx_word' id='word_1_650' title='bbox 3047 4294 3268 4364; x_wconf 80' lang='grc' dir='ltr'><strong>εἴληφεν</strong></span> <span class='ocrx_word' id='word_1_651' title='bbox 3311 4295 3403 4345; x_wconf 83' lang='grc' dir='ltr'><strong>ἐπὶ</strong></span> <span class='ocrx_word' id='word_1_652' title='bbox 3430 4293 3539 4345; x_wconf 86' lang='grc' dir='ltr'><strong>τῶν</strong></span> <span class='ocrx_word' id='word_1_653' title='bbox 3571 4290 3740 4361; x_wconf 76' lang='grc' dir='ltr'><strong>Ἠρώ-</strong></span> 
     </span>
    </p>
   </div>
   <div class='ocr_carea' id='block_1_90' title="bbox 2163 4383 3737 4459">
    <p class='ocr_par' dir='ltr' id='par_1_90' title="bbox 2163 4383 3737 4459">
     <span class='ocr_line' id='line_1_90' title="bbox 2163 4383 3737 4459; baseline -0.005 -19"><span class='ocrx_word' id='word_1_654' title='bbox 2163 4386 2254 4440; x_wconf 91' lang='grc' dir='ltr'><strong>δου</strong></span> <span class='ocrx_word' id='word_1_655' title='bbox 2284 4388 2509 4459; x_wconf 73' lang='grc' dir='ltr'><strong>χρόνωνο</strong></span> <span class='ocrx_word' id='word_1_656' title='bbox 2547 4385 2664 4442; x_wconf 82' lang='grc' dir='ltr'><strong>εἶτά</strong></span> <span class='ocrx_word' id='word_1_657' title='bbox 2691 4405 2840 4458; x_wconf 77' lang='grc' dir='ltr'><strong>φησι·</strong></span> <span class='ocrx_word' id='word_1_658' title='bbox 2885 4407 2904 4439; x_wconf 71' lang='grc' dir='ltr'><strong>ι</strong></span> <span class='ocrx_word' id='word_1_659' title='bbox 2947 4388 3056 4440; x_wconf 71' lang='grc' dir='ltr'><strong>Καὶ</strong></span> <span class='ocrx_word' id='word_1_660' title='bbox 3089 4387 3186 4457; x_wconf 79' lang='grc' dir='ltr'><strong>τὴν</strong></span> <span class='ocrx_word' id='word_1_661' title='bbox 3214 4384 3365 4438; x_wconf 91' lang='grc' dir='ltr'><strong>πόλιν</strong></span> <span class='ocrx_word' id='word_1_662' title='bbox 3393 4385 3487 4437; x_wconf 78' lang='grc' dir='ltr'><strong>καὶ</strong></span> <span class='ocrx_word' id='word_1_663' title='bbox 3513 4383 3572 4435; x_wconf 85' lang='grc' dir='ltr'><strong>τὸ</strong></span> <span class='ocrx_word' id='word_1_664' title='bbox 3595 4383 3737 4450; x_wconf 74' lang='grc' dir='ltr'><strong>ἅγιον</strong></span> 
     </span>
    </p>
   </div>
   <div class='ocr_carea' id='block_1_91' title="bbox 2163 4473 3733 4552">
    <p class='ocr_par' dir='ltr' id='par_1_91' title="bbox 2163 4473 3733 4552">
     <span class='ocr_line' id='line_1_91' title="bbox 2163 4473 3733 4552; baseline -0.004 -20"><span class='ocrx_word' id='word_1_665' title='bbox 2163 4479 2445 4552; x_wconf 79' lang='grc' dir='ltr'><strong>διαφθερεῖ</strong></span> <span class='ocrx_word' id='word_1_666' title='bbox 2477 4481 2570 4534; x_wconf 79' lang='grc' dir='ltr'><strong>σὺν</strong></span> <span class='ocrx_word' id='word_1_667' title='bbox 2603 4480 2680 4551; x_wconf 83' lang='grc' dir='ltr'><strong>τῷ</strong></span> <span class='ocrx_word' id='word_1_668' title='bbox 2717 4479 2780 4548; x_wconf 75' lang='lat' dir='ltr'><strong>(f.</strong></span> <span class='ocrx_word' id='word_1_669' title='bbox 2825 4479 2913 4544; x_wconf 67' lang='lat'><strong>49.,</strong></span> <span class='ocrx_word' id='word_1_670' title='bbox 2951 4479 3030 4539; x_wconf 74' lang='grc' dir='ltr'><strong>νο)</strong></span> <span class='ocrx_word' id='word_1_671' title='bbox 3076 4477 3366 4548; x_wconf 83' lang='grc' dir='ltr'><strong>ἡγουμένῳ</strong></span> <span class='ocrx_word' id='word_1_672' title='bbox 3403 4475 3478 4545; x_wconf 83' lang='grc' dir='ltr'><strong>τῷ</strong></span> <span class='ocrx_word' id='word_1_673' title='bbox 3515 4473 3733 4545; x_wconf 81' lang='grc' dir='ltr'><strong>ἐρχομέ-</strong></span> 
     </span>
    </p>
   </div>
   <div class='ocr_carea' id='block_1_92' title="bbox 492 4562 2076 4642">
    <p class='ocr_par' dir='ltr' id='par_1_92' title="bbox 492 4562 2056 4638">
     <span class='ocr_line' id='line_1_92' title="bbox 492 4562 2056 4638; baseline 0.005 -23"><span class='ocrx_word' id='word_1_674' title='bbox 492 4562 641 4616; x_wconf 89' lang='lat' dir='ltr'><strong>tibus</strong></span> <span class='ocrx_word' id='word_1_675' title='bbox 690 4563 770 4618; x_wconf 89' lang='lat' dir='ltr'><strong>eis</strong></span> <span class='ocrx_word' id='word_1_676' title='bbox 817 4564 1103 4632; x_wconf 65' lang='lat' dir='ltr'><strong>praefectus</strong></span> <span class='ocrx_word' id='word_1_677' title='bbox 1150 4573 1237 4620; x_wconf 90' lang='lat' dir='ltr'><strong>est</strong></span> <span class='ocrx_word' id='word_1_678' title='bbox 1287 4563 1552 4630; x_wconf 83' lang='lat' dir='ltr'><strong>Herodes,</strong></span> <span class='ocrx_word' id='word_1_679' title='bbox 1598 4583 2056 4638; x_wconf 83' lang='lat' dir='ltr'><strong>successoresque</strong></span> 
     </span>
    </p>
   </div>
   <div class='ocr_carea' id='block_1_93' title="bbox 2180 4562 3737 4642">
    <p class='ocr_par' dir='ltr' id='par_1_93' title="bbox 2180 4565 3737 4642">
     <span class='ocr_line' id='line_1_93' title="bbox 2180 4565 3737 4642; baseline -0.004 -19"><span class='ocrx_word' id='word_1_680' title='bbox 2180 4585 2283 4635; x_wconf 75' lang='grc' dir='ltr'><strong>νῳ.»</strong></span> <span class='ocrx_word' id='word_1_681' title='bbox 2346 4569 2522 4632; x_wconf 83' lang='grc' dir='ltr'><strong>Τίςδέ</strong></span> <span class='ocrx_word' id='word_1_682' title='bbox 2585 4570 2861 4642; x_wconf 81' lang='grc' dir='ltr'><strong>διαφθερεῖ</strong></span> <span class='ocrx_word' id='word_1_683' title='bbox 2892 4571 2924 4639; x_wconf 82' lang='grc' dir='ltr'>ἢ</span> <span class='ocrx_word' id='word_1_684' title='bbox 2961 4569 3068 4622; x_wconf 86' lang='grc' dir='ltr'><strong>τῶν</strong></span> <span class='ocrx_word' id='word_1_685' title='bbox 3097 4567 3282 4638; x_wconf 78' lang='grc' dir='ltr'><strong>ψυχῶν</strong></span> <span class='ocrx_word' id='word_1_686' title='bbox 3341 4569 3369 4619; x_wconf 90' lang='grc' dir='ltr'>ὁ</span> <span class='ocrx_word' id='word_1_687' title='bbox 3426 4565 3737 4635; x_wconf 60' lang='grc' dir='ltr'><strong>διαφθορεὺς</strong></span> 
     </span>
    </p>
   </div>
   <div class='ocr_carea' id='block_1_94' title="bbox 491 4654 2061 4732">
    <p class='ocr_par' dir='ltr' id='par_1_94' title="bbox 491 4654 2061 4732">
     <span class='ocr_line' id='line_1_94' title="bbox 491 4654 2061 4732; baseline 0.006 -24"><span class='ocrx_word' id='word_1_688' title='bbox 491 4655 612 4723; x_wconf 90' lang='lat' dir='ltr'><strong>ejus</strong></span> <span class='ocrx_word' id='word_1_689' title='bbox 641 4656 736 4724; x_wconf 92' lang='lat' dir='ltr'><strong>qui</strong></span> <span class='ocrx_word' id='word_1_690' title='bbox 773 4672 917 4711; x_wconf 92' lang='lat' dir='ltr'><strong>nunc</strong></span> <span class='ocrx_word' id='word_1_691' title='bbox 967 4673 1141 4726; x_wconf 87' lang='lat' dir='ltr'><strong>usque</strong></span> <span class='ocrx_word' id='word_1_692' title='bbox 1173 4654 1483 4713; x_wconf 65' lang='lat' dir='ltr'><strong>Iudaeorum</strong></span> <span class='ocrx_word' id='word_1_693' title='bbox 1517 4667 1795 4728; x_wconf 90' lang='lat' dir='ltr'><strong>sceptrum</strong></span> <span class='ocrx_word' id='word_1_694' title='bbox 1831 4676 2061 4732; x_wconf 87' lang='lat' dir='ltr'><strong>accepe-</strong></span> 
     </span>
    </p>
   </div>
   <div class='ocr_carea' id='block_1_95' title="bbox 489 4743 2058 4823">
    <p class='ocr_par' dir='ltr' id='par_1_95' title="bbox 489 4743 2058 4823">
     <span class='ocr_line' id='line_1_95' title="bbox 489 4743 2058 4823; baseline 0.006 -25"><span class='ocrx_word' id='word_1_695' title='bbox 489 4745 663 4798; x_wconf 86' lang='lat' dir='ltr'><strong>runt?</strong></span> <span class='ocrx_word' id='word_1_696' title='bbox 692 4743 845 4798; x_wconf 89' lang='lat' dir='ltr'><strong>Sicut</strong></span> <span class='ocrx_word' id='word_1_697' title='bbox 881 4748 1045 4816; x_wconf 92' lang='lat' dir='ltr'><strong>igitur</strong></span> <span class='ocrx_word' id='word_1_698' title='bbox 1071 4748 1332 4817; x_wconf 89' lang='lat' dir='ltr'><strong>pristinos</strong></span> <span class='ocrx_word' id='word_1_699' title='bbox 1365 4751 1548 4821; x_wconf 91' lang='lat' dir='ltr'><strong>populi</strong></span> <span class='ocrx_word' id='word_1_700' title='bbox 1588 4751 1775 4814; x_wconf 91' lang='lat' dir='ltr'><strong>duces,</strong></span> <span class='ocrx_word' id='word_1_701' title='bbox 1830 4768 2058 4823; x_wconf 83' lang='lat' dir='ltr'><strong>magnos</strong></span> 
     </span>
    </p>
   </div>
   <div class='ocr_carea' id='block_1_96' title="bbox 492 4836 2058 4915">
    <p class='ocr_par' dir='ltr' id='par_1_96' title="bbox 492 4836 2058 4915">
     <span class='ocr_line' id='line_1_96' title="bbox 492 4836 2058 4915; baseline 0.007 -25"><span class='ocrx_word' id='word_1_702' title='bbox 492 4836 704 4892; x_wconf 89' lang='lat' dir='ltr'><strong>scilicet</strong></span> <span class='ocrx_word' id='word_1_703' title='bbox 743 4838 1056 4893; x_wconf 89' lang='lat' dir='ltr'><strong>sacerdotes</strong></span> <span class='ocrx_word' id='word_1_704' title='bbox 1095 4857 1114 4892; x_wconf 78' lang='grc' dir='ltr'><strong>ι</strong></span> <span class='ocrx_word' id='word_1_705' title='bbox 1152 4839 1424 4896; x_wconf 88' lang='lat' dir='ltr'><strong>christum</strong></span> <span class='ocrx_word' id='word_1_706' title='bbox 1450 4842 1640 4897; x_wconf 90' lang='lat' dir='ltr'><strong>ducem</strong></span> <span class='ocrx_word' id='word_1_707' title='bbox 1701 4861 1721 4895; x_wconf 76' lang='grc' dir='ltr'><strong>ι</strong></span> <span class='ocrx_word' id='word_1_708' title='bbox 1769 4845 2058 4915; x_wconf 89' lang='lat' dir='ltr'><strong>allegorice</strong></span> 
     </span>
    </p>
   </div>
   <div class='ocr_carea' id='block_1_97' title="bbox 491 4927 2053 5002">
    <p class='ocr_par' dir='ltr' id='par_1_97' title="bbox 491 4927 2053 5002">
     <span class='ocr_line' id='line_1_97' title="bbox 491 4927 2053 5002; baseline 0.008 -22"><span class='ocrx_word' id='word_1_709' title='bbox 491 4927 708 4983; x_wconf 87' lang='lat' dir='ltr'><strong>vocavit</strong></span> <span class='ocrx_word' id='word_1_710' title='bbox 739 4928 1044 5000; x_wconf 88' lang='lat' dir='ltr'><strong>prophetia,</strong></span> <span class='ocrx_word' id='word_1_711' title='bbox 1084 4931 1158 4984; x_wconf 92' lang='lat' dir='ltr'><strong>ita</strong></span> <span class='ocrx_word' id='word_1_712' title='bbox 1193 4932 1316 4987; x_wconf 90' lang='lat' dir='ltr'><strong>illos</strong></span> <span class='ocrx_word' id='word_1_713' title='bbox 1347 4932 1463 5002; x_wconf 87' lang='lat' dir='ltr'><strong>qui,</strong></span> <span class='ocrx_word' id='word_1_714' title='bbox 1493 4932 1769 5002; x_wconf 88' lang='lat' dir='ltr'><strong>prioribus</strong></span> <span class='ocrx_word' id='word_1_715' title='bbox 1801 4937 2053 5000; x_wconf 88' lang='lat' dir='ltr'><strong>sublatis,</strong></span> 
     </span>
    </p>
   </div>
   <div class='ocr_carea' id='block_1_98' title="bbox 490 5019 2057 5093">
    <p class='ocr_par' dir='ltr' id='par_1_98' title="bbox 490 5019 2057 5093">
     <span class='ocr_line' id='line_1_98' title="bbox 490 5019 2057 5093; baseline 0.005 -21"><span class='ocrx_word' id='word_1_716' title='bbox 490 5033 522 5072; x_wconf 90' lang='lat' dir='ltr'><strong>e</strong></span> <span class='ocrx_word' id='word_1_717' title='bbox 549 5019 734 5089; x_wconf 90' lang='lat' dir='ltr'><strong>gentili</strong></span> <span class='ocrx_word' id='word_1_718' title='bbox 768 5035 963 5089; x_wconf 85' lang='lat' dir='ltr'><strong>genere</strong></span> <span class='ocrx_word' id='word_1_719' title='bbox 996 5023 1161 5078; x_wconf 89' lang='lat' dir='ltr'><strong>rebus</strong></span> <span class='ocrx_word' id='word_1_720' title='bbox 1192 5022 1545 5093; x_wconf 67' lang='lat' dir='ltr'><strong>praefuerunt,</strong></span> <span class='ocrx_word' id='word_1_721' title='bbox 1582 5041 1600 5073; x_wconf 74' lang='grc' dir='ltr'><strong>ι</strong></span> <span class='ocrx_word' id='word_1_722' title='bbox 1640 5023 1834 5080; x_wconf 88' lang='lat' dir='ltr'><strong>ducem</strong></span> <span class='ocrx_word' id='word_1_723' title='bbox 1859 5035 2057 5081; x_wconf 91' lang='lat' dir='ltr'><strong>ventu-</strong></span> 
     </span>
    </p>
   </div>
   <div class='ocr_carea' id='block_1_99' title="bbox 491 5111 2056 5180">
    <p class='ocr_par' dir='ltr' id='par_1_99' title="bbox 491 5111 2056 5180">
     <span class='ocr_line' id='line_1_99' title="bbox 491 5111 2056 5180; baseline 0.006 -19"><span class='ocrx_word' id='word_1_724' title='bbox 491 5123 612 5164; x_wconf 91' lang='lat' dir='ltr'><strong>rum</strong></span> <span class='ocrx_word' id='word_1_725' title='bbox 645 5127 665 5162; x_wconf 71' lang='grc' dir='ltr'><strong>ι</strong></span> <span class='ocrx_word' id='word_1_726' title='bbox 695 5111 1015 5180; x_wconf 90' lang='lat' dir='ltr'><strong>nominavit,</strong></span> <span class='ocrx_word' id='word_1_727' title='bbox 1044 5115 1232 5170; x_wconf 86' lang='lat' dir='ltr'><strong>dicens</strong></span> <span class='ocrx_word' id='word_1_728' title='bbox 1265 5133 1277 5168; x_wconf 88' lang='lat'><strong>:</strong></span> <span class='ocrx_word' id='word_1_729' title='bbox 1321 5133 1338 5165; x_wconf 79' lang='grc' dir='ltr'><strong>ι</strong></span> <span class='ocrx_word' id='word_1_730' title='bbox 1397 5116 1463 5170; x_wconf 85' lang='lat' dir='ltr'><strong>Et</strong></span> <span class='ocrx_word' id='word_1_731' title='bbox 1523 5115 1796 5170; x_wconf 85' lang='lat' dir='ltr'><strong>civitatem</strong></span> <span class='ocrx_word' id='word_1_732' title='bbox 1843 5127 1896 5171; x_wconf 91' lang='lat' dir='ltr'><strong>et</strong></span> <span class='ocrx_word' id='word_1_733' title='bbox 1927 5132 2056 5172; x_wconf 84' lang='lat' dir='ltr'><strong>san-</strong></span> 
     </span>
    </p>
   </div>
   <div class='ocr_carea' id='block_1_100' title="bbox 488 5198 2051 5274">
    <p class='ocr_par' dir='ltr' id='par_1_100' title="bbox 488 5198 2051 5274">
     <span class='ocr_line' id='line_1_100' title="bbox 488 5198 2051 5274; baseline 0.006 -22"><span class='ocrx_word' id='word_1_734' title='bbox 488 5198 758 5253; x_wconf 87' lang='lat' dir='ltr'><strong>ctuarium</strong></span> <span class='ocrx_word' id='word_1_735' title='bbox 791 5201 1081 5272; x_wconf 87' lang='lat' dir='ltr'><strong>dissipabit</strong></span> <span class='ocrx_word' id='word_1_736' title='bbox 1135 5205 1368 5274; x_wconf 87' lang='lat' dir='ltr'><strong>populus</strong></span> <span class='ocrx_word' id='word_1_737' title='bbox 1405 5221 1527 5260; x_wconf 91' lang='lat' dir='ltr'><strong>cum</strong></span> <span class='ocrx_word' id='word_1_738' title='bbox 1563 5207 1699 5263; x_wconf 90' lang='lat' dir='ltr'><strong>duce</strong></span> <span class='ocrx_word' id='word_1_739' title='bbox 1740 5216 2000 5274; x_wconf 83' lang='lat' dir='ltr'><strong>venturo;</strong></span> <span class='ocrx_word' id='word_1_740' title='bbox 2031 5229 2051 5262; x_wconf 73' lang='grc' dir='ltr'><strong>ι</strong></span> 
     </span>
    </p>
   </div>
   <div class='ocr_carea' id='block_1_101' title="bbox 487 5287 2054 5365">
    <p class='ocr_par' dir='ltr' id='par_1_101' title="bbox 487 5287 2054 5365">
     <span class='ocr_line' id='line_1_101' title="bbox 487 5287 2054 5365; baseline 0.01 -25"><span class='ocrx_word' id='word_1_741' title='bbox 487 5287 631 5358; x_wconf 83' lang='lat' dir='ltr'><strong>quod</strong></span> <span class='ocrx_word' id='word_1_742' title='bbox 670 5288 886 5358; x_wconf 84' lang='lat' dir='ltr'><strong>quidem</strong></span> <span class='ocrx_word' id='word_1_743' title='bbox 918 5291 1162 5361; x_wconf 87' lang='lat' dir='ltr'><strong>apertius</strong></span> <span class='ocrx_word' id='word_1_744' title='bbox 1202 5295 1397 5363; x_wconf 85' lang='lat' dir='ltr'><strong>Aquila</strong></span> <span class='ocrx_word' id='word_1_745' title='bbox 1427 5295 1754 5365; x_wconf 78' lang='lat' dir='ltr'><strong>signiﬁcavit</strong></span> <span class='ocrx_word' id='word_1_746' title='bbox 1787 5299 1889 5353; x_wconf 92' lang='lat' dir='ltr'><strong>hoc</strong></span> <span class='ocrx_word' id='word_1_747' title='bbox 1937 5314 2054 5354; x_wconf 75' lang='lat' dir='ltr'><strong>mo-</strong></span> 
     </span>
    </p>
   </div>
   <div class='ocr_carea' id='block_1_102' title="bbox 487 5375 2056 5460">
    <p class='ocr_par' dir='ltr' id='par_1_102' title="bbox 487 5375 2056 5460">
     <span class='ocr_line' id='line_1_102' title="bbox 487 5375 2056 5460; baseline 0.01 -32"><span class='ocrx_word' id='word_1_748' title='bbox 487 5375 580 5442; x_wconf 83' lang='lat' dir='ltr'><strong>do,</strong></span> <span class='ocrx_word' id='word_1_749' title='bbox 612 5393 630 5428; x_wconf 79' lang='grc' dir='ltr'><strong>ι</strong></span> <span class='ocrx_word' id='word_1_750' title='bbox 673 5376 739 5430; x_wconf 82' lang='lat' dir='ltr'><strong>Et</strong></span> <span class='ocrx_word' id='word_1_751' title='bbox 773 5378 1048 5435; x_wconf 87' lang='lat' dir='ltr'><strong>civitatem</strong></span> <span class='ocrx_word' id='word_1_752' title='bbox 1105 5393 1157 5435; x_wconf 87' lang='lat' dir='ltr'><strong>et</strong></span> <span class='ocrx_word' id='word_1_753' title='bbox 1205 5385 1581 5439; x_wconf 89' lang='lat' dir='ltr'><strong>sanctuarium</strong></span> <span class='ocrx_word' id='word_1_754' title='bbox 1626 5387 1916 5458; x_wconf 86' lang='lat' dir='ltr'><strong>dissipabit</strong></span> <span class='ocrx_word' id='word_1_755' title='bbox 1959 5404 2056 5460; x_wconf 81' lang='lat' dir='ltr'><strong>po-</strong></span> 
     </span>
    </p>
   </div>
   <div class='ocr_carea' id='block_1_103' title="bbox 487 5464 2058 5549">
    <p class='ocr_par' dir='ltr' id='par_1_103' title="bbox 487 5464 2058 5549">
     <span class='ocr_line' id='line_1_103' title="bbox 487 5464 2058 5549; baseline 0.01 -30"><span class='ocrx_word' id='word_1_756' title='bbox 487 5464 649 5536; x_wconf 83' lang='lat' dir='ltr'><strong>pulus</strong></span> <span class='ocrx_word' id='word_1_757' title='bbox 680 5467 839 5524; x_wconf 91' lang='lat' dir='ltr'><strong>ducis</strong></span> <span class='ocrx_word' id='word_1_758' title='bbox 883 5470 1116 5525; x_wconf 87' lang='lat' dir='ltr'><strong>venturi.</strong></span> <span class='ocrx_word' id='word_1_759' title='bbox 1157 5491 1176 5524; x_wconf 73' lang='grc' dir='ltr'><strong>ι</strong></span> <span class='ocrx_word' id='word_1_760' title='bbox 1211 5473 1559 5542; x_wconf 78' lang='lat' dir='ltr'><strong>Compertum</strong></span> <span class='ocrx_word' id='word_1_761' title='bbox 1591 5486 1676 5532; x_wconf 83' lang='lat' dir='ltr'><strong>est</strong></span> <span class='ocrx_word' id='word_1_762' title='bbox 1725 5479 1871 5534; x_wconf 90' lang='lat' dir='ltr'><strong>enim</strong></span> <span class='ocrx_word' id='word_1_763' title='bbox 1919 5494 2058 5549; x_wconf 86' lang='lat' dir='ltr'><strong>quo-</strong></span> 
     </span>
    </p>
   </div>
   <div class='ocr_carea' id='block_1_104' title="bbox 519 5580 1312 5647">
    <p class='ocr_par' dir='ltr' id='par_1_104' title="bbox 519 5580 1312 5647">
     <span class='ocr_line' id='line_1_104' title="bbox 519 5580 1312 5647; baseline 0.016 -19"><span class='ocrx_word' id='word_1_764' title='bbox 519 5625 521 5628; x_wconf 19' lang='lat'><strong>,</strong></span> <span class='ocrx_word' id='word_1_765' title='bbox 563 5580 607 5612; x_wconf 81' lang='grc'><strong><em>³³</em></strong></span> <span class='ocrx_word' id='word_1_766' title='bbox 647 5581 784 5638; x_wconf 86' lang='lat' dir='ltr'><strong>Dan.</strong></span> <span class='ocrx_word' id='word_1_767' title='bbox 820 5598 898 5647; x_wconf 79' lang='lat' dir='ltr'><strong>Ix,</strong></span> <span class='ocrx_word' id='word_1_768' title='bbox 926 5584 1014 5639; x_wconf 72' lang='lat'><strong>26.</strong></span> <span class='ocrx_word' id='word_1_769' title='bbox 1090 5585 1140 5617; x_wconf 76' lang='lat'><strong>&quot;</strong></span> <span class='ocrx_word' id='word_1_770' title='bbox 1180 5585 1312 5642; x_wconf 90' lang='lat' dir='ltr'><strong>ibid.</strong></span> 
     </span>
    </p>
   </div>
   <div class='ocr_carea' id='block_1_105' title="bbox 565 5691 1483 5771">
    <p class='ocr_par' dir='ltr' id='par_1_105' title="bbox 565 5691 1483 5771">
     <span class='ocr_line' id='line_1_105' title="bbox 565 5691 1483 5771; baseline 0.015 -25"><span class='ocrx_word' id='word_1_771' title='bbox 565 5692 643 5755; x_wconf 77' lang='grc' dir='ltr'><strong>(Ι)</strong></span> <span class='ocrx_word' id='word_1_772' title='bbox 675 5691 898 5756; x_wconf 70' lang='lat' dir='ltr'><strong>Ioseph.</strong></span> <span class='ocrx_word' id='word_1_773' title='bbox 925 5699 1101 5760; x_wconf 79' lang='lat' dir='ltr'><strong>Antia.</strong></span> <span class='ocrx_word' id='word_1_774' title='bbox 1136 5715 1290 5764; x_wconf 84' lang='lat' dir='ltr'><strong>xvm.</strong></span> <span class='ocrx_word' id='word_1_775' title='bbox 1321 5701 1376 5764; x_wconf 73' lang='grc' dir='ltr'><strong>ι.</strong></span> <span class='ocrx_word' id='word_1_776' title='bbox 1405 5704 1483 5771; x_wconf 70' lang='grc'><strong>5.,</strong></span> 
     </span>
    </p>
   </div>
   <div class='ocr_carea' id='block_1_106' title="bbox 2167 4655 3734 4734">
    <p class='ocr_par' dir='ltr' id='par_1_106' title="bbox 2167 4655 3734 4734">
     <span class='ocr_line' id='line_1_106' title="bbox 2167 4655 3734 4734; baseline 0.003 -19"><span class='ocrx_word' id='word_1_777' title='bbox 2167 4662 2449 4728; x_wconf 87' lang='grc' dir='ltr'><strong>διάϐολος;</strong></span> <span class='ocrx_word' id='word_1_778' title='bbox 2518 4663 2614 4726; x_wconf 88' lang='grc' dir='ltr'><strong>Τίς</strong></span> <span class='ocrx_word' id='word_1_779' title='bbox 2661 4663 2718 4716; x_wconf 84' lang='grc' dir='ltr'><strong>δέ</strong></span> <span class='ocrx_word' id='word_1_780' title='bbox 2789 4663 3078 4734; x_wconf 80' lang='grc' dir='ltr'><strong>ἐρχόμενος</strong></span> <span class='ocrx_word' id='word_1_781' title='bbox 3145 4660 3446 4729; x_wconf 74' lang='grc' dir='ltr'><strong>ἡγούμενος</strong></span> <span class='ocrx_word' id='word_1_782' title='bbox 3514 4658 3547 4728; x_wconf 78' lang='grc' dir='ltr'><strong>ἧ</strong></span> <span class='ocrx_word' id='word_1_783' title='bbox 3598 4660 3626 4710; x_wconf 89' lang='lat'><strong>6</strong></span> <span class='ocrx_word' id='word_1_784' title='bbox 3678 4655 3734 4719; x_wconf 71' lang='grc' dir='ltr'><strong>ἐξ</strong></span> 
     </span>
    </p>
   </div>
   <div class='ocr_carea' id='block_1_107' title="bbox 2167 4747 3732 4825">
    <p class='ocr_par' dir='ltr' id='par_1_107' title="bbox 2167 4747 3732 4825">
     <span class='ocr_line' id='line_1_107' title="bbox 2167 4747 3732 4825; baseline -0.006 -20"><span class='ocrx_word' id='word_1_785' title='bbox 2167 4753 2333 4807; x_wconf 83' lang='grc' dir='ltr'><strong>ἐθνῶν</strong></span> <span class='ocrx_word' id='word_1_786' title='bbox 2385 4753 2599 4825; x_wconf 89' lang='grc' dir='ltr'><strong>πρῶτος</strong></span> <span class='ocrx_word' id='word_1_787' title='bbox 2645 4753 2824 4806; x_wconf 82' lang='grc' dir='ltr'><strong>αὐτῶν</strong></span> <span class='ocrx_word' id='word_1_788' title='bbox 2855 4751 3201 4822; x_wconf 78' lang='grc' dir='ltr'><strong>ἡγησάμενος</strong></span> <span class='ocrx_word' id='word_1_789' title='bbox 3233 4749 3500 4820; x_wconf 82' lang='grc' dir='ltr'><strong>Ἡρώδης,</strong></span> <span class='ocrx_word' id='word_1_790' title='bbox 3548 4747 3641 4798; x_wconf 74' lang='grc' dir='ltr'><strong>καὶ</strong></span> <span class='ocrx_word' id='word_1_791' title='bbox 3685 4747 3732 4797; x_wconf 75' lang='lat' dir='ltr'><strong>oi</strong></span> 
     </span>
    </p>
   </div>
   <div class='ocr_carea' id='block_1_108' title="bbox 2169 4839 3733 4915">
    <p class='ocr_par' dir='ltr' id='par_1_108' title="bbox 2169 4839 3733 4915">
     <span class='ocr_line' id='line_1_108' title="bbox 2169 4839 3733 4915; baseline -0.006 -18"><span class='ocrx_word' id='word_1_792' title='bbox 2169 4847 2283 4914; x_wconf 79' lang='grc' dir='ltr'><strong>μετ’</strong></span> <span class='ocrx_word' id='word_1_793' title='bbox 2316 4844 2478 4897; x_wconf 85' lang='grc' dir='ltr'><strong>αὑτὸν</strong></span> <span class='ocrx_word' id='word_1_794' title='bbox 2510 4845 2589 4908; x_wconf 84' lang='grc' dir='ltr'><strong>είς</strong></span> <span class='ocrx_word' id='word_1_795' title='bbox 2618 4843 2778 4915; x_wconf 79' lang='grc' dir='ltr'><strong>δεῦρο</strong></span> <span class='ocrx_word' id='word_1_796' title='bbox 2818 4843 2915 4912; x_wconf 80' lang='grc' dir='ltr'><strong>τὴν</strong></span> <span class='ocrx_word' id='word_1_797' title='bbox 2962 4843 3106 4896; x_wconf 87' lang='grc' dir='ltr'><strong>κατά</strong></span> <span class='ocrx_word' id='word_1_798' title='bbox 3151 4841 3415 4896; x_wconf 81' lang='grc' dir='ltr'><strong>Ἰουδαίων</strong></span> <span class='ocrx_word' id='word_1_799' title='bbox 3447 4839 3733 4908; x_wconf 81' lang='grc' dir='ltr'><strong>ἡγεμονίαν</strong></span> 
     </span>
    </p>
   </div>
   <div class='ocr_carea' id='block_1_109' title="bbox 2162 4929 3723 5006">
    <p class='ocr_par' dir='ltr' id='par_1_109' title="bbox 2162 4929 3723 5006">
     <span class='ocr_line' id='line_1_109' title="bbox 2162 4929 3723 5006; baseline -0.006 -18"><span class='ocrx_word' id='word_1_800' title='bbox 2162 4933 2526 5006; x_wconf 80' lang='grc' dir='ltr'><strong>διειληφότες;</strong></span> <span class='ocrx_word' id='word_1_801' title='bbox 2564 4935 2772 5006; x_wconf 83' lang='grc' dir='ltr'><strong>Ὥσπερ</strong></span> <span class='ocrx_word' id='word_1_802' title='bbox 2814 4934 2943 5003; x_wconf 78' lang='grc' dir='ltr'><strong>γοῦν</strong></span> <span class='ocrx_word' id='word_1_803' title='bbox 2977 4934 3101 4995; x_wconf 80' lang='grc' dir='ltr'><strong>τοὺς</strong></span> <span class='ocrx_word' id='word_1_804' title='bbox 3153 4931 3318 4984; x_wconf 89' lang='grc' dir='ltr'><strong>πάλαι</strong></span> <span class='ocrx_word' id='word_1_805' title='bbox 3365 4929 3542 4984; x_wconf 81' lang='grc' dir='ltr'><strong>αὐτῶν</strong></span> <span class='ocrx_word' id='word_1_806' title='bbox 3574 4931 3723 4998; x_wconf 71' lang='grc' dir='ltr'><strong>ήγουο</strong></span> 
     </span>
    </p>
   </div>
   <div class='ocr_carea' id='block_1_110' title="bbox 2168 5017 3731 5098">
    <p class='ocr_par' dir='ltr' id='par_1_110' title="bbox 2168 5017 3731 5098">
     <span class='ocr_line' id='line_1_110' title="bbox 2168 5017 3731 5098; baseline -0.004 -20"><span class='ocrx_word' id='word_1_807' title='bbox 2168 5026 2357 5095; x_wconf 78' lang='grc' dir='ltr'><strong>μένους</strong></span> <span class='ocrx_word' id='word_1_808' title='bbox 2386 5027 2658 5098; x_wconf 83' lang='grc' dir='ltr'><strong>ἀρχιερεῖς</strong></span> <span class='ocrx_word' id='word_1_809' title='bbox 2689 5045 2706 5078; x_wconf 83' lang='grc' dir='ltr'><strong>ι</strong></span> <span class='ocrx_word' id='word_1_810' title='bbox 2731 5027 2949 5098; x_wconf 83' lang='grc' dir='ltr'><strong>χριστὸν</strong></span> <span class='ocrx_word' id='word_1_811' title='bbox 2965 5025 3260 5096; x_wconf 79' lang='grc' dir='ltr'><strong>ήγούμενον</strong></span> <span class='ocrx_word' id='word_1_812' title='bbox 3285 5042 3302 5072; x_wconf 73' lang='grc' dir='ltr'><strong>ι</strong></span> <span class='ocrx_word' id='word_1_813' title='bbox 3325 5017 3731 5091; x_wconf 75' lang='grc' dir='ltr'><strong>αἰνιγματωδῶς</strong></span> 
     </span>
    </p>
   </div>
   <div class='ocr_carea' id='block_1_111' title="bbox 2166 5109 3727 5191">
    <p class='ocr_par' dir='ltr' id='par_1_111' title="bbox 2166 5109 3727 5191">
     <span class='ocr_line' id='line_1_111' title="bbox 2166 5109 3727 5191; baseline -0.004 -21"><span class='ocrx_word' id='word_1_814' title='bbox 2166 5122 2456 5190; x_wconf 86' lang='grc' dir='ltr'><strong>προσεῖπεν</strong></span> <span class='ocrx_word' id='word_1_815' title='bbox 2487 5121 2520 5190; x_wconf 81' lang='grc' dir='ltr'><strong>η</strong></span> <span class='ocrx_word' id='word_1_816' title='bbox 2545 5118 2868 5191; x_wconf 79' lang='grc' dir='ltr'><strong>προφητεία,</strong></span> <span class='ocrx_word' id='word_1_817' title='bbox 2909 5118 2997 5171; x_wconf 87' lang='grc' dir='ltr'><strong>τὸν</strong></span> <span class='ocrx_word' id='word_1_818' title='bbox 3028 5117 3188 5170; x_wconf 73' lang='grc' dir='ltr'><strong>αὑτὶν</strong></span> <span class='ocrx_word' id='word_1_819' title='bbox 3212 5115 3407 5186; x_wconf 85' lang='grc' dir='ltr'><strong>τρόπον</strong></span> <span class='ocrx_word' id='word_1_820' title='bbox 3439 5113 3562 5176; x_wconf 75' lang='grc' dir='ltr'><strong>τοὺς</strong></span> <span class='ocrx_word' id='word_1_821' title='bbox 3597 5109 3727 5182; x_wconf 82' lang='grc' dir='ltr'><strong>μετά</strong></span> 
     </span>
    </p>
   </div>
   <div class='ocr_carea' id='block_1_112' title="bbox 2161 5204 3725 5281">
    <p class='ocr_par' dir='ltr' id='par_1_112' title="bbox 2161 5204 3725 5281">
     <span class='ocr_line' id='line_1_112' title="bbox 2161 5204 3725 5281; baseline -0.004 -19"><span class='ocrx_word' id='word_1_822' title='bbox 2161 5210 2260 5281; x_wconf 83' lang='grc' dir='ltr'><strong>τὴν</strong></span> <span class='ocrx_word' id='word_1_823' title='bbox 2294 5210 2515 5263; x_wconf 86' lang='grc' dir='ltr'><strong>ἐκείνων</strong></span> <span class='ocrx_word' id='word_1_824' title='bbox 2551 5211 2891 5264; x_wconf 86' lang='grc' dir='ltr'><strong>κατάπαυσιν</strong></span> <span class='ocrx_word' id='word_1_825' title='bbox 2929 5207 2988 5272; x_wconf 83' lang='grc' dir='ltr'><strong>ἐξ</strong></span> <span class='ocrx_word' id='word_1_826' title='bbox 3039 5208 3207 5278; x_wconf 77' lang='grc' dir='ltr'><strong>ἐθνῶν</strong></span> <span class='ocrx_word' id='word_1_827' title='bbox 3234 5205 3414 5260; x_wconf 83' lang='grc' dir='ltr'><strong>αὐτῶν</strong></span> <span class='ocrx_word' id='word_1_828' title='bbox 3466 5204 3725 5276; x_wconf 75' lang='grc' dir='ltr'><strong>ἄρξαντας</strong></span> 
     </span>
    </p>
   </div>
   <div class='ocr_carea' id='block_1_113' title="bbox 2167 5292 3723 5372">
    <p class='ocr_par' dir='ltr' id='par_1_113' title="bbox 2167 5292 3723 5372">
     <span class='ocr_line' id='line_1_113' title="bbox 2167 5292 3723 5372; baseline -0.015 -8"><span class='ocrx_word' id='word_1_829' title='bbox 2167 5319 2184 5350; x_wconf 72' lang='grc'><strong><em>⁸</em></strong></span> <span class='ocrx_word' id='word_1_830' title='bbox 2209 5301 2497 5371; x_wconf 74' lang='grc' dir='ltr'><strong>ἐρχόμενον</strong></span> <span class='ocrx_word' id='word_1_831' title='bbox 2522 5301 2848 5372; x_wconf 77' lang='grc' dir='ltr'><strong>ἡγούμενον»</strong></span> <span class='ocrx_word' id='word_1_832' title='bbox 2873 5295 3296 5371; x_wconf 84' lang='grc' dir='ltr'><strong>προσηγόρευσε,</strong></span> <span class='ocrx_word' id='word_1_833' title='bbox 3322 5298 3554 5368; x_wconf 77' lang='grc' dir='ltr'><strong>φήσασα·</strong></span> <span class='ocrx_word' id='word_1_834' title='bbox 3581 5314 3598 5343; x_wconf 83' lang='grc' dir='ltr'><strong>ι</strong></span> <span class='ocrx_word' id='word_1_835' title='bbox 3624 5292 3723 5344; x_wconf 74' lang='grc' dir='ltr'><strong>Καὶ</strong></span> 
     </span>
    </p>
   </div>
   <div class='ocr_carea' id='block_1_114' title="bbox 2162 5383 3717 5461">
    <p class='ocr_par' dir='ltr' id='par_1_114' title="bbox 2162 5383 3717 5461">
     <span class='ocr_line' id='line_1_114' title="bbox 2162 5383 3717 5461; baseline -0.007 -19"><span class='ocrx_word' id='word_1_836' title='bbox 2162 5389 2261 5461; x_wconf 82' lang='grc' dir='ltr'><strong>τὴν</strong></span> <span class='ocrx_word' id='word_1_837' title='bbox 2326 5390 2478 5444; x_wconf 84' lang='grc' dir='ltr'><strong>πόλιν</strong></span> <span class='ocrx_word' id='word_1_838' title='bbox 2533 5393 2627 5445; x_wconf 76' lang='grc' dir='ltr'><strong>καὶ</strong></span> <span class='ocrx_word' id='word_1_839' title='bbox 2673 5391 2732 5444; x_wconf 79' lang='grc' dir='ltr'>τὸ</span> <span class='ocrx_word' id='word_1_840' title='bbox 2789 5391 2942 5459; x_wconf 74' lang='grc' dir='ltr'><strong>ἅγιον</strong></span> <span class='ocrx_word' id='word_1_841' title='bbox 2993 5388 3268 5459; x_wconf 81' lang='grc' dir='ltr'><strong>διαφθερεῖ</strong></span> <span class='ocrx_word' id='word_1_842' title='bbox 3310 5387 3407 5439; x_wconf 78' lang='grc' dir='ltr'><strong>σὺν</strong></span> <span class='ocrx_word' id='word_1_843' title='bbox 3454 5383 3534 5454; x_wconf 91' lang='grc' dir='ltr'>τῷ</span> <span class='ocrx_word' id='word_1_844' title='bbox 3569 5385 3717 5454; x_wconf 53' lang='lat' dir='ltr'><strong>im»:-</strong></span> 
     </span>
    </p>
   </div>
   <div class='ocr_carea' id='block_1_115' title="bbox 2169 5471 3719 5555">
    <p class='ocr_par' dir='ltr' id='par_1_115' title="bbox 2169 5471 3719 5555">
     <span class='ocr_line' id='line_1_115' title="bbox 2169 5471 3719 5555; baseline -0.003 -18"><span class='ocrx_word' id='word_1_845' title='bbox 2169 5482 2318 5555; x_wconf 83' lang='grc' dir='ltr'><strong>μένῳ</strong></span> <span class='ocrx_word' id='word_1_846' title='bbox 2370 5481 2446 5554; x_wconf 83' lang='grc' dir='ltr'><strong>τῷ</strong></span> <span class='ocrx_word' id='word_1_847' title='bbox 2489 5483 2788 5554; x_wconf 75' lang='grc' dir='ltr'><strong>ἐρχομένῳο</strong></span> <span class='ocrx_word' id='word_1_848' title='bbox 2822 5502 2841 5536; x_wconf 71' lang='grc' dir='ltr'><strong>ι</strong></span> <span class='ocrx_word' id='word_1_849' title='bbox 2881 5483 3018 5554; x_wconf 83' lang='grc' dir='ltr'><strong>ὅπερ</strong></span> <span class='ocrx_word' id='word_1_850' title='bbox 3050 5480 3377 5552; x_wconf 77' lang='grc' dir='ltr'><strong>σαφέστερον</strong></span> <span class='ocrx_word' id='word_1_851' title='bbox 3419 5479 3448 5531; x_wconf 92' lang='lat'><strong>6</strong></span> <span class='ocrx_word' id='word_1_852' title='bbox 3504 5471 3719 5532; x_wconf 69' lang='grc' dir='ltr'><strong>Ἀκύλας</strong></span> 
     </span>
    </p>
   </div>
  </div>
