3974 6504
247 354 390 412 “89

1234 354 1526 411 ECLOGE
1566 354 2284 414 PROPHETICE.-—LIB.
2324 354 2419 411 Ill.

3376 360 3514 417 H90

243 472 515 528 ἐκδέδωκε
569 475 834 545 ποιήσας,
874 491 892 525 ι
926 471 1035 526 Καὶ
1083 474 1182 544 τὴν
1232 475 1386 528 πόλιν
1436 476 1529 530 καὶ
1573 475 1634 529 τὸ
1684 477 1823 544 ἀγιοη

1943 473 2103 528 modo
2173 472 2410 543 populus
2477 469 2865 539 exercitusque
2931 469 3165 525 istorum
3227 472 3325 542 qui
3389 482 3514 543 post

238 566 525 638 διαφθερεῖ
583 566 709 630 λαὸς
756 566 1059 637 ἡγουμένου
1112 568 1429 639 ἐρχομένου.
1458 588 1475 621 ι
1525 570 1633 621 Καὶ
1694 569 1830 641 πρό-

238 661 406 731 δηλον
455 662 603 723 ὅπως
652 662 680 712 6
724 660 851 723 λαὸς
901 663 995 714 καὶ
1041 662 1069 712 6
1116 661 1344 732 στρατὸς
1382 661 1489 714 τῶν
1524 661 1660 732 μετὰ
1705 662 1833 724 τοὺς

238 753 501 823 χριστοὺς
550 752 888 823 ἡγουμένους
950 752 1048 824 τὴν
1114 754 1256 807 κατά
1335 752 1598 807 Ἰουδαίων
1656 753 1831 825 ἀρχὴν

237 842 643 916 διαδεξαμένων
702 846 760 912 ἐξ
814 846 981 899 ἐθνῶν
1025 846 1343 918 ἡγουμένων
1370 888 1386 911 ,
1435 847 1617 918 νόμοις
1662 847 1830 902 ἐθνῶν

239 934 549 1008 χρώμενος,
604 936 697 989 καὶ
746 937 845 1007 τὴν
885 937 1034 990 πόλιν
1083 940 1177 992 καὶ
1224 938 1285 990 τὸ
1327 937 1480 1007 ἅγιον
1537 938 1828 1010 διέφθειρε,

238 1027 341 1081 καὶ
372 1028 401 1081 6
432 1025 572 1080 κατά
613 1027 847 1081 διάνοιαν
887 1028 941 1080 δὲ
983 1029 1092 1081 τῶν
1134 1028 1321 1100 ψυχῶν
1366 1029 1667 1102 ἡγούμενος
1702 1031 1829 1100 φθο-

239 1120 378 1190 ρεὺς
423 1118 519 1173 σὺν
569 1118 649 1190 τῷ
695 1120 982 1190 ἡγουμένῳ
1029 1120 1106 1190 τῷ
1152 1122 1294 1174 κατά
1338 1121 1437 1193 τὴν
1493 1122 1829 1193 προφητείαν

236 1208 527 1281 ἐληλυθότι
573 1212 753 1264 πᾶσαν
787 1210 989 1283 φθορὰν
1029 1212 1370 1283 ὲνηργήσατο
1402 1213 1550 1284 αὐτῷ
1598 1231 1657 1267 τε
1696 1214 1829 1286 πρό-

234 1321 401 1377 τερον
451 1304 529 1375 τῷ
574 1305 710 1376 λαῷ,
756 1308 988 1369 καὶτοῖς
1035 1307 1132 1376 τὴν
1168 1308 1319 1361 πόλιν
1363 1308 1629 1361 ἐνοικοῦσι
1681 1309 1829 1361 πολί-

233 1409 384 1458 ταις,
424 1394 613 1449 ἔπειτα
658 1396 712 1448 δὲ
755 1399 851 1450 καὶ
901 1398 979 1467 τῷ
1021 1397 1137 1467 ναῷ
1178 1400 1271 1452 καὶ
1312 1403 1378 1471 τῇ
1429 1399 1591 1453 πάλαι
1640 1417 1827 1453 συντε-

233 1486 481 1559 λουμένῃ
508 1489 563 1539 ὲν
597 1487 745 1558 αὐτῷ
775 1487 1017 1560 λατρεία.
1043 1489 1152 1543 Καὶ
1180 1490 1384 1561 ταύτην
1418 1508 1480 1560 γε
1521 1491 1700 1545 αἰτίαν
1729 1495 1826 1563 τῆς

238 1578 563 1647 παραυτίκα
635 1578 1009 1648 γεγενημένης
1072 1579 1164 1632 τοῦ
1229 1582 1465 1651 Χριστοῦ
1525 1582 1826 1654 παρουσίας

235 1667 620 1737 προσημαῖνόν
653 1684 754 1719 που
777 1667 917 1721 θεῖον
937 1668 1116 1737 λόγιόν
1157 1686 1339 1741 φησιν·
1371 1690 1389 1721 ι
1416 1671 1617 1742 Κύριος
1640 1673 1704 1724 ἐκ
1730 1670 1823 1724 τοῦ

234 1754 475 1827 οὐρανοῦ
500 1756 749 1826 διέκυψεν
783 1757 874 1810 ἐπὶ
912 1758 1037 1820 τοὺς
1064 1758 1213 1821 υἱοὺς
1242 1757 1350 1811 τῶν
1383 1758 1707 1831 ἀνθρώπων,
1731 1758 1823 1812 τοῦ

239 1847 375 1901 ἰδεῖν
401 1847 451 1899 εί
491 1846 605 1899 ἔστι
655 1846 869 1909 συνιὼν,
900 1848 932 1918 ἢ
961 1844 1207 1919 ἐκζητῶν
1259 1847 1351 1902 τὸν
1402 1850 1555 1902 Θεόν.
1615 1848 1824 1913 Πάντες

236 1938 543 2005 ἐξέκλιναν,
576 1938 692 2010 ἅμα
714 1938 1121 2011 ἡχρειώθησαν,
1138 1941 1236 1993 οὐκ
1269 1940 1383 1995 ἔστι
1400 1940 1568 1995 ποιῶν
1592 1942 1824 2014 χρηστό-

235 2049 402 2103 τητα,
433 2032 534 2085 οὐκ
563 2032 713 2085 ἔστιν
736 2033 840 2096 ἕως
867 2033 1002 2096 ἑνός.
1028 2053 1045 2084 ι
1085 2029 1199 2086 Εἶθ’
1222 2033 1297 2097 ὡς
1335 2033 1691 2105 διεφθορότων
1716 2036 1824 2087 τῶν

236 2122 738 2195 προδεδηλωμένων
755 2124 823 2177 τά
843 2122 1214 2195 διαληψόμενα
1236 2126 1431 2189 αὐτοὺς
1454 2126 1823 2199 προδιδάσκων

236 2219 267 2269 6
300 2216 461 2284 λόγος
484 2216 642 2288 φησί·
683 2235 700 2267 ι
735 2217 846 2270 Καὶ
882 2218 1211 2287 κοπὴσονται
1237 2219 1295 2270 ὲν
1328 2218 1405 2288 τῷ
1432 2218 1821 2290 κατακλυσμῷ,

238 2308 338 2361 καὶ
370 2309 463 2361 ἐπὶ
491 2307 745 2361 τοσοῦτόν
774 2323 837 2376 γε
864 2309 1217 2379 κοπὴσονται,
1240 2307 1343 2371 ἕως
1366 2309 1553 2373 τέλους
1586 2309 1823 2381 πολέμου

242 2401 686 2471 συντετμημένου
719 2401 1078 2469 ἀφανισμοίς’
1104 2418 1122 2451 ι
1166 2399 1246 2452 ἔτι
1303 2399 1357 2453 δὲ
1392 2400 1593 2454 τούτων
1643 2420 1827 2455 συντε-

238 2486 520 2558 λουμένων
548 2505 607 2540 τε
635 2490 727 2541 καὶ
750 2489 1177 2559 ἐνεργουμένων,
1205 2507 1222 2538 ι
1245 2490 1354 2542 Καὶ
1386 2490 1689 2560 δυναμώσει
1709 2492 1823 2544 δια-

242 2580 423 2651 θήκην
450 2579 665 2642 πολλοῖς
705 2578 937 2650 ἑϐδομὰς
992 2580 1110 2649 μία.
1138 2599 1155 2629 ι
1199 2580 1347 2650 Αῦτη
1380 2582 1425 2634 δ’
1456 2580 1521 2634 ἂν
1554 2583 1636 2653 εἴη
1672 2584 1703 2651 ἡ
1730 2582 1824 2635 τοῦ

243 2672 517 2743 σωτηρίου
553 2671 928 2742 κηρύγματος,
962 2672 1027 2725 δι’
1058 2666 1118 2726 οὗ
1146 2673 1245 2742 τῆς
1279 2674 1488 2743 Καινῆς
1519 2674 1619 2744 τὴν
1644 2674 1825 2744 παρά-

239 2765 388 2818 δοσιν
416 2763 691 2835 Διαθὴκης
732 2764 759 2815 6
801 2764 990 2837 Σωτὴρ
1022 2766 1115 2817 καὶ
1166 2764 1368 2836 Κύριος
1410 2765 1567 2835 ἡμῶν
1620 2764 1826 2835 Ἰησοῦς

240 2854 479 2926 Χριστὸς
530 2855 586 2905 ὲν
644 2853 857 2916 πολλοῖς
908 2853 1322 2923 μαθητευθεῖσιν
1384 2855 1530 2925 αὐτῷ
1576 2856 1824 2909 ἐνεδυνά-

243 2960 430 3015 μωσεο
471 2945 593 2996 τοτὲ
628 2945 724 3013 μὲν
762 2944 867 3015 πρὸ
909 2943 1004 2996 τοῦ
1049 2943 1251 3007 πάθους
1289 2942 1462 2996 συνὼν
1506 2945 1688 3006 αὐτοῖς
1734 2945 1826 2998 καὶ

242 3035 794 3105 συμπολιτευόμενος,
839 3037 959 3087 τοτὲ
984 3035 1040 3088 δὲ
1080 3036 1171 3088 καὶ
1207 3055 1224 3084 ι
1257 3035 1395 3104 μετὰ
1425 3036 1524 3105 τὴν
1562 3036 1824 3107 ἀνάληψιν

236 3128 304 3180 δι’
329 3127 555 3198 ἡμερῶν
577 3133 625 3197 μ’
648 3127 1012 3197 ὀπτανόμενος
1034 3128 1214 3190 αὐτοῖς
1232 3128 1325 3180 καὶ
1346 3126 1820 3198 συναυλιζόμενος,
1851 3157 1891 3213 C

240 3217 338 3271 καὶ
358 3219 531 3287 λέγων
564 3219 632 3272 τὰ
669 3221 796 3290 περὶ
821 3222 919 3290 τῆς
943 3218 1218 3289 βασιλείας
1245 3219 1336 3271 τοῦ
1360 3219 1492 3272 Θεοῦ
1515 3238 1526 3249 ·
1556 3239 1573 3270 ι
1610 3219 1690 3272 διὸ
1724 3222 1817 3273 καὶ

246 3331 265 3363 ι
294 3313 676 3384 παρήγγελλεν
721 3315 903 3377 αὐτοῖς
938 3313 1043 3366 ἀπὸ
1087 3312 1472 3384 Ἰεροσολύμων
1529 3312 1602 3384 μὴ
1650 3313 1816 3384 χωρί-

240 3403 448 3467 ζεσθαι.
479 3423 497 3454 ι
544 3404 760 3475 Ταύτης
806 3405 863 3457 δὲ
911 3407 1009 3475 τῆς
1057 3404 1348 3473 ἑϐδομάδος
1406 3405 1463 3457 ὲν
1507 3404 1585 3474 τῷ
1631 3405 1819 3475 ἡμίσει

237 3495 307 3549 δι’
330 3496 399 3566 ῆν
427 3495 691 3548 πέπονθεν
727 3496 832 3549 ὑπὸ
862 3497 1128 3549 Ἰουδαίων
1157 3495 1447 3566 ἐπιϐουλὴν
1480 3496 1574 3549 καὶ
1606 3496 1671 3549 τὰ
1694 3494 1821 3547 ἀκό-

238 3588 407 3641 λουθα
434 3591 532 3659 τῆς
574 3589 724 3652 θείας
758 3588 1049 3659 ἐπληρώθη
1079 3588 1466 3659 προρρήσεως·
1514 3589 1657 3658 ἀμφὶ
1690 3585 1819 3654 γεῦν

239 3679 311 3732 τὰ
335 3680 463 3749 τρία
492 3680 663 3750 ἥμισυ
705 3679 797 3750 ἔτη
840 3680 1082 3751 κηρύξας
1111 3680 1205 3733 καὶ
1240 3678 1346 3731 ἀπὸ
1382 3678 1481 3748 τῆς
1514 3678 1621 3730 τῶν
1647 3679 1823 3745 Εὐαγ-

240 3768 440 3837 γελῒων
472 3770 802 3840 παρίσταται
825 3768 1043 3840 γραφῆς
1063 3784 1076 3799 ⁸
1104 3767 1182 3821 διὸ
1212 3769 1454 3839 εἴρηταιο
1488 3786 1505 3817 ι
1536 3767 1644 3819 Καὶ
1666 3768 1721 3819 ἐν
1746 3766 1823 3836 τῷ

1933 564 2173 619 christos
2230 562 2402 618 duces
2458 563 2514 616 in
2572 561 2792 616 Judaaos
2853 561 3144 633 imperium
3200 564 3512 632 obtinuere,

1930 655 2172 726 gentium
2233 670 2369 709 usus
2423 654 2656 724 legibus,
2706 654 3099 726 civitatemque
3150 663 3205 711 et
3252 667 3514 713 sanctua-
3582 668 3585 669 '

1931 746 2073 800 rium
2135 744 2532 816 pessumdedit,
2576 754 2632 801 et
2677 746 2949 818 spirituali
2987 763 3152 803 sensu
3201 749 3512 805 animarum

1930 840 2090 909 quasi
2140 840 2312 909 pestis
2345 839 2545 905 factus,
2584 854 2708 893 cum
2756 839 2895 895 duce
2926 841 3042 911 qui,
3071 841 3231 910 juxta
3272 844 3511 913 prophe-

1930 926 2085 990 tiam,
2107 927 2219 996 jam
2253 935 2499 992 venerat,
2544 943 2761 981 omnem
2791 931 3091 997 perniciem
3126 930 3180 984 in
3213 934 3509 1001 pristinum

1930 1019 2187 1090 populum
2209 1028 2372 1089 atque
2403 1020 2457 1073 in
2473 1019 2710 1075 civitatis
2732 1020 2968 1083 incolas,
2996 1022 3122 1076 dein
3143 1024 3196 1076 in
3222 1025 3506 1093 templum,

1929 1119 2278 1180 veteremque
2338 1112 2545 1165 cultum
2598 1110 2654 1163 in
2707 1126 2772 1165 eo
2830 1112 3097 1166 usitatum
3150 1116 3505 1184 excogitavit.

1929 1198 2082 1255 Hauc
2107 1216 2237 1255 vero
2265 1215 2491 1254 causam
2521 1198 2726 1254 Christi
2785 1201 3183 1257 incarnationis
3227 1219 3347 1273 quae
3378 1220 3507 1274 pro-

1928 1294 2080 1348 tinus
2107 1294 2248 1347 facta
2280 1300 2385 1356 est,
2438 1292 2840 1361 quodammodo
2874 1296 3112 1350 ostendit
3141 1297 3325 1352 divina
3356 1296 3509 1352 Scri-

1931 1394 2089 1455 ptura
2112 1385 2306 1441 dicens
2347 1403 2361 1441 :
2416 1404 2435 1437 (
2481 1385 2747 1441 Dominus
2772 1370 2841 1441 de
2871 1388 3012 1442 cmlo
3037 1390 3319 1460 prospexit
3343 1407 3509 1463 super

1928 1478 2069 1533 ﬁlios
2100 1478 2408 1543 hominum,
2444 1485 2506 1532 ut
2527 1477 2709 1532 videat
2734 1477 2781 1533 si
2807 1487 2891 1532 est
2921 1479 3254 1551 intelligens,
3292 1491 3387 1537 aut
3416 1498 3506 1537 re-

1926 1571 2152 1641 quirens
2182 1569 2376 1624 Deum.
2409 1569 2613 1624 Omnes
2633 1568 3065 1637 declinaverunt,
3085 1573 3246 1627 simul
3277 1574 3506 1631 inutiles

1927 1661 2055 1717 facti
2087 1672 2216 1717 sunt
2246 1679 2265 1716 :
2306 1677 2417 1717 non
2461 1670 2547 1718 est
2580 1661 2673 1731 qui
2709 1661 2876 1717 faciat
2902 1664 3127 1728 bonum,
3164 1680 3274 1719 non
3299 1676 3383 1720 est
3406 1683 3503 1722 us-

1926 1770 2032 1824 que
2060 1755 2128 1809 ad
2158 1770 2329 1810 unum
2360 1756 2429 1811 ".
2461 1775 2481 1809 ι
2513 1756 2645 1811 Dein
2680 1758 2733 1812 in
2761 1757 2897 1813 istos
2924 1756 2991 1810 ad
3012 1756 3117 1811 hoc
3141 1758 3509 1829 corruptionis

1926 1848 2245 1918 provolutos
2276 1864 2397 1918 qua:
2426 1849 2686 1919 ingruant
2721 1850 3063 1905 calamitates
3087 1848 3326 1904 edocens
3354 1848 3509 1904 Scri-

1926 1946 2087 2007 ptura
2118 1938 2192 1991 ait
2223 1957 2235 1991 :
2269 1956 2286 1989 ι
2326 1934 2391 1991 Ει
2426 1939 2550 1995 ﬁnis
2594 1939 2714 2009 ejus
2754 1939 3006 2004 vastitas,
3066 1949 3119 1994 et
3173 1952 3298 2009 post
3341 1940 3506 1996 tinem

1926 2028 2055 2083 belli
2109 2037 2314 2084 statuta
2345 2030 2617 2085 desolatio
2649 2031 2715 2085 ³⁸.
2766 2051 2783 2084 ι
2824 2028 2957 2096 Quae
3005 2046 3127 2085 cum
3177 2031 3505 2098 acciderint,

1930 2138 1950 2172 ι
1984 2122 2326 2203 confirmabit
2376 2135 2595 2193 pactum
2649 2125 2835 2178 multis
2902 2123 3243 2178 hebdomada
3311 2138 3438 2177 una.
3478 2141 3499 2175 ι

1926 2210 2041 2267 Hoc
2108 2229 2239 2268 vero
2302 2224 2521 2284 pactum
2593 2216 2729 2269 nihil
2782 2215 2929 2270 aliud
2981 2222 3065 2269 est
3128 2229 3193 2268 ac
3242 2214 3505 2270 salutaris

1926 2300 2242 2373 praedicatio
2274 2320 2382 2374 qua
2426 2303 2682 2359 Salvator
2721 2303 3095 2373 Dominusque
3123 2311 3312 2358 noster
3338 2302 3504 2359 Jesus

1927 2394 2180 2448 Christus
2209 2394 2621 2450 Testamentum
2659 2394 2867 2449 Novum
2900 2396 2954 2449 in
2992 2395 3178 2449 multis
3209 2395 3501 2464 discipulis

1928 2485 2043 2538 suis
2074 2484 2417 2538 confirmavit
2450 2505 2462 2538 :
2488 2494 2603 2539 tum
2639 2486 2857 2555 quidem
2892 2494 3017 2539 ante
3042 2488 3353 2555 passionem
3372 2499 3500 2538 cum

1927 2573 2008 2628 eis
2042 2574 2229 2629 vivens
2256 2590 2319 2629 ac
2350 2584 2734 2640 conversatus,
2775 2586 2890 2631 tum
2917 2591 3047 2630 vero
3080 2595 3098 2625 ι
3132 2583 3256 2646 post
3286 2576 3502 2646 passio-

1928 2681 2051 2720 nem
2086 2681 2239 2720 suam
2274 2682 2370 2736 per
2408 2668 2525 2723 dies
2555 2666 2914 2738 quadraginta
2944 2682 3215 2737 apparens
3259 2668 3341 2722 eis
3371 2682 3506 2721 con-

1926 2757 2184 2827 gregatis,
2244 2765 2296 2812 et
2346 2758 2575 2828 loquens
2625 2760 2691 2813 de
2742 2773 2911 2828 regno
2958 2758 3052 2813 Dei
3075 2758 3141 2810 ⁸⁹.
3197 2777 3216 2809 ι
3270 2757 3505 2829 Ideoque

1933 2866 1951 2898 ι
1991 2850 2248 2918 praacepit
2299 2851 2378 2905 eis
2426 2852 2493 2904 ah
2546 2849 2903 2921 Jer'oisolymis
2954 2866 3024 2906 ne
3054 2850 3424 2907 discederent.
3473 2869 3494 2902 ι

1926 2940 2101 3009 Hujus
2131 2956 2258 2995 vero
2281 2942 2639 2997 hebdomadis
2669 2943 2723 2995 in
2757 2942 3004 3007 dimidio,
3036 2949 3211 2996 morte
3242 2956 3404 3010 quam
3432 2942 3502 2996 ab

1926 3029 2131 3085 Judmis
2155 3048 2446 3101 perpessus
2483 3040 2586 3093 est,
2624 3033 2843 3101 impleta
2867 3042 2995 3087 sunt
3026 3033 3225 3087 divina:
3263 3031 3504 3101 prophe-

1927 3124 2015 3177 tia:
2042 3123 2284 3192 reliqua;
2316 3139 2437 3176 cum
2453 3124 2672 3192 quidem
2695 3141 2789 3194 per
2808 3134 2918 3177 tres
2935 3140 3109 3178 annos
3131 3131 3185 3178 et
3206 3123 3499 3177 dimidium

1926 3214 2276 3285 Evangelium
2303 3216 2677 3285 praedicatum,
2699 3230 2761 3268 ac
2787 3215 2983 3268 deinde
3002 3216 3378 3282 conscriptum
3395 3220 3503 3277 est,

1925 3322 2095 3376 quare
2130 3307 2332 3360 dicitur
2357 3326 2369 3361 :
2399 3326 2415 3356 ι
2442 3307 2498 3360 1η
2521 3307 2698 3359 medio
2718 3305 3075 3359 hebdomadis
3093 3304 3504 3358 deﬁciethostia

1925 3396 2320 3451 etsacriﬁcium
2342 3397 2405 3448 ⁸ο.
2424 3416 2439 3447 ι
2464 3397 2691 3450 Constat
2718 3396 2861 3449 enim
2894 3411 2990 3463 per
3014 3396 3327 3464 passionem
3353 3392 3505 3448 defe-

1926 3492 2069 3541 cisse
2099 3489 2332 3542 hostiam
2363 3489 2527 3543 simul
2563 3498 2615 3541 et
2652 3486 3022 3549 sacriﬁcium;
3068 3485 3308 3555 quando,
3338 3485 3503 3553 juxta

1929 3576 2347 3651 Evangeliorum
2390 3581 2787 3643 narrationem,
2829 3596 2848 3629 ι
2892 3579 3069 3633 velum
3117 3577 3306 3647 templi
3357 3578 3504 3631 scis-

1930 3688 2050 3727 sum
2068 3679 2152 3727 est
2174 3674 2227 3725 in
2253 3672 2389 3726 duas
2408 3682 2588 3740 partes
2617 3688 2642 3724 a
2670 3685 2884 3726 summo
2912 3685 3086 3740 usque
3103 3670 3360 3725 deorsum
3381 3668 3425 3702 δι
3448 3688 3499 3736 ;›

1926 3765 2192 3834 juxtaque
2218 3763 2440 3834 Josephi
2476 3764 2761 3818 historiam
2796 3782 2808 3818 :

239 3860 434 3932 ἡμίσει
468 3860 565 3930 τῆς
590 3860 882 3930 ἑϐδομάδος
905 3860 1205 3931 ἀρθήσεται
1240 3859 1399 3911 θυσία
1435 3859 1530 3910 καὶ
1563 3857 1798 3928 σπονδή·
1834 3876 1852 3907 ›
1896 3856 1991 3908 καὶ
2022 3854 2191 3925 σαφές
2216 3873 2279 3924 γε
2329 3856 2475 3920 ὅπως
2512 3856 2628 3926 ἅμα
2674 3856 2751 3927 τῷ
2798 3854 2959 3908 πάθει
2997 3855 3223 3926 δυνάμει
3271 3853 3412 3925 ἡρθη
3445 3851 3508 3921 ἐξ

242 3950 425 4005 αὐτῶν
456 3950 613 4003 θυσία
657 3950 751 4001 καὶ
785 3951 985 4020 σπονδή
1007 3966 1023 3981 ο
1054 3950 1142 4003 ὅτε
1188 3949 1327 4003 κατά
1364 3949 1460 4019 μὲν
1489 3947 1584 4020 τὴν
1616 3946 1726 4000 τῶν
1752 3945 2099 4014 Εύαγγελῐων
2139 3948 2360 4019 γραφὴν
2410 3967 2428 4000 ι
2472 3947 2533 4000 τὸ
2554 3947 2952 4020 καταπέτασμα
2993 3946 3087 4000 τοῦ
3127 3946 3255 4001 ναοῦ
3284 3945 3505 4017 ἐσχίσθη

248 4042 362 4097 ἀπὸ
392 4040 599 4093 ἄνωθεν
633 4039 739 4101 ἕως
771 4039 949 4091 κάτω·
980 4058 997 4091 ι
1036 4038 1179 4092 κατά
1207 4039 1262 4092 δὲ
1308 4037 1405 4110 τὴν
1439 4037 1531 4091 τοῦ
1571 4038 1834 4108 Ἰωσήπου
1878 4038 2139 4107 ἱστορίαν·
2590 4016 2607 4043 ’

322 4153 341 4186 ι
364 4135 452 4188 Ἐν
481 4134 615 4203 αὐτῇ
649 4134 713 4202 τῇ
733 4133 1077 4202 Πεντηκοστῇ
1109 4131 1322 4202 νύκτωρ
1338 4133 1384 4183 οἱ
1422 4132 1585 4201 ἱερεῖς
1618 4128 1819 4199 παρελ-

243 4225 431 4287 θόντες
459 4225 538 4285 είς
562 4220 623 4274 τὸ
664 4222 827 4291 ἱερὸν,
859 4220 1047 4293 ὥσπερ
1081 4222 1263 4284 αὐτοῖς
1298 4220 1416 4284 ἔθος
1438 4216 1524 4291 ἧν,
1562 4219 1697 4291 πρὸς
1724 4219 1821 4281 τὰς

243 4317 607 4388 λειτουργίας,
652 4314 866 4386 πρῶτον
901 4314 996 4383 μὲν
1043 4314 1308 4384 κινήσεως
1330 4312 1537 4381 ἔφασαν
1565 4310 1826 4380 ἀντιλαμ-

2005 4145 2022 4178 ι
2066 4128 2122 4181 In
2170 4126 2285 4198 ipsa
2333 4126 2654 4182 Pentecoste
2694 4135 2859 4181 noctu
2907 4125 3219 4181 sacerdotes
3269 4127 3323 4179 in
3370 4133 3510 4181 tem-

1926 4218 2073 4287 plum
2122 4218 2416 4287 progressi,
2470 4219 2612 4271 sicut
2657 4224 3076 4280 consueverant,
3113 4216 3179 4268 ad
3215 4232 3370 4270 sacra
3425 4218 3508 4269 fa-

1924 4310 2200 4373 ciendum,
2235 4312 2412 4382 primo
2461 4319 2665 4365 motum
2714 4311 3085 4364 vehementem
3130 4322 3255 4361 cum
3290 4307 3510 4377 fragore

245 4412 508 4465 ϐἀνεσθαι
536 4410 631 4464 καὶ
663 4409 891 4471 κτύπου,
931 4409 1067 4479 μετά
1099 4409 1154 4461 δὲ
1187 4407 1357 4461 ταῦτα
1387 4407 1568 4477 φωνῆς
1596 4405 1815 4476 ἀθρόας·

1931 4401 2128 4454 factum
2160 4416 2281 4455 esse
2310 4402 2585 4463 dixerunt,
2618 4401 2742 4456 dein
2774 4414 3024 4469 magnam
3055 4398 3233 4452 audiri
3274 4414 3459 4452 vocem
3488 4416 3505 4454 :

251 4528 269 4559 ι
301 4503 907 4574 Μεταϐαίνομεν(ωμεν)
934 4499 1199 4553 ἐντεῦθεν.
1231 4520 1248 4550 ι

319 4598 505 4651 Ταῦτα
525 4596 579 4649 δὲ
606 4594 745 4649 κατὰ
770 4592 913 4657 λέξιν
938 4594 1030 4645 καὶ
1050 4593 1211 4663 ἔτερα
1233 4591 1440 4654 τούτοις
1470 4589 1820 4661 παραπλήσια

246 4692 368 4753 ταῖς
413 4688 675 4758 ἱστορίαις
711 4685 982 4757 παραδοὺς
1021 4687 1049 4738 6
1092 4682 1351 4753 Ἰώσηπος
1401 4681 1711 4752 συμϐάλοιτ’
1757 4680 1821 4733 ἂν

246 4783 380 4851 ἡμῖν
406 4782 485 4841 είς
515 4777 784 4843 ἀπόδειξιν
800 4776 892 4830 τοῦ
920 4775 1142 4845 δυνάμει
1162 4773 1413 4827 λελύσθαι
1448 4791 1506 4825 τε
1534 4772 1627 4825 καὶ
1653 4774 1823 4845 καθῃ-

252 4870 449 4941 ρῆσθαι
481 4867 615 4938 μετά
639 4867 699 4919 τὸ
726 4870 988 4935 σωτήριον
1018 4864 1186 4927 πάθος
1213 4864 1280 4916 τὰ
1312 4864 1412 4928 τῆς
1436 4862 1527 4917 τοῦ
1554 4861 1683 4916 λαοῦ
1718 4880 1822 4914 σω-

252 4960 494 5033 ματικῆς
526 4959 796 5031 λατρείας.
835 4956 964 5011 Οἶδα
996 4957 1052 5009 δὲ
1084 4956 1177 5009 καὶ
1224 4955 1386 5025 ἄλλην
1426 4956 1504 5017 είς
1544 4954 1640 5025 τὴν
1675 4952 1823 5006 ἐϐδο-

253 5053 397 5123 μάδα
425 5053 523 5122 τὴν
551 5072 569 5103 ι
604 5050 998 5121 δυναμώσασαν
1044 5048 1305 5117 διαθήκην
1340 5046 1550 5109 πολλοῖς
1573 5067 1589 5097 ι
1630 5045 1822 5099 ἀποδο-

250 5146 438 5200 θεῖσαν
483 5144 808 5215 ὲρμηνείαν’
856 5144 1061 5212 ταύτην
1095 5140 1202 5210 γὰρ
1237 5142 1313 5202 είς
1352 5140 1449 5209 τὴν
1497 5142 1553 5191 ὲν
1604 5139 1823 5191 δεκάσιν

252 5238 522 5309 ἑϐδομάδα
554 5236 866 5307 μεταλαϐὼν
893 5240 921 5290 6
953 5237 1107 5304 λόγος
1137 5233 1373 5305 παρίστη
1410 5234 1499 5285 τὸν
1532 5233 1821 5303 σύμπαντα

253 5328 362 5383 τῶν
391 5328 699 5381 ἀποστόλων
728 5327 916 5399 χρόνον
944 5330 1024 5390 είς
1058 5323 1573 5396 ὲϐδομηκονταετίαν
1615 5322 1821 5376 συντεί-

255 5400 480 5482 νεινξὲν
559 5418 618 5470 τὸ
649 5422 911 5489 κήρυγμα
955 5418 1054 5488 τῆς
1084 5417 1292 5486 Καινῆς
1326 5414 1598 5485 Διαθήκης
1640 5413 1819 5466 οὐκέτι

258 5511 358 5576 ἑνὶ,
388 5509 521 5561 ἀλλά
558 5509 766 5572 πολλοῖς
798 5507 973 5560 ἔθνεσι
1014 5508 1281 5579 κηρυχθὲν
1315 5508 1394 5569 είς
1434 5506 1612 5558 πᾶσαν
1648 5504 1825 5556 ἐνεδυ-

331 5668 375 5699 ³⁷
417 5666 559 5723 Psal.
601 5682 735 5729 xm,
774 5667 841 5729 2,
874 5666 927 5721 3.
1005 5664 1046 5695 ³⁸
1089 5663 1220 5718 Dan.
1256 5679 1343 5723 Ix,
1375 5661 1464 5717 26.
1543 5661 1585 5693 ³³
1625 5661 1744 5713 Act.
1782 5675 1823 5724 ι,

1992 5659 2037 5690 ⁴⁰
2079 5657 2214 5713 Dan.
2247 5673 2297 5711 tx
2323 5697 2336 5721 ,
2372 5656 2461 5711 Ξῖ.

335 5806 411 5876 (ι)
444 5805 662 5875 Joscph.
700 5806 772 5861 De
801 5806 931 5859 beilo
961 5803 1116 5870 Jud.,
1152 5819 1224 5869 vt,
1261 5803 1313 5869 5,
1351 5802 1403 5854 ὅ.

1934 4512 1951 4545 ι
1988 4494 2127 4547 Hinc
2152 4494 2503 4564 egrediantur
2530 4493 2630 4565 (1).
2674 4513 2691 4544 ι

2000 4586 2122 4640 Haec
2153 4601 2427 4656 expresse,
2466 4586 2679 4654 aliaque
2726 4584 2810 4638 his
2837 4583 3035 4638 similia
3075 4580 3345 4651 Josephus
3379 4595 3504 4635 cum

1929 4678 1982 4730 in
2019 4676 2264 4730 historiis
2310 4674 2514 4738 refert,
2561 4674 2845 4728 nobiscum
2910 4672 3125 4726 videtur
3173 4667 3505 4730 consentire,

1929 4768 2429 4823 demonstrantibus
2468 4768 2644 4835 reipsa
2681 4766 2919 4820 solutum
2956 4777 3019 4815 ac
3060 4761 3294 4815 deletum
3339 4758 3509 4811 fuisse

1930 4867 2053 4929 post
2087 4857 2386 4911 Salvatoris
2430 4858 2739 4926 passionem
2789 4868 3113 4924 corporeum
3163 4851 3346 4920 populi
3391 4852 3511 4903 cul-

1928 4960 2063 5005 tum.
2092 4949 2350 5005 Novimus
2377 4950 2536 5003 aliam
2572 4963 2788 5018 quoque
2837 4947 2904 5001 de
2948 4942 3286 4999 hebdomade
3320 4960 3339 4991 ι
3376 4955 3509 4993 con-

1931 5044 2209 5097 ﬁrmatura
2245 5053 2459 5111 pactum
2488 5040 2674 5095 multis
2710 5060 2727 5091 ι
2764 5039 2947 5093 datam
2982 5031 3503 5103 interpretationem.

1930 5133 2055 5188 Ilaec
2086 5136 2229 5189 enim
2261 5133 2621 5195 hehdomada,
2651 5130 2807 5201 quasi
2838 5137 3042 5197 septem
3073 5123 3352 5180 decenniis
3375 5138 3508 5176 con-

1930 5236 2105 5289 stans,
2146 5240 2306 5280 omne
2341 5224 2709 5293 apostolorum
2759 5228 2993 5288 tempus,
3036 5217 3248 5271 scilicet
3290 5222 3509 5285 septua-

1928 5322 2074 5392 ginta
2110 5336 2284 5375 annos
2312 5321 2553 5374 indicare
2590 5318 2885 5381 videretur,
2918 5315 3118 5386 quibus
3147 5311 3280 5368 Novi
3310 5311 3504 5367 Testa-

1928 5412 2092 5466 menti
2142 5411 2455 5481 praedicatio
2507 5410 2690 5464 habita
2740 5416 2845 5472 est,
2897 5406 3041 5477 quod
3089 5420 3195 5459 non
3248 5404 3360 5465 uni,
3410 5404 3503 5457 sed

1931 5504 2117 5558 multis
2148 5504 2528 5557 annuntiatum
2558 5501 2809 5572 gentibus
2840 5515 2934 5569 per
2960 5498 3271 5551 universam
3303 5502 3502 5549 terram

2539 5656 2582 5688 δι
2631 5655 2818 5709 Matth.
2854 5667 3037 5715 xxvu,
3072 5651 3158 5704 5i.
