3974 6512
483 366 618 425 1191
1191 367 1458 425 EUSEBII
1494 369 1976 429 CESARIENSIS
2013 371 2164 431 OPP.
2207 375 2408 432 PARS.
2449 377 2537 433 Ill.
2579 409 2650 420 ——
2687 377 3099 438 EXEGETICA.
3601 385 3730 442 “9‘2

481 489 862 545 conﬁrmatum
894 493 997 543 est.
1047 486 1260 544 Etenim
1307 489 1556 546 historiis
1593 499 1740 562 patet
1776 489 2055 561 Joannem,

2173 497 2398 570 ναμώθη
2431 499 2530 571 τὴν
2553 500 2894 572 οἰκουμένην.
2931 501 3040 553 Καὶ
3075 500 3184 574 γὰρ
3233 498 3328 556 οὖν
3357 501 3424 556 ὲκ
3469 503 3576 558 τῶν
3602 507 3734 562 ἱστο-

479 581 686 638 Christi
731 582 1082 652 discipulum,
1117 589 1241 654 post
1283 591 1519 638 mortem
1571 583 1807 652 Domini,
1843 599 2055 658 septua-

2173 589 2303 662 ριῶν
2329 591 2600 646 δείκνυται
2632 591 2880 663 Ἰωάννης
2907 596 2934 646 ό
2957 593 3050 646 τοῦ
3093 594 3301 667 Κυρίου
3335 595 3584 668 μαθητὴς
3609 599 3737 668 μετὰ

479 673 632 746 ginta
678 675 834 731 annis
873 676 1222 745 superstitem
1260 675 1486 743 vixisse,
1536 677 1746 732 scilicet
1780 693 1958 750 usque
2001 675 2055 736 ad

2167 682 2266 754 τὴν
2286 683 2548 754 ἀνάληψιν
2572 683 2735 736 αὑτοῦ
2765 683 2938 738 ἔτεσιν
2971 683 3212 749 ἐπιϐιοὺς
3231 693 3270 738 o'
3287 703 3300 716 ·
3331 685 3494 758 μέχρι
3523 667 3628 760 γὰρ
3649 689 3736 760 τῆς

479 767 702 840 Traiani
727 785 989 841 regnum;
1017 771 1282 842 juxtaque
1325 772 1470 826 hanc
1515 773 1844 828 sententiam
1891 775 2055 830 mani-

2169 775 2438 846 Τραῖανοῢ
2487 773 2641 844 λόγος
2675 776 2786 847 ἔχει
2839 782 3174 849 παραμεῖναι
3219 778 3382 831 αὑτὸν
3433 778 3733 849 βασιλείας·

479 859 679 916 festum
705 870 790 916 est
823 864 1000 917 media
1030 863 1133 918 hac
1164 863 1558 924 decenuiorum
1606 865 1947 926 hebdomade
1972 871 2064 926 de-

479 949 676 1008 fecisse
699 953 934 1009 hostiam
975 962 1029 1010 et
1061 957 1414 1022 sacriﬁcium,
1445 963 1608 1026 atque
1643 975 1662 1009 ι
1701 957 2070 1016 abominatio-

477 1060 601 1101 nem
628 1045 987 1104 desolationis
1023 1066 1041 1100 ι
1077 1049 1134 1103 in
1177 1047 1299 1104 loco
1329 1057 1526 1105 sancto
1559 1049 1857 1108 exstitisse.
1901 1051 2068 1107 Nam-

476 1154 584 1211 que
621 1153 652 1192 a
699 1137 1000 1196 Salvatoris
1047 1141 1227 1197 nostri
1259 1141 1666 1198 resurrectione
1711 1142 1778 1198 ad
1820 1145 2066 1200 ultimam

479 1233 582 1286 sub
620 1229 956 1303 Vespasiano
1011 1236 1470 1306 Oppugnationem
1524 1236 1697 1307 elapsi
1754 1247 1883 1291 sunt
1937 1239 2065 1292 anni

479 1323 720 1394 quinque
783 1334 835 1379 et
887 1326 1150 1398 triginta;
1205 1329 1405 1398 quibus
1459 1337 1738 1384 constaret
1796 1329 2068 1399 praedictae

477 1409 836 1472 hebdomadis
881 1415 1185 1473 dimidium.
1230 1421 1445 1475 Etenim
1493 1421 1730 1478 ﬂammis
1777 1429 1831 1476 et
1879 1431 2064 1476 vasta-

475 1505 624 1562 tione
669 1508 891 1578 penitus
941 1509 1118 1565 deleto
1168 1519 1350 1568 vetere
1399 1529 1558 1568 sacro
1592 1527 1891 1586 sanctoque
1931 1523 2066 1570 tem-

475 1597 564 1666 plo
603 1599 718 1654 haec
767 1601 1104 1655 hebdomada
1153 1617 1532 1660 consummata
1562 1616 1666 1664 est.
1699 1607 1878 1678 Atque
1906 1609 2058 1672 illud,

482 1706 500 1739 ι
538 1687 762 1745 Deliciet
806 1691 985 1748 hostia
1024 1701 1078 1748 et
1127 1697 1482 1762 sacriﬁcium,
1514 1707 1567 1754 et
1601 1699 1702 1755 erit
1753 1701 1806 1756 in
1860 1701 2061 1772 templo

475 1779 810 1838 abominatio
864 1783 1222 1864 desolationis
1253 1789 1327 1842 δ’»
1365 1807 1538 1862 usque
1590 1793 1655 1847 ad
1715 1809 2063 1850 consumma-

2169 868 2310 921 κατά
2338 885 2397 920 τε
2423 867 2626 939 ταύτην
2659 867 2756 940 τὴν
2807 869 3057 941 διήγησιν
3089 871 3354 942 πρόδηλον
3379 871 3533 935 ὅπως
3585 875 3640 925 ἐν
3669 873 3736 944 τῷ

2166 957 2355 1029 ἡμίσει
2379 959 2584 1030 ταύτης
2613 959 2712 1030 τῆς
2744 960 2803 1011 ὲν
2839 959 3056 1014 δεκάσιν
3095 961 3386 1030 ἑϐδομάδος
3409 963 3553 1036 ἤρθη
3589 963 3737 1018 θυσία

2167 1053 2261 1105 καὶ
2288 1051 2519 1122 σπονδὴ,
2556 1053 2649 1104 καὶ
2695 1051 2755 1103 τὸ
2792 1051 3080 1122 λεγόμενον
3108 1072 3126 1104 ι
3166 1051 3445 1124 βδέλυγμα
3481 1057 3586 1125 τῆς
3621 1059 3736 1128 ἐρη-

2170 1140 2395 1213 μώσεως
2417 1161 2436 1193 ›
2471 1142 2599 1214 ἔστη
2627 1145 2685 1196 ὲν
2718 1143 2867 1214 τόπῳ
2895 1143 3054 1216 ἁγίῳ.
3085 1145 3164 1198 Τὰ
3203 1144 3334 1214 γοῦν
3371 1146 3482 1199 ἀπὸ
3521 1149 3626 1217 τῆς
3654 1147 3736 1201 τοῦ

2167 1236 2420 1307 Σωτῆρος
2452 1235 2609 1307 ἡμῶν
2651 1237 3000 1300 ἀναστάσεως
3055 1239 3147 1291 ἐπὶ
3177 1243 3276 1309 τὴν
3321 1241 3564 1313 ύστὰτην
3607 1243 3737 1296 κατὰ

2167 1328 2572 1382 Οὐεσπασιανὸν
2604 1328 2914 1402 πολιορκίαν
2935 1334 3013 1396 εἰς
3037 1335 3129 1406 ἔτη
3153 1335 3312 1388 πέντε
3333 1337 3428 1389 καὶ
3449 1339 3736 1408 τριάκοντα

2167 1419 2456 1473 συντείνει·
2481 1421 2626 1492 ἀπεῤ
2647 1419 2712 1474 ἂν
2730 1421 2935 1491 γένοιτο
2953 1423 3052 1492 τῆς
3074 1425 3428 1498 ἀποδοθείσης
3453 1428 3739 1498 ἑϐδομάδος

2164 1513 2226 1565 τὸ
2254 1514 2454 1582 ἥμισυ⁸
2501 1515 2589 1567 ὅτε
2625 1513 2719 1568 καὶ
2763 1515 2998 1586 παντελῆ
3037 1515 3134 1588 τὴν
3173 1516 3262 1570 διὰ
3317 1518 3492 1590 πυρὸς
3543 1520 3737 1591 φθορὰν

2164 1603 2258 1656 καὶ
2293 1605 2649 1676 κατασκαφὴν
2679 1606 2771 1658 τοῦ
2814 1605 2978 1660 πάλαι
3012 1607 3154 1679 ἱεροῦ
3190 1610 3286 1662 καὶ
3317 1611 3477 1678 ἀγίου
3515 1611 3626 1664 νεὼ
3651 1631 3738 1666 πε-

2166 1695 2422 1760 πονθότος
2447 1697 2866 1768 ὲπισφράγισμα
2890 1698 3077 1770 εἴληφε
3095 1716 3108 1728 '
3145 1702 3239 1753 καὶ
3267 1700 3348 1762 τὸ,
3375 1721 3394 1751 ‹
3419 1701 3738 1774 Ἀρθὴσεται

2165 1788 2324 1842 θυσία
2365 1789 2460 1842 καὶ
2501 1789 2699 1861 σπονδὴ
2724 1832 2738 1854 ,
2781 1795 2875 1844 καὶ
2924 1793 3014 1845 ἐπὶ
3041 1793 3099 1846 τὸ
3150 1793 3288 1865 ἱερὸν
3315 1794 3596 1866 βδέλυγμα
3639 1795 3736 1850 τῶν

475 1874 680 1930 tionem
709 1877 831 1933 vitae
870 1854 1290 1950 permansurum
1343 1883 1581 1939 ostendit
1636 1885 1940 1958 Scriptura,
1975 1887 2055 1943 his

2168 1880 2497 1952 ὲρημώσεων
2522 1899 2534 1911 ο
2569 1901 2586 1933 ›
2635 1853 2770 1954 ὅπερ
2801 1882 3118 1954 «βδέλυγμα
3161 1853 3552 1956 ἐρημῶσεως.»
3587 1887 3738 1958 μέχρι

475 1967 674 2022 additis
710 1987 722 2024 :
757 1989 775 2021 ‹
811 1971 876 2026 Ει
909 1988 1083 2041 usque
1130 1973 1197 2028 ad
1221 1977 1750 2033 consummationem
1797 1989 1852 2033 et
1897 1977 2058 2034 ﬁnem

475 2063 842 2131 perseverabit
871 2065 1158 2124 desolatio.
1189 2086 1207 2120 ι

548 2149 663 2206 Hoc
699 2153 936 2211 breviter
959 2157 1233 2228 exposito,
1269 2167 1520 2228 superest
1547 2165 1605 2212 ut
1641 2157 1796 2214 Isaiae
1825 2159 2059 2229 prophe-

473 2239 580 2296 tias
613 2245 1016 2312 aggrediamur,
1051 2247 1143 2317 qui
1174 2249 1327 2303 solus
1365 2263 1431 2303 ex
1477 2250 1628 2303 omni
1673 2259 1856 2305 vetere
1908 2248 2058 2304 Scri-

475 2340 635 2403 ptura
666 2336 823 2392 nobis
843 2337 1204 2395 elucidandus
1235 2340 1586 2410 relinquitur.

2169 1973 2476 2037 συντελείας
2510 1973 2626 2045 βίου
2654 1979 2987 2048 παραμεῖναι
3012 1976 3158 2047 δηλοί
3181 1977 3241 2030 τὸ
3263 1977 3466 2045 λόγιον,
3498 1978 3702 2048 φάσκον
3719 1997 3736 2012 ·

2169 2065 2337 2119 «Καὶ
2390 2065 2494 2130 ἕως
2541 2067 2850 2129 συντελείας
2899 2068 3090 2138 καιροῦ
3137 2068 3419 2122 συντέλεια
3455 2069 3738 2142 δοθήσεται

2164 2155 2258 2210 ἐπὶ
2290 2155 2388 2228 τὴν
2419 2157 2716 2231 ἐρήμωσιν.
2744 2178 2762 2210 ι

2241 2243 2402 2302 Ἄλλά
2415 2248 2585 2303 ταῦτα
2612 2251 2710 2320 μὲν
2735 2252 3133 2322 ὲπιτεμόμενοι,
3163 2253 3261 2323 τὴν
3281 2251 3539 2324 διήγησιν
3563 2271 3736 2326 παρα-

2160 2339 2480 2410 τεθείμεθα·
2553 2338 2672 2411 ὥρα
2735 2341 2792 2394 δὲ
2845 2341 2946 2414 ήδη
3011 2343 3285 2414 μετελθεῖν
3337 2345 3428 2398 καὶ
3489 2347 3586 2398 ἐπὶ
3641 2345 3734 2399 τὸν

489 2423 750 2478 Ἡσαΐαν⁸
787 2426 847 2491 ὃς
879 2428 1036 2500 μόνος
1076 2428 1184 2482 dura
1218 2429 1402 2501 πάσης
1445 2430 1546 2499 τῆς
1592 2427 1828 2494 παλαιᾶς
1875 2431 2006 2501 ἡμῖν
2036 2429 2442 2503 περιλέλειπται
2470 2429 2712 2502 Γραφῆς.

502 2623 3698 2655 __.________—_—____________________

731 2789 1092 2879 LIBER
1181 2791 1777 2894 QUARTUS.

1093 3051 1186 3106 EX
1226 3048 1430 3105 lSAlA.

542 3167 898 3239 Propheticas
920 3165 985 3221 de
1001 3165 1140 3222 Isaia
1163 3164 1412 3234 Eclogas,
1429 3177 1550 3232 qua:
1569 3161 1699 3216 solae
1719 3159 1878 3216 nobis
1895 3175 2052 3232 expo-

473 3265 667 3323 nenda:
695 3276 1010 3336 supersunt,
1035 3261 1344 3324 tractaturi,
1385 3274 1576 3315 eorum
1611 3259 1786 3330 gratia
1813 3257 1906 3328 qui
1925 3274 2052 3328 pro—

477 3360 681 3430 phetiis
719 3357 876 3412 ﬁdem
908 3371 1015 3410 non
1047 3355 1326 3417 adhibent,
1365 3367 1540 3424 pauca
1566 3353 1634 3406 ad
1659 3351 2050 3422 prophetarum

473 3453 826 3508 veracitatem
865 3447 1348 3504 demonstrandam
1397 3445 1772 3516 praefabimur.
1807 3443 2050 3496 Primum

472 3543 691 3614 quidem
717 3541 784 3596 iis
809 3540 902 3612 qui
936 3547 1062 3594 ante
1098 3555 1200 3594 nos
1231 3537 1474 3600 fuerunt,
1509 3547 1718 3590 rectum
1757 3543 2052 3605 aptumque

471 3636 826 3692 instituemus
890 3641 1296 3704 argumentum.
1353 3629 1586 3684 Pulchre
1645 3629 1788 3684 enim
1847 3625 2052 3681 dixisse

471 3729 604 3784 mihi
655 3729 925 3790 videntur,
971 3727 1248 3797 quomodo
1297 3725 1500 3796 Moysis
1535 3724 1638 3794 legi
1685 3721 1920 3778 subditis
1966 3721 2051 3774 lex

470 3817 590 3888 ipsa
634 3825 882 3882 testetur,
931 3815 1078 3886 quod
1115 3824 1328 3886 gentes,
1373 3829 1605 3884 quarum
1657 3813 1712 3866 in
1753 3811 1932 3866 medio
1969 3809 2050 3863 vi-

467 3918 620 3974 vent,
645 3929 662 3960 ι
687 3923 924 3980 augures
941 3916 995 3962 et
1030 3907 1245 3962 divinos
1280 3905 1521 3960 audient.
1571 3903 1652 3957 Tu
1703 3913 1906 3969 autem,
1951 3902 2048 3966 ait,

470 4016 498 4055 a
553 3999 786 4054 Domino
843 3997 952 4052 Deo
986 4005 1079 4051 tuo
1114 3996 1400 4052 institutus
1433 4011 1492 4050 es
1511 3995 1610 4048 ⁸³.»
1635 3992 1706 4049 lis
1733 3995 1898 4048 etiam
1925 4009 2049 4048 cum

471 4087 758 4150 interdixit
791 4089 1010 4145 divinus
1046 4102 1228 4144 sermo
1263 4087 1504 4159 auguriis
1537 4085 1794 4155 omnique
1817 4102 1914 4155 per
1941 4087 2050 4141 dae-

469 4197 695 4238 monum
735 4179 1026 4235 artiﬁcium
1058 4177 1417 4242 divinatione,
1458 4177 1635 4232 dixit:
1664 4195 1682 4226 ι
1720 4174 2046 4245 Prophetam

469 4273 537 4330 de
565 4283 725 4344 gente
755 4280 848 4326 tua
873 4283 926 4327 et
955 4272 1021 4327 dc
1054 4270 1315 4326 fratribus
1349 4269 1458 4324 tuis
1489 4269 1779 4324 suscitabit
1808 4268 1906 4322 tibi
1941 4268 2048 4321 Do-

2687 2793 3051 2882 ΛΟΓΟΣ
3093 2794 3202 2880 Δί.

2807 3039 3082 3108 ΗΣΑῐοΥ.

2225 3166 2336 3232 Τάς
2365 3169 2472 3222 ἀπὸ
2504 3167 2611 3221 τῶν
2647 3169 2865 3222 Ἡσαΐου
2895 3167 3236 3240 προφητικάς
3283 3165 3544 3236 Ἐκλογας
3571 3165 3736 3236 μόνας

2152 3261 2285 3331 ἡμῖν
2317 3259 2608 3323 λειπούσας
2638 3260 3035 3314 ἀπανθίσασθαι
3069 3258 3422 3332 πειρώμενοι,
3443 3264 3578 3326 πρὸς
3607 3258 3734 3320 τοὺς

2153 3351 2397 3415 ἀπίστως
2417 3351 2546 3422 περὶ
2571 3352 2666 3417 τὰς
2690 3353 3024 3425 προφητείας
3043 3350 3414 3422 διακειμένους
3429 3351 3588 3418 ὀλίγα
3608 3365 3735 3422 προ-

2151 3443 2526 3516 διαληψόμεθα
2554 3446 2634 3508 εἰς
2662 3445 3000 3516 παράστασιν
3026 3445 3126 3512 τῆς
3155 3443 3263 3496 τῶν
3286 3442 3584 3512 προφητῶν
3611 3441 3736 3512 ἀληο

2153 3527 2324 3594 θείας.
2363 3533 2472 3584 Καὶ
2503 3531 2566 3602 δὴ
2597 3531 2810 3602 πρῶτον
2842 3531 3019 3596 καλῶς
3050 3533 3142 3584 καὶ
3171 3534 3284 3594 τοῖς
3314 3531 3420 3601 πρὸ
3455 3533 3614 3601 ἡμῶν
3645 3549 3734 3583 τε·

2151 3621 2456 3692 τηρημένον
2481 3623 2868 3696 παραθήσομαι
2888 3623 3164 3694 λογισμόν.
3209 3617 3281 3677 Εὖ
3303 3623 3432 3691 γοῦν
3455 3624 3734 3695 εἰρηκέναι

2155 3729 2245 3783 μοι
2267 3713 2528 3778 δοκοῦσιν,
2557 3715 2631 3778 ὡς
2651 3715 2759 3788 ἄρα
2782 3718 2891 3780 τοῖς
2915 3717 3019 3770 ὑπὸ
3039 3717 3130 3770 τὸν
3153 3716 3428 3780 Μωῦσέως
3453 3719 3616 3787 νόμον
3639 3717 3730 3770 αὑ-

2151 3805 2240 3869 τὸς
2272 3808 2300 3859 ό
2327 3807 2489 3877 νόμος
2509 3808 2960 3880 διαμαρτύρεται,
2994 3811 3074 3862 ὅτι
3099 3809 3162 3880 δὴ
3187 3809 3255 3862 τὰ
3281 3809 3408 3880 ἔθνη
3429 3803 3506 3862 ὧν
3527 3809 3730 3881 μεταξὺ

2153 3899 2556 3954 πολιτεύσονται
2591 3921 2608 3952 ι
2639 3901 2912 3971 κληδόνων
2947 3903 3042 3955 καὶ
3075 3901 3340 3971 μαντειῶν
3369 3901 3728 3954 ἀκούσονταιο

2152 3993 2235 4044 σοὶ
2252 3992 2330 4056 δὲ,
2357 4013 2375 4044 ι
2403 3993 2586 4063 φησὶν,
2616 4012 2634 4042 ι
2655 3994 2753 4064 οὐχ
2769 3993 2940 4058 οὕτως
2961 3994 3127 4046 ἔδωκε
3144 3993 3344 4063 Κύριος
3363 3995 3392 4046 ό
3407 3993 3540 4057 θεός
3565 4011 3679 4046 σου.
3703 4013 3723 4045 ι

2150 4086 2260 4139 Καὶ
2288 4085 2368 4139 ἔτι
2396 4103 2458 4154 γε
2493 4085 2692 4156 εἴργων
2719 4087 2916 4149 αὐτοὺς
2943 4089 2970 4139 ὁ
3005 4087 3147 4150 θεῖος
3187 4085 3342 4155 λόγος
3371 4085 3432 4140 ἐκ
3463 4104 3523 4140 τε
3551 4089 3726 4140 οίωνι-

2152 4179 2338 4248 στικῆς
2357 4177 2448 4230 καὶ
2471 4176 2649 4248 πάσης
2664 4177 2762 4248 τῆς
2779 4177 2866 4228 διὰ
2879 4177 3143 4246 δαιμόνων
3159 4177 3450 4249 περιέργου
3475 4181 3725 4250 μαντείας

2149 4268 2432 4338 ἐπιφέρει,
2487 4267 2660 4336 λέγων
2682 4285 2695 4297 ·
2736 4287 2754 4318 ι
2781 4269 3073 4340 Προφήτην
3107 4269 3170 4321 ἐκ
3203 4268 3309 4321 τῶν
3341 4268 3588 4338 ἀδελφῶν
3635 4287 3722 4322 σου

469 4366 654 4420 minus
685 4363 831 4420 Deus
857 4371 986 4420 tuus
1009 4361 1078 4418 “.
1114 4383 1132 4416 ι
1155 4362 1287 4428 Quae
1321 4363 1487 4434 igitur
1519 4363 1588 4416 iis
1621 4361 1962 4424 annuntiata,
1999 4360 2046 4414 si

2161 4360 2440 4432 λναστήσει
2475 4378 2556 4413 σοι
2586 4360 2786 4432 Κύριος
2814 4362 2842 4412 ὁ
2874 4361 3004 4424 Θεός
3050 4377 3196 4416 σου.»
3231 4355 3358 4432 τΑρ’
3391 4356 3486 4413 οὖν
3526 4361 3722 4414 τούτων

469 4473 581 4511 non
630 4464 827 4513 eventu
873 4457 1100 4527 probata
1147 4455 1402 4521 fuissent,
1445 4471 1547 4510 nec
1590 4455 1733 4524 apud
1779 4469 1873 4509 eos
1923 4469 2047 4508 sur-

2161 4452 2329 4515 ιύτοῖς
2357 4452 2884 4525 ἀναγεγραμμένων,
2912 4453 2987 4524 μὴ
3013 4451 3156 4523 ἔργῳ
3181 4452 3236 4504 δὲ
3265 4453 3592 4524 γενομένων,
3626 4471 3722 4524 μη-

469 4549 745 4604 rexisscnt
774 4550 1054 4620 propheta:
1102 4551 1228 4614 viri,
1255 4549 1520 4619 numquid
1552 4549 1656 4619 legi
1691 4547 1848 4601 ﬁdem
1893 4547 2051 4602 adbi-

2161 4543 2207 4597 δὲ
2236 4545 2515 4615 παρόντων
2537 4545 2720 4608 αὐτοῖς
2742 4544 3032 4617 προφητῶν
3055 4543 3282 4616 ἀνδρῶν,
3303 4545 3530 4598 δύνατόν
3550 4541 3618 4618 ἦν
3639 4547 3720 4600 αὖ·

469 4641 596 4698 bere
619 4644 944 4714 potuissent,
979 4644 1062 4698 vel
1083 4645 1410 4698 annuntiato
1431 4645 1618 4707 verbo,
1651 4656 1758 4696 tam
1789 4657 2047 4714 expresse

2161 4637 2274 4700 τοὺς
2309 4635 2584 4689 πιστεύειν
2616 4635 2694 4708 τῷ
2729 4638 2910 4708 νόμῳ,
2946 4637 3042 4688 καὶ
3082 4635 3158 4707 τῷ
3191 4635 3362 4688 ταῦτα
3394 4637 3721 4705 ἐπαγγειλα-

471 4741 525 4788 ct
553 4734 842 4788 manifeste
874 4736 1164 4790 mendaci?
1191 4734 1404 4802 Nonne,
1439 4742 1560 4807 ipsa
1590 4736 1773 4792 indole
1804 4737 1872 4790 ad
1909 4736 2048 4788 futu-

2161 4729 2297 4801 μένῳ
2323 4729 2464 4801 λόγῳ
2494 4728 2635 4802 οὔτω
2666 4729 2955 4802 προφανῶς
2997 4729 3088 4782 καλ⁹
3119 4729 3366 4799 ἐναργῶς
3391 4729 3718 4798 ψευδομένῳς

469 4837 658 4881 rerum
687 4825 972 4882 scientiam
1003 4842 1294 4897 propensa.
1337 4829 1394 4882 in
1425 4830 1770 4898 propriorum
1802 4829 2049 4882 oraculo-

2161 4821 2181 4892 ἢ
2214 4823 2369 4893 δῆλον
2411 4824 2493 4876 ὅτι
2537 4824 2629 4876 ὑπ’
2660 4824 2826 4894 αὐτῆς
2855 4823 2955 4893 τῆς
2991 4824 3114 4892 περὶ
3141 4824 3240 4893 τὴν
3279 4823 3586 4894 πρόγνωσιν
3617 4823 3720 4874 τῶν

470 4935 594 4974 rum
645 4928 1016 4990 contemptum
1068 4919 1356 4990 perducti,
1407 4921 1606 4990 quibus
1655 4921 1790 4974 nihil
1835 4937 2044 4984 verum,

2161 4915 2420 4985 ἐσομένων
2452 4915 2688 4986 λιχνείας
2717 4913 2970 4983 ἀγόμενοι
2993 4916 3400 4984 κατεφρόνησαν
3420 4915 3528 4968 τῶν
3555 4913 3716 4976 ἰδίων,

471 5011 608 5068 nihil
639 5011 888 5065 divinum
931 5011 1158 5070 inesset.
1194 5012 1362 5065 nullis
1411 5010 1773 5066 subeuntibus
1819 5009 2046 5080 prophe-

2161 5007 2223 5070 ὣς
2257 5007 2407 5060 οὐδὲν
2439 5005 2637 5078 ἀληθὲς
2666 5007 2896 5076 ἐχόντων
2924 5010 3042 5062 οὐδὲ
3071 5009 3237 5068 θεῖον,
3271 5007 3358 5060 διά
3389 5007 3450 5059 τὸ
3481 5006 3555 5077 μὴ
3587 5001 3718 5057 εἶναι

471 5104 563 5166 tis.
595 5113 792 5174 sponte
826 5103 894 5158 ad
927 5103 1170 5174 gentium
1204 5111 1257 5157 et
1292 5103 1543 5157 vaticinia
1575 5113 1627 5156 et
1658 5103 1878 5157 oracula
1909 5117 2045 5156 con-

472 5193 782 5265 fugissent?
819 5195 1024 5252 Verum
1061 5194 1318 5249 videntur
1341 5209 1449 5248 non
1485 5193 1861 5248 tantummodo
1896 5193 2046 5266 Moy—

474 5301 612 5350 sen),
656 5288 752 5343 sed
790 5297 843 5342 et
879 5290 1082 5342 multos
1117 5287 1210 5357 qui
1262 5292 1386 5358 post
1432 5301 1557 5341 eum
1613 5286 1860 5340 suscitati
1895 5293 2044 5350 sunt,

472 5378 633 5447 quasi
677 5376 768 5430 Dei
799 5376 1090 5446 praphetas
1121 5377 1432 5446 agnovisse,
1467 5375 1691 5430 nonnisi
1714 5375 1934 5428 insitam
1966 5373 2046 5430 eis

473 5469 814 5526 divinitatem
851 5467 1079 5539 experti.
1121 5467 1224 5532 Qui
1247 5467 1466 5540 quidem
1498 5470 1577 5523 eis
1609 5483 1718 5524 non
1737 5476 1950 5522 tantum
1982 5464 2049 5520 de

473 5559 642 5614 rebus
695 5573 816 5630 quae
879 5559 1262 5614 remotissimis
1323 5559 1640 5629 ultimisque
1709 5559 2049 5630 temporibus

474 5649 689 5716 ﬁerent,
721 5650 1202 5721 prophetavcrunt,
1245 5652 1342 5708 sed
1387 5653 1552 5708 etiam
1583 5651 1650 5710 de
1689 5650 2050 5724 praesentibus

547 5809 593 5841 “
635 5807 770 5865 Dan.
803 5825 892 5878 ix,
923 5809 1012 5864 27.
1091 5811 1135 5846 ³³
1174 5809 1332 5866 Deut.
1363 5823 1536 5876 mu,
1570 5806 1656 5865 M.
1737 5807 1784 5842 “
1824 5803 1956 5864 ibid.
1992 5803 2079 5861 l5.

2153 5099 2280 5172 παρ’
2307 5100 2488 5163 αὐτοῖς
2512 5101 2812 5172 προφήτας,
2835 5101 3118 5171 αὐτόμολοι
3141 5101 3196 5152 δὲ
3218 5100 3310 5151 ἐπὶ
3333 5099 3402 5152 τὰ
3427 5101 3536 5152 τῶν
3555 5099 3718 5150 ἐθνῶν

2157 5191 2380 5262 μαντεῖά
2406 5207 2466 5243 τε
2495 5191 2589 5243 καὶ
2615 5191 2920 5262 χρηστήρια
2947 5190 3246 5261 μετῄεσανς
3291 5188 3448 5240 Ἀλλά
3472 5188 3580 5260 γὰρ
3609 5187 3716 5256 φαί-

2141 5298 2322 5335 νονται
2353 5281 2412 5334 ού
2435 5279 2592 5352 μόνον
2613 5280 2870 5342 Μωῦσέα,
2895 5279 3028 5332 ἀλλά
3059 5279 3149 5332 καὶ
3181 5277 3393 5340 πλείους
3423 5277 3540 5348 μετ’
3563 5275 3716 5328 αὐτὸν

2145 5374 2220 5438 ὡς
2245 5373 2378 5427 Θεοῦ
2410 5373 2694 5445 προφήτας
2728 5370 3103 5443 προσιέμενοι,
3144 5371 3244 5423 οὐκ
3265 5369 3438 5432 ἄλλως
3459 5369 3614 5440 δῆλον
3637 5369 3712 5420 δτι

2147 5467 2180 5539 ἢ
2215 5465 2292 5538 τῷ
2322 5467 2514 5538 πεῖραν
2541 5465 2641 5536 τῆς
2671 5465 2728 5518 ὲν
2754 5464 2936 5526 αὐτοῖς
2963 5461 3236 5534 θειότητος
3273 5459 3583 5532 εἰληφέναι·
3611 5459 3710 5513 οἶδε

2148 5557 2258 5628 γὰρ
2289 5557 2474 5621 αὐτοῖς
2507 5558 2566 5610 οὐ
2602 5557 2761 5628 μόνον
2793 5556 2921 5626 περὶ
2951 5553 3058 5608 τῶν
3091 5555 3314 5626 μακροῖς
3347 5553 3570 5624 ὕστερον
3595 5549 3712 5622 χρό-

2147 5665 2261 5714 νοις
2291 5649 2590 5721 μελλόντων
2622 5646 2836 5702 έσεσθαι
2869 5644 3284 5717 προύθέσπιζον,
3309 5643 3446 5700 ἀλλά
3469 5645 3564 5700 καὶ
3589 5636 3712 5714 περί
