3974 6496
229 413 378 467 1195

1265 420 1555 480 ΕΚ]ιοοΕ
1593 425 2074 487 PROPHETICAL'.
2106 462 2175 472 —
2215 436 2340 489 LIB.
2372 438 2461 491 ιν.

3344 440 3475 497 1194

221 547 395 585 τινων
422 534 727 606 προχείρων
752 538 846 591 καὶ
874 537 1144 609 βιωτικῶν
1173 539 1471 613 προῦλεγον
1492 560 1507 575 ·
1546 538 1656 598 οἷον
1685 562 1789 618 περ

1914 555 1967 602 et
2027 549 2222 605 coaevis
2275 551 2674 623 praedixerunt;
2725 557 2869 613 sicut
2915 559 2981 614 de
3019 558 3246 631 perditis
3284 560 3482 621 asinis.

221 621 371 678 ὄνων
396 626 765 695 ἀπολωλυιῶν,
798 632 891 683 καὶ
916 633 1043 703 πε.ρί⁹
1074 633 1369 687 νοσούντων
1395 636 1727 705 ἐπισφαλῶς,
1765 640 1811 691 εἰ

222 714 577 788 βιώσονταιῆ
618 720 714 792 μὴ,
746 723 837 774 καὶ
868 725 995 794 περὶ
1025 725 1323 797 μελλούσης
1355 728 1572 782 ἔσεσθαι
1603 729 1680 800 τῷ
1701 729 1813 801 λαῷ

220 807 507 880 εὐθηνίας,
543 814 635 865 καὶ
662 817 785 885 περί
814 817 986 870 ἀλλων
1020 820 1246 894 μυρίων,
1277 820 1312 873 ὃ.
1334 822 1453 883 ταῖς
1474 824 1590 875 κατ’
1616 823 1812 886 αὐτοὺς

223 902 501 972 ἱστορίαις
541 906 870 977 ἐμφέρεται’
907 908 1050 981 ἅπερ
1075 914 1121 963 εἰ
1158 911 1231 983 μὴ
1264 912 1451 967 τοῦτον
1483 910 1694 983 γεγόνει
1720 915 1811 969 τὸν

216 993 452 1063 τρόπον,
483 996 861 1068 ἀποκρινέσθω
892 1020 994 1063 τις,
1026 1001 1131 1054 τίνι
1162 1003 1361 1072 δήποτε
1388 1001 1480 1058 οἷν
1507 1005 1647 1075 λόγῳ
1678 1024 1809 1078 προ-

216 1087 403 1155 φήτας
441 1088 670 1157 ήγοῦντό
714 1107 773 1142 τε
808 1092 903 1143 καὶ
932 1093 1236 1146 ἀπεκάλουν
1262 1132 1276 1159 ,
1326 1096 1357 1167 ἢ
1390 1097 1476 1150 διά
1512 1099 1561 1150 τί
1592 1100 1809 1171 γραφῆς

214 1177 352 1240 τοὺς
383 1178 573 1247 λόγους
610 1181 788 1235 αὐτῶν
822 1183 1040 1251 ἦξίουνς
1076 1185 1171 1248 Τίς
1196 1186 1239 1239 δ’
1268 1189 1300 1259 ἡ
1340 1190 1489 1243 αἰτία
1528 1190 1593 1244 δι’
1620 1192 1685 1261 ἥν
1716 1195 1807 1245 καὶ

214 1270 338 1330 τοῖς
369 1271 661 1339 μετέπειτα
695 1274 879 1326 παισὶν
906 1275 1134 1339 ἑαυτῶν,
1160 1277 1235 1339 ὡς
1259 1278 1324 1331 ἂν
1346 1279 1410 1350 δὴ
1437 1280 1602 1345 Θείας,
1630 1283 1807 1336 αὐτῶν

212 1359 318 1424 τὰς
355 1364 572 1434 γραφάς
604 1366 991 1435 παρεδίδοσαν;
1024 1371 1203 1441 Μηδὲν
1232 1371 1340 1444 γάρ
1382 1391 1432 1425 τι
1481 1374 1621 1427 θεῖον
1673 1376 1806 1446 μηδὲ

213 1452 528 1522 παράδοξον
560 1455 617 1505 ἐν
649 1458 762 1518 τοίς
790 1457 1046 1527 ἀνδράσιν
1079 1456 1393 1531 ἑωρακότας
1423 1464 1545 1533 εἰκῆ
1576 1467 1665 1517 καὶ
1697 1465 1802 1535 μά-

212 1559 321 1614 την
349 1544 559 1599 οἴεσθαι
588 1548 716 1616 περὶ
755 1550 931 1602 αὐτῶν
972 1551 1193 1605 τοιαῦτα
1217 1552 1567 1624 διειληζέναι,
1588 1556 1803 1609 πάντων

211 1638 372 1692 ἐστὶν
397 1638 823 1694 ἀπιθανώτατον.
849 1642 911 1693 Εἰ
932 1643 974 1694 δ’
996 1644 1295 1715 ἀναδραμοι
1317 1664 1401 1709 τις
1425 1649 1516 1699 ἐπὶ
1538 1649 1663 1711 τοὺς
1680 1649 1800 1701 τότε

211 1732 447 1803 χρόνευς
478 1734 543 1801 τῇ
564 1731 789 1803 διανοίᾳ,
826 1734 879 1785 τί
911 1734 1018 1806 ἄρα
1047 1738 1400 1809 ἐπινοήσειεν,
1436 1740 1576 1810 ὁρῶν
1602 1741 1798 1812 ἄνδρας

210 1821 510 1892 ἀγροίκους
540 1821 632 1873 καὶ
673 1820 733 1873 τὸ
771 1824 953 1894 σχῆμα
984 1824 1195 1889 λιτοὺς,
1228 1828 1482 1892 αἰπόλους
1520 1830 1669 1894 τινὰς
1707 1833 1798 1884 καὶ

1915 639 1983 694 de
2030 642 2269 711 graviter
2313 648 2725 716 aegrotantibus,
2784 656 2968 704 utrum
3010 653 3479 717 convalescerent,

1912 746 2104 796 necne,
2138 732 2204 787 de
2221 735 2389 790 rebus
2416 738 2616 807 p0pulo
2638 739 2869 795 feliciter
2894 744 3155 809 cessuris,
3180 747 3471 817 multisque

1911 824 2053 886 aliis,
2079 841 2199 895 quae
2229 827 2282 881 in
2325 844 2514 883 eorum
2549 832 2791 888 historiis
2834 837 3073 905 reperire
3105 846 3189 893 est
3216 862 3225 895 :
3251 840 3394 909 quod
3428 842 3471 894 si

1878 931 1885 936 ‘
1910 931 2019 969 non
2040 917 2109 970 ita
2130 934 2187 971 se
2209 919 2545 988 habuissent,
2576 925 2707 978 mihi
2724 928 3106 996 respondeant,
3131 930 3217 985 cui
3235 946 3474 1001 unquam

1912 1006 2080 1076 igitur
2140 1009 2305 1065 verbo
2367 1014 2658 1083 prophetas
2704 1019 3054 1087 agnovissent
3104 1022 3469 1077 vocavissent-

1909 1115 2034 1169 que.
2072 1102 2157 1155 vel
2191 1118 2290 1155 cur
2317 1119 2507 1159 eorum
2539 1108 2704 1161 verba
2739 1111 2958 1179 scriptis
2989 1114 3254 1168 servanda
3284 1129 3475 1170 curas-

1908 1192 2064 1244 sent?
2106 1192 2469 1258 Quamobrem
2511 1200 2814 1266 posteritati
2866 1217 2979 1257 sum
3022 1205 3221 1274 scripta
3258 1220 3471 1272 eorum,

1906 1281 2061 1349 quasi
2109 1283 2290 1337 divina
2349 1287 2740 1343 tradidissent?
2781 1290 2932 1346 Haud
2976 1295 3272 1365 quidquam
3327 1297 3474 1349 enim

1905 1372 2096 1437 divini,
2125 1376 2208 1430 vel
2243 1379 2486 1446 praeclari
2537 1379 2591 1433 in
2636 1381 2757 1435 istis
2791 1384 2923 1439 viris
2970 1386 3360 1455 perspicientes
3394 1396 3471 1442 te-

1904 1479 2052 1518 mere
2085 1480 2148 1519 ac
2178 1467 2582 1524 inconsiderate
2623 1471 2854 1542 de'ipsis
2887 1476 3013 1529 talia
3049 1478 3323 1547 accepisse
3360 1480 3472 1547 opi-

1904 1554 2045 1613 nari,
2086 1556 2502 1613 stolidissimum
2555 1570 2720 1616 esset.
2792 1562 2846 1618 Si
2909 1565 3033 1634 quis
3089 1567 3203 1621 haec
3249 1569 3469 1637 antiqua

1903 1651 2084 1697 mente
2112 1654 2431 1714 percenseat
2467 1656 2733 1718 tempora,
2762 1650 2891 1720 quid
2923 1654 3275 1716 existimabit,
3304 1654 3470 1709 rusti-

1903 1750 1998 1788 cos
2020 1735 2214 1791 videns
2258 1736 2529 1801 homines,
2569 1740 2793 1809 ignobili
2824 1742 3033 1807 habitu,
3066 1743 3332 1799 bubulcos
3363 1745 3470 1798 sci-

1901 1826 2025 1881 licet
2072 1838 2453 1899 pastoresque,
2494 1831 2547 1884 iu
2590 1834 2769 1887 medio
2793 1836 2961 1889 totius
2995 1836 3171 1905 gentis
3200 1836 3470 1905 prodeun-

211 1913 503 1984 ποιμένας,
531 1916 610 1977 εἰς
634 1916 795 1985 μέσον
827 1918 1024 1981 παντὸς
1043 1919 1135 1971 τοῦ
1159 1920 1341 1985 ἔθνους
1370 1924 1680 1992 παριόντας,
1705 1924 1789 1978 καί

1902 1928 2005 1985 tes,
2052 1922 2212 1990 quasi
2267 1921 2359 1977 Dei
2407 1923 2628 1979 nomine
2658 1926 2907 1994 quaedam
2957 1929 3234 1992 docentes,
3288 1930 3468 1983 excla‘

209 2005 288 2069 ὡς
308 2008 375 2059 ἐκ
401 2006 690 2077 προσώπου
721 2007 814 2061 τοῦ
848 2008 980 2062 Θεοῦ
1016 2028 1136 2064 τινα
1170 2012 1442 2080 λέγοντας.
1486 2015 1575 2067 καὶ
1608 2035 1625 2065 ‹
1661 2017 1789 2069 Τάδε

1900 2020 2239 2083 mantesque,
2272 2032 2288 2063 ι
2333 2014 2453 2069 llaec
2487 2016 2619 2071 dicit
2662 2017 2942 2081 Dominus,
2975 2039 2993 2071 ι
3026 2035 3209 2075 coram
3249 2021 3469 2089 regibus

207 2095 360 2165 λέγει
394 2096 617 2167 Κύριος,
651 2117 668 2148 ι
706 2098 1149 2169 ἀναϐοωμένους,
1200 2105 1291 2156 ἐπί
1326 2122 1381 2157 τε
1416 2105 1676 2175 βασιλέων
1707 2110 1789 2161 καὶ

1900 2119 1963 2158 ac
2001 2105 2149 2158 omni
2181 2106 2380 2175 pupulo
2415 2108 2674 2165 audacter
2696 2125 2760 2164 ac
2788 2112 2957 2166 libere
2985 2113 3148 2167 verba
3183 2112 3463 2176 facientes,

207 2187 420 2250 παντὸς
462 2188 556 2240 τοῦ
586 2188 713 2241 λαοῦ
750 2190 885 2260 μετὰ
921 2195 1343 2263 παραστήματος
1374 2197 1789 2270 ἀκαταπλήκτου

1899 2197 2221 2265 sapientiam
2284 2198 2518 2253 humana
2574 2202 2837 2271 majorem
2898 2204 3285 2267 ostendentes,
3346 2220 3466 2273 quae

206 2278 682 2349 δημηγοροῦντας,
715 2282 807 2333 καὶ
838 2281 1029 2349 σοφίαν
1060 2283 1199 2355 ὑπὲρ
1229 2283 1508 2359 ἄνθρωπον
1538 2290 1798 2344 ἐνδεικνυ-

209 2377 429 2447 μένους,
461 2378 561 2448 τὴν
590 2381 681 2431 καὶ
710 2380 877 2433 εἰσέτι
900 2380 993 2433 νῦν
1015 2384 1072 2434 ἐν
1091 2384 1210 2444 ταῖς
1239 2383 1591 2453 προφητείαις
1618 2383 1795 2436 αὐτῶν

206 2469 542 2539 φερομένην,
583 2472 749 2543 μυρία
780 2489 839 2525 τε
873 2473 1009 2526 ἄλλα
1033 2473 1100 2526 δι’
1127 2474 1463 2543 αἰνιγμάτων
1496 2474 1590 2527 καὶ
1621 2491 1796 2545 παρα-

206 2559 384 2613 ϐολῶν
410 2562 693 2633 ἀπόρρητα
718 2564 1157 2633 φιλοσοφοῦντας,
1183 2564 1379 2636 ἠθικήν
1404 2582 1461 2618 τε
1488 2566 1580 2618 καὶ
1600 2566 1795 2637 δογμα-

204 2653 367 2724 τικὴν
390 2657 456 2725 τῇ
497 2656 763 2726 Ἐδραίων
798 2662 945 2729 φωνῇ
980 2659 1328 2713 διδασκαλίαν
1360 2658 1438 2729 τῷ
1467 2659 1581 2730 λαῷ
1614 2677 1791 2730 παρα-

202 2745 483 2809 διδόντας,
532 2748 625 2799 καὶ
662 2748 799 2819 πρὸς
839 2751 931 2802 ἐπὶ⁹
971 2750 1181 2814 τούτοις
1212 2748 1301 2803 τὸν
1334 2749 1447 2819 βίον
1476 2754 1589 2815 τοῖς
1614 2751 1793 2821 λόγοις

203 2835 388 2912 αὐτῶν
408 2838 741 2909 κατάλληλον
764 2840 1219 2912 ἐνδεικνυμένους,
1239 2843 1455 2905 καὶτοῖς
1478 2844 1643 2895 πᾶσιν
1666 2846 1793 2897 ἀκο-

204 2908 488 2993 uisam;
516 2908 871 3001 ὁμιλοῦντας,
902 2935 979 2996 εἰς
1010 2908 1302 3005 πρόσωπόν
1334 2952 1391 2987 τε
1426 2937 1549 2999 τοὺς
1576 2936 1791 2999 ἀσεϐεῖς

204 3018 601 3089 διελέγχοντας,
627 3022 701 3086 ὡς
733 3024 826 3076 καὶ
855 3023 1297 3078 ἐπιϐουλεύεσθαι
1332 3024 1466 3098 πρὸς
1492 3023 1668 3081 αὐτῶν
1696 3029 1791 3098 μέ-

205 3129 299 3181 χρι
328 3111 576 3177 θάνατον,
611 3114 879 3185 ῥωμαλέῳ
912 3116 1006 3170 καὶ
1037 3117 1269 3187 γεννικῷ
1298 3120 1684 3190 παραστήματι
1710 3120 1788 3190 τῷ

204 3201 399 3273 ἀληθεῖ
412 3202 553 3275 λόγῳ
572 3221 808 3276 παριστα
817 3205 1009 3277 μένους
1028 3224 1041 3237 ο
1060 3206 1236 3261 ταῦτὰ
1247 3225 1330 3271 τις
1346 3210 1425 3272 εἰς
1443 3209 1566 3262 νοῦν
1587 3209 1789 3277 εὐγνω-

209 3294 387 3364 μόνως
420 3296 665 3367 θέμενος,
714 3298 831 3361 πῶς
863 3299 961 3351 οὐκ
989 3298 1055 3352 ἂν
1086 3301 1436 3372 ὁμολογήσειε
1470 3302 1609 3356 κατά
1641 3300 1789 3355 θείαν

204 3385 283 3449 ὡς
310 3386 524 3455 ἀληθῶς
552 3388 835 3442 ἐπίπνοιαν
866 3390 1038 3445 ταῦτα
1062 3392 1238 3445 πάντα
1260 3410 1325 3444 πε
1336 3392 1387 3462 pl.
1415 3393 1609 3454 αὐτοὺς
1631 3408 1790 3460 γεγο-

204 3474 355 3528 νέναι
377 3492 390 3539 ;
414 3477 504 3529 Διὸ
524 3477 617 3529 καὶ
633 3479 753 3531 τότε
775 3478 1148 3551 θαυμάζεσθαι
1169 3482 1366 3543 αὐτοὺς
1387 3480 1531 3543 εἰκὸς
1548 3476 1616 3549 ἦν
1640 3479 1791 3551 παρά

202 3570 322 3631 τοῖς
370 3567 603 3642 ἔμφροσι
623 3610 637 3634 ,
688 3570 782 3625 καὶ
823 3574 950 3636 τοὺς
979 3571 1170 3640 λόγους
1201 3573 1379 3625 αὐτῶν
1410 3572 1789 3643 ἀναγράπτους

204 3660 361 3731 παρά
400 3664 511 3723 τοῖς
557 3663 1061 3734 ίερογραμματεῦσι
1097 3663 1456 3733 φυλάττεσθαι
1482 3708 1499 3727 ,
1528 3663 1696 3716 εἰσέτι
1730 3681 1788 3717 τε

204 3746 305 3801 νῦν
339 3750 469 3820 παρ’
501 3750 607 3821 ὅλῳ
635 3752 712 3822 τῷ
741 3752 883 3805 ἔθνει
920 3755 1205 3825 προφήτας
1231 3753 1508 3821 γεγονέναι
1530 3753 1622 3807 τοῦ
1653 3753 1787 3807 Θεοῦ

203 3840 577 3895 πιστεύεσθαι·
598 3842 627 3895 ὃ
653 3843 749 3896 xal.
769 3846 1137 3915 ἐναργέστατα
1157 3846 1386 3915 μάλιστα
1408 3844 1727 3915 παρίστησιν
1754 3850 1787 3915 ἡ

204 3930 450 4002 ἡμετέρα
477 3933 603 4004 περὶ
632 3931 724 3985 τοῦ
752 3930 986 4005 Χριστοῦ
1002 3934 1281 4005 διάληψις,
1310 3934 1431 3987 καθ’
1458 3934 1523 4004 ἦν
1578 3932 1791 3986 ἀποδεί-

204 4040 413 4094 κνυμεν
448 4027 628 4080 πᾶσαν
659 4025 757 4097 τὴν
795 4029 914 4080 κατ’
948 4027 1108 4083 αὐτὸν
1145 4028 1454 4098 οἰκονομίαν
1499 4025 1792 4095 γεγενημέ-

204 4130 335 4185 νην,
371 4116 440 4170 τά
462 4132 520 4168 τε
555 4118 683 4189 περί
708 4119 807 4189 τῆς
833 4118 1181 4183 διδασκαλίας
1213 4118 1377 4173 αὑτοῦ
1402 4160 1415 4183 ,
1466 4118 1555 4171 καὶ
1586 4118 1684 4187 τῆς
1722 4116 1781 4181 ἐξ

205 4207 464 4262 ἁπάντων
483 4208 650 4262 ἐθνῶν
673 4212 969 4284 γενομένης
991 4214 1056 4266 δι’
1083 4211 1248 4265 αὐτοῦ
1274 4208 1782 4283 κλήσεως,ἀκρι6ὦς

205 4299 583 4369 προεγνῶσθαί
616 4318 675 4354 τε
704 4304 797 4355 καὶ
827 4303 931 4375 πρὸ
963 4304 1169 4375 μυρίων
1199 4306 1337 4357 ὅσων
1377 4302 1512 4355 ἐτῶν
1551 4304 1663 4363 τοῖς
1696 4300 1785 4353 θε-

205 4392 450 4455 σπεσίοις
483 4393 711 4459 ἐκείνοις
734 4396 959 4467 ἀνδράσι
985 4397 1337 4468 προειρῆσθαι
1357 4413 1369 4425 ’
1402 4389 1476 4449 ὧν
1508 4393 1605 4458 τὰς
1634 4392 1783 4464 ἰεράς

1897 2303 2045 2342 nunc
2092 2289 2269 2344 adhuc
2308 2291 2364 2346 in
2404 2308 2595 2347 eorum
2640 2296 2941 2365 praphetiis
2976 2299 3136 2366 viget,
3185 2298 3463 2352 innumera

1897 2395 1993 2451 per
2028 2382 2317 2450 parabolas
2348 2390 2510 2454 atque
2543 2387 2830 2456 amigmata
2862 2390 3118 2459 mysteria
3148 2390 3459 2451 edocentes,

1896 2472 2159 2525 moralem
2190 2480 2244 2527 et
2281 2473 2648 2543 dogmaticam
2695 2475 3044 2532 Hebraeorum
3088 2479 3269 2548 lingua
3298 2479 3462 2535 disci-

1896 2561 2099 2630 plinam
2153 2564 2353 2631 populo
2407 2565 2715 2631 tradentes,
2774 2568 2938 2621 vitam
2997 2584 3121 2623 cum
3178 2571 3463 2639 prteceptis

1895 2653 2012 2707 suis
2035 2668 2331 2724 congruam
2360 2653 2638 2723 degentes,
2673 2672 2858 2711 coram
2882 2659 3135 2714 omnibus
3177 2660 3296 2715 sine
3327 2661 3462 2715 adu;

1897 2746 2095 2799 latione
2116 2759 2489 2810 conversatos,
2513 2748 2709 2818 impios
2726 2751 2903 2819 palam
2930 2751 3307 2821 objurgantes,
3338 2753 3459 2822 ipso

1892 2835 2086 2890 mortis
2134 2836 2376 2905 periculo
2421 2846 2752 2905 contempto,
2801 2855 2866 2893 ac
2912 2840 3146 2910 denique
3180 2842 3461 2898 veritatem

1893 2926 2035 2979 virili
2086 2942 2460 2997 generosaque
2509 2926 2862 2984 defendentes
2919 2932 3166 2986 audacia.
3221 2931 3353 2999 Quae
3414 2935 3460 2989 si

1892 3018 2015 3088 quis
2039 3019 2219 3073 animo
2248 3020 2535 3089 diligenter
2560 3029 2793 3090 reputet,
2820 3038 2930 3077 non
2962 3025 3161 3092 poterit
3189 3040 3297 3079 non
3326 3039 3461 3081 con-

1893 3110 2031 3166 fateri
2077 3128 2144 3166 ex
2197 3111 2283 3167 his
2322 3112 2577 3167 omnibus
2626 3114 2763 3168 tales
2810 3104 2956 3170 viros
3003 3116 3183 3171 divina
3222 3118 3456 3187 quadam

1892 3202 2251 3273 inspiratione
2293 3220 2412 3259 esse
2453 3203 2681 3261 alllatos.
2738 3205 2967 3277 Ideoque
3015 3218 3144 3263 tunc
3182 3224 3277 3263 eos
3318 3209 3459 3264 inter

1892 3294 2327 3363 sapientissimos
2385 3310 2597 3363 aequum
2640 3307 2757 3349 erat
2812 3299 3109 3359 admirari,
3162 3313 3458 3369 eorumque

1887 3387 2051 3440 verba
2099 3387 2270 3440 sacris
2317 3400 2645 3441 conservare
2688 3385 3007 3456 Scripturis,
3070 3404 3165 3445 eos
3223 3389 3457 3461 denique“

1887 3492 2063 3547 usque
2091 3492 2237 3531 nunc
2278 3479 2420 3547 apud
2451 3494 2642 3535 omnes
2680 3490 2867 3549 gentes
2912 3483 3058 3535 velut
3098 3483 3190 3536 Dei
3224 3484 3457 3554 prophe-

1887 3575 1973 3623 tas
2002 3568 2171 3623 credi.
2209 3569 2364 3635 Quod
2393 3578 2445 3624 et
2476 3570 2923 3627 maiiifestiSSime
2955 3574 3239 3629 conﬁrmat
3267 3586 3453 3646 nostra

1887 3661 1954 3715 de
1975 3660 2199 3715 Christo
2231 3661 2555 3730 disputatio.
2589 3678 2696 3732 qua
2740 3664 3237 3722 demonstravimus
3268 3670 3452 3723 omnia

1887 3764 2007 3821 qua:
2039 3750 2361 3806 acciderunt
2406 3751 2479 3815 ei,
2510 3766 2722 3807 omnem
2764 3753 2883 3821 ejus
2928 3756 3295 3826 disciplinam,
3328 3774 3443 3829 geu-

1887 3846 2130 3912 tiumque
2171 3844 2241 3897 ab
2285 3857 2350 3897 eo
2385 3843 2582 3897 factam
2625 3846 2989 3913 vocationem,
3018 3862 3277 3916 expresse
3315 3863 3455 3917 pne-

1888 3934 2157 3994 nuntiata,
2206 3932 2502 4001 multisque
2537 3941 2664 3988 ante
2713 3935 2872 3989 annis
2914 3936 2981 3989 ab
3026 3936 3146 3992 istis
3193 3937 3451 3994 divinitus

1889 4022 2081 4078 alﬂatis
2108 4023 2240 4077 vir-is
2270 4022 2531 4092 praedicta
2575 4022 2765 4079 fuisse.
2794 4023 3036 4090 Quorum
3068 4043 3255 4083 sacros
3287 4029 3453 4091 libros

1878 4114 2049 4170 Judaei
2098 4115 2305 4184 majore
2353 4114 2500 4185 digni
2554 4116 2658 4172 fide
2706 4132 2869 4185 quam
2921 4134 3021 4174 nos
3063 4129 3269 4183 essent,
3302 4124 3455 4189 justo

1880 4223 1944 4263 ac
1996 4207 2293 4262 venerabili
2339 4206 2546 4261 honore
2588 4218 2997 4278 prosequentes.
3058 4211 3153 4265 His
3200 4213 3367 4282 igitur
3422 4230 3453 4265 a

1880 4298 2041 4353 nobis
2092 4313 2199 4351 non
2240 4297 2357 4351 sine
2404 4297 2638 4353 utilitate
2670 4301 2954 4369 expositis,
3006 4301 3072 4355 ad
3114 4304 3453 4372 prapositum

1879 4387 2260 4443 revertendum
2285 4394 2389 4439 est.

204 4484 422 4555 βισλους
463 4486 703 4541 Ἰουδαῖοι
731 4487 930 4559 μᾶλλον
956 4489 1021 4544 ἂν
1046 4488 1201 4559 ήμῶν
1257 4484 1364 4541 εῐεν
1423 4486 1848 4555 ἀξιοπιστότεροι
1890 4479 2027 4552 μετὰ
2070 4478 2248 4547 πάσης
2308 4475 2603 4548 σεθασμιου
2650 4480 2812 4549 τιμῆς
2861 4480 3207 4551 περιέποντές
3254 4500 3311 4535 τε
3361 4484 3456 4541 καὶ

204 4583 588 4655 προφέροντες.
642 4584 857 4638 Τούτων
884 4586 1015 4656 ἡμῖν
1045 4586 1327 4657 χρησίμως
1354 4574 1875 4655 προδιαληφθέντων,
1896 4577 1986 4629 ἐπὶ
2011 4575 2109 4644 τὴν
2139 4571 2393 4626 ὑπόθεσιν
2417 4572 2679 4626 ὁδευτέσν.

733 4709 1029 4763 ΚΕΦΑΛΑΙ
1037 4709 1128 4761 ΟΝ
1166 4708 1243 4760 Α’.

729 4784 822 4853 Ἕκ
854 4801 959 4853 τοῦ
999 4800 1261 4855 Ἡσαΐου.
1722 4872 1725 4873 ν

286 4904 307 4945 ι
348 4890 407 4943 'U
441 4891 595 4959 λόγος
633 4892 661 4944 ὁ
694 4892 982 4962 γενόμενος
1004 4891 1139 4963 πρὸς
1177 4888 1400 4946 Ἡσαΐαν
1444 4888 1557 4942 υἰδν
1595 4886 1774 4959 Ἀμὼς

204 4983 343 5055 περὶ·
369 4984 467 5053 τῆς
509 4983 764 5048 Ἰουδαίας
797 4985 888 5038 καὶ⁹
915 4985 1040 5055 περὶ
1073 4982 1441 5055 Ἰερουσαλήμ.
1467 4983 1587 5035 ’Ότι
1620 4981 1773 5033 ἔσται

204 5079 263 5131 ἐν
286 5078 407 5140 ταῖς
452 5076 706 5146 ἐσχάταις
736 5078 968 5148 ἡμέραις
999 5079 1237 5147 ἐμφανὲς
1277 5076 1337 5130 τὸ
1367 5076 1491 5146 ὅρος
1528 5076 1734 5147 Κυρίου
1756 5113 1769 5139 ,

205 5168 298 5223 καὶ
322 5169 353 5221 ὁ
382 5162 528 5230 οἰκος
547 5166 643 5219 τοῦ
667 5167 801 5220 Θεοῦ
832 5171 916 5221 ἐπ’
948 5171 1132 5240 ἄκρων
1164 5169 1269 5222 τῶν
1294 5165 1485 5240 ὀρέων,
1507 5170 1601 5221 καὶ
1622 5168 1768 5237 ὑψω-

206 5256 427 5329 θήσεται
456 5258 710 5328 ὑπεράνω
742 5257 848 5309 τῶν
883 5258 1106 5328 βουνῶν,
1133 5258 1225 5310 καὶ
1252 5257 1468 5326 ἥξουσιν
1506 5258 1593 5308 ἐπ’
1626 5254 1773 5323 αὐτῷ

208 5351 382 5406 πάντα
413 5350 483 5403 τά
512 5349 659 5420 ἔθνη.
708 5351 816 5403 Καὶ
861 5349 1212 5422 πορεύσονται
1267 5349 1394 5417 ἔθνη
1442 5347 1631 5410 πολλὰ,
1684 5349 1773 5401 καὶ

207 5443 411 5515 ἐροῦσι·
446 5442 631 5506 Δεῦτε,
652 5444 744 5495 καὶ
769 5442 1055 5513 ἀναδῶμεν
1088 5445 1167 5506 εἰς
1188 5443 1247 5495 τὸ
1274 5441 1396 5512 ὄρος
1424 5441 1649 5510 Κυρίου,
1680 5440 1772 5492 καὶ

210 5537 281 5599 εἰς
307 5535 399 5587 τὸν
441 5529 587 5587 οἶκον
616 5532 709 5587 τοῦ
756 5532 889 5585 Θεοῦ
929 5533 1139 5597 Ἰακὼ6,
1187 5533 1277 5586 καὶ
1310 5531 1594 5601 ἀναγγελεῖ
1642 5532 1772 5601 ἡμῖν

211 5626 299 5696 τὴν
334 5626 449 5680 ὁδὸν
476 5626 660 5690 αὐτοῦ,
704 5627 796 5679 καὶ
840 5624 1211 5695 πορευσόμεθα
1257 5626 1315 5677 ἐν
1357 5626 1489 5696 αὐτῇ
1516 5642 1529 5654 ·
1566 5625 1629 5676 ἐκ
1662 5624 1768 5696 γάρ

212 5715 342 5769 Σιὼν
370 5716 707 5782 ἐξελεύσεται
741 5719 923 5786 νόμος,
955 5717 1047 5768 καὶ
1068 5717 1222 5783 λόγος
1253 5714 1456 5786 Κυρίου
1486 5713 1545 5777 ἐξ
1568 5714 1769 5784 Ἰερου-

213 5810 388 5881 σαλήμ
407 5827 420 5839 υ
452 5810 546 5862 καὶ
575 5812 749 5879 κρινεῖ
777 5808 881 5861 ἀνὰ
915 5808 1075 5877 μέσον
1096 5808 1201 5860 τῶν
1229 5807 1417 5871 ἐθνῶν,
1442 5809 1535 5862 καὶ
1558 5806 1764 5876 ἐλέγξει

213 5902 330 5955 ubi:
370 5900 564 5954 πολύν·
617 5901 710 5954 καὶ
759 5899 1087 5969 συγκόψουσι
1134 5899 1231 5963 τὰς
1272 5901 1544 5971 μαχαίρας
1587 5900 1763 5953 αὐτῶν

508 5994 697 6051 PATH.
732 5990 848 6050 Gn.
891 5988 1093 6049 XXII.

1870 5731 1997 5792 guet
2029 5722 2258 5791 papulos
2293 5722 2494 5800 multos
2541 5741 2553 5777 :

2508 4691 2736 4747 CAPUT
2776 4694 2815 4748 1.

2524 4785 2607 4839 Ex
2637 4786 2785 4841 Isaia

1956 4902 1974 4935 ι
2013 4880 2251 4938 Verbum
2281 4881 2425 4951 quod
2473 4881 2607 4935 vidit
2660 4882 2853 4948 Isaias,
2890 4881 3034 4939 ﬁlius
3067 4873 3253 4946 Amos,
3286 4898 3452 4954 super

1878 4976 2015 5031 Juda
2061 4982 2113 5029 et
2154 4973 2478 5029 Jerusalem.
2514 4975 2577 5028 Et
2621 4974 2725 5028 erit
2782 4976 2838 5028 in
2890 4974 3207 5030 novissimis
3257 4974 3449 5029 diebus

1882 5079 2222 5145 praeparatus
2240 5084 2396 5123 mons
2408 5068 2602 5123 domus
2618 5068 2833 5123 Domini
2860 5068 2912 5123 in
2926 5069 3127 5125 vertice
3156 5067 3444 5128 montium.

1878 5173 1934 5218 et
1960 5163 2266 5220 elevabitur
2297 5178 2461 5232 super
2487 5162 2678 5224 colles,
2716 5170 2769 5215 et
2810 5160 2978 5215 fluent
3004 5161 3069 5214 ad
3103 5176 3225 5215 eum
3255 5174 3445 5215 omnes

1880 5264 2087 5329 gentes.
2125 5254 2189 5309 Et
2221 5256 2379 5310 ibunt
2407 5255 2593 5324 populi
2618 5255 2795 5315 multi,
2824 5259 2875 5307 et
2898 5252 3080 5308 dicent
3105 5272 3118 5305 :
3154 5251 3365 5311 Venite,
3395 5262 3445 5305 ct

1878 5349 2242 5405 ascendamus
2268 5348 2333 5401 ad
2378 5355 2617 5401 montem
2647 5346 2881 5411 Domini,
2916 5354 2968 5401 et
2999 5346 3064 5399 ad
3102 5351 3323 5399 domum
3355 5345 3443 5398 Dei

1874 5441 2065 5506 Iacob,
2088 5449 2141 5496 et
2171 5440 2392 5495 docebit
2419 5456 2519 5495 nos
2546 5440 2662 5495 vias
2692 5454 2844 5502 suas,
2874 5446 2928 5494 et
2962 5438 3363 5494 ambulabimus
3390 5438 3445 5491 in

1875 5534 2087 5590 semitis
2138 5533 2279 5602 ejus.
2325 5534 2464 5599 Quia
2490 5532 2556 5587 de
2585 5532 2714 5587 Sion
2756 5533 2923 5588 exibit
2958 5534 3065 5596 lex,
3114 5542 3167 5586 et
3218 5532 3445 5586 verbum

1875 5625 2090 5680 Domini
2132 5625 2199 5679 de
2238 5622 2563 5680 Jerusalem.
2599 5625 2663 5679 Et
2718 5626 2989 5695 jndicabit
3020 5631 3230 5697 gentes,
3256 5633 3311 5680 et
3340 5640 3438 5680 ar-

2604 5733 2655 5777 et
2704 5720 3021 5775 conﬂabunt
3055 5719 3266 5792 gladios
3310 5732 3443 5774 suus

1871 5813 1925 5865 iu
1956 5825 2224 5875 vomeres,
2258 5820 2312 5866 et
2344 5812 2567 5866 lanceas
2591 5826 2720 5866 suas
2754 5812 2807 5864 in
2840 5811 3005 5867 falces
3036 5830 3048 5865 :
3090 5826 3198 5865 non
3242 5809 3436 5866 levabit

1869 5920 2002 5975 gens
2046 5912 2238 5960 contra
2286 5913 2503 5977 gentem
2555 5905 2819 5976 gladium,
2869 5920 2969 5961 nec
3037 5903 3433 5959 exercebuntur

3068 5994 3151 6053 38
