3974 6494
462 402 600 458 1105

1117 402 1383 458 EUSEBll
1419 403 1900 461 CASSABIENSIS
1936 405 2086 462 OPP.
2130 405 2312 462 PARS
2351 407 2521 464 lll.-—-
2556 405 2968 462 EXEGETICA.

3547 407 3697 464 “96

460 525 606 578 ultra
630 524 697 578 ad
737 521 1045 592 praelium’.
1086 539 1105 572 ι
1154 521 1455 578 Ostendant
1482 525 1661 589 nobis,
1703 525 1793 596 qui
1824 526 1892 582 de
1921 527 2010 581 cir-

2128 529 2206 591 εἰς
2236 527 2462 599 ἄροτρα,
2496 527 2590 580 καὶ
2623 525 2721 589 τὰς
2748 524 2968 589 ζιϐύνας
2987 523 3168 579 αὐτῶν
3191 524 3271 588 εἰς
3294 524 3534 596 δρέπανα
3553 541 3567 552 ·
3601 523 3706 577 καὶ

459 615 796 671 cumcisione
825 612 1214 686 gloriﬁcantur,
1245 630 1492 685 quaenam
1526 625 1580 672 et
1613 619 1754 674 unde
1805 620 1877 676 sit
1935 621 2018 675 lex

460 709 574 775 illa,
595 717 650 764 et
680 710 878 780 quibus
906 709 1082 764 danda
1107 710 1199 775 sit,
1231 725 1353 780 qua:
1383 709 1450 764 de
1484 708 1618 765 Sion
1642 711 1854 766 exitura
1886 728 2026 782 prae-

456 801 680 856 dicitur.
723 820 741 853 ι
779 799 854 856 De
906 800 1038 855 Sion
1068 801 1236 866 enim,
1275 801 1372 866 ait,
1424 802 1594 857 exibit
1640 802 1748 866 les,
1791 823 1809 855 ι
1845 805 2024 860 diver-

457 906 572 946 sam
606 891 722 947 fore
755 893 823 947 ab
875 892 966 947 illa
1012 893 1348 964 signiﬁcans,
1389 909 1509 963 qua:
1553 911 1649 965 per
1696 895 1934 969 Moyscm
1968 899 2022 953 in

455 985 675 1040 deserto
729 985 855 1042 data
909 994 1018 1041 est.
1066 985 1338 1052 Quidnam
1382 999 1437 1042 et
1487 987 1702 1044 Domini
1757 989 2019 1055 Verbum,

455 1075 622 1145 quod,
665 1075 822 1146 juxta
871 1078 1237 1148 prophetiam,
1292 1094 1402 1133 non
1451 1079 1566 1146 jam
1615 1081 1673 1135 in
1719 1080 2022 1138 Jerusalem

455 1170 818 1236 permanebit,
856 1169 952 1225 sed
975 1171 1043 1225 de
1077 1168 1208 1225 Sion
1239 1186 1589 1242 egressurum
1616 1181 1720 1239 est,
1754 1182 1918 1244 atque
1954 1175 2020 1228 ad

455 1268 640 1331 gentes
661 1273 1154 1334 transgressurum,
1189 1272 1248 1318 ut
1271 1263 1479 1331 judicet
1520 1264 1707 1337 gentes
1734 1274 1788 1322 et
1829 1278 2022 1338 arguat

456 1352 686 1422 populos
742 1355 966 1415 multos.
1021 1356 1240 1425 quando
1297 1371 1509 1411 summa
1574 1373 1708 1429 pace
1762 1361 2016 1429 gentibus

455 1443 633 1500 Verbo
679 1445 892 1500 Domini
928 1445 1240 1514 iudicandis
1275 1448 1443 1514 facta,
1476 1452 1810 1521 mutatisque
1853 1450 1922 1505 ab
1951 1451 2020 1507 iis

453 1543 546 1610 qiii
581 1541 634 1594 in
660 1545 793 1610 parte
824 1540 1110 1597 constituti
1141 1544 1584 1598 eruntbellorum
1614 1545 2016 1606 instrumentis,

455 1642 665 1690 mentes
689 1633 756 1688 ad
792 1635 1026 1705 prepria:
1051 1633 1245 1688 anima:
1275 1634 1547 1689 culturam
1585 1634 1833 1689 verterit.
1876 1634 2016 1701 Quid

451 1727 518 1780 ad
551 1726 663 1782 haec
696 1725 787 1781 isti
815 1725 1029 1795 possint
1069 1725 1401 1794 respondere
1443 1725 1652 1780 nescio.
1691 1723 1859 1779 Nobis
1887 1740 2018 1780 vero

452 1825 599 1872 recte
629 1816 684 1871 in
702 1814 887 1872 Jesum
918 1815 1196 1871 Christum
1225 1816 1314 1872 Dei
1345 1817 1719 1881 credentibus,
1753 1815 1912 1872 facile
1933 1823 2016 1871 est

449 1923 666 1962 omnem
696 1907 990 1979 explanare
1030 1908 1395 1978 prophetiam,
1441 1915 1496 1962 et
1524 1923 1650 1964 vere
1677 1908 1916 1963 divinam
1951 1923 2015 1962 ac

2123 621 2184 673 οὑ
2209 620 2436 690 λήψεται
2474 619 2623 681 ἔθνος
2653 619 2740 670 ἐπ’
2775 617 2926 680 έθνος
2953 617 3251 689 μάχαιραν,
3278 617 3370 669 καὶ
3392 617 3453 670 οὐ
3485 617 3559 687 μὴ
3591 616 3704 686 μᾶ-

2126 713 2289 766 θωσιν
2316 710 2396 764 ἔτι
2429 711 2702 780 πολεμεῖν.
2730 728 2745 760 ι
2774 707 3150 762 Δεικνύτωσαν
3180 710 3311 778 ἡμῖν
3338 707 3387 760 οἰ
3418 707 3513 778 τὴν
3534 722 3702 776 περι-

2123 802 2294 875 τομὴν
2319 801 2629 871 αὐχοῦντες,
2654 803 2739 864 τίς
2777 803 2806 854 ὁ
2835 801 2998 870 νόμος
3025 800 3120 854 καὶ
3155 798 3415 862 ποταπὸς,
3448 798 3542 852 καὶ
3581 797 3699 850 τίσι

2122 893 2478 965 δοθησὸμνος
2497 895 2525 944 ό
2550 896 2613 946 ἐκ
2634 879 2771 946 Σιὼν
2793 891 3168 957 ἐξελεύσεσθαι
3188 891 3662 962 προφητευόμενος
3678 906 3696 918 ο

2128 1005 2146 1038 ι
2197 987 2290 1039 Ἐκ
2319 986 2425 1057 γὰρ
2461 984 2618 1048 Σιὼν,
2659 986 2844 1057 φησὶν,
2883 985 3224 1050 ἐξελεύσεται
3250 985 3432 1054 νόμος,
3457 1004 3476 1036 ι
3503 985 3702 1053 ἔτερος

2121 1076 2194 1129 ῶν
2206 1077 2359 1148 δῆλον
2385 1079 2466 1130 ὃτι
2495 1077 2587 1130 τοῦ
2616 1080 2674 1130 ἐν
2698 1081 2762 1148 τῇ
2792 1079 2984 1149 ἐρήμῳ
3004 1077 3093 1130 διὰ
3115 1077 3390 1139 Μωῦσέως
3419 1075 3583 1146 νόμου
3603 1074 3704 1127 δε·-

2120 1170 2373 1242 δομένουο
2409 1171 2494 1234 τίς
2519 1171 2575 1224 δὲ
2600 1172 2695 1224 καὶ
2714 1169 2850 1223 ὁτοῦ
2890 1172 3096 1239 Κυρίου
3128 1169 3305 1237 λόγος,
3336 1167 3531 1239 μηκέτι
3565 1166 3700 1236 μὲν,

2121 1262 2262 1316 κατά
2287 1262 2384 1333 τὴν
2414 1261 2768 1334 προφητείαν,
2795 1261 2972 1332 μένων
3002 1261 3061 1313 ἐν
3086 1258 3457 1331 Ἰερουσαλὴμ,
3487 1257 3600 1310 ἀλλ’
3625 1260 3704 1312 ἐκ

2121 1353 2258 1406 Σιὼν
2284 1354 2474 1424 αὐτῆς,
2525 1355 2620 1407 καὶ
2661 1352 3053 1424 μεθιστάμενος
3092 1352 3183 1405 ἐπὶ
3219 1352 3393 1404 πάντα
3424 1349 3490 1403 τά
3534 1348 3700 1420 ἔθνη,

2124 1444 2333 1516 μέλλων
2371 1462 2431 1498 τε
2466 1447 2671 1517 κρίνειν
2703 1445 2807 1499 ἁνὰ
2839 1445 3001 1516 μέσον
3029 1444 3254 1506 τούτων,
3277 1444 3370 1496 καὶ
3391 1432 3512 1496 λαὸν
3536 1441 3703 1510 ἐλέγ-

2120 1537 2328 1609 χει(ξει)
2365 1538 2560 1601 πολὺν,
2600 1539 2687 1591 ὅτε
2737 1537 2831 1592 καί
2875 1538 3098 1608 εἰρήνης
3135 1537 3437 1608 βαθυτάτης
3466 1537 3700 1603 ἐγγειω,

2123 1629 2290 1702 μένης
2312 1632 2424 1692 τοῖς
2452 1629 2586 1701 πρὸς
2601 1629 2694 1683 τοῦ
2725 1630 2899 1698 Λόγου
2926 1629 3021 1683 τοῦ
3047 1629 3252 1701 Κυρίου
3276 1626 3702 1698 κριθησομένοις

2118 1719 2317 1780 ἔθνεσι,
2367 1720 2759 1791 μεταϐαλόντες
2791 1722 2838 1774 οἰ
2889 1724 2987 1792 τῆς
3026 1721 3251 1792 εἰρήνης
3285 1718 3571 1789 ἠξιωμένοι
3616 1717 3701 1770 τὰ

2117 1812 2386 1884 πρότερον
2432 1811 2611 1866 αὐτῶν
2652 1812 2926 1884 πολεμικὰ
2954 1811 3122 1883 σκεύη
3146 1850 3162 1876 ,
3207 1814 3276 1882 τῇ
3305 1810 3510 1863 ἑαυτῶν
3543 1807 3702 1862 κατὰ

2116 1903 2215 1975 τὴν
2249 1903 2428 1974 ψυχὴν
2459 1905 2702 1976 γεωργίᾳ
2746 1905 3068 1977 προσέξουσι
3111 1903 3204 1958 τὸν
3250 1903 3394 1958 νοῦν.
3433 1903 3702 1966 Ἐκέίνοις

449 2007 677 2071 prorsus
705 2001 1086 2056 admirandam
1116 2001 1512 2065 demonstrare,
1540 2015 1666 2056 cum
1692 2008 1747 2056 et
1775 2017 1864 2056 res
1879 2015 2010 2071 prte-

2120 1994 2219 2065 μέν
2250 1991 2342 2049 οῦν
2371 1995 2472 2048 οὐκ
2502 1993 2597 2049 οἷδ’
2621 1997 2674 2049 εἴ
2699 1995 2780 2060 τίς
2830 1998 2946 2052 ἐστι
2985 1997 3122 2068 πρὸς
3144 1995 3318 2050 ταῦτα
3345 1997 3495 2064 λόγος
3515 2013 3531 2028 ·
3553 1998 3703 2068 ἡμῖν

449 2091 629 2148 dictas
684 2101 880 2148 eventu
939 2092 1110 2150 fuisse
1146 2093 1534 2163 eontprobatas
1597 2091 2017 2159 crediderimus,

449 2199 626 2254 neque
655 2199 685 2238 a
717 2200 850 2241 vero
895 2187 1172 2248 aberrare,
1229 2185 1640 2256 prophetiarum
1699 2194 1896 2241 eventu
1959 2186 2014 2241 in

453 2276 661 2333 incerta
691 2285 998 2348 temporum
1029 2276 1207 2348 spatia
1242 2276 1528 2348 producto.
1587 2275 1832 2334 Dicimus
1867 2279 2012 2333 enim

451 2367 752 2424 Salvatoris
778 2369 951 2424 nostri
982 2367 1114 2424 Jesu
1145 2367 1349 2423 Christi
1385 2366 1783 2432 incarnatione,
1819 2382 2016 2438 corpo-

446 2461 635 2516 raliter
678 2460 746 2516 de
774 2459 904 2515 Sion
930 2461 1154 2525 exiisse,
1183 2468 1236 2515 et
1265 2457 1393 2513 inde
1426 2458 1684 2514 omnibus
1715 2459 2012 2512 annuntia-

445 2563 556 2608 tam
593 2568 714 2609 esse
747 2552 1001 2624 gentibus
1056 2551 1191 2607 Novi
1225 2551 1560 2608 Testamenti
1621 2550 1816 2621 legem.
1867 2550 2014 2606 scili-

442 2654 531 2702 cet
553 2645 708 2716 juxta
738 2645 1115 2716 Evangelium,
1148 2660 1272 2700 cum
1299 2651 1353 2700 et
1389 2644 1567 2713 ipsum
1603 2643 1843 2698 salutare
1870 2641 2007 2698 Ver-

446 2739 598 2802 bum,
637 2735 878 2792 Verbum
924 2736 1139 2792 Domini
1180 2736 1533 2808 appellatum,
1590 2733 1659 2790 de
1707 2733 2012 2791 Jerusalem

444 2829 766 2898 procedens,
791 2829 976 2899 ibique
1003 2841 1354 2884 commorans
1385 2827 1628 2894 edocuit,
1653 2826 1814 2896 juxta
1837 2826 1970 2881 iilud
1994 2845 2008 2880 :

446 2941 464 2972 ι
515 2919 658 2976 Ecce
679 2922 1028 2992 relinquetur
1056 2921 1212 2975 vobis
1240 2920 1435 2976 domus
1464 2930 1646 2976 vestra
1682 2920 1900 2974 deserta
1923 2919 1967 2971 ἐ
1988 2938 2006 2970 ι

439 3044 507 3052 -
536 3031 557 3065 ‹
601 3010 664 3070 in
701 3027 894 3068 omnes
946 3019 1135 3086 gentes
1186 3011 1359 3068 eﬂ‘usa
1391 3019 1475 3068 est
1504 3012 1678 3083 ipsius
1704 3011 1879 3082 gratia
1905 3011 1946 3065 ³.
1987 3031 2005 3062 ι

439 3104 573 3172 Qua
601 3114 655 3160 et
684 3105 753 3160 ab
785 3120 850 3160 eo
875 3105 1152 3175 iudicatae,
1180 3104 1526 3175 exprobratis
1561 3103 1841 3175 prioribus
1865 3103 2006 3173 ipsa-

440 3214 562 3253 rum
598 3199 860 3269 peccatis,
898 3207 952 3253 et
981 3196 1047 3252 ad
1077 3197 1480 3254 confessionem
1522 3207 1577 3252 et
1630 3195 2006 3266 pmniteutiam

439 3290 843 3362 confugientes,
870 3290 1072 3346 bellum
1106 3289 1374 3346 adversus
1404 3287 1737 3360 cupiditates
1762 3302 1894 3345 suas
1925 3285 2006 3340 fa-
2033 3319 2076 3377 ο

441 3397 565 3438 cere
593 3383 866 3448 desinent,
904 3381 958 3437 in
994 3381 1426 3454 profundissima
1466 3381 1662 3436 anima:
1695 3395 1829 3452 pace
1852 3378 2006 3436 dein-

438 3487 568 3544 ceps
596 3473 802 3538 vivent,
845 3473 1048 3528 mentis
1084 3487 1198 3526 sua
1230 3471 1502 3526 culturam
1529 3477 1585 3523 et
1626 3465 2006 3522 fruetilicatio-

438 3580 561 3621 nem
591 3564 935 3622 solummodo
960 3572 1240 3620 curantes.
1282 3562 1413 3630 Qua
1443 3562 1489 3620 si
1519 3562 1645 3633 quis
1681 3560 1748 3615 ad
1770 3560 2005 3615 litteram

437 3657 690 3728 accipere
712 3657 861 3721 velit,
896 3657 1147 3712 sincerus
1177 3672 1374 3712 sensus
1403 3653 1550 3720 erit;
1601 3653 1687 3709 vel
1717 3651 1766 3708 si
1793 3651 1861 3706 ad
1895 3651 2009 3721 spi-

436 3748 604 3802 ritqu
639 3755 873 3816 spectes,
923 3745 1095 3800 multo
1155 3746 1436 3800 intellectu
1487 3743 1721 3798 facilior.
1775 3741 1912 3796 Cum
1952 3749 2008 3795 et

439 3845 569 3892 ante
609 3835 795 3891 omnia
827 3835 1248 3907 prmsertimque
1278 3835 1383 3890 hoc
1423 3835 1480 3889 in
1516 3836 1638 3889 loco
1669 3831 2006 3890 credendum

440 3928 514 3982 sit
545 3926 753 3982 exitum
781 3925 1045 3980 habuisse
1069 3940 1193 3996 quae
1219 3925 1311 3981 hic
1340 3935 1748 3994 memorantur;
1789 3941 2005 3981 verum-

437 4027 624 4074 tamen
652 4018 721 4073 iis
747 4033 868 4088 qua:
917 4017 1067 4073 dicta
1100 4025 1251 4082 sunt,
1305 4016 1467 4072 facile
1507 4027 1738 4088 possunt
1780 4017 2003 4087 intelligi

436 4112 615 4182 prima
646 4109 810 4179 hujus
840 4109 946 4163 loci
975 4107 1168 4174 verba,
1213 4127 1232 4160 ι
1281 4109 1338 4163 in
1369 4109 1691 4165 novissimis
1722 4108 1947 4176 diebus;
1983 4127 2002 4159 ι

435 4203 638 4274 quippe
661 4209 910 4273 apertum
937 4210 1024 4256 est
1043 4199 1194 4271 quod
1219 4201 1274 4255 in
1301 4201 1632 4257 saeculorum
1664 4217 2014 4256 consumma-

433 4296 583 4351 tione
612 4291 936 4349 manifestus
955 4293 1131 4349 iactus
1159 4305 1242 4348 est
1258 4311 1277 4344 ι
1301 4308 1460 4348 mons
1481 4294 1785 4364 rspiritalis
1810 4313 1833 4346 ι
1852 4293 1967 4358 Dei,
1984 4313 2002 4344 ›

434 4387 490 4443 id
520 4394 626 4449 est,
658 4387 901 4442 divinum
961 4401 1027 4441 ac
1072 4385 1301 4443 cmleste
1333 4385 1613 4453 Verbum;
1643 4387 1880 4458 ejusque
1907 4389 2007 4443 do-

434 4495 558 4536 nius
587 4478 834 4536 Ecclesia
865 4479 921 4534 in
958 4479 1329 4550 apostolorum
1361 4487 1415 4535 et
1448 4481 1837 4551 prophetarum
1878 4481 1997 4537 fun-

433 4571 690 4627 damento
735 4569 1024 4635 aediﬁcata,
1083 4577 1138 4626 et
1199 4570 1321 4626 ideo
1376 4571 1431 4626 in
1484 4572 1693 4628 vertice
1735 4574 2002 4627 montium

2116 2103 2180 2156 γε
2217 2087 2323 2158 μὴν
2354 2086 2522 2156 ὑγιῶς
2550 2088 2629 2151 εἰς
2660 2088 2868 2159 Ἰησοῦν
2897 2089 2991 2145 τὸν
3023 2089 3259 2160 Χριστὸν
3302 2087 3395 2142 τοῦ
3422 2087 3554 2141 θεοῦ
3583 2105 3662 2141 πε
3681 2117 3704 2130 ο

2117 2179 2432 2233 πιπευκὸσι
2457 2179 2652 2251 ῥαδίως
2680 2181 2854 2234 ἔνεστι
2876 2182 3056 2236 πᾶσαν
3086 2180 3400 2252 ἐξομαλίσαι
3424 2181 3520 2252 τὴν
3552 2191 3701 2252 προ-

2116 2271 2364 2342 φητείαν,
2396 2271 2544 2326 θείαν
2585 2290 2646 2327 τε
2675 2273 2750 2338 ὼς
2790 2273 3005 2345 ἀληθῶς
3047 2275 3141 2328 καὶ
3185 2274 3479 2346 παράδοξον
3516 2273 3704 2346 αὐτὴν

2115 2362 2506 2431 ἐπιδεικνύναι,
2537 2364 2615 2436 τῷ
2644 2366 2738 2419 καὶ
2778 2365 2932 2431 τέλος
2957 2366 3248 2439 ἐσχηκέναι
3277 2367 3344 2421 τὰ
3376 2382 3697 2439 προφητευ-

2116 2454 2276 2509 θέντα
2301 2455 2595 2521 πιστεύειν,
2632 2458 2724 2510 καὶ
2753 2457 2828 2530 μὴ
2859 2457 2960 2530 τῆς
2985 2457 3242 2531 ἀληθείας
3267 2457 3572 2522 ἐκπίπτειν,
3602 2460 3699 2522 εἰς

2114 2548 2545 2620 ἀτερματίστους
2573 2548 3034 2622 ὑπερτιθεμένους
3078 2551 3300 2622 χρόνους
3337 2549 3444 2603 τῶν
3472 2567 3698 2622 προφη-

2114 2638 2276 2693 τειῶν
2310 2639 2379 2692 τὰ
2414 2639 2848 2712 ἀποτελέσματα.
2882 2642 3067 2712 Φαμὲν
3111 2639 3221 2712 γάρ
3266 2641 3330 2714 δὴ
3367 2641 3457 2694 ἐπὶ
3492 2644 3561 2713 τῇ
3587 2641 3700 2693 τοῦ

2116 2731 2368 2802 Σωτῆρος
2391 2731 2550 2804 ἡμῶν
2590 2731 2763 2804 Ἰησοῦ
2799 2731 3036 2804 Χριστοῦ
3074 2733 3344 2805 παρουσίᾳ
3374 2734 3466 2787 καὶ
3496 2750 3698 2804 σωμα-

2111 2823 2279 2888 τικῶς
2304 2825 2369 2878 ἐκ
2405 2823 2544 2878 Σιὼν
2572 2825 2972 2896 ἐξεληλυθέναι,
3010 2825 3264 2879 κάκεῖθεν
3299 2827 3458 2879 πᾶσιν
3483 2827 3698 2879 ἀνακε-

2113 2917 2383 2990 κηρύχθαι
2412 2920 2524 2982 τοῖς
2557 2918 2754 2983 ἔθνεσι,
2786 2918 2879 2972 τὸν
2906 2918 3070 2990 νόμον
3099 2918 3202 2990 τῆς
3246 2919 3450 2989 Καινῆς
3486 2918 3697 2990 Διαθή-

2113 3026 2233 3079 κης,
2258 3009 2351 3062 τὸν
2383 3009 2524 3064 κατά
2545 3010 2606 3063 τὸ
2638 3010 2989 3079 Εὑαγγέλιον,
3022 3011 3110 3064 ὅτε
3137 3011 3229 3064 καέι
3257 3011 3417 3074 αὐτὸς
3445 3013 3472 3063 ό
3511 3013 3700 3083 σωτήρ

2116 3119 2226 3174 ριος
2273 3102 2466 3170 Λόγος,
2498 3103 2668 3172 Λόγος
2701 3093 2796 3156 τοῦ
2845 3103 3050 3174 Κυρίου
3089 3102 3458 3174 χρηματίζων,
3487 3103 3556 3155 ἐκ
3585 3104 3696 3174 τῆς

2124 3194 2479 3266 Ἰερουσαλὴμ
2507 3193 2826 3267 προελθὼν,
2883 3194 3012 3248 ἔνθα
3060 3195 3352 3267 διατρίδων
3412 3194 3695 3257 ἐδίδασκε,

2110 3287 2252 3342 κατά
2271 3287 2352 3352 τὸ,
2375 3306 2396 3340 ι
2426 3287 2555 3342 Ἰδοὺ
2603 3287 2819 3357 ἀφίεται
2852 3287 3030 3358 opus
3055 3286 3201 3352 οἰκος
3226 3287 3378 3357 ὑμῶν
3401 3285 3605 3358 ἕρημος
3629 3303 3646 3317 ο
3663 3305 3692 3340 s

2118 3397 2138 3432 ι
2161 3378 2288 3433 Ἐπὶ
2315 3381 2493 3434 πάντα
2519 3380 2588 3434 τά
2614 3380 2739 3452 ἔθνη
2767 3379 2947 3451 ἐξέχεε
2965 3379 3065 3451 τὴν
3081 3379 3272 3436 ἐαυτοῦ
3301 3379 3484 3451 χάρινο
3500 3398 3520 3431 ι
3540 3379 3698 3433 hsta}.

2109 3474 2405 3545 κρινόμενα
2439 3473 2574 3545 πρὸς
2611 3473 2778 3526 αὑτοῦ
2817 3473 2912 3527 καὶ
2963 3471 3292 3543 ἐλεγχόμενα
3336 3471 3425 3524 ἐπί
3473 3488 3535 3524 τε
3564 3474 3694 3535 ταῖς

2109 3565 2401 3638 προτέραις
2461 3565 2668 3619 ἑαυτῶν
2702 3565 3029 3637 ἁμαρτίαις,
3083 3567 3163 3629 εἰς
3204 3562 3552 3636 συναίσθησιν
3591 3565 3700 3617 καὶ

2112 3657 2396 3726 μετάνοιαν
2454 3657 2758 3729 ἐρχόμενα,
2807 3656 3080 3710 πέπαυται
3135 3656 3235 3728 μέν
3287 3655 3381 3710 τοῦ
3428 3656 3692 3726 πολέμοις

2107 3751 2219 3814 τοῖς
2252 3749 2394 3802 κατά
2419 3749 2488 3803 τά
2530 3749 2676 3822 πάθη
2721 3747 3041 3820 σχολάζειν,
3081 3749 3140 3802 ἐν
3176 3749 3364 3821 εἰρήνῃ
3407 3747 3462 3801 δὲ
3507 3748 3694 3820 ψυχῆς

2104 3840 2278 3911 διάγει
2308 3839 2601 3912 βαθυτάτῃ,
2636 3842 2734 3912 τῆς
2777 3839 2924 3909 σφῶν
2969 3839 3152 3896 αὐτῶν
3205 3840 3442 3904 διανοίας
3486 3842 3687 3910 ἐπιμε-

2105 3930 2344 4002 λούμενα
2407 3931 2682 4003 γεωργίας
2726 3947 2786 3984 τε
2852 3931 2948 3984 καὶ
3012 3931 3408 4002 καρποφορίας.
3453 3932 3580 3985 Εἴτε
3627 3933 3692 3987 δὲ

2107 4023 2250 4077 κατά
2277 4021 2374 4094 τὴν
2395 4021 2540 4088 λέξιν
2568 4021 2809 4092 βούλοιτό
2831 4039 2914 4086 τις
2935 4021 3085 4075 ταῦτ’
3113 4020 3494 4092 ἐκλαμϐάνειν,
3525 4023 3688 4092 ὑγιὴς

2105 4115 2134 4168 ό
2163 4115 2288 4179 νοῦς
2314 4114 2654 4168 ἀποδίδοται·
2693 4113 2803 4167 εἴτε
2843 4114 2984 4169 κατὰ
3012 4113 3274 4177 διάνοιαν,
3308 4113 3486 4185 πολλῷ
3517 4117 3684 4186 ῥᾷον

2108 4206 2232 4260 ἐπεὶ
2276 4207 2372 4261 καὶ
2411 4205 2837 4279 προηγουμένως
2891 4207 2988 4260 καὶ
3044 4205 3243 4278 μᾶλλον
3294 4206 3436 4260 tta/ai
3478 4205 3687 4277 ταύτην

2107 4297 2397 4352 πεπεῖσθαι
2430 4300 2537 4371 χρὴ
2580 4298 2649 4353 τά
2691 4298 2831 4353 κατά
2871 4298 2999 4363 τοὺς
3043 4299 3244 4362 τόπους
3275 4297 3384 4351 ἀπὺ
3413 4297 3526 4352 τῶν
3553 4297 3680 4368 (sic)

2107 4390 2552 4463 ἀποπληροῦσθαι
2624 4391 2765 4463 πλὴν
2805 4392 2912 4447 ἀπὺ
2946 4392 3057 4445 τῶν
3083 4391 3388 4464 εἰρημένων
3427 4390 3682 4446 δύνανταί

2107 4501 2223 4548 πως
2251 4482 2386 4537 εἶναι
2416 4485 2561 4556 σαφῆ
2589 4485 2682 4539 καὶ
2714 4484 2782 4538 τὰ
2813 4485 2954 4539 κατά
2980 4485 3076 4556 τὴν
3103 4485 3280 4557 ἀρχὴν
3309 4485 3409 4556 τῆς
3438 4488 3498 4540 ἐν
3524 4488 3687 4559 χερσὶ

2108 4576 2442 4647 περικοπῆς·
2462 4578 2583 4629 «ἐν»
2603 4577 2712 4649 γὰρ
2737 4596 2756 4629 ι
2782 4579 2903 4641 ταῖς
2930 4578 3185 4650 ἐσχάταις
3209 4578 3494 4649 ήμέραις,ι
3523 4578 3689 4648 δῆλον

433 4663 745 4734 praedicata.
777 4661 844 4716 Et
887 4663 1003 4718 haec
1049 4661 1268 4734 quidem
1325 4662 1612 4720 manifesta
1664 4663 1807 4718 facta
1849 4672 1999 4732 sunt,

2111 4666 2148 4720 δ’
2182 4667 2261 4720 ὅτι
2289 4667 2384 4722 νῦν
2418 4668 2510 4721 ἐπὶ
2539 4667 2817 4740 συντελείᾳ
2839 4668 2947 4722 τῶν
2980 4667 3211 4734 αἰώνων,
3249 4667 3490 4741 ἐμφανὲς
3519 4668 3680 4738 γεγέ-

430 4763 556 4825 post
597 4754 910 4811 circumcisi
955 4755 1141 4826 populi
1192 4756 1656 4826 reprobationem,
1689 4767 1814 4828 post
1849 4758 2002 4812 abla-

430 4856 548 4903 tum
607 4847 676 4902 ab
729 4863 796 4903 eo
855 4863 1084 4920 regnum
1143 4848 1432 4912 cmioru,
1501 4849 1720 4919 quando
1780 4849 2001 4918 impleta

431 4951 563 4998 sunt
621 4943 791 4999 relata
842 4958 1010 5012 supra
1068 4941 1210 4996 banc
1267 4941 1610 5012 prophetiam
1672 4941 1858 5005 verba,
1909 4940 1999 4995 ubi

429 5036 638 5090 dictum
685 5043 770 5091 est
821 5055 834 5092 :
893 5053 914 5088 ι
973 5031 1041 5090 Et
1093 5032 1508 5102 derelinquetur
1563 5031 1672 5086 ﬁlia
1730 5032 1887 5096 Sion,
1943 5039 2001 5086 ut

427 5128 812 5183 umhraculum
853 5127 908 5183 in
952 5124 1132 5190 vinea,
1175 5134 1236 5181 et
1273 5124 1422 5180 sicut
1472 5125 1751 5196 tugurium
1795 5125 1849 5180 in
1898 5142 2000 5180 eun

427 5220 761 5282 cumerario,
820 5225 874 5273 et
927 5217 1076 5276 sicut
1133 5215 1330 5273 civitas
1391 5229 1513 5288 quae
1573 5223 1820 5273 vastatur
1869 5225 1912 5272 δ.
1976 5237 1994 5270 ι

427 5311 494 5365 Et
540 5312 762 5384 quando
808 5309 1091 5382 impletum
1145 5318 1232 5365 est
1295 5310 1432 5366 illud
1480 5329 1492 5365 :
1551 5329 1569 5363 ι
1623 5310 1822 5367 Audite
1881 5327 2002 5366 vero

425 5405 555 5461 bum
627 5404 902 5468 Domini,
979 5404 1255 5474 principes
1337 5401 1737 5470 Sodomorum;
1815 5403 1993 5473 perci-

425 5498 536 5568 pite
601 5499 828 5553 auribus
902 5498 1074 5568 legem
1145 5494 1239 5553 Dei
1308 5496 1525 5560 nostri,
1600 5497 1834 5567 populus
1895 5494 1996 5549 Gu-

424 5588 678 5646 morrha.
722 5587 842 5656 Quo
889 5588 1020 5643 mihi
1075 5587 1477 5644 multitudinem
1518 5590 1863 5644 victimarum
1903 5604 1996 5643 ve-

421 5689 682 5742 strarum.
726 5681 859 5736 dicit
898 5679 1202 5737 Dominus?
1231 5702 1248 5734 ι
1276 5692 1331 5741 et
1371 5684 1614 5754 reliqua;
1662 5682 1863 5752 quibus
1895 5681 1994 5734 ad-

2100 4775 2254 4829 νηται
2303 4759 2364 4812 τὸ
2411 4777 2430 4810 ι
2486 4759 2636 4832 ὅρος,
2663 4778 2681 4810 ι
2731 4759 2792 4813 τὺ
2843 4759 3207 4830 πνευματικὸν
3245 4779 3264 4811 ι
3311 4759 3402 4812 τοῦ
3445 4758 3616 4822 Θεοῦ,
3655 4779 3676 4812 ι

2098 4849 2374 4903 τουτέστιν
2404 4852 2434 4903 ὁ
2465 4849 2607 4913 θετος
2633 4850 2727 4904 καὶ
2765 4851 2824 4903 οὐ
2835 4850 3013 4923 ράνιος
3043 4852 3217 4920 Λόγος
3239 4868 3252 4881 °
3278 4852 3371 4905 καὶ
3403 4853 3434 4905 ό
3456 4846 3604 4915 οἶκος
3621 4852 3679 4905 δέ

2099 4941 2261 4994 αὑτοῦ
2300 4944 2334 5013 ἡ
2372 4941 2666 5014 Ἐκκλησία
2697 4943 3162 5015 ἐπῳκοδομημένη
3207 4945 3302 4998 ἐπὶ
3328 4943 3406 5015 τῷ
3445 4943 3679 5015 θεμελίῳ

2098 5032 2206 5086 τῶν
2225 5034 2537 5089 ἀποστόλων
2571 5035 2664 5089 καὶ
2692 5035 3008 5108 προφητῶν,
3045 5037 3139 5090 καὶ
3168 5037 3254 5090 διὰ
3300 5037 3460 5091 τοῦτο
3489 5037 3675 5091 ἐπάνω

2098 5124 2372 5183 εἶναιτῶν
2418 5129 2589 5202 ὀρέων
2637 5129 2925 5202 λεγομένη.
2972 5129 3082 5183 Καὶ
3129 5129 3304 5184 ταῦτά
3344 5148 3406 5199 γε
3456 5130 3674 5202 ἐμφανῆ

2096 5223 2285 5291 γέγονε
2321 5221 2459 5293 μετὰ
2506 5221 2605 5294 τὴν
2635 5222 2908 5293 ἀποϐολὴν
2950 5220 3043 5275 τοῦ
3080 5223 3146 5276 ἐκ
3189 5222 3489 5294 περιτομῆς
3515 5221 3669 5284 λαοῦ,

2099 5315 2192 5368 καὶ
2228 5314 2368 5385 μετά
2415 5313 2476 5366 τὸ
2508 5312 2742 5385 ἀρθῆναι
2775 5314 2868 5367 ἀπ’
2908 5312 3073 5366 αὑτοῦ
3111 5313 3209 5383 τὴν
3251 5312 3524 5383 βασιλείαν
3564 5312 3671 5365 τῶν

2099 5406 2364 5479 οὐρανῶν,
2397 5407 2483 5461 ὅτε
2513 5407 2686 5479 πέρας
2714 5407 3006 5477 εἰλήφασιν
3037 5407 3091 5459 αἱ
3119 5406 3370 5476 ἀνωτέρω
3393 5406 3490 5476 τῆς
3517 5407 3664 5458 ἐκτε-

2098 5499 2280 5570 θείσης
2309 5501 2641 5572 προφητείας
2671 5499 2865 5569 φωναὶ,
2897 5498 2963 5551 δι’
2992 5491 3066 5551 ὧν
3091 5496 3302 5569 εἴρηται
3320 5497 3398 5562 τὸ,
3427 5516 3446 5546 ι
3478 5497 3666 5564 Ἐγκα-

2098 5589 2515 5660 ταλειφθήσεται
2563 5593 2596 5660 ἠ
2639 5588 2885 5659 θυγάτηρ
2932 5585 3104 5650 Σιὼν,
3142 5586 3216 5650 ὡς
3251 5583 3424 5658 σκηνὴ
3471 5587 3529 5638 ἐν
3569 5585 3666 5654 ἀμ-

2101 5681 2334 5750 πελῶνι,
2372 5681 2466 5736 καὶ
2502 5681 2576 5745 ὡς
2603 5679 3051 5753 ὀπωροφυλάκιον
3094 5682 3152 5734 ἐν
3192 5677 3532 5750 σικυηλάτῳ,
3571 5675 3660 5729 καὶ

461 5914 466 5921 ,
532 5859 673 5913 ‘isa.
709 5874 773 5926 ιι,
804 5857 912 5916 i4.
990 5862 1010 5896 ³
1038 5858 1230 5916 Matth.
1272 5875 1428 5928 run,
1455 5860 1544 5916 38.
1623 5861 1642 5892 ³
1667 5861 1786 5918 Act.
1820 5878 1872 5928 x,
1903 5861 1993 5917 45.

2114 5859 2216 5914 lsa.
2253 5875 2289 5928 ι,
2321 5857 2374 5914 8.
