3974 6514
287 397 427 461 1197

1322 406 1615 467 ΕΟιΟΕΑΞ
1655 405 2137 462 PROPHETICE.
2171 437 2243 447 —
2274 406 2403 463 LIB.
2443 405 2535 463 IV.

3396 400 3534 469 H98

281 528 360 591 ὡς
401 527 556 592 πόλις
572 529 1031 603 πολιορκουμένη·
1057 551 1075 584 ι
1111 533 1205 586 καὶ
1238 533 1327 587 ὅτε
1372 532 1728 604 πεπλήρωται
1776 530 1838 583 τὸ

1961 528 2039 582 dit
2081 548 2093 582 :
2136 548 2153 579 ι
2183 526 2533 583 Neomeniam
2594 536 2647 583 et
2723 530 3049 606 sabbatum,
3108 538 3163 586 et
3208 529 3534 588 festivitates

286 638 308 673 ι
331 621 625 675 Ἀκούσατε
658 623 833 691 λόγων
860 624 1084 695 Κυρίου,
1114 626 1370 696 ἄρχοντες
1388 624 1655 696 Σοδόμων·
1689 640 1857 695 προσ-

281 709 437 782 έχετε
467 714 628 784 νόμον
654 714 811 778 Θεοῦ,
830 715 954 781 λαὸς
984 718 1283 789 Γομόρρας.
1308 717 1372 770 Τί
1395 734 1484 788 μοι
1524 716 1726 787 πλῆθος
1753 715 1860 769 τῶν

282 801 484 857 θυσιῶν
512 805 663 876 ὑμῶν
685 806 1099 879 ;λέγειΚύριος,
1125 828 1143 859 ι
1167 810 1258 861 καλ⁸
1288 808 1358 861 τὰ
1379 809 1504 880 ἑξῆς
1522 826 1535 838 ο
1561 804 1642 871 οἷς
1666 807 1859 877 ἐπιφέ-

284 909 387 964 ρεν
410 894 551 953 «Τὰς
566 898 854 969 νεομηνίας
877 898 1048 968 ὑμῶν,
1066 898 1159 951 καὶ
1183 899 1280 962 τὰς
1308 898 1500 969 ἐορτάς
1530 898 1681 967 ὑμῶν
1711 899 1860 967 μισεῖ

279 986 315 1057 ἡ
341 985 489 1055 ψυχή
540 1005 639 1058 μου
661 1006 673 1018 ·
710 989 1002 1061 ἐγενήθητε
1040 1008 1129 1061 μοι
1161 993 1239 1054 είς
1288 990 1601 1061 πλησμονὴν
1625 1030 1639 1053 ,
1674 990 1857 1042 οὐκέτι

278 1079 468 1149 ἀνήσω
486 1078 583 1143 τὰς
608 1081 879 1152 ἁμαρτίας
908 1081 1079 1152 ὑμῶν.
1102 1080 1218 1135 ”Οτ’
1246 1082 1310 1135 ἂν
1340 1081 1437 1145 τὰς
1465 1085 1653 1151 χεῖρας
1680 1080 1856 1133 ἐκτεί-

278 1187 408 1240 νητε
442 1172 579 1242 πρὸς
610 1170 700 1241 μὲ,
740 1170 1065 1241 ἀποστρέψω
1103 1172 1229 1235 τοὺς
1273 1170 1583 1241 ὀφθαλμούς
1628 1188 1729 1240 μου
1762 1170 1854 1237 ἀφ’

277 1263 465 1334 ὑμῶν’
490 1265 583 1319 καλ¹
620 1264 714 1317 ἐὰν
756 1263 1059 1335 πληθύνητε
1088 1263 1185 1334 τὴν
1222 1263 1424 1333 δέησιν,
1472 1267 1570 1316 οὐκ
1600 1262 1851 1315 εἰσακού-

278 1375 443 1429 σομαι
472 1358 622 1428 ὑμῶν
643 1375 658 1391 ο
682 1358 738 1410 αἱ
762 1358 871 1429 γὰρ
903 1360 1080 1429 χεῖρες
1108 1357 1261 1428 ὑμῶν
1291 1358 1520 1428 αἵματος
1555 1357 1800 1428 πλήρεις.
1830 1375 1849 1407 ι

275 1450 391 1504 Καὶ
432 1450 534 1521 ὂρα
563 1449 679 1513 πῶς
718 1452 746 1503 6
792 1449 951 1519 λόγος
994 1449 1163 1503 ταῦτα
1212 1450 1386 1503 πάντα
1428 1450 1853 1519 ἀποτεινάμενος

274 1542 377 1595 οὐκ
398 1542 833 1614 εἰδωλολατρείαν
859 1542 1089 1596 ἐνταῦθα
1117 1543 1223 1596 οὐδ’
1248 1544 1440 1613 ἑτέραν
1466 1544 1648 1605 αὐτοῖς
1676 1544 1853 1613 ἀμαρ-

272 1634 397 1688 τίαν
430 1634 674 1703 ἐγκαλεῖ,
703 1633 823 1687 οὐδὲ
854 1634 960 1705 μὴν
1001 1636 1248 1705 αἱμάτων
1294 1635 1532 1695 πολλῶν,
1570 1635 1682 1688 ἀλλ’
1735 1634 1851 1698 ἐνὸς

272 1725 555 1796 ἐξαιρέτου
584 1724 727 1787 τινὸς
758 1724 1007 1795 αἵματος,
1042 1724 1198 1795 δῆλον
1243 1724 1286 1776 δ’
1319 1725 1400 1776 ὅτι
1454 1724 1547 1777 τοῦ
1590 1720 1847 1796 Χριστοῦ,

270 1817 375 1887 τήν
422 1816 663 1886 ἔκχυσιν,
699 1816 825 1887 περὶ
857 1810 918 1869 οῦ
957 1815 1140 1884 σαφῶς
1172 1818 1201 1868 6
1250 1816 1404 1885 λόγος
1439 1817 1531 1869 τὸν
1578 1817 1705 1869 λαὸν
1740 1818 1851 1869 ἀπ-

271 1908 485 1978 ελέγχει
528 1907 725 1976 λέγων·
751 1926 770 1956 ι
802 1908 867 1959 Al
896 1906 1003 1978 γὰρ
1046 1909 1224 1979 χεῖρες
1250 1908 1402 1978 ὑμῶν
1435 1909 1665 1978 αἵματος
1709 1908 1850 1979 πλή.
1880 1894 1923 1949 Β

272 2015 418 2071 patr
448 2018 464 2049 ι
484 1997 549 2051 δι’
574 1998 639 2069 ῆν
662 1997 838 2051 αἰτίαν
867 1998 994 2068 ἑξῆς
1016 1999 1322 2068 ἐπιλέγεται
1345 2000 1426 2064 τὸ,
1449 2020 1466 2051 ι
1489 2000 1611 2063 Πῶς
1636 2000 1849 2068 ἐγένετο

271 2092 446 2162 πόρνη
478 2090 629 2153 πόλις
648 2090 810 2161 πιστὴ
831 2089 967 2142 Σιὼν
996 2091 1209 2162 πλήρης
1234 2091 1485 2162 κρίσεως,
1515 2093 1572 2143 ἐν
1592 2086 1847 2165 ᾖδικαιο-

270 2185 407 2255 σύνη
435 2183 495 2254 (f.
519 2183 608 2250 45)
631 2184 896 2255 ἐκοιμήθη
919 2186 973 2237 ἐν
991 2184 1147 2254 αὐτῇ,
1168 2183 1262 2237 νῦν
1288 2183 1343 2237 δὲ
1364 2184 1677 2252 φονευταί;»
1707 2184 1827 2254 μεθ’

268 2276 307 2330 ἃ
324 2276 501 2330 πάντα
526 2274 791 2328 τελευτῶν
822 2276 851 2327 6
873 2275 1028 2343 λόγος
1062 2272 1219 2339 αὖθις
1244 2274 1343 2346 τὴν
1368 2275 1637 2346 ἀποϐολὴν
1667 2275 1845 2329 αὐτῶν

269 2364 600 2437 προμηνύων
667 2365 861 2437 φησίν·
908 2383 927 2415 ι
968 2366 1218 2419 Ἔσονται
1262 2365 1371 2435 γὰρ
1418 2365 1494 2429 ὼς
1540 2366 1845 2435 τερέϐινθος

266 2458 673 2530 ἀποϐεϐληκυῖα
694 2459 761 2511 τὰ
788 2457 980 2529 φύλλα,
1010 2459 1103 2511 καὶ
1133 2458 1208 2521 ὼς
1238 2458 1564 2529 παράδεισος
1594 2458 1736 2530 ὕδωρ
1770 2459 1843 2531 μὴ

265 2552 427 2623 ἔχων.
466 2554 575 2607 Καὶ
613 2552 765 2606 ἔσται
812 2553 844 2624 ή
890 2554 1042 2623 ἰσχὺς
1074 2551 1252 2605 αὐτῶν
1298 2552 1519 2623 καλάμη
1564 2552 1841 2620 στυπείου,

265 2648 363 2700 καὶ
395 2640 723 2717 αίέργασίαι
759 2645 936 2700 αὐτῶν
970 2644 1046 2708 ὡς
1084 2644 1396 2715 σπινθῆρες,
1436 2646 1530 2698 καὶ
1568 2646 1842 2699 κατακαυ-

264 2740 522 2813 θήσονται
552 2742 599 2793 οί
642 2739 830 2809 ἄνομοι
864 2740 958 2792 καὶ
996 2742 1042 2793 οί
1081 2737 1397 2809 ἁμαρτωλοὶ
1440 2738 1575 2808 ἅμα,
1613 2740 1706 2792 καὶ
1743 2740 1843 2793 οὐκ

263 2832 465 2886 ισταιό
496 2830 723 2883 σϐέσων.
753 2850 771 2881 ι
806 2828 1054 2883 Τοσαῦτα
1077 2830 1170 2883 καὶ
1190 2829 1493 2900 τηλικαῦτα
1516 2832 1636 2883 κατ’
1664 2831 1841 2883 αὐτῶν

262 2923 771 2995 προαποφηναμὲνη
828 2925 860 2993 ή
907 2923 1245 2995 προφητεία,
1282 2921 1409 2992 ἑξῆς
1451 2923 1697 2994 ἐπιφέρει
1740 2923 1839 2993 τὴν

262 3018 469 3089 ἀρτίως
498 3019 627 3087 ἡμῖν
660 3016 969 3070 ἐκτεθεῖσαν
1000 3016 1321 3087 περικοπὴν,
1349 3016 1414 3069 δι’
1433 3011 1501 3088 ἦς
1520 3008 1733 3087 εἴρηταί
1756 3014 1837 3079 τὸ,

270 3128 288 3160 ι
318 3110 441 3163 Ὀτι
484 3107 635 3160 ἔσται
681 3108 739 3159 ἐν
770 3110 889 3170 ταῖς
932 3107 1189 3177 ἐσχάταις
1228 3107 1463 3178 ἡμέραις
1503 3107 1745 3178 ἐμφανὲς
1778 3100 1837 3161 τὸ

259 3202 388 3275 ὅρος
411 3201 632 3273 Κυρίου.
666 3219 682 3250 ›
705 3200 899 3270 Σαφῶς
924 3201 1060 3272 μετά
1082 3202 1180 3272 τὴν
1208 3196 1431 3254 ἐκείνων
1456 3201 1711 3273 ὁλοσχερῆ
1738 3202 1831 3254 καὶ

259 3291 472 3346 τελείαν
502 3289 773 3359 ἀποϐολήν
801 3301 859 3342 τε
896 3290 990 3343 καὶ
1036 3280 1313 3360 ἐρήμωσιν
1352 3288 1451 3352 τάς
1483 3290 1581 3360 τῆς
1624 3288 1829 3358 Καινῆς

259 3383 537 3454 Διαθήκης
566 3376 936 3457 ὑποφαίνουσα
965 3380 1295 3451 οἰκονομίας,
1334 3380 1452 3432 καθ’
1497 3380 1563 3442 ἃς
1598 3378 1835 3450 ἐμφανὲς

256 3479 374 3539 τοῖς
405 3477 573 3549 πᾶσιν
624 3460 798 3527 ἔθνεσι
827 3472 887 3526 τὸ
926 3472 1047 3543 ὄρος
1072 3473 1263 3541 γέγονε
1288 3468 1382 3524 τοῦ
1414 3470 1639 3549 Κυρίου.
1679 3471 1835 3523 Ποῖον

257 3569 317 3622 δὲ
361 3568 506 3639 ὅρος,
611 3568 639 3619 6
674 3568 729 3618 ἐν
771 3566 911 3636 ἀρχῇ
968 3556 1103 3635 πρὸς
1135 3562 1227 3614 τὸν
1258 3560 1410 3624 Θεὸν,
1451 3544 1583 3625 Θεδς
1628 3562 1832 3629 Λόγοςς

259 3657 424 3720 αὐτὸς
457 3658 487 3709 6
527 3654 718 3725 Σωτὴρ
760 3658 851 3707 καὶ
888 3652 1089 3724 Κύριος
1138 3647 1325 3723 ήμῶν,
1363 3651 1421 3703 ὃν
1457 3650 1835 3723 προαποδεδὼ-

260 3765 462 3819 καμεν,
498 3738 626 3817 περὶ
652 3741 713 3800 οῦ
741 3740 835 3799 καὶ
862 3747 918 3797 ἐν
952 3740 1200 3813 Ψαλμοῖς
1239 3742 1475 3813 εἴρηται,
1507 3760 1525 3791 ι
1554 3739 1719 3811 Ὄρος
1739 3739 1834 3794 τοῦ

259 3840 420 3905 Θεοῦ,
443 3840 568 3911 ὅρος
599 3842 747 3892 πῖονο
781 3859 800 3890 ι
833 3839 924 3891 καὶ
948 3822 1027 3901 τὸ,
1061 3855 1077 3885 ι
1109 3828 1315 3907 Ὅροςὸ
1346 3834 1679 3905 εὐδόκησενὸ
1703 3833 1833 3897 Θεὸς

258 3934 537 3986 κατοικεῖν
564 3932 620 3983 ἐν
650 3928 819 3999 αὐτῷ.
863 3947 883 3982 ι
924 3929 1068 3999 Πρὸς
1108 3927 1281 3998 τούτῳ
1311 3927 1366 3979 δὲ
1413 3925 1490 3997 τῷ
1519 3926 1634 3997 ὄρει
1674 3928 1769 3979 καὶ
1808 3928 1836 3978 6

257 4021 407 4088 οἶκος
438 4023 532 4077 τοῦ
584 4022 717 4077 Θεοῦ
774 4020 1022 4093 ἐμφανὴς
1060 4021 1280 4089 γέγονεν
1302 4037 1315 4049 ·
1357 4016 1505 4082 οἶκος
1550 4020 1593 4073 δ’
1650 4019 1715 4073 ἂν
1748 4018 1833 4087 εἴη

257 4112 397 4170 Θεοῦ
426 4118 459 4187 ή
503 4104 819 4186 Ἐκκλησία,
856 4114 890 4184 ή
921 4114 1006 4166 ἐπ’
1039 4104 1223 4183 ἄκρων
1250 4112 1358 4165 τῶν
1391 4112 1561 4183 ὀρέων
1597 4112 1827 4164 ἀποστο»

256 4210 427 4264 λικῶν
475 4226 534 4263 τε
584 4207 676 4262 καὶ
718 4205 1072 4278 προφητικῶν
1125 4205 1296 4274 λόγων
1346 4200 1830 4275 ἐπεστηριγμένηέ

256 4299 465 4354 τούτων
506 4299 562 4352 δὲ
608 4296 867 4367 ἐμφανῶν
912 4296 1218 4367 γενομένων
1269 4296 1354 4349 ἐπ’
1395 4295 1527 4348 αὐτὸ
1559 4292 1717 4347 τοῦτο
1771 4296 1832 4347 τὸ

253 4392 403 4464 ὅρος,
435 4390 594 4461 δῆλον
632 4390 676 4442 6‘
706 4391 787 4442 ὅτι
815 4369 904 4441 τδν
942 4389 1079 4441 θεῖον
1128 4388 1301 4456 Λόγον
1344 4387 1405 4440 οὐ
1442 4382 1778 4459 κεκτημένος
1807 4390 1835 4440 6

268 4480 507 4553 Ἰσραὴλ,
542 4480 649 4533 οὐδ’
681 4482 709 4533 6
747 4478 1012 4549 πολλαχοῦ
1058 4478 1378 4548 δηλούμενος
1412 4474 1559 4540 οἶκος
1604 4476 1795 4530 Ἰακὼϐ
1816 4516 1830 4538 ,

1959 630 2171 676 vestras
2210 636 2317 675 non
2357 620 2552 685 feram,
2601 621 2775 693 iniqui
2824 633 2953 678 sunt
2983 634 3159 680 cmtus
3201 625 3410 681 vestri:
3441 640 3534 682 so-

1959 714 2268 768 lemnitates
2305 721 2517 768 vestras
2566 714 2741 769 odivit
2784 717 2965 770 anima
3015 732 3135 771 mea
3166 736 3178 770 ι
3208 716 3350 771 facta
3402 724 3533 771 sunt

1958 804 2089 859 mihi
2120 805 2371 868 molesta,
2399 792 2639 860 laboravi
2670 807 2972 862 sustinens.
3010 807 3076 860 Et
3107 792 3231 863 cum
3278 810 3537 864 extende-

1957 896 2081 951 ritis
2106 911 2300 952 manus
2332 906 2567 961 vestras,
2605 908 2846 953 avertam
2876 900 3065 956 oculos
3096 917 3246 957 meos
3276 916 3305 953 a
3340 902 3532 957 vobis:

1957 993 2012 1040 et
2041 1003 2163 1042 cum
2190 990 2686 1059 multiplicaveritis
2710 992 3033 1055 orationem,
3072 1008 3179 1047 non
3201 994 3489 1047 exaudiam
3518 1010 3532 1047 :

1958 1092 2154 1134 manus
2192 1079 2336 1134 enim
2367 1089 2563 1135 vestra:
2609 1081 2875 1151 sanguine
2905 1083 3075 1153 plena:
3104 1090 3232 1137 sunt
3257 1084 3295 1138 '.
3328 1102 3347 1135 ι
3402 1083 3535 1138 Ani-

1957 1171 2231 1227 madverte
2264 1174 2539 1243 quomodo
2580 1174 2881 1245 Scriptura,
2927 1176 3013 1231 his
3047 1177 3304 1231 omnibus
3334 1191 3533 1246 expro-

1954 1262 2121 1327 batis,
2158 1280 2333 1333 neque
2367 1265 2733 1320 idololatriam
2765 1266 2875 1329 hic,
2920 1282 3098 1337 neque
3126 1268 3288 1321 aliam
3319 1269 3400 1323 eis
3433 1268 3531 1322 ini-

1956 1357 2216 1425 quitatem
2249 1357 2460 1426 objicit,
2504 1375 2682 1428 neqtte
2714 1360 3040 1430 sanguinum
3084 1363 3399 1432 multorum,
3434 1363 3529 1433 sed

1956 1450 2120 1503 unius
2149 1450 2433 1519 cujusdam
2462 1453 2844 1521 prmcellentis,
2892 1453 3097 1508 Christi
3136 1456 3365 1519 scilicet,
3396 1456 3531 1511 etfu-

1955 1540 2162 1595 sionem
2197 1541 2267 1593 ob
2298 1556 2460 1610 quem
2514 1541 2797 1611 Scriptura
2846 1558 3105 1612 expresse
3146 1546 3405 1613 populum
3447 1546 3530 1598 in-

1953 1643 2140 1702 crepat
2192 1633 2381 1689 dicens
2427 1652 2439 1687 :
2482 1653 2499 1684 ι
2534 1633 2726 1688 Manus
2789 1643 2983 1689 vestra:
3036 1636 3299 1706 sanguine
3355 1622 3529 1707 plenae

1954 1724 2122 1779 sunt?
2158 1744 2175 1775 ι
2212 1723 2554 1794 Quapropter
2581 1724 2843 1778 continuo
2896 1725 3084 1793 adjicit
3127 1746 3139 1779 :
3198 1744 3215 1776 ι
3247 1725 3529 1792 Quomodo

1953 1814 2096 1870 facta
2128 1826 2212 1871 est
2243 1817 2499 1871 meretrix
2531 1816 2728 1871 civitas
2762 1816 2958 1881 ﬁdelis,
2993 1818 3150 1887 plena
3176 1818 3408 1887 judicii?
3430 1816 3530 1886 Ju-

1951 1907 2098 1962 stitia
2132 1906 2398 1961 habitavit
2427 1908 2479 1960 in
2503 1922 2588 1967 ea.
2618 1921 2763 1960 nunc
2792 1914 2971 1961 autem
3003 1907 3364 1963 homicidaz’?
3392 1928 3410 1961 ι
3451 1911 3528 1965 Ac

1950 2006 2139 2070 postea
2185 2013 2406 2052 rursum
2453 2012 2645 2052 eorum
2697 1996 3135 2074 reprobationcm
3178 2013 3356 2052 sermo
3408 2014 3529 2067 pro-

1950 2090 2256 2161 pbetizans,
2289 2089 2375 2143 his
2420 2089 2601 2143 verbis
2646 2087 2848 2144 desinit
2878 2107 2890 2141 :
2921 2108 2938 2139 ι
2972 2089 3143 2143 Erunt
3173 2091 3329 2159 quasi
3370 2078 3528 2160 quer-

1948 2198 2047 2238 cus
2098 2180 2465 2236 deﬂuentibus
2516 2181 2698 2245 foliis,
2755 2190 2811 2237 et
2873 2170 3047 2235 velut'
3078 2164 3269 2237 hortus
3322 2170 3528 2253 absque

1948 2288 2113 2343 aqua.
2146 2271 2212 2326 Et
2242 2272 2348 2327 erit
2382 2272 2647 2326 fortitudo
2672 2282 2878 2336 vestra,
2913 2280 2972 2326 ut
3005 2271 3187 2325 favilla
3221 2256 3448 2343 stuppae,
3472 2258 3525 2329 et

1948 2380 2087 2434 Opus
2113 2374 2355 2420 vestrum
2378 2364 2537 2435 quasi
2561 2364 2801 2419 scintilla
2823 2372 2907 2419 :et
2926 2363 3291 2419 succendetur
3314 2373 3525 2419 utrum—

1948 2470 2054 2525 que
2099 2454 2284 2519 simul,
2320 2462 2374 2509 et
2423 2470 2533 2509 non
2580 2454 2684 2509 erit
2727 2456 2821 2524 qui
2852 2456 3166 2525 exstinguat
3191 2455 3232 2509 ³.
3264 2475 3282 2507 ›
3318 2449 3443 2510 Haec
3472 2466 3526 2510 et

1948 2546 2143 2601 similia
2167 2548 2221 2600 in
2255 2546 2349 2601 eos
2375 2546 2750 2616 praenuntians
2774 2546 3078 2616 prophetia,
3105 2547 3365 2601 continuo
3389 2548 3523 2601 sub-

1940 2640 2063 2709 jicit
2117 2655 2180 2693 ea
2219 2634 2340 2708 qua:
2396 2638 2510 2707 jam
2574 2639 2726 2709 prius
2784 2640 3091 2701 retulimus,
3132 2637 3364 2703 scilicet,
3402 2658 3420 2689 ι
3456 2638 3524 2693 Ει

1943 2732 2046 2784 erit
2094 2724 2148 2784 in
2208 2729 2524 2785 novissimis
2562 2729 2753 2785 diebus
2810 2727 3132 2784 manifestus
3195 2722 3352 2783 mons
3419 2725 3524 2783 ι)οά

1946 2823 2079 2878 mini
2107 2824 2147 2878 ⁸.
2184 2843 2202 2874 ›
2239 2822 2441 2893 Aperte
2476 2830 2599 2891 post
2647 2823 2878 2876 istorum
2926 2822 3140 2891 plenam
3192 2820 3523 2891 perfectam-

1943 2929 2048 2983 que
2080 2914 2522 2983 reprobationem
2552 2920 2605 2968 et
2638 2913 2873 2980 ruinam,
2902 2912 3036 2967 Novi
3066 2911 3402 2969 Testamenti
3439 2910 3524 2967 in-l

1944 3000 2283 3059 stitutionem
2323 2995 2581 3068 os'temlit,
2615 3020 2721 3074 qua
2755 3005 3078 3059 manifestus
3108 3005 3363 3060 omnibus
3391 3012 3522 3076 gell-

1943 3095 2089 3151 tihus
2139 3111 2297 3149 mons
2336 3094 2514 3149 factus
2543 3104 2626 3149 est
2666 3094 2903 3149 Domini.
2944 3095 3133 3162 Qualis
3160 3094 3291 3152 vero
3339 3114 3518 3161 mons,

1941 3186 2047 3241 nisi
2083 3187 2176 3256 qui
2226 3186 2282 3239 in
2327 3186 2597 3257 principio
2642 3186 2782 3255 apud
2828 3185 3019 3250 Deum;
3065 3185 3206 3241 Deus
3236 3169 3522 3243 Verbum?

1940 3277 2057 3347 ipse
2103 3277 2247 3331 enim
2287 3276 2535 3329 Salvator
2559 3284 2613 3330 et
2644 3274 2907 3331 Dominus
2949 3284 3155 3342 noster,
3180 3292 3339 3346 quem
3370 3275 3520 3346 prius

1938 3370 2499 3439 ostendimus,dequo
2517 3376 2569 3424 et
2590 3369 2645 3422 in
2677 3367 2907 3423 Psalmis
2924 3369 3142 3434 dicitur,
3168 3385 3187 3421 ι
3218 3369 3373 3425 Mons
3402 3367 3518 3437 Dei,

1938 3478 2097 3519 mons
2130 3460 2345 3531 pinguis
2368 3479 2414 3526 ς»
2436 3468 2509 3523 et,
2536 3478 2554 3509 ι
2588 3458 2743 3514 Mons
2773 3460 2827 3513 in
2865 3475 2974 3529 quo
3016 3460 3408 3531 beneplacitum
3438 3472 3521 3518 est

1940 3555 2049 3609 Deo
2092 3553 2343 3607 habitare
2398 3551 2453 3605 in
2504 3565 2571 3605 eo
2594 3553 2637 3604 '.
2673 3570 2692 3602 ι
2734 3549 2935 3605 Praater
2975 3550 3121 3606 hunc
3174 3561 3413 3608 montem
3465 3562 3519 3609 et

1936 3648 2132 3702 domus
2192 3644 2404 3699 Domini
2448 3641 2736 3697 manifesta
2800 3642 2940 3696 facta
2983 3651 3085 3697 est.
3141 3643 3341 3699 Domus
3392 3644 3521 3700 vero

1939 3749 2085 3799 esset
2112 3740 2207 3797 Dei
2245 3739 2513 3802 Ecclesia,
2546 3752 2669 3808 qua:
2700 3738 2753 3792 iu
2778 3739 2979 3792 vertice
3006 3738 3275 3792 montium
3304 3747 3519 3809 aposto-

1937 3834 2169 3888 licorum
2216 3841 2270 3886 et
2316 3830 2765 3901 prapbeticorum'
2812 3831 3103 3885 verborum
3149 3832 3357 3885 elevata
3408 3840 3515 3888 est.

1937 3924 2149 3991 Quibus
2181 3936 2310 3979 vero
2359 3922 2727 3978 manifestatis
2765 3939 2929 3994 super
2958 3924 3106 3978 hunc
3138 3924 3318 3995 ipsum
3356 3934 3515 3979 mon-

1936 4027 2067 4082 tem,
2104 4016 2352 4087 apertum
2389 4023 2472 4071 est
2517 4016 2664 4087 quod
2699 4015 2943 4071 divinum
2974 4016 3202 4071 verbum
3232 4026 3341 4071 non
3380 4016 3515 4071 con-

1937 4107 2158 4165 secutus
2207 4117 2292 4164 est
2333 4110 2526 4175 Israel,
2582 4124 2760 4180 neque
2806 4109 2995 4163 multis
3051 4104 3188 4164 locis
3231 4109 3515 4180 designata

1935 4203 2131 4257 domus
2174 4197 2366 4265 Jacob,
2419 4202 2513 4256 sed
2572 4201 2629 4255 in
2688 4201 3006 4256 universum
3054 4208 3245 4257 omnes
3301 4207 3511 4273 gentes.

1935 4294 2163 4350 Constat
2220 4293 2365 4349 enim
2418 4282 2527 4364 quo
2580 4289 2743 4347 modo
2796 4298 2973 4363 qnave
3030 4294 3242 4349 ratione
3285 4296 3516 4366 expletis

1939 4388 2240 4442 Salvatoris
2290 4387 2464 4441 nostri
2519 4386 2960 4441 manifestatione
3007 4387 3387 4457 praenuntiatis’
3429 4391 3517 4443 re-

1937 4482 2037 4536 bus
2066 4475 2484 4548 manifestisque
2509 4478 2693 4542 l'actis,
2721 4494 2876 4532 mons
2906 4465 2963 4533 et
2989 4474 3184 4533 domus
3211 4478 3332 4549 qna:
3354 4481 3518 4533 modo

254 4573 371 4626 ἀλλ’
394 4570 727 4635 ἁπαξαπλῶς
769 4572 944 4624 πάντα
973 4571 1040 4623 τὰ
1084 4572 1243 4641 ἔθνη·
1281 4556 1375 4649 καὶ
1405 4570 1466 4639 δὴ
1512 4570 1680 4639 σαφὲς
1716 4569 1831 4631 πῶς

1944 4562 2283 4643 interpretati
2324 4562 2515 4625 sunins
2542 4609 2556 4633 ,
2602 4586 2707 4626 nos
2744 4587 2774 4625 e
2823 4572 3081 4639 gentibus
3128 4588 3223 4642 per
3268 4571 3427 4627 (idem
3461 4574 3515 4627 in

255 4667 351 4720 καὶ
386 4664 508 4717 τίνα
535 4664 768 4735 τρόπον,
826 4663 1293 4716 ἀποτελεσθέντων
1321 4662 1407 4715 διὰ
1445 4661 1545 4732 τῆς
1591 4659 1681 4713 τοῦ
1716 4662 1830 4713 Σω-

252 4759 422 4832 τῆρος
449 4757 607 4829 ήμῶν
633 4757 953 4826 ἐπιφανείας
977 4756 1084 4809 τῶν
1114 4756 1543 4827 προειρημένων,
1572 4755 1829 4825 ἐμφανῶν

252 4869 313 4905 τε
360 4850 667 4921 γενομένων
699 4849 789 4902 τοῦ
840 4866 898 4902 τε
954 4848 1346 4921 ἀποδεδομένου
1394 4848 1554 4919 ὅρους
1600 4851 1691 4901 καὶ
1738 4848 1831 4901 τοῦ

250 4942 622 5014 δεδηλωμένου
670 4942 818 4995 οἴκου
845 4983 859 5006 ,
896 4943 1055 5012 ήμεῖς
1091 4942 1139 4993 οἱ
1183 4942 1241 5007 ἐξ
1282 4940 1450 4993 ἐθνῶν
1482 4940 1571 4993 διὰ
1608 4941 1707 5011 τῆς
1754 4943 1832 5003 εἰς

249 5038 488 5110 Χριστὸν
521 5038 612 5091 τὸν
641 5037 769 5090 Υίὸν
816 5035 908 5091 τοῦ
942 5035 1077 5089 Θεοῦ
1113 5036 1345 5099 πίστεως
1376 5036 1833 5108 προσεληλυθότες

246 5129 328 5199 τῷ
362 5128 471 5181 τῶν
504 5128 638 5181 ὅλων
686 5128 823 5199 Θεῷ,
861 5128 1028 5183 πάλαι
1074 5128 1171 5199 μὲν
1212 5128 1529 5196 ἀγνοοῦντες
1572 5130 1640 5181 τὰ
1681 5128 1829 5205 τηλιο

250 5213 451 5284 καῦτα,
473 5223 591 5273 νυν)⁸
619 5221 675 5273 δὲ
714 5221 803 5275 διὰ
832 5222 929 5293 τὴν
955 5222 1104 5275 θείαν
1139 5222 1295 5293 χάριν
1324 5222 1634 5288 ἐπιγνόντες
1670 5221 1829 5284 αὐτὰ,

250 5312 735 5386 προσεληλύθαμεν
776 5315 912 5367 Σιὼν
955 5315 1067 5387 ὄρει
1111 5315 1205 5368 καὶ
1244 5314 1394 5367 πόλει
1423 5314 1556 5367 Θεοῦ
1609 5312 1827 5385 ζῶντος,

262 5405 621 5476 Ἰερουσαλὴμ
640 5404 963 5476 ἐπουρανίῳ·
985 5407 1079 5458 καὶ
1098 5406 1191 5458 ἆτε
1217 5398 1593 5467 παιδευθέντες
1614 5404 1720 5458 ὑπὸ
1734 5403 1829 5457 τοῦ

252 5494 633 5564 ἐξεληλυθότος
665 5496 697 5566 ἢ
728 5497 822 5548 καὶ
849 5496 1284 5566 καταϐεϐηκότος
1306 5499 1369 5549 ἐκ
1391 5497 1488 5566 τῆς
1510 5494 1832 5568 ἐπουρανίου

264 5587 619 5661 Ἰερουσαλὴμ
645 5590 817 5657 Λόγου
840 5588 994 5652 Θεοῦ,
1021 5591 1093 5653 ὡς
1116 5610 1132 5638 ι
1148 5592 1267 5643 Ὅτι
1298 5594 1331 5661 ή
1357 5592 1467 5645 ἄνω
1483 5590 1833 5661 Ἰερουσαλήμ

253 5681 516 5754 ἐλευθέρα
551 5683 718 5745 ἐστὶν,
745 5683 865 5750 ἥτις
912 5684 1029 5735 ἐστὶ
1062 5684 1243 5755 μήτηρ
1266 5684 1421 5754 ἡμῶν
1442 5701 1453 5712 ·
1484 5704 1499 5734 ι
1527 5683 1619 5735 ἐπὶ
1644 5681 1831 5735 τοῦτον

1936 4664 2212 4720 Christum
2263 4663 2351 4719 Dei
2401 4662 2600 4719 Filium
2650 4664 2717 4718 ad
2753 4664 2999 4719 omnium
3040 4663 3205 4720 Deum
3241 4668 3515 4737 perducti,

1940 4763 2133 4816 horum
2158 4754 2377 4831 quidem
2404 4759 2678 4829 quondam
2700 4758 2883 4825 inscii,
2919 4762 3065 4812 n’unc
3088 4766 3218 4812 Vero
3246 4762 3342 4829 per
3373 4757 3515 4811 divi-

1940 4874 2064 4911 nam
2096 4855 2325 4927 gratiam
2364 4853 2545 4924 periti,
2581 4853 2648 4907 ad
2702 4851 2833 4906 Sion
2876 4846 3115 4903 montem
3152 4855 3206 4903 et
3238 4848 3517 4901 civitatem

1942 4949 2032 5004 Dei
2077 4934 2328 5010 viventis,
2365 4946 2777 5015 Jerusalemque
2820 4946 3097 4998 cmlestem
3150 4942 3514 5009 pervenimus.

1940 5039 2006 5092 Et
2035 5024 2181 5092 velut
2206 5038 2383 5093 cdocti
2422 5038 2490 5090 ab
2525 5037 2617 5090 illo
2652 5026 2743 5107 qni
2782 5052 3039 5107 egressus
3067 5045 3151 5089 est
3177 5035 3261 5089 vel
3284 5033 3517 5089 descen-

1941 5132 2019 5185 dit
2042 5131 2108 5185 de
2131 5131 2341 5185 caelesti
2366 5122 2692 5193 Jerusalem,
2720 5129 2900 5184 Verbo
2930 5128 3060 5190 Dat-0,
3092 5128 3344 5182 novimus
3371 5127 3516 5198 quod

1946 5241 1962 5273 ι
1991 5224 2080 5276 illa
2128 5238 2247 5291 qua:
2279 5239 2497 5277 sursum
2549 5231 2633 5277 est
2674 5216 2997 5285 Jerusalem,
3039 5222 3207 5276 libera
3254 5218 3360 5285 est,
3398 5236 3518 5292 qua:

1938 5325 2024 5369 est
2068 5298 2244 5369 mater
2289 5315 2542 5368 nostra".
2578 5335 2595 5367 ι
2646 5316 2728 5371 Ad
2772 5316 2915 5370 hanc
2965 5310 3243 5371 caelestem
3284 5308 3375 5370 Dei
3418 5310 3515 5371 do-

1938 5424 2107 5471 mum,
2141 5407 2209 5460 ad
2244 5406 2400 5471 Sion,
2445 5408 2725 5463 ccelestem
2760 5396 2997 5462 montem
3030 5407 3266 5472 Domini,
3303 5406 3405 5462 nos
3436 5406 3514 5462 in-

1936 5499 2111 5553 vicem
2155 5499 2450 5554 invitantes
2484 5499 2946 5571 adhortantesque
2994 5500 3260 5556 doctrinis
3289 5496 3342 5556 et
3374 5500 3514 5555 inci-

1935 5591 2257 5659 tationibus,
2293 5592 2610 5648 dictitamus
2640 5612 2652 5648 :
2692 5612 2711 5643 ι
2746 5592 2938 5649 Venite
2976 5584 3029 5648 et
3061 5594 3421 5649 ascendamus
3447 5592 3515 5647 ad

1935 5692 2172 5739 montem
2206 5682 2443 5751 Domini,
2488 5694 2543 5740 et
2582 5686 2651 5740 ad
2702 5686 2922 5741 domum
2967 5685 3062 5741 Dei
3090 5678 3260 5742 Jacob
3287 5706 3298 5742 :
3330 5684 3385 5744 et
3415 5684 3516 5739 do-

330 5887 346 5917 ¹
376 5884 479 5939 Isa.
518 5884 734 5951 1,815.
815 5886 834 5915 ²
876 5884 1001 5938 ibid.
1040 5882 1120 5938 2t.
1201 5882 1370 5937 3ibid.
1405 5883 1495 5938 30;
1602 5884 1623 5913 δ
1648 5880 1749 5939 isa.
1782 5892 1839 5949 tt,

1950 5885 2019 5962 __'
2050 5880 2196 5942 Psal.
2228 5898 2396 5958 vau,
2429 5884 2624 5955 15,16.
2701 5886 2723 5919 ⁸
2746 5886 2865 5944 Gal.
2897 5903 2971 5957 tv,
2994 5887 3083 5944 26.
