3974 6476
273 437 398 491 1201

1287 442 1582 498 ECLOGA)
1621 441 2104 499 PROPHETICJE.
2147 473 2216 482 —
2253 442 2382 498 LIB.
2426 443 2511 499 IV.

3361 444 3495 500 1-209.

263 557 514 626 κείμενος
538 558 635 626 τῆς
682 561 1012 630 προφητείας
1057 561 1231 629 λόγος,
1276 562 1305 612 6
1351 561 1605 629 φάσκων·
1636 580 1654 610 ι
1702 559 1815 612 Ἰδοὲ

1939 559 2220 614 habitabat
2257 560 2310 614 in
2340 559 2441 623 eis,
2471 561 2653 613 divina
2682 560 3022 628 cmlestisQue
3042 560 3234 628 gratia,
3261 575 3361 614 nec
3385 560 3494 628 jam

258 645 322 714 δὴ
356 646 384 696 6
414 646 677 719 δεσπότης
702 650 903 721 Κύριος
942 651 1162 705 Σαϐαὼθ
1208 651 1396 721 ἀφελεῖ
1427 650 1534 704 ἀπὸ
1555 651 1654 722 τῆς
1698 653 1830 703 ’1ουο

256 738 415 801 δαίας
440 739 532 792 καὶ
553 741 659 793 ἀπὸ
701 740 1054 814 Ἰερουσαλὴμ
1093 743 1341 813 ἰσχύοντα
1361 743 1453 796 καὶ
1486 742 1823 814 ἰσχύουσαν.»

271 829 516 900 Ἀληθῶς
543 833 650 903 γὰρ
683 833 956 906 ἀφῄρηται
985 836 1078 889 ἀπ’
1106 835 1283 889 αὐτῶν
1315 837 1348 906 ἡ
1374 834 1539 887 πάλαι
1566 834 1828 904 πρότερον

258 921 722 994 ὲμπολιτευομένη
751 927 807 977 ὲν
852 926 1033 987 αὐτοῖς
1062 926 1178 979 θεία
1222 925 1316 979 καὶ
1351 923 1601 996 οὐράνιος
1646 924 1827 994 χάρις,

258 1013 354 1066 καὶ
421 1014 596 1067 οὐκέτ’
646 1015 790 1070 ἐστιν
836 1019 1012 1088 εύρεῖν
1056 1020 1111 1070 ἐν
1155 1019 1338 1080 αὐτοῖς
1389 1015 1511 1069 οὔτε
1546 1014 1828 1086 προφήτην

255 1103 380 1155 οὔτε
424 1108 752 1176 στοχαστήν·
792 1107 894 1160 ποῦ
935 1107 991 1159 δὲ
1040 1109 1133 1161 καὶ
1163 1109 1191 1160 6
1221 1105 1552 1177 πολεμιστὴς
1585 1103 1760 1157 αὐτῶν
1792 1103 1824 1174 ἥ

255 1196 284 1246 ό
330 1194 611 1267 δικαστὴς,
643 1185 691 1249 (ὁ
749 1197 1062 1268 θαυμαστὸς
1093 1199 1418 1270 σύμϐουλος.
1461 1196 1492 1268 ἢ
1527 1197 1555 1248 6
1609 1195 1828 1260 συνετὸς

256 1287 570 1356 ἀκροατήςς
599 1289 659 1340 Εἰ
689 1288 745 1341 δὲ
787 1291 880 1342 καὶ
917 1290 1162 1344 δοκοῦσιν
1194 1291 1356 1362 ἄρτου
1390 1288 1482 1342 τοῦ
1529 1303 1827 1356 πνευματι-

256 1377 356 1430 κοῦ
383 1379 632 1450 μετέχειν
657 1382 714 1435 ὲν
746 1381 822 1453 τῷ
849 1386 959 1447 τοῖς
985 1385 1147 1454 ἱεροῖς
1171 1381 1516 1452 ἐντυγχάνειν
1560 1378 1654 1433 τοῦ
1691 1377 1824 1430 Θεοῦ

253 1467 452 1536 λόγοις,
483 1469 596 1523 ἀλλ’
629 1471 728 1543 ὅρα
747 1474 796 1525 εί
816 1472 940 1544 μὴή
968 1474 1195 1544 δύναμις
1221 1475 1314 1526 καὶ
1341 1474 1373 1543 ἡ
1406 1470 1604 1541 ἰσχὺςή
1636 1470 1692 1520 ὲν
1713 1468 1825 1528 τοῖς

254 1558 422 1623 θείοις
460 1561 785 1632 Γράμμασιν
825 1566 1221 1637 ἐναποκειμένη
1241 1563 1298 1629 ἐξ
1325 1561 1500 1618 αὐτῶν
1524 1558 1823 1630 ἀφῄρηταυ

253 1649 442 1715 σαφῶς
453 1649 495 1702 δ’
513 1652 606 1703 ἐπὶ
633 1651 840 1716 τούτοις
868 1656 1009 1727 καὶὴ
1037 1654 1385 1726 Ἰερουσαλὴμ
1403 1653 1626 1712 ἀνεῖται,
1647 1647 1741 1702 καὶ
1761 1647 1828 1700 τά

249 1740 414 1795 λοιπά
440 1743 496 1796 δὲ
523 1744 698 1798 πάντα
724 1747 804 1808 εἰς
825 1748 1019 1811 αὐτοὺς
1044 1747 1398 1820 πεπλήρωται
1417 1745 1505 1799 διὰ
1526 1744 1652 1814 μίαν
1686 1738 1829 1793 ἐκεί-

1938 649 2081 718 apud
2109 665 2203 704 eos
2234 651 2473 719 reperire
2501 658 2586 703 est
2631 650 2945 718 prophetam
2985 650 3149 702 ullum
3187 659 3278 702 aut
3317 649 3496 702 hario-

1937 741 2068 794 lum.
2101 737 2203 793 Ubi
2233 741 2376 794 enim
2407 741 2487 794 vir
2516 741 2744 795 bellator
2773 755 2982 803 eorum,
3005 740 3195 808 judex,
3229 740 3496 794 mirabilis

1935 832 2303 894 consiliarius,
2339 839 2392 886 et
2426 833 2664 901 prudens
2720 831 2919 902 eloquii
2975 832 3230 902 mystici?
3255 829 3409 898 Quod
3450 831 3494 886 si

1935 923 2188 976 videntur
2224 923 2382 993 panis
2425 923 2729 992 spiritualis
2756 938 2877 977 esse
2908 922 3220 992 participes,
3250 937 3371 974 cum
3405 936 3494 974 sa-

1934 1030 2024 1066 cra
2057 1015 2376 1084 possideant
2408 1012 2504 1067 Dei
2544 1014 2732 1076 verba,
2767 1015 2886 1068 vide
2920 1029 3099 1066 annon
3121 1014 3293 1068 virtus
3319 1021 3370 1067 et
3402 1029 3494 1066 ro-

1932 1105 2056 1166 bur,
2083 1105 2137 1157 in
2170 1105 2368 1160 divinis
2402 1104 2700 1175 Scripturis
2724 1105 3041 1172 inclusa,ab
3065 1106 3131 1159 iis
3161 1106 3339 1159 ablata
3364 1107 3490 1159 sint.

1934 1195 2218 1250 Manifeste
2253 1196 2396 1250 enim
2431 1198 2511 1253 eis
2543 1199 2652 1252 ruit
2692 1197 3009 1262 Jerusalem,
3041 1209 3341 1268 cacteraque
3371 1213 3488 1251 om—

1931 1286 2021 1339 nia
2054 1286 2317 1343 adversus
2376 1304 2471 1344 eos
2519 1289 2737 1358 impleta
2787 1297 2915 1342 sunt
2968 1305 3061 1359 per
3098 1306 3264 1342 unum
3304 1303 3490 1342 eorum

1931 1379 2192 1434 adversus
2213 1379 2488 1435 Christum
2515 1381 2712 1436 scelus.
2741 1400 2758 1432 ‹
2789 1380 2879 1436 Vre
2897 1384 3065 1446 enim,
3096 1402 3112 1433 ι
3140 1383 3212 1434 ait
3243 1370 3500 1451 Scriptu-'

1929 1483 2010 1528 ra.
2047 1490 2063 1518 α
2104 1470 2298 1526 animae
2329 1487 2538 1527 eorum.
2578 1492 2595 1524 ι
2643 1472 2816 1542 Atque
2845 1474 3247 1544 imprecationis
3273 1489 3490 1526 causam

1931 1554 2106 1620 affert,
2129 1557 2316 1611 dicens
2343 1576 2354 1609 :
2382 1558 2679 1624 «Quoniam
2713 1560 2910 1613 malum
2933 1561 3170 1615 meditati
3204 1569 3330 1616 sunt
3358 1577 3490 1614 con-

1932 1647 2119 1700 silium
2166 1647 2218 1701 in
2269 1651 2502 1718 seipsos,
2540 1651 2784 1706 dicentes
2830 1669 2842 1705 :
2903 1648 3212 1705 Vincicmus
3263 1650 3487 1720 justum,

1932 1735 2187 1806 quoniam
2215 1737 2420 1792 inutilis
2447 1739 2623 1793 nobis.
2665 1757 2684 1790 ιι

250 1854 350 1907 νην
382 1838 482 1908 τὴν
515 1840 653 1895 κατὰ
698 1842 791 1895 τοῦ
815 1845 1047 1914 Χριστοῦ
1077 1847 1377 1917 ἁμαρτίαν·
1421 1863 1439 1894 ‹
1465 1841 1601 1896 Οὐαὶ
1633 1836 1760 1907 γὰρ,
1789 1854 1806 1886 ›
1827 1833 1986 1904 φησιν
2024 1834 2051 1885 6
2072 1832 2248 1900 λόγος,
2278 1853 2295 1884 ι
2332 1837 2396 1904 τῇ
2440 1835 2582 1906 ψυχῇ
2614 1836 2817 1888 αὐτῶν·
2853 1854 2870 1886 ι
2899 1834 2991 1887 καλ⁵
3032 1833 3123 1886 τοῦ
3162 1827 3488 1900 ταλανισμοῦ

249 1929 350 2000 τὴν
415 1932 593 1986 αἰτίαν
657 1937 978 2007 προστίθησι
1022 1939 1082 2009 (1⁵.
1114 1939 1201 2010 46)
1267 1941 1474 2006 λέγων·
1527 1953 1544 1985 ‹
1586 1931 1729 1986 Διότι
1792 1924 2165 1996 βεϐούλευνται
2209 1925 2404 1996 βουλὴν
2458 1927 2699 1999 πονηρὰν
2756 1927 2875 1981 καθ’
2930 1926 3164 1988 ἑαυτῶν,
3207 1923 3486 1984 εἰπόντες·

248 2023 514 2093 Δήσωμεν
533 2025 622 2078 τὸν
670 2025 896 2092 δίκαιον,
925 2031 1006 2082 ὅτι
1031 2030 1362 2103 δύσχρηστος
1388 2032 1517 2100 ἡμῖν
1551 2028 1714 2078 ἐστιν.
1751 2041 1771 2071 ιι

778 2107 1168 2176 ΚΕΦΛΛΛΙΟΝ
1228 2124 1304 2178 r'.

329 2223 348 2254 ι
376 2207 515 2271 Λαός
547 2227 670 2279 μου,
701 2212 750 2265 οΞ
771 2214 1164 2286 μακαρίζοντες
1193 2216 1336 2287 ὑμᾶς
1352 2215 1622 2269 πλανῶσιν
1655 2217 1818 2288 ὑμᾶς.

247 2297 346 2349 καὶ
379 2297 474 2368 τὴν
504 2300 687 2369 τρίϐον
710 2303 815 2356 τῶν
849 2305 1020 2358 ποδῶν
1055 2306 1206 2376 ὑμῶν
1238 2307 1617 2378 ταράσσουσιν.
1665 2309 1822 2362 Ἀλλὰ

246 2384 346 2438 νῦν
369 2391 770 2459 καταστήσεται
817 2394 894 2454 είς
923 2394 1100 2464 κρίσιν
1138 2396 1360 2466 Κύριος,
1396 2398 1489 2451 καὶ
1520 2400 1705 2471 στήσει
1733 2402 1821 2453 τὸν

247 2476 378 2529 λαὸν
414 2478 597 2531 αὐτοῦ.
629 2480 800 2544 Αὐτὸς
855 2482 1056 2554 Κύριος
1094 2487 1171 2549 εἰς
1203 2485 1380 2555 κρίσιν
1398 2484 1516 2558 ἥξει
1554 2487 1692 2558 μετὰ
1714 2489 1820 2542 τῶν

246 2567 637 2640 πρεσϐυτέρων
668 2571 761 2624 τοῦ
796 2572 948 2636 λαοῦ,
981 2576 1072 2627 καὶ
1106 2575 1245 2645 μετά
1278 2577 1386 2630 τῶν
1429 2579 1702 2650 ἀρχόντων
1730 2581 1822 2633 a6-

245 2653 366 2706 τοῦ.
394 2672 415 2705 ι
439 2656 551 2708 Ούκ
579 2655 750 2711 ἔοικε)
773 2661 864 2713 ἐπὶ
896 2662 986 2714 τὸν
1016 2663 1124 2716 τῶν
1158 2665 1292 2718 ὅλων
1313 2666 1443 2721 Θεὸν
1457 2669 1820 2741 ἀναφέρεσθαι

248 2744 330 2806 τὸ,
352 2765 369 2794 ι
394 2743 508 2798 Νῦν
539 2751 932 2821 καταστήσεται
973 2755 1051 2816 είς
1078 2754 1256 2825 κρίσιν
1286 2755 1552 2826 Κύριος·›
1595 2760 1686 2813 καὶ
1714 2761 1818 2829 μά-

244 2835 406 2888 λιστα
433 2839 512 2901 τὺ,
554 2857 572 2888 ι
601 2840 772 2903 Αὐτὸς
809 2842 1010 2914 Κύριος
1056 2848 1133 2908 εἰς
1180 2845 1360 2918 κρίσιν
1391 2850 1510 2920 ἥξει
1542 2850 1682 2920 μετά
1711 2852 1819 2904 τῶν

247 2928 635 3002 πρεσϐυτέρων
668 2931 761 2985 τοῦ
801 2933 951 2996 λαοῦ,
975 2937 1068 2989 καὶ
1119 2938 1254 3007 μετά
1289 2940 1396 2992 τῶν
1429 2943 1700 3013 ἀρχόντων
1727 2946 1821 2998 αὐ·

241 3022 342 3074 τοῦ
367 3038 382 3052 ·
421 3041 438 3071 ι
460 3024 684 3094 ἁρμόζοι
718 3026 760 3078 δ’
793 3025 857 3080 ἂν
912 3031 1038 3100 περὶ
1067 3030 1160 3084 τοῦ
1194 3030 1327 3084 Θεοῦ
1373 3033 1568 3102 Λόγου,
1613 3037 1818 3108 Κυρίου

245 3114 343 3166 καὶ
399 3114 563 3168 αὑτοῦ
609 3111 1065 3188 χρηματίζοντος,
1121 3122 1294 3177 ταῦτα
1347 3126 1816 3197 προφητεύεσθαι·

247 3207 342 3257 καὶ
384 3206 492 3277 γὰρ
534 3203 626 3261 οὖν
671 3209 832 3274 αὐτὸς
875 3213 902 3262 ὁ
935 3212 1228 3284 κηρυχθεὶς
1263 3217 1396 3268 πᾶσι
1445 3221 1556 3281 τοῖς
1604 3218 1707 3272 ὑπὸ
1730 3219 1820 3273 τὸν

242 3296 475 3367 οὐρανὸν
499 3299 634 3352 Θεοῦ
663 3300 833 3370 Λόγος
851 3305 931 3366 εἰς
952 3305 1129 3375 κρίσιν
1154 3305 1290 3376 μετὰ
1310 3308 1526 3362 πάντων
1552 3314 1821 3381 καταπή-

248 3404 424 3451 σεται,
464 3391 587 3462 μηδ’
618 3393 700 3445 ἐνὶ
727 3394 834 3447 τῶν
866 3396 1074 3449 ἀσεϐῶν
1103 3399 1284 3468 χώραν
1312 3399 1486 3464 διδοὺς
1504 3402 1815 3470 ἀπολογίας,

246 3478 344 3529 ἆτε
366 3479 446 3542 είς
477 3479 573 3543 τὰς
595 3480 848 3536 ἀπάντων
885 3485 1052 3548 ἀκοὰς
1091 3485 1488 3557 διαδραμούσης
1524 3489 1686 3542 αὑτοῦ
1720 3490 1817 3560 τῆς

241 3567 624 3635 διδασκαλίας·
654 3573 774 3643 ἥξει
799 3574 844 3627 δ’
872 3577 951 3638 είς
975 3576 1152 3647 κρίσιν
1175 3579 1380 3648 Ἰησοῦς
1413 3581 1644 3651 Χριστὸς
1681 3581 1818 3651 μετά

245 3659 354 3714 τῶν
402 3662 784 3736 πρεσϐυτέρων
812 3667 1044 3736 μάλιστα
1088 3667 1181 3721 τοῦ
1214 3669 1342 3723 λαοῦ
1376 3670 1469 3724 καὶ
1527 3671 1664 3742 μετά
1712 3674 1818 3728 τῶν

244 3751 522 3822 ἀρχόντων
548 3755 734 3820 αὑτοῦ,
767 3753 854 3810 οἷα
898 3757 962 3830 δὴ
994 3759 1170 3813 αὐτῶν
1210 3762 1673 3832 ὲπισυναχθέντων
1699 3767 1815 3818 κατ’

243 3843 435 3906 αὐτοῦ,
485 3849 578 3900 καὶ
630 3849 728 3919 τὴν
775 3849 1065 3922 ἐπιϐουλὴν
1103 3853 1251 3924 αὑτῷ
1290 3858 1811 3927 συσκευασαμένων·

243 3936 294 3988 οἳ
332 3939 423 3991 καὶ
463 3940 850 4010 μακαρίζοντες
880 3943 970 3997 τὸν
992 3945 1291 4017 ἀρχόμενον
1323 3949 1413 4000 ὑπ’
1447 3949 1626 4022 αὐτῶν
1665 3949 1811 4012 λαὸν,

242 4028 492 4094 ὲπλᾴνων
529 4033 710 4096 αὐτὸν,
742 4033 989 4102 λέγοντες
1025 4036 1084 4088 16
1120 4039 1351 4110 πονηρὸν
1374 4038 1554 4105 καλὸν,
1581 4042 1816 4106 καὶτοὺς

244 4121 443 4186 καλοὺς
473 4123 566 4176 τοῦ
620 4125 870 4196 Σωτῆρος
912 4127 1068 4198 ἡμῶν
1111 4129 1300 4198 λόγους
1343 4133 1610 4206 πονηροὺς
1649 4133 1814 4206 ὑπάρ-

242 4228 361 4280 χειν
406 4214 846 4286 ἀποφαινόμενοι.

776 4332 1168 4386 ΚΕΦΑΛΑΙΟΝ
1220 4337 1292 4388 Δ⁹.

318 4431 336 4462 ι
363 4414 470 4467 Καὶ
503 4415 797 4484 προσέθετο
819 4417 1022 4488 Κύριος
1042 4419 1271 4491 λαλῆσαι
1299 4423 1377 4494 τῷ
1411 4425 1595 4496 Ἀχάξ,
1618 4426 1809 4496 λέγων·

238 4503 470 4572 Δίτησαι
499 4505 707 4574 σεαυτῷ
751 4511 973 4578 σημεῖον
997 4511 1147 4582 παρὰ
1187 4514 1392 4584 Κυρίου
1439 4515 1573 4569 Θεοῦ
1612 4535 1702 4572 σου
1733 4523 1813 4584 είς

241 4592 424 4662 βάθος,
462 4595 493 4665 ἢ
528 4598 608 4660 είς
631 4597 781 4666 ὕψος.
806 4599 911 4652 Καὶ
944 4595 1276 4674 εἷπενἈχάζ
1295 4623 1307 4635 ·
1350 4607 1423 4660 Οὐ
1462 4607 1534 4680 μὴ
1572 4612 1807 4683 αἰτήσω,

234 4685 362 4774 οῦδὲ
398 4686 471 4757 μὴ
501 4689 744 4758 πειράσω
790 4689 1010 4761 Κύριον.
1043 4695 1151 4748 Καὶ
1192 4691 1375 4750 εἶπεν·
1417 4699 1702 4757 ’Δκούσατε
1721 4705 1803 4774 δὴ.

2537 2110 2762 2166 CAPUT
2794 2109 2882 2164 111.

1999 2224 2015 2253 ι
2053 2203 2256 2274 Populc
2289 2221 2462 2267 meus,
2500 2205 2591 2275 qui
2617 2213 2667 2260 te
2695 2206 2910 2260 beatum
2935 2203 3139 2265 dicunt,
3177 2202 3278 2273 ipsi
3311 2209 3361 2253 te
3391 2199 3486 2255 de-

1922 2290 2153 2367 cipiunt,
2185 2305 2239 2351 et
2282 2297 2423 2351 viam
2476 2311 2760 2365 gressuum
2799 2304 3016 2350 tuorum
3048 2294 3337 2364 dissipant.
3369 2290 3485 2345 Stat

1925 2388 1992 2442 ad
2039 2387 2396 2458 judicandum
2451 2386 2734 2451 Dominus,
2777 2395 2829 2441 et
2864 2393 2970 2441 stat
3017 2385 3080 2440 ad
3129 2384 3483 2455 judicandum

1923 2479 2182 2548 populum
2212 2493 2394 2532 suum.
2436 2477 2696 2534 Dominus
2749 2479 2812 2531 ad
2860 2476 3125 2547 judicium
3155 2475 3332 2530 veniet
3360 2491 3483 2529 cum

1922 2572 2144 2627 senibus
2177 2571 2381 2642 populi,
2412 2582 2464 2625 et
2500 2570 2835 2640 principibus
2879 2568 2998 2637 ejus
3025 2569 3060 2620 ¹.
3107 2587 3124 2618 ι
3156 2566 3270 2620 Non
3297 2566 3483 2620 viden-

1921 2673 2010 2718 tur
2037 2665 2102 2719 de
2123 2664 2362 2718 onmium
2393 2663 2502 2717 Deo
2533 2662 2642 2716 haec
2677 2660 2891 2723 referri,
2926 2679 2943 2709 ι
2985 2657 3137 2713 Nunc
3164 2665 3268 2713 stat
3303 2657 3367 2711 ad
3395 2657 3484 2726 ju-

1921 2755 2214 2810 dicandum
2250 2753 2535 2817 Dominus,
2574 2773 2591 2805 ι
2617 2763 2670 2808 et
2706 2754 3026 2823 prtesertim,
3067 2771 3084 2802 ‹
3124 2750 3384 2804 Dominus
3417 2750 3480 2802 ad

1917 2847 2186 2915 judicium
2216 2848 2394 2902 veniet
2427 2862 2548 2901 cum
2583 2847 2805 2902 senibus
2836 2846 3040 2916 populi,
3064 2853 3118 2898 et
3147 2843 3483 2914 principibus

1919 2941 2059 3011 ejus.
2111 2962 2128 2994 ι
2160 2941 2350 2996 Melius
2371 2941 2438 2995 ad
2466 2941 2556 2996 Dei
2584 2940 2842 3004 Verbum,
2878 2941 3168 3010 ipsumque
3197 2938 3482 2992 Dominum

1920 3043 2194 3096 vocatum,
2234 3035 2348 3090 haec
2382 3033 2592 3104 Spectat
2635 3033 2935 3103 prephetia.
2975 3031 3183 3085 Etenim
3237 3030 3352 3100 ipse
3396 3045 3485 3081 an-

1919 3128 2200 3181 nuntiatus
2233 3128 2487 3182 onmibus
2511 3143 2628 3197 qua:
2665 3127 2768 3181 sub
2809 3126 2962 3180 cmlis
2994 3132 3121 3180 sunt
3159 3123 3324 3191 judex
3365 3136 3482 3174 om-

1920 3220 2069 3273 nium
2106 3218 2198 3273 Dei
2240 3217 2474 3274 Verbum
2525 3221 2906 3281 constituetur,
2938 3233 3113 3287 neque
3149 3217 3242 3270 ulli
3287 3215 3479 3283 impio-

1920 3328 2039 3365 rum
2103 3313 2476 3367 excusationis
2540 3313 2716 3366 locum
2767 3311 2953 3374 dabit,
2985 3311 3182 3380 quippe
3235 3323 3359 3361 cum
3414 3305 3480 3359 ad

1921 3402 2352 3470 uniuscujusque
2401 3401 2646 3454 auditum
2693 3399 2999 3470 pervenerit
3042 3399 3161 3469 ejus
3207 3395 3476 3451 doctrina.

1924 3493 2110 3547 Veniet
2153 3492 2218 3546 ad
2253 3492 2520 3562 judicium
2572 3491 2731 3548 Jesus
2773 3491 3024 3547 Christus
3074 3505 3197 3545 cum
3255 3487 3479 3544 senibus

1921 3586 2216 3655 prarsertim
2250 3586 2430 3656 populi
2458 3591 2510 3641 et
2535 3600 2658 3639 cum
2687 3583 3020 3655 principibus
3050 3583 3189 3651 ejus,
3216 3580 3472 3650 quoniam

1920 3675 1994 3730 illi
2040 3675 2304 3730 adversus
2331 3690 2452 3730 eum
2484 3674 2797 3744 congregati
2841 3683 2986 3737 sunt,
3037 3672 3196 3742 eique
3249 3668 3478 3724 insidias

1919 3775 2256 3822 struxerunt.
2305 3767 2408 3833 Qui
2443 3775 2498 3822 ct
2549 3767 2765 3822 beatum
2817 3765 3060 3821 dicentes
3101 3764 3358 3835 populum
3389 3762 3474 3818 cui

1917 3873 2207 3933 praeerant,
2253 3879 2375 3918 eum
2428 3862 2799 3933 decipiebant,
2837 3861 3034 3915 malum
3079 3875 3178 3932 pro
3225 3861 3366 3915 bono
3394 3860 3477 3914 di-

1917 3962 2139 4018 centes,
2191 3955 2532 4025 optimosque
2607 3951 2906 4008 Salvatcris
2964 3952 3136 4008 nostri
3199 3967 3477 4007 sermones

1917 4045 2073 4116 quasi
2104 4047 2373 4116 pessimos
2398 4045 2692 4101 criminati.

2507 4336 2735 4392 CAPUT
2789 4335 2877 4390 1V.

1990 4451 2009 4483 ι
2043 4430 2107 4484 Et
2140 4429 2338 4498 adjecit
2390 4427 2651 4482 Dominus
2703 4429 2846 4496 loqui
2892 4425 2958 4479 ad
2989 4424 3188 4487 Achaz,
3229 4425 3417 4480 dicens
3456 4445 3470 4480 :

1915 4523 2039 4578 Pete
2070 4521 2166 4575 tibi
2205 4521 2417 4591 signum
2449 4535 2477 4572 a
2515 4517 2743 4572 Domino
2793 4517 2901 4572 Deo
2927 4526 3021 4572 tuo
3045 4518 3098 4571 in
3147 4516 3473 4586 profundum

1913 4611 2134 4672 inferni,
2170 4611 2284 4665 sive
2332 4609 2385 4664 in
2435 4609 2710 4663 excelsum
2747 4623 2935 4678 supra.
2981 4605 3046 4660 Et
3086 4605 3222 4660 dixit
3253 4605 3470 4660 Achaz:

1912 4703 2030 4758 Non
2077 4711 2279 4772 petam,
2321 4709 2372 4756 et
2409 4717 2515 4756 non
2565 4702 2785 4755 tentaho
2837 4699 3146 4755 Dominum.
3188 4699 3250 4753 Et
3289 4700 3469 4754 dixit:

235 4769 384 4837 οἶκος
416 4775 595 4866 Δαυῖδ·
617 4777 710 4866 Μὴ
743 4779 934 4849 μικρὸν
959 4781 1085 4850 ὑμῖν
1109 4783 1294 4850 ἀγῶνα
1320 4789 1576 4860 παρέχειν
1596 4769 1805 4866 ἀνθριὶι-

1921 4769 2108 4849 Audite
2140 4810 2295 4864 ergo,
2329 4794 2529 4848 domus
2554 4792 2720 4846 David
2753 4812 2767 4847 :
2801 4791 3067 4864 Numquid
3101 4807 3289 4861 parum
3321 4791 3472 4845 vobis

237 4880 381 4928 ποις,
409 4865 502 4916 καὶ
552 4865 666 4930 πῶς
711 4869 897 4938 Κυρίῳ
930 4872 1195 4942 παρέχετε
1232 4877 1450 4944 ἀγῶνα;
1503 4883 1601 4936 Διὰ
1649 4865 1806 4940 τοῦτο

1921 4897 2008 4950 ast,
2047 4888 2315 4941 molestos
2341 4903 2464 4942 esse
2498 4885 2832 4951 hominibus,
2856 4886 2983 4955 quia
3013 4886 3223 4939 molesti
3254 4883 3387 4938 estis
3419 4888 3474 4936 et

230 4954 395 5007 δώσει
424 4955 624 5026 Κύριος
652 4959 809 5023 αὐτὸς
837 4961 962 5030 ὑμῖν
997 4968 1217 5034 σημεῖον
1237 4984 1250 4998 ·
1295 4968 1442 5033 Ἰδοὺ,
1471 4975 1502 5043 ἡ
1537 4975 1805 5046 παρθένος

1906 4981 2015 5035 Deo
2050 4980 2212 5034 meo?
2245 4979 2474 5050 Propter
2509 4977 2612 5032 hoc
2653 4978 2803 5033 dabit
2845 4977 3107 5031 Dominus
3156 4977 3270 5044 ipse
3320 4973 3471 5027 vobis

231 5048 293 5098 ὲν
323 5048 520 5117 γαστρὶ
553 5047 800 5118 λήψεται,
825 5053 918 5104 καὶ
945 5053 1156 5118 τέξεται
1191 5057 1303 5110 υἱόν
1323 5078 1335 5090 ·
1356 5062 1448 5114 καὶ
1474 5063 1720 5130 καλέσεις
1743 5070 1803 5122 τὸ

1921 5074 2142 5142 signum.
2181 5071 2322 5126 Ecce
2357 5047 2534 5141 virgo
2568 5069 2860 5140 concipiet,
2891 5078 2944 5124 et
2984 5070 3158 5139 pariet
3189 5067 3376 5129 lilium,
3416 5077 3470 5120 et

228 5136 404 5206 ὄνομα
453 5138 613 5190 αὐτοῦ
651 5141 1024 5216 Ἐμμανουήλ·
1071 5146 1326 5219 βούτυρον
1355 5153 1446 5206 καὶ
1480 5153 1799 5228 μέλιφάγε-

228 5245 340 5320 ται,
367 5229 492 5320 πρίν
510 5229 550 5320 γῆ
578 5230 776 5320 γνῶναι
802 5235 960 5288 αὑτὸν
994 5237 1025 5308 ἢ
1055 5230 1369 5310 προελέσθαι
1400 5249 1627 5320 πονηρὰ,
1651 5253 1802 5307 ἐκλέ-

229 5317 385 5414 gerat
412 5317 473 5371 16
495 5319 723 5414 ἀγαθόν·
749 5322 900 5414 ᾷιότι,
925 5329 1051 5399 πρὶν
1072 5331 1102 5400 ἢ
1124 5332 1324 5400 γνῶναι
1353 5337 1413 5388 τὸ
1442 5317 1648 5394 παιδίον
1669 5344 1803 5414 ἀγά-

230 5405 325 5504 θον
359 5406 389 5476 ἢ
421 5407 609 5504 κακὸν,
647 5412 863 5466 ἀπειθεῖ
903 5421 1157 5491 πονηρίᾳ,
1189 5423 1504 5490 ἐκλέξασθαι
1552 5432 1611 5484 τὸ
1661 5405 1798 5504 ἀγα-

227 5495 344 5598 θόῖ.
366 5518 402 5600 ἐ
428 5501 509 5600 Ol.
537 5503 610 5574 μὴ
660 5506 1089 5600 παραδεχόμενοι
1131 5513 1242 5568 τῶν
1284 5519 1348 5571 ἐκ
1379 5525 1676 5596 περιτομῆς
1701 5495 1798 5600 τὴν

228 5587 323 5640 τοῦ
366 5589 612 5684 Σωτῆρος
649 5593 805 5665 ἡμῶν
850 5597 1020 5666 Ἰησοῦ
1057 5602 1293 5674 Χριστοῦ
1320 5587 1802 5684 παρουσίανλεγέ-

229 5696 410 5734 τωσαν
451 5683 536 5746 τίς
583 5686 614 5755 ἡ
667 5686 950 5758 παρθένος,
985 5692 1016 5761 ἡ
1051 5693 1192 5746 κατά
1229 5696 1324 5768 τὴν
1366 5706 1697 5774 προφητείαν
1727 5683 1803 5763 γὲν

303 5835 318 5864 ί
355 5833 456 5891 lsa.
497 5853 577 5904 Ill,
625 5839 806 5898 12-”.
883 5846 901 5875 ³
933 5843 1037 5900 lsa.
1075 5863 1168 5917 vn,
1209 5850 1381 5907 10-16.

1903 5164 2187 5220 vocabitur
2215 5180 2412 5218 nomen
2446 5164 2567 5233 ejus
2593 5163 2931 5218 Emmanuel.
2971 5162 3232 5234 Butyrum
3277 5169 3331 5216 et
3365 5161 3469 5217 mel

1908 5257 2174 5318 comedet,
2203 5264 2261 5310 ut
2295 5257 2432 5312 sciat
2479 5257 2770 5326 reprobare
2801 5258 3022 5322 malum,
3055 5265 3108 5312 et
3142 5256 3342 5325 eligere
3372 5254 3470 5309 bo-
3557 5301 3560 5307 .

1907 5365 2060 5403 num.
2097 5347 2231 5414 Quia
2265 5358 2551 5417 antequam
2607 5349 2742 5402 sciat
2785 5365 2916 5417 puer
2949 5347 3236 5417 reprobare
3270 5345 3466 5399 malum

1906 5447 1958 5493 et
1991 5441 2190 5508 eligere
2223 5440 2444 5500 bonum,
2483 5449 2693 5492 nonest
2723 5438 2982 5493 obediens
3013 5438 3252 5501 malitiaz,
3291 5446 3349 5491 ut
3382 5453 3468 5492 se-

1907 5531 2037 5602 ligat
2067 5533 2268 5586 bonum
2288 5534 2329 5583 ².
2370 5552 2388 5583 ι
2415 5530 2528 5584 Νοιι
2549 5531 2875 5600 accipientes
2899 5529 2991 5598 qui
3013 5545 3079 5584 ex
3104 5529 3470 5583 circumcisio-

1907 5639 1974 5676 ne
2007 5632 2154 5687 sunt,
2191 5620 2494 5676 Salvatoris
2530 5621 2700 5674 nostri
2746 5617 2874 5675 Jesu
2907 5617 3112 5674 Christi
3152 5617 3464 5679 adventum,

1907 5714 2094 5770 dicant
2128 5730 2374 5784 quzenam
2422 5714 2492 5770 sit
2537 5715 2650 5770 lucc
2685 5713 2856 5785 virgo,
2889 5727 3009 5784 qua:
3037 5710 3189 5782 juxta
3233 5709 3463 5782 prophe-
