3974 6512
296 410 439 466 1⁸203

1316 421 1607 479 ECLOGA:
1648 425 2131 488 raornmcm.
2174 464 2239 474 —
2289 434 2414 490 un.
2462 420 2571 492 κνᾷ

3394 445 3531 501 ΙΞθϐ

290 529 504 585 παιδίον
550 531 731 584 καλεῖν
782 534 989 605 πατέρα
1024 536 1054 606 ἢ
1093 538 1321 608 μητέρα,
1358 538 1584 609 λήψεται
1638 542 1854 614 δύναμιν

1964 559 2057 602 aut
2098 561 2348 617 matrem,
2382 554 2613 625 accipiet
2662 562 2979 626 potestatem
3017 554 3284 619 Damasci,
3317 567 3367 612 et
3399 575 3530 629 δυο-ο

285 623 607 695 Δαμασκοῦ,
652 627 744 679 καὶ
783 627 849 679 τὰ
902 628 1073 683 σκῦλα
1109 631 1417 703 Σαμαρείας
1447 634 1684 687 ἐναντίον
1710 636 1862 705 βασι-

284 717 426 780 λέως
468 718 785 789 Ἀσσυρίων.
820 739 837 771 ι
892 721 1011 773 Ἐπὶ
1049 726 1114 793 τῇ
1151 724 1243 778 τοῦ
1281 725 1560 795 μέλλοντος
1592 728 1864 781 ἀποτελεῖ-

284 809 413 865 σθαι
472 811 772 881 παραδόξου
825 814 1111 884 ἀναγραφῇ
1159 817 1323 885 τόμον
1384 818 1568 871 καινοῦ
1629 820 1861 889 μεγάλου

280 905 536 975 ἀγράφου
594 905 990 975 προστάσσεται
1038 906 1218 960 λαϐεῖν
1260 912 1288 961 ὁ
1335 912 1651 981 προφήτης·
1684 912 1750 964 δι’
1800 907 1860 964 οὗ

280 993 576 1065 δηλοῦσθαι
617 995 821 1065 νομίζω
849 997 908 1049 τὸ
934 999 1031 1067 τῆς
1068 1001 1275 1070 Καινῆς
1310 1002 1582 1075 Διαθήκης
1622 1005 1863 1072 Εὐαγγέ-

281 1085 428 1138 λιον·
465 1086 599 1140 ἀλλά
634 1087 725 1139 καὶ
774 1088 1056 1160 μάρτυρας
1088 1092 1165 1162 τῷ
1198 1095 1385 1165 Κυρίῳ
1414 1096 1739 1166 ποιήσασθαι
1770 1116 1861 1151 πι-

282 1178 445 1241 στοὺς
476 1178 815 1249 ἀνθρώπους,
843 1175 918 1234 ὧν
950 1184 979 1235 ό
1011 1186 1108 1255 μὲν
1141 1189 1317 1258 ἱερεὺς
1348 1189 1561 1257 λέγεται
1592 1187 1748 1257 εἶναι,
1771 1194 1859 1246 ὁδ’

279 1267 489 1341 ἱτερος,
536 1267 711 1341 οἶμαι,
744 1276 1026 1346 προφήτης
1067 1274 1165 1349 ἦν’
1201 1280 1472 1352 μέμνηται
1517 1284 1645 1353 γοῦν
1696 1287 1859 1341 αὐτοῦ

279 1361 377 1414 καὶ
410 1363 443 1432 ἡ
470 1361 578 1414 τῶν
621 1363 1109 1438 Παραλειπομένων
1140 1374 1324 1443 γραφή
1347 1389 1359 1403 ·
1407 1373 1500 1438 οὓς
1540 1376 1635 1429 κει)⁹
1663 1378 1861 1442 αὐτοὺς

278 1452 651 1523 ὑπολαμϐάνω
679 1456 945 1526 σύμϐολον
972 1456 1109 1514 εἶναι
1137 1463 1244 1516 τῶν
1273 1469 1773 1539 μεμαρτυρηκότων
1792 1474 1857 1541 τῇ

276 1544 373 1597 τοῦ
406 1544 656 1617 Σωτῆρος
689 1550 843 1619 ἡμῶν
888 1552 1061 1623 Ἰησοῦ
1094 1555 1328 1626 Χριστοῦ
1368 1562 1639 1631 παρουσίᾳ
1669 1560 1730 1632 (f.
1767 1562 1857 1631 47)

277 1638 597 1707 προφητῶν,
621 1642 714 1693 καὶ
740 1642 847 1694 τῶν
875 1646 953 1707 εἰς
981 1643 1070 1698 τὸν
1102 1646 1264 1699 αὐτοῦ
1302 1648 1472 1703 τύπον
1504 1653 1668 1705 πάλαι
1690 1654 1857 1706 καθε-

278 1728 502 1783 στώτων
550 1732 757 1803 ἱερέων.
798 1736 953 1789 Μετὰ
993 1738 1164 1791 ταῦτα
1212 1739 1463 1809 λέγεται·
1500 1762 1520 1795 ι
1558 1747 1666 1798 Καὶ
1689 1763 1856 1817 προσ-

274 1819 443 1889 ῆλθον
472 1823 606 1893 πρὸς
638 1824 737 1896 τὴν
768 1829 1057 1899 προφῆτιν,
1094 1834 1184 1886 καὶ
1211 1835 1268 1887 ὲν
1296 1838 1493 1907 γαστρὶ
1528 1837 1685 1890 ἔλαϐε
1713 1880 1726 1903 ,
1766 1842 1858 1893 καὶ

274 1910 466 1966 ἔτεκεν
488 1915 623 1979 υἱὸν,
652 1938 669 1969 ι
686 1919 777 1972 καὶ
793 1920 860 1972 τὰ
885 1921 1029 1992 ἑξῆς.
1064 1924 1277 1997 Σφόδρα
1300 1926 1355 1979 δὲ
1381 1929 1624 1999 ἀπρεπὲς
1644 1933 1741 1983 καὶ
1762 1934 1859 2002 τῆς
1892 1913 1932 1965 Β

272 2009 621 2078 προφητικῆς
674 2013 998 2083 σεμνότητός
1041 2033 1099 2068 τε
1153 2019 1245 2070 καὶ
1289 2019 1653 2093 καθαρότητος
1698 2022 1857 2076 ἀλλό-

268 2112 425 2168 τριον
467 2100 529 2151 τὸ
563 2103 866 2174 προχείρως
913 2105 1085 2171 οὕτως
1121 2110 1328 2164 οἴεσθαι
1363 2112 1453 2165 τὸν
1491 2116 1778 2186 προφήτην
1802 2119 1858 2169 ὲν

265 2192 426 2263 αὐτῷ
457 2194 535 2263 τῷ
564 2194 935 2269 θεοφορεῖσθαι
988 2200 1101 2255 ἐπὶ’
1127 2204 1418 2276 μαρτύρων
1447 2206 1555 2258 τῶν
1604 2207 1859 2279 προδεδη-

271 2284 536 2356 λωμένων
588 2292 869 2356 κοινωνίας
922 2295 1079 2366 χάριν
1132 2299 1361 2368 αἰσχρᾶς
1407 2298 1857 2369 προσεληλυθέναι

270 2377 495 2442 γυναικλ⁵
529 2382 815 2453 προφήτιδι
850 2386 943 2437 καὶ
977 2388 1140 2459 αὑτῇ’
1188 2390 1313 2442 ποία
1345 2390 1400 2444 δὲ
1433 2391 1534 2445 κᾶν
1565 2393 1858 2464 πιθανότης

269 2467 527 2537 τολμάτω
551 2474 863 2543 προσελθεῖν
886 2479 1047 2532 αὑτὸν
1070 2482 1443 2552 συνειληφέναι
1466 2485 1559 2536 καὶ
1580 2487 1855 2540 τετοκέναι

270 2561 447 2632 αὐτὴν
477 2564 619 2617 υἱόν
660 2566 794 2622 ἀλλὰ
832 2570 936 2641 γὰρ
981 2570 1199 2641 ἔχεσθαι
1231 2574 1328 2626 καὶ
1362 2575 1564 2646 ταύτην
1598 2576 1694 2647 τὴν
1726 2596 1855 2648 προ-

270 2653 503 2723 φητείαν
530 2656 767 2729 ἡγοῦμαι
802 2660 895 2714 τοῦ
922 2661 1013 2715 νοῦ
1036 2666 1133 2734 τῆς
1176 2665 1617 2737 προεκτεθείσης,
1642 2667 1762 2721 καθ’
1789 2669 1855 2739 ἣν

272 2744 489 2817 εἴρητο·
523 2768 541 2801 ι
595 2750 722 2805 Ἰδοὺ
775 2755 806 2824 ή
853 2755 1122 2826 παρθένος
1169 2756 1227 2808 ἐν
1275 2757 1473 2830 γαστρὶ
1530 2757 1789 2827 λήψει-αι’
1830 2778 1848 2809 ι

269 2840 454 2893 ἐκεῖσε
479 2841 579 2911 μὲν
610 2844 717 2916 γὰρ
739 2847 1017 2920 ἐνγαστρὶ
1053 2847 1315 2920 λήψεσθαι
1348 2851 1441 2904 καὶ
1467 2850 1714 2916 τέξεσθαι
1740 2852 1853 2905 υίὸν

271 2932 604 3003 προὺλέγετο
651 2938 684 3007 ἡ
733 2940 1036 3011 παρθένος⁶
1086 2942 1319 2996 ἐνταῦθα
1354 2943 1410 2996 δὲ
1460 2944 1553 2997 καὶ
1586 2947 1613 2997 ό
1656 2945 1853 3016 τρόπος

269 3023 397 3077 καθ’
422 3025 481 3078 ὃν
509 3028 681 3098 πέρας
709 3029 937 3103 εἴληφεν
960 3033 993 3099 ἡ
1034 3034 1342 3105 προφητεία
1370 3034 1620 3105 δηλοῦται
1643 3053 1656 3065 ·
1700 3056 1717 3087 ι
1765 3037 1851 3089 Ἐν

268 3116 471 3187 γαστρὶ
519 3118 656 3190 γάρ,
691 3120 874 3190 φησὶν,
923 3121 1113 3193 ἔλαϐε,
1144 3125 1238 3177 καὶ
1308 3124 1493 3185 ἔτεκεν
1526 3127 1663 3180 υίόν.
1708 3146 1727 3179 ι
1756 3126 1850 3190 Τίς

1966 641 2034 693 lia
2083 640 2342 699 Samariae
2386 661 2568 699 coram
2617 662 2743 717 rege
2789 647 3133 718 Assyriorum
3176 650 3214 701 ⁸.
3268 671 3284 699 ι
3322 650 3400 703 Ad
3433 652 3534 703 mi-

1964 735 2164 791 randas
2196 752 2283 792 res
2311 754 2431 808 quae
2463 740 2657 795 futurae
2703 748 2857 795 erant
2887 741 3308 797 conscribendas
3337 743 3533 797 librum

1964 839 2161 878 novum
2195 837 2248 880 et
2281 830 2538 897 grandem
2588 845 2803 884 sumere
2841 829 3065 898 jubetur
3109 830 3395 900 propheta,
3426 846 3537 900 quo

1964 916 2254 986 signiﬁcari
2275 919 2469 988 opinor
2496 920 2630 975 Novi
2665 920 2995 976 Testamenti
3024 921 3396 992 Evangelium.
3428 922 3537 977 Sed

1962 1015 2015 1063 et
2048 1016 2216 1065 testes
2263 1010 2489 1066 Domino
2534 1021 2593 1067 ut
2641 1014 2840 1068 faceret
2879 1013 3062 1070 ﬁdeles
3097 1015 3365 1077 homines,
3394 1030 3533 1083 quo-

1964 1116 2082 1154 rum
2116 1104 2331 1174 quidem
2365 1120 2505 1160 unus
2539 1106 2792 1160 sacerdos
2817 1122 2939 1161 esse
2980 1107 3197 1169 dicitur,
3234 1107 3374 1162 alius
3406 1123 3538 1161 vero

1963 1195 2223 1267 propheta
2249 1202 2397 1262 erat;
2448 1196 2692 1249 meminit
2741 1195 2906 1259 igitur
2929 1196 3048 1260 ejus
3079 1204 3131 1250 et
3168 1195 3537 1267 Paralipome-

1961 1299 2070 1339 non
2104 1283 2384 1354 Scriptura
2411 1302 2425 1348 ;
2458 1301 2594 1356 quos
2643 1294 2695 1339 et
2724 1287 2875 1355 ipsos
2921 1288 3171 1357 suspicor
3200 1296 3383 1359 typum
3413 1285 3536 1343 esse

1960 1390 2145 1431 eorum
2180 1377 2271 1445 qui
2316 1374 2611 1431 Salvatoris
2656 1377 2832 1435 nostri
2874 1376 3004 1431 Jesu
3045 1378 3247 1433 Christi
3278 1379 3534 1433 adventui

1961 1476 2128 1525 testes
2154 1469 2281 1523 facti
2329 1478 2457 1523 sunt
2509 1469 2808 1540 prophetae,
2838 1478 2889 1524 et
2930 1471 3021 1539 qui
3058 1472 3111 1524 in
3147 1471 3266 1539 ejus
3307 1471 3533 1541 ﬁguram

1960 1564 2087 1617 olim
2125 1562 2409 1617 constituti
2450 1574 2576 1617 sunt
2619 1564 2950 1619 sacerdotes.
2987 1561 3118 1617 Post
3153 1563 3264 1617 bzrc
3290 1563 3530 1619 dicitur:

1966 1678 1991 1713 ιΔ
2023 1656 2090 1709 Ει
2121 1657 2327 1712 accessi
2357 1656 2423 1710 ad
2460 1643 2879 1728 prophetissam,
2912 1663 2963 1709 et
3007 1656 3060 1708 in
3113 1664 3268 1708 utero
3302 1655 3529 1724 accepit.

1959 1759 2013 1806 et
2063 1751 2269 1821 peperit
2318 1750 2505 1813 ﬁlium,
2543 1768 2561 1800 ι
2597 1759 2794 1818 etquae
2830 1754 3153 1816 sequuntur.
3212 1744 3534 1816 MagnOpeie

1960 1844 2177 1913 quidem
2219 1843 2499 1911 indignum
2543 1841 2856 1911 prophetica
2900 1839 3162 1908 dignitate
3204 1846 3258 1893 et
3303 1837 3534 1893 sinceri-

1961 1943 2071 1989 tate
2112 1934 2424 1988 existimare
2469 1933 2815 2003 prophetam,
2862 1930 3160 2000 praesertim
3210 1944 3334 1982 cum
3391 1929 3533 1984 inter

1962 2026 2250 2096 pradictos
2292 2032 2460 2079 ICSICS
2506 2024 2768 2078 divinitus
2809 2023 3127 2091 inspiratur,
3151 2021 3325 2089 turpis
3363 2034 3532 2074 causa

1960 2119 2222 2174 consortii
2252 2118 2319 2172 ad
2342 2119 2643 2179 mulierem,
2671 2116 3068 2186 prophetissam
3100 2113 3225 2167 licet
3250 2112 3529 2167 accedere.

1958 2210 2211 2280 Nunquid
2264 2209 2553 2264 verisimile
2596 2218 2711 2261 erat
2747 2222 2867 2262 eum
2914 2206 3236 2271 accessisse,
3290 2213 3344 2258 ct
3386 2204 3529 2256 illam

1959 2304 2279 2373 concepisse
2301 2312 2354 2357 et
2377 2302 2652 2372 peperisse
2670 2300 2874 2354 ﬁlium?
2896 2297 3062 2352 Nobis
3082 2298 3222 2352 enim
3248 2297 3387 2351 idem
3408 2312 3531 2351 esse

1957 2397 2168 2450 videtur
2196 2411 2389 2451 sensus
2408 2394 2589 2463 hujus,
2624 2408 2685 2447 ac
2701 2391 2899 2462 prioris
2920 2390 3233 2461 pr0phetize,
3257 2404 3361 2458 qua
3394 2388 3531 2440 dici-

1958 2496 2089 2542 tur:
2126 2506 2143 2537 ι
2185 2486 2322 2541 Ecce
2370 2488 2522 2555 virgo
2570 2486 2625 2538 in
2674 2491 2830 2538 utero
2876 2481 3148 2550 accipiet:
3192 2500 3209 2532 ι
3244 2482 3354 2535 illic
3384 2484 3527 2534 enim

1957 2582 2011 2636 in
2049 2589 2202 2635 utero
2233 2584 2577 2647 accepturam
2610 2587 2663 2631 et
2702 2576 2869 2629 ﬁlium
2911 2574 3206 2644 parituram
3252 2587 3373 2627 esse
3420 2572 3529 2625 vir-

1956 2672 2134 2743 ginem
2178 2669 2496 2742 praedictum
2530 2676 2678 2733 erat;
2728 2682 2873 2721 nunc
2920 2666 3007 2720 hic
3051 2666 3187 2720 ratio
3224 2663 3530 2718 ostenditur

1954 2777 2061 2833 qua
2086 2767 2280 2815 eventu
2312 2759 2536 2829 probata
2570 2765 2652 2812 est
2684 2757 2985 2828 prepbetia.
3027 2774 3044 2807 ι
3086 2757 3141 2809 ln
3173 2764 3327 2810 utero
3358 2756 3526 2816 enim,

1955 2854 2050 2917 ait,
2102 2853 2311 2925 accepit
2343 2861 2397 2907 et
2449 2850 2656 2920 peperit
2706 2848 2893 2902 ﬁlium.
2934 2867 2953 2900 ι
2982 2846 3116 2913 Quis
3166 2848 3330 2917 igitur
3377 2856 3525 2902 esset

1953 2946 2143 3001 dicens
2173 2964 2185 3000 :
2226 2964 2249 2996 ι
2286 2944 2503 2999 Accessi
2537 2944 2601 2997 ad
2640 2942 3057 3014 prophetissam,
3093 2961 3111 2993 ι
3148 2940 3253 2993 nisi
3288 2937 3525 3009 Spiritus

1953 3049 2199 3105 sanctus,
2230 3053 2262 3092 a
2302 3051 2413 3109 quo
2462 3037 2672 3091 aiﬂatus
2694 3035 2955 3107 propheta
3002 3032 3312 3095 divinabat,
3361 3039 3414 3085 et
3459 3030 3527 3083 de

1951 3149 2071 3204 quo,
2092 3132 2297 3189 dictum
2323 3140 2404 3188 est
2435 3129 2614 3185 Mariae
2644 3149 2655 3183 :
2696 3148 2714 3178 ‹
2747 3128 2984 3198 Spiritus
3018 3132 3242 3180 sanctus
3269 3137 3527 3192 superve-

270 3204 339 3300 ἂν
366 3201 461 3259 οὖν
488 3207 572 3278 εἴη
603 3210 630 3261 ὁ
669 3209 891 3279 φάσκων
922 3213 1010 3285 τὸ,
1036 3233 1053 3265 ι
1094 3215 1405 3287 Προσῆλθον
1431 3218 1567 3289 πρὸς
1596 3218 1691 3290 τὴν
1721 3237 1850 3291 προ-

1954 3201 2064 3281 niet
2102 3226 2157 3288 in
2208 3232 2288 3287 te,
2325 3234 2379 3276 et
2410 3223 2583 3276 virtus
2624 3219 2886 3275 Altissimi
2929 3215 3273 3272 obumbrabit
3301 3213 3399 3268 tibi
3426 3214 3467 3264 ³.
3503 3232 3519 3263 ι

269 3298 454 3369 φῇτιν,
491 3319 509 3351 ι
544 3300 576 3371 ἢ
607 3300 667 3353 τὸ
695 3302 916 3373 Πνεῦμα
944 3304 1003 3357 τὸ
1042 3306 1193 3377 ἆγιον
1216 3306 1277 3359 τὸ
1314 3307 1507 3368 λαλοῦν
1536 3310 1593 3361 ἐν
1615 3308 1693 3380 τῷ
1724 3327 1877 3382 προο,

270 3389 441 3462 φήτῃ,
477 3391 602 3461 περὶ
628 3384 688 3443 οὗ
737 3391 983 3465 λέλεκται
1018 3398 1083 3469 τῇ
1114 3396 1329 3480 Μαρίᾳο
1368 3418 1393 3459 ιι
1432 3399 1657 3469 Πνεῦμα
1682 3401 1853 3470 ’ἆγιον

268 3481 621 3536 ἐπελεύσεται
647 3484 738 3536 ἐπὶ
774 3485 851 3548 σὲ,
882 3487 973 3538 καὶ
998 3487 1221 3559 δύναμις
1260 3488 1511 3559 Ὑψίστου
1545 3493 1853 3546 ἐπισκιάσει

271 3588 375 3627 σοι.
418 3593 437 3625 ι
475 3575 565 3627 Διὸ
600 3576 691 3628 καὶ
734 3576 1002 3649 προφῆτις
1041 3580 1139 3649 οὐκ
1173 3562 1473 3651 ἀπεικότως
1498 3582 1589 3640 καὶ
1624 3583 1761 3653 αὐτὴ
1788 3581 1853 3636 ἂν

268 3666 487 3737 λεχθείη
508 3683 520 3696 ·
554 3668 662 3721 ἀπὸ
694 3668 825 3737 γοῦν
854 3669 950 3722 τοῦ
987 3670 1142 3738 ἁγίου
1178 3671 1491 3742 Πνεύματος
1518 3672 1855 3727 συλλαϐοῦσα

268 3757 459 3836 τέτοκε
503 3760 594 3812 τὸν
636 3762 813 3815 ἐκεῖσε
861 3761 961 3832 μὲν
1008 3763 1435 3835 ἐπικεκλημένοι]
1476 3766 1849 3837 Ἐμμανουὴλ,

268 3848 503 3909 ενταῦθα
524 3849 579 3902 δὲ
595 3850 767 3915 ἄλλως
795 3855 1333 3925 προσαγορευόμενον
1350 3872 1362 3883 '
1388 3876 1405 3908 ι
1430 3857 1672 3913 Κάλεσον
1723 3859 1850 3933 γὰρ,

270 3941 428 4013 φησὶ,
484 3942 546 3993 τὸ
608 3942 777 4012 ὄνομα
803 3944 895 3997 τοῦ
940 3946 1332 4017 ἀποτεχθέντος
1362 3948 1594 4013 παιδίου,
1629 3950 1853 4019 Ταχέως

272 4032 591 4099 σκύλευσον,
635 4034 803 4100 ὀξέως
837 4038 1236 4108 προνόμευσονο
1282 4060 1300 4092 ι
1340 4042 1433 4094 καὶ
1474 4041 1580 4114 γὰρ
1610 4043 1685 4105 ὡς
1724 4020 1855 4115 άλη-

270 4124 383 4189 θῶς
432 4126 757 4181 ἐσκύλευσεν
785 4122 939 4193 οὖτος
984 4133 1077 4195 καὶ
1122 4134 1519 4204 προενόμευσεν
1560 4114 1855 4207 ἀπορρῆτῴ

269 4220 366 4273 καὶ
392 4218 513 4291 θείᾳ
531 4220 756 4292 δυνάμει
772 4222 871 4286 τὰς
894 4225 1273 4296 ἀντικειμένας
1293 4228 1554 4299 ἀοράτους
1585 4230 1682 4295 και
1701 4248 1857 4283 πνευο

272 4312 509 4383 ματικάς
531 4313 807 4385 δυνάμεις,
839 4314 978 4370 ὥστε
1005 4320 1200 4383 εἰπεῖν,
1242 4338 1259 4369 ι
1310 4318 1450 4387 Ἐγὼ
1479 4300 1739 4391 νενίκηκα
1764 4323 1854 4376 τὸν

268 4405 505 4476 κόσμον⁸
547 4427 567 4458 ι
596 4408 689 4475 ἀφ’
719 4402 793 4461 ὧν
833 4410 1004 4463 σκῦλα
1046 4412 1138 4463 καὶ
1172 4413 1449 4490 προνομῂν
1482 4392 1719 4482 είληφὼς
1755 4398 1853 4479 τὰς

274 4499 448 4568 πάλαι
474 4501 1051 4573 κατατυραννουμένας
1076 4504 1167 4557 ὑπ’
1208 4489 1604 4575 αὑτῷνψυχὰς,
1624 4506 1853 4578 κηρῦξαι

270 4591 638 4661 αἰχμαλώτοις
665 4593 855 4662 ἄφεσιν
894 4614 911 4644 ι
943 4595 1422 4675 όμολογεῖηλαϐὼν
1449 4594 1598 4667 παρὰ
1620 4598 1713 4650 τοῦ
1733 4586 1849 4675 ,Πά-

269 4682 401 4753 τρὸς
440 4701 456 4730 ο
496 4681 622 4754 ἔθνη
651 4685 748 4756 τὴν
797 4685 1157 4757 κληρονομίαν
1203 4672 1393 4766 αὐτοῦ’
1436 4676 1513 4743 iii
1552 4672 1747 4766 λέγοιτῆ
1783 4674 1849 4746 ἂν

270 4775 509 4838 εὐκόλως
532 4777 719 4831 σκῦλα·
746 4796 764 4828 ι
789 4780 884 4831 καὶ
907 4778 1002 4849 τὴν
1019 4781 1344 4852 κατάσχεσιν
1365 4768 1528 4837 αὐτοῦ
1545 4782 1613 4851 τᾲ
1638 4785 1848 4856 πέρατα

269 4869 372 4939 τῆς
396 4869 521 4937 γῆς,
549 4890 567 4921 ›
588 4869 623 4923 ἃ
653 4872 746 4924 καὶ
776 4871 916 4925 αύτά
934 4872 1158 4947 εἰκότως
1189 4870 1255 4927 ἂν
1298 4875 1511 4951 καλοῖτο
1549 4886 1842 4949 προνομήν.

269 4959 418 5029 Πρὸς
466 4960 696 5027 τούτοις,
738 4982 757 5014 ι
812 4964 1009 5036 Πρὶνῆ
1046 4964 1247 5039 γνῶναι
1307 4968 1367 5021 τὸ
1395 4970 1605 5023 παιδίον
1658 4972 1844 5024 καλεῖν

252 5053 490 5128 ’πατέρα
528 5055 560 5125 ἢ
610 5056 840 5127 μητέρα,
880 5056 1126 5128 λήψεται,
1166 5061 1320 5129 φησὶ,
1387 5061 1615 5133 δύναμιν
1671 5064 1849 5135 Δαμα-

271 5143 405 5198 σκοῦ
460 5147 551 5199 καὶ
584 5146 653 5200 τά
682 5147 853 5211 σκῦλα
881 5150 1194 5226 Σαμαρείας
1224 5152 1401 5206 ἔναντι
1432 5153 1691 5223 βασιλέως
1729 5158 1847 5209 Ἀσ-

269 5238 501 5309 συρίων·
546 5259 563 5290 ι
597 5240 737 5313 ἅπερ
772 5243 862 5294 καὶ
894 5244 1032 5297 αὒτά
1062 5245 1203 5298 κατὰ
1254 5246 1419 5318 μόνην
1448 5247 1701 5312 διάνοιαν,
1732 5252 1849 5321 ῆτοι

270 5331 398 5401 περὶ
448 5332 726 5403 δυνάμεων
769 5336 1233 5410 τινωνξπονηρῶν,
1286 5335 1437 5410 οἶμαι
1467 5340 1738 5409 λέγεσθαι.
1783 5344 1849 5408 ἃς

269 5423 387 5493 ἅμα
412 5428 477 5496 τῇ
528 5429 735 5493 γενέσει
770 5426 1015 5482 καθεῖλεν
1046 5434 1077 5502 ἡ
1114 5432 1231 5484 θεία
1274 5433 1365 5485 τοῦ
1400 5434 1647 5505 Σωτῆρος
1691 5433 1846 5506 ἡμῶν

266 5518 517 5589 δύναμις,
546 5521 577 5589 ἢ
604 5523 698 5574 καὶ
731 5524 858 5592 περὶ
889 5523 1073 5605 ψυχῶν
1108 5527 1214 5581 τῶν
1246 5531 1324 5591 εἰς
1364 5530 1525 5583 αὑτὸν
1552 5548 1841 5586 πεπιστευο

269 5610 443 5663 κότων
472 5610 758 5683 διαφορᾶς·
792 5607 865 5667 ὧν
885 5617 981 5680 τὰς
1006 5618 1102 5688 μὲν
1135 5622 1656 5694 έξ-εῐδωλολατρείας
1687 5641 1847 5696 μετα-

267 5702 539 5769 ϐαλούσας
582 5708 673 5761 ἐπὶ
709 5709 798 5769 τὸν
844 5709 1191 5779 εύαγγελικὸν
1227 5714 1339 5785 βίον
1396 5715 1540 5779 εἰκὸς
1581 5710 1717 5769 εἶναι
1750 5713 1847 5786 τὴν

362 5887 378 5915 ¹
420 5883 520 5941 lsa.
548 5903 666 5952 vm,
717 5888 837 5945 ιιι.

1954 3319 2187 3388 Ideoque
2226 3316 2571 3387 prophetissa
2609 3328 2718 3366 non
2765 3312 3035 3369 immerito
3071 3309 3344 3362 diceretur
3383 3305 3523 3375 ipsa,

1953 3427 2073 3483 quae
2112 3426 2141 3467 a
2186 3416 2376 3464 sancto
2420 3406 2623 3476 Spiritu
2655 3403 2989 3473 concipiens,
3030 3400 3240 3471 peperit
3274 3413 3396 3453 eum
3432 3399 3526 3467 qui

1954 3502 2064 3571 illic
2089 3505 2315 3554 vocatur
2356 3495 2696 3557 Emmanuel,
2728 3494 2817 3547 hic
2847 3506 2975 3553 vero
3007 3492 3162 3548 aliter
3191 3488 3524 3546 nominatur.

1958 3611 1976 3642 ι
2019 3588 2164 3663 Voca
2190 3588 2356 3650 enim,
2382 3587 2477 3653 ait,
2506 3600 2701 3642 nomen
2746 3583 2887 3663 ejus,
2935 3581 3193 3644 Accelera
3227 3578 3399 3648 spolia
3430 3576 3525 3630 de—

1954 3661 2190 3745 trahere,
2226 3680 2337 3739 cito
2376 3677 2635 3749 praedarc.
2686 3661 2877 3747 rvere
2934 3672 3079 3733 enim
3132 3669 3221 3735 ille
3274 3666 3527 3741 spoliavit

1952 3752 2005 3849 et
2037 3775 2308 3847 praedatus
2341 3780 2424 3827 est
2460 3768 2689 3841 mystica
2719 3774 2771 3821 et
2800 3762 3203 3833 divinavirtute
3242 3759 3523 3820 adversas,

1955 3865 2255 3933 invisibiles
2283 3863 2703 3933 spiritualesque
2742 3863 3071 3927 potestates,
3089 3853 3175 3921 ita
3194 3858 3252 3904 ut
3276 3849 3482 3903 diceret
3506 3865 3519 3900 :

1959 3980 1977 4011 ι
2017 3959 2128 4029 Ego
2169 3958 2268 4011 vici
2302 3946 2563 4009 mundum
2596 3953 2636 4005 ⁸.
2680 3971 2698 4003 ι
2725 3950 2769 4005 Α
2803 3948 3000 4020 quibus
3049 3941 3217 4013 quasi.
3255 3939 3429 4011 spolia
3455 3947 3524 4029 et

1955 4027 2190 4121 praedam
2222 4048 2429 4101 animas
2458 4041 2783 4113 jampridem
2829 4038 2898 4092 ab
2945 4036 3011 4090 iis
3052 4046 3338 4103 oppressas
3372 4027 3524 4084 aufe-

1955 4160 2100 4206 rens,
2138 4162 2156 4193 ‹
2195 4140 2489 4211 praedicare
2515 4134 2744 4211 captivis
2789 4129 3167 4191 remissionem
3190 4126 3211 4156 ⁵
3248 4143 3266 4177 ι
3299 4122 3523 4177 conﬁte-

1956 4248 2062 4302 tur,
2090 4236 2362 4306 accipiens
2385 4246 2421 4302 pa
2446 4229 2607 4306 Patre
2638 4247 2655 4281 ι
2686 4232 2873 4299 gentes
2902 4221 3265 4277 hereditatem
3289 4216 3409 4284 ejus
3431 4216 3474 4279 ³,
3502 4232 3519 4262 ι

1955 4344 2074 4408 qua:
2115 4302 2290 4402 spolia
2336 4302 2496 4377 facile
2534 4306 2933 4401 dici‘p‘ossent;
2970 4330 2987 4363 ι
3025 4319 3078 4366 et
3122 4307 3523 4380 possessionem

1954 4403 2074 4499 ejus
2129 4409 2399 4493 terminos,
2450 4421 2603 4468 terrae
2637 4412 2677 4477 ⁸,
2726 4428 2744 4460 ι
2783 4404 2928 4478 quod
2992 4403 3185 4457 merito
3238 4404 3524 4453 vocaretur

1956 4497 2453 4583 priedanraeterea,
2478 4524 2495 4555 ι
2528 4503 2851 4571 Priusquam
2882 4498 3017 4552 sciat
3040 4509 3172 4565 puer
3198 4505 3396 4583 vocare
3426 4502 3522 4583 pa-

1882 4584 1926 4651 ί)
1956 4580 2087 4673 ζέειιι
2108 4580 2167 4658 et
2195 4608 2444 4665 matrem,
2472 4595 2720 4665 accipiet,
2757 4591 2852 4655 ait,
2887 4594 3209 4660 potestatem
3250 4582 3520 4644 Damasci,

1954 4671 2005 4753 et
2032 4695 2201 4765 spolia
2236 4690 2494 4746 Samaria:
2539 4700 2719 4741 coram
2763 4696 2887 4751 rege
2922 4678 3294 4749 Assyriorum.
3336 4692 3355 4724 ι
3394 4671 3523 4739 Quae

1953 4787 2170 4859 quidem
2199 4792 2252 4837 et
2283 4783 2397 4851 ipsa
2430 4792 2535 4832 uno
2566 4792 2751 4839 sensu,
2776 4775 2888 4828 sive
2920 4771 2986 4827 de
3014 4765 3522 4859 potestatibusquio.

1954 4858 2181 4941 busdam
2241 4874 2492 4938 nefariis,
2549 4885 2686 4941 quas
2742 4882 2847 4921 una
2889 4873 3011 4918 ortu
3068 4860 3287 4917 sustulit
3340 4858 3522 4910 divina

1950 4970 2247 5025 Salvatoris
2276 4967 2449 5022 nostri
2479 4964 2673 5023 virtus,
2719 4961 2833 5016 sive
2874 4957 2941 5011 de
2980 4956 3283 5008 animarum
3322 4950 3522 5009 discri-

1948 5065 2094 5119 mine
2135 5064 2191 5117 in
2238 5075 2363 5116 eum
2412 5056 2752 5113 credentium
2790 5072 2802 5107 :
2841 5064 3071 5121 quarum
3118 5045 3256 5099 alias
3303 5040 3523 5121 quidem

1947 5173 2013 5212 ex
2044 5152 2349 5208 idololatria
2392 5150 2459 5203 ad
2499 5146 2863 5217 evangelicam
2899 5142 3064 5206 vitam
3108 5148 3403 5199 conversas
3432 5132 3521 5184 hic

1949 5254 2269 5320 potestatem
2313 5242 2562 5297 Damasci
2592 5254 2713 5293 esse
2756 5251 2928 5312 reor;
2958 5233 3094 5289 alias
3133 5244 3284 5294 vero,
3313 5225 3522 5281 scilicet

1948 5358 1979 5397 e
2014 5337 2431 5395 circumcisione
2458 5333 2661 5405 populi,
2696 5346 2819 5385 cum
2862 5327 3138 5382 Christum
3172 5321 3263 5375 Dei
3292 5333 3518 5388 accepe-

1947 5433 2080 5495 rint,
2112 5431 2282 5500 spolia
2318 5426 2576 5482 Samaria:
2601 5423 2803 5483 vocari.
2839 5418 2949 5478 Has
2986 5432 3116 5471 vero
3147 5414 3357 5468 animas
3390 5424 3519 5480 spo-

1949 5527 2016 5579 lia
2043 5533 2097 5580 et
2132 5521 2361 5593 prtedam
2391 5521 2456 5573 de
2499 5517 2835 5590 spiritalibus
2867 5512 3087 5581 capiens
3126 5505 3394 5567 hostibus,
3428 5517 3520 5560 ρος

1948 5631 2063 5669 ram
2119 5613 2346 5684 spiritali
2404 5625 2529 5681 rege
2578 5607 2962 5679 Assyriorum,
3013 5602 3219 5658 scilicet
3272 5597 3517 5658 diabolo,

1948 5724 2097 5763 arma
2126 5706 2269 5775 cepit
2310 5712 2363 5759 et
2394 5701 2461 5760 ad
2504 5716 2737 5774 pugnam
2782 5703 2972 5752 contra
3003 5707 3125 5747 cum
3164 5706 3220 5745 se
3262 5687 3519 5745 accinxit.

927 5893 945 5921 ²
978 5888 1110 5945 Luc.
1166 5908 1204 5959 ι,
1233 5892 1319 5947 35.
1399 5894 1420 5925 ³
1449 5891 1603 5950 Joan.
1626 5910 1733 5963 va,
1757 5894 1843 5949 55.

1964 5890 2097 5947 Luc.
2132 5908 2204 5958 iv,
2236 5892 2324 5947 18,
2400 5890 2421 5921 ⁸
2451 5887 2590 5943 Psal.
2622 5904 2677 5938 ιι.
2707 5886 2757 5941 8.
2836 5883 2853 5914 ⁸
2888 5879 3019 5939 ibid.
