3974 6490
485 398 619 456 1207

1151 391 1418 450 EUS‘EBll
1455 385 1934 446 CESARIENSIS
1971 383 2120 440 OPP.
2165 380 2368 436 PARS.
2409 377 2494 432 Ill.
2535 404 2605 418 -κ
2641 369 3052 428 EXEGETICA.

3587 365 3606 419 Ι
3621 364 3724 421 2-03

477 514 602 570 Haec
639 529 764 569 vero
815 513 1089 568 suﬂiciunt
1133 521 1322 566 sancto
1371 510 1490 563 viro
1539 506 1946 568 commentaria,
1991 505 2046 558 in

2161 499 2444 571 λεγομένην
2489 494 2718 565 δύναμιν
2756 490 3070 564 Δαμασκοῦ,
3097 489 3194 552 τὰς
3236 489 3280 542 δ’
3321 487 3387 542 ὲκ
3435 485 3728 558 περιτομῆς

477 606 622 662 hunc
669 611 841 658 locum
887 603 1206 673 dignoscere
1245 601 1466 656 volenti.
1506 599 1562 654 Si
1605 599 1728 670 quis
1773 605 1952 652 autem
1986 611 2052 650 ex

473 694 677 750 Judaeis
717 695 828 748 haec
885 695 1058 764 magis
1103 693 1459 761 corporaliter
1495 693 1770 763 inquirere
1803 691 1950 752 velit,
1987 691 2054 744 ab

474 803 540 842 eo
586 786 964 858 postulandum
1013 795 1098 840 est
1149 803 1216 841 an
1271 787 1444 862 possit
1489 785 1845 856 corporaliter
1874 794 2054 854 osten-

475 881 604 933 dere
631 893 738 948 qua
783 879 993 934 ratione
1028 877 1216 944 Isaias,
1252 885 1375 949 post
1415 877 1720 948 przecitatos
1767 883 1952 938 testes,
1987 875 2053 930 ad

479 953 874 1040 prophetissam
903 959 1204 1038 corporalis
1231 968 1492 1022 consortii
1527 981 1692 1022 causa
1723 965 2051 1032 accesserit;

477 1077 723 1134 quanam
755 1077 883 1120 vero
913 1069 966 1126 et
989 1061 1168 1132 qualis
1201 1061 1273 1116 sit
1305 1061 1416 1114 lucc
1445 1059 1806 1130 prophetissa,
1837 1066 1888 1114 et
1919 1073 2055 1128 quo-

477 1156 638 1212 modo
663 1172 692 1211 e
723 1156 950 1228 vestigio
979 1157 1312 1225 conceperit,
1335 1154 1730 1225 confestimque
1764 1155 2054 1224 pepererit,

476 1257 530 1304 et
556 1250 810 1320 Quisnam
846 1250 949 1304 iste
999 1265 1066 1304 ex
1117 1249 1458 1318 prepuetissa
1496 1256 1654 1302 natus
1697 1247 1858 1308 (ilius.
1885 1261 2045 1316 quem

479 1355 674 1400 vocare
715 1340 868 1394 Isaiae
921 1341 1239 1410 praeceperit
1283 1340 1398 1411 ipse
1447 1337 1750 1393 Dominus:
1800 1338 2056 1394 Celeriter

477 1432 699 1494 detrahe
727 1433 920 1502 spolia,
943 1433 1052 1485 cito
1081 1433 1356 1501 praedare;
1385 1452 1403 1482 ι
1426 1441 1480 1486 et
1511 1447 1758 1501 quaenam
1785 1432 1856 1486 sit
1890 1445 2054 1486 causa

477 1521 707 1593 hujusce
757 1523 1169 1593 appellationis;
1225 1531 1279 1576 et
1339 1523 1612 1594 quomodo
1663 1539 1726 1578 ex
1781 1523 2054 1578 communi

479 1630 642 1684 sensu
673 1614 1032 1683 corporaliter
1061 1613 1480 1676 existimandum
1529 1617 1600 1670 sit
1645 1615 1792 1670 hunc
1831 1630 2054 1686 puerum

483 1719 502 1752 σ
543 1702 1164 1772 potestatemaccepisse
1215 1702 1483 1768 Damasci,
1527 1713 1580 1760 et
1601 1706 1772 1773 spolia
1799 1705 2057 1760 Samaria:

479 1808 664 1851 coram
713 1809 840 1862 rege
865 1793 1218 1863 Assyriorum
1243 1813 1258 1860 ;
1295 1814 1314 1847 υ
1342 1797 1564 1866 lucoque
1617 1797 1797 1850 iacere
1825 1816 1844 1846 ι
1875 1798 2056 1867 prius—

479 1900 640 1954 quam
675 1885 813 1940 sciat
835 1871 1032 1940 voeare
1065 1895 1272 1955 patrem
1305 1895 1358 1942 et
1391 1898 1635 1943 matrem.
1675 1909 1692 1940 ι
1729 1889 1900 1970 Atque
1931 1905 2064 1958 prato

480 1987 646 2040 terea,
676 1979 720 2034 si
761 1979 828 2034 iis
855 1995 976 2048 quae
1005 1995 1036 2032 a
1068 1980 1240 2049 {nobis
1273 1983 1520 2050 exposita
1563 1989 1691 2036 sunt
1733 1989 2058 2052 repugnant,

478 2069 766 2125 ostendant
794 2071 896 2141 ipsi
919 2072 1192 2142 quomodo
1224 2081 1569 2143 exspectatus
1599 2075 1668 2130 ab
1705 2074 1774 2127 iis
1808 2073 2060 2128 Christus

479 2161 868 2230 superveniens
891 2161 1122 2231 accipiet
1147 2161 1504 2230 corporaliter
1535 2161 1691 2230 juxta
1721 2161 2057 2230 prophetiam

486 2269 503 2302 ι
547 2259 868 2321 potestatem
903 2251 1172 2319 Damasci,
1205 2273 1224 2305 ι
1257 2261 1310 2308 et
1333 2268 1578 2323 quaenam
1616 2273 1632 2302 ι
1665 2253 1840 2322 spolia
1869 2251 2061 2306 Sama-

481 2345 594 2404 riae,
627 2363 646 2394 ι
674 2343 756 2398 vel
783 2359 1014 2413 quorum
1053 2362 1070 2394 ι
1109 2345 1457 2416 Assyriorum
1486 2360 1666 2399 coram
1697 2359 1840 2415 rege,
1882 2363 1899 2398 ›
1928 2358 2050 2397 cum

481 2436 662 2508 pullus
701 2436 915 2490 illorum
945 2437 1030 2494 his
1060 2438 1392 2507 temporibus
1423 2437 1676 2508 supersit.

2153 594 2246 648 τὸν
2275 590 2508 665 Χριστὸν
2544 587 2640 642 τοῦ
2689 586 2822 640 Θεοῦ
2853 581 3304 656 παραδεξαμένας
3350 579 3424 633 τὰ
3469 593 3733 649 προσαγο-

2157 687 2424 759 ρευόμενα
2475 681 2646 742 σκῦλα
2685 678 3027 751 Σαμαρείας’
3077 675 3280 738 ταύτας
3327 672 3385 726 δὲ
3424 671 3528 734 τὰς
3565 669 3732 738 ψυχας

2157 779 2326 834 σκῦλα
2355 777 2449 831 καὶ
2486 773 2764 854 προνομὴν
2805 772 2958 841 παρὰ
2998 768 3106 822 τῶν
3144 766 3348 837 νοητῶν
3395 762 3730 833 ani-3mm)

2156 871 2445 942 πολεμίων,
2483 869 2542 936 ἐξ
2587 867 2833 928 ἐναντίας
2859 863 2953 918 τοῦ
2987 860 3176 931 νοητοῦ
3233 857 3500 929 βασιλέως
3549 856 3730 908 Ἀσσυ·

2157 964 2309 1034 ρίων,
2335 963 2580 1020 τουτέστι
2621 959 2714 1014 τοῦ
2770 957 3041 1018 διαϐόλου,
3092 949 3400 1008 καθώπλισέ
3429 966 3490 1001 τε
3527 949 3621 1002 καὶ

2157 1055 2340 1126 λεμεῖν
2387 1053 2536 1124 αὐτῷ
2587 1049 2984 1124 παρεσκεύασε.
3021 1048 3131 1101 Καὶ
3171 1044 3346 1098 ταῦτα
3377 1042 3436 1096 δὲ
3479 1043 3736 1111 πάρεστιν

2158 1151 2244 1201 ἐπ’
2297 1147 2521 1219 ἀκριὸὲς
2552 1145 2630 1216 τῷ
2664 1142 2969 1215 βουλομένῳ
2998 1142 3060 1196 ἐκ
3094 1138 3200 1194 τῶν
3247 1138 3324 1200 είς
3367 1137 3500 1198 τοὺς
3549 1135 3737 1197 τόπους

2157 1238 2748 1311 ὑπομνηματισθέντων
2785 1234 2864 1305 τῷ
2905 1233 3035 1304 ἱερῴ
3061 1231 3214 1304 ἀνδρὶ
3252 1227 3584 1296 διαγνῶναι-·
3619 1227 3666 1278 εί
3695 1225 3736 1278 δ’

2157 1333 2204 1386 εί
2236 1332 2360 1403 (sic)
2397 1333 2680 1386 ἀπαιτοῖεν
2719 1327 2892 1382 ταῦτα
2925 1323 3376 1398 σωματικώτερον
3407 1322 3462 1373 οἱ
3493 1323 3560 1372 ὲκ
3593 1335 3740 1388 περι-

2155 1427 2350 1496 τομῆς,
2387 1424 2801 1494 ἀντεξεταστέον
2831 1423 3027 1484 αὐτοὺς
3055 1422 3103 1474 εί
3131 1419 3382 1473 δύνανται
3413 1413 3738 1485 σωματικῶς

2159 1519 2308 1578 αὐτοὶ
2366 1519 2714 1589 παραστῆσαι
2747 1516 2870 1572 τίνα
2924 1514 3122 1586 τρόπον
3163 1513 3192 1564 6
3231 1509 3458 1572 Ἡσαΐας
3503 1507 3598 1560 ἐπὶ
3639 1505 3740 1562 τῶν

2159 1612 2570 1683 προειρημένων
2611 1608 2899 1684 μαρτύρων
2928 1607 2988 1676 (f.
3026 1607 3092 1660 67
3125 1607 3198 1676 νο)
3229 1606 3296 1674 τῇ
3331 1597 3630 1673 προφήτιᾶ
3659 1597 3742 1668 μί-

2159 1703 2294 1769 ξεως
2345 1703 2662 1774 σωματικῆς
2710 1703 2894 1754 ἕνεκεν
2927 1697 3320 1772 προσελήλυθε·
3351 1695 3436 1758 τίς
3465 1693 3526 1746 δὲ
3573 1693 3666 1746 καὶ
3707 1694 3738 1762 ή

2161 1798 2382 1868 τοιαύτη
2435 1781 2722 1867 προφῆτις,
2771 1795 2866 1852 καὶ
2905 1793 3022 1857 πῶς
3060 1791 3400 1860 παραχρῆμα
3446 1789 3508 1840 ὲν
3547 1784 3740 1854 γαστρὶ

2095 1873 2132 1920 Β
2163 1887 2341 1951 ἔλαϐε,
2371 1887 2466 1940 καὶ
2523 1886 2832 1958 παραυτίκα
2885 1887 3092 1946 τέτοκε,
3135 1885 3230 1937 καὶ
3277 1885 3428 1934 ποῖον
3476 1878 3639 1930 τοῦτο
3687 1876 3744 1930 τὸ

2161 1979 2348 2050 τεχθὲν
2387 1981 2614 2042 παιδίον,
2641 1981 2669 2032 ὃ
2717 1979 3043 2052 προστάσσει
3093 1975 3170 2046 τῷ
3225 1975 3423 2044 Ἡσαΐᾳ
3475 1973 3504 2024 6
3545 1969 3744 2040 Κύριος

2161 2071 2383 2142 ὀνόματι
2407 2073 2634 2126 καλέσαι
2659 2071 2756 2142 τῷ,
2787 2093 2804 2123 ι
2841 2071 3060 2141 Ταχέως
3089 2069 3400 2132 σκύλευσον,
3427 2065 3602 2131 ὀξέως
3627 2077 3747 2132 προς

2161 2165 2418 2234 νύμευσον
2435 2182 2450 2196 ·
2489 2185 2506 2217 ι
2534 2167 2653 2220 τίνα
2673 2165 2729 2218 δὲ
2743 2165 2836 2218 καὶ
2854 2163 3012 2232 λόγον
3034 2163 3142 2234 ἔχει
3163 2163 3223 2214 τὸ
3251 2157 3536 2232 τηλικόνδε
3559 2155 3741 2226 ὂνομει.

2161 2259 2194 2328 ἦ
2225 2257 2342 2321 πῶς
2363 2257 2582 2312 δυνατόν
2609 2261 2724 2312 ἐστι
2755 2255 2893 2310 κατά
2915 2256 3012 2326 τὴν
3039 2253 3322 2326 πρόχειρον
3353 2251 3600 2304 διάνοιαν
3621 2264 3744 2300 παι-

2159 2348 2271 2400 δίον
2299 2351 2479 2402 ὁποῖον
2517 2349 2581 2421 δὴ
2601 2346 2694 2404 οῦν
2723 2351 2954 2403 ἐπινοεῖν
2999 2345 3322 2417 σωματικῶς
3367 2338 3743 2411 ἀπολήψεσθαι

2159 2437 2253 2510 τήν
2297 2438 2700 2511 ὀνομαζομένην
2751 2441 2974 2510 δύναμιν
3004 2438 3293 2510 Δαμασκοῦ
3355 2438 3448 2494 καὶ
3483 2435 3552 2490 τὰ
3593 2432 3742 2503 λεγό-

487 2549 623 2603 μενα
657 2552 674 2584 ι
715 2533 886 2588 σκῦλα
915 2535 1224 2604 Σαμαρείας
1253 2535 1612 2606 ἐναντίων(ον)
1641 2533 1903 2605 βασιλέως
1945 2535 2262 2606 Ἀσσυρίων,
2305 2557 2322 2588 ι
2349 2537 2441 2594 καὶ
2503 2537 2677 2592 ταῦτα
2742 2539 2999 2610 πράττειν
3033 2557 3050 2588 ι
3089 2537 3218 2608 πρὶν
3271 2536 3303 2607 ἢ
3363 2533 3574 2604 γνῶναι
3621 2531 3744 2587 αὐτὸ

485 2627 668 2706 καλεῖν
687 2629 954 2702 πατέραὴ
993 2631 1232 2702 μητέραο
1267 2651 1285 2682 ι
1315 2631 1408 2684 καὶ
1453 2631 1588 2702 πρὸς
1652 2633 1860 2693 τούτοις
1929 2631 1978 2684 εἰ
2039 2631 2366 2700 ἀντιλέγοιεν
2423 2635 2534 2696 τοῖς
2591 2635 2722 2704 ἡμῖν
2770 2632 3320 2703 προαποδεδομένοις,
3377 2631 3744 2685 δεικνύτωσαν

479 2723 635 2777 αὐτοὶ
673 2724 790 2789 πῶς
821 2727 849 2778 ὁ
873 2724 1318 2797 προσδοκώμενος
1339 2726 1432 2779 ὑπ’
1453 2725 1634 2780 αὐτῶν
1653 2727 1884 2797 Χριστὸς
1923 2726 2362 2798 παραγενόμενος
2389 2727 2616 2798 λήψεται
2636 2727 2959 2799 σωματικῶς
2979 2729 3079 2800 τὴν
3105 2727 3246 2782 κατὰ
3277 2728 3378 2797 τὴν
3407 2727 3744 2800 προφητείαν

485 2837 504 2870 ι
533 2819 758 2888 δύναμιν
777 2821 1090 2892 Δαμασκοῦ,
1119 2841 1136 2873 ι
1159 2822 1253 2874 καὶ
1309 2824 1434 2874 ποῖα
1465 2839 1481 2874 ι
1517 2820 1686 2875 σκῦλα
1744 2821 2085 2894 Σαμαρείας,
2117 2842 2134 2872 ι
2169 2822 2201 2892 ή
2233 2823 2398 2876 ποίων
2437 2843 2454 2876 ι
2500 2821 2796 2894 Ἀσσυρίων
2827 2823 3088 2887 ἐναντίον,
3129 2841 3148 2874 ι
3181 2823 3406 2894 μηδενὸς
3429 2821 3512 2875 ἔτι
3543 2820 3742 2874 τούτων

479 2909 826 2990 ςνεργοῦντος
851 2911 991 2964 κατὰ
1021 2914 1148 2976 τοὺς
1177 2915 1474 2977 ὲνεστῶτας
1503 2915 1745 2984 χρόνους.

1078 3027 1310 3081 CAPUT
1352 3027 1438 3082 Vl.

557 3140 574 3174 ι
608 3119 746 3176 Ecce
781 3138 879 3192 ego
910 3131 963 3178 et
995 3125 1149 3193 pueri
1179 3125 1314 3190 mei,
1347 3141 1486 3194 quos
1517 3125 1666 3180 dedit
1697 3127 1828 3180 mihi
1863 3126 2046 3180 Domi-

2683 3028 3076 3088 ΚΕΦΑΛΑΙΟΝ
3111 3031 3198 3094 εῖν.

2231 3140 2248 3171 (
2287 3121 2438 3184 Ἰδοὺ,
2475 3120 2585 3188 ἐγὼ
2610 3122 2703 3172 καὶ
2731 3121 2798 3173 τὰ
2829 3121 3039 3184 παιδία,
3069 3123 3104 3174 ἀ
3133 3136 3222 3184 μοι
3249 3119 3482 3172 δέδωκεν
3515 3122 3546 3172 6
3573 3119 3734 3184 Θεός·

482 3228 585 3278 pus
627 3212 678 3266 in
725 3213 940 3284 signum
989 3225 1042 3268 et
1085 3215 1137 3278 in
1183 3223 1496 3285 portentum
1542 3215 1710 3270 Israel
1755 3232 1785 3282 a_
1819 3217 2049 3272 Domino

2161 3213 2248 3264 καὶ
2307 3211 2456 3270 ἔσται
2493 3215 2690 3284 σημεῖα
2745 3213 2836 3267 καὶ
2878 3214 3083 3282 τέρατα
3133 3214 3188 3266 ἐν
3230 3211 3310 3284 τῷ
3355 3213 3494 3284 οἴκῳ
3531 3213 3740 3285 Ἰσραὴλ

486 3301 593 3356 Deo
639 3305 998 3370 exercituum,
1026 3309 1118 3376 qui
1161 3307 1366 3361 habitat
1399 3308 1452 3361 in
1483 3316 1666 3362 monte
1708 3307 1838 3362 Sion
1871 3310 1909 3365 ί.
1943 3330 1960 3360 ι
1989 3308 2052 3372 Il-

481 3393 606 3470 lud,
641 3414 660 3446 ι
692 3411 820 3452 ecce
849 3413 947 3468 ego
978 3408 1031 3453 et
1067 3399 1218 3470 pueri
1254 3400 1397 3466 mei,
1435 3417 1572 3470 quos
1601 3401 1750 3456 dedit
1785 3403 1912 3456 mihi
1947 3403 2052 3456 Do-

484 3487 664 3542 minus
696 3507 713 3538 ι
747 3503 776 3542 e
821 3505 1054 3558 persona
1099 3489 1398 3546 Salvatoris
1441 3489 1506 3546 de
1544 3493 1806 3562 apostolis
1829 3533 1841 3554 .
1875 3493 2052 3564 iisque

483 3578 577 3646 qui
609 3589 792 3648 postea
823 3580 875 3634 in
906 3596 1028 3634 eum
1059 3581 1444 3648 crediderunt,
1473 3594 1596 3654 apte
1627 3586 1680 3638 in
1717 3585 1954 3654 Epistula
1983 3585 2050 3647 ad

483 3669 742 3726 Hebraeos
795 3671 1053 3736 refertur,
1083 3673 1282 3742 quibus
1307 3674 1471 3745 igitur
1496 3677 1678 3741 addit,
1708 3697 1724 3726 ι
1753 3677 1806 3730 in
1837 3679 2050 3747 sigrium

483 3769 538 3830 et
569 3762 622 3815 in
652 3769 962 3832 portentum
993 3773 1153 3820 erunt
1181 3766 1346 3820 domo
1375 3766 1570 3829 Israel,
1609 3787 1627 3819 ι
1672 3778 1919 3836 apertum
1968 3775 2051 3822 est

485 3851 784 3907 Salvatoris
813 3854 988 3918 nostri
1016 3855 1474 3916 ruauifestationis
1523 3869 1767 3928 tempore
1811 3860 1964 3930 signa
1994 3869 2047 3914 et

487 3951 742 4014 portenta
777 3943 918 3998 facta
976 3945 1144 4000 fuisse
1173 3949 1224 4001 in
1254 3950 1415 4003 domo
1453 3949 1612 4006 Israel
1637 3993 1650 4014 ,
1706 3952 1884 4018 qualia
1913 3968 2052 4016 mm-

483 4050 646 4106 quam
675 4043 884 4104 patrata
914 4047 1062 4100 sunt.

1079 4152 1304 4208 CAPUT
1347 4153 1456 4208 VII.

561 4258 578 4288 ‹
609 4238 674 4292 Et
703 4240 922 4305 volent,
955 4243 998 4297 si
1034 4241 1235 4296 fuerint
1268 4243 1392 4314 igne
1435 4247 1734 4302 combusti.
1765 4247 2051 4316 Quoniam

485 4332 742 4406 parvulus
775 4341 934 4388 natus
962 4342 1046 4390 est
1076 4336 1234 4392 nobis
1255 4375 1269 4402 ,
1299 4347 1352 4392 et
1381 4338 1523 4393 ﬁlius
1555 4340 1717 4394 datus
1743 4349 1826 4396 est
1861 4343 2048 4407 nobis,

485 4424 644 4493 cujus
675 4427 960 4496 imperium
991 4443 1155 4498 super
1187 4429 1470 4484 humerum
1505 4432 1679 4500 ipsius
1699 4473 1714 4496 ,
1744 4442 1797 4487 ei.
1828 4442 2055 4488 vocatur

482 4531 682 4574 nomen
731 4518 849 4588 ejus
899 4517 1074 4590 Magni
1127 4522 1340 4576 consilii
1381 4524 1619 4594 Angelus
1649 4564 1664 4586 ,
1717 4525 2052 4581 admirabilis

483 4609 850 4666 consiliarius.
897 4611 1176 4666 Adducam
1223 4613 1368 4668 enim
1414 4629 1600 4685 pacem
1647 4633 1811 4687 super
1855 4617 2056 4686 prinei-
2086 4591 2130 4647 θ

485 4715 620 4772 pes,
659 4709 714 4755 et
752 4703 1038 4760 sanitatem
1082 4705 1154 4758 ei.
1199 4704 1452 4775 Magnum
1499 4707 1784 4777 imperium
1815 4711 1972 4776 ejus,
2003 4717 2056 4764 et

485 4791 639 4870 pacis
672 4791 792 4858 ejus
824 4808 930 4846 non
959 4802 1042 4849 est
1075 4793 1228 4858 linis,
1266 4813 1431 4866 super
1460 4798 1659 4851 solium
1693 4797 1861 4854 David
1893 4810 1948 4854 et
1979 4817 2060 4854 ro-

483 4897 650 4953 gnum
683 4881 802 4952 ejus
834 4893 893 4936 ut
920 4883 1121 4954 dirigat
1163 4887 1294 4942 illud
1316 4927 1331 4951 ,
1365 4895 1417 4942 et
1465 4890 1733 4959 suscipiat
1763 4891 1817 4945 in
1846 4891 2057 4961 judicio

483 4983 538 5046 et
573 4975 786 5046 justitia
835 4992 899 5030 ex
951 4977 1055 5032 hoc
1087 4985 1330 5048 tempore
1361 4987 1414 5036 et
1447 4996 1621 5052 usque
1669 4983 1721 5038 in
1768 4985 2055 5044 saxulum.

486 5067 648 5124 Zelus
673 5067 886 5123 Domini
918 5067 1157 5124 Sabaoth
1193 5071 1352 5128 faciet
1375 5073 1490 5128 haec
1521 5077 1562 5127 ³.
1595 5095 1612 5127 ι
1645 5075 1912 5132 Existimo
1969 5079 2057 5136 hic

485 5158 825 5230 designatum
853 5162 1137 5232 puerulum
1171 5163 1418 5220 eumdem
1452 5181 1606 5249 esse,
1635 5167 1727 5236 qui
1757 5149 1822 5222 die
1850 5169 2057 5246 virgine

485 5251 803 5322 nasciturus
849 5255 1104 5323 superius
1153 5255 1566 5326 prophetizatus
1600 5247 1731 5324 cst,
1786 5247 1966 5332 quem
2002 5269 2056 5315 et

485 5343 650 5418 paulo
704 5354 831 5398 ante
883 5345 1130 5416 paritura
1183 5347 1387 5402 dicitur
1435 5335 1818 5420 prophetissa;
1871 5353 2054 5410 Primo

483 5433 706 5514 quidem
737 5437 918 5512 dictus
944 5445 1026 5492 est
1065 5437 1403 5504 Emmanuel,
1437 5439 1562 5496 dein
1591 5463 1607 5494 ι
1639 5443 1903 5502 Celeriter
1929 5462 2056 5517 spo-

485 5526 557 5588 lia
609 5526 868 5612 detrahe,
918 5531 1027 5584 cito
1087 5531 1348 5602 prandere.
1388 5555 1406 5586 ι
1443 5533 1541 5599 llic
1587 5547 1765 5594 autem
1814 5539 1962 5612 ipse,
1995 5547 2054 5595 ut

487 5617 630 5694 apud
652 5616 1002 5694 Septuaginta
1027 5623 1275 5694 legimus,
1300 5646 1315 5676 ι
1342 5626 1516 5698 Magni
1539 5631 1754 5696 consilii
1771 5633 2009 5714 Angelus
2031 5653 2050 5686 ι

485 5715 750 5780 vocatur;
781 5719 836 5765 et
869 5713 1024 5782 juxta
1065 5715 1313 5785 Aquilam
1357 5727 1518 5788 atque
1557 5713 1917 5793 Ilebraicum,
1963 5740 2056 5782 uo-

565 5867 710 5925 t'lsa.
744 5882 863 5934 rm,
889 5869 972 5924 18.
1012 5869 1184 5948 w'lsa.
1221 5873 1425 5940 rx,5-7.

2155 3303 2303 3376 παρά
2353 3305 2555 3376 Κυρίου
2594 3305 2728 3358 Θεοῦ
2777 3305 3025 3368 Σαϐαὼθ,
3053 3305 3110 3368 ὃς
3143 3309 3386 3359 κατοικεῖ
3423 3309 3482 3359 ἐν
3513 3307 3592 3376 τῷ
3631 3307 3738 3378 ὖρει

2153 3396 2312 3449 Σιών.
2355 3417 2372 3448 ι
2413 3397 2524 3450 Καὶ
2556 3397 2632 3460 τὺ,
2675 3417 2691 3448 ι
2743 3397 2894 3462 Ἰδοὺ,
2935 3395 3045 3468 ἐγὼ
3089 3398 3184 3451 καὶ
3231 3398 3300 3450 τὰ
3343 3397 3554 3462 παιδία,
3585 3398 3623 3449 ἅ.
3655 3413 3739 3468 μοι

2155 3487 2352 3554 ἔδωκεν
2378 3491 2407 3542 6
2439 3489 2589 3553 Θεὺς,
2626 3511 2644 3540 ι
2675 3493 2738 3544 ὲκ
2766 3489 3056 3561 προσώπου
3100 3487 3192 3542 τοῦ
3235 3489 3484 3559 Σωτῆρος
3525 3489 3654 3560 περί
3683 3505 3740 3541 τε

2155 3581 2260 3634 τῶν
2283 3581 2596 3636 ἀποστόλων
2642 3584 2734 3635 καὶ
2766 3583 2874 3634 τῶν
2908 3581 3044 3651 μετά
3079 3581 3247 3634 ταῦτα
3279 3583 3358 3644 εἰς
3393 3581 3556 3634 αὑτὸν
3585 3599 3740 3633 πεπι-

2157 3675 2461 3734 στευκότων
2500 3674 2678 3737 καλῶς
2707 3677 2764 3728 ἐν
2799 3677 2863 3744 τῇ
2897 3674 3030 3744 πρὸς
3072 3673 3353 3744 Ἑϐραίους
3391 3672 3736 3741 ὲξείληπται·

2155 3765 2472 3838 ἐπιφέρεται
2513 3764 2643 3834 γοῦν
2671 3764 2905 3822 ἐνταῦθα
2934 3767 3014 3828 τὸ,
3051 3785 3069 3817 ι
3101 3767 3210 3820 Καὶ
3239 3765 3388 3818 ἔσται
3414 3766 3620 3834 σημεῖα
3651 3763 3739 3816 καὶ

2153 3857 2354 3928 τέρατα
2376 3859 2432 3910 ὲν
2471 3859 2603 3928 οἴκῳ
2651 3857 2893 3928 Ἰσραήλ·
2928 3877 2946 3908 ι
2982 3858 3075 3920 καὶ
3101 3859 3266 3927 σαφὲς
3298 3858 3444 3919 ὃπως
3483 3855 3628 3909 κατὰ
3654 3855 3739 3907 τὸν

2155 3953 2346 4023 καιρὸν
2359 3953 2457 4022 τῆς
2478 3951 2572 4005 τοῦ
2591 3953 2843 4025 Σωτῆρος
2877 3953 3174 4024 παρουσίας
3206 3953 3406 4022 σημεῖα
3427 3951 3522 4003 καὶ
3541 3951 3736 4021 τέρατα

2155 4044 2306 4112 εξ(ὲν)
2337 4043 2414 4115 τῷ
2442 4044 2575 4116 οἴκῳ
2614 4045 2850 4122 Ἰσραὴλ,
2884 4040 2970 4097 οἶα
2999 4042 3340 4100 οὐδεπώποτε
3370 4041 3726 4112 ἀπετελέσθη.

2689 4159 3084 4213 ΚΕΦΛΛΔΙΟΝ
3122 4161 3194 4212 Ζ’.

2231 4267 2248 4299 ι
2285 4251 2397 4304 Καὶ
2449 4249 2781 4323 θελήσουσιν,
2826 4252 2873 4302 εἰ
2921 4249 3162 4318 ἐγένοντο
3210 4249 3592 4322 πυρίκαυστοι.
3621 4249 3732 4304 Ὅτι

2156 4341 2362 4396 παιδίον
2385 4343 2611 4415 ἐγενήθη
2634 4345 2782 4414 ήμῖν,
2798 4343 2909 4406 υἱὸς
2927 4341 3080 4412 ἐδόθη
3101 4343 3134 4412 ἡ
3141 4345 3249 4412 μίν,
3267 4337 3324 4394 οῦ
3347 4344 3380 4411 ἡ
3395 4343 3542 4412 ἀρχή
3555 4343 3734 4413 ἐγενή-

2157 4433 2221 4506 θη
2256 4435 2346 4487 ἐπὶ
2378 4435 2469 4488 τοῦ
2490 4434 2638 4505 ὤμου
2667 4433 2855 4497 αὐτοῦ,
2884 4435 2975 4486 καὶ
3003 4433 3244 4486 καλεῖται
3273 4433 3334 4486 τὸ
3357 4433 3530 4504 ὄνομα
3553 4433 3732 4495 αὐτοῦ,

2158 4527 2418 4597 Μεγάλης
2440 4527 2634 4598 βουλῆς
2663 4527 2924 4596 Ἀγγελος
2947 4544 2960 4556 ·
2996 4527 3106 4594 ἄξω
3129 4525 3236 4597 γὰρ
3264 4527 3485 4596 εἰρήνην
3508 4527 3600 4579 ἐπὶ
3617 4527 3736 4589 τοὺς

2159 4620 2445 4691 ἄρχοντας,
2491 4620 2585 4673 καὶ
2633 4621 2791 4688 ὑγεία
2824 4619 2990 4690 αὐτῷ.
3025 4617 3250 4690 Μεγάλη
3284 4621 3318 4690 ή
3362 4621 3508 4692 ἀρχή
3550 4619 3732 4678 αὐτοῦ,

2159 4715 2252 4767 καὶ
2280 4713 2380 4784 τῆς
2411 4715 2630 4787 εἰρήνης
2660 4713 2824 4767 αὑτοῦ
2865 4715 2964 4766 οὐκ
2995 4713 3141 4766 ἐστιν
3173 4715 3318 4784 ὃριον
3337 4729 3350 4742 ·
3383 4714 3476 4766 ἐπὶ
3499 4713 3592 4766 τὸν
3617 4712 3738 4782 θρό-

2159 4823 2246 4858 νον
2281 4803 2441 4857 Δαυῒδ
2467 4803 2560 4857 καὶ
2604 4805 2704 4877 τὴν
2734 4803 3006 4876 βασιλείαν
3041 4804 3227 4866 αὑτοῦ,
3267 4803 3610 4875 κατορθῶσαι
3647 4805 3738 4856 αὐ-

2160 4893 2277 4964 τήν,
2310 4893 2404 4946 καὶ
2434 4893 2814 4948 ἀντιλαϐέσθαι
2840 4897 2898 4946 έν
2939 4893 3163 4964 κρίματι
3193 4894 3285 4946 καὶ
3313 4896 3368 4945 ὲν
3400 4893 3736 4964 δικαιοσύνῃ,

2162 4985 2269 5038 ἀπὸ
2298 4985 2391 5038 τοῦ
2426 4985 2518 5040 νῦν
2555 4987 2650 5040 καὶ
2677 4988 2756 5048 εἰς
2791 4985 2881 5038 τὸν
2913 4983 3080 5038 αίῶνα
3101 5001 3115 5015 ·
3145 4987 3172 5037 ὁ
3203 4985 3359 5056 ζῆλος
3396 4985 3600 5054 Κυρίου
3633 4985 3738 5038 Σα-

2164 5076 2308 5129 ϐαὼθ
2343 5077 2554 5148 ποιήσει
2577 5077 2768 5134 ταῦτα.
2813 5095 2832 5128 ι
2867 5073 3031 5148 Οἶμαι
3057 5077 3121 5149 δὴ
3149 5077 3209 5129 τὸ
3236 5077 3522 5146 λεγόμενον
3553 5075 3736 5130 ἐνθάδε

2165 5169 2373 5222 παιδίον
2405 5170 2506 5223 οὐκ
2537 5170 2664 5224 ἄλλο
2697 5165 2835 5224 εἶναι
2871 5171 2962 5223 τοῦ
2992 5172 3055 5223 ὲκ
3099 5169 3200 5240 τῆς
3229 5169 3497 5240 παρθένου
3547 5167 3734 5240 τεχθή-

2166 5245 2353 5316 σεσθαί
2374 5262 2630 5336 ἀνωτέρω
2664 5263 3201 5336 προπεφητευμένου,
3229 5263 3258 5315 ὃ
3278 5263 3370 5315 καὶ
3401 5261 3582 5332 μικρῷ
3606 5259 3734 5334 πρό-

2164 5371 2318 5426 τερον
2369 5357 2702 5428 ήπροφῆτις
2747 5357 3029 5410 ἀποτεκεῖν
3079 5355 3318 5424 ἐλέγετο·
3349 5353 3485 5408 ἀλλὰ
3523 5354 3588 5407 τὺ
3639 5354 3732 5424 μὲν

2163 5447 2419 5519 ἀνωτέρω
2471 5449 2642 5520 ὄνομα
2693 5447 2865 5502 αὑτοῦ
2902 5447 3246 5519 Ἐμμανουήλ
3281 5443 3370 5517 ἦν,
3407 5447 3469 5497 τὸ
3507 5445 3564 5497 δὲ
3597 5443 3731 5516 μετὰ

2162 5537 2352 5604 ταῦτα,
2389 5558 2408 5590 ι
2444 5539 2666 5612 Ταχέως
2717 5539 3031 5602 σκύλευσον,
3073 5539 3237 5606 ὀξέως
3283 5537 3670 5610 προνόμευσον.
3705 5555 3724 5588 ι

2173 5633 2434 5690 Ἐνταῦθα
2470 5635 2527 5690 δὲ
2557 5639 2586 5689 6
2616 5618 2788 5700 αὐτὸς
2809 5631 2961 5700 οὗτος
2997 5635 3134 5690 κατά
3161 5635 3259 5706 μὲν
3285 5634 3382 5705 τὴν
3406 5633 3515 5686 τῶν
3557 5631 3725 5690 Ἑϐδο-

2159 5727 2229 5796 >ὶ<
2263 5729 2500 5800 μήκοντα
2519 5727 2833 5800 ἑρμηνείαν,
2871 5749 2888 5782 ι
2925 5727 3180 5800 Μεγάλης
3197 5727 3385 5798 βουλῆς
3416 5723 3674 5792 Ἀγγελος
3701 5741 3718 5774 ι
