3974 6518
227 403 388 460 1201)

1267 411 1559 468 ECLOGA)
1595 409 2078 467 PROPHETICE.
2109 443 2174 452 —-
2211 409 2340 465 LIB.
2379 409 2467 464 IV.

3355 411 3489 466 1210

223 526 305 590 Χ
349 523 709 592 χρηματίζει·
763 523 903 577 κατά
951 524 1007 578 δέ
1043 525 1132 577 τὸν
1175 525 1402 580 Ἀκύλαν
1452 527 1546 580 καὶ
1591 525 1720 579 αὐτὸ
1759 524 1811 578 τὶ

1925 541 2047 580 men
2093 526 2214 595 ejus
2253 534 2336 580 est
2366 544 2383 576 ι
2416 524 2767 579 Admirabilis
2814 524 3195 588 consiliarius,
3237 523 3390 579 fortis
3436 535 3490 580 et

221 615 304 681 χ
359 614 646 684 Ἐϐραῖκὺν
673 616 732 668 τὸ
756 615 922 686 ὄνομα
949 615 1110 669 αὑτοῦ
1140 619 1254 670 ἐστι
1293 637 1310 668 ι
1345 617 1662 688 Θαυμαστὸς
1683 617 1820 687 σύμ·

225 705 305 775 χ
345 703 558 768 ϐουλος,
603 704 818 774 ἰσχυρὸς
837 745 851 767 ,
879 704 1098 768 δυνατὸς
1129 705 1329 776 πατὴρ,
1356 706 1434 758 ἔτι
1455 706 1635 776 ἄρχων
1669 708 1818 777 εἰρή-

231 797 308 865 X
347 814 480 866 νηςο
526 817 543 845 ι
577 797 671 848 καὶ
704 796 844 848 κατὰ
874 797 963 849 τὸν
996 798 1284 868 Σύμμαχον
1306 798 1382 861 δὲ,
1422 819 1439 849 ι
1478 798 1818 870 κληθήσεται

227 888 300 941 τὺ
356 889 528 958 ὃνομα
576 888 668 941 τοῦ
725 888 933 942 παιδίου
969 889 1410 960 Παραδοξασμὺς,
1444 889 1816 960 βουλευτικὸς,

225 980 487 1052 ἰσχυρὸς,
527 980 768 1042 δυνατὸς,
810 979 988 1050 πατὴρ
1038 980 1250 1044 αἰῶνος,
1295 980 1479 1052 ἄρχων
1512 983 1752 1054 εἰρήνης.
1793 1001 1811 1034 ›

236 1073 609 1144 Ἀπαιτητέον
670 1075 850 1130 τοίνυν
908 1077 1032 1137 τοὺς
1081 1077 1144 1128 ἐκ
1199 1076 1494 1147 περιτομῆς
1550 1080 1698 1129 ποῖον
1751 1075 1816 1130 ἂν

221 1165 461 1236 ἔχοι(εν)
499 1165 705 1221 παιδίον
738 1160 782 1233 ᾧ
821 1165 888 1218 τὰ
920 1167 1215 1236 τηλικαῦτα
1269 1167 1633 1238 ἐφαρμόσαιεν
1680 1185 1818 1239 παρ-

226 1259 486 1309 ιστάναιο
537 1255 656 1309 καθ’
688 1259 833 1328 ἡμᾶς
866 1259 972 1328 γὰρ
999 1259 1232 1314 ἐπίνοιαί
1265 1260 1400 1311 εἰσιν
1436 1253 1593 1312 αῦται
1635 1259 1696 1331 (f.
1725 1259 1815 1330 48)

220 1348 336 1417 τῆς
365 1348 517 1410 θείας
534 1349 627 1400 τοῦ
654 1348 884 1420 Χριστοῦ
913 1349 1214 1418 δυνάμεως,
1237 1351 1316 1412 είς
1338 1349 1396 1402 ὃν
1424 1352 1473 1403 οἰ
1501 1350 1574 1421 μὴ
1600 1351 1818 1405 πιστεύ-

224 1457 434 1504 σαντες
473 1439 785 1508 θελήσουσιν
820 1441 868 1494 εἰ
914 1440 1246 1510 ἐγενήθησαν
1291 1440 1647 1512 πυρίκαυστοι
1685 1440 1816 1510 μᾶλ-

223 1531 324 1584 λον
356 1531 391 1602 ῆ
429 1532 510 1584 ὅτι
563 1531 661 1602 τὴν
715 1530 924 1586 ἐαυτῶν
973 1531 1244 1601 ἀποϐολὴν
1282 1531 1408 1583 ἰδεῖν
1447 1532 1539 1585 καὶ
1579 1532 1677 1601 τὴν
1709 1532 1816 1584 τῶν

223 1617 409 1670 ἐθνῶν
437 1619 730 1688 σωτηρίαν,
759 1620 824 1689 ἣν
855 1621 882 1672 ὀ
911 1618 1067 1690 ζῆλος
1100 1620 1302 1691 Κυρίου
1327 1619 1548 1674 Σαϐαὼθ
1575 1621 1816 1691 ποιήσειν

226 1712 472 1782 εἴρηται·
500 1705 544 1779 ᾧ
563 1711 896 1783 παραθήσεις
922 1713 980 1766 τὸ
1003 1713 1152 1786 παρά
1181 1715 1404 1766 Μωῦσεῖ
1427 1712 1568 1766 οὕτω
1590 1731 1705 1776 πως
1727 1713 1815 1767 λε·-

225 1801 528 1872 λεγμένοψ
563 1823 580 1854 ι
611 1805 771 1856 Δύτοὶ
818 1804 1207 1874 παρεζήλωσάν
1251 1821 1317 1874 με
1343 1805 1401 1854 ἐν
1433 1807 1544 1868 τοῖς
1581 1804 1816 1867 εἰδώλοις

1922 625 2115 687 potens
2142 627 2316 688 pater,
2347 617 2512 672 etiam
2541 616 2796 687 princeps
2823 616 3008 688 pacis;
3032 635 3048 666 ι
3072 624 3125 670 et
3149 616 3304 685 juxta
3334 615 3490 688 Sym-

1922 708 2172 763 machum
2197 729 2208 764 :
2235 729 2251 758 ‹
2275 708 2570 763 Vocabitur
2592 725 2788 763 nomen
2814 709 3022 778 pueruli
3048 707 3487 772 Admirabilitas,

1919 801 2302 868 consiliarius,
2332 802 2488 855 fortis
2510 842 2524 866 ,
2555 811 2782 872 potens,
2811 812 2962 870 pater
2989 800 3171 854 sat-culi
3195 840 3208 862 ,
3239 802 3490 870 princeps

1919 892 2088 960 pacis.
2125 911 2142 943 ι
2167 890 2464 947 Petendum
2497 900 2580 946 est
2609 892 2778 961 igitur
2801 908 2829 943 a
2857 889 3059 946 Judaris
3086 907 3374 961 quemnam
3405 891 3493 943 ha-

1918 981 2120 1048 beant,
2152 985 2239 1036 cui
2274 983 2387 1036 hmc
2418 982 2666 1052 adoptari
2705 982 2949 1052 possint,
2984 985 3272 1052 puerulum
3313 992 3493 1036 osten-

1919 1075 2068 1131 dere.
2121 1073 2333 1129 Etenim
2375 1076 2533 1144 juxta
2575 1090 2674 1128 nos
2717 1073 2919 1128 indicia
2966 1084 3093 1129 sunt
3140 1076 3256 1144 ipsa
3291 1074 3492 1128 divina:

1918 1166 2122 1221 Christi
2171 1168 2494 1236 potestatis,
2537 1167 2590 1220 in
2632 1184 2790 1237 quem
2830 1168 2922 1236 qui
2970 1184 3075 1221 non
3123 1167 3488 1232 crediderint,

1919 1259 2138 1320 volent,
2168 1258 2212 1314 si
2242 1257 2444 1312 fuerint
2475 1258 2597 1328 igne
2622 1260 2890 1314 combusti
2918 1260 3097 1327 potius
3123 1275 3283 1329 quam
3313 1275 3493 1328 reproo

1918 1351 2193 1405 bationem
2244 1366 2398 1406 suam
2434 1351 2618 1406 videre
2645 1362 2698 1405 et
2729 1351 2966 1419 gentium
3016 1353 3280 1414 salutem,
3327 1367 3489 1421 quam

1919 1443 2072 1496 zelus
2122 1441 2338 1496 Domini
2387 1441 2626 1496 Sabaoth
2677 1445 2924 1496 facturus
2972 1459 3092 1497 esse
3137 1442 3356 1498 dicitur.
3409 1442 3489 1496 Ad

1921 1535 2064 1604 quod
2104 1543 2357 1605 spectant
2404 1535 2519 1588 haec
2561 1534 2705 1604 apud
2750 1535 3022 1606 Moysen):
3050 1554 3068 1585 ‹
3101 1535 3204 1605 Ipsi
3249 1553 3331 1590 me
3373 1551 3492 1605 pro-

1918 1632 2260 1678 vocaverunt
2295 1625 2348 1677 in
2382 1623 2542 1678 idolis
2575 1627 2721 1687 suis,
2754 1633 2805 1677 et
2832 1639 2933 1694 ego
2963 1626 3272 1694 provocabo
3307 1643 3402 1681 eos
3433 1628 3488 1680 in

1917 1729 1984 1768 eo
2016 1715 2108 1784 qui
2143 1731 2252 1768 non
2288 1722 2374 1768 est
2407 1715 2669 1784 populus,
2701 1723 2753 1770 ct
2785 1715 2838 1768 in
2869 1725 3028 1786 gente
3060 1716 3227 1769 stulta
3265 1717 3489 1771 irritaho

1917 1821 2012 1860 eos
2046 1807 2085 1858 ¹.
2118 1825 2135 1858 ι
2168 1805 2366 1859 Verum
2401 1823 2499 1861 nec
2534 1807 2819 1875 praisentis
2850 1807 3130 1875 temporis,
3157 1823 3256 1861 nec
3305 1825 3491 1879 prepo-

225 1895 439 1958 αὐτῶν,
493 1896 647 1964 κάγὼ
695 1896 1073 1968 παραζηλώσω
1122 1896 1318 1959 αὐτοὺς
1363 1898 1448 1948 ἐπ’
1491 1897 1589 1949 οὐκ
1639 1895 1811 1949 ἔθνει⁹

1921 1898 2012 1952 siti
2068 1905 2153 1952 est
2195 1898 2410 1966 singula
2463 1899 2760 1968 prophetia:
2803 1899 2968 1952 verba
3015 1899 3335 1967 eluizidare;
3391 1917 3491 1956 nec

226 1990 323 2040 ἐπ’
355 1987 499 2042 ἐθνει
533 1989 772 2058 ἀσυνέτῳ
796 1989 1076 2060 παροργιῶ
1107 1989 1318 2052 αύτούς.
1353 2009 1370 2040 ι
1417 1988 1574 2041 Ἀλλά
1615 1989 1721 2060 γὰρ
1754 1989 1812 2042 ού

231 2081 330 2134 τοῦ
365 2081 631 2151 παρόντος
664 2081 879 2152 καιροῦ,
902 2081 1020 2134 οὐδὲ
1053 2083 1156 2152 μὴν
1179 2080 1272 2134 τοῦ
1296 2080 1416 2133 καθ’
1446 2082 1589 2150 ἡμᾶς
1615 2082 1816 2152 τυγχά-

228 2191 314 2226 νει
347 2173 573 2236 σκοποῦ,
607 2175 840 2243 έκάστην
861 2173 1003 2240 λέξιν
1017 2173 1346 2243 διασαφῆσαι
1363 2173 1460 2243 τῆς
1478 2175 1810 2244 προφητείας

227 2262 666 2333 παραστήσεται·
693 2262 812 2332 (sic)
830 2264 973 2324 ὅπως
1003 2261 1215 2333 εἴρηται
1241 2261 1320 2324 τὸ,
1345 2280 1362 2311 ι
1396 2262 1487 2314 ἐπί
1507 2262 1596 2314 τὸν
1623 2262 1810 2332 θρόνον

226 2351 397 2404 Δαυῒδ
412 2352 503 2404 καὶ
535 2353 630 2422 τὴν
660 2345 930 2421 βασιλείαν
957 2349 1139 2413 αὐτοῦ,
1158 2348 1496 2419 κατορθῶσαι
1516 2349 1736 2420 αύτήνη
1764 2343 1808 2417 ᾧ

228 2445 328 2498 καὶ
348 2446 494 2507 εἰκὸς
522 2445 586 2498 ἂν
616 2447 697 2516 εἴη
718 2446 1020 2516 προσκόψαι
1045 2445 1170 2507 τοὺς
1199 2445 1262 2496 ἐκ
1287 2441 1607 2514 περιτομῆς,
1635 2441 1720 2496 διὰ
1749 2444 1808 2496 τὸ

1921 1987 2201 2058 quomodo
2233 1989 2473 2049 dicatur,
2503 2007 2519 2037 ι
2548 2002 2711 2057 super
2746 1989 2941 2042 solium
2977 1988 3144 2042 David
3177 1999 3230 2044 et
3260 2007 3485 2059 regnum

1917 2079 2038 2148 ejus
2084 2089 2142 2133 ut
2186 2079 2386 2150 dirigat
2433 2079 2588 2133 illud.
2627 2079 2787 2133 »1100
2829 2081 3048 2150 quidem
3077 2080 3294 2136 Iudaeos
3326 2083 3488 2136 ollim-

1915 2172 2036 2234 det,
2071 2180 2359 2240 propterea
2390 2171 2534 2242 quod
2567 2177 2677 2225 non
2709 2172 3066 2240 corporaliter
3094 2187 3258 2242 super
3291 2177 3486 2230 solium

1915 2263 2083 2318 David
2112 2264 2340 2334 ejusque
2374 2280 2599 2335 regnum
2633 2264 2774 2318 sedit
2817 2263 3064 2318 Salvator
3119 2265 3489 2338 Dominusque

1915 2365 2104 2411 noster
2131 2356 2291 2411 Jesus
2321 2357 2592 2412 Christus.
2618 2356 2692 2412 De
2723 2373 2830 2426 quo
2860 2359 3136 2414 studiosos
3165 2360 3395 2417 lectores
3421 2361 3487 2416 ad

1914 2449 2308 2503 commentaria
2339 2450 2467 2502 olim
2502 2466 2530 2502 a
2561 2449 2720 2503 nobis
2760 2452 2966 2519 prolata
2998 2451 3346 2508 remittimus.

231 2537 313 2611 μὴ
340 2537 664 2608 σωματικῶς
695 2539 786 2590 ἐπὶ
815 2538 904 2590 τὸν
934 2537 1118 2608 θρόνον
1146 2537 1239 2588 καὶ
1275 2535 1372 2606 τὴν
1403 2535 1672 2604 βασιλείαν
1701 2534 1794 2588 τοῦ
1833 2539 1993 2591 Δαυῒδ
2023 2541 2369 2594 κεκαθικέναι
2410 2542 2500 2593 τὸν
2531 2542 2760 2612 Σωτῆρα
2793 2543 2885 2594 καὶ
2914 2543 3116 2614 Κύριον
3166 2545 3318 2616 ἡμῶν
3389 2546 3492 2617 Ἰη-

228 2632 365 2686 σοῦν
387 2634 617 2705 Χριστόν
636 2648 648 2660 °
675 2633 739 2686 δι’
758 2634 892 2704 ὅπερ
909 2631 1325 2702 ἀναπέμψαντες
1347 2631 1473 2693 τοὺς
1494 2629 1809 2699 φιλομαθεῖς
1847 2634 1939 2690 ἐπὶ
1971 2634 2037 2687 τὰ
2066 2637 2145 2698 εἰς
2178 2637 2302 2699 τοὺς
2331 2637 2525 2700 τόπους
2571 2636 2959 2707 ὑπομνήματα,
2997 2640 3157 2707 ἡμεῖς
3191 2639 3248 2691 τὸ
3295 2656 3490 2710 προτε-

230 2728 325 2780 θέν
359 2723 848 2797 διαπερανούμεθα.

761 2847 1158 2902 ΚΕΦΑΛΑΙΟΝ
1211 2849 1291 2900 Η¹.

309 2961 329 2993 ι
374 2941 504 2994 Ἰδοὺ
534 2940 598 3012 δὴ
623 2942 651 2993 ὁ
681 2940 946 3010 δεσπότης
988 2939 1192 3010 Κύριος
1224 2937 1448 2992 Σαϐαὼθ
1490 2939 1810 3011 συνταράξει

227 3033 358 3094 τοὺς
383 3029 624 3094 ἐνδόξους
665 3029 801 3100 μετὰ
837 3028 1037 3098 ἰσχύος,
1071 3029 1161 3082 καὶ
1191 3028 1383 3099 ὑψηλοὶ
1404 3031 1468 3100 τῇ
1506 3027 1658 3100 ὕϐρει
1691 3046 1812 3083 συν-

2502 2847 2730 2902 CAPUT
2775 2847 2908 2904 Vill.

1987 2958 2005 2988 ε
2049 2938 2188 2994 Ecce
2233 2938 2551 2993 dominator
2597 2937 2862 2995 Dominus
2914 2938 3151 2995 Sabaoth
3178 2940 3488 3011 confringet

1911 3030 2118 3084 nobiles
2161 3043 2285 3082 cum
2334 3027 2688 3091 fortitudine,
2725 3038 2779 3083 et
2807 3030 3010 3084 excelsi
3046 3040 3258 3085 statura
3294 3034 3478 3086 succi-

229 3124 602 3195 τριϐήσονται,
642 3123 733 3174 καὶ
767 3119 1284 3190 ταπεινωθήσονται,
1323 3120 1416 3172 καὶ
1449 3120 1736 3177 πεσοῦνται
1760 3121 1810 3173 οί

1917 3122 2130 3187 dentur,
2160 3128 2214 3176 et
2232 3120 2492 3176 sublimes
2526 3119 2980 3176 humiliahuutur.
3004 3121 3068 3175 Et
3099 3124 3489 3178 subvertentur

231 3215 429 3284 ὑψηλοὶ
465 3213 708 3284 μαχαίρᾳ
728 3230 740 3242 ·
767 3213 794 3264 ό
819 3211 874 3263 δὲ
909 3210 1130 3273 Λίϐανος
1173 3212 1268 3265 σὺν
1300 3213 1410 3275 τοῖς
1452 3210 1670 3281 ὑψηλοῖς
1706 3229 1807 3264 πε·

230 3309 427 3360 σείται.
457 3306 565 3357 Καὶ
589 3303 926 3368 ἐξελεύσεται
960 3302 1153 3373 ῥάϐδος
1181 3304 1245 3356 ἐκ
1269 3303 1366 3374 τῆς
1394 3303 1550 3374 ῥίζης
1587 3302 1805 3366 Ἰεσσαὶ,

229 3399 330 3452 καὶ
360 3397 519 3461 ἄνθος
540 3399 603 3450 ἐκ
636 3398 733 3466 τῆς
758 3395 912 3466 ῥίζης
941 3395 1289 3468 ἀναϐήσεται,
1321 3396 1415 3450 καὶ
1437 3395 1812 3451 ἐπαναπαύσεο

228 3511 321 3547 ται
359 3493 445 3544 ἐπ’
491 3491 651 3543 αὐτὸν
683 3489 897 3559 πνεῦμα
922 3488 1013 3542 τοῦ
1047 3486 1202 3551 Θεοῦ,
1230 3487 1445 3558 πνεῦμα
1497 3486 1685 3555 σοφίας
1717 3487 1811 3540 καὶ

230 3584 522 3646 συνέσεως,
573 3581 786 3652 πνεῦμα
821 3581 1015 3652 βουλῆς
1045 3579 1138 3633 καὶ
1178 3578 1378 3648 ἰσχύος,
1417 3577 1630 3648 πνεῦμα
1672 3577 1810 3646 γνὼ-

233 3693 374 3739 σεως
421 3676 513 3728 καὶ
549 3674 828 3738 εὐσεϐείας
873 3672 1139 3742 ἐμπλήσει
1178 3670 1374 3724 αὐτόν·
1402 3670 1617 3741 πνεῦμα
1643 3671 1808 3740 φόϐου

228 3766 370 3819 Θεοῦ
391 3767 450 3818 ού
483 3766 626 3820 κατὰ
655 3765 750 3836 τὴν
771 3765 925 3828 δόξαν
952 3765 1144 3836 κρινεῖ,
1169 3763 1288 3815 οὑδέ
1321 3761 1462 3815 κατὰ
1495 3763 1592 3834 τὴν
1620 3763 1807 3816 λαλιὰν

231 3856 467 3925 ἐλέγξει,
505 3855 640 3909 ἀλλὰ
665 3857 839 3927 κρινεῖ
856 3853 1093 3924 ταπεινῷ
1118 3854 1316 3926 κρίσιν,
1342 3854 1434 3906 καὶ
1454 3853 1660 3921 ἐλέγξει
1684 3855 1809 3916 τοὺς

229 3948 524 4008 ταπεινοὺς
569 3946 668 4015 τῆς
716 3946 840 4016 γῆς,
888 3946 982 4000 καὶ
1015 3943 1242 4009 πατάξει
1274 3945 1379 4015 γῆν
1427 3943 1504 4014 τῷ
1535 3945 1676 4016 λόγῳ
1714 3945 1808 4000 τοῦ

231 4037 504 4109 στόματος
534 4036 718 4097 αὑτοῦ,
747 4038 840 4090 καὶ
874 4038 930 4088 ἐν
961 4035 1226 4106 πνεύματι
1259 4036 1346 4089 διὰ
1373 4035 1593 4105 χειλέων
1635 4035 1811 4091 ἀνελεῖ

231 4131 440 4200 ἀσεϐῆ·
495 4131 588 4182 καὶ
630 4129 778 4183 ἔσται
822 4130 1132 4203 δικαιοσύνῃ
1178 4130 1481 4202 ἐζωσμένος
1517 4131 1614 4201 τὴν
1642 4131 1810 4199 ὀσφὺν

233 4222 436 4286 αὑτοῦ,
478 4223 570 4274 καὶ
613 4221 837 4290 ἀληθεία
882 4221 1165 4292 εἰλημένος
1201 4221 1300 4284 τὰς
1343 4220 1582 4293 πλευρὰς
1625 4221 1807 4275 αὑτοῦ.

232 4315 344 4370 Καὶ
389 4311 898 4384 συμϐοσκηθήσεται
943 4311 1104 4374 λύκος
1140 4312 1277 4383 μετά
1317 4313 1497 4383 ἀρνὸς,
1532 4313 1626 4366 καὶ
1671 4315 1812 4386 πάρ-

229 4405 383 4467 δαλις
431 4403 900 4456 συναναπαύσεται
958 4403 1163 4474 ἐρίφῳ,
1212 4403 1302 4458 καὶ
1372 4403 1663 4474 μοσχάριον
1717 4405 1809 4458 καὶ

1915 3213 2117 3268 excelsi
2165 3212 2347 3266 ferro:
2385 3219 2439 3266 et
2491 3209 2731 3266 Libanus
2780 3228 2905 3266 cum
2939 3213 3178 3269 excelsis
3209 3215 3388 3270 cadet.
3425 3214 3489 3269 Et

1914 3302 2226 3371 egredietur
2255 3301 2407 3371 virga
2437 3300 2502 3354 de
2537 3301 2719 3357 radice
2751 3301 2936 3364 Jesse,
2982 3311 3035 3356 et
3075 3303 3174 3358 ﬂos
3209 3303 3275 3358 de
3307 3304 3490 3360 radice

1913 3395 2034 3463 ejus
2079 3393 2371 3456 ascendet,
2424 3401 2478 3447 et
2515 3394 2822 3462 requiescet
2872 3409 3035 3463 super
3081 3411 3205 3448 eum
3264 3397 3488 3466 spiritus

1915 3485 2043 3550 Dei,
2075 3485 2300 3554 spiritus
2327 3483 2608 3552 sapientiae
2631 3493 2686 3539 et
2715 3485 3054 3548 intellectus,
3083 3486 3316 3556 spiritus
3351 3503 3486 3542 con-

1915 3578 2025 3635 siiii
2071 3586 2123 3632 et
2168 3576 2538 3640 fortitudinis,
2583 3577 2814 3644 spiritus
2859 3578 3102 3634 scienti-.2
3135 3588 3189 3633 et
3222 3579 3482 3649 pietatis:

1914 3671 2146 3740 replebit
2182 3685 2306 3723 eum
2339 3671 2564 3739 spiritus
2593 3669 2809 3723 timoris
2847 3669 2939 3724 Dei
2970 3689 2984 3735 ;
3027 3687 3135 3724 non
3183 3670 3484 3726 secundum

1913 3761 2520 3832 opinionemjudicahit.
2539 3775 2715 3828 neque
2743 3759 3041 3814 secundum
3070 3760 3340 3830 loquelam
3372 3761 3490 3815 red-

1915 3861 2128 3924 arguet,
2191 3852 2285 3906 sed
2323 3851 2594 3921 judicabit
2619 3851 2808 3906 humili
2850 3851 3150 3920 judicium,
3195 3861 3248 3906 et
3295 3851 3487 3906 redar-

1913 3951 2042 4016 guet
2082 3945 2316 3999 humiles
2349 3952 2541 4007 terrae,
2594 3951 2649 3999 et
2673 3944 3010 4013 critjustitia
3037 3943 3316 4014 cingulum
3349 3943 3489 3996 lum-

1913 4037 2106 4092 borum
2140 4037 2261 4105 ejus
2287 4077 2301 4100 ,
2337 4044 2392 4092 et
2418 4037 2622 4092 veritas
2648 4036 3026 4091 indumentum
3061 4035 3290 4090 laterum
3323 4035 3486 4104 ejus;

1914 4138 1968 4184 et
1997 4139 2249 4200 pascetur
2271 4130 2434 4186 simul
2458 4130 2619 4200 lupus
2643 4145 2766 4186 cum
2795 4143 2936 4200 agno
2957 4168 2972 4192 ,
3007 4135 3060 4182 ct
3085 4128 3290 4198 pardus
3324 4127 3488 4182 simul

1912 4219 2162 4288 quiescet
2189 4234 2312 4273 cum
2337 4217 2524 4279 litedo,
2559 4227 2614 4273 et
2645 4219 2850 4273 vitulus
2881 4228 2935 4270 et
2966 4218 3064 4272 bos
3107 4226 3161 4273 et
3203 4220 3286 4271 leo
3326 4219 3486 4270 simul

1915 4318 2246 4378 pascentur:
2281 4307 2444 4362 simul
2482 4309 2830 4376 requiescent
2859 4309 3025 4362 catuli
3058 4323 3248 4363 eorum
3273 4347 3289 4369 ,
3325 4319 3374 4362 et
3405 4310 3488 4362 leo

1913 4401 2067 4471 quasi
2093 4401 2191 4455 bos
2219 4399 2466 4454 comedet
2494 4402 2698 4470 paleas.
2732 4399 2796 4452 Et
2823 4399 3183 4454 delectabitur
3207 4399 3388 4454 infans
3418 4401 3487 4455 ab

229 4496 434 4568 ταῦρος
484 4495 578 4548 καὶ
636 4495 772 4548 λέων
807 4494 921 4565 ἄμα
965 4494 1413 4566 βοσκηθήσονται,
1457 4497 1546 4548 καὶ
1583 4497 1699 4566 ἅμα
1740 4496 1807 4551 τὰ

1917 4495 2080 4548 ubere
2125 4508 2290 4564 super
2342 4492 2609 4546 foramine
2645 4492 2890 4560 aspidis,
2937 4499 2991 4545 ct
3031 4492 3084 4544 in
3131 4507 3365 4545 caverna
3401 4508 3489 4546 re-

230 4589 423 4643 παιδία
471 4586 648 4639 αὐτῶν
693 4586 925 4649 ἔσονται,
983 4588 1076 4639 καὶ
1120 4585 1254 4638 λέων
1292 4585 1368 4648 ὼς
1408 4585 1534 4655 βοῦς
1575 4588 1806 4655 φάγεται

229 4682 433 4753 ἄχυρα,
467 4682 560 4733 καὶ
602 4679 812 4734 παιδίον
838 4680 1029 4749 νήπιον
1055 4681 1146 4732 ἐπὶ
1177 4678 1426 4751 τρώγλην
1454 4678 1693 4732 ἀσπίδων
1718 4681 1813 4732 καὶ

233 4777 329 4829 ἐπὶ
360 4775 546 4844 κοίτην
581 4772 816 4841 ἐγγόνων
849 4771 1089 4824 ἀσπίδων
1115 4769 1213 4841 τὴν
1242 4773 1399 4843 χεῖρα
1428 4770 1694 4834 ἐπιϐαλεῖ,
1721 4772 1813 4824 καὶ

231 4869 292 4922 ’.ὑ
323 4867 398 4938 μὴ
424 4863 1018 4935 κακοποιήσωσιν,οὐδέ
1047 4863 1120 4933 μὴ
1151 4862 1410 4917 δύνωνται
1431 4863 1692 4918 ἀπολέσαι
1727 4865 1814 4916 οὐ-

227 4959 357 5014 δένα
387 4959 478 5011 ἐπὶ
498 4957 558 5010 τὸ
590 4957 714 5029 ὅρος
741 4956 802 5009 τὸ
827 4956 980 5024 ἆγιόν
1009 4973 1129 5026 μου,
1161 4956 1242 5010 ὅτι
1271 4955 1577 5028 ἐνεπλήσθη
1606 4957 1639 5026 ἧ
1671 4956 1812 5026 σύμ-

230 5069 381 5107 πασα
409 5052 480 5122 γῆ
504 5050 597 5104 τοῦ
621 5049 820 5118 γνῶναι
842 5050 933 5102 τὸν
957 5048 1182 5120 Κύριον,
1200 5047 1274 5111 ὡς
1308 5048 1450 5119 ὕδωρ
1481 5048 1614 5102 πολὺ
1644 5066 1810 5102 κατα-

229 5143 469 5212 καλύψαι
499 5141 792 5203 θαλάσσαςο
834 5141 928 5194 καί
961 5140 1112 5193 ἐσται
1145 5141 1202 5194 ἐν
1240 5142 1305 5210 τῇ
1341 5139 1523 5211 ἡμέρᾳ
1556 5140 1739 5211 ἐκείνῃ
1777 5141 1810 5209 ή

230 5235 358 5307 ῥίζα
393 5234 484 5287 τοῦ
535 5233 750 5292 Ἰεσσαὶ,
786 5233 877 5285 καὶ
909 5235 938 5285 ὁ
984 5231 1340 5301 ἀνιστάμενος
1385 5231 1572 5302 ἄρχειν
1620 5230 1809 5294 ἐθνῶν,

227 5327 316 5379 ἐπ’
348 5323 496 5395 αύτῷ
536 5323 664 5393 ἐθνη
697 5322 961 5388 ἐλπιοῦσι,
997 5323 1094 5377 καὶ
1118 5322 1269 5378 ἔσται
1303 5324 1336 5393 ή
1370 5322 1676 5387 ἀνάπαυσις
1709 5323 1812 5376 αὐ-

231 5417 325 5472 τοῦ
369 5420 523 5489 τιμή.
558 5437 575 5468 »
626 5417 748 5472 Οὐδ’
793 5417 946 5469 αὐτοὶ
985 5417 1036 5468 οί
1072 5418 1136 5469 ἐκ
1167 5415 1465 5486 περιτομῆς
1497 5413 1653 5468 ἄλλον
1691 5412 1810 5469 τινὰ

229 5511 325 5564 τοῦ
371 5508 608 5583 Χριστοῦ
648 5507 739 5562 τὸν
781 5506 1014 5561 ἐνταῦθα
1066 5507 1539 5581 προφητευόμενον
1591 5507 1811 5578 ὑπειλή-

233 5618 388 5672 φασι,
423 5599 562 5670 πλὴν
588 5600 710 5654 ὅσον
741 5598 834 5649 ἐπὶ
858 5596 985 5667 ψιλῇ
1020 5600 1088 5666 τῇ
1119 5597 1220 5667 τῆς
1252 5596 1588 5668 προφητείας
1615 5595 1807 5667 ἐκδοχῇ

237 5689 692 5762 σωματικώτερον
739 5687 956 5741 ἔσεσθαι
1001 5687 1393 5758 φανταζόμενοι
1438 5686 1504 5741 τὰ
1543 5687 1683 5740 κατά
1721 5687 1809 5740 τὸν

317 5853 329 5883 ί
359 5849 514 5907 Deut.
545 5865 718 5912 xxxii,
746 5847 834 5902 9.1.
913 5851 929 5878 ¹
959 5845 1062 5902 lsa.
1100 5863 1152 5911 λ,
1191 5847 1276 5910 55,
1306 5847 1408 5912 51,
1437 5864 1510 5910 λι,
1545 5845 1688 5900 1-10.

1913 4587 2023 4657 guli
2049 4629 2063 4652 ,
2107 4585 2200 4655 qui
2236 4585 2539 4640 ablactatus
2580 4584 2745 4639 fuerit
2771 4625 2785 4647 ,
2829 4599 3049 4637 manum
3095 4601 3250 4638 suam
3292 4586 3484 4641 mittet.

1916 4678 2034 4732 Non
2066 4677 2337 4732 nocebunt
2363 4716 2376 4737 ,
2413 4684 2468 4729 et
2501 4691 2609 4728 non
2642 4675 2893 4729 occident
2927 4675 2980 4728 in
3017 4678 3275 4731 universo
3305 4686 3489 4732 monte

1917 4773 2106 4819 sancto
2134 4779 2254 4818 meo
2282 4783 2294 4818 :
2329 4768 2456 4833 quia
2491 4763 2696 4833 repleta
2730 4771 2814 4818 est
2847 4770 2992 4818 terra
3037 4766 3265 4819 scientia
3301 4764 3489 4820 Domi-

1917 4857 1970 4910 ni
1993 4895 2007 4918 ,
2043 4856 2182 4910 sicut
2212 4869 2366 4926 aqua:
2391 4855 2562 4908 maris
2592 4853 2922 4924 operientes.
2959 4854 3023 4907 Et
3052 4855 3157 4908 erit
3188 4856 3241 4908 in
3271 4856 3360 4909 die
3395 4855 3489 4908 illa

1918 4951 2074 5006 radix
2125 4949 2313 5014 Jesse,
2362 4959 2416 5005 et
2456 4951 2550 5021 qui
2599 4950 2777 5020 surgit
2819 4961 2876 5002 ut
2927 4949 3154 5018 imperet
3200 4947 3487 5018 gentibus,

1917 5044 2096 5113 ipsum
2148 5050 2336 5112 gentes
2382 5042 2846 5113 deprecabuntur,
2909 5050 2963 5095 et
3015 5041 3117 5093 erit
3176 5039 3485 5108 sepulcrum

1915 5138 2037 5207 ejus
2065 5137 2362 5207 gloriosum
2391 5139 2432 5190 ’.
2467 5157 2485 5188 ι
2513 5135 2699 5206 Neque
2726 5135 2826 5205 ipsi
2855 5133 3022 5188 Judzri
3053 5133 3215 5186 alium
3241 5131 3489 5200 quemvis

1915 5246 1978 5284 ac
2058 5230 2342 5284 Christum
2413 5229 2484 5282 ihi
2560 5228 2991 5298 prophetizatum
3057 5227 3484 5288 intellexerunt,

1917 5321 2023 5376 nisi
2067 5321 2325 5377 nimirum
2367 5320 2737 5390 corporaliter
2753 5329 2974 5387 accepta
3003 5317 3166 5387 hujus
3191 5316 3488 5386 prophetiae

1919 5415 2170 5485 simplice
2204 5414 2382 5468 littera
2406 5453 2420 5476 ,
2446 5414 2500 5467 in
2527 5412 2817 5467 Dominum
2845 5419 3090 5466 nostrum
3113 5409 3296 5466 Jesum
3321 5409 3484 5465 Chri-

1914 5517 2056 5564 stum
2083 5507 2239 5561 lidem
2265 5505 2526 5561 adhibere
2551 5512 2801 5560 renuant.
2823 5503 2934 5560 Nos
2969 5519 3100 5558 vero
3128 5501 3310 5556 omnia
3327 5494 3484 5571 juxta

1916 5599 2250 5672 prophetiam
2301 5597 2464 5669 digna
2509 5613 2632 5653 esse
2679 5596 2790 5652 Deo
2823 5611 3143 5667 persuasum
3174 5596 3438 5652 habentes
3462 5633 3479 5658 ,

1912 5692 1979 5750 de
2043 5691 2287 5747 moribus
2336 5690 2619 5744 hominum
2668 5687 2966 5744 Salvatoris
3017 5687 3188 5744 nostri
3245 5686 3478 5743 adventu
3520 5767 3522 5770 ρ
