3974 6500
560 417 691 473 1211
1231 385 1495 471 EUSEBII
1530 415 2014 472 CA‘ZSARIENSIS
2049 414 2200 471 OPP.
2243 413 2439 468 PARS.
2477 411 2562 468 Ill.
2605 443 2676 454 -
2712 406 3127 464 EXEGETICA.
3658 408 3778 461 19.ιὲ

555 531 624 584 ab
675 529 978 599 iniquitatis
1030 503 1303 597 profundo
1352 527 1408 592 in
1459 529 1934 585 mansuetudinem
1989 545 2093 586 con

2195 583 2196 587 η
2221 527 2384 580 τόπον
2409 526 2508 596 τὴν
2536 525 2616 588 είς
2648 523 2741 577 τὸν
2776 522 2978 594 Κύριον
3002 521 3157 593 ἡμῶν
3198 521 3405 592 Ἰησοῦν
3438 522 3664 592 Χριστὸν
3693 526 3780 595 οὐχ

553 621 730 676 versis
771 619 884 674 haec
928 618 1036 672 dici
1072 617 1450 674 credidimus:
1488 635 1632 674 nunc
1667 636 1840 690 usque
1873 620 2088 675 vidente

2219 616 2540 689 ὁμολογοῦσι
2575 616 2778 669 πίστιν·
2805 616 2967 685 ἡμεῖς
2994 613 3041 666 δ’
3069 613 3165 666 ὅλα
3187 611 3256 664 τά
3286 611 3430 664 κατὰ
3463 612 3561 680 τὴν
3585 629 3780 685 προφη-

550 713 824 783 quomodo
865 719 917 765 et
949 726 1056 793 qua
1091 711 1305 766 ratione
1338 711 1395 765 in
1427 711 1687 767 Ecclesiis
1715 728 1837 783 quae
1867 720 1996 768 sunt
2027 728 2119 767 su-

2217 710 2367 763 τείαν
2408 709 2532 776 ἀξια
2572 704 2711 762 εἶναι
2756 706 2888 760 Θεοῦ
2924 704 3252 775 πειθόμενοι,
3291 703 3420 773 περὶ
3457 704 3670 774 τροπῶν
3700 707 3782 759 άν-

550 817 646 870 per
677 811 916 863 terram,
974 801 1211 854 adventu
1259 797 1384 855 Jesu
1419 801 1625 860 Christi
1661 818 1691 858 e
1738 803 1921 858 radice
1965 801 2093 858 Jessl

2219 800 2502 870 θρωπείων
2533 799 2642 852 τῶν
2671 797 2760 852 διὰ
2779 799 2877 868 τῆς
2899 795 3221 866 ἐπιφανείας
3243 793 3337 847 τοῦ
3363 794 3619 864 Σωτῆρος
3643 795 3781 864 ἡμῶν

541 890 864 961 germinati,
920 891 1166 962 plerique
1216 892 1495 946 hominum
1544 892 1918 948 transformati
1969 895 2112 960 sint,

542 989 708 1051 atque
735 990 927 1048 natura
959 997 1060 1038 sua
1088 983 1357 1050 immutati
1389 985 1540 1064 prius
1571 984 1768 1047 ferina,
1801 1001 1928 1040 cum
1953 987 2113 1056 quasi

543 1072 655 1153 lupi
699 1073 882 1142 prius,
919 1081 972 1127 et
1006 1074 1161 1144 pardi
1191 1082 1244 1128 et
1279 1076 1462 1131 leones
1487 1116 1502 1140 ,
1539 1085 1844 1146 ceteraque
1875 1076 2112 1132 ferarum

539 1173 594 1218 et
635 1165 974 1235 serpentium
1017 1181 1217 1236 genera
1273 1167 1558 1233 viverent,
1615 1169 1758 1224 sicut
1809 1184 1905 1224 eos
1955 1169 2113 1239 juxta

539 1258 817 1325 propriam
883 1258 1151 1327 cujusque
1206 1258 1468 1312 malitiam
1528 1268 1582 1314 et
1641 1259 1986 1330 iniquitatem
2045 1275 2112 1314 ex

539 1349 791 1420 analogia
838 1351 1120 1424 prophetia
1159 1359 1339 1405 vocat.
1373 1351 1475 1418 Qui
1505 1363 1558 1407 et
1590 1355 1842 1409 conversi
1867 1363 1921 1409 et
1951 1354 2109 1424 quasi

537 1442 909 1513 transﬁgurati
969 1445 1024 1498 in
1087 1452 1301 1506 tantum
1365 1447 1806 1502 mansuetudinis
1865 1447 2108 1517 provecti

535 1541 696 1600 sunt,
753 1545 810 1600 ut
862 1537 1024 1590 simul
1078 1548 1452 1617 pascerentur,
1501 1539 1745 1594 eamdem
1791 1547 2106 1594 sanctorum

536 1625 631 1682 Dei
663 1629 954 1693 verborum
1000 1643 1184 1683 escam
1227 1631 1575 1686 comedentes
1610 1646 1735 1684 cum
1777 1630 2108 1686 mansuetis-

535 1718 690 1776 simis
718 1719 827 1771 vita
867 1716 956 1772 Dei
989 1720 1121 1775 viris
1151 1721 1339 1790 justis,
1369 1735 1508 1791 quos
1544 1727 1767 1790 propter
1795 1720 1958 1775 talem
1991 1721 2107 1787 ani-

533 1825 630 1866 ιιιιξ
666 1810 1032 1865 innocentiam
1069 1813 1295 1882 privatis
1320 1820 1374 1867 et
1405 1812 1863 1868 mansuetissimis
1896 1813 2105 1866 anima-

2215 894 2324 947 ἀπὸ
2355 893 2447 946 τοῦ
2479 892 2671 963 βάθους
2710 891 2809 962 τῆς
2852 889 3048 953 κακίας
3087 890 3166 952 είς
3208 888 3525 958 ἡμερότητα
3565 888 3779 956 μεταϐεο

2215 986 2490 1055 ϐληκότων
2509 984 2680 1039 ταῦτα
2705 981 2960 1050 λέγεσθαι
2987 979 3450 1049 πεπιστεύκαμεν·
3481 978 3564 1030 ἔτι
3588 979 3680 1031 καὶ
3699 979 3782 1031 νῦν

2212 1076 2445 1149 ὁρῶντες
2475 1075 2592 1139 πῶς
2618 1074 2712 1128 καὶ
2736 1074 2858 1127 τίνα
2881 1073 3079 1142 τρόπον
3105 1073 3162 1124 ὲν
3183 1073 3304 1134 ταῖς
3325 1069 3471 1122 κατά
3489 1069 3590 1139 τὴν
3618 1071 3780 1121 οἰκον-

2217 1170 2384 1241 μένην
2416 1169 2496 1242 [ἐν
2520 1167 2661 1240 ταῖς]
2692 1165 3038 1238 Ἐκκλησίαις
3078 1170 3214 1236 μετά
3243 1163 3338 1234 τὴν
3360 1162 3667 1234 παρουσίαν
3698 1163 3779 1215 τοῦ

2214 1265 2280 1316 ὲκ
2307 1263 2404 1334 τῆς
2439 1260 2596 1334 ῥίζης
2621 1259 2682 1329 (ί.
2714 1259 2783 1313 48
2807 1260 2882 1330 v°)
2929 1257 3124 1310 Ἰεσσαὶ
3159 1255 3593 1327 βεϐλαστηκότος
3621 1254 3778 1323 Ἰησοῦ

2212 1354 2470 1426 Χριστοῦ,
2491 1355 2540 1407 οἱ
2577 1351 2761 1406 πολλοὶ⁵
2804 1351 2914 1404 τῶν
2961 1347 3261 1421 ἀνθρώπων
3312 1345 3779 1418 μετεπλάσθησαν,

2211 1447 2306 1500 καὶ
2347 1445 2446 1517 τὴν
2497 1436 2656 1516 φύσιν
2694 1443 2864 1513 αὐτὴν
2891 1441 2999 1495 ἀπὸ
3028 1439 3122 1494 τοῦ
3152 1437 3451 1511 θηριώδους
3497 1437 3782 1507 μετέϐαλον

2212 1538 2350 1610 βίου,
2385 1539 2538 1599 λύκοι
2569 1538 2710 1601 τινὲς
2747 1537 2900 1600 ὄντες
2941 1535 3002 1587 τὸ
3053 1533 3337 1606 πρότερον,
3358 1531 3453 1584 καὶ
3498 1531 3782 1602 παρδάλεις

2207 1629 2298 1695 τὸν
2330 1628 2525 1682 τοιονδὶ
2559 1629 2778 1701 τρόπον,
2803 1625 3016 1689 λέοντές
3047 1641 3104 1676 τε
3135 1625 3226 1677 καὶ
3240 1625 3339 1677 ὅσα
3368 1621 3502 1675 ἀλλα
3535 1621 3697 1692 θηρία
3727 1639 3779 1676 τε

2209 1721 2303 1776 καὶ
2334 1721 2538 1792 ἑρπετά
2571 1723 2690 1774 κατ’
2721 1719 3007 1789 ἀναλογίαν
3045 1718 3146 1788 τῆς
3187 1717 3244 1768 ὲν
3284 1715 3500 1785 ἑκάστῳ
3540 1713 3778 1783 ποικίλης

2207 1811 2406 1881 κακίας
2433 1828 2493 1863 τε
2527 1813 2618 1865 καὶ
2651 1811 2913 1882 πονηρίας
2948 1813 2982 1878 ἡ
3017 1806 3320 1879 προφητεία
3363 1802 3689 1870 καταλέγει·
3733 1804 3777 1854 οἶ

535 1901 714 1964 libus,
753 1909 916 1972 atque
959 1903 1280 1959 lactentibus
1323 1903 1508 1973 pueris
1547 1903 1764 1958 divinus
1805 1905 2093 1982 aequiparal

2208 1904 2302 1956 καὶ
2352 1901 2707 1974 μεταθέμενοι
2756 1901 2849 1954 καὶ
2895 1898 3134 1967 ὡσπερεὶ
3185 1892 3681 1966 μεταπλασθέντες,
3708 1895 3778 1956 είς

535 2008 735 2048 sermo.
789 1993 845 2048 Si
891 1999 1014 2064 quis
1066 1995 1210 2050 haud
1263 1995 1423 2049 facile
1474 1994 1588 2049 haec
1637 1983 1906 2066 accipiat,
1957 1996 2106 2051 dicat

530 2085 805 2156 quomodo
836 2087 994 2141 aliter
1022 2104 1052 2142 e
1085 2103 1250 2142 sensu
1296 2086 1574 2143 communi
1616 2087 1762 2142 hunc
1803 2088 1977 2163 possit
2015 2089 2102 2142 in-

531 2179 817 2246 terpretari
859 2179 1060 2234 locum.
1107 2178 1472 2244 Quamobrem
1519 2177 1687 2248 igitur
1731 2186 1784 2234 et
1829 2179 2106 2249 quomodo

530 2262 772 2337 Libanus
806 2285 930 2324 cum
961 2269 1195 2325 excelsis
1226 2268 1426 2323 cadet?
1456 2268 1742 2336 Quomodo
1769 2285 1874 2324 non
1903 2271 2105 2342 allego-

529 2360 642 2414 rice
665 2361 899 2431 accipiet
939 2377 1115 2432 neque
1161 2361 1410 2432 virgam,
1465 2377 1642 2432 neque
1691 2362 1880 2416 ﬂorem
1923 2379 1989 2418 ex
2035 2379 2102 2418 ea

527 2453 1016 2526 germinaturum?
1078 2453 1346 2508 Ostendat
1404 2453 1679 2523 quomodo
1741 2455 2102 2524 corporaliter

525 2543 675 2614 virga
720 2560 1010 2616 egressura
1050 2545 1119 2600 de
1154 2547 1339 2602 radice
1379 2544 1536 2602 Jesse
1580 2545 1819 2608 dicatur,
1855 2553 1910 2600 et
1954 2546 2099 2602 unde

524 2634 633 2691 ﬂos
653 2651 687 2692 e
714 2636 899 2692 radice
927 2637 1048 2704 ejus
1078 2652 1433 2692 ascensurus.
1472 2634 1527 2688 Si
1559 2645 1740 2692 autem
1760 2678 1776 2702 ,
1808 2638 1954 2707 quod
1985 2653 2101 2706 per-

524 2727 741 2784 diﬂicite
767 2736 884 2791 est,
914 2729 983 2784 de
1011 2729 1096 2783 his
1129 2729 1641 2799 interpretationem
1667 2727 1927 2782 exhibere
1956 2728 2097 2782 nita-

525 2831 634 2886 tur,
668 2821 884 2877 attende
917 2835 1100 2875 annon
1131 2819 1358 2890 pulchre
1392 2819 1550 2873 nobis
1565 2826 1631 2873 et
1660 2819 1868 2888 reliqua
1900 2817 2094 2872 Salva-

521 2916 660 2970 toris
708 2914 883 2969 nostri
929 2913 1163 2967 adventu
1206 2913 1422 2982 plenum
1471 2918 1726 2965 eventum
1780 2909 2091 2965 habuerint.

522 3010 655 3073 Qum
701 3015 756 3062 et
805 3013 1174 3075 congruenter
1219 3019 1342 3057 cum
1389 3002 1674 3074 prOphetia
1725 3003 2087 3066 advenerunt,

524 3095 823 3152 contractis
857 3112 887 3149 a
921 3095 1151 3150 Domino
1180 3092 1420 3148 Sabaoth
1457 3092 1662 3163 prioris
1693 3093 1880 3163 populi
1909 3108 2088 3162 quon-

521 3187 646 3241 dam
679 3187 956 3242 nobilibus
976 3227 990 3251 ,
1023 3201 1160 3256 quos
1190 3193 1244 3241 et
1273 3185 1516 3240 elevatos
1559 3183 1704 3238 facta
1745 3184 1801 3238 in
1836 3181 2090 3237 Salvato-

519 3295 634 3335 rem
667 3287 913 3335 nostrum
944 3279 1145 3349 injuria
1164 3318 1179 3343 ,
1211 3277 1572 3334 conterendos
1599 3285 1654 3333 et
1684 3277 2051 3332 humiliandos
2071 3316 2086 3341 ,

519 3381 574 3426 et
603 3370 938 3439 dejiciendos
968 3386 1090 3426 esse
1123 3372 1476 3439 pramuntiat.
1513 3368 1650 3424 Cum
1702 3367 1808 3422 illis
1836 3377 1890 3423 et
1929 3367 2091 3422 Liba-

520 3480 648 3518 num
693 3465 1076 3534 prolapsurum
1110 3462 1392 3533 Scriptura
1434 3462 1586 3518 dicit.
1633 3461 1722 3516 Sic
1767 3461 1913 3516 enim
1960 3477 2094 3516 con-

519 3564 774 3612 sueverat
803 3555 1103 3612 Jerusalem
1133 3564 1478 3626 veteremque
1530 3555 1804 3626 quondam
1845 3555 1918 3609 ibi
1958 3555 2094 3609 cele

517 3641 733 3696 bratum
771 3643 976 3697 cultum
1005 3643 1292 3712 allegorice
1321 3643 1640 3709 nominare;
1674 3651 1733 3696 ut
1769 3650 1984 3699 constat
2025 3659 2090 3697 ex

521 3733 614 3786 illo
639 3732 938 3788 Ezechielis
965 3733 1086 3787 loco
1106 3778 1120 3798 ,
1145 3733 1237 3788 ubi
1264 3733 1470 3788 dictum
1499 3743 1583 3789 est
1609 3753 1621 3787 :
1655 3753 1674 3785 ι
1706 3735 1898 3804 Aquila
1929 3749 2092 3804 gran-

521 3824 628 3888 dis,
660 3840 980 3892 magnarum
1011 3825 1254 3887 alarum,
1294 3825 1457 3896 longo
1486 3827 1857 3880 membrorum
1885 3825 2085 3888 ductu,

521 3917 680 3986 plena
711 3917 912 3985 plumis
939 3924 994 3972 et
1021 3919 1317 3980 varietate,
1351 3934 1470 3988 quae
1507 3919 1669 3974 habet
1702 3919 2088 3974 auctoritatem

523 4007 861 4078 ingrediendi
891 4008 944 4062 in
976 4007 1242 4063 Libanum
1263 4050 1279 4074 ,
1309 4017 1363 4064 et
1389 4010 1588 4065 evulsit
1615 4017 1806 4065 tenera
1831 4010 1978 4066 cedri
2010 4013 2082 4064 ί.»

521 4103 588 4157 Et
625 4105 738 4159 haec
777 4106 895 4175 ipsa
932 4105 1190 4176 deinceps
1241 4106 1541 4177 explanans
1590 4108 1732 4164 idem
1781 4110 2041 4180 prapheta
2067 4149 2082 4174 ,

518 4199 703 4261 aperte
751 4191 1018 4248 Libanum
1070 4210 1196 4250 esse
1245 4194 1548 4252 Jerusalem
1599 4197 1792 4254 edocet
1845 4199 2083 4255 dicens:

521 4301 542 4336 ι
565 4281 664 4337 Fili
681 4285 919 4340 hominis
937 4327 952 4350 ,
969 4287 1057 4342 die
1085 4287 1151 4342 ad
1169 4275 1394 4342 domum.
1423 4299 1834 4359 exasperantem
1858 4311 1870 4346 :
1896 4291 2087 4347 Nesci-

516 4377 590 4431 tis
630 4376 761 4446 quid
799 4379 904 4433 ista
939 4379 1278 4449 signiﬁcent?
1312 4379 1407 4435 Dic
1429 4421 1442 4444 ,
1473 4382 1608 4466 pum
1635 4384 1843 4438 venerit
1874 4401 1966 4440 rex
1992 4385 2089 4440 Ba-

517 4469 734 4538 bylonis
759 4470 813 4523 in
840 4468 1178 4536 Jerusalem,
1201 4480 1253 4526 et
1272 4483 1518 4528 assumet
1535 4490 1714 4544 regem
1737 4485 1789 4530 et
1811 4476 2087 4547 principes

515 4561 638 4627 ejus
667 4565 708 4614 ¹.
737 4583 755 4614 ι
786 4563 1130 4619 Manifestum
1169 4573 1254 4620 est
1294 4567 1462 4636 igitur
1495 4567 1638 4637 quod
1679 4576 1732 4621 et
1772 4568 1886 4638 ipse
1923 4568 2086 4624 Liba-

517 4662 624 4704 nus
653 4660 777 4720 post
793 4655 1134 4710 excelsorum
1153 4656 1408 4725 injuriam
1432 4659 1632 4714 cecidit
1654 4657 1956 4715 Salvatoris
1978 4677 2078 4714 no—

516 4741 617 4794 stri
650 4741 884 4796 adventu
915 4745 980 4798 de
997 4746 1178 4801 radice
1203 4745 1354 4802 Jesse
1371 4749 1482 4802 nati
1509 4767 1523 4816 ;
1555 4750 1610 4802 in
1653 4766 1762 4819 quo
1805 4753 2072 4821 requievit

519 4831 806 4900 plenitudo
843 4833 1112 4890 donorum
1152 4839 1326 4892 sancti
1377 4837 1644 4909 Spiritus,
1672 4842 1763 4910 qui
1803 4853 1857 4898 et
1886 4859 2082 4901 rursus

512 4921 694 4976 veniet
722 4925 961 4979 secunda
989 4934 1044 4980 et
1073 4930 1334 4997 prmclara
1360 4932 1800 4992 manifestatione
1818 4979 1832 5001 ,
1861 4955 1970 4993 non
2001 4957 2083 4995 se-

509 5013 752 5069 cundum
781 5017 1092 5085 opinionem
1116 5021 1370 5090 judicans
1391 5067 1404 5090 ,
1437 5043 1456 5076 ι
1484 5024 1780 5082 Personam
1807 5032 1952 5085 enim
1982 5032 2080 5085 ho-

513 5104 680 5159 minis
719 5104 862 5161 Deus
902 5124 1010 5162 non
1053 5113 1305 5183 accipit’
1337 5135 1354 5166 ι
1391 5133 1406 5183 ;
1439 5133 1614 5189 neque
1652 5124 1952 5178 secundum
1993 5126 2076 5180 lo-

511 5194 728 5264 quelam
770 5198 1106 5270 redarguens
1135 5223 1149 5258 :
1186 5223 1203 5254 ι
1238 5205 1505 5264 Scrutans
1542 5213 1688 5266 enim
1717 5222 1803 5269 est
1833 5231 1991 5270 renes
2025 5221 2082 5270 et

510 5285 707 5350 corda,
747 5297 801 5342 et
839 5292 1153 5364 pertingens
1192 5313 1368 5368 usque
1405 5301 1471 5354 ad
1513 5303 1842 5361 divisionem
1883 5308 2081 5362 anima:

510 5391 573 5430 ac
599 5379 826 5472 spiritus
846 5381 886 5438 ‘.
921 5403 939 5435 ι
965 5383 1237 5441 Praeterea
1266 5404 1388 5443 cum
1415 5393 1529 5460 jam
1559 5393 1700 5449 facta
1728 5406 1812 5452 est
1843 5398 1962 5467 ejus
1995 5399 2080 5451 in-

508 5470 783 5536 carnatio,
815 5489 978 5542 quam
1011 5477 1296 5533 verissime
1326 5484 1531 5552 repleta
1561 5495 1646 5540 est
1673 5495 1819 5541 terra
1850 5489 2077 5543 scientia

508 5557 749 5624 Domini,
784 5581 890 5618 non
917 5567 1027 5633 jam
1057 5570 1186 5624 solis
1217 5569 1422 5627 Judazis
1447 5590 1570 5629 eum
1599 5579 2075 5647 cognoscentibus.

511 5649 667 5707 Tunc
695 5656 858 5710 etiam
891 5659 1186 5728 pleniorem
1227 5675 1483 5722 eventum
1523 5668 1713 5724 habuit
1755 5672 2076 5742 prophetia,

2206 1991 2458 2046 τοσοῦτον
2495 1992 2833 2064 ἡμερότητος
2873 1989 3099 2062 ἡλασαν,
3142 1987 3217 2050 ὡς
3252 1985 3660 2056 συμϐὀσκεσθαι
3691 1986 3778 2038 αύ-

2206 2087 2329 2148 τοὺς
2368 2083 2466 2156 τὴν
2496 2069 2666 2156 αὐτὴν
2699 2083 2952 2146 ἔσθοντας
2989 2081 3097 2134 τῶν
3129 2079 3290 2151 ίερῶν
3316 2079 3410 2132 τοῦ
3444 2078 3584 2132 Θεοῦ
3613 2079 3777 2146 λόγοιν

2204 2177 2410 2248 τροφὴν
2445 2178 2558 2240 τοῖς
2597 2174 2971 2249 ἡμερωτάτοις
3007 2174 3074 2227 τὰ
3121 2172 3225 2242 ἡθη
3274 2171 3506 2234 δικαίοις
3559 2171 3775 2243 ἀνδράσι

2200 2267 2294 2322 τοῦ
2324 2267 2478 2332 Θεοῦ,
2511 2267 2604 2332 οὒς
2639 2267 2727 2321 διὰ
2757 2267 2856 2339 τὴν
2879 2266 3082 2320 τοιανδὶ
3105 2266 3204 2336 τῆς
3225 2263 3401 2334 ψυχῆς
3425 2265 3668 2317 ἀκακίαν
3699 2283 3772 2318 τι·

2202 2362 2422 2427 θασσοῖς
2459 2362 2550 2415 καὶ
2591 2361 2963 2433 ἡμερωτάτοις
2997 2358 3176 2424 ζώοις,
3204 2361 3314 2423 τοῖς
3347 2375 3404 2411 τε
3428 2360 3774 2430 ἀναγεγραμο

2203 2454 2384 2524 μένοις
2417 2452 2653 2507 ἐνταῦθα
2683 2453 2916 2517 παιδίοις
2949 2455 2978 2506 ό
3011 2452 3150 2516 θεῖος
3191 2451 3457 2506 ἀπείκασε
3492 2452 3671 2520 λόγος.
3718 2453 3774 2505 ΕΞ

2197 2547 2254 2600 δὲ
2281 2547 2422 2618 πρὸς
2454 2545 2626 2600 ταῦτά
2657 2563 2742 2610 τις
2773 2544 3078 2609 δυσπειθῶς
3104 2545 3236 2616 ἔχοι,
3267 2545 3474 2614 λεγέτω
3502 2545 3551 2597 εί
3584 2539 3696 2598 οἶόν
3720 2562 3771 2598 τε

2197 2637 2370 2701 άλλως
2412 2637 2554 2690 κατά
2587 2636 2685 2708 τὴν
2723 2638 3016 2709 πρόχειρον
3046 2638 3283 2703 διάνοιαν
3324 2637 3518 2703 σώζειν
3562 2639 3664 2708 τὴν
3696 2639 3773 2692 λέ-

2197 2727 2297 2794 ξιν·
2319 2728 2408 2782 διά
2436 2729 2486 2782 τί
2512 2727 2620 2800 γὰρ
2647 2727 2681 2798 ἦ
2712 2729 2805 2782 καὶ
2832 2729 2950 2792 πῶς
2981 2731 3009 2782 ό
3031 2729 3259 2792 Λίϐανος
3292 2731 3388 2782 σὺν
3415 2733 3528 2793 τοῖς
3554 2730 3771 2800 ὑψηλοῖς

2197 2821 2476 2883 madeat;
2523 2817 2614 2889 Μὴ
2656 2819 3057 2890 τροπολογείτω
3113 2820 3171 2872 δὲ
3217 2820 3355 2890 μήτε
3406 2820 3508 2890 τὴν
3556 2818 3767 2888 ῥάϐδον,

2197 2910 2331 2982 μηδὲ
2356 2909 2418 2962 τὸ
2450 2912 2514 2962 ὲκ
2543 2911 2746 2979 ταύτης
2777 2909 2954 2974 ἄνθος·
2983 2909 3120 2964 ἀλλά
3145 2911 3412 2976 δεικνύτω,
3442 2911 3559 2974 πῶς
3593 2927 3769 2980 σωμαο

2193 3003 2318 3074 τικὴ
2352 3001 2546 3071 ῥάϐδος
2573 3000 2952 3067 ἐξελεύσεσθαι
2979 3002 3045 3066 ὲκ
3067 3001 3166 3072 τῆς
3191 3001 3344 3073 ῥίζης
3391 3001 3596 3064 Ἰεσσαὶ
3624 3001 3771 3072 λέγε-

2191 3113 2302 3158 ται,
2339 3094 2435 3148 καὶ
2465 3095 2707 3149 ποταπὸν
2743 3094 2902 3159 ἄνθος
2927 3095 3299 3167 ἀναϐήσεσθαι
3319 3093 3376 3160 ἐξ
3401 3096 3592 3166 αὐτῆς.
3627 3097 3690 3150 Et
3717 3097 3768 3150 ἃ

2193 3187 2285 3240 καὶ
2324 3185 2412 3239 τὸν
2454 3185 2596 3239 πάνυ
2641 3185 2874 3258 σκληρὸν
2922 3185 3096 3241 ταῦτα
3137 3188 3228 3240 ἐπὶ
3271 3187 3512 3240 διάνοιαν
3565 3188 3768 3242 ἀνιέναι

2196 3278 2462 3348 βιάζεται,
2486 3279 2587 3351 ὅρα
2619 3281 2667 3332 εί
2695 3279 2768 3350 μὴ
2803 3278 2985 3342 καλῶς
3006 3281 3138 3351 ἡμῖν
3170 3281 3262 3334 καὶ
3291 3279 3360 3344 τά
3389 3281 3557 3334 λοιπά
3588 3285 3685 3336 ἐπὶ
3707 3288 3767 3354 τῇ

2191 3369 2284 3422 τοῦ
2312 3371 2562 3442 Σωτῆρος
2587 3371 2744 3443 ἡμῶν
2767 3373 3041 3442 παρουσίᾳ
3071 3372 3212 3428 κατὰ
3234 3374 3470 3438 διάνοιαν
3503 3378 3767 3448 παρίστα-

2191 3481 2281 3518 ται
2323 3463 2762 3536 πεπληρωμένα·
2797 3464 2835 3518 ἀ
2873 3466 2968 3518 καὶ
3001 3465 3306 3530 ἀκολούθως
3350 3471 3414 3538 τῇ
3462 3472 3769 3541 προφητεία

2190 3556 2380 3626 γέγονε
2439 3557 2577 3628 μετὰ
2623 3557 2684 3610 τὸ
2735 3557 3067 3630 συνταράξαι
3113 3559 3314 3630 Κύριον
3368 3560 3600 3615 Σαϐαὼθ
3649 3565 3768 3626 τοὺς

2192 3649 2358 3703 πάλαι
2386 3649 2630 3714 ἐνδόξους
2657 3649 2752 3702 τοῦ
2785 3650 3052 3722 προτέρου
3090 3650 3240 3704 λαοῦ·
3275 3651 3368 3715 οὓς
3400 3654 3498 3706 καὶ
3532 3654 3768 3724 eamea.

2189 3757 2288 3803 τας
2325 3743 2390 3810 τῇ
2425 3741 2565 3793 κατὰ
2602 3738 2695 3792 τοῦ
2737 3741 2990 3813 Σωτῆρος
3035 3741 3190 3812 ἡμῶν
3225 3741 3378 3814 ὕϐρει
3419 3744 3768 3815 συντριϐἡσεο

2193 3827 2314 3882 σθαι
2341 3829 2435 3882 καὶ
2455 3828 2982 3900 ταπεινωθήσεσθαι,
3002 3832 3094 3884 καὶ
3108 3833 3387 3886 πεσεῖσθαι
3414 3836 3770 3906 προφητεύει·

2193 3923 2288 3976 σὺν
2333 3923 2516 3986 αὐτοῖς
2559 3922 2618 3975 δὲ
2663 3924 2758 3976 καὶ
2799 3923 2890 3976 τὸν
2939 3923 3169 3978 Λίϐανον
3218 3927 3498 3980 πεσεῖσθαι
3540 3931 3570 3982 ό
3615 3929 3765 3997 λόγος

2192 4013 2372 4084 φησίν·
2402 4013 2542 4066 οὕτω
2571 4013 2628 4067 δὲ
2655 4013 2776 4078 ἔθος
2812 4014 2961 4085 αύτῷ
2994 4017 3095 4086 τὴν
3143 4017 3498 4089 Ἰερουσαλὴμ
3538 4021 3636 4073 καὶ
3674 4024 3768 4093 τὴν

2191 4107 2360 4160 πάλαι
2409 4107 2670 4179 πρότερον
2721 4107 2780 4160 ὲν
2827 4107 2963 4178 αὐτῇ
3019 4110 3345 4179 σωματικῶς
3398 4112 3763 4184 ἀποτελουμέ-

2188 4218 2286 4272 νην
2335 4199 2590 4272 λατρείαν
2638 4199 2957 4270 ὀνομάζειν·
2999 4201 3076 4265 ὡς
3121 4202 3277 4273 δῆλόν
3325 4205 3472 4258 ἐστιν
3519 4207 3630 4260 ἀπὸ
3675 4209 3759 4260 τοῦ

2188 4292 2472 4365 Ἰεζεκιὴλ,
2521 4293 2650 4348 ἔνθα
2702 4293 2892 4348 τοῦτον
2945 4293 3356 4366 ἀναγέγραπται
3403 4297 3492 4350 τὸν
3546 4300 3756 4370 τρόπον·

2193 4405 2212 4437 ι
2266 4386 2322 4440 '0
2367 4386 2522 4449 ἀετὸς
2563 4389 2591 4440 ὁ
2641 4387 2814 4457 μέγας
2855 4389 2884 4441 ό
2932 4389 3426 4460 μεγαλοπτέρυγος,
3471 4392 3500 4442 ό
3556 4394 3759 4464 μακρὸς

2185 4479 2251 4548 τῇ
2305 4477 2550 4540 ἐκτάσει,
2610 4477 2825 4550 πλὴρης
2879 4479 3105 4550 ὀνύχων,
3159 4480 3219 4542 ὃς
3276 4479 3386 4549 ἔχει
3449 4482 3510 4534 τὺ
3575 4486 3761 4554 ἥγημα

2186 4569 2445 4622 είσελθεϊν
2491 4571 2572 4634 είς
2615 4571 2706 4623 τὸν
2750 4573 3002 4636 Λίϐανον,
3053 4574 3146 4626 καὶ
3189 4573 3346 4626 ἔλαϐε
3391 4577 3458 4628 τά
3505 4578 3758 4630 ὲπίλεκτα

2187 4661 2288 4731 τῆς
2310 4661 2522 4732 κέδρου.
2548 4679 2566 4714 ι
2601 4662 2868 4718 Ἐπιλύων
2901 4664 3031 4734 γοῦν
3062 4666 3160 4736 τὴν
3197 4666 3512 4738 παραϐολὴν
3542 4671 3705 4732 αὐτος
3733 4673 3763 4727 ὁ

2117 4717 2162 4772 υ
2191 4717 2524 4824 προφητίκὸς
2566 4753 2723 4824 λόγος
2756 4717 2941 4826 σαφῶς
2972 4717 3062 4810 τδν
3095 4717 3762 4833 Λίϐανόν

2188 4844 2299 4916 λὴμ
2324 4846 2585 4913 διδάσκει,
2619 4848 2792 4918 λέγων
2812 4867 2824 4878 ·
2853 4869 2871 4900 ι
2901 4851 2997 4904 Υἱὲ
3022 4849 3330 4922 ἀνθρώπου,
3354 4855 3507 4906 εἰπὸν
3535 4856 3600 4926 δὴ
3627 4859 3756 4928 πρὸς

2187 4937 2280 4992 τὸν
2315 4933 2462 4992 οἶκον
2515 4941 2607 4992 τὸν
2656 4942 3190 5012 παραπικραίνοντα·
3222 4945 3336 4997 Οὐκ
3381 4945 3676 4999 ἐπίστασθε
3707 4948 3755 5000 τί

2185 5025 2253 5101 ἦν
2281 5030 2487 5096 rubra;
2535 5034 2724 5098 εἰπὸν,
2765 5035 2931 5087 Ὅταν
2975 5033 3101 5106 ἔλθῃ
3153 5035 3402 5105 βασιλεὺς
3442 5037 3756 5101 Βαϐυλῶνος

2187 5123 2282 5175 ἐπὶ
2309 5124 2683 5196 Ἰερουσαλὴμ,
2711 5126 2804 5179 καὶ
2833 5125 3061 5197 λήψεται
3092 5128 3184 5180 τὸν
3215 5127 3434 5198 βασιλέα
3468 5131 3640 5201 αὐτῆς
3665 5133 3755 5182 καὶ

2185 5216 2312 5278 τοὺς
2336 5214 2599 5286 ἄρχοντας
2630 5216 2819 5286 αὐτῆς.
2854 5236 2871 5266 ι
2900 5217 3169 5290 Πρόδηλον
3198 5215 3292 5272 οὖν
3315 5220 3462 5283 ὅπως
3486 5221 3583 5273 καὶ
3605 5214 3753 5284 οὗτος

2185 5311 2213 5361 ὁ
2247 5308 2477 5372 Λίϐανος
2501 5310 2639 5380 μετὰ
2664 5310 2772 5363 τῶν
2804 5310 3022 5380 ὑψηλῶν
3055 5315 3118 5383 τῇ
3151 5311 3306 5385 ὕϐρει
3335 5314 3752 5384 περιπέπτωκεν

2185 5402 2276 5453 ἐπὶ
2313 5403 2378 5471 τῇ
2434 5401 2706 5473 παρουσίᾳ
2749 5401 2842 5454 τοῦ
2898 5403 2962 5454 ἐκ
3023 5401 3177 5473 ῥίζης
3217 5404 3411 5456 Ἰεσσαὶ
3459 5405 3748 5473 γενομένου

2190 5491 2440 5564 Σωτῆρος
2473 5492 2654 5563 ἡμῶν·
2691 5495 2775 5562 ἐφ’
2804 5493 2864 5547 ὃν
2891 5497 2983 5548 καὶ
3024 5495 3364 5550 ἀνεπαύσατο
3391 5497 3424 5565 ἡ
3479 5496 3747 5565 τελειότης

2187 5583 2292 5636 τῶν
2337 5583 2430 5638 τοῦ
2461 5585 2616 5653 ἁγίου
2660 5585 2976 5654 Πνεύματος
3013 5587 3383 5659 χαρισμάτων,
3424 5587 3483 5650 ὃς
3517 5590 3608 5641 καὶ
3641 5590 3744 5642 είσ-

2187 5673 2343 5739 αῦθις
2369 5674 2645 5730 ἐλεύσεται
2669 5676 2807 5730 κατά
2835 5677 2932 5748 τὴν
2954 5678 3210 5752 δευτέραν
3237 5681 3328 5734 καὶ
3349 5680 3560 5748 ἔνδοξον
3585 5680 3743 5736 αὑτοῦ

580 5831 592 5846 ⁸
625 5827 821 5889 Ezech.
853 5851 985 5900 xvu,
1013 5838 1065 5894 5.
1141 5843 1160 5872 ¹
1186 5842 1322 5897 ibid.
1357 5841 1441 5898 l2.
1522 5845 1542 5875 ³
1575 5843 1690 5898 Gal.
1721 5862 1778 5912 ιι,
1803 5847 1854 5902 6.
1935 5849 1952 5878 "
1976 5847 2142 5919 Apoc.
2173 5866 2230 5914 ιι,
2264 5852 2363 5918 23;
2401 5850 2561 5908 Hebr.
2602 5868 2674 5923 tv,
2715 5854 2792 5910 l2.
