3974 6502
214 415 383 471 1213

1340 424 1631 479 ECLOGAE
1667 426 2145 481 PROPIIETlC/E.
2182 426 2309 481 LIB.
2350 427 2438 482 ιν.

3350 429 3486 485 1214

208 541 564 610 παρουσίαν,
594 542 655 593 οὐ
691 541 829 594 κατ-ἀ
872 544 970 613 τὴν
1011 545 1169 609 δόξαν
1200 545 1514 617 κρινοῦντος
1535 566 1547 577 ·
1592 567 1608 598 ι
1638 549 1802 619 Πρόσ-

1919 562 2039 601 cum
2076 546 2410 615 plenitudine
2446 546 2684 617 gentium
2720 544 3060 615 ingrediente
3097 556 3221 597 eum
3262 542 3486 611 reliquis
3530 576 3533 579 λ

206 648 386 685 ωπον
422 632 533 701 γὰρ
577 633 861 705 ἀνθρώπου
896 636 1027 699 Θεὸς
1053 638 1113 689 οὐ
1161 638 1429 709 λαμὸάνει
1450 659 1464 671 -
1495 661 1512 691 ι
1543 640 1654 692 ἀλλ’
1697 641 1815 693 οὐδὲ

208 723 378 775 κατά
401 723 502 793 τὴν
525 723 713 776 λαλιὰν
743 725 979 796 ἐλέγχων
996 746 1008 756 ·
1023 747 1039 777 ι
1064 727 1300 792 Ἐτάζων
1330 730 1438 801 γάρ
1461 731 1575 782 ἐστι
1592 732 1816 802 καρδίας

210 816 329 867 καὶ
360 818 617 888 νεφροὺς,
655 818 748 869 καὶ
780 817 1147 889 διικνούμενος
1178 819 1304 889 ἄχρι
1339 820 1604 891 μερισμοῦ
1637 821 1815 891 ψυχῆς

214 908 330 959 καὶ
362 906 696 978 πνεύματος.
723 928 741 959 ι
786 910 895 961 Καὶ
922 909 1013 961 ἐπὶ
1038 912 1103 980 τῇ
1152 912 1419 984 γενομένῃ
1461 913 1559 982 μὲν
1590 909 1681 965 οὖν
1712 915 1813 966 αύ-

213 998 329 1051 τοῦ
361 999 466 1069 ήδη
494 999 757 1070 πρότερον
787 1001 1058 1071 παρουσίᾳ
1094 1001 1399 1073 ἐνεπλήσθη
1431 1002 1507 1065 ὡς
1532 1002 1745 1073 ἀληθῶς
1778 1006 1812 1076 ή

229 1088 302 1157 τῆ
337 1087 434 1140 τοῦ
469 1087 669 1156 γνῶναι
694 1089 785 1142 τὸν
813 1089 1037 1160 Κύριον,
1077 1090 1304 1161 μηδενὸς
1357 1092 1416 1145 τὸ
1459 1093 1588 1163 πρὶν
1622 1094 1702 1146 ὅτι
1739 1093 1813 1165 μὴ

217 1179 562 1249 μόνων.τῶν
594 1180 658 1233 ἐκ
705 1182 1008 1252 περιτομῆς
1041 1184 1418 1250 γινωσκόντων
1444 1185 1637 1238 αὐτόν·
1690 1186 1811 1239 τότε

213 1270 285 1323 δὲ
324 1273 422 1324 καὶ
454 1271 653 1341 μᾶλλον
683 1274 762 1335 εἰς
793 1272 969 1343 πέρας
990 1274 1288 1347 ἀχθήσεται
1308 1277 1341 1345 ή
1376 1276 1703 1346 προφητεία,
1722 1277 1810 1333 ὅτε

214 1361 325 1415 τοῦ
380 1361 749 1433 πληρώματος
803 1362 912 1416 τῶν
967 1363 1135 1417 ἐθνῶν
1182 1364 1512 1428 εἰσελθόντος
1552 1367 1648 1418 σὺν
1697 1368 1811 1429 τοῖς

215 1454 437 1518 λοιποῖς
458 1455 636 1508 ἔθνεσι
668 1458 762 1509 καὶ
799 1460 827 1511 ὁ
861 1460 967 1521 πᾶς
1014 1457 1227 1528 Ἰσραήλ
1261 1456 1585 1529 σωθήσεται,
1619 1459 1647 1511 ὁ
1680 1459 1813 1527 Χρι-

220 1548 358 1610 στὸς
386 1547 444 1600 δέ
485 1550 549 1600 ἐκ
593 1549 802 1619 νεκρῶν
843 1549 1082 1613 ἀναστὰς
1114 1551 1303 1621 ἄρχειν
1342 1549 1512 1603 ἐθνῶν
1568 1550 1673 1602 ὑπὸ
1714 1549 1809 1604 τοῦ

218 1638 367 1691 Θεοῦ
422 1639 763 1708 κατεστάθη,
802 1642 941 1695 κατά
970 1641 1060 1705 τὸ,
1106 1661 1124 1694 ι
1150 1642 1258 1694 Καὶ
1299 1641 1447 1694 ἔσται
1479 1643 1511 1711 ἡ
1548 1640 1673 1712 ῥίζα
1714 1639 1808 1692 τοῦ

235 1732 445 1784 Ἰεσσαὶ
474 1733 568 1784 καὶ
603 1734 630 1785 ὁ
651 1732 712 1795 (ι.
738 1732 827 1804 49)
858 1734 1214 1804 ἀνιστάμενος
1261 1732 1449 1805 ἀρχειν
1488 1731 1657 1786 ἐθνῶν
1680 1771 1695 1796 ,
1722 1732 1807 1785 ἐπ’

218 1821 380 1893 αὺτῷ
419 1823 546 1893 ἔθνη
596 1823 938 1878 ἐλπιοῦσιν.»
971 1827 1112 1896 Ὅρα
1170 1825 1334 1894 γοῦν,
1378 1826 1454 1889 ὼς
1504 1826 1611 1879 οὐδ’
1673 1826 1809 1888 ὅλως

1922 640 2175 709 gentibus
2198 646 2251 692 et
2271 640 2449 693 omnis
2474 636 2637 697 Israel
2664 637 2985 697 salvabitur,
3007 633 3261 689 Christus
3287 647 3317 685 a
3340 648 3488 685 mor-

1922 734 2028 787 tuis
2062 747 2353 801 resurgens
2386 730 2652 800 imperare
2685 728 2940 799 gentibus
2965 742 2993 779 a
3021 725 3129 779 Deo
3156 726 3486 779 constitutus

1918 833 2024 887 est,
2052 823 2206 891 juxta
2239 820 2368 874 illud
2406 840 2418 873 :
2447 839 2465 870 ι
2492 818 2555 874 Et
2579 820 2682 874 erit
2714 818 2863 873 radix
2896 817 3080 882 Jesse,
3113 826 3167 872 et
3192 816 3283 886 qui
3312 817 3486 887 surgit
3572 888 3577 893 η

1922 922 1979 965 ut
2005 913 2235 981 imperet
2268 910 2519 981 gentibus
2546 928 2560 973 ;
2596 911 2652 963 iu
2685 925 2750 963 eo
2777 919 2963 979 gentes
2994 909 3308 978 sperabunt.
3340 927 3359 959 ι
3388 908 3486 960 At-

1919 1004 2079 1057 tende
2120 1004 2285 1070 igitur
2326 1002 2601 1073 quomodo
2642 1017 2751 1054 non
2793 1001 2880 1054 hic
2918 1000 3115 1063 Israel,
3156 1007 3249 1053 aut
3284 998 3483 1063 Jacob,

1920 1103 2015 1148 aut
2047 1094 2216 1149 Judas
2244 1096 2621 1161 nominentur,
2654 1093 2750 1149 sed
2789 1101 2975 1163 aperte
3013 1101 3233 1162 gentes,
3266 1092 3318 1145 in
3358 1106 3481 1146 eum

1920 1184 2014 1254 qui
2048 1193 2233 1255 surget
2285 1185 2353 1240 de
2396 1184 2581 1239 radice
2628 1182 2813 1249 Iesse,
2866 1191 3163 1253 speraturae
3208 1182 3484 1253 propheti-

1919 1285 2136 1339 zautur,
2171 1284 2510 1336 consonante
2542 1275 2644 1329 hoc
2672 1276 2792 1329 loco
2821 1290 2945 1331 cum
2980 1276 3047 1329 iis
3073 1276 3212 1344 apud
3244 1273 3483 1344 Moysem

1918 1368 2230 1435 (icentibus
2254 1388 2268 1422 :
2299 1387 2323 1430 ι
2350 1369 2469 1424 Non
2509 1370 2785 1425 auferetur
2819 1375 3095 1437 sceptrum
3124 1366 3191 1423 de
3220 1365 3358 1421 Juda
3380 1406 3394 1431 ,
3426 1374 3482 1420 et

1917 1460 2031 1515 dux
2070 1459 2139 1515 de
2174 1460 2379 1517 femore
2415 1462 2535 1531 ejus
2557 1500 2571 1525 ,
2612 1461 2787 1516 donec
2824 1460 3008 1516 veniat
3044 1460 3136 1529 qui
3183 1458 3481 1513 mittendus

1916 1561 2035 1616 est,
2073 1560 2127 1608 et
2158 1553 2274 1622 ipse
2304 1553 2409 1611 erit
2438 1555 2775 1623 exspectatio
2807 1553 3045 1623 gentium
3078 1553 3093 1581 ¹
3117 1590 3131 1615 ,
3168 1570 3186 1602 ι
3210 1566 3319 1604 non
3350 1564 3481 1604 vero

1918 1640 2107 1697 lsrael.
2148 1642 2450 1712 Cujusnam
2488 1658 2617 1697 vero
2655 1643 2799 1697 alius
2835 1642 2939 1696 erit
2976 1643 3189 1710 requies
3227 1640 3283 1693 in
3329 1640 3481 1695 altis-

1917 1736 2072 1792 simis
2111 1735 2259 1806 apud
2300 1734 2469 1791 Deum
2502 1736 2807 1799 honorata,
2843 1735 2950 1789 nisi
2982 1734 3126 1787 illius
3154 1732 3243 1801 qui
3272 1741 3480 1802 patrem

1917 1829 2129 1883 audivit
2150 1829 2420 1883 dicentem
2441 1829 2545 1884 sibi
2572 1847 2585 1882 :
2616 1846 2633 1878 ι
2667 1826 2807 1888 Sede
2830 1842 2860 1879 a
2890 1826 3095 1885 dextris
3122 1826 3259 1881 meis
3277 1865 3291 1885 .
3310 1826 3481 1879 donec

217 1917 466 1972 ἐνταῦθα
501 1917 735 1988 Ἰσραὴλ,
780 1918 813 1988 ἢ
854 1916 1069 1981 Ὶακὼὸ,
1113 1918 1146 1987 ἢ
1208 1916 1404 1980 Ἰούδας
1452 1915 1802 1987 ὀνομάζεται,

1917 1935 2113 1990 ponam
2134 1919 2535 1974 initnicos'tuos
2573 1918 2867 1972 scabellum
2896 1916 3091 1986 pedum
3122 1924 3339 1969 tuorum
3366 1913 3426 1966 ’ἲ
3456 1931 3476 1965 ι

218 2010 417 2078 σαφῶς
453 2009 511 2062 δὲ
542 2010 613 2063 τά
660 2010 786 2081 ἔθνη
816 2012 906 2064 ἐπὶ
934 2011 1025 2063 τὸν
1066 2012 1131 2062 ἐκ
1166 2009 1322 2081 ῥίζης
1354 2010 1788 2081 ἀντιστησόμενον
1819 2013 2017 2065 Ἰεσσαὶ
2053 2013 2259 2066 ἐλπιείν
2300 2009 2721 2082 προφητεύεται,
2759 2006 3083 2078 συνᾳδούσης
3117 2007 3215 2077 τῆς
3251 2002 3481 2059 ἐνταῦθα

214 2098 423 2165 λέξεως
450 2104 515 2171 τῇ
566 2100 717 2171 παρά
764 2102 987 2155 Μωῦσεί
1032 2100 1333 2174 φασκούσῃ,
1365 2101 1517 2154 «Οὐκ
1550 2102 1790 2171 ἐκλείψει
1829 2104 2011 2175 ἄρχων
2045 2103 2102 2169 ἐξ
2147 2102 2336 2166 Ἰούδα,
2375 2102 2495 2155 οὐδὲ
2536 2099 2831 2171 ἡγούμενος
2881 2101 2945 2163 ἐκ
2990 2097 3097 2154 τῶν
3142 2096 3330 2168 μηρῶν
3382 2096 3479 2149 αὖε

214 2190 343 2256 τοῦ,
382 2192 488 2255 ἕως
516 2190 581 2245 ἂν
618 2193 744 2264 ἔλθῃ
785 2186 829 2260 ᾧ
875 2193 1198 2246 ἀπόκειται*
1234 2195 1329 2247 καὶ
1372 2194 1535 2258 αὐτὸς
1583 2197 1900 2267 προσδοκία,
1930 2219 1948 2251 ι
1978 2199 2099 2268 οὐχὶ
2126 2197 2221 2251 τοῦ
2274 2196 2509 2269 Ἰσραὴλ,
2548 2194 2684 2249 ἀλλά
2726 2214 2743 2246 ι
2772 2194 2878 2247 τῶν
2916 2192 3102 2247 ἐθνῶν.
3134 2212 3152 2244 ι
3186 2192 3296 2245 Καὶ
3336 2190 3479 2253 τίνος

214 2284 284 2339 ἃ
334 2283 498 2338 ἄλλου
557 2285 589 2353 ή
640 2286 947 2348 ἀνάπαυσις
994 2286 1052 2337 ἐν
1102 2287 1168 2356 τῇ
1238 2285 1499 2340 ἀνωτάτω
1551 2288 1707 2358 παρὰ
1751 2288 1870 2360 Θεῷ
1906 2290 2197 2360 γεγένηται
2249 2288 2471 2359 τιμῇ,ἢ
2527 2285 2620 2340 τοῦ
2663 2285 2995 2348 ἀκούσαντος
3038 2284 3285 2352 λέγοντος
3331 2282 3480 2353 αὐτῷ

216 2377 318 2438 τοῦ
349 2378 563 2449 Πατρός
582 2394 594 2407 ’
627 2396 646 2429 ι
669 2378 854 2432 Κάθου
881 2381 945 2432 ἐκ
964 2380 1151 2446 δεξιῶν
1180 2398 1303 2449 μου,
1336 2380 1441 2444 ἕως
1477 2382 1543 2436 ἂν
1572 2380 1650 2434 θῶ
1675 2383 1802 2447 τοὺς
1843 2383 2069 2455 ἐχθρούς
2102 2400 2199 2436 σου
2234 2382 2523 2437 ὑποπόδιον
2553 2380 2664 2434 τῶν
2699 2380 2877 2433 ποδῶν
2912 2396 3028 2432 σου.
3071 2398 3089 2429 ι

452 2556 460 2564 ⁸
758 2495 1155 2549 ΚΕΦΑᾹΔΙΟΝ
1200 2492 1276 2549 θ’.

299 2600 319 2633 ι
347 2582 459 2635 Καὶ
494 2580 914 2652 διορθωθήσεται
951 2583 1065 2653 μετ’
1098 2584 1281 2646 ἐλέους
1313 2584 1517 2656 θρόνος,
1551 2587 1644 2639 καὶ
1672 2588 1811 2641 καθ-

218 2678 385 2728 ιείται
444 2675 561 2744 μετ’
612 2672 737 2746 (sie)
803 2674 969 2727 αὐτοῦ
1023 2676 1162 2746 μετὰ
1211 2677 1470 2749 ἀληθείας
1528 2682 1586 2733 ἐν
1635 2683 1808 2751 σκηνῇ

217 2765 409 2830 Δαυῒδ,
444 2765 647 2837 κρίνων
680 2767 774 2819 καὶ
822 2766 1068 2837 ἐκζητῶν
1099 2772 1293 2839 κρῖμα,
1326 2770 1419 2821 καὶ
1448 2770 1691 2823 σπεύδων
1735 2772 1812 2824 δι-

220 2854 544 2927 καιοσύνην.
577 2875 596 2907 ι
629 2856 764 2927 Περὶ
791 2857 891 2928 τῆς
918 2856 1175 2928 δευτέρας
1206 2858 1299 2911 τοῦ
1335 2860 1568 2931 Χριστοῦ
1604 2878 1807 2933 παρου⁸

220 2950 349 3013 σίας
384 2949 481 3003 καὶ
515 2947 686 3003 ταῦτα
732 2949 1154 3021 προφητεύεται,
1205 2952 1441 3021 ὁτηνίκα
1470 2952 1565 3005 τοῦ
1614 2952 1748 3007 Θεοῦ
1776 2956 1805 3007 ὁ

222 3040 421 3120 Λόγος,
448 3038 835 3111 διορθωθείσης
886 3038 1036 3110 αὑτῷ
1074 3043 1192 3111 μετ’
1235 3042 1415 3107 ἐλέους
1464 3044 1558 3096 καὶ
1613 3046 1801 3113 φιλαν-

222 3120 474 3205 θρωπίας
518 3133 617 3203 τῆς
650 3130 790 3184 κατὰ
830 3131 1047 3185 πάντων
1094 3133 1403 3203 βασιλείας,
1441 3137 1537 3189 σὺν
1576 3135 1803 3208 ἀληθείᾳ

2533 2492 2763 2551 CAPUT
2802 2491 2894 2546 IX.

1991 2608 2008 2639 ι
2042 2587 2105 2641 Et
2137 2587 2528 2659 praeparabitur
2556 2586 2609 2639 in
2636 2581 3013 2639 misericordia
3043 2580 3240 2635 solium
3259 2617 3274 2643 ,
3300 2586 3353 2633 et
3383 2594 3475 2634 se.

1911 2681 2059 2736 debit
2084 2697 2247 2751 super
2275 2680 2407 2734 illud
2438 2680 2492 2732 in
2520 2678 2747 2732 veritate
2767 2715 2781 2739 ,
2808 2676 2864 2728 in
2894 2674 3247 2728 tabernaculo
3270 2669 3437 2725 David
3457 2713 3472 2737 ,

1905 2772 2163 2843 judicans
2192 2778 2245 2825 et
2276 2785 2526 2840 quaerens
2557 2768 2846 2837 judicium,
2877 2774 2930 2819 et
2962 2764 3221 2818 velociter
3240 2761 3476 2817 reddens

1913 2864 2057 2937 quod
2086 2865 2298 2934 justum
2325 2870 2409 2917 est
2440 2863 2481 2917 ³.
2513 2879 2531 2912 ι
2559 2859 2634 2913 De
2664 2858 2902 2914 secunda
2923 2855 3130 2911 Christi
3159 2854 3476 2910 manifesta-

1912 2956 2062 3011 tione
2092 2955 2206 3009 hazc
2234 2969 2450 3025 quoque
2480 2952 2948 3023 prophetizantur,
2979 2948 3195 3019 quando
3227 2947 3318 3001 Dei
3340 2946 3478 3003 Ver-

1910 3048 2040 3102 bum
2063 3086 2077 3110 ,
2119 3053 2427 3117 praeparato
2466 3045 2513 3099 ei
2555 3044 2612 3098 in
2652 3042 3026 3097 misericordia
3060 3049 3114 3095 et
3144 3039 3475 3110 benignitate

1908 3141 2153 3195 omnium
2184 3139 2493 3210 principatu
2516 3179 2531 3203 ,
2567 3152 2689 3192 cum
2717 3135 2948 3191 veritate
2970 3133 3225 3203 judicans
3266 3131 3476 3189 sedebit

219 3223 425 3295 κρίνων
464 3221 857 3295 καθεσθήσεται
904 3225 961 3276 ἐν
995 3228 1168 3297 σκηνῇ
1203 3225 1393 3279 Δαυῖδ·
1431 3226 1572 3280 οὕτω
1617 3227 1674 3280 δὲ
1709 3230 1802 3300 τὴν

1910 3233 1965 3287 in
1996 3233 2352 3287 tabernaculo
2380 3230 2568 3285 David.
2611 3229 2701 3285 Sic
2734 3239 2915 3285 autem
2950 3236 3262 3285 sanctorum
3293 3234 3347 3281 et
3375 3240 3479 3279 an-

219 3316 333 3371 τῶν
363 3315 534 3384 άγίων
563 3317 657 3369 καὶ
688 3316 1044 3387 πρωτοτόκων
1076 3318 1183 3371 τῶν
1207 3319 1714 3391 ἀπογεγραμμένων
1744 3322 1803 3373 ἐν

219 3410 476 3480 οὐρανοῖς
524 3407 869 3491 Ἐκκλησίαν,
901 3410 994 3461 καὶ
1028 3410 1235 3473 πάντας
1260 3411 1499 3481 ήγοῦμαι
1547 3414 1673 3475 τοὺς
1698 3412 1804 3465 ὑπὸ

214 3498 321 3573 τὴν
355 3496 548 3568 μερίδα
576 3494 672 3549 τοῦ
705 3495 863 3564 λόγου
889 3496 984 3549 τοῦ
1013 3496 1147 3550 Θεοῦ
1180 3497 1596 3567 γεγενημένους,
1618 3497 1803 3565 ἀγίους

218 3588 608 3663 χρηματίζειν.

358 3738 361 3741 -
772 3698 1170 3775 ΚΕΦᾼΛΑΙΟΝ
1204 3700 1240 3750 ιο

300 3810 319 3841 ι
359 3791 491 3845 Ἰδοὺ
529 3792 734 3863 Κύριος
766 3778 1002 3871 κάθηται
1035 3792 1128 3844 ἐπὶ
1169 3790 1397 3861 νεφέλης
1431 3791 1672 3862 κούφης,
1708 3792 1802 3845 καὶ¹

214 3884 339 3955 ἥξει
373 3886 454 3948 εἰς
504 3883 800 3953 Αἴγυπτον,
834 3886 927 3937 καὶ
976 3882 1319 3953 σεισθήσεται
1350 3882 1418 3935 τά
1452 3881 1800 3952 χειροποίητα

214 3975 499 4044 Αἰγύπτου
526 3976 635 4029 ἀπὸ
664 3962 957 4047 προσώπου
989 3975 1176 4039 αὐτοῦ,
1214 3975 1308 4029 καὶ
1336 3976 1369 4045 ή
1404 3974 1597 4045 καρδία
1624 3973 1801 4027 αὐτῶν

212 4056 589 4138 ἧττηθήσεται
622 4066 680 4119 ἐν
706 4067 909 4129 αὐτοῖς.
943 4086 962 4118 ι
990 4050 1125 4136 Περὶ
1152 4064 1249 4137 τὴς
1284 4066 1547 4135 ἀγενήτου
1573 4063 1667 4117 τοῦ
1691 4063 1800 4115 τῶν

213 4159 356 4228 ξ’)λων
382 4156 517 4210 Θεοῦ
549 4157 763 4227 φύσεως
798 4156 1160 4227 ἐκλαμϐάνειν
1202 4155 1272 4209 τὰ
1315 4156 1684 4228 προκείμενα,
1724 4156 1799 4221 ὡς

211 4252 283 4323 δὴ
339 4249 625 4321 μέλλοντος
670 4249 835 4302 αὑτοῦ
880 4248 1076 4319 νεφέλῃ
1132 4248 1239 4301 τινὶ
1280 4247 1555 4318 ὀχεῖσθαι,
1593 4247 1688 4299 καὶ
1732 4250 1798 4317 τῇ

216 4342 505 4411 σωματικῇ
528 4340 799 4410 παρεπιδη
809 4341 927 4410 μεῖν
950 4338 1229 4409 Αἰγύπτῳ,
1250 4334 1372 4390 οὔτε
1410 4337 1657 4403 πιθανὸν,
1684 4336 1798 4389 οὖθ⁹

211 4433 362 4486 ὅσιον
394 4432 660 4504 ὑπάρχειν
696 4430 937 4502 ἡγοῦμαι
966 4448 978 4459 ·
1022 4431 1090 4483 δι’
1135 4432 1270 4501 ὅπερ
1306 4430 1397 4489 ἐπὶ
1425 4430 1517 4482 τὸν
1545 4428 1638 4482 τοῦ
1662 4428 1797 4482 Θεοῦ

216 4524 391 4592 Λόγον
422 4522 702 4576 ἐκδεκτέον
728 4522 825 4593 τὴν
840 4521 1196 4593 προφητείαν,
1225 4522 1320 4575 καὶ
1354 4520 1523 4591 αὐτὴν
1554 4520 1799 4594 ἐναργῶς

1905 3324 2180 3393 tiquoruiu
2216 3324 2270 3377 in
2297 3322 2453 3377 cmlis
2482 3321 2871 3390 inscriptorum
2904 3318 3234 3379 Ecclesiam,
3263 3330 3473 3370 omnes-

1904 3431 2011 3487 que
2038 3416 2292 3471 existimo
2335 3413 2486 3469 verbi
2520 3412 2613 3468 Dei
2645 3412 3065 3483 participatione
3106 3416 3324 3464 sanctos
3345 3406 3472 3463 eiic-

1904 3514 2025 3562 ctos
2053 3504 2349 3575 designari.

2518 3686 2748 3755 CAPUT
2786 3697 2851 3752 X.

1977 3811 1995 3844 ι
2032 3790 2173 3845 Ecce
2196 3788 2458 3845 Dominus
2488 3788 2639 3844 sedet
2669 3803 2833 3858 super
2865 3786 3007 3842 nube
3040 3786 3178 3849 levi,
3210 3795 3263 3841 et
3294 3787 3470 3842 veniet

1903 3880 1958 3934 in
1979 3877 2274 3950 Egyptum
2297 3897 2309 3931 :
2334 3884 2387 3933 et
2408 3884 2897 3933 commovebuntur
2916 3876 3227 3931 manufacta
3250 3874 3469 3947 Egypti

1902 3985 1932 4024 a
1963 3969 2103 4025 facie
2129 3969 2249 4039 ejus
2270 4008 2285 4034 ,
2313 3977 2367 4024 et
2394 3983 2491 4023 cor
2519 3982 2707 4023 eorum
2740 3968 2992 4022 vincetur
3020 3967 3076 4021 in
3110 3966 3246 4037 ipsis
3276 3967 3319 4021 ⁸.
3351 3986 3369 4019 ι
3395 3967 3470 4023 De

1902 4062 2149 4117 increata
2171 4061 2414 4117 omnium
2437 4059 2531 4115 Dei
2551 4065 2748 4113 natura
2772 4060 2886 4113 hazc
2899 4058 3329 4129 accipere,quasi
3346 4074 3471 4114 ven-

1901 4162 2028 4210 turo
2060 4155 2179 4225 ipso
2206 4170 2371 4225 super
2401 4153 2545 4207 nube
2574 4152 2785 4221 aliqua,
2820 4161 2983 4223 atque
3037 4154 3092 4206 in
3130 4153 3467 4221 corporalem

1902 4246 2163 4301 accedere
2184 4245 2503 4317 Egyptum,
2519 4261 2697 4315 neque
2721 4244 2824 4298 ﬁde
2845 4244 3067 4314 dignum
3089 4285 3103 4309 ,
3135 4259 3312 4312 neque
3342 4244 3467 4297 reli-

1902 4339 2115 4410 giosum
2148 4354 2270 4394 esse
2297 4339 2574 4393 existimo.
2607 4338 2951 4409 Quapropter
2992 4338 3058 4391 ad
3098 4337 3193 4392 Dei
3226 4335 3464 4391 Verbum

1901 4430 2186 4486 referenda
2214 4438 2298 4485 est
2328 4430 2609 4499 prophetia
2636 4449 2649 4497 ;
2689 4439 2851 4500 atque
2885 4431 3002 4499 ipsa
3036 4427 3325 4483 manifeste
3350 4428 3466 4497 jam

1901 4530 2081 4598 priore
2109 4526 2229 4595 ejus
2264 4525 2498 4579 adventu
2537 4526 2756 4595 impleta
2784 4532 2902 4591 est,
2949 4539 3057 4593 quo
3114 4538 3277 4592 super
3324 4522 3467 4577 nube

214 4616 317 4688 ἤδη
346 4615 490 4669 κατά
516 4616 613 4686 τὴν
645 4615 912 4688 προτέραν
942 4615 1105 4669 αὑτοῦ
1126 4616 1426 4685 παρουσίαν
1449 4614 1797 4685 πεπερασμέσ-

1908 4622 2025 4685 levi,
2079 4633 2242 4673 carne
2263 4618 2470 4672 scilicet
2492 4618 2541 4672 ei
2579 4633 2609 4671 a
2634 4617 2837 4685 Spiritu
2878 4625 3068 4672 sancto
3107 4616 3360 4679 formata,
3407 4616 3464 4672 it:

215 4725 336 4779 νην,
366 4709 487 4761 καθ’
520 4709 588 4777 ἣν
612 4709 703 4761 ἐπὶ
722 4707 949 4778 νεφέλης
976 4707 1205 4777 κούφης,
1240 4706 1341 4776 τῆς
1387 4708 1451 4759 ἐκ
1483 4708 1795 4777 Πνεύματος

212 4800 374 4867 ἁγίου
411 4798 685 4869 συστάσης
730 4797 877 4866 αὐτῷ
920 4798 1140 4868 σαρκὸς,
1184 4800 1262 4860 εἰς
1309 4798 1400 4849 τὸν
1440 4797 1553 4867 βίον
1586 4796 1793 4861 τοῦτον,

214 4892 491 4960 Αἴγυπτον
522 4891 795 4964 τροπικῶς
845 4890 1263 4960 ὀνομαζόμενον,
1305 4874 1663 4960 παρελήλυθε,
1703 4891 1797 4944 καὶ

216 4985 298 5046 εἰς
336 4981 505 5052 αὑτὴν
537 4981 591 5034 δὲ
641 4981 966 5052 σωματικῶς
1011 4979 1111 5050 τὴν
1148 4980 1435 5046 Αἴγυπτον,
1476 4982 1557 5043 εἰς
1610 4982 1677 5051 ἢν
1717 4982 1797 5034 ἔτι

218 5076 348 5135 παῖς
374 5072 449 5125 ῶν
469 5072 602 5142 πρὸς
623 5073 723 5142 τῆς
754 5072 958 5143 μητρὸς
978 5070 1184 5124 καὶτοῦ
1215 5071 1411 5141 Ἰωσὴφ
1438 5071 1753 5143 διεκομίσθη
1775 5090 1788 5102 θ

213 5167 513 5238 τηνικαῦτα
566 5168 624 5220 δὲ
670 5169 812 5221 κατά
845 5186 992 5231 τινας
1043 5168 1386 5239 ἀπορρήτους
1420 5167 1607 5237 λόγους
1650 5170 1793 5223 ἐσεί-

1898 4713 2037 4767 hanc
2059 4712 2249 4776 vitam,
2276 4710 2567 4780 A‘lgyptum
2596 4726 2691 4779 per
2719 4710 3082 4779 metaphoram
3108 4710 3462 4773 nominatam,

1898 4801 2131 4873 prodiit,
2162 4809 2215 4855 et
2240 4800 2295 4854 in
2326 4801 2499 4870 ipsam
2534 4800 2890 4869 corporaliter
2919 4798 3233 4870 Egyptum,
3262 4800 3461 4869 inqua,

1898 4909 2021 4949 cum
2052 4892 2228 4947 adhuc
2256 4899 2405 4947 esset
2427 4907 2580 4961 puer,
2606 4906 2635 4944 a
2663 4898 2835 4945 matre
2864 4899 2919 4944 et
2946 4888 3146 4961 Joseph
3170 4889 3465 4961 perductus

1898 4994 2002 5041 est.
2028 4983 2181 5039 Tunc
2206 4992 2385 5039 autem
2406 4984 2562 5053 juxta
2587 4985 2831 5055 quaedam
2864 4984 3090 5053 mystica
3115 4983 3297 5047 verba,
3321 4996 3464 5035 com-

1894 5078 2023 5131 moti
2046 5086 2175 5131 sunt
2203 5077 2326 5146 ejus
2352 5077 2589 5132 adventu
2612 5076 2922 5131 conturbati
2966 5076 3054 5145 qui
3086 5076 3237 5143 prius
3265 5075 3463 5143 ubique

1892 5168 1947 5221 in
1982 5166 2311 5221 manufactis
2351 5166 2663 5222 simulacris
2704 5166 3081 5220 inhabitabant
3119 5172 3173 5220 et
3208 5164 3461 5235 vigebant

216 5260 422 5330 σθησαν
475 5261 570 5313 καὶ
612 5260 939 5332 ἐκινήθησαν
994 5260 1463 5331 ύποταραχθέντες
1515 5262 1678 5314 αὑτοῦ
1724 5265 1791 5333 τῇ

1908 5258 2342 5323 lzemones.Quod
2360 5259 2575 5328 quidem
2593 5258 2898 5313 ostenditur
2914 5256 3127 5311 dicente
3143 5257 3421 5327 prophetia
3444 5277 3456 5311 :

213 5351 489 5422 παρουσία
522 5353 570 5405 οἱ
604 5354 660 5405 ἐν
689 5356 801 5416 τοῖς
827 5354 1131 5423 πανταχόσε
1160 5355 1554 5425 χειροποιήτοις
1589 5353 1792 5419 ξοάνοις

213 5442 549 5506 ἐνοικοῦντές
576 5460 633 5494 τε
664 5444 756 5495 καὶ
783 5444 1124 5513 ἐνεργοῦντες
1152 5446 1211 5499 τὸ
1238 5445 1499 5516 πρότερον
1517 5446 1787 5515 δαίμονες*

210 5532 351 5601 ὅπερ
402 5530 653 5602 δηλοῦται
688 5532 773 5586 διά
803 5532 903 5603 τῆς
941 5533 1199 5604 λεγούσης
1246 5535 1599 5605 προφητείας,
1634 5553 1652 5585 ι
1680 5536 1790 5588 Καὶ

214 5619 563 5691 σεισθήσεται
617 5622 686 5676 τά
744 5624 1095 5693 χειροποίητα
1141 5625 1436 5692 Αἰγύπτου.
1478 5646 1494 5677 ι
1523 5625 1705 5679 Ταῦτα
1732 5625 1788 5678 δὲ

214 5712 312 5766 καὶ
336 5711 477 5765 κατά
513 5713 612 5783 τὴν
638 5714 897 5785 δευτέραν
930 5716 1092 5767 αὑτοῦ
1124 5718 1215 5770 καὶ
1254 5716 1459 5784 ἔνδοξον
1500 5717 1596 5772 ἀπ’
1627 5718 1789 5788 ούρα-

1892 5348 1956 5401 Ει
1985 5348 2477 5403 commovebuntur
2508 5348 2823 5402 manufacta
2847 5347 3086 5418 1Egypti.
3122 5366 3141 5398 ι
3177 5344 3303 5401 Haec
3332 5362 3461 5417 quo-

1894 5458 1998 5511 que
2027 5457 2124 5511 per
2151 5440 2450 5496 secundum
2487 5441 2607 5510 ejus
2656 5450 2709 5495 et
2756 5444 3075 5511 praeclarum
3103 5442 3157 5495 in
3188 5440 3342 5495 cmlis
3374 5455 3457 5494 re-

1894 5550 2057 5605 gnum
2110 5534 2502 5603 implebuntur,
2536 5549 2645 5604 quo
2694 5542 2748 5588 et
2808 5534 2981 5604 ipsam
3013 5531 3453 5587 commovendam

1892 5641 2104 5695 aequum
2155 5634 2319 5680 esset.
2372 5624 2436 5677 Et
2464 5634 2597 5680 tunc
2647 5627 2880 5681 maxime
2933 5627 3309 5682 conturbanda
3340 5628 3455 5683 hac

1904 5718 2219 5772 manufacta
2254 5716 2493 5788 Egypti,
2526 5734 2755 5788 quorum
2784 5734 2878 5773 cor
2904 5718 3273 5789 superabitur,
3300 5725 3359 5775 ut
3379 5719 3455 5774 ait

219 5868 236 5900 '
266 5864 402 5924 Gen.
446 5884 590 5933 χιιι.
620 5870 700 5925 10.
783 5874 799 5903 ⁹
825 5870 970 5927 Psal.
1003 5886 1112 5938 cxx,
1147 5873 1194 5927 1.
1276 5876 1293 5904 ³
1327 5874 1431 5929 lsa.
1464 5890 1573 5940 xvi,
1612 5875 1662 5929 5.
1742 5875 1761 5907 ³
1785 5872 1888 5929 lsa.
1916 5876 2037 5940 xix,
2071 5892 2107 5929 ι.
