3974 6542
531 426 666 480 1215

1145 397 1148 400 ί
1178 420 1452 476 EUSEBII
1495 422 1977 478 UESAIUENSIS
2013 422 2165 479 OPP.
2202 423 2382 478 l’AllS
2415 423 2499 480 ιιι.
2541 458 2604 466 ——
2641 422 3050 479 EXECETICA.

3636 426 3764 481 1216

515 539 818 611 Scriptura,
855 545 908 594 in
967 558 1048 596 eis
1079 541 1254 595 Verbo
1305 540 1488 595 divino
1551 541 1875 610 sulijiciente
1951 542 2076 606 sibi,

2190 543 2293 596 νῶν
2353 542 2630 613 βασιλείαν
2695 541 3133 612 πληρωθήσετα.,
3200 537 3320 592 καθ’
3358 539 3426 608 ἢν
3477 543 3567 593 καὶ
3599 541 3765 612 αὐτὴν

512 640 568 688 et
590 632 912 686 humiliante
947 642 1076 687 tunc
1105 648 1320 687 onmem
1351 631 1692 711 altitudinem
1724 649 1866 687 nunc
1895 642 2086 688 contra

513 726 604 779 Dei
629 727 993 796 cognitionem
1019 727 1308 780 elevatam.
1336 724 1529 780 Omnia
1558 724 1854 795 prophetia:
1878 727 2085 796 reliqua

513 819 626 871 sola
659 818 1004 884 explicantur
1043 817 1326 886 allegoria.

2195 633 2572 704 σεισθήσεσθαι
2603 633 2749 696 εἰκὸς
2781 633 2845 686 ἂν
2870 633 2953 702 εἴη
2979 649 2992 661 ·
3037 632 3129 684 καὶ
3161 631 3284 683 τότε
3331 629 3534 700 μᾶλλον
3575 631 3763 705 κλονή-

2195 727 2452 796 θήσεσθαι
2480 727 2547 780 τά
2573 725 2937 796 ἀποδεδομένα
2965 722 3316 795 χειροποίητα
3348 723 3626 791 Αἰγύπτου
3647 767 3662 791 ,
3691 719 3765 780 ὧν

2191 820 2284 871 καὶ
2312 819 2408 888 τὴν
2437 817 2662 888 καρδίαν
2709 813 3110 888 ήττηθήσεσθαί
3154 830 3338 882 φασιν,
3368 815 3425 865 ὲν
3456 815 3637 880 αὐτοῖς
3673 819 3764 871 τοῦ

417 892 424 899 ’
509 909 652 962 θείου
676 908 850 977 Λόγου
914 908 1386 974 καθυποτάξαντος
1448 907 1626 978 ἑαυτῷ
1658 908 1750 961 καὶ
1796 907 2215 970 ταπεινώσοντος
2255 908 2375 960 τότε
2425 910 2530 960 πᾶν
2573 906 2772 977 ὕψωμα
2833 906 2894 959 τὸ
2933 906 3026 959 νῦν
3092 905 3451 975 ἐπαιρόμενον
3500 905 3642 958 κατὰ
3672 907 3761 976 τῆς

507 1001 761 1070 γνώσεως
825 1002 918 1056 τοῦ
972 1003 1135 1056 Θεοῦ⁸
1191 1002 1261 1055 τὰ
1309 1001 1351 1054 δ’
1415 1002 1541 1071 ἑξῆς
1587 1001 1686 1071 τῆς
1744 1002 2077 1072 προφητείας
2117 1001 2330 1055 ἅπαντα
2357 1000 2446 1054 διὰ
2471 1000 2636 1071 μόνης
2657 999 3046 1069 ἀποδοθήσεται
3074 997 3480 1084 τροπολογίας..

1119 1116 1348 1172 CAPUT
1388 1118 1476 1174 XI.

587 1230 606 1262 ‹
635 1211 692 1265 ln
716 1211 804 1283 die
830 1212 918 1265 illa
965 1212 1069 1264 erit
1101 1213 1272 1265 altare
1310 1210 1535 1266 Domino
1564 1213 1617 1266 in
1662 1222 1806 1269 terra
1837 1213 2077 1284 Egypti,

509 1309 561 1354 et
593 1302 785 1360 titulus
826 1301 980 1370 juxta
1019 1301 1311 1355 terminum
1350 1302 1470 1370 ejus
1501 1301 1728 1357 Domino
1761 1324 1772 1358 :
1801 1314 1855 1358 et
1891 1305 1994 1359 erit
2026 1305 2078 1358 in

511 1393 726 1462 signum
763 1396 1109 1446 iua'teruum
1146 1391 1375 1444 Domino
1407 1393 1458 1444 in
1491 1403 1632 1446 terra
1656 1391 1876 1464 Egypti
1908 1409 2081 1464 ;quo-

509 1483 656 1536 niam
709 1483 1024 1536 clamabunt
1077 1487 1142 1534 ad
1201 1479 1486 1533 Dominum
1533 1493 1754 1552 propter
1783 1484 2079 1552 amigentes

509 1589 586 1636 se,
617 1583 672 1628 et
715 1575 893 1627 millet
944 1573 1022 1634 eis
1080 1571 1343 1626 Dominus
1382 1574 1676 1638 hominem,
1710 1576 1802 1643 qui
1849 1577 2080 1629 salvaliit

507 1680 625 1728 eos,
657 1665 912 1733 judicans
958 1665 1187 1719 salvahit
1229 1680 1345 1726 eos.
1389 1675 1442 1719 et
1477 1667 1725 1735 cognitus
1755 1668 1861 1721 erit
1907 1666 2083 1722 Domi-

507 1773 612 1810 nus
667 1756 970 1826 JEgyptiis,
1024 1767 1077 1810 et
1126 1765 1457 1826 cognoscent
1493 1757 1730 1829 Aigyptii
1790 1759 2078 1814 Dominum

509 1846 678 1900 Deum
710 1847 763 1900 in
800 1849 887 1902 die
916 1849 1030 1907 illa.
1067 1857 1120 1904 et
1153 1849 1352 1904 facient
1385 1852 1672 1916 sacriﬁcia,
1725 1861 1778 1906 et
1806 1853 2080 1907 vovehunt

509 1947 634 1991 vota
691 1938 943 2004 Domlno,
995 1949 1047 1996 et
1102 1944 1392 1998 reddent‘.
1431 1963 1449 1995 ι
1493 1943 1557 1998 Et
1585 1940 1732 2015 'quis
1777 1948 1916 2000 alius
1963 1963 2084 2002 esse

509 2042 691 2097 posset
741 2046 769 2083 a
818 2030 1048 2086 Domino
1126 2036 1328 2089 missus
1388 2035 1592 2101 homo,
1651 2037 1743 2106 qui
1800 2036 2082 2109 {Egyptios

507 2123 817 2177 salvaturus
887 2133 970 2180 est
1046 2125 1346 2194 judicans,
1443 2128 1546 2181 nisi
1623 2126 1875 2184 Christus
1947 2131 2078 2195 Dei,

511 2235 529 2264 ι
564 2215 791 2269 formam
858 2218 1002 2271 servi
1053 2220 1347 2287 accipiens,
1398 2231 1452 2274 et
1501 2220 1689 2275 habitu
1735 2222 1988 2278 inventus
2023 2235 2083 2278 ut

507 2310 670 2364 homo
693 2312 731 2364 ³.
770 2331 787 2363 ι
825 2310 1061 2382 JEgypto
1095 2314 1312 2381 quidem
1358 2315 1653 2384 allegorice
1690 2316 1970 2371 hominum
2003 2320 2081 2372 vi-

504 2410 613 2454 tam
651 2401 1015 2472 signiﬁcante,
1049 2403 1288 2474 Aigyptii
1333 2415 1517 2461 essent
1551 2409 1642 2476 qui
1679 2395 1708 2461 τι
1740 2409 2078 2466 daemonibus

505 2504 773 2548 vexantur
820 2504 874 2549 et
925 2495 992 2548 ad
1053 2511 1139 2551 res
1196 2504 1444 2551 terrenas
1495 2501 1878 2568 prepensiores
1927 2510 2074 2566 sunt,

503 2602 644 2655 quos
667 2587 910 2640 omnium
943 2586 1086 2642 Deus
1120 2589 1411 2645 miseratus
1443 2599 1527 2645 est
1556 2593 1861 2648 daemonum
1893 2601 2078 2665 tyran-

505 2678 630 2734 nide
649 2694 968 2749 oppressos,
1007 2683 1177 2736 misso
1208 2683 1468 2752 praedicto
1503 2684 1742 2751 homine,
1773 2688 1862 2756 qui
1898 2689 2076 2743 salva-

502 2772 579 2824 vit
604 2772 836 2826 salutem
875 2771 986 2826 Deo
1015 2774 1233 2842 dignam
1264 2775 1336 2828 ita
1361 2785 1417 2830 ut
1444 2778 1634 2833 omnes
1668 2781 1942 2848 quondam
1974 2784 2077 2840 sub

504 2866 619 2934 lege
671 2865 739 2918 ab
781 2864 1024 2918 Ecclesia
1078 2864 1289 2920 Domini
1346 2869 1618 2933 exclusos,
1669 2887 1728 2926 se
1779 2872 1955 2942 ipsum
2009 2877 2076 2930 iis

505 2953 864 3010 manifestans
894 2953 1182 3013 Dominus.
1207 2958 1270 3010 ad
1303 2956 1517 3013 Domini
1547 2961 1832 3016 scientiam
1860 2964 1963 3019 hac
1986 2982 2073 3021 re.

503 3044 771 3099 velatione
803 3046 1145 3114 perduceret.
1181 3045 1335 3102 Patet
1358 3051 1503 3118 quod
1543 3052 1597 3105 in
1623 3055 1878 3122 praedicta
1908 3057 2074 3129 {Egy-

504 3137 736 3205 ptiorum
759 3145 903 3192 terra
921 3147 1258 3193 exstructum
1277 3149 1359 3195 est
1377 3141 1607 3198 Domino
1627 3147 1796 3203 altare
1821 3152 2072 3208 omnibus

2559 1115 2620 1187 (ι.
2659 1117 2728 1170 49
2759 1117 2834 1186 νο)
2867 1117 3256 1171 ΚΕΦΑΛΑΙΟΝ
3290 1118 3392 1169 ιΑσ.

2262 1229 2280 1261 ι
2316 1211 2394 1280 Τῇ
2417 1210 2599 1281 ἡμέρᾳ
2634 1209 2817 1280 ἐκείνῃ
2857 1209 3008 1263 ἔσται
3054 1209 3437 1280 θυσιαστήριον
3475 1211 3564 1281 τῷ.
3582 1212 3759 1283 Κυρίῳ

2187 1305 2244 1357 ὲν
2275 1302 2427 1374 χώρᾳ
2473 1301 2808 1370 Αἰγυπτίων,
2850 1303 2944 1355 καὶ
2977 1300 3144 1371 στήλη
3173 1302 3310 1372 πρὸς
3335 1301 3398 1355 τὸ
3423 1302 3572 1372 ὄριον
3598 1303 3758 1373 αὐτῆς

2183 1395 2262 1465 τῷ
2297 1395 2512 1467 Κυρίῳ·
2547 1395 2642 1449 καὶ
2690 1394 2840 1447 ἔσται
2873 1395 2953 1458 εἰς
2980 1396 3202 1464 σημεῖον
3231 1395 3310 1456 εἰς
3333 1393 3426 1446 τὸν
3455 1395 3627 1447 αἰῶνα
3659 1397 3760 1448 Κιὶ⁹

2189 1504 2302 1559 ριος
2323 1489 2380 1540 ὲν
2409 1485 2560 1558 χώρᾳ
2580 1485 2856 1555 Αἰγύπτου
2875 1502 2888 1516 ·
2917 1486 2998 1539 ὅτι
3026 1485 3380 1558 κεκράξονται
3402 1485 3540 1556 πρὸς
3569 1485 3758 1555 Κύριον

2185 1580 2274 1633 διὰ
2300 1579 2425 1642 τοὺς
2451 1578 2730 1642 θλίϐοντας
2775 1579 2991 1641 αὐτοὺς.
3022 1578 3114 1631 καὶ
3141 1578 3431 1632 ἀποστελεῖ
3457 1579 3640 1641 αὐτοῖς
3670 1578 3757 1631 ἂν-

2187 1667 2402 1740 θρωπον
2441 1669 2500 1728 ὃς
2555 1667 2718 1721 σώσει
2755 1667 2969 1732 αὐτοὺς,
2993 1667 3190 1740 κρίνων
3222 1665 3384 1720 σώσει
3411 1667 3612 1731 αὐτούς
3631 1684 3646 1696 ’
3677 1670 3761 1722 καὶ

2186 1760 2422 1830 γνωστὸς
2451 1760 2601 1813 ἔσται
2631 1759 2835 1830 Κύριος
2866 1762 2978 1823 τοῖς
3023 1758 3340 1827 Αἰγυπτίοις
3362 1776 3375 1788 ·
3412 1761 3506 1812 καὶ
3539 1758 3760 1828 γνώσον-

2185 1867 2274 1904 ται
2301 1853 2349 1902 οἱ
2384 1849 2672 1918 Αἰγύπτιοι
2695 1851 2785 1903 τὸν
2817 1849 3019 1922 Κύριον
3048 1849 3105 1901 ὲν
3127 1852 3192 1920 τῇ
3220 1849 3403 1923 ἡμέρᾳ
3427 1852 3612 1921 ἐκείνῃ
3633 1868 3646 1880 ·
3677 1854 3762 1906 καὶ

2186 1946 2470 2014 ποιήσουσι
2499 1943 2689 2006 θυσίας
2726 1942 2822 1996 καὶ
2862 1942 3030 2014 δῶρον
3051 1961 3063 1974 ·
3117 1945 3208 1996 καὶ
3235 1943 3483 2010 εὔξονται
3510 1945 3675 2014 εὐχὰς
3692 1945 3763 2014 τῷ

2184 2035 2321 2105 Θεῷ.
2364 2055 2382 2088 ι
2420 2035 2528 2088 Καὶ
2569 2035 2651 2099 τίς
2686 2035 2750 2089 ἂν
2790 2036 2945 2099 ἄλλος
2990 2036 3074 2107 εἴη
3108 2040 3136 2090 6
3161 2037 3490 2100 ἀποσταλεὶς
3527 2038 3634 2090 ὑπὸ
3656 2038 3760 2089 Κυ-

2186 2127 2298 2198 ρίου
2342 2127 2627 2197 ἄνθρωπος
2651 2168 2664 2192 ,
2701 2131 2796 2182 καὶ
2842 2129 3020 2192 σώσας
3057 2130 3184 2192 τοὺς
3216 2128 3651 2197 Αίγυπτίουςδιά
3675 2129 3762 2182 τοῦ

2181 2219 2411 2289 κρίνειν,
2452 2218 2484 2288 ἢ
2528 2221 2557 2272 6
2603 2219 2837 2290 Χριστὸς
2864 2217 2956 2270 τοῦ
3010 2218 3166 2282 Θεοῦ,
3192 2221 3220 2271 6
3258 2237 3277 2269 ι
3325 2219 3544 2289 μορψὴν
3583 2217 3761 2271 δούλου

2180 2310 2381 2373 λαϐὼν,
2416 2313 2510 2365 καὶ
2557 2312 2795 2382 σχήματι
2825 2311 3062 2382 εὑρεθεὶς
3091 2312 3166 2374 ὼς
3201 2310 3509 2380 ἄνθρωπος.
3563 2329 3583 2361 ι
3615 2310 3763 2378 Αἰγύ-

2181 2421 2315 2457 πτου
2338 2403 2396 2456 δὲ
2422 2403 2699 2475 τροπικῶς
2728 2402 3017 2473 νοουμένου
3047 2401 3141 2454 τοῦ
3165 2401 3273 2454 τῶν
3289 2400 3604 2470 ἀνθρώπων
3629 2400 3758 2470 βίον.

2179 2492 2288 2550 εἶεν
2320 2496 2385 2550 ἂν
2418 2499 2464 2550 οἱ
2489 2495 2882 2566 δεισιδαίμονες
2917 2495 3008 2548 καὶ
3041 2495 3152 2556 τοῖς
3199 2493 3400 2557 ὑλικοῖς
3454 2509 3759 2564 προπεπον-

2179 2589 2329 2652 θότες
2390 2589 2700 2657 Αἰγύπτιοι,
2731 2586 2823 2652 οὓς
2868 2589 2896 2640 6
2934 2585 3041 2639 τῶν
3090 2585 3224 2638 ὅλων
3260 2586 3390 2648 Θεὸς
3431 2585 3761 2654 κατελεήσας

2179 2680 2524 2747 θλιϐομένους
2557 2679 2666 2732 ὑπὸ
2697 2679 2803 2732 τῶν
2842 2678 3385 2749 κατατυραννούντων
3414 2677 3620 2740 αὐτοὺς
3657 2676 3761 2729 δαι-

2181 2775 2374 2845 μόνων,
2427 2771 2752 2835 ἀποστείλας
2799 2772 2890 2824 τὸν
2940 2770 3334 2843 προειρημένον
3369 2767 3682 2839 ἄνθρωπον,
3709 2767 3760 2827 6;

2177 2867 2347 2919 ἔσωσε
2408 2865 2682 2934 σωτηρίαν
2715 2863 2831 2934 Θεῷ
2858 2862 3195 2934 πρέπουσαν,
3229 2861 3367 2913 ὥστε
3419 2860 3550 2922 τοὺς
3599 2858 3758 2911 πάὶαι

2176 2959 2316 3012 κατά
2349 2957 2439 3010 τὸν
2462 2957 2625 3027 νόμον
2655 2955 3009 3027 εἰργομένους
3046 2953 3145 3023 τῆς
3192 2952 3519 3022 Ἑκκλησίας
3563 2952 3762 3020 Κυρίου

2173 3051 2260 3105 διὰ
2314 3050 2411 3120 τῆς
2449 3049 2746 3118 γενομένης
2777 3047 2960 3109 αὐτοῖς
2997 3045 3312 3114 ἐπιφανείας
3343 3042 3652 3112 ἐπιγνῶναι
3681 3045 3764 3096 τὸν

2173 3146 2400 3215 Κύριον,
2437 3142 2601 3198 αὑτοῦ
2631 3141 2725 3195 τοῦ
2753 3139 2958 3211 Κυρίου
2993 3137 3230 3207 γνωστὸν
3262 3135 3423 3189 αὑτὸν
3461 3137 3651 3198 αὺτοίς
3673 3137 3764 3205 ἑμ-

503 3228 1018 3298 cougregationibus
1047 3245 1169 3298 qua:
1212 3231 1266 3284 in
1295 3234 1442 3287 omni
1474 3234 1593 3289 loco
1643 3237 1776 3292 ﬁunt
1819 3241 1886 3295 ad
1928 3243 2076 3300 invo-

2189 3237 2493 3300 ποιοῦντος·
2553 3236 2719 3304 σαφὲς
2771 3233 2814 3286 δ’
2857 3233 3002 3294 ὅπως
3047 3233 3104 3284 ὲν
3136 3231 3200 3298 τῇ
3240 3227 3547 3301 δηλωθείσῃ
3577 3231 3644 3300 τῇ
3664 3227 3761 3279 τῶν

500 3320 734 3374 candum
773 3320 1225 3392 adorandumque
1269 3323 1456 3383 Deum.
1516 3328 1656 3383 Dicit
1703 3331 1844 3389 forte
1883 3337 2079 3407 aliquis

505 3412 631 3468 huic
671 3414 790 3467 loco
829 3414 1171 3481 adversatus,
1222 3417 1432 3475 scilicet
1467 3440 1483 3470 ι
1524 3430 1578 3475 et
1620 3423 1721 3477 erit
1768 3427 1939 3486 altare
1972 3429 2079 3485 Do-

504 3506 650 3559 mino
691 3507 740 3560 in
777 3515 920 3562 terra
954 3508 1356 3579 Egyptiorum,
1399 3530 1418 3563 ι
1455 3512 1499 3566 si
1541 3515 1760 3582 quidem
1794 3519 1965 3575 altare
2003 3523 2081 3576 lo-

504 3611 601 3651 eus
630 3599 809 3666 quivis
840 3600 909 3654 sit
936 3600 1356 3668 sacriﬁciorum,
1378 3604 1542 3658 verbo
1569 3603 1662 3659 Dei
1693 3607 2078 3679 insipientibus

503 3685 691 3740 bestiis
742 3686 1059 3751 immolatis,
1101 3691 1311 3759 justius
1358 3700 1504 3750 esset
1549 3695 1746 3763 majus,
1797 3693 2078 3771 magisque

502 3792 686 3831 verum
713 3794 805 3847 per
833 3778 1112 3835 Christum
1151 3783 1264 3838 ﬁeri
1298 3782 1408 3844 Deo
1443 3784 1615 3840 altare
1653 3787 1708 3841 in
1733 3791 1880 3844 omni
1906 3799 2077 3848 terre-

500 3869 600 3921 stri
640 3868 782 3933 loco,
816 3869 1051 3941 Egypto
1081 3887 1176 3941 per
1207 3874 1582 3944 metaphoram
1614 3879 1915 3952 nominato,
1951 3899 2078 3953 pro~

504 3966 620 4029 pter
663 3975 856 4015 omnes
912 3963 1111 4032 ubique
1155 3975 1443 4036 martyres.
1496 3969 1656 4036 quasi
1708 3973 1976 4029 sacriﬁcia
2023 3985 2077 4030 et

502 4049 754 4106 victimas
808 4069 904 4122 pro
954 4055 1234 4110 hominum
1274 4058 1491 4127 generis
1536 4059 1712 4117 salute
1753 4062 1884 4129 Deo,
1920 4075 1974 4122 et
2020 4068 2074 4123 in

504 4139 619 4207 ipsa
665 4142 935 4209 corporali
969 4135 1349 4214 IEgyptiorum
1392 4156 1564 4213 terra,
1597 4151 1690 4206 ubi
1720 4162 1800 4206 tot
1842 4163 1895 4211 et
1940 4159 2074 4214 tanti

503 4243 768 4304 martyres
809 4237 1030 4305 preprio
1061 4238 1301 4307 ipsorum
1353 4243 1622 4312 sanguine
1668 4243 1835 4300 Deum
1867 4249 2072 4318 gloriﬁ-

500 4338 781 4382 caverunt.
819 4327 973 4394 Quod
1023 4331 1067 4384 si
1100 4330 1232 4385 illud
1262 4332 1478 4390 diﬁicile
1506 4337 1790 4393 crederent
1829 4340 2072 4397 circum-

501 4418 624 4484 cisi,
653 4420 839 4474 dicant
879 4422 978 4491 ipsi
1014 4423 1234 4493 quando
1271 4433 1326 4481 et
1352 4427 1442 4482 ubi
1491 4437 1546 4483 et
1588 4431 1862 4500 quodnam
1904 4436 2072 4493 altare

502 4512 555 4564 in
589 4511 822 4584 [Egypto
853 4523 1093 4571 erectum
1143 4518 1214 4573 sit
1263 4517 1515 4588 Domino,
1559 4523 1684 4600 quis
1736 4541 1864 4580 vero
1910 4527 2073 4584 homo

2184 3328 2495 3396 Αἰγυπτίων
2544 3325 2696 3398 χώρᾳ
2743 3326 2972 3392 συνέστη
3020 3319 3328 3397 τῷΚυρίῳ
3377 3321 3761 3392 θυσιαστήριον

2181 3421 2290 3474 ἀπὸ
2314 3420 2421 3472 τῶν
2456 3421 2512 3473 ἐν
2537 3418 2703 3472 παντί⁹
2719 3419 2868 3487 τόπῳ
2900 3417 2979 3478 εἰς
3007 3414 3169 3484 εὐχὰς
3204 3414 3294 3466 καί
3313 3413 3444 3467 Θεοῦ
3469 3413 3761 3484 θρησκείαν

2180 3511 2610 3583 ἐπιτελουμένων
2642 3507 3044 3581 ἀθροισμάτων.
3085 3505 3242 3559 Εἴποι
3270 3505 3313 3558 δ’
3348 3504 3413 3557 ἄν
3441 3520 3528 3566 τις
3551 3502 3757 3555 ἐπιϐαί-

2180 3622 2285 3659 νων
2326 3607 2392 3676 τῇ
2434 3603 2576 3670 λέξει
2626 3605 2706 3665 εἰς
2750 3601 2832 3663 τὸ,
2879 3623 2895 3650 ι
2935 3599 3044 3652 Καὶ
3066 3597 3219 3650 ἔσται
3263 3594 3654 3664 θυσιαστήριον
3687 3592 3756 3662 τῷ

2179 3697 2368 3768 Κυρίῳ
2395 3697 2450 3747 ὲν
2481 3693 2634 3766 χώρᾳ
2657 3693 2766 3746 τῶν
2790 3691 3123 3760 Αἰγυπτίων,
3158 3709 3176 3741 ι
3204 3690 3252 3741 εἰ
3286 3687 3349 3758 δὴ
3373 3687 3434 3739 τὸ
3467 3686 3754 3755 θυσιαστή-

2179 3806 2294 3861 ριον
2348 3787 2511 3850 τόπος
2542 3787 2628 3849 τίς
2670 3788 2786 3839 ἐστι
2827 3785 3103 3855 θυμάτων,
3140 3783 3231 3834 ἐπὶ
3262 3781 3404 3851 λόγῳ
3440 3779 3578 3832 Θεοῦ
3612 3777 3753 3842 ζώων

2175 3881 2386 3950 ἀλόγων
2450 3877 2922 3949 σφαγιαζομένων,
2983 3874 3299 3930 δικαιότατα
3343 3874 3407 3926 ἂν
3452 3873 3638 3943 μεῖζον
3671 3871 3755 3924 καὶ

2177 3972 2538 4044 ἀληθέστερον
2603 3971 2692 4025 διὰ
2737 3969 2977 4042 Χριστοῦ
3035 3967 3318 4038 γεγονέναι
3366 3965 3444 4036 τῷ
3505 3964 3628 4034 Θεῴ
3671 3964 3753 4016 θυ-

2179 4070 2492 4141 σιαστήριον
2567 4069 2624 4120 ὲν
2681 4066 2787 4138 ὅλῳ
2841 4085 2900 4121 τε
2958 4064 3035 4136 τῷ
3102 4064 3363 4136 περιγείῳ
3419 4063 3614 4131 τόπῳ,
3668 4062 3754 4114 ΔΞ-

2177 4161 2367 4229 γύπτῳ
2438 4159 2712 4232 τροπικῶς
2767 4157 3198 4230 χρηματίζοντι,
3275 4155 3361 4209 διὰ
3443 4157 3571 4218 τοὺς
3637 4172 3753 4207 παν-

2175 4257 2370 4326 ταχόσε
2432 4257 2712 4328 μάρτυρας
2775 4254 2990 4324 θύματα
3047 4252 3140 4306 καὶ
3184 4251 3348 4304 οἱονεὶ
3402 4249 3612 4318 σφάγια
3663 4245 3750 4300 τοῦ

2176 4349 2366 4419 γένους
2410 4349 2517 4403 τῶν
2548 4347 2871 4420 ἱάνθρώπων
2915 4344 3329 4415 ἀναφερομένων
3367 4342 3446 4412 τῷ
3500 4340 3621 4411 Θεῷ
3665 4340 3752 4392 καὶ

2174 4443 2231 4494 ὲν
2287 4443 2421 4512 αὐτῇ
2480 4442 2536 4495 δὲ
2590 4444 2655 4513 τῇ
2718 4441 3002 4511 σωματικῇ
3054 4436 3160 4490 τῶν
3209 4435 3526 4502 Αἰγυπτίων
3571 4431 3740 4503 χώρᾳ,

2176 4532 2304 4585 ἔνθα
2352 4532 2593 4586 τοσοῦτοι
2654 4531 2747 4585 καὶ
2811 4528 3119 4601 τηλικοῦτοι
3175 4527 3448 4597 μάρτυρες
3503 4523 3751 4588 ἐδόξασαν

499 4605 591 4674 qui
642 4605 927 4678 {'Egyptios
990 4611 1172 4666 salvos
1223 4610 1444 4678 fecerit,
1507 4616 1968 4684 quemadmodum
2018 4629 2072 4676 et

2182 4624 2268 4677 τὸν
2320 4623 2452 4677 Θεὸν
2497 4623 2574 4692 τῷ
2641 4622 2754 4692 ἰδίῳ
2792 4620 2969 4675 αὐτῶν
3010 4619 3230 4689 αἵματι·
3284 4616 3395 4669 ἀλλ’
3441 4617 3490 4667 εἰ
3540 4614 3747 4667 δυσπει-

500 4699 720 4765 quando
749 4701 999 4770 cognitus
1055 4703 1216 4758 luerit
1255 4698 1522 4762 Dominus
1566 4707 1857 4779 Egyptiis,
1907 4713 1979 4766 ita
2014 4721 2071 4767 ut

502 4788 602 4858 ipsi
632 4805 661 4842 a
689 4792 959 4859 prioribus
981 4795 1316 4853 declinantes
1339 4801 1620 4856 erroribus
1644 4801 1711 4855 ad
1745 4803 1862 4872 ejus
1889 4806 2067 4861 scien—

403 4953 410 4960 ᾳ
499 4883 631 4936 tiam
688 4887 1036 4952 pervenerint
1079 4907 1092 4943 :
1146 4889 1249 4944 hoc
1293 4899 1376 4946 est
1429 4891 1682 4948 videlicet
1737 4910 2067 4965 cognoscere

501 4973 809 5031 Dominum.
844 4976 1050 5032 Caetera
1093 4996 1222 5036 vero
1263 4983 1445 5038 omnia
1493 4986 1791 5056 prophetia:
1820 4988 2068 5046 altiorem

500 5082 718 5123 sensum
785 5072 1090 5138 includunt,
1133 5091 1295 5144 quem
1343 5079 1630 5134 enucleare
1675 5096 1916 5149 praesens
1961 5100 2072 5138 non

501 5157 631 5212 sinit
665 5167 897 5231 tempus.

2182 4715 2289 4779 θῶς
2337 4715 2508 4785 ἔχοιεν
2558 4714 2694 4786 πρὸς
2753 4712 2824 4766 τὰ
2879 4710 3249 4780 ἀποδεδομένα
3308 4710 3356 4761 οἰ
3409 4709 3471 4760 ὲκ
3541 4722 3749 4776 περιτο·

2178 4805 2306 4876 μῆς.
2341 4804 2646 4874 λεγέτωσαν
2675 4805 2829 4858 αὐτοὶ
2873 4803 3001 4857 πότε
3047 4802 3141 4855 καὶ
3167 4801 3404 4862 ποῦ,κα“ι
3447 4798 3583 4868 πρὸς
3618 4798 3750 4859 τίνος

2175 4898 2556 4969 θυσιαστήριον
2585 4898 2822 4968 κατέστη
2847 4896 2925 4966 τῷ
2952 4895 3139 4967 Κυρίῳ
3175 4898 3232 4948 ὲν
3279 4892 3560 4963 Αἰγύπτῳ,
3598 4894 3677 4955 τίς
3701 4892 3750 4944 δὲ

2175 4991 2204 5042 6
2250 4989 2534 5059 ἄνθρωπος
2558 4991 2586 5044 6
2617 4988 2796 5052 σώσας
2831 4991 2956 5052 τοὺς
2993 4986 3346 5055 Αἰγυπτίους,
3384 4987 3504 5039 τίνα
3533 5004 3590 5038 τε
3633 4986 3748 5055 τρόο

2180 5098 2280 5136 πον
2333 5082 2426 5134 καὶ
2475 5081 2604 5134 πότε
2659 5080 2897 5148 γνωστὸς
2945 5080 3158 5148 ἐγένετο
3208 5078 3414 5150 Κύριος
3455 5080 3566 5140 τοῖς
3594 5077 3748 5143 Αίγυ·

2180 5175 2375 5238 πτίοις,
2413 5173 2553 5226 ὥστε
2583 5173 2778 5236 αὐτοὺς
2825 5172 3168 5236 ἀποστάντας
3193 5171 3290 5242 τῆς
3322 5169 3592 5241 προτέρας
3624 5167 3748 5220 πλάυ

499 5269 618 5323 νης.
647 5255 745 5327 τὴν
772 5259 898 5328 περὶ
939 5260 1100 5314 αὑτοῦ
1146 5262 1348 5330 γνῶσιν
1389 5265 1702 5321 ἀναλαϐεῖνο
1735 5268 1972 5322 τοιοῦτον
1997 5270 2103 5340 γάρ
2141 5270 2254 5321 ἐστι
2277 5269 2338 5321 τὸ
2361 5265 2657 5335 ἐπιγνῶναι
2703 5265 2925 5338 Κύριον.
2969 5267 3079 5320 Καὶ
3126 5264 3222 5318 ὅλα
3294 5263 3346 5314 δὲ
3389 5260 3458 5314 τά
3496 5259 3624 5330 ἑξῆς
3661 5261 3748 5330 τῆς

502 5347 831 5417 προφητείας
885 5350 1180 5423 βαθυτέρας
1227 5355 1456 5427 ἢρτηται
1498 5358 1749 5423 διανοίας,
1801 5361 1866 5430 ἢν
1909 5361 2007 5430 οὐχ
2045 5363 2074 5414 6
2107 5357 2296 5431 παρὼν
2335 5359 2696 5412 ἀναπτύσσειν
2731 5358 2939 5428 καιρός.

1087 5468 1314 5524 CAPUT
1355 5472 1465 5524 XII.

580 5593 595 5626 ι
637 5579 880 5641 Domine,
933 5597 988 5634 ιιι
1031 5584 1286 5654 angustia
1329 5589 1648 5646 recordatus
1699 5607 1820 5646 sum
1867 5591 1978 5658 tui;
2015 5590 2069 5645 in

500 5669 852 5728 t:ihulationc
891 5690 1074 5744 parva,
1107 5677 1352 5738 doctrina
1405 5693 1494 5738 tua
1544 5685 1721 5742 nobis.
1772 5685 1924 5742 Sicut
1955 5704 2074 5758 quae

573 5824 590 5856 ¹
621 5822 727 5880 lsa.
760 5842 875 5896 lix,
919 5831 1094 5886 17—21.

2702 5472 3097 5529 ΚΕΦΑΛΑΙΟΝ
3135 5471 3230 5525 IB'.

2255 5613 2272 5644 ι
2308 5589 2503 5667 Κύριε,
2538 5595 2595 5647 ὲν
2635 5592 2809 5662 θλίψει
2839 5591 3115 5663 ἐμνήσθην
3153 5604 3264 5642 σου’
3300 5587 3358 5640 ὲν
3380 5581 3558 5653 θλίψει
3585 5583 3741 5656 μικρᾷ

2181 5691 2212 5760 ή
2250 5687 2466 5743 παιδεία
2500 5703 2593 5740 σου
2636 5686 2785 5755 ἡμῖν·
2829 5685 2920 5738 καί
2963 5682 3037 5746 ὡς
3069 5684 3099 5752 ἡ
3134 5678 3396 5733 ὼδινοῦσα
3425 5676 3632 5747 ἐγγίζει
3657 5673 3742 5730 τοῦ
