3974 6520
150 407 332 468 lii?
1258 420 1550 476 ECLOGA}:
1590 419 2070 474 PIIOPIIETICE.
2104 453 2171 461 —
2212 417 2338 473 LIB.
2382 417 2474 472 IV.
3331 421 3462 474 1218

141 532 390 592 τεκεῖν,
444 533 539 586 καὶ
580 535 670 587 ἐπὶ
716 537 780 606 τῇ
827 536 974 590 ὠδῖνι
1020 540 1184 612 αὐτῆς
1229 539 1522 612 ἐκέκραξεν
1549 582 1562 602 ,
1609 539 1776 600 οὕτως

1884 534 2159 604 concepit,
2192 549 2314 587 cum
2345 528 2866 601 appropinquaverit
2897 529 2961 583 ad
3001 539 3239 600 partum,
3273 531 3464 588 dolens

142 621 534 694 ἐγενήθημεν
580 624 656 695 τῷ
693 626 984 700 Ἀγαπητῷ
1034 648 1146 686 σου.
1186 650 1202 682 ι
1243 632 1547 703 Ἔπιγραφή
1590 648 1674 694 τις
1721 631 1776 682 έν

1883 631 2081 682 clamat
2120 625 2174 679 in
2218 624 2498 679 doloribus
2549 623 2664 678 suis
2695 642 2707 678 :
2745 623 2824 678 sic
2861 621 2987 676 facti
3035 638 3225 676 smnus
3257 622 3466 678 Dilecto

147 715 448 788 Ψαλμοῖς
476 737 494 770 ι
534 719 705 792 ’Υπὲρ
730 719 822 772 τοῦ
860 722 1163 793 Ἀγαπητοῦ
1201 744 1219 775 ι
1258 725 1515 796 φέρεται·
1547 726 1640 778 καὶ
1679 725 1781 778 πά-

143 805 550 882 λινοεῗρηταιο
594 831 612 864 ι
655 814 710 866 Ὀ
742 812 994 883 βασιλεὺς
1038 817 1145 869 τῶν
1176 815 1456 887 δυνάμεων
1484 815 1574 870 τοῦ
1617 817 1779 884 Ἀγαι

145 903 399 972 πητοῦ·
445 925 462 955 ι
494 905 766 960 δείκνυται
801 908 845 960 δ’
879 909 937 962 ὲν
977 912 1087 973 τοῖς
1127 909 1311 974 τόποις
1339 910 1397 981 (f.
1435 910 1522 980 50)
1556 913 1654 964 οὐκ
1688 911 1777 966 ἄλο

147 990 266 1055 λος
318 992 399 1046 ὢν
429 995 521 1048 τοῦ
565 995 801 1068 Χριστοῦ
842 999 1133 1071 λεγόμενος
1150 1000 1455 1073 Ἀγαπητὺς
1493 1001 1586 1055 τοῦ
1619 1001 1778 1056 Θεοῦ.

152 1081 399 1139 Τούτου
455 1087 618 1157 χάριν
670 1089 1136 1161 ἐπεσημηνάμεθα
1201 1093 1293 1144 καὶ
1345 1091 1436 1146 τὸν
1480 1095 1538 1147 ἐν
1594 1095 1781 1164 χερσὶν

151 1174 509 1247 ἀγαπητόν·
561 1179 723 1234 αὐτὸν
774 1183 978 1236 ἐκεῖνον
1019 1183 1489 1254 ὑπολαμϐάνοντες
1531 1180 1688 1249 εἶναι,
1723 1185 1781 1238 ὃν

155 1267 274 1319 καὶ
331 1267 391 1332 ἐξ
439 1270 668 1340 ούρανοῦ
713 1272 862 1342 φωνὴ
927 1272 1114 1340 σαφῶς
1173 1272 1472 1344 ἀνεκήρυξε
1532 1274 1778 1344 φήσασα·

164 1376 187 1406 ι
242 1351 433 1424 Οὗτός
477 1362 623 1414 ἐστιν
668 1362 696 1413 ὁ
738 1363 863 1426 Υἱός
912 1381 1010 1433 μου
1060 1365 1088 1415 ὁ
1134 1365 1436 1435 ἀγαπητὸς,
1467 1365 1523 1417 ἐν
1555 1357 1598 1432 ᾧ
1630 1365 1781 1418 εύδὸ-

162 1467 362 1521 κησα.
407 1470 425 1502 ι

1881 721 2013 775 ιιιοι
2042 739 2060 772 ι
2100 717 2317 773 Titulus
2360 715 2580 786 quidam
2619 716 2674 769 in
2713 713 2946 768 Psalmis
2999 713 3100 768 fert
3129 731 3146 764 ι
3181 713 3288 767 Pro
3325 713 3464 769 Dile-

1881 807 2048 873 cto';
2089 827 2106 857 ι
2141 815 2193 860 et
2229 821 2425 859 rursus
2464 804 2668 858 dictmn
2704 810 2827 857 est:
2864 821 2882 854 ι
2920 802 3031 859 Rex
3064 805 3327 857 virtutum
3375 803 3462 858 Di-

1881 898 2005 952 lecti
2030 898 2073 952 ⁸.
2105 915 2123 948 ι
2161 895 2483 951 Ostenditur
2513 898 2566 948 in
2605 894 2690 948 his
2728 894 2864 948 locis
2902 909 3009 947 non
3059 895 3201 950 alius
3246 909 3369 948 esse
3401 911 3459 949 ac

1881 989 2156 1052 Christus,
2207 989 2256 1044 is
2295 990 2387 1059 qui
2460 987 2551 1042 Dei
2607 987 2847 1042 Dilectus
2899 989 3224 1058 appellatur.
3290 986 3465 1058 I-lujus

1882 1085 2054 1154 gratia
2094 1083 2474 1138 adnotavimus
2523 1097 2740 1152 quoque
2788 1080 2934 1134 hunc
2985 1080 3268 1144 dilectum,
3302 1096 3463 1150 quem

1881 1191 2005 1231 esse
2037 1177 2349 1247 putavimus
2392 1175 2642 1230 eumdem
2691 1173 2758 1228 de
2793 1189 2902 1243 quo
2952 1189 3059 1227 vox
3111 1172 3397 1228 manifeste
3434 1189 3463 1226 a

1883 1269 2038 1323 caelis
2067 1268 2252 1322 audita
2302 1275 2386 1322 est
2421 1267 2609 1340 dicens
2638 1285 2651 1320 :
2683 1284 2702 1317 ι
2739 1265 2837 1320 llic
2872 1275 2957 1320 est
2995 1264 3172 1321 Filius
3197 1281 3354 1336 mens
3387 1264 3463 1320 di-

1883 1362 2081 1430 lectus,
2117 1363 2172 1417 in
2198 1376 2309 1432 quo
2337 1360 2644 1430 complacui
2671 1359 2712 1412 ι.
2751 1378 2769 1410 ι

719 1544 1111 1599 ΚΕΦΑΛΑῙΟΝ
1161 1546 1256 1599 II".

2468 1535 2698 1592 CAPUT
2739 1535 2879 1590 XIII.

262 1652 286 1684 α
326 1633 625 1688 Ἀκούσατε
645 1633 815 1704 λόγων
838 1636 1063 1708 Κυρίου,
1086 1636 1275 1708 ἄνδρες
1297 1637 1662 1710 τεθλιμμένοι,
1690 1638 1782 1692 καὶ

167 1725 458 1797 ἄρχοντες
486 1725 729 1796 τοῦξλαοῦ
756 1726 966 1792 τούτου,
989 1732 1035 1781 οἱ
1062 1731 1118 1782 ὲν
1147 1729 1498 1802 Ἰερουσαλήμ
1517 1748 1528 1760 °
1563 1730 1682 1785 ’Ότι
1715 1732 1785 1784 ετ-

168 1833 357 1870 ττατεο
375 1819 744 1889 Ἐποιήσαμεν
760 1814 1020 1892 διαθήκην
1043 1819 1179 1892 μετὰ
1213 1819 1306 1873 τοῦ
1350 1819 1501 1892 ᾅδου,
1527 1823 1620 1876 καὶ
1641 1824 1776 1894 μετὰ

167 1906 282 1960 τοῦ
309 1906 544 1960 Θανάτου
570 1907 840 1980 συνθήκας
857 1926 870 1939 ’
894 1911 1148 1979 καταιγὶς
1165 1911 1435 1984 φερομένη
1458 1912 1555 1967 ἐὰν
1581 1915 1782 1986 παρέλ-
1813 1895 1853 1950 Β

170 1997 277 2072 On,
307 1999 368 2052 οὒ
392 2001 466 2072 μὴ
493 1999 618 2074 ἔλθῃ
647 2003 730 2070 ἐφ’
758 2004 931 2073 ἡμᾶς’
957 1999 1234 2075 ἐθήκαμεν
1260 2005 1453 2075 ψεῦδος
1472 2007 1570 2076 τὴν
1592 2008 1785 2063 ἐλπίδα

170 2090 370 2160 ἡμῶν,
389 2091 482 2144 καὶ
501 2091 577 2163 τῷ
598 2092 780 2162 ψεύδει
802 2094 1309 2166 σκεπασθησόμεθα·
1333 2096 1419 2149 διὰ
1432 2098 1592 2150 τοῦτο
1614 2098 1785 2164 οὕτως

168 2170 336 2252 λέγει
365 2184 570 2256 Κύριος
602 2185 806 2257 Κύριος
833 2199 850 2218 ί
869 2187 998 2241 Ἰδοὺ
1044 2187 1155 2258 ἐγὼ
1202 2189 1454 2260 έμϐἀλλω
1483 2193 1561 2255 εἰς
1593 2191 1659 2245 τὰ
1695 2193 1783 2246 θε-

176 2275 361 2344 μέλια
394 2275 530 2328 Σιὼν
561 2276 705 2329 λίθον
749 2277 1032 2351 πολυτελῆ,
1065 2279 1339 2342 ἐκλεκτὸν,
1371 2283 1782 2353 ἀκρογωνιαῐον,

173 2366 412 2436 ἔντιμον
460 2368 541 2428 εἰς
589 2366 656 2419 τὰ
699 2366 922 2437 θεμέλια
965 2371 1155 2441 αὐτῆς,
1201 2373 1294 2425 καὶ
1326 2373 1353 2424 ὁ
1384 2374 1652 2428 πιστεύων
1696 2377 1781 2430 ἐπ’

171 2457 338 2528 αὐτῷ
378 2457 440 2510 οὐ
489 2459 562 2529 μὴ
603 2461 996 2532 καταισχυνθῇ·
1033 2464 1128 2516 καὶ
1163 2463 1315 2534 θήσω
1356 2466 1536 2535 κρίσιν
1586 2468 1666 2531 είς
1709 2469 1786 2521 ὲλ-

177 2550 341 2614 πίδα,
373 2553 407 2622 ἡ
437 2551 493 2604 δὲ
521 2551 857 2623 ἐλεημοσύνη
897 2570 999 2623 μου
1031 2556 1110 2618 εἰς
1141 2555 1436 2626 σταθμούς.
1476 2576 1494 2609 ι
1526 2559 1636 2611 Καὶ
1668 2560 1784 2624 πῶς

173 2645 290 2696 οὐκ
325 2643 544 2715 ἀληθῶς
573 2645 778 2716 ἠλίθιος
817 2646 911 2699 καὶ
949 2648 1144 2719 κομιδῆ
1179 2649 1582 2719 καταγέλαστος
1607 2654 1642 2723 ή
1675 2653 1783 2705 τῶν

180 2736 525 2807 σωματικῶς
575 2737 1024 2809 καραδοκούντων
1064 2739 1210 2793 λίθον
1280 2741 1400 2793 τινὰ
1451 2742 1656 2797 τούτων
1717 2746 1780 2816 δὴ

176 2827 300 2880 τῶν
347 2827 653 2880 πολυτελῶν
699 2830 793 2882 καὶ
847 2830 1159 2901 πολυτίμων
1216 2829 1352 2886 εἶναι
1409 2836 1783 2906 νομιζομένων

178 2920 273 2984 είς
305 2919 379 2973 τὰ
416 2919 639 2990 θεμέλια
687 2924 787 2992 τῆς
832 2925 1148 2995 σωματικῆς
1177 2923 1312 2978 Σιὼν
1348 2925 1781 2998 ὲμὸληθήσεσθαι

180 3009 330 3082 πρὸς
361 3009 525 3064 αὐτοῦ
551 3009 646 3065 τοῦ
680 3013 884 3083 Κυρίου
923 3014 1212 3086 ὑπόληψις,
1250 3016 1334 3085 ἐφ’
1362 3016 1422 3070 ὃν
1454 3017 1600 3072 λίθον
1627 3021 1655 3073 ὁ
1688 3038 1778 3072 πι-

185 3099 430 3164 στεύσας
459 3100 709 3171 οὐδαμῶς
747 3105 1310 3176 καταισχυνθήσεσθαι
1349 3109 1776 3178 προφητεύεται;

186 3191 304 3252 Τὰς
337 3193 527 3292 μωρδις
554 3194 841 3292 τοιῖαροῦν
871 3197 962 3249 καὶ
1003 3197 1297 3263 Ἰουδαῖκὰς
1321 3201 1617 3272 διηγήσεις,
1651 3204 1776 3266 τούς
1803 3236 1843 3292 C

181 3301 250 3338 τε
290 3284 577 3354 γραώδεις
625 3284 716 3352 οὓς
771 3287 1053 3359 ὠνόμασεν
1097 3292 1126 3343 ὁ
1179 3291 1496 3358 Ἀπόστολος
1542 3295 1773 3362 μύθους

183 3376 636 3446 ἀποσεισάμενοι,
669 3377 803 3432 Θεοῦ
841 3380 1006 3445 ἀξίως
1039 3381 1138 3445 τὰς
1167 3382 1556 3449 θεοπνεύστους
1604 3404 1781 3457 παρα-

183 3466 481 3539 δεχώμεθα
513 3471 876 3541 προφητείαςο
909 3475 1074 3544 φησὶν
1119 3471 1238 3528 οὖν·
1280 3493 1298 3526 ι
1339 3475 1438 3529 Διὰ
1481 3476 1639 3530 τοῦτο
1668 3477 1777 3529 ἰδοὺ

185 3561 304 3632 ἐγὼ
335 3563 590 3632 έμὸάλλω
618 3566 698 3628 είς
719 3565 787 3619 τὰ
829 3565 1053 3636 θεμέλια
1098 3566 1234 3620 Σιὼν
1255 3567 1422 3621 λίθον.
1461 3589 1479 3621 ι
1508 3569 1605 3623 Διὰ
1629 3573 1778 3623 ποῖον

186 3655 248 3708 δὲ
276 3653 460 3719 τοῦτο,
491 3655 634 3726 ήδιὰ
660 3655 720 3709 τὸ
753 3659 878 3720 τοὺς
912 3655 1178 3727 ἄρχοντας
1205 3657 1300 3711 τοῦ
1343 3660 1609 3732 προτέρου
1647 3661 1776 3714 λαοῦ

187 3744 552 3817 πεποιηκέναι
607 3748 876 3820 συνθήκας
939 3749 1078 3820 μετὰ
1129 3749 1220 3802 τοῦ
1265 3749 1516 3813 θανάτου.
1559 3753 1652 3806 καὶ
1691 3754 1779 3807 διὰ

187 3838 254 3893 τὸ
288 3838 612 3908 καταλεῖψαι
650 3841 748 3911 μὲν
794 3841 989 3904 αὐτοὺς
1033 3839 1132 3911 τὴν
1175 3840 1268 3895 τοῦ
1316 3841 1451 3896 Θεοῦ
1490 3844 1774 3916 διαθήκην,

188 3929 316 3986 ἀντὶ
350 3930 408 3984 δὲ
435 3928 640 4000 ταύτης
690 3931 954 4002 διαθήκην
999 3933 1134 4004 πρὸς
1166 3934 1258 3988 τὸν
1296 3933 1430 4006 ᾅδην
1491 3938 1778 4008 πεποιηκέ-

190 4039 307 4085 ναι,
358 4021 762 4093 ὑπολαμϐάνειν
806 4023 862 4075 δὲ
899 4023 986 4077 διὰ
1021 4023 1194 4076 ταῦτα
1242 4024 1406 4094 μηδὲν
1444 4025 1613 4078 κακὸν
1646 4028 1772 4079 eatu-

188 4115 324 4178 τοὺς
389 4113 709 4169 πείσεσθαισ
761 4115 898 4170 ἀλλὰ
953 4116 1047 4169 καὶ
1107 4116 1197 4170 διὰ
1258 4116 1415 4170 τοῦτο
1475 4118 1777 4172 τεθεικέναι

195 4207 299 4276 μὲν
351 4207 444 4260 ὲπὶ
484 4205 678 4276 ψεῦδος
714 4207 816 4280 τὴν
859 4206 1046 4261 ἐλπίδα
1092 4208 1270 4262 αὐτῶν
1321 4209 1416 4262 καὶ
1447 4209 1654 4264 οἴεσθαι
1700 4211 1778 4282 τῷ

191 4297 382 4367 ψεύδει
413 4299 922 4370 σκεπασθήσεσθαν
957 4299 1047 4354 διὰ
1088 4302 1198 4373 γάρ
1232 4319 1314 4355 τοι
1361 4302 1554 4364 ταῦτα,
1589 4304 1664 4367 ὡς
1711 4305 1777 4358 ἂν

191 4391 680 4445 ἀποπεπωκὸτων
703 4380 928 4445 ἐκείνων
965 4392 1072 4445 ἀπὸ
1103 4394 1200 4463 τῆς
1233 4395 1312 4456 εἰς
1335 4395 1423 4447 τὸν
1460 4394 1591 4448 Θεὸν
1628 4395 1781 4448 ἐλπί-

192 4483 306 4546 δος,
328 4483 422 4536 τὸν
450 4481 814 4554 πολυτίμητον
836 4482 981 4536 λίθον
1006 4486 1118 4548 τοῖς
1143 4485 1490 4539 πιστεύουσιν
1515 4487 1777 4556 ἐπαγγέλ-

1957 1652 1975 1684 ι
2011 1631 2210 1687 Audite
2239 1631 2468 1685 verbum
2507 1629 2746 1692 Do‘tniui,
2781 1629 2881 1683 viri
2925 1629 3207 1692 i-llusores,
3233 1631 3327 1700 qui
3362 1631 3463 1686 do-

1883 1725 2166 1781 minamini
2199 1740 2366 1794 super
2403 1724 2662 1793 pupulum
2703 1737 2882 1776 meum
2917 1720 3009 1790 qui
3051 1729 3135 1775 est
3174 1722 3225 1775 in
3249 1720 3467 1777 Jerusa-

1883 1828 2007 1877 lem.
2041 1819 2264 1876 Dixistis
2294 1818 2439 1873 enim
2475 1815 2892 1871 :Percussimns
2917 1814 3095 1869 foedus
3120 1831 3244 1869 cum
3269 1824 3463 1878 morte,

1885 1921 1938 1968 ct
1968 1928 2091 1967 cum
2128 1910 2344 1964 inferno
2388 1910 2617 1964 fecimus
2664 1917 2907 1978 pactum.
2957 1906 3256 1978 Flagellum
3309 1908 3464 1962 inun-

1887 2006 2023 2059 dans
2061 2019 2184 2057 cum
2225 2002 2522 2064 transierit,
2574 2017 2698 2055 ιιοιι·
2730 2000 2909 2055 veniet
2947 2015 3111 2070 super
3159 2015 3259 2055 nes
3289 2019 3303 2054 :
3337 2003 3463 2070 quia

1889 2098 2171 2169 posuimus
2211 2095 2550 2150 mendacium
2587 2109 2736 2163 spem
2774 2100 3042 2157 nostram,
3077 2100 3130 2147 et
3182 2093 3465 2147 mendacio

1887 2191 2117 2262 protecti
2168 2205 2380 2245 sumus.
2417 2185 2625 2242 Idcirco
2667 2188 2781 2240 ham
2824 2187 2956 2241 dicit
2989 2185 3295 2242 Dominus:
3327 2185 3464 2241 Ecce

1886 2299 1984 2350 ego
2020 2281 2230 2334 tnittam
2270 2281 2323 2334 in
2353 2279 2721 2334 fundamentis
2755 2277 2885 2333 Sion
2938 2279 3172 2350 lapidem
3204 2281 3459 2342 electum,

1887 2376 2223 2444 angularem,
2268 2374 2588 2443 prttiosum,
2646 2373 2960 2442 probatum,
3014 2372 3068 2424 in
3111 2370 3463 2426 fundamento

1889 2467 2194 2530 fundatum,
2228 2478 2280 2521 et
2318 2466 2409 2536 qui
2445 2466 2618 2519 credit
2658 2467 2711 2518 in
2760 2482 2882 2518 cum
2931 2479 3037 2518 non
3072 2465 3457 2519 confundetur.

1886 2561 1952 2614 Et
2004 2576 2201 2632 ponam
2249 2560 2302 2613 in
2348 2559 2587 2629 pondere
2635 2558 2936 2627 judicium,
2995 2564 3050 2610 et
3087 2557 3357 2626 justitiam
3405 2558 3459 2611 in

1887 2669 2144 2708 mensura
2170 2654 2214 2707 '.
2247 2673 2267 2705 ι
2307 2651 2590 2718 Quomodo
2634 2650 2779 2704 enim
2816 2665 2924 2703 non
2967 2665 3095 2704 vere
3132 2648 3359 2722 puerilis
3405 2658 3461 2702 et

1884 2748 2107 2802 omnino
2135 2746 2469 2801 deridendus
2515 2744 2732 2796 illorum
2759 2742 3064 2812 error,.qui
3099 2741 3462 2812 corporaliter

1884 2843 2196 2898 existimant
2229 2840 2458 2911 lapidem
2483 2838 2774 2907 quemdam
2821 2852 2850 2889 e
2895 2834 3152 2905 pretiosis
3188 2834 3462 2904 probatis-

1883 2951 1989 3005 que
2022 2935 2076 2988 in
2103 2929 2798 2999 fundamentiscorporalis
2832 2927 2961 2981 Sion
2990 2926 3316 2980 mittendum
3339 2942 3462 2982 esse

1884 3027 1951 3079 ab
1974 3026 2091 3095 ipso
2124 3025 2374 3086 Domino.
2404 3039 2606 3092 eosque
2637 3025 2726 3091 qui
2758 3023 2811 3074 in
2841 3022 2986 3074 hunc
3018 3019 3250 3090 lapidem
3279 3020 3458 3073 credi-

1883 3117 2061 3171 derint
2106 3133 2216 3170 non
2264 3131 2385 3172 esse
2414 3115 2854 3176 confundendos,
2877 3113 3032 3182 juxta
3065 3113 3407 3182 prephetiam
3435 3111 3458 3163 τί

1885 3207 2093 3264 Stultas
2143 3209 2410 3278 igiturct
2457 3206 2716 3262 Judzticas
2763 3207 3263 3275 interpretationes,
3321 3220 3459 3274 quas

1882 3303 2053 3355 aniles
2103 3301 2315 3369 fabulas
2368 3301 2672 3370 Apostolus
2729 3299 2923 3354 vocat“
2982 3296 3329 3364 alnjicientcs,
3378 3297 3432 3349 di

1879 3410 1983 3465 gna
2039 3393 2149 3447 Deo
2195 3393 2512 3462 acceptione
2575 3390 2844 3445 divinitus
2907 3390 3028 3456 insp
3054 3399 3198 3442 ratas
3257 3387 3459 3442 intelh-

1878 3501 2072 3557 gamus
2099 3484 2433 3554 prophetias.
2464 3481 2606 3535 Dicit
2640 3482 2804 3552 igitur
2832 3500 2844 3534 :
2883 3499 2900 3529 ι
2934 3479 3074 3534 Ecce
3105 3494 3208 3548 ego
3239 3479 3452 3532 mittam

1879 3580 1933 3632 in
1965 3576 2334 3631 fundamentis
2361 3575 2491 3628 Sion
2523 3574 2781 3643 lapidem.
2817 3593 2834 3623 ι
2865 3571 2978 3626 Cur
3003 3572 3160 3632 illud,
3189 3572 3292 3625 nisi
3315 3586 3426 3641 quo

1878 3670 2022 3722 niam
2073 3667 2274 3737 prioris
2322 3666 2504 3736 populi
2549 3665 2825 3736 principes
2871 3680 2995 3718 cum
3051 3673 3226 3719 inorte
3274 3664 3458 3718 foedus

1880 3767 2307 3829 percusserunt,
2377 3760 2461 3813 vel
2507 3759 2767 3828 quoniam
2828 3758 3020 3813 relicto
3067 3755 3160 3812 Dei
3208 3756 3452 3820 findere,

1877 3859 2068 3906 contra
2102 3863 2319 3921 pactum
2356 3867 2488 3905 cum-
2519 3851 2734 3905 inferno
2767 3849 3035 3916 fecerunt,
3073 3849 3456 3904 existimantes

1878 3953 2099 4015 propter
2121 3943 2252 3998 illud
2285 3959 2344 4000 se
2369 3945 2502 3999 nihil
2531 3943 2656 3998 mali
2690 3959 2813 3998 esse
2837 3941 3134 4013 passdras;
3166 3941 3259 3996 sed
3288 3941 3452 3995 ctiam

1877 4038 2135 4107 quoniam
2177 4038 2232 4091 in
2282 4037 2568 4092 mendacio
2627 4051 2777 4106 spem
2827 4043 3130 4105 posuerunt
3177 4050 3355 4096 suam,
3400 4043 3455 4088 et

1877 4130 2164 4185 mendacio
2194 4146 2252 4186 se
2281 4138 2553 4200 protectos
2576 4120 2948 4184 crediderunt.
2975 4127 3320 4198 Quapropter
3345 4128 3460 4182 illis

1881 4235 1908 4272 α
1934 4236 2030 4290 spe
2059 4222 2112 4275 in
2148 4221 2315 4276 Deum
2347 4221 2617 4290 disjectis,
2647 4221 2948 4292 pretiosum
2983 4221 3215 4291 lapidem
3233 4219 3458 4274 creden-

1878 4312 2022 4366 tibus
2054 4312 2267 4366 mittere
2296 4313 2604 4382 pollicetur.
2643 4312 2725 4365 Ad
2767 4312 2902 4366 istos
2947 4321 3128 4366 autem
3158 4312 3402 4365 dicentes
3433 4327 3448 4362 :

1881 4419 1904 4453 ο
1929 4399 2311 4456 Percussimns
2354 4402 2531 4456 fmdus
2561 4417 2684 4455 cum
2722 4411 2917 4467 morte,
2965 4411 3020 4456 et
3059 4417 3184 4456 cum
3236 4402 3455 4455 inferno

1878 4492 2106 4546 fecimus
2139 4500 2392 4562 pactum;
2435 4491 2703 4562 ﬂagellum
2745 4493 3022 4547 inundans
3057 4508 3180 4547 cum
3217 4493 3451 4546 transie-

191 4575 347 4629 λεται
411 4574 618 4647 θήσειν.
675 4576 818 4646 Πρὸς
877 4576 1117 4640 ἐκείνους
1168 4577 1224 4630 δὲ
1281 4579 1406 4641 τοὺς
1461 4581 1766 4650 εἰρηκότας,

1881 4585 1964 4649 rit,
1995 4601 2104 4638 non
2135 4585 2311 4640 veniet
2356 4601 2520 4654 super
2552 4601 2684 4651 nos;
2732 4586 2859 4656 quia
2903 4587 3184 4655 posuimus
3224 4585 3449 4638 menda-

198 4687 220 4719 ο
266 4667 634 4738 Ἑποιήσαμεν
663 4667 925 4740 διαθήκην
971 4667 1107 4738 μετὰ
1137 4667 1231 4721 τοῦ
1278 4669 1425 4739 ᾅδου,
1475 4671 1566 4722 καὶ
1633 4671 1771 4741 μετὰ

191 4760 292 4816 τοῦ
313 4759 546 4814 θανάτου
573 4758 864 4832 συνθήκαςο
891 4759 1146 4828 καταιγὶς
1177 4760 1472 4832 φερομένη,
1510 4762 1606 4814 ἐὰν
1630 4778 1771 4832 παρ.

193 4852 350 4926 ἔλθῃ,
388 4853 450 4907 οὐ
496 4851 573 4924 μὴ
617 4850 748 4925 ἔλθῃ
780 4853 864 4921 ἐφ’
910 4852 1091 4923 ἡμᾶς’
1139 4851 1416 4922 ἐθήκαμεν
1447 4852 1638 4922 ψεῦδος
1671 4855 1770 4926 τὴν

192 4945 389 5004 ἐλπίδα
432 4943 612 5016 ήμῶν,
670 4946 764 4997 καὶ
823 4944 902 5016 τῷ
952 4943 1136 5013 ψεύδει
1185 4944 1696 5016 σκεπασθησὸμεθα,
1747 4965 1764 4998 ι

193 5036 553 5101 ὑποκαταϐὰς
584 5039 616 5091 ὁ
661 5036 818 5105 λόγος
858 5036 1049 5107 φησίνο
1087 5055 1106 5087 ι
1152 5037 1214 5090 Οί
1245 5035 1562 5101 πεποιθότες
1594 5037 1771 5110 μάτην

190 5129 400 5201 ψεύδει,
426 5128 489 5183 οὐ
522 5129 596 5200 μὴ
631 5127 875 5202 παρέλθῃ
899 5130 1041 5200 ὑμᾶς
1067 5129 1340 5197 καταιτὶς,
1365 5129 1440 5200 μή
1473 5130 1566 5183 καὶ
1594 5131 1768 5203 ἀφέλῃ

193 5221 350 5294 ὑμῶν
372 5221 472 5292 τὴν
497 5221 760 5292 διαθήκην
789 5221 883 5273 τοῦ
916 5220 1166 5284 θανάτου,
1183 5220 1275 5273 καὶ
1301 5222 1334 5291 ή
1371 5220 1520 5284 ἐλπὶς
1547 5220 1700 5291 ὑμῶν
1733 5225 1766 5293 ή

194 5314 334 5385 πρὸς
375 5313 469 5367 τὸν
511 5313 643 5385 ᾅδην
671 5313 733 5366 οὐ
769 5313 842 5384 μὴ
884 5313 1147 5384 ὲμμείνῃ·
1181 5312 1434 5379 καταιγὶς
1489 5315 1762 5385 φερομένη

193 5405 292 5459 ἐὰν
315 5405 543 5478 ἐπέλθῃ,
587 5404 774 5458 ἔσεσθε
815 5406 952 5477 αὐτῇ
980 5407 1061 5469 είς
1093 5406 1458 5476 καταπάτημα
1483 5422 1496 5435 ·
1533 5425 1552 5458 ι
1603 5405 1640 5460 θ.
1672 5407 1767 5460 καὶ

193 5496 462 5571 πρόδηλον
489 5498 640 5560 ὅπως
669 5497 762 5550 ἐπὶ
791 5499 855 5568 τῇ
898 5498 1168 5569 παρουσίᾳ
1197 5499 1291 5552 τοῦ
1320 5500 1568 5569 Σωτῆρος
1609 5498 1765 5571 ήμῶν

193 5595 273 5658 είς
324 5594 534 5648 ἐκεῖνον
578 5593 934 5666 πεπλήρωται
972 5595 1063 5647 τὸν
1102 5595 1246 5650 λαόν.
1292 5594 1623 5658 Ἀκολούθως
1658 5595 1766 5669 ἄρα

193 5684 357 5754 ἡμεῖς
397 5684 497 5738 οὐκ
529 5684 686 5739 ἄλλον
725 5683 1005 5756 ήγούμεθα
1037 5681 1173 5739 εἶναι
1201 5688 1290 5740 τὸν
1323 5687 1648 5759 δηλούμενον
1675 5691 1764 5742 ὲν-

1875 4677 2019 4730 cium
2051 4692 2199 4747 spem
2227 4685 2496 4743 nostram,
2517 4686 2570 4733 et
2595 4679 2879 4732 nuendacio
2918 4679 3146 4747 protecti
3183 4691 3396 4734 sumus.
3425 4695 3449 4726 ›

1874 4770 2038 4838 paulo
2068 4778 2190 4839 post
2229 4771 2451 4841 subjicit
2486 4769 2768 4840 Scriptura
2802 4789 2814 4824 :
2852 4790 2870 4822 ο
2903 4769 3012 4826 Vos
3039 4769 3132 4840 qui
3164 4769 3449 4824 mendacio

1875 4860 2080 4917 frustra
2103 4861 2295 4918 confisi
2317 4864 2474 4927 estis,
2519 4878 2629 4918 non
2665 4865 2920 4918 transibit
2944 4863 3231 4917 inundatio
3271 4873 3446 4930 aqua}.

1874 4961 1929 5009 et
1969 4954 2240 5008 delebitur
2273 4953 2452 5011 fmdus
2484 4963 2730 5011 vestrum
2774 4969 2898 5010 cum
2927 4962 3104 5010 morte
3137 4963 3193 5008 et
3228 4959 3449 5022 pactum

1876 5056 2119 5103 vestrum
2161 5062 2284 5102 cum
2319 5047 2533 5104 inferno
2585 5065 2693 5105 non
2743 5050 2908 5105 stabit
2935 5068 2947 5102 :
2973 5047 3241 5117 flagellum
3286 5044 3448 5098 inuu.

1877 5143 2015 5198 dans
2036 5157 2159 5196 cum
2185 5145 2488 5208 transierit,
2523 5146 2679 5200 eritis
2702 5146 2752 5200 ei
2776 5145 2832 5199 in
2861 5137 3388 5199 conculcationem’.
3421 5153 3442 5188 ι

1877 5235 2009 5302 Quae
2053 5234 2332 5291 evidenter
2367 5237 2668 5292 Salvatoris
2714 5236 2889 5292 nostri
2921 5234 3154 5289 adventu
3200 5231 3256 5284 in
3298 5229 3452 5282 hunc

1875 5326 2134 5397 populum
2168 5325 2386 5396 impleta
2409 5333 2559 5382 sunt.
2594 5325 2781 5396 Itaque
2802 5321 2904 5382 ιιοέ
2934 5340 3041 5380 ιιοιι
3066 5324 3234 5377 alium
3254 5320 3444 5376 existi-

1874 5436 2087 5476 mamus
2119 5435 2262 5482 esse,
2299 5421 2392 5490 qui
2427 5420 2517 5474 hic
2554 5421 2882 5485 ostenditur,
2922 5418 3155 5488 lapidem
3185 5415 3440 5476 electum,

1873 5511 2161 5584 probatum
2215 5519 2269 5566 et
2312 5512 2637 5575 mirabilem,
2689 5514 2743 5566 in
2778 5527 2938 5583 quem
2982 5509 3075 5579 qui
3109 5507 3442 5564 crediderint

1871 5616 1982 5657 non
2037 5599 2464 5665 confundentur,
2523 5616 2588 5654 ac
2635 5611 2885 5656 sanctum
2937 5599 3031 5654 Dei
3081 5596 3343 5660 Verbum,
3383 5593 3441 5648 in

1871 5705 2004 5764 quo,
2047 5691 2194 5745 velut
2242 5689 2456 5760 lapideo
2504 5691 2880 5757 fundamento,
2928 5688 3231 5764 spiritualis
3264 5685 3437 5742 coale-

197 5868 216 5897 ⁷
253 5796 277 5918 ἰ
316 5793 598 5916 {Fauna
628 5794 712 5852 16.
747 5794 930 5850 'Psal.
963 5812 1105 5853 κων.
1184 5797 1370 5854 ³Ρειιι.
1394 5817 1563 5869 vau,
1610 5803 1677 5858 12
1754 5802 1988 5860 l’Matth.
2058 5821 2135 5869 Ill,
2195 5805 2278 5858 l7.
2359 5805 2510 5862 515a.
2541 5820 2736 5870 xxvm,
2798 5805 2978 5859 ll-l7.
3055 5807 3074 5836 °
3107 5800 3248 5857 Phil.
3289 5815 3350 5870 ιι,
3376 5801 3436 5854 8.

370 5881 464 5918 ιιιι.
515 5880 588 5918 tv.
620 5865 670 5918 7.
746 5867 766 5899 ⁸
793 5866 892 5918 lsa.
929 5883 1120 5918 xxvm.
1153 5868 1353 5918 17.18-

370 5865 464 5920 im.
515 5880 588 5930 tv,
620 5865 670 5920 7.
746 5867 766 5899 ⁸
793 5866 892 5921 lsa.
929 5883 1120 5935 xxvm,
1153 5868 1239 5935 Π,
1268 5869 1353 5923 l8.
