3974 6478
569 361 706 416 1219

1212 357 1482 415 EUSEBII
1521 355 1996 414 CESARIENSIS
2027 353 2178 410 OPP.
2219 351 2400 407 PARS
2432 351 2517 405 111.
2557 381 2628 392 —-
2667 349 3076 407 EXEGETICA.

3664 355 3791 410 1220

565 477 778 544 stisque
829 470 960 526 Sion
1012 469 1391 534 ardiﬁcabitur,
1451 469 1546 524 Dei
1604 468 1815 524 scilicet
1861 466 2122 522 Ecclesia.

2238 466 2398 519 ταῦθα
2441 465 2585 518 λίθον
2618 463 2873 518 ἐκλεκτὸν
2932 463 3239 535 θαυμαστόν
3267 483 3390 519 τινα
3422 465 3552 519 ὄντα
3580 469 3671 521 καὶ
3700 488 3792 524 πα-

566 581 586 614 ι
619 561 1051 616 Fundamentum
1090 558 1234 611 enim
1278 557 1426 612 aliud
1478 572 1640 612 nemo
1685 558 1864 628 potest
1905 570 2127 626 ponere,

563 660 763 724 praeter
795 650 847 704 id
885 649 1028 720 quod
1054 649 1288 719 positum
1319 658 1426 714 est,
1456 649 1600 719 quod
1634 657 1717 704 est
1747 648 2004 704 Christus
2036 646 2128 702 Je-

564 762 662 802 sus
685 755 723 799 1.
758 763 776 795 ι
813 743 888 797 De
919 757 1028 812 quo
1064 754 1119 796 et
1152 742 1207 795 in
1253 741 1488 796 Psalmis
1520 740 1726 795 dictum
1763 750 1846 796 est
1876 759 1888 794 :
1920 759 1938 790 ‹
1970 738 2131 809 Lapi-

563 837 686 892 dem
717 850 876 905 quem
909 833 1341 903 reprobaverunt
1363 831 1713 894 aedificantes,
1739 831 1828 886 hic
1851 830 2026 884 laetus
2045 827 2131 886 est

563 930 619 982 in
657 935 819 998 caput
849 927 1092 987 anguli’.
1128 939 1147 978 ι
1191 933 1245 999 et
1274 943 1292 975 ι
1323 925 1601 994 angnlaris
1634 943 1652 974 ι
1682 931 1929 1001 vocatur.
1957 923 2126 988 Quem

559 1033 691 1071 vero
721 1017 911 1071 Daniel
945 1032 1159 1085 quoque
1197 1014 1431 1089 lapidem
1464 1015 1852 1084 interpretatur
1871 1014 1938 1069 de
1969 1014 2131 1068 Chria

2234 556 2472 629 ράδοξον,
2499 557 2575 620 ὡς
2607 556 2732 619 τοὺς
2771 555 3165 620 πιστεύσαντας
3202 559 3282 620 εἰς
3307 558 3470 610 αὐτὸν
3508 556 3587 629 μὴ
3622 577 3794 615 καται-

2233 648 2624 721 σχυνθήσεσθαι
2653 647 2747 701 τοῦ
2783 647 2930 719 ἱεροῦ
2973 647 3067 701 τοῦ
3102 647 3238 701 Θεοῦ
3283 649 3480 717 Λόγου,
3511 650 3599 717 ἐφ’
3634 649 3690 702 ὃν
3727 653 3794 716 ἀς

2230 742 2323 795 ἐπὶ
2364 741 2608 812 θεμέλιον
2643 740 2855 812 ἑδραῖον
2897 741 2930 810 ἡ
2981 739 3323 810 πνευματικὴ
3354 741 3449 792 καὶ
3491 741 3795 810 ἐπουράνιος

2228 831 2364 884 Σιὼν
2395 831 2756 904 ᾠκοδόμηται,
2800 832 2903 886 ούκ
2943 833 3076 903 ἄλλη
3115 851 3198 896 τις
3230 829 3361 886 οῦσα
3390 834 3492 903 τῆς
3538 834 3636 886 τοῦ
3673 835 3793 890 Θεοῦ

2243 924 2599 994 Ἑκκλησίαςο
2653 944 2672 977 ι
2716 925 2976 997 Θεμέλιον
3016 925 3126 997 γὰρ
3168 925 3325 980 ἄλλον
3372 926 3548 989 οὐδεὶς
3591 926 3793 980 δύνατα;

2233 1013 2296 1083 (ί.
2322 1015 2390 1070 50
2417 1017 2490 1086 v°)
2527 1015 2696 1068 θεῖναι
2730 1016 2880 1087 παρὰ
2900 1017 2990 1070 τὸν
3023 1016 3292 1088 κείμενον,
3327 1018 3385 1080 ὃς
3415 1019 3568 1069 ἐστιν
3607 1019 3796 1088 Ἰησοῦς

562 1111 632 1165 sti
663 1124 854 1179 regno,
880 1125 1003 1162 cum
1053 1098 1187 1162 dicit
1212 1126 1224 1160 :
1254 1126 1270 1156 ι
1303 1105 1466 1176 Lapis
1492 1116 1692 1169 autem,
1721 1107 1812 1176 qui
1839 1107 2126 1175 percusse-

2238 1104 2494 1177 Χριστὸςο
2532 1125 2552 1158 ι
2590 1108 2716 1178 περὶ
2752 1107 2940 1161 τούτου
2979 1108 3036 1160 δὲ
3081 1109 3175 1162 καὶ
3199 1110 3257 1162 ἐν
3283 1109 3530 1178 Ψαλμοῖς
3563 1109 3811 1180 είρεηταιοι

560 1212 646 1256 rat
682 1210 940 1266 statuam,
980 1199 1154 1254 factus
1201 1207 1285 1253 est
1325 1213 1482 1252 mons
1509 1213 1759 1268 magnus,
1805 1186 1859 1252 et
1887 1186 2128 1268 implevit

2238 1167 2473 1263 t-Aieov,
2521 1197 2580 1251 ὃν
2625 1167 3038 1270 ἀπεδοκίμασαν
3084 1201 3133 1252 οἱ
3180 1167 3811 1270 οἰκοδομοῦντεςίόῦτος.

567 1295 876 1348 universam
915 1292 1172 1347 terram'.
1205 1309 1222 1341 ι
1258 1291 1616 1345 ᾹΞᾱίῐίροηιοε
1649 1291 1816 1360 igitur
1851 1290 2008 1359 juxta
2051 1291 2127 1344 le-

2238 1276 2459 1362 ὲγενήθη
2491 1290 2568 1352 είς
2613 1289 2851 1362 κεφαλὴν
2891 1291 3110 1360 γωνίας,
3138 1310 3156 1342 ι
3191 1293 3284 1345 καὶ
3313 1311 3332 1342 ι
3357 1295 3746 1361 ἀκρογωνιαίος
3774 1313 3790 1344 ι

559 1385 644 1455 gis
691 1385 928 1438 litteram
979 1382 1292 1448 aedilicium,
1329 1382 1477 1435 hunc
1526 1359 1958 1448 reprobaverunt
1991 1363 2128 1448 lapi-

2238 1359 2538 1450 ὠνόμασται
2560 1397 2573 1410 ·
2621 1359 2818 1435 τοῦτον*
2847 1382 2902 1441 δὲ
2947 1385 3040 1436 καὶ
3078 1384 3273 1454 Δανιὴλ
3313 1383 3404 1436 τὸν
3437 1359 3599 1435 λίθον
3639 1386 3797 1454 ἑρμη-

557 1476 722 1529 dem:
755 1474 848 1544 qui
907 1472 1296 1535 nihilominus,
1338 1474 1407 1527 ab
1465 1472 1532 1526 iis
1575 1472 1919 1541 reprobatus,
1963 1477 2128 1539 caput

2238 1469 2368 1524 νεύει
2413 1472 2506 1524 ἐπὶ
2546 1473 2645 1543 τὴν
2692 1472 2788 1526 τοῦ
2832 1475 3066 1546 Χριστοῦ
3110 1475 3404 1545 βασιλείαν,
3450 1476 3582 1529 ἔνθα
3624 1476 3795 1544 λέγει·

553 1566 765 1638 anguli,
788 1564 1029 1635 gentium
1057 1561 1314 1619 videlicet
1343 1563 1597 1618 Ecclesia:
1624 1561 1953 1626 ostenditur,
1971 1561 2125 1638 juxta

2238 1580 2250 1614 ι
2285 1564 2400 1638 ’Καὶ
2442 1566 2470 1616 6
2501 1563 2646 1644 λίθος
2685 1568 2714 1619 6
2757 1566 3002 1630 πατάξας
3043 1567 3140 1638 τὴν
3189 1567 3395 1632 εἰκόνα,
3422 1567 3644 1634 ἐγένετο
3683 1567 3797 1639 ὅρος

559 1656 692 1710 illud
728 1673 744 1711 :
789 1676 807 1707 ι
837 1653 1155 1710 Constitues
1210 1671 1296 1710 me
1340 1654 1396 1708 in
1447 1661 1610 1723 caput
1649 1655 1893 1724 gentium
1919 1653 1957 1708 ⁸.
1995 1674 2012 1706 ι
2065 1651 2124 1707 1η

2238 1643 2388 1736 μέγα,
2415 1655 2508 1708 καί
2525 1643 2817 1722 ἐπάταξεν,
2851 1657 2884 1728 ἢ
2907 1659 3000 1711 καὶ
3019 1658 3300 1730 ἐπλήρωσε
3328 1661 3509 1712 πᾶσαν
3522 1659 3625 1728 τὴν
3645 1659 3792 1729 γῆν.)

561 1751 706 1803 hunc
742 1748 910 1818 igitur
935 1748 1168 1819 lapidem
1202 1749 1296 1817 qui
1337 1747 1655 1811 crediderit,
1720 1746 1829 1801 non
1899 1747 2126 1802 confun-

2238 1747 2290 1798 υἰ
2335 1747 2433 1818 μὲν
2479 1744 2572 1800 οὖν
2612 1749 3016 1818 οἰκοδομοῦντες
3041 1749 3138 1820 τὴν
3183 1750 3326 1804 κατὰ
3353 1750 3411 1803 τὸ
3448 1751 3684 1821 γράμμα
3711 1744 3796 1801 τοῦ

552 1842 738 1905 detur,
793 1849 853 1896 ut
885 1856 1011 1896 vere
1041 1840 1369 1911 praanuntiat
1425 1839 1666 1909 prmsens
1714 1837 1782 1892 de
1831 1838 1950 1907 ipso
2001 1854 2126 1908 pro-

2238 1837 2390 1907 νόμου
2420 1827 2727 1912 οἰκοδομὴν,
2752 1834 2938 1894 τοῦτον
2959 1839 3366 1908 ἀπεδοκίμασαν
3395 1840 3486 1892 τδν
3508 1840 3657 1892 λίθον
3675 1857 3687 1869 ·
3711 1841 3798 1893 αὑ·-

558 1933 758 2002 pltetia.
1378 2008 1381 2010 γ
1672 2002 1675 2004 _
1762 2003 1766 2007 .
1872 2004 1874 2006 ν
2140 2004 2145 2008 _
2229 1931 2322 1994 τὸς
2347 1932 2404 1985 δὲ
2432 1917 2582 1986 οὐδὲν
2618 1929 2780 2006 ἦττον
2814 1935 2904 1988 ὑπ’
2940 1934 3161 1987 ἐκείνων
3203 1923 3682 2002 ἆποδοκιμασθεὶς,
3711 1950 3796 1986 κε-

560 2024 701 2098 φαλὴ
739 2025 937 2094 γωνίας
975 2025 1070 2096 τῆς
1111 2024 1243 2110 τῶν,
1269 2023 1327 2090 ἐξ
1373 2023 1540 2076 ἐθνῶν
1625 2021 1946 2092 Ἐκκλησίας
2027 2025 2391 2080 ἀναδέδεικται
2434 2029 2574 2083 κατὰ
2619 2010 2680 2083 τὸ
2731 2031 3018 2101 εἰρημένον
3055 2047 3178 2095 που,
3229 2045 3247 2080 ι
3310 2030 3696 2106 καταστήσεις¹
3737 2045 3797 2098 με

559 2120 638 2182 εἰς
670 2117 907 2188 κεφαλὴν
942 2117 1129 2172 ἐθνῶν.
1169 2137 1187 2168 ι
1232 2103 1354 2170 Ἔπὶ
1389 2115 1575 2169 τοῦτον
1614 2113 1901 2186 τοιγαροῦν
1928 2115 2019 2170 τὸν
2068 2115 2212 2171 λίθον
2275 2122 2302 2176 6
2330 2122 2595 2175 πιστεύων
2643 2123 2706 2176 οὐ
2759 2121 3312 2194 καταισχυνθήσεται,
3367 2102 3797 2191 ἐπαληθιυούσης

560 2214 652 2266 καὶ
689 2212 890 2285 ταύτης
920 2216 1018 2284 τῆς
1044 2213 1169 2283 περὶ
1197 2211 1360 2266 αὐτοῦ
1385 2211 1737 2283 προφητείας.

1199 2323 1428 2380 CAPUT
1460 2322 1603 2380 XIV.

640 2436 658 2469 ι
700 2417 838 2472 Ecce
859 2432 1059 2472 nomen
1087 2414 1300 2470 Domini
1330 2418 1478 2472 venit
1501 2414 1567 2469 de
1590 2415 1904 2485 longinquo,
1931 2416 2128 2473 ardens

561 2510 715 2567 [uror
751 2509 871 2578 ejus
895 2517 949 2563 et
978 2509 1160 2580 gravis
1201 2509 1266 2562 ad
1310 2507 1640 2578 portandum
1681 2507 1862 2561 :labia
1895 2507 2015 2576 ejus
2041 2516 2128 2560 re—

562 2605 706 2672 pleta
749 2611 877 2655 sunt
908 2599 1302 2670 indignatione,
1335 2607 1388 2654 et
1422 2599 1608 2670 lingua
1653 2599 1772 2668 ejus
1802 2600 1959 2668 quasi
1989 2597 2128 2669 ignis

561 2694 832 2749 devorans
860 2695 901 2748 ⁸.
926 2711 945 2744 ι
977 2692 1117 2757 Quid
1143 2699 1288 2747 esset
1316 2692 1521 2747 dictum
1554 2691 1642 2744 hic
1665 2705 1861 2745 nomen
1892 2689 2126 2754 Domini,

563 2784 669 2839 nisi
718 2782 863 2838 Deus
892 2781 1155 2845 Verbum,
1199 2797 1230 2836 a
1269 2797 1378 2852 quo
1411 2781 1597 2836 omnia
1642 2787 1824 2835 creata
1860 2781 2028 2834 sunt?
2054 2777 2130 2834 De

563 2875 802 2931 secunda
832 2875 997 2946 igitur
1028 2883 1082 2929 et
1103 2873 1364 2944 praeclara
1414 2872 1536 2942 ejus
1570 2870 2016 2926 manifestatione
2039 2885 2130 2925 ac-

563 2967 813 3037 cipienda
847 2974 952 3030 est,
986 2973 1045 3020 ut
1073 2965 1290 3036 opinor,
1321 2965 1437 3019 haec
1467 2963 1778 3035 prophetia.

1153 3166 1380 3223 CAPUT
1409 3165 1528 3222 XV.

645 3279 664 3312 ι
696 3259 820 3316 Haec
841 3259 975 3315 dicit
1008 3259 1268 3315 Dominus
1300 3279 1314 3317 :
1349 3259 1546 3315 Beatus
1573 3258 1667 3330 qui
1707 3257 1870 3313 habet
1899 3258 1956 3312 in
1995 3253 2130 3311 Sion

563 3367 772 3416 semen,
802 3359 858 3408 et
909 3351 1121 3407 incolas
1177 3351 1230 3406 in
1285 3350 1609 3407 Jerusalem.
1644 3349 1787 3405 Ecce
1835 3349 1983 3404 enim
2034 3363 2130 3403 rex

559 3444 742 3514 justus
758 3443 1026 3514 regnabit,
1049 3454 1102 3497 et
1125 3443 1401 3513 principes
1428 3443 1481 3496 in
1511 3441 1721 3512 judicio
1745 3450 2021 3512 pmerunt
2047 3440 2124 3493 “.n

561 3535 815 3590 Christus
844 3534 939 3589 Dei
975 3533 1200 3590 dicens:
1238 3554 1257 3587 ι
1291 3534 1403 3606 Ego
1461 3534 1800 3590 constitutus
1853 3547 1974 3588 sum
2032 3548 2133 3588 rex

563 3642 727 3696 super
745 3643 841 3682 eos
877 3645 896 3678 ι
920 3627 974 3679 in
1007 3627 1110 3680 hac
1132 3626 1417 3696 prophetia
1444 3625 1783 3695 designatur.
1808 3623 1915 3690 Qui
1946 3629 2127 3678 autem

563 3719 666 3775 sub
693 3733 758 3774 eo
780 3725 908 3774 sunt
935 3718 1230 3788 principes,
1256 3717 1489 3787 apostoli
1523 3717 1755 3779 scilicet,
1774 3723 1828 3770 et
1856 3715 2128 3770 Ecclesias

563 3811 619 3864 in
638 3808 848 3878 judicio
874 3807 970 3862 Dei
1004 3809 1324 3878 dirigentes,
1358 3808 1472 3862 sive
1505 3806 1674 3860 divini
1719 3805 1918 3876 angeli,
1950 3805 2129 3860 homi-

562 3918 695 3957 num
742 3901 933 3956 salutis
986 3896 1322 3956 defensores.
1350 3897 1581 3967 Propter
1623 3897 1776 3951 illum
1812 3897 1998 3966 igitur,
2034 3897 2126 3966 qui

565 3994 704 4064 regit.
736 3991 865 4046 Sion
890 3998 945 4046 et
979 3989 1302 4052 Ierusalem,
1321 4007 1340 4039 ι
1369 3987 1569 4043 Beatus
1598 3988 1692 4058 qui
1721 3987 1881 4042 habet
1909 3987 1963 4041 in
1999 3987 2128 4042 Sion

567 4099 751 4141 semen
767 4093 821 4139 et
841 4082 1049 4137 incolas
1073 4082 1127 4135 in
1146 4079 1452 4135 Jerusalem
1473 4097 1488 4146 ;
1516 4098 1534 4131 ι
1557 4094 1678 4150 quae
1695 4086 1748 4133 et
1764 4087 2127 4149 congruenter

566 4175 634 4230 de
661 4173 960 4245 apostolico
987 4171 1183 4242 spiritu
1227 4170 1401 4240 accipi
1448 4178 1701 4239 possunt,
1736 4169 1998 4224 edocente
2028 4183 2130 4224 nos

567 4267 634 4320 de
660 4279 892 4336 superna
913 4263 1215 4318 Jerusalem
1247 4272 1302 4317 et
1331 4261 1397 4316 de
1423 4261 1632 4316 caelesti
1663 4266 1847 4315 monte
1878 4258 2029 4314 Sion.

2157 3143 2205 3206 ϐ

2755 2319 3150 2379 ΚΕΦΑΛΑΙΟΝ
3178 2326 3275 2378 1Δ¹ι

2306 2433 2324 2466 ι
2382 2417 2511 2470 Ἰδοὺ
2538 2417 2598 2469 τὸ
2629 2415 2799 2486 ὄνομα
2831 2416 3034 2488 Κυρίου
3074 2416 3290 2488 ἔρχεται
3325 2414 3414 2468 διὰ
3449 2416 3647 2469 πολλοῦ
3682 2417 3796 2488 196‘-

2229 2524 2343 2569 vou,
2372 2507 2658 2578 καιόμενος
2691 2508 2885 2578 θυμὸς,
2917 2506 3057 2578 μετὰ
3077 2507 3231 2578 δόξης
3261 2507 3322 2559 τὸ
3351 2507 3532 2576 λόγιον
3555 2510 3665 2562 τῶν
3690 2528 3794 2580 χει-

2231 2597 2367 2652 λέων
2397 2599 2582 2664 αὑτοῦ,
2612 2599 2674 2653 τὸ
2712 2600 2892 2669 λόγιον
2928 2600 3101 2672 ὀργῆς
3135 2601 3359 2673 πλῆρες,
3402 2602 3497 2654 καί
3532 2603 3670 2672 ὀργὴ
3708 2602 3793 2655 τοῦ

2231 2689 2404 2761 θυμοῦ
2443 2691 2519 2751 ὡς
2563 2691 2673 2764 πῦρ
2701 2692 2894 2746 ἔδεται.
2935 2711 2953 2744 ι
2989 2693 3098 2746 Καὶ
3125 2692 3177 2745 τί
3207 2691 3270 2745 ἂν
3294 2691 3378 2762 sit}
3422 2693 3484 2746 τὸ
3513 2691 3794 2764 λεγόμενον

2229 2781 2400 2854 ὖνομα
2429 2783 2633 2854 Κυρίου
2668 2785 2700 2854 ἢ
2734 2785 2763 2837 6
2789 2784 2922 2848 Θεὸς
2972 2784 3162 2852 Λόγος,
3208 2783 3276 2836 δι’
3304 2781 3365 2838 οὗ
3399 2785 3468 2838 τὰ
3515 2786 3792 2856 σύμπαντα

2229 2875 2558 2946 γεγένηται;
2589 2873 2672 2928 Τὰ
2704 2876 2955 2948 περὶτῆς
2981 2875 3236 2947 δευτέρας
3265 2876 3442 2929 τοίνυν
3473 2877 3568 2929 καὶ
3593 2875 3791 2940 ἐνδόξου

2233 2967 2398 3020 αὑτοῦ
2438 2968 2738 3040 παρουσίας
2771 2968 2977 3040 νομίζω
3003 2968 3096 3021 καὶ
3117 2967 3322 3039 ταύτην
3355 2969 3680 3022 αἰνίττεσθαι
3701 2969 3793 3038 τὴν

2231 3057 2585 3128 προφητείαν.

2751 3173 3144 3228 ΚΕΦΑΛΔΙΟΝ
3183 3163 3283 3226 IE'.

2307 3261 2445 3316 Τάδε
2471 3261 2621 3332 λέγει
2662 3263 2862 3336 Κύριος
2881 3282 2895 3295 ·
2937 3284 2956 3316 ι
2987 3265 3292 3335 Μακάριος,
3316 3263 3376 3327 ὃς
3417 3263 3530 3334 ἔχει
3577 3261 3635 3316 ἐν
3665 3263 3794 3316 Σιὼν

2237 3354 2478 3426 σπέρμα,
2514 3355 2610 3408 καὶ
2651 3357 2881 3420 οἰκείους
2911 3357 2968 3409 ἐν
3009 3356 3314 3428 Ἱερουσαλή
3325 3374 3364 3427 μ
3383 3375 3397 3388 θ
3431 3356 3539 3409 ἰδοὺ
3568 3356 3678 3428 γὰρ
3708 3355 3791 3424 βα-

2237 3445 2417 3510 σιλεὺς
2458 3445 2666 3510 δίκαιος
2710 3447 3037 3517 βασιλεύσει,
3079 3450 3174 3502 καὶ
3217 3447 3475 3519 ἄρχοντες
3517 3449 3655 3518 μετὰ
3679 3446 3792 3516 κρί-

2237 3554 2373 3601 σεως
2423 3538 2698 3609 ἄρξουσιν.
2736 3558 2755 3591 ι
2817 3539 2876 3592 ὐ
2900 3554 2907 3562 ·
2931 3540 3162 3612 Χριστὸς
3205 3540 3298 3592 τοῦ
3349 3537 3485 3591 Θεοῦ
3533 3539 3563 3591 ὁ
3615 3536 3791 3600 εἰπὼν,

2240 3645 2260 3677 σ
2305 3627 2445 3696 Ἐγὼ
2475 3629 2533 3682 δὲ
2569 3631 2909 3703 κατεστάθην
2947 3630 3198 3702 βασιλεὺς
3223 3632 3312 3684 ὑπ’
3332 3631 3522 3695 αὐτοῦ,
3547 3649 3566 3683 ι
3599 3631 3693 3684 καὶ
3714 3629 3795 3683 διὰ

2232 3718 2436 3771 τούτων
2462 3719 2747 3790 δηλοῦται·
2781 3720 2891 3776 εἷεν
2919 3723 2962 3776 δ’
3007 3722 3073 3776 ἂν
3101 3725 3149 3776 οἰ
3182 3723 3274 3776 ὑπ’
3318 3723 3480 3776 αὐτὸν
3525 3722 3792 3793 ἄρχοντες.

2229 3809 2349 3879 ἦτοι
2380 3810 2685 3878 ἀπόστολοι,
2718 3814 2811 3867 καὶ
2853 3815 2902 3867 οἰ
2935 3815 3071 3886 μετὰ
3110 3814 3243 3868 Θεοῦ
3279 3816 3512 3885 κρίσεως
3546 3815 3654 3867 τῶν
3692 3815 3796 3870 Ἐκ-

2231 3900 2468 3973 κλησιῶν
2492 3904 2747 3974 ἄρχοντες
2767 3906 2800 3976 ἢ
2831 3906 3049 3976 ἄγγελοι
3075 3907 3228 3970 θεῖοι,
3259 3906 3356 3976 τῆς
3376 3905 3484 3959 τῶν
3505 3904 3794 3975 ἀνθρώπων

2232 3989 2416 4062 ἔφοροι
2449 3995 2751 4066 σωτηρίας’
2786 3995 2873 4050 διὰ
2903 3997 3094 4051 τοῦτον
3123 3997 3182 4051 δὲ
3209 3997 3299 4050 τὸν
3331 3997 3686 4068 βασιλεύοντα
3709 3995 3795 4063 τῆς

2234 4081 2372 4136 Σιὼν
2404 4086 2499 4138 καὶ
2529 4086 2631 4156 τῆς
2681 4088 3054 4161 Ἰερουσαλὴμ,
3077 4109 3095 4140 ι
3133 4089 3451 4156 Μακάριος,
3486 4087 3548 4151 ὃς
3593 4087 3704 4157 ἔχει
3746 4087 3796 4137 ἐν

2234 4173 2373 4228 Σιὼν
2403 4177 2645 4248 σπέρμα,
2683 4180 2778 4232 καὶ
2801 4181 3035 4244 οἰκείους
3064 4182 3122 4234 ἐν
3158 4179 3536 4252 Ἱερουσαλήμ’
3582 4198 3601 4230 ι
3640 4177 3680 4233 ἃ
3714 4175 3797 4240 ἰαὶ

2233 4264 2399 4331 ἀξίως
2425 4268 2518 4322 τοῦ
2552 4271 2912 4326 ἀποστολικοῦ
2944 4273 3252 4344 πνεύματος
3283 4271 3698 4343 ἐκλη[μ]πτέον,
3722 4267 3795 4321 δι·

563 4361 849 4422 δάσκοντος
886 4360 1033 4430 ἡμᾶς
1061 4357 1132 4413 τὰ
1170 4358 1296 4429 περὶ
1340 4357 1438 4428 τῆς
1467 4356 1578 4410 ἄνω
1612 4354 1986 4426 Ἰερουσαλὴμ,
2033 4356 2127 4409 καὶ
2153 4359 2245 4411 τοῦ
2274 4361 2413 4416 Σιὼν
2445 4365 2771 4437 ἐπουρανίου
2811 4369 2992 4440 δρσυςέ

1146 4559 1377 4616 CAPUT
1407 4558 1550 4613 XVI.

644 4675 662 4706 ι
703 4654 930 4716 Letare,
980 4652 1220 4709 solitudo
1268 4653 1483 4715 sitiens,
1517 4649 1758 4714 usu‘lta,
1785 4649 2046 4712 solitudo,
2079 4656 2133 4702 et

570 4745 795 4801 ﬂoribus
816 4761 1069 4817 spargere
1101 4754 1159 4800 ut
1191 4745 1383 4799 lilium.
1414 4742 1743 4798 Germinans
1781 4739 2131 4811 germina‘bit,

569 4846 624 4892 et
648 4837 944 4892 exsultabit
981 4835 1289 4890 laetabunda
1336 4842 1392 4888 et
1440 4833 1669 4887 laudans
1698 4851 1713 4887 :
1742 4832 1911 4901 gloria
1939 4830 2132 4885 Libani

569 4928 698 4983 data
717 4936 802 4984 est
829 4927 941 4982 eict
961 4927 1124 4983 decor
1137 4926 1376 4981 Carmeli
1398 4943 1410 4989 ;
1429 4932 1482 4980 et
1496 4924 1732 4995 populus
1759 4938 1912 4978 meus
1932 4920 2135 4977 videbit

570 5021 798 5094 gloriam
825 5019 1039 5074 Domini
1075 5026 1128 5075 et
1152 5017 1496 5072 altitudinem
1522 5015 1634 5071 Dei.
1661 5013 1982 5070 Confortate
2010 5027 2128 5068 ma-

571 5128 676 5168 nus
721 5111 1040 5173 dissolutas,
1075 5117 1128 5166 et
1177 5125 1356 5181 genua
1403 5108 1600 5162 debilia
1631 5107 1908 5162 roborate.
1960 5104 2133 5160 Dicite

570 5201 933 5272 pusillanimis
970 5221 982 5255 :
1015 5199 1410 5257 Conlortamini
1451 5208 1504 5253 et
1547 5199 1716 5253 nolite
1744 5199 1971 5253 timere:
2008 5213 2134 5253 ecce

570 5290 716 5346 Deus
740 5299 920 5345 vester
945 5281 1207 5344 ultionem
1251 5290 1486 5343 adducet
1535 5289 1910 5344 retributionis
1940 5306 1958 5342 :
1989 5286 2132 5343 Deus

571 5382 686 5453 ipse
711 5382 890 5436 veniet
911 5389 966 5436 et
991 5381 1220 5436 salvabit
1257 5396 1378 5434 nos.
1424 5379 1582 5435 Tunc
1626 5382 1941 5452 aperientur
1987 5381 2131 5435 oculi

570 5487 865 5537 caecorum,
895 5481 948 5527 et
979 5487 1139 5527 aures
1167 5471 1458 5527 surdornm
1486 5473 1767 5541 patebunt.
1800 5470 1956 5526 Tunc
1977 5471 2132 5526 saliet

573 5563 714 5617 sicut
747 5579 943 5620 cervus
977 5563 1225 5628 claudus,
1257 5575 1309 5619 et
1340 5573 1526 5634 aperta
1569 5565 1672 5618 erit
1715 5564 1898 5634 lingua
1950 5572 2130 5618 muto-

649 5720 666 5750 '
697 5721 716 5773 Ι
743 5683 882 5775 Cor:
909 5737 990 5789 ιιι,
1025 5721 1108 5776 Η.
1187 5725 1206 5754 ²
1237 5721 1379 5776 Psal.
1401 5736 1566 5787 cxvii,
1595 5719 1683 5772 22.
1782 5719 1800 5750 ³
1840 5717 1971 5774 Dan.
1999 5734 2057 5784 ll,
2083 5720 2171 5774 5‘3.

574 5804 747 5855 nam,
773 5792 822 5846 l.

2759 4562 3147 4618 KEtbAAAlON
3179 4563 3293 4631 ις’.

2289 4667 2307 4700 t
2333 4646 2695 4721 Εὐφράνθητι,
2722 4651 2925 4724 ἔρημος
2951 4652 3179 4722 διψῶσα.
3197 4652 3563 4722 ἀγαλλιάσθω,
3584 4644 3801 4725 ἐρημόςέ

2234 4741 2329 4794 καὶ
2356 4742 2585 4795 ὰνθείτω
2633 4743 2710 4807 ὡς
2756 4745 2939 4816 κρίνον
2958 4762 2972 4776 ·
3005 4746 3096 4798 καὶ
3122 4744 3403 4815 ἐξανθήσει
3431 4746 3526 4797 καὶ⁹
3551 4744 3795 4813 ἀγαλλιᾶ-

2236 4851 2387 4888 σεται
2428 4835 2607 4906 ἔρημα
2648 4835 2744 4890 τοῦ
2787 4837 3046 4907 Ἰορδάνου
3066 4854 3080 4866 ·
3113 4837 3207 4889 καὶ
3234 4839 3267 4906 ἡ
3301 4837 3428 4901 δόξα
3457 4835 3550 4888 τοῦ
3577 4835 3796 4889 Λιϐάνου

2233 4925 2387 4996 ἐδόθη
2397 4927 2575 4998 ,αύτῂ
2595 4928 2687 4980 καὶ
2709 4930 2743 4999 ἠ
2767 4928 2901 4999 τιμὴ
2920 4927 3012 4981 τοῦ
3039 4928 3335 5000 Καρμήλου
3353 4945 3367 4958 ·
3395 4927 3489 4979 καὶ
3507 4928 3537 4978 6
3555 4927 3682 4988 λαός
3706 4943 3795 4996 μου

2233 5016 2420 5086 ὄψεται
2441 5018 2538 5089 τὴν
2559 5017 2716 5084 δόξαν
2735 5019 2940 5091 Κυρίου
2974 5019 3067 5071 καὶ
3110 5020 3171 5072 τὸ
3193 5019 3323 5088 ὕψος
3341 5018 3435 5071 τοῦ
3461 5017 3616 5071 Θεοῦ.
3635 5016 3796 5086 ’ἰσχύν

2238 5129 2386 5178 σατε,
2420 5114 2601 5184 χεῖρες
2641 5112 2942 5183 ἀνειμέναι,
2975 5116 3070 5166 καί⁵
3113 5113 3312 5180 γόνατα
3354 5109 3793 5178 παραλελυμένο·

2238 5202 2677 5273 παρακαλέσατε,
2703 5203 3010 5272 ὀλιγόψυχοι
3052 5205 3117 5273 τῇ
3144 5200 3382 5271 διανοίᾳ·
3419 5200 3694 5268 ἰσχύσατε,
3732 5197 3796 5264 μὴ

2239 5293 2518 5363 φοϐεῖσθεο
2557 5293 2664 5346 ἰδοὺ
2697 5294 2726 5345 6
2758 5293 2889 5356 Θεὸς
2911 5295 2944 5363 ἡ
2954 5292 3070 5363 μῶν
3093 5291 3272 5363 κρίσιν
3301 5289 3689 5344 ἀνταποδίδωσι
3715 5287 3796 5338 καὶ

2237 5380 2604 5436 ἀνταποδώσει
2628 5400 2642 5413 ο
2673 5382 2832 5446 αὐτὸς
2848 5383 2987 5454 ἥξει,
3009 5383 3102 5436 καὶ
3131 5382 3292 5434 σώσει
3317 5382 3491 5452 ἡμᾶς’
3521 5379 3644 5432 τότε
3673 5378 3796 5430 ἀνοιο

2237 5474 2524 5546 χθήσονται
2554 5473 2820 5545 ὀφθαλμοὶ
2861 5473 3101 5544 τυφλῶν,
3131 5476 3224 5527 καὶ
3262 5467 3376 5527 ὦτα
3417 5472 3617 5541 κακρῶν
3645 5467 3795 5523 ἁκουο

2240 5579 2422 5618 σονται
2436 5581 2448 5594 ·
2474 5563 2593 5616 τότε
2613 5566 2821 5618 ἁλείται
2845 5566 2920 5629 ὡς
2934 5564 3130 5634 ἔλαφος
3151 5564 3338 5634 χωλὸς,
3355 5565 3446 5616 καὶ
3465 5561 3634 5634 τρανῆ
3657 5561 3792 5612 ἐσται

2281 5717 2467 5797 ‘Psal.
2499 5736 2628 5785 xvu,
2668 5720 2751 5774 43.
2854 5722 2874 5753 ⁸
2901 5721 3003 5776 lsa.
3039 5737 3165 5774 xxx.
3196 5720 3263 5773 27
3347 5720 3366 5751 ‘
3399 5717 3505 5771 lsa.
3543 5731 3693 5782 xm,
3727 5713 3785 5778 9;
