3974 6514
190 393 327 451 1221

1219 392 1515 450 ECLOGA?
1555 392 2035 451 PROPHETICE.
2076 424 2144 434 -—
2180 394 2306 451 LIB.
2337 396 2428 456 IV.

3316 408 3453 463 12ἓὲ

188 509 417 579 γλῶσσα
461 513 784 583 μογιλάλων,
818 513 899 566 ὅτι
941 512 1151 583 ἐρράγη
1190 513 1248 565 ἐν
1288 515 1351 583 τῇ
1395 513 1586 584 ἐρήμῳ
1615 513 1769 584 ὕδωρ,

1884 530 2003 568 rum
2036 534 2049 570 :
2083 517 2208 586 quia
2240 518 2427 573 scissa:
2455 526 2583 574 sunt
2616 520 2671 575 in
2696 520 2914 578 deserto
2944 538 3121 595 aquae,
3154 532 3210 581 et
3241 534 3454 583 torren-

189 604 291 655 καὶ
323 604 540 674 φάραγξ
590 608 648 658 ὲν
693 607 762 675 γῇ
802 602 1009 675 διψώσῃ
1030 620 1043 633 ι
1075 605 1224 675 καὶή
1260 604 1482 675 ἄνυδρος
1517 604 1666 658 ἐσται
1697 608 1776 671 εἰς

187 694 314 766 ἕλη,
344 697 439 749 καὶ
476 699 555 760 είς
577 696 675 769 τήν
701 695 939 766 διψῶσαν
964 694 1069 766 γῆν
1102 696 1249 765 πηγὴ
1296 695 1500 749 ὑδάτων
1545 696 1714 753 ἔσται.
1751 717 1770 750 ι

200 786 333 841 Ἐπὶ
375 792 443 860 τῇ
486 789 579 843 τοῦ
632 788 766 843 Θεοῦ
810 789 1081 861 παρουσίᾳ
1110 787 1208 852 τὰς
1240 789 1575 861 παραδόξους
1606 791 1775 854 ἰάσεις

188 876 415 932 ἔσεσθαι
463 878 837 951 προαγορεύει.
865 877 1058 946 Σαφῶς
1103 873 1194 930 οὖν
1235 877 1328 930 καὶ
1372 877 1555 930 ἐνθάδε
1585 881 1648 949 τῇ
1680 877 1774 930 τοῦ

187 970 332 1025 Θεοῦ
370 971 711 1043 προσηγορίᾳ
752 971 780 1023 6
812 970 1045 1041 Χριστὸς
1079 968 1171 1022 τοῦ
1207 969 1341 1023 Θεοῦ
1368 972 1680 1042 τετίμηται·
1714 966 1774 1026 οῦ

187 1063 289 1117 ἐπὶ
311 1065 380 1133 τῇ
414 1063 684 1134 παρουσίᾳ
710 1061 804 1115 καὶ
830 1060 1156 1132 σωματικῶς
1180 1061 1279 1131 μὲν
1307 1062 1362 1114 αί
1387 1065 1773 1135 προειρημέναι

188 1155 486 1229 θεραπεῖαι
516 1153 608 1208 ἐπὶ
630 1153 739 1207 τῶν
771 1153 1086 1224 πασχόντων
1114 1151 1577 1222 ἀπετελέσθησαν,
1600 1154 1659 1222 (Γ.
1684 1155 1774 1225 51)

186 1246 643 1320 θαυμασιώτερον
672 1248 715 1300 δ’
737 1246 816 1300 ἔτι
848 1246 942 1299 καὶ
974 1244 1071 1299 νῦν
1100 1234 1447 1316 ἐνεργοῦνται
1468 1246 1553 1299 διὰ
1574 1247 1674 1317 τῆς
1696 1249 1777 1311 είς

186 1340 361 1393 αὑτὸν
411 1338 665 1401 πίστεως,
696 1337 897 1400 παντὸς
950 1335 1282 1401 ἁπαξαπλῶς
1308 1336 1402 1389 τοῦ
1433 1336 1538 1389 τῶν
1569 1337 1776 1409 ἀνθρώ-

186 1448 312 1484 πων
333 1430 524 1499 γένους
552 1429 657 1484 τῶν
686 1430 825 1483 κατὰ
852 1428 1028 1500 ψυχὴν
1058 1428 1249 1482 παθῶν
1282 1429 1771 1499 ἁπαλλαττομένου.

199 1523 448 1595 Ἐρῤάγη
475 1523 532 1575 δὲ
559 1524 616 1575 ἐν
631 1525 696 1592 τῇ
732 1522 921 1592 ἐρήμῳ
939 1520 1083 1592 ὓδωρ
1118 1520 1284 1591 ἐπἰξτῇ
1315 1520 1548 1592 Χριστοῦ
1572 1538 1777 1591 παρου-

189 1615 286 1685 σίᾳ
312 1614 411 1667 καὶ
452 1612 669 1684 φάραγξ
700 1615 756 1665 ἐν
805 1614 873 1683 γῇ
916 1610 1146 1683 διψώσῃ,
1177 1612 1270 1665 τοῦ
1298 1612 1526 1683 ποτίμου
1553 1613 1645 1666 καὶ
1670 1612 1775 1678 ζω-

185 1704 346 1759 τικοῦ
396 1706 556 1772 λόγου
602 1701 1003 1773 ἀναϐλύσαντος
1053 1704 1111 1756 ἐν
1158 1707 1222 1775 τῇ
1255 1704 1422 1757 πάλαι
1454 1705 1645 1777 ἐρήμῳ
1678 1706 1773 1759 καὶ

183 1795 401 1867 διψώσῃ
453 1799 545 1867 γῇ,
579 1798 644 1865 τῇ
678 1794 735 1860 ἐξ
761 1793 928 1846 ἐθνῶν
975 1794 1287 1866 Ἐκκλησία,
1326 1795 1383 1846 ἐν
1512 1796 1775 1867 πρότερον

182 1861 330 1958 οὔσῃ
362 1861 575 1958 άνύδρῳ
609 1861 701 1940 καὶ
729 1886 956 1958 διψαλέα
987 1861 1197 1957 ἀθρόως
1405 1861 1499 1939 τοῦ
1528 1861 1636 1940 τῶν
1671 1861 1776 1959 ’ίη-
1807 1861 1851 1920 Β

186 1979 287 2032 σοῦ
316 1979 492 2047 λόγων
522 1998 537 2027 ι
569 1978 758 2041 ὓδατος
792 1978 993 2043 ζῶντος
1031 1977 1325 2050 ἁλλομένου
1367 1980 1446 2043 εἰς
1476 1980 1617 2052 ζωὴν
1646 1979 1773 2034 αἰώ-

185 2087 306 2125 νιον
338 2090 357 2123 ι
390 2070 750 2142 ἀνώμϐρησεν
772 2087 785 2100 ’
815 2072 903 2140 ὑφ’
934 2068 1001 2143 ἦς
1033 2071 1213 2141 πηγῆς
1244 2070 1570 2142 ποτιζομένη
1609 2073 1775 2145 ἀνθή-

187 2175 307 2213 σειν
334 2159 410 2223 ῶς
445 2158 627 2231 κρίνον
662 2159 878 2227 λέγεται
908 2161 940 2231 ή
969 2160 1100 2213 ποτὲ
1142 2160 1365 2231 ἔρημος,
1393 2162 1774 2233 εὐφραίνεσθαί

184 2268 251 2304 τε
283 2250 381 2304 καὶ
408 2250 672 2322 άγαλλιᾷν
722 2252 1146 2322 προστάττεται·
1183 2252 1276 2304 καὶ
1327 2255 1359 2324 ή
1405 2253 1552 2307 αίτία
1585 2254 1641 2307 δέ
1674 2255 1773 2325 τῆς

185 2341 531 2413 εὐφροσύνης
554 2342 647 2395 καὶ
674 2342 773 2412 τῆς
796 2342 1163 2411 ἀγαλλιάσεως
1185 2343 1769 2418 ἐπιλέγεται,ἐπείπερ,

187 2436 358 2506 φησὶν
395 2454 414 2485 ι
444 2434 598 2505 ἐδόθη
641 2434 778 2505 αὐτῇ
808 2436 840 2505 ή
876 2434 1001 2501 δόξα
1044 2433 1137 2488 τοῦ
1198 2434 1452 2500 Λιϐάνου,
1479 2456 1496 2486 ι
1527 2439 1771 2493 τουτέστι

185 2526 289 2597 τῆς
326 2525 705 2596 Ἰερουσαλήμο
736 2526 865 2595 περὶ
894 2522 960 2597 ἦς
994 2527 1051 2579 ἐν
1082 2528 1201 2589 ταῖς
1229 2526 1529 2599 άνωτέραις
1555 2546 1770 2601 προφη-

186 2620 365 2683 τείαις
397 2618 631 2687 ἐλέγετο,
653 2617 728 2680 ὡς
753 2618 885 2682 ὄτι,ι
910 2618 1019 2670 Καὶ
1048 2619 1076 2671 6
1107 2619 1337 2682 Λίϐανος
1366 2620 1462 2673 σὺν
1486 2622 1599 2682 τοῖς
1630 2620 1769 2691 ὑψη-

185 2711 302 2774 λοῖς
338 2713 600 2764 πεσεῖται.
629 2727 647 2761 i
701 2702 775 2764 Οὖ
808 2710 1120 2781 πεσόντοςή
1156 2710 1417 2782 πρότερον
1450 2711 1769 2783 ὑπάρχουσα

188 2805 247 2855 ἐν
279 2802 432 2872 αὐτῷ
461 2801 587 2867 δόξα
630 2804 697 2873 τῇ
747 2799 842 2854 νῦν
888 2802 1347 2873 εὐαγγελιζομένῃ
1376 2802 1589 2873 ἐρήμῳ,
1617 2821 1766 2857 τουτ-

189 2896 308 2948 έστι
356 2897 422 2965 τῇ
472 2893 532 2957 ἐξ
567 2893 736 2947 ἐθνῶν
771 2892 1083 2964 Ἐκκλησίᾳ,
1125 2892 1278 2964 ἐδόθη
1314 2895 1411 2947 σὺν
1440 2897 1507 2964 τῇ
1537 2899 1667 2967 τιμῇ
1701 2900 1766 2969 τῇ

190 2981 435 3057 προτέρᾳ
468 2984 561 3037 τοῦ
600 2984 891 3056 λεγομένου
926 2984 1243 3055 Καρμήλου,
1273 2984 1431 3056 δῆλον
1471 2988 1516 3040 δ’
1550 2989 1631 3041 ὃτι
1672 2989 1766 3043 τοῦ

188 3075 458 3147 προτέρου
489 3074 637 3128 λαοῦ.
671 3074 856 3127 Ταῦτα
898 3074 953 3127 δέ
989 3076 1175 3144 σαφῶς
1213 3076 1351 3146 μετὰ
1380 3076 1479 3149 τὴν
1506 3078 1601 3130 τοῦ
1630 3081 1765 3152 Χρι-

1877 612 1960 658 tes
1989 604 2044 657 in
2076 605 2389 661 solitudine.
2434 606 2501 660 Et
2547 625 2669 679 quae
2716 618 2833 666 erat
2877 612 3030 666 arida
3081 615 3187 667 erit
3229 616 3285 669 in
3341 623 3454 671 sta-

1876 709 2064 764 gnum,
2100 703 2154 749 et
2185 697 2379 752 sitiens
2426 698 2481 752 in
2534 699 2713 757 fontes
2741 716 3006 771 aquarum
3034 704 3072 758 ¹.
3115 723 3134 755 ι
3174 704 3267 760 Dei
3316 710 3459 776 prae?

1877 787 2053 841 sentia
2109 788 2464 847 admirabiles
2536 791 2652 849 fore
2705 796 3017 852 sanationes
3092 799 3473 909 prmuuntia‘L;

1883 872 2076 909 Δηιπ-ιιι
2110 877 2278 909 ξηειιηι
2305 880 2391 909 ιιει.
2430 897 2644 909 num"...
2689 882 2780 909 nx:
2816 886 3165 909 ..-κλμ-ελ..-
3198 888 3449 909 ,ηιμ-μμ--

1875 872 2076 946 Aperte
2110 877 2278 949 igitur
2303 880 2392 935 hic
2428 897 2646 952 quoque
2689 882 2783 939 Dei
2816 886 3168 954 praedictione
3196 872 3467 956 Christus!

1881 966 1975 1023 Dei
2005 970 2350 1040 gloriﬁcatus
2379 983 2484 1030 est.
2507 976 2678 1045 Cujus
2704 980 2991 1047 prmsentia
3019 989 3071 1034 et
3096 983 3455 1052 corporaliter

1878 1062 2093 1131 quidem
2121 1064 2389 1134 praedicta:
2411 1069 2724 1125 sanationes
2754 1071 2810 1124 in
2837 1071 3213 1130 laborantibus
3262 1077 3454 1146 imple-

1877 1162 1944 1208 ta:
1966 1163 2117 1220 sunt,
2152 1159 2463 1215 mirabilius
2499 1177 2628 1215 vero
2658 1180 2802 1217 nunc
2833 1164 3017 1219 adhuc
3040 1178 3366 1224 exercentur
3396 1169 3450 1223 in

1877 1261 1999 1301 eum
2032 1248 2156 1314 (ide,
2184 1252 2331 1305 omni
2362 1252 2642 1308 hominum
2670 1272 2867 1327 genere
2887 1260 3101 1315 cunctis
3126 1262 3320 1317 animae
3344 1278 3454 1318 ma-

1879 1339 1948 1393 lis
1978 1341 2204 1408 penitus
2232 1343 2504 1396 exsoluto.
2543 1342 2745 1401 Scissa:
2786 1356 2913 1403 sunt
2946 1348 3000 1402 in
3041 1350 3260 1406 deserto
3298 1368 3454 1423 aquae

1877 1427 2084 1482 Christi
2120 1433 2431 1499 praesentia,
2475 1440 2531 1488 et
2583 1442 2855 1493 torrentes
2906 1440 2962 1493 in
3019 1448 3164 1496 terra
3209 1444 3452 1509 sitiente,

1878 1521 2111 1576 salutari
2166 1532 2220 1577 et
2273 1524 2586 1583 vivificante
2618 1530 2785 1585 verbo
2814 1547 3129 1605 emergente
3174 1535 3229 1589 in
3270 1552 3452 1615 quon-

1877 1614 2002 1668 dam
2044 1615 2262 1671 deserta
2298 1625 2352 1673 et
2383 1619 2604 1676 sitiente
2634 1630 2802 1689 terra,
2823 1629 3071 1698 gentium
3113 1631 3318 1684 scilicet
3349 1614 3453 1683 Ec—

1878 1705 2067 1769 cle'sia,
2094 1706 2150 1760 in
2204 1724 2335 1778 qua,
2363 1726 2486 1765 cum
2524 1714 2657 1767 olim
2689 1715 2836 1771 sicca
2878 1725 2932 1773 et
2975 1720 3251 1774 sitibunda
3280 1729 3449 1784 esset,

1880 1795 2168 1853 aﬂuenter
2192 1798 2321 1856 Jesu
2353 1803 2640 1859 verborum
2674 1806 2794 1863 fons
2834 1827 2852 1860 ι
2894 1825 3051 1880 aqua:
3096 1813 3343 1868 salientis
3395 1814 3453 1869 in

1880 1888 2047 1944 vitam
2071 1898 2328 1947 aeternam
2355 1898 2375 1926 ²
2414 1915 2432 1947 ι
2461 1897 2709 1967 proﬂuet.
2742 1900 2863 1967 Quo
2898 1903 3045 1960 fonte
3090 1906 3332 1977 irrigata,
3357 1907 3454 1962 llo-

1880 1990 2062 2037 rescet
2084 1991 2144 2037 ut
2168 1984 2365 2051 lilium,
2402 1990 2556 2060 prius
2585 1992 2798 2049 deserta
2820 2003 2987 2060 terra,
3022 1998 3251 2069 ideoque
3281 2001 3450 2057 laetari

1879 2079 1934 2126 et
1951 2074 2229 2130 exsultare
2252 2076 2496 2146 jubetur.
2525 2080 2703 2140 Causa
2737 2102 2866 2141 vero
2897 2089 3098 2145 latitia:
3122 2099 3177 2145 et
3202 2094 3451 2148 exsulta~

1878 2162 2045 2217 tionis
2077 2165 2390 2235 subjicitur,
2426 2174 2707 2241 quoniam,
2744 2177 2840 2242 ait,
2867 2196 2884 2228 ‹
2913 2179 3040 2235 data
3079 2189 3162 2237 est
3200 2183 3250 2238 ei
3280 2185 3452 2254 gloria

1879 2251 2094 2320 Libani,
2132 2274 2150 2307 ι
2186 2257 2238 2313 id
2271 2268 2356 2315 est
2383 2261 2723 2335 Jerusalem;
2757 2268 2823 2323 de.
2854 2287 2959 2340 qua
2991 2271 3044 2325 in
3075 2251 3452 2343 superioribus

1878 2348 2181 2417 prophetiis
2211 2350 2419 2408 dictum
2475 2364 2580 2420 est,
2625 2378 2643 2409 ι
2680 2361 2745 2415 Et
2783 2360 3023 2419 Libanus
3053 2379 3176 2418 cum
3219 2369 3451 2424 excelsis

1880 2438 2057 2493 cadet.
2101 2460 2119 2492 ι
2158 2441 2279 2508 Quo
2310 2444 2595 2503 decidente
2644 2467 2765 2529 quae
2815 2455 2967 2523 prius
3016 2456 3065 2509 ei
3117 2466 3234 2511 erat
3276 2460 3450 2529 gloria

1877 2541 2024 2583 nunc
2057 2534 2443 2603 evangelizatae
2482 2526 2787 2601 solitudini.
2822 2546 3061 2615 gentium
3109 2526 3319 2604 scilicet
3350 2549 3451 2605 Ec-

1876 2622 2092 2690 clesiae,
2140 2627 2267 2683 data
2322 2640 2407 2687 est
2462 2649 2584 2688 cum
2637 2638 2872 2706 pristino
2936 2644 3167 2698 Carmeli
3227 2646 3446 2713 decore,

1876 2716 2095 2785 prioris,
2130 2727 2189 2773 ut
2222 2722 2409 2793 liquet,
2444 2728 2651 2797 populi.
2683 2729 2809 2786 Haec
2861 2741 3041 2789 autem
3092 2746 3277 2806 aperte
3325 2748 3451 2808 post

1877 2809 2083 2869 Christi
2110 2815 2402 2873 adventum
2436 2822 2613 2893 reipsa
2638 2827 2844 2881 exitum
2875 2827 3115 2885 habuere
3142 2846 3449 2903 congruen-

1876 2911 1982 2957 tem
2018 2919 2142 2960 cum
2179 2918 2446 2977 praesente
2476 2916 2782 2984 prophetia,
2825 2935 2947 2988 quae
2987 2920 3163 2991 ipsius
3198 2921 3449 2977 Salvato-

1875 2994 1950 3049 lis
1984 3011 2117 3052 voce
2146 2999 2279 3054 dicit
2314 3021 2326 3056 :
2367 3021 2384 3053 ι
2426 3003 2745 3061 Elevabitur
2777 3025 3003 3081 regnum
3041 3011 3159 3080 Dei,
3192 3024 3246 3068 et
3293 3014 3449 3069 dabi-

1874 3092 1964 3140 tur
1990 3091 2137 3159 genti
2170 3091 2392 3148 facienti
2424 3095 2637 3153 fructus
2661 3099 2783 3169 ejus
2812 3102 2854 3157 ³.
2895 3122 2915 3154 ι

192 3171 319 3226 οτοῦ
365 3170 666 3244 παρουσίαν
712 3169 891 3242 ἔργοις
918 3170 1069 3235 τέλος
1104 3169 1325 3242 εἴληφεν
1354 3172 1659 3238 ἀκολούθως
1690 3179 1756 3247 τῇ
1796 3195 1856 3231 τε
1902 3182 2043 3251 μετὰ
2082 3189 2269 3260 χεῖρας
2316 3192 2650 3265 προφητείᾳ,
2700 3195 2795 3250 καὶ
2837 3199 2904 3267 τῇ
2965 3198 3246 3272 φασκούσῃ
3285 3200 3449 3254 αὑτοῦ

187 3264 283 3318 τοῦ
311 3266 563 3336 Σωτῆρος
590 3262 745 3335 ἡμῶν
774 3267 947 3337 φωνῇ,
973 3263 1048 3327 ὡς
1105 3266 1211 3336 ἄρα
1244 3284 1262 3317 ι
1307 3266 1627 3338 ’Δρθήσεται
1658 3271 1691 3342 ή
1722 3271 1968 3342 βασιλεία
2000 3279 2093 3332 τοῦ
2138 3281 2294 3349 Θεοῦ,
2355 3287 2448 3338 καὶ
2494 3262 2781 3359 δοθήσεται
2823 3262 2987 3345 ἔθνει-
3029 3262 3269 3347 ποιοῦντι
3323 3297 3450 3359 τοὺς

185 3360 436 3431 καρποὺς
469 3358 655 3429 αὐτῆς.
693 3378 712 3411 ι

711 3476 1103 3529 ΚΕΦΑΛΑΙΟΝ
1136 3479 1233 3532 IZ'.

267 3588 287 3619 ι
305 3570 459 3641 Φωνὴ
485 3570 713 3640 βοῶντος
734 3574 791 3624 ἐν
810 3575 876 3643 τῇ
901 3574 1091 3644 ἐρήμῳ
1106 3588 1119 3602 ·
1155 3573 1507 3644 Ἑτοιμάσατε
1529 3574 1628 3645 τήν
1648 3576 1766 3630 ὁδὸν

189 3662 432 3734 Κυρίουο
470 3662 686 3728 εὐθείας
731 3667 934 3717 ποιεῖτε
967 3663 1066 3727 τὰς
1108 3665 1324 3736 τρίϐους
1370 3666 1571 3720 αὐτοῦ’
1618 3669 1768 3722 πᾶσα

190 3758 410 3830 φάραγξ
441 3759 879 3832 πληρωθήσεται,
908 3762 1001 3814 καὶ
1037 3762 1143 3815 πᾶν
1169 3761 1295 3833 ὅρος
1330 3763 1423 3815 καὶ
1457 3762 1642 3832 βουνὸς
1673 3780 1770 3817 τα-

189 3849 588 3920 πεινωθήσεται
608 3868 621 3880 ⁸
640 3852 733 3904 καὶ
756 3851 908 3905 ἔσται
939 3851 1115 3905 πάντα
1135 3851 1204 3905 τὰ
1235 3852 1420 3906 σκολιὰ
1448 3855 1528 3917 είς
1556 3853 1770 3908 εὐθεῖαν

188 3939 285 3993 καὶ
314 3941 347 4009 ή
380 3945 605 4011 τραχεῖα
639 3945 718 4006 είς
744 3943 927 3996 πεδία·
965 3944 1058 3996 καὶ
1089 3944 1383 4015 ὀφθήσεται
1433 3947 1466 4016 ή
1510 3946 1636 4013 δόξα
1660 3948 1770 3999 Κυ-

190 4030 328 4099 ρίου,
359 4030 453 4084 καὶ
495 4031 684 4101 ὄψεται
731 4035 881 4087 πᾶσα
914 4035 1048 4107 σὰρξ
1077 4036 1135 4089 τὸ
1170 4036 1453 4108 Σωτήριον
1481 4037 1575 4091 τοῦ
1608 4037 1767 4102 Θεοῦ,

187 4120 273 4171 ὅτι
307 4119 510 4189 Κύριος
552 4120 829 4192 ἐλάλησεν.
859 4124 955 4177 r'O
1003 4123 1096 4177 τοῦ
1140 4125 1391 4195 Σωτῆρος
1442 4124 1599 4196 ήμῶν
1632 4128 1767 4199 πρό-

187 4208 388 4281 δρομος
427 4210 673 4281 Ἰωάννης
712 4213 826 4276 τοῖς
868 4212 1221 4285 ἐπερωτῶσιν
1269 4212 1431 4267 αὑτὸν
1464 4215 1614 4279 ὅστις
1654 4216 1763 4288 εἴη,

191 4299 386 4369 φησίν·
426 4319 446 4350 ι
470 4300 610 4375 Ἐγὼ
634 4302 784 4374 φωνὴ
812 4302 1042 4373 βοῶντος
1068 4307 1126 4357 ἐν
1151 4308 1216 4377 τῇ
1251 4306 1463 4378 ἐρήμῳ,
1495 4325 1515 4358 ι
1558 4307 1651 4362 καὶ
1700 4307 1771 4362 τά

189 4390 337 4462 ἑξῆς.
374 4391 575 4445 Τούτου
620 4392 684 4464 δή
730 4389 825 4447 οὖν
865 4394 1022 4467 χάριν
1058 4394 1354 4466 ἐξεθέμεθα
1382 4396 1442 4449 τὸ
1474 4396 1769 4467 κεφάλαιον

189 4486 247 4535 ἐν
276 4485 391 4547 τοῖς
414 4482 542 4555 περὶ
569 4483 805 4555 Χριστοῦ
840 4486 1182 4557 μαρτυρίοις,
1211 4485 1477 4556 σύμϐολον
1508 4483 1647 4541 εἶναι
1677 4506 1767 4541 νο-

192 4572 443 4645 μίζοντες
494 4576 744 4647 Ἰωάννην
810 4575 901 4629 τοῦ
954 4576 1309 4631 ἀποστολικοῦ
1372 4577 1726 4649 κηρύγματος
1750 4598 1764 4612 ο

106 4693 113 4701 ·
188 4666 409 4736 τοιαύτη
438 4669 545 4740 γάρ
584 4668 667 4722 τοί
705 4670 853 4724 ἐστιν
882 4672 916 4741 ή
952 4672 1009 4723 ἐν
1032 4672 1097 4741 τῇ
1143 4671 1337 4741 ἐρήμῳ
1372 4670 1551 4741 βοῶσα
1593 4672 1765 4743 φωνὴ.

187 4760 401 4830 ἄσημός
435 4775 519 4823 τις
544 4756 699 4826 οὖσα,
721 4762 814 4815 καὶ
841 4761 1209 4833 άδιάρθρωτος
1238 4764 1351 4826 τοῖς
1375 4764 1500 4835 ἄρτι
1535 4779 1766 4836 στοιχει-

2430 3495 2662 3551 CAPUT
2703 3498 2867 3554 XVII.

1943 3601 1961 3633 c
2000 3581 2115 3637 Vox
2148 3584 2435 3643 clamantis
2474 3589 2528 3642 in
2564 3589 2785 3645 deserto
2820 3611 2831 3646 :
2865 3591 3064 3649 Parate
3092 3596 3235 3651 viam
3263 3597 3448 3655 Domi-

1869 3672 2000 3727 mini
2026 3691 2041 3740 ;
2071 3682 2249 3731 rectas
2292 3677 2457 3733 facile
2485 3681 2712 3737 semitas
2740 3681 2881 3752 ejus.
2928 3683 3120 3742 Omnis
3159 3690 3318 3747 vallis
3343 3692 3445 3747 im-

1868 3764 2127 3834 plebitur,
2152 3777 2206 3823 et
2238 3771 2417 3827 omnis
2447 3787 2607 3828 mons
2638 3783 2693 3828 et
2735 3777 2893 3833 collis
2926 3777 3309 3837 humiliabitur
3346 3805 3361 3840 :
3391 3794 3446 3841 et

1869 3864 2029 3911 erunt
2060 3875 2226 3929 prava
2257 3858 2313 3916 in
2346 3872 2549 3919 rectam
2574 3877 2627 3923 et
2654 3884 2849 3940 aspera
2875 3870 2929 3924 in
2974 3873 3090 3928 vias
3120 3875 3312 3944 planas
3345 3896 3357 3931 :
3389 3887 3444 3933 et

1867 3949 2141 4006 videbitur
2178 3953 2349 4025 gloria
2380 3956 2612 4014 Domini.
2655 3961 2718 4015 Et
2744 3963 2947 4018 videbit
2981 3968 3160 4022 omnis
3190 3984 3319 4023 caro
3344 3969 3445 4024 Sa-

1870 4040 2043 4097 lutare
2074 4042 2187 4109 Dei,
2227 4048 2484 4115 quoniam
2533 4049 2798 4109 Dominus
2839 4055 3057 4112 locutus
3086 4059 3230 4113 est?
3273 4081 3291 4112 ι
3330 4060 3444 4115 Sal-

1869 4137 2074 4192 vatoris
2115 4141 2289 4194 nostri
2338 4156 2645 4211 praecursor
2699 4145 2938 4205 Joannes
2978 4150 3442 4223 interrogantibus

1869 4238 1992 4279 eum
2015 4228 2138 4298 quis
2173 4238 2338 4297 esset,
2369 4234 2443 4286 ait
2470 4253 2483 4287 :
2521 4253 2539 4285 ι
2569 4234 2676 4305 Ego
2710 4252 2812 4291 vox
2845 4240 3137 4297 clamantis
3166 4244 3219 4296 iu
3249 4244 3441 4299 deser-

1868 4326 1946 4378 to,
1980 4335 1999 4369 )
2039 4327 2091 4373 et
2133 4335 2255 4390 qua:
2298 4333 2624 4391 sequuntur.
2658 4323 2834 4395 Hujus
2861 4344 2991 4384 vero
3025 4332 3198 4401 gratia
3243 4337 3441 4403 praeci-

1868 4424 2033 4478 puum
2066 4411 2352 4467 retulimus
2386 4413 2440 4466 in
2470 4416 2799 4470 testimoniis
2825 4417 2893 4473 de
2934 4418 3178 4485 Christo,
3218 4426 3441 4495 symbo-

1871 4499 1979 4553 lum
2016 4516 2141 4556 esse
2170 4512 2483 4573 reputantes
2502 4505 2766 4562 Joannem
2811 4514 3124 4581 apostolica.-
3176 4518 3433 4587 praedica-

1868 4592 2054 4647 tionis.
2089 4594 2236 4649 Talis
2260 4596 2406 4650 enim
2431 4604 2516 4652 est
2544 4598 2600 4651 in
2631 4599 2851 4654 deserto
2878 4602 3124 4659 clamans
3146 4622 3270 4672 vox,
3288 4589 3438 4680 igno-

1869 4688 1994 4743 bilis
2036 4688 2255 4758 quidem
2288 4696 2343 4743 et
2388 4690 2737 4747 inarticulata
2781 4694 2889 4751 illis
2928 4697 3021 4767 qui
3064 4699 3243 4755 adhuc
3273 4704 3438 4761 rudes

1867 4791 2042 4839 erant.
2076 4781 2133 4835 In
2165 4789 2312 4837 terra
2360 4783 2489 4837 olim
2537 4785 2774 4851 deserta,
2811 4792 3050 4859 gentium
3082 4795 3333 4851 videlicet
3380 4800 3437 4855 in

186 4851 469 4923 ουμένοιςο
507 4854 564 4906 ἐν
608 4856 674 4925 τῇ
724 4853 890 4908 πάλαι
921 4854 979 4908 δὲ
1010 4855 1225 4925 ἐρήμῳ,
1254 4857 1321 4925 τῇ
1351 4854 1411 4919 ἐξ
1437 4853 1605 4910 ἐθνῶν
1643 4855 1766 4909 Ἐκ-

1875 4874 2135 4940 Ecclesia,
2160 4876 2285 4931 talis
2314 4892 2418 4931 vox
2446 4876 2587 4931 edita
2614 4851 3057 4951 pararevjubebat
3086 4887 3227 4940 viam
3258 4851 3434 4942 Domi:

190 4944 408 5015 κλησίᾳ,
444 4945 477 5015 ή
507 4946 725 5017 τοιαύτη
754 4946 1019 5018 γενομένη
1060 4948 1209 5018 φωνὴ
1252 4948 1560 5018 ἑτοιμάζειν
1582 4966 1762 5023 παρα-

188 5034 470 5089 κελεύεται
513 5036 610 5108 τήν
653 5036 769 5091 ὁδὸν
816 5037 1044 5109 Κυρίου,
1079 5039 1173 5091 καὶ
1214 5039 1282 5093 τά
1302 5038 1462 5110 ἐξῆς’
1492 5042 1637 5115 άπερ
1670 5043 1762 5097 ἐπὶ

191 5126 385 5200 σχολῆς
418 5121 462 5197 ᾧ
493 5129 642 5200 μέλει
676 5130 775 5202 τῆς
836 5131 1039 5186 τούτων
1067 5131 1319 5202 γνώσεως
1349 5133 1647 5206 ἐρευνήσας
1676 5136 1755 5189 εῐ-

191 5237 364 5277 σεται.

710 5340 1103 5395 ΚΕΦᾹᾹᾹΙΟΝ
1139 5341 1242 5396 ΙΗ’.

270 5429 425 5482 ιἘπ’
459 5430 582 5500 ϐρος
645 5430 844 5502 ὑψηλὸν
905 5433 1155 5503 ἀνάϐηθι,
1205 5434 1234 5487 6
1283 5432 1763 5504 εὐαγγελιζόμενος

191 5521 349 5586 Σιὼν,
369 5522 582 5593 ὖψωσον
612 5526 677 5595 τῇ
716 5524 859 5595 ἰσχύι
883 5525 981 5597 τὴν
1010 5530 1193 5599 φωνήν
1230 5545 1343 5592 σου,
1361 5529 1389 5581 6
1416 5526 1761 5597 εὐαγγελιζό-

1868 4968 1944 5033 ni,
2000 4976 2056 5024 et
2099 4970 2307 5041 reliqua
2362 4989 2374 5025 :
2431 4972 2575 5041 quod
2630 4971 2793 5043 hujus
2851 4977 3095 5035 scientiae
3153 4980 3432 5037 studiosus

1866 5062 2043 5116 otiose
2071 5070 2324 5119 scrutans
2345 5065 2668 5133 compcriet.

2424 5340 2654 5397 CAPUT
2687 5343 2874 5399 XVIII.

1947 5452 1965 5485 ι
2002 5432 2176 5505 Super
2207 5443 2447 5491 montem
2482 5438 2760 5493 excelsum
2794 5436 3028 5492 ascende
3059 5446 3139 5501 tu,
3164 5440 3436 5511 quievan-

1864 5526 2065 5597 gelizas
2106 5527 2236 5581 Sion
2270 5548 2281 5583 :
2324 5529 2503 5583 exalta
2538 5529 2594 5583 in
2642 5529 2966 5586 fortitudine
3021 5546 3208 5586 vocem
3258 5542 3429 5598 tuam,

194 5630 352 5684 μενος
388 5613 766 5684 Ἰερουσαλήμ’
823 5613 1095 5683 ὑψώσατε,
1142 5616 1216 5687 μή
1265 5617 1547 5688 φοϐεῖσθε’
1607 5612 1758 5671 εἷπον

1875 5619 1955 5688 qui
2005 5620 2345 5688 evangelizas
2389 5619 2739 5677 Jerusalem:
2784 5623 2988 5685 exalta,
3047 5624 3155 5677 noli
3212 5624 3429 5684 timere.

192 5708 310 5768 ταῖς
347 5704 561 5758 πόλεσιν
595 5704 793 5759 Ἰούδαν
836 5705 965 5759 Ἰδοὺ
999 5704 1026 5758 6
1058 5702 1189 5771 Θεὸς
1215 5703 1389 5781 ὑμῶν,
1427 5709 1630 5781 Κύριος
1649 5709 1760 5762 Κύ-

1863 5709 1985 5764 Dixi
2013 5712 2327 5767 civitatibus
2355 5712 2379 5767 J
2391 5713 2494 5768 uda
2524 5734 2534 5768 :
2579 5713 2716 5771 Ecce
2744 5714 2887 5771 Deus
2914 5727 3099 5773 vester
3134 5738 3145 5772 :
3171 5734 3298 5775 ecce
3322 5718 3433 5775 Do-

276 5858 417 5916 ‘lsa.
451 5877 592 5916 xxxv
641 5860 747 5916 1-7.
824 5858 1019 5916 'Joan.
1051 5877 1125 5926 IV,
1156 5863 1241 5917 Η.
1320 5864 1340 5893 ³
1369 5862 1554 5919 Matth.
1600 5881 1715 5931 xxi,
1753 5866 1769 5919 l

1919 5867 1939 5898 ⁸
1956 5867 2058 5924 lsa.
2102 5885 2187 5934 χι,
2215 5870 2323 5926 ενδ.
