3974 6492
547 393 678 450 1⁵225

1251 398 1518 454 EUSEBII
1553 395 2034 454 C/ESARIENSIS
2063 399 2217 456 OPP.
2239 399 2419 455 PARS
2451 399 2540 457 lll.
2565 433 2633 442 —
2660 401 3068 459 EXEGETICA.

3643 411 3768 468 ιειι

553 513 732 568 minus
787 515 929 572 Deus
979 518 1035 570 in
1097 515 1419 574 fortitudine
1478 519 1676 582 veniet,
1739 526 1792 573 et
1838 517 2105 572 brachiun

2225 535 2336 588 ριος
2373 517 2512 590 μετὰ
2545 517 2722 589 ίσχύος
2758 517 2973 592 ἔρχεται
2995 537 3006 549 ·
3039 519 3130 572 καὶ
3161 520 3190 572 6
3224 519 3462 590 βραχίων
3495 521 3658 574 αὐτοῦ
3687 542 3776 592 με·

543 605 669 676 ejus
719 607 1091 662 dominabitur
1129 629 1140 662 :
1186 625 1313 664 ecce
1349 626 1560 665 merces
1597 611 1716 678 ejus
1763 625 1886 664 cum
1940 624 2024 670 eo,
2063 617 2116 664 et

545 713 682 766 opus
715 699 860 752 illius
916 714 1098 752 coram
1125 701 1235 754 illo.
1273 701 1426 756 Sicut
1467 713 1651 771 pastor
1687 717 1898 771 gregem
1957 715 2114 754 suum

553 797 766 858 pascet:
802 791 856 844 in
916 791 1141 845 brachio
1175 808 1276 846 suo
1321 792 1672 863 congregabit
1712 807 1900 862 agnos,
1962 798 2015 842 et
2061 790 2114 844 in

552 881 668 935 sinu
697 898 797 935 suo
833 883 1057 946 levabit,
1089 883 1228 938 fetas
1260 886 1376 955 ipse
1416 886 1720 955 portabit‘.
1765 903 1782 935 ι
1829 883 1952 937 llzec
1979 899 2115 953 quo-

551 989 651 1044 que
691 975 1073 1031 existimamus
1121 977 1188 1031 de
1237 976 1402 1031 Verbi
1450 976 1544 1031 Dei
1602 977 1836 1030 adventu
1891 976 2020 1038 dici,
2063 983 2116 1030 et

549 1066 845 1132 prtescrtim
887 1065 953 1118 de
998 1067 1260 1129 secundo.
1298 1067 1352 1120 in
1400 1081 1508 1136 quo
1544 1068 1688 1120 velut
1721 1067 1906 1134 justus
1947 1067 2115 1134 judex

549 1164 808 1208 venturus
843 1157 1254 1225 praphetizatur
1300 1155 1602 1211 mercedem
1653 1155 1860 1211 habens
1911 1154 2114 1226 justam

548 1247 842 1316 unicuique
877 1248 1176 1302 secundum
1211 1263 1374 1318 opera
1402 1263 1520 1301 sua.
1557 1247 1785 1318 Reliqua
1817 1263 1945 1302 vero
1969 1263 2114 1302 nunc

545 1353 814 1407 exponere
850 1349 957 1390 non
995 1347 1209 1408 tempus
1253 1347 1367 1404 est;
1400 1353 1568 1407 quare
1623 1338 1786 1392 aliam
1832 1338 2113 1408 aggredia-

547 1441 666 1480 mur
693 1429 1039 1497 particulam.

1118 1615 1347 1672 CAPUT
1383 1615 1527 1671 XIX.

623 1727 641 1760 ι
691 1706 826 1774 Quis
889 1708 1174 1763 suscitavit
1225 1707 1293 1762 ab
1338 1703 1560 1762 Oriente
1605 1705 1838 1776 justum,
1893 1705 2113 1761 vocavit

2215 607 2283 662 τὰ
2317 610 2536 680 κυρίας·
2567 609 2673 663 ἰδοὺ
2724 613 2752 663 6
2793 607 2982 682 μισθὸς
3012 609 3174 663 αὑτοῦ
3222 613 3338 681 μετ’
3371 613 3538 665 αὑτοῦ
3559 628 3572 642 ·
3605 615 3696 667 καὶ
3723 617 3778 670 τδ

2217 699 2374 768 ἔργον
2421 700 2658 754 ἐναντίον
2709 701 2872 754 αὐτοῦ
2893 717 2906 731 ·
2939 699 3013 764 ὡς
3041 703 3242 773 ποιμὴν
3289 707 3546 775 ποιμανεῖ
3583 706 3644 759 τὸ
3669 709 3778 762 ποί-

2220 806 2370 860 μνιον
2404 789 2588 854 αὑτοῦ,
2613 789 2705 843 καὶ
2732 789 2809 860 τῷ
2843 790 3084 862 βραχίονι
3125 789 3288 844 αὑτοῦ
3332 793 3552 858 συνάξει
3603 796 3776 865 ἄρνας,

2217 882 2308 934 καὶ
2332 882 2387 934 ἐν
2423 879 2620 953 γαστρὶ
2645 877 2869 951 ἐχούσας
2904 877 3284 954 παρακαλέσει.
3321 902 3340 934 ι
3371 885 3483 938 Καὶ
3513 886 3685 938 ταῦτα
3715 907 3779 940 νο-

2219 975 2444 1046 μίζομεν
2474 975 2600 1047 περὶ
2635 976 2731 1046 τῆς
2755 975 2848 1028 τοῦ
2889 973 3057 1044 Λόγου
3088 975 3180 1030 τοῦ
3219 976 3351 1029 Θεοῦ
3379 977 3684 1046 παρουσίας
3709 977 3780 1030 λέο

2215 1067 2425 1136 γεσθαι,
2453 1066 2546 1119 καὶ
2577 1065 2718 1136 τάχα
2749 1083 2810 1134 γε
2843 1065 3038 1136 μᾶλλον
3067 1065 3195 1138 περὶ
3225 1065 3325 1135 τῆς
3353 1065 3638 1136 δευτέρας,
3663 1065 3772 1120 καθ’

2213 1157 2278 1228 ἢν
2308 1155 2394 1210 οἷα
2421 1157 2485 1228 δὴ
2516 1155 2719 1220 δίκαιος
2753 1153 2944 1226 κριτὴς
2971 1153 3120 1225 ἥξειν
3151 1150 3572 1226 προφητεύεται,
3594 1155 3682 1208 τὸν
3703 1173 3778 1227 μι-

2216 1243 2338 1296 σθὸν
2367 1243 2502 1314 ἔχων
2532 1244 2638 1296 τῶν
2661 1245 2779 1295 κατ’
2807 1243 2963 1307 ἀξίαν
2995 1244 3206 1314 ἑκάστῳ
3241 1245 3260 1315 (
3277 1244 3314 1297 f.
3348 1245 3408 1298 51
3450 1247 3540 1310 νο)
3589 1263 3778 1318 πεπρα-

2213 1334 2428 1404 γμένων
2477 1335 2876 1406 ἀπονεμητικόν
2898 1352 2911 1366 ·
2963 1335 3029 1388 τὰ
3083 1333 3334 1406 μέντοιγε
3385 1335 3552 1390 λοιπὰ
3585 1337 3680 1390 οῦκ
3707 1341 3775 1392 ἐτι

2212 1421 2308 1476 νῦν
2333 1423 2522 1496 καιρὸς
2555 1424 2774 1476 ἀπαιτεῖ
2811 1423 3145 1494 διηγεῖσθαι·
3171 1426 3292 1477 ὅθεν
3319 1428 3404 1495 ἐφ’
3431 1423 3630 1498 ἑτέραν
3660 1445 3776 1500 τρα-

2213 1511 2501 1584 πησόμεθα
2531 1531 2596 1566 πε
2603 1515 2855 1586 ρικοπήν.

2699 1627 3092 1681 ΚΕΦΑΛΑῙΟΝ
3125 1624 3224 1681 ῙΘ¹.

2288 1735 2308 1767 ι
2340 1715 2435 1779 Τίς
2458 1717 2736 1788 ἐξήγειρεν
2767 1717 2873 1772 ἀπὸ
2897 1719 3160 1790 ἀνατολῆς
3187 1713 3556 1791 δικαιοσύνην,
3597 1713 3772 1776 ἐκάλει

547 1814 669 1854 eum
695 1809 1088 1869 utsequeretur
1119 1798 1208 1854 se?
1234 1797 1385 1851 dabit
1419 1799 1472 1850 in
1505 1806 1801 1870 conspectu
1833 1797 1953 1866 ejus
1981 1813 2105 1868 gen-

2215 1824 2306 1861 σεν
2339 1808 2505 1880 αὐτὴν
2533 1808 2673 1861 κατὰ
2707 1809 2873 1872 πόδας
2894 1809 3078 1875 αὑτοῦ,
3104 1811 3196 1863 καὶ
3217 1812 3548 1882 πορεύσεται
3571 1831 3586 1878 ;
3615 1813 3772 1868 Δὼσει

547 1897 650 1957 tes,
684 1899 736 1944 et
759 1906 910 1960 reges
938 1890 1203 1945 obtinebit
1237 1909 1250 1943 :
1287 1889 1439 1944 dabit
1478 1890 1634 1959 quasi
1683 1890 1964 1960 pulverem
1997 1889 2105 1958 gla-

2215 1900 2451 1952 ἐναντίον
2480 1899 2666 1962 ἐθνῶν,
2701 1901 2792 1953 καὶ
2826 1901 3059 1971 βασιλεῖς
3085 1905 3338 1974 ἐκστήσει
3358 1920 3370 1931 ·
3394 1905 3489 1958 καὶ
3517 1905 3678 1960 Missa
3705 1909 3774 1972 εις

543 1984 633 2037 dio
673 1983 812 2052 ejus,
851 1983 994 2037 sicut
1025 1983 1281 2052 stipulam
1317 1990 1479 2038 vento
1509 1993 1719 2052 raptam
1775 1983 1924 2035 arcui
1968 1981 2108 2048 ejus.

542 2073 905 2143 Persequetur
932 2089 1050 2136 eos,
1082 2074 1340 2128 transibit
1373 2075 1429 2128 in
1458 2087 1612 2143 pace,
1649 2073 1842 2126 semita
1871 2073 1928 2125 in
1960 2069 2112 2142 pedi-

541 2165 644 2220 bus
679 2166 799 2236 ejus
831 2181 936 2220 non
970 2167 1275 2235 apparebit.
1305 2164 1441 2232 Quis
1465 2166 1578 2219 hrec
1625 2173 1886 2235 operatus
1918 2171 2024 2226 est,
2059 2171 2112 2218 et

539 2257 689 2320 fecit,
724 2273 929 2312 vocans
958 2258 1340 2328 generationes
1373 2259 1440 2310 ab
1476 2255 1739 2311 exordio?
1777 2255 1887 2325 Ego
1923 2254 2109 2309 Domi-

541 2367 666 2412 nus,
698 2351 908 2420 primus
941 2361 992 2404 et
1015 2349 1350 2404 novissimus
1375 2364 1476 2420 ego
1502 2363 1644 2403 sum.
1669 2346 1936 2402 Viderunt
1967 2348 2107 2402 insu-

540 2441 604 2494 lae
642 2452 694 2494 et
727 2443 1046 2506 timuerunt,
1077 2447 1318 2495 extrema
1349 2447 1509 2494 terrae
1559 2439 1978 2508 obstupuerunt,
2009 2453 2111 2507 ap-

539 2535 1063 2601 propinquaverunt,
1131 2539 1186 2585 et
1263 2539 1637 2585 accesserunt.
1723 2529 2109 2599 Unusquisque

539 2625 787 2693 proximo
840 2639 941 2678 suo
1011 2623 1408 2684 auxiliabitur.
1461 2634 1517 2678 ct
1549 2622 1706 2676 fratri
1757 2637 1858 2676 suo
1908 2623 2051 2676 dicet
2093 2639 2104 2675 :

537 2713 880 2771 Confortare.
919 2714 1262 2768 Confortavit
1308 2713 1463 2769 faber
1509 2714 1736 2768 aerarius
1795 2710 2108 2782 percutiens

536 2805 733 2859 malleo
795 2819 959 2867 eum,
1022 2807 1114 2874 qui
1175 2803 1410 2860 cudebat
1481 2811 1613 2858 tunc
1678 2803 1975 2872 temporis,
2021 2803 2102 2857 di.

536 2909 702 2949 cens:
729 2893 952 2950 Glutino
975 2896 1177 2948 bonum
1204 2908 1285 2950 est
1313 2915 1327 2958 ;
1363 2895 1766 2950 etconfortavit
1797 2909 1919 2949 eum
1939 2895 2108 2950 clavis

537 2993 596 3036 ut
644 3001 753 3038 non
803 2986 1176 3038 moveretur'.
1215 3003 1233 3036 ι
1277 2983 1497 3038 Justitia
1545 2985 1612 3036 ab
1665 2984 1882 3036 Oriente
1920 2991 2106 3037 exorta

537 3091 784 3146 quenam
829 3083 974 3131 esset
1009 3077 1308 3130 secundum
1346 3075 1598 3130 essentia:
1635 3074 2105 3143 circumscriptio-

536 3183 660 3222 nem
695 3167 968 3237 propriam
1011 3167 1373 3221 substantiam
1427 3166 1654 3228 habens,
1707 3165 1814 3219 nisi
1854 3163 2106 3219 Christus

541 3259 653 3324 Dei,
685 3260 752 3314 de
784 3275 893 3330 quo
921 3259 1054 3313 dicit
1083 3259 1377 3328 Apostolus
1403 3279 1416 3312 :
1447 3277 1464 3309 ι
1499 3258 1601 3324 Qui
1633 3257 1809 3312 factus
1835 3265 1920 3312 est
1952 3257 2108 3312 nobis

538 3352 806 3422 sapientia
843 3367 871 3405 a
903 3351 1036 3418 Deo,
1066 3359 1120 3405 et
1156 3351 1394 3421 justitia,
1430 3358 1484 3403 et
1517 3349 1902 3412 sanctificatio,
1935 3358 1988 3405 et
2017 3366 2109 3405 re-

535 3447 776 3517 demptio
799 3447 859 3499 '?
887 3466 906 3496 ι
939 3445 1096 3500 Hunc
1120 3454 1302 3500 autem
1334 3460 1362 3500 e
1394 3445 1572 3515 patrio
1595 3444 1742 3506 sinu,
1770 3458 1894 3496 cum
1925 3445 2110 3498 oriens

538 3539 611 3594 sit
650 3553 812 3594 omne
857 3539 1144 3608 spirituale
1179 3539 1384 3598 lumen,
1448 3538 1562 3591 sive
1623 3551 1718 3604 per
1774 3521 2106 3589 incarnatio-

537 3645 660 3686 nem
707 3630 988 3694 excitavit,
1035 3629 1396 3700 providentia,
1448 3629 1564 3684 sive
1613 3631 1730 3699 ipse
1779 3627 1961 3693 Pater;
2015 3627 2107 3696 qui

536 3720 684 3776 dedit
721 3735 844 3774 eum
893 3720 948 3774 in
995 3729 1290 3788 conspectu
1325 3718 1606 3788 gentium;
1657 3725 1718 3772 ut
1755 3717 1970 3788 pristini
2015 3731 2109 3770 eo-

537 3829 658 3868 rum
694 3827 850 3883 reges
881 3813 1200 3876 invisibiles,
1241 3818 1540 3880 potestates
1586 3811 1795 3865 scilicet
1833 3809 2108 3880 nequissi-

538 3919 662 3968 mte,
695 3906 762 3960 ad
793 3905 1042 3958 miraculi
1077 3905 1386 3974 prodigium
1417 3903 1886 3974 obstupescerent,
1919 3901 2107 3957 viden-

537 4005 620 4052 tes
645 3999 806 4050 talem
843 3997 934 4050 Dei
968 3993 1162 4048 Filium
1197 4011 1371 4064 neque
1401 3995 1630 4050 formam
1661 4010 1834 4064 neque
1863 3995 2105 4064 pulcbri-

537 4090 780 4144 tudinem
825 4088 1112 4143 habentem
1139 4105 1156 4155 ;
1186 4096 1351 4158 utque
1373 4095 1594 4158 stupore
1617 4085 1708 4142 illo
1733 4088 1786 4140 in
1825 4087 2104 4156 pulverem

536 4189 819 4235 vertantur
851 4195 1040 4236 eorum
1081 4181 1268 4250 gladii,
1311 4189 1364 4236 et
1393 4182 1535 4236 sicut
1578 4182 1790 4250 stipula:
1823 4187 1986 4234 vento
2017 4195 2105 4233 rae

539 4281 644 4342 prae
683 4273 814 4325 fiant
865 4287 1028 4326 arcus
1056 4288 1268 4334 eorum,
1325 4287 1426 4326 nec
1461 4272 1574 4341 jam
1613 4271 1832 4326 hostilia
1879 4272 1990 4326 siut
2023 4270 2104 4325 eis

534 4380 706 4428 arma,
743 4365 981 4434 ignitave
1009 4365 1138 4427 tela,
1167 4365 1368 4434 quibus
1393 4365 1522 4418 olim
1561 4363 1666 4419 sibi
1699 4363 1966 4418 obnoxias
1991 4363 2107 4416 aui-

536 4475 652 4514 mas
701 4458 1060 4514 lacessebant.
1117 4455 1247 4512 Post
1289 4456 1404 4511 haec
1432 4455 1544 4520 ait,
1594 4473 1612 4507 ι
1645 4455 1710 4509 Et
1741 4461 2103 4524 persequetur

535 4565 650 4614 eos,
677 4569 696 4601 ι
732 4561 789 4604 ut
819 4551 968 4603 omni
1007 4550 1236 4603 telorum
1271 4563 1468 4617 genere
1507 4549 1580 4600 ita
1621 4553 1944 4616 persecutus
1979 4561 2095 4610 eos,

536 4641 792 4711 procedat
825 4642 880 4694 in
909 4655 1042 4710 pace
1069 4639 1210 4694 viam
1245 4639 1440 4709 pedum
1471 4654 1714 4694 suorum.
1765 4655 1784 4688 ι
1817 4636 1954 4704 Quis
1984 4637 2098 4693 hate

536 4741 792 4804 operatus
819 4741 902 4787 est
937 4742 991 4786 et
1023 4730 1188 4786 fecit?
1213 4750 1232 4781 ›
1267 4731 1364 4786 ait.
1399 4730 1788 4784 Existimamus
1823 4729 1970 4800 quod
1999 4745 2098 4784 ex-

537 4823 784 4880 cellentia
818 4829 874 4876 et
917 4821 1222 4891 benignitas
1263 4821 1504 4874 omnium
1555 4820 1648 4874 Dei
1677 4821 1924 4877 vocantis
1955 4833 2097 4888 eam,

537 4914 796 4982 mstitiam
827 4913 1096 4978 videlicet,
1141 4923 1250 4967 non
1303 4913 1464 4966 aliam
1504 4927 1568 4966 ac
1599 4912 1922 4981 sapientiam
1954 4912 2096 4981 ejus,

538 5019 702 5076 quam
749 5012 805 5058 et
852 5003 1284 5072 contemplantes
1335 5002 1520 5056 verita;
1576 5009 1704 5056 sunt
1758 5000 1924 5056 Deum
1978 5017 2098 5071 qua:

539 5097 688 5166 prius
738 5096 792 5149 in
841 5093 938 5149 Dei
985 5094 1391 5164 contemptione
1430 5093 1684 5148 vivebant
1736 5103 1944 5164 gentes.
1992 5093 2097 5160 Qui

537 5185 808 5258 quondam
848 5185 1202 5240 remotissimi
1248 5192 1425 5248 erant,
1464 5183 1701 5254 proximi
1739 5185 1889 5254 regni
1929 5185 2098 5238 cmlo—

539 5294 654 5332 rum
679 5277 808 5332 facti
839 5287 982 5331 sunt.
1011 5275 1244 5346 ideoque
1275 5275 1496 5331 fuerunt
1525 5276 1741 5331 attoniti
1771 5276 1967 5332 salutis
1991 5277 2096 5330 mi-

540 5370 746 5434 raculo,
782 5385 841 5425 se
877 5369 1112 5424 invicem
1149 5369 1430 5431 docentes,
1469 5377 1524 5424 et
1557 5367 1722 5424 frater
1754 5367 1906 5422 fratri
1939 5369 2097 5422 auxi-

541 5459 698 5526 iians,
735 5459 1134 5530 pristinumque
1176 5459 1505 5514 confitentur
1531 5458 1598 5514 de
1629 5459 1787 5514 idolis
1828 5471 2093 5524 errorem,

542 5551 652 5606 hac
676 5552 864 5606 cadent
897 5551 1160 5608 dicentes.
1191 5550 1366 5607 Faber
1393 5553 1592 5624 quippe
1621 5561 1737 5608 erat
1765 5560 1818 5607 et
1846 5553 2093 5616 aerarius,

539 5640 876 5710 qni'malleo,
924 5649 978 5697 et
1007 5643 1200 5708 clavis,
1247 5653 1301 5698 et
1333 5643 1565 5698 humana
1620 5643 1872 5698 machina
1917 5644 2096 5698 susci-

615 5819 632 5848 '
665 5815 768 5872 lsa.
793 5817 938 5886 “,9,
975 5820 1061 5876 ll.
1137 5823 1157 5852 ί
1181 5819 1282 5877 lsa.
1311 5837 1422 5886 xm,
1456 5821 1574 5876 2-7.
1651 5822 1670 5854 ³
1701 5819 1870 5876 lCor.
1901 5835 1938 5886 ι,
1971 5821 2094 5876 50.ε

2213 1980 2317 2059 γῆν
2338 1988 2434 2052 τὰς
2462 1991 2731 2061 μαχαίρας
2753 1992 2950 2054 αὐτῶν,
2974 1994 3067 2046 καὶ
3086 1993 3216 2046 ὡσεὶ
3233 1994 3484 2066 φρύγανα
3505 1996 3772 2068 ἐξωσμὲνα

2212 2077 2280 2130 τὰ
2305 2077 2434 2143 τόξα
2459 2077 2668 2132 αὐτῶν·
2704 2081 2795 2133 καὶ
2828 2079 3070 2158 διῴξεται
3103 2083 3332 2147 αύτούς·
3369 2085 3700 2140 διελεύσεται
3721 2091 3772 2142 ἐν

2213 2170 2403 2242 εἰρήνῃ
2433 2173 2464 2242 ἡ
2495 2171 2610 2235 ὁδὸς
2642 2173 2747 2224 τῶν
2773 2173 2945 2226 ποδῶν
2976 2159 3165 2227 αὐτοῦ’
3194 2177 3292 2246 οὐχ
3319 2175 3440 2246 ἥξει
3464 2195 3480 2208 ⁸
3510 2179 3600 2242 τίς
3627 2181 3770 2252 ἐνήρ-

2212 2276 2348 2330 γησε
2395 2263 2488 2314 καὶ
2517 2263 2740 2335 ἐποίησε
2766 2262 2971 2328 ταῦτα;
3013 2264 3294 2318 Ἐκάλεσεν
3337 2268 3510 2340 αὐτὴν
3543 2271 3574 2321 6
3605 2271 3770 2324 καλῶν

2211 2353 2378 2423 αὐτὴν
2410 2353 2516 2406 ἀπὸ
2544 2353 2742 2421 γενεῶν
2769 2355 2960 2425 ἀρχῆςε
2993 2353 3131 2424 Ἐγὼ
3161 2355 3290 2420 Θεὸς
3317 2358 3556 2429 πρῶτος,
3583 2361 3674 2414 καὶ
3701 2363 3768 2426 είς

2211 2444 2278 2496 τὰ
2308 2445 2646 2515 ἐπερχόμενα
2681 2445 2790 2514 ἐγώ
2819 2448 2956 2516 εἰμι.
2984 2445 3207 2502 Εἶδοσαν
3245 2449 3372 2520 ἐθνη
3403 2451 3501 2504 καὶ
3521 2451 3772 2523 ἐφοϐήθη-

2215 2553 2312 2590 σαν
2331 2553 2344 2566 ·
2379 2535 2446 2590 τὰ
2473 2537 2614 2609 ἄκρα
2641 2537 2742 2608 τῆς
2779 2539 2880 2609 γῆς
2908 2539 3308 2612 ἐξεπλάγησαν·
3337 2541 3596 2612 ῆγγισαν,
3621 2539 3768 2614 ἦλθον

2213 2628 2326 2697 ἆμα
2347 2627 2545 2700 κρίνων
2565 2630 2790 2694 ἕκαστος
2823 2631 2899 2702 τῷ
2925 2632 3167 2702 πλησίον,
3191 2635 3282 2686 καὶ
3311 2635 3387 2704 τῷ
3409 2635 3627 2706 ἀδελφῷ
3651 2638 3764 2708 βοη-

2211 2717 2372 2789 θῆσαι
2391 2737 2404 2750 ·
2423 2720 2515 2772 καὶ
2540 2721 2928 2792 ἐρεῖ,¹Ἰσχυσεν
2956 2723 3092 2794 ἀνὴρ
3111 2725 3312 2777 τέκτων
3335 2743 3348 2755 ·
3374 2726 3468 2779 καὶ
3495 2727 3636 2798 ἀνὴρ
3655 2729 3765 2799 χαλ-

2209 2812 2338 2874 κεὺς
2365 2811 2584 2865 τύπτων
2623 2813 2853 2885 σφύραν,
2874 2813 2988 2885 ἅμα
3031 2815 3266 2870 ἐλαύνων
3285 2832 3300 2846 ο
3333 2819 3465 2871 ποτὲ
3497 2821 3600 2890 μὲν
3631 2823 3764 2892 ἐρεῖ·

2210 2903 2428 2976 Σύμϐλη
2438 2923 2512 2975 μα
2540 2905 2698 2958 καλόν
2721 2908 2886 2970 ἐστιν,
2917 2905 3216 2977 ίσχύρωσαν
3239 2908 3376 2962 αὐτὰ
3399 2911 3458 2963 ἐν
3487 2911 3658 2980 ἥλοις,
3681 2911 3766 2983 θή-

2211 3009 2390 3048 σουσιν
2419 2995 2579 3062 αὐτὰ,
2629 2997 2723 3050 καὶ
2749 2997 2810 3049 οὐ
2857 2997 3224 3068 κινηθήσεται.
3253 3019 3273 3050 ι
3306 2999 3628 3072 Δικαιοσύνη
3667 3001 3766 3054 ἀπὸ

2209 3087 2477 3140 ἀνατολῶν
2507 3087 2884 3161 ἐξεγειρομένη
2919 3090 3002 3153 τίς
3044 3089 3107 3144 ἂν
3142 3091 3225 3161 εἴη
3265 3091 3403 3145 κατὰ
3429 3093 3763 3166 περιγραφὴν

2208 3179 2413 3244 οὐσίας,
2457 3179 2590 3233 ἰδίαν
2641 3179 2934 3234 ὑπόστασιν
2983 3179 3199 3251 ἔχουσα,
3244 3179 3276 3254 ἢ
3326 3185 3354 3237 6
3397 3185 3634 3256 Χριστὸς
3681 3184 3763 3238 τοῦ

2209 3269 2365 3336 Θεοῦ,
2395 3273 2522 3344 περὶ
2543 3267 2602 3326 οὗ
2625 3290 2788 3344 φησιν
2807 3275 2836 3327 ό
2859 3273 3204 3338 ’Λπόστολος·
3232 3293 3251 3326 ι
3269 3275 3364 3339 Ὃς
3385 3277 3614 3349 ἐγενήθη
3643 3279 3760 3349 ἡμῖν

2211 3364 2371 3433 σοφία
2395 3365 2501 3418 ἀπὸ
2528 3364 2683 3430 Θεοῦ,
2703 3364 3012 3438 δικαιοσύνη
3035 3383 3094 3420 τε
3111 3367 3514 3440 καὶ-ἁγιασμὸς,
3535 3371 3628 3422 καὶ
3647 3369 3760 3424 ἀπο-

2207 3451 2505 3524 λύτρωσιςς
2545 3471 2562 3503 ι
2601 3451 2798 3506 Τοῦτον
2847 3455 2903 3508 δὲ
2955 3456 3020 3507 ἐκ
3061 3455 3171 3510 τῶν
3205 3457 3486 3527 πατρικῶν
3533 3461 3755 3522 κόλπων,

2208 3544 2408 3606 παντὸς
2437 3544 2626 3614 νοητοῦ
2657 3545 2831 3614 φωτὸς
2859 3546 3128 3600 ἀνατολῶν
3163 3549 3532 3620 ὑπαρχόντων,
3568 3554 3604 3621 ὴ
3633 3552 3758 3605 κατὰ

2205 3633 2303 3704 τὴν
2330 3632 2733 3706 ἐνανθρώπησιν
2761 3635 3352 3708 ἐξήγειρενθοίκονομία,
3379 3639 3412 3709 ἦ
3437 3641 3532 3693 καὶ
3560 3629 3758 3704 αὐτόςὸ

2208 3724 2418 3795 Πατὴρ,
2457 3726 2486 3776 6
2521 3724 2645 3788 δοὺς
2673 3725 2836 3778 αὑτὸν
2865 3726 3102 3780 ἐναντίον
3134 3727 3237 3780 τῶν
3265 3728 3462 3782 ἐθνῶν·
3501 3731 3568 3783 ἵν’
3597 3733 3644 3784 οε
3669 3731 3756 3802 μὲν

2206 3811 2368 3883 πρότε
2377 3829 2458 3884 ροι
2477 3811 2711 3882 βασιλεῖς
2725 3813 2902 3868 αὐτῶν
2921 3815 3156 3888 ἀόρατοι,
3173 3816 3423 3888 δυνάμεις
3433 3814 3494 3872 οὗ
3501 3835 3588 3872 σαι
3601 3837 3756 3891 πονη-

2209 3904 2316 3973 ραὶ,
2336 3897 2620 3968 ἐξιστῶσιν
2631 3905 2740 3957 ἀπὸ
2754 3905 2848 3957 τοῦ
2865 3905 3164 3978 παραδόξου
3176 3907 3275 3977 τῆς
3285 3911 3620 3980 οἰκονομίας,
3631 3911 3756 3979 6ρῶ-

2207 4011 2294 4048 σαι
2322 3995 2412 4048 τὸν
2440 3994 2755 4066 τηλικοῦτον
2769 3996 2896 4051 Υίὸν
2920 3997 3014 4050 τοῦ
3025 3997 3158 4052 Θεοῦ
3180 3999 3258 4070 μὴ
3273 3999 3462 4070 ἔχοντα
3479 3997 3616 4064 εἶδος
3633 4003 3756 4072 μηδὲ

2204 4082 2423 4148 κάλλος·
2443 4087 2538 4138 καὶ
2553 4087 2640 4140 ἴνα
2661 4086 2796 4158 μετὰ
2817 4086 3021 4140 τοιάνδε
3044 4086 3300 4140 ἔκστασιν
3317 4087 3543 4143 δοθῶσιν
3565 4091 3646 4152 εις
3663 4091 3754 4158 γῆν

2203 4177 2258 4228 αἱ
2283 4177 2544 4248 ῥομφαῖαι
2569 4177 2770 4243 αὐτῶν,
2783 4178 2874 4232 καὶ
2891 4178 2966 4242 ὡς
2981 4177 3526 4250 φρύγαναέξωσμένα
3553 4181 3622 4234 τὰ
3637 4181 3754 4246 τόξα

2202 4269 2400 4335 αὐτῶν,
2433 4270 2568 4341 πρὸς
2595 4270 2656 4324 τὺ
2683 4271 2758 4342 μὴ
2804 4271 3050 4341 κατέχειν
3083 4272 3278 4336 αὐτοὺς
3317 4271 3458 4326 ὅπλα
3499 4272 3752 4344 πολεμικὰ

2203 4363 2296 4416 καὶ
2335 4363 2704 4435 πεπυρωμένα
2748 4361 2898 4434 βέλη,
2943 4361 3009 4415 δι’
3041 4356 3114 4416 ὧν
3155 4363 3419 4435 πρότερον
3467 4365 3750 4418 κατεπολέ-

2207 4472 2340 4526 μουν
2386 4455 2485 4518 τὰς
2539 4455 2882 4526 ὑποχειρίους
2923 4454 3102 4518 αὐτοῖς
3148 4453 3344 4525 ψυχάς.
3391 4456 3546 4510 Mevi
3592 4455 3752 4510 ταῦτά

2131 4537 2174 4593 D
2202 4562 2354 4616 φησι,
2395 4563 2414 4598 ι
2452 4547 2560 4600 Καὶ
2603 4545 2849 4611 διώξεται
2877 4547 3100 4611 αὐτούςέ
3137 4567 3158 4598 ι
3206 4547 3268 4600 ἵν’
3297 4546 3492 4612 οὕτως.
3525 4549 3663 4601 κατὰ
3697 4547 3750 4599 τὸ

2201 4637 2414 4691 πάντων
2457 4635 2606 4700 τέλος
2633 4637 3024 4710 ἐκδιωχθέντων
3049 4636 3245 4703 αὐτῶν,
3280 4637 3460 4710 διέλθῃ
3489 4639 3545 4692 ἐν
3569 4639 3748 4709 εἰρήνη

2197 4731 2231 4801 η
2260 4719 2378 4794 όδδς
2404 4729 2512 4782 τῶν
2540 4728 2714 4784 ποδῶν
2739 4729 2925 4783 αὑτοῦ.
2961 4748 2980 4780 ε
3020 4730 3116 4793 Τίς
3144 4729 3202 4784 δὲ
3257 4731 3548 4802 ἐνήργησε,
3603 4731 3746 4800 φησι,

2195 4823 2289 4878 καὶ
2344 4821 2564 4892 ἐποίησε
2617 4820 2828 4886 ταῦτα;
2873 4837 2890 4872 ι
2955 4821 3446 4894 Προσυπακούομεν
3489 4824 3564 4886 δὲ,
3609 4825 3746 4892 ὅτιή

2197 4907 2498 4983 χρηστότης
2526 4910 2618 4964 καὶ
2653 4909 3030 4982 φιλανθρωπία
3060 4911 3156 4964 τοῦ
3189 4909 3297 4964 τῶν
3329 4911 3464 4966 ὅλων
3493 4911 3628 4966 Θεοῦ
3657 4909 3740 4964 τοῦ

2196 4999 2485 5062 καλοῦντος
2514 4998 2702 5070 αὐτὴν,
2739 4997 2898 5069 δῆλον
2927 4987 2972 5052 δ⁴
3009 4999 3092 5053 ὅτι
3137 4999 3234 5071 τὴν
3263 4999 3624 5072 δικαιοσύνην,
3651 5001 3742 5054 οὐκ

2197 5089 2361 5162 ἄλλην
2403 5085 2566 5144 οὖσαν
2609 5089 2710 5162 τῆς
2748 5093 2937 5161 σοφίας
2969 5091 3152 5156 αὑτοῦ,
3196 5091 3262 5162 ἥν
3303 5092 3398 5144 καὶ
3443 5091 3740 5162 θεασάμενα

2197 5179 2434 5250 ἐφοσήθη
2460 5175 2548 5234 τὸν
2577 5179 2707 5236 Θεὸν
2732 5184 2800 5236 τὰ
2817 5184 2874 5236 ἐν
2895 5183 3092 5255 dipoqu
3115 5181 3249 5236 Θεοῦ
3273 5183 3534 5254 πρότερον
3557 5183 3740 5253 τυγχά-

2196 5287 2352 5325 νοντα
2383 5271 2540 5344 έθνη”
2573 5273 2611 5327 ἃ
2646 5273 2740 5328 καῖ
2771 5273 2830 5339 ἐξ
2872 5275 3054 5348 ἄκρων
3097 5275 3193 5330 καὶ
3221 5275 3328 5328 ἀπὸ
3357 5279 3608 5346 περάτων
3652 5275 3738 5342 τῆς

2195 5364 2517 5435 οἰκουμένης
2548 5365 2811 5438 κληθέντα
2846 5367 3037 5436 ἧγγισε
3067 5367 3146 5439 τῷ
3191 5367 3337 5438 θεῷ·
3373 5370 3420 5422 oi
3447 5368 3574 5421 ποτέ
3601 5353 3754 5428 δύντες

2201 5455 2618 5526 μακρὰνσέγγὺς
2665 5457 2942 5527 γενόμενοι
2982 5458 3080 5530 τῆς
3123 5457 3394 5529 βασιλείας
3439 5459 3548 5511 τῶν
3585 5460 3736 5529 ούρα-

2196 5545 2337 5600 νῶν·
2387 5547 2465 5601 διὸ
2508 5549 2598 5601 καὶ
2639 5547 3008 5621 ἐξεπλάγησαν
3051 5551 3145 5604 ἐπὶ
3192 5549 3267 5622 τῷ
3319 5549 3602 5622 παραδόξῳ
3645 5549 3735 5618 τῆς

2198 5637 2488 5710 σωτηρίας,
2541 5639 2878 5704 διδάσκοντές
2931 5657 2990 5693 τε
3045 5639 3318 5712 ἀλλήλους,
3377 5641 3483 5694 καὶ·
3527 5637 3734 5708 ἀδελφὸς
