  <div class='ocr_page' id='page_1' title='image "/cluster/home/n/w/nwhite01/storage/ocr_20150623/22/hvd.32044020605168/642.png"; bbox 0 0 3974 6554; ppageno 0'>
   <div class='ocr_carea' id='block_1_1' title="bbox 294 393 442 448">
    <p class='ocr_par' dir='ltr' id='par_1_1' title="bbox 294 393 442 448">
     <span class='ocr_line' id='line_1_1' title="bbox 294 393 442 448; baseline 0.027 -3"><span class='ocrx_word' id='word_1_1' title='bbox 294 393 442 448; x_wconf 62' lang='lat'><strong>{3‘23</strong></span> 
     </span>
    </p>
   </div>
   <div class='ocr_carea' id='block_1_2' title="bbox 1307 401 2502 465">
    <p class='ocr_par' dir='ltr' id='par_1_2' title="bbox 1307 401 2502 465">
     <span class='ocr_line' id='line_1_2' title="bbox 1307 401 2502 465; baseline 0.006 -7"><span class='ocrx_word' id='word_1_2' title='bbox 1307 401 1595 459; x_wconf 73' lang='lat' dir='ltr'><strong>ECLOG.E</strong></span> <span class='ocrx_word' id='word_1_3' title='bbox 1622 403 2098 462; x_wconf 61' lang='lat' dir='ltr'><strong>PROPHETICE.</strong></span> <span class='ocrx_word' id='word_1_4' title='bbox 2138 439 2204 448; x_wconf 82' lang='lat'><strong>—-</strong></span> <span class='ocrx_word' id='word_1_5' title='bbox 2246 409 2372 465; x_wconf 82' lang='lat' dir='ltr'><strong>LIB.</strong></span> <span class='ocrx_word' id='word_1_6' title='bbox 2414 409 2502 465; x_wconf 77' lang='lat' dir='ltr'><strong>iV.</strong></span> 
     </span>
    </p>
   </div>
   <div class='ocr_carea' id='block_1_3' title="bbox 3380 418 3514 471">
    <p class='ocr_par' dir='ltr' id='par_1_3' title="bbox 3380 418 3514 471">
     <span class='ocr_line' id='line_1_3' title="bbox 3380 418 3514 471; baseline 0 -2"><span class='ocrx_word' id='word_1_7' title='bbox 3380 418 3400 469; x_wconf 76' lang='grc'><strong>1</strong></span> <span class='ocrx_word' id='word_1_8' title='bbox 3414 418 3514 471; x_wconf 69' lang='lat'><strong>2‘26</strong></span> 
     </span>
    </p>
   </div>
   <div class='ocr_carea' id='block_1_4' title="bbox 290 513 1829 599">
    <p class='ocr_par' dir='ltr' id='par_1_4' title="bbox 290 513 1829 596">
     <span class='ocr_line' id='line_1_4' title="bbox 290 513 1829 596; baseline 0.008 -31"><span class='ocrx_word' id='word_1_9' title='bbox 290 513 516 585; x_wconf 74' lang='grc' dir='ltr'>ἀδελφῷ</span> <span class='ocrx_word' id='word_1_10' title='bbox 548 517 773 589; x_wconf 82' lang='grc' dir='ltr'><strong>βοηθῶν,</strong></span> <span class='ocrx_word' id='word_1_11' title='bbox 814 523 912 592; x_wconf 80' lang='grc' dir='ltr'>τὴν</span> <span class='ocrx_word' id='word_1_12' title='bbox 940 523 1203 594; x_wconf 81' lang='grc' dir='ltr'>προτέραν</span> <span class='ocrx_word' id='word_1_13' title='bbox 1245 524 1682 594; x_wconf 81' lang='grc' dir='ltr'>ἐξομολογοῦνται</span> <span class='ocrx_word' id='word_1_14' title='bbox 1727 541 1829 596; x_wconf 87' lang='grc' dir='ltr'><strong>περ</strong></span> 
     </span>
    </p>
   </div>
   <div class='ocr_carea' id='block_1_5' title="bbox 1933 513 3490 599">
    <p class='ocr_par' dir='ltr' id='par_1_5' title="bbox 1954 526 3490 599">
     <span class='ocr_line' id='line_1_5' title="bbox 1954 526 3490 599; baseline 0.007 -23"><span class='ocrx_word' id='word_1_15' title='bbox 1954 533 2077 579; x_wconf 83' lang='lat' dir='ltr'><strong>tans</strong></span> <span class='ocrx_word' id='word_1_16' title='bbox 2118 534 2170 580; x_wconf 90' lang='lat' dir='ltr'><strong>et</strong></span> <span class='ocrx_word' id='word_1_17' title='bbox 2216 526 2530 582; x_wconf 75' lang='lat' dir='ltr'><strong>confortans</strong></span> <span class='ocrx_word' id='word_1_18' title='bbox 2600 543 2734 598; x_wconf 85' lang='lat' dir='ltr'><strong>quos</strong></span> <span class='ocrx_word' id='word_1_19' title='bbox 2781 529 2932 599; x_wconf 89' lang='lat' dir='ltr'><strong>prius</strong></span> <span class='ocrx_word' id='word_1_20' title='bbox 2975 529 3106 584; x_wconf 80' lang='lat' dir='ltr'><strong>deos</strong></span> <span class='ocrx_word' id='word_1_21' title='bbox 3161 530 3490 599; x_wconf 79' lang='lat' dir='ltr'><strong>ducebamus</strong></span> 
     </span>
    </p>
   </div>
   <div class='ocr_carea' id='block_1_6' title="bbox 286 607 1850 687">
    <p class='ocr_par' dir='ltr' id='par_1_6' title="bbox 286 607 1850 687">
     <span class='ocr_line' id='line_1_6' title="bbox 286 607 1850 687; baseline 0.006 -27"><span class='ocrx_word' id='word_1_22' title='bbox 286 607 361 661; x_wconf 72' lang='grc' dir='ltr'><strong>τὰ</strong></span> <span class='ocrx_word' id='word_1_23' title='bbox 394 609 588 664; x_wconf 81' lang='grc' dir='ltr'>εἴδωλα</span> <span class='ocrx_word' id='word_1_24' title='bbox 619 612 842 685; x_wconf 76' lang='grc' dir='ltr'>πλάνην,</span> <span class='ocrx_word' id='word_1_25' title='bbox 875 615 1013 668; x_wconf 73' lang='grc' dir='ltr'>αὐτὰ</span> <span class='ocrx_word' id='word_1_26' title='bbox 1036 615 1099 687; x_wconf 82' lang='grc' dir='ltr'>δὴ</span> <span class='ocrx_word' id='word_1_27' title='bbox 1132 615 1299 671; x_wconf 88' lang='grc' dir='ltr'>ταῦτα</span> <span class='ocrx_word' id='word_1_28' title='bbox 1325 617 1569 685; x_wconf 87' lang='grc' dir='ltr'>λέγοντες</span> <span class='ocrx_word' id='word_1_29' title='bbox 1590 634 1603 646; x_wconf 74' lang='grc'><strong>⁸</strong></span> <span class='ocrx_word' id='word_1_30' title='bbox 1637 617 1850 671; x_wconf 90' lang='grc' dir='ltr'>Τέκτων</span> 
     </span>
    </p>
   </div>
   <div class='ocr_carea' id='block_1_7' title="bbox 287 699 1850 780">
    <p class='ocr_par' dir='ltr' id='par_1_7' title="bbox 287 699 1850 780">
     <span class='ocr_line' id='line_1_7' title="bbox 287 699 1850 780; baseline 0.003 -24"><span class='ocrx_word' id='word_1_31' title='bbox 287 701 400 772; x_wconf 74' lang='grc' dir='ltr'><strong>ἄρα</strong></span> <span class='ocrx_word' id='word_1_32' title='bbox 430 699 498 774; x_wconf 80' lang='grc' dir='ltr'><strong>ῆν</strong></span> <span class='ocrx_word' id='word_1_33' title='bbox 531 705 622 759; x_wconf 83' lang='grc' dir='ltr'>καὶ</span> <span class='ocrx_word' id='word_1_34' title='bbox 646 705 896 775; x_wconf 81' lang='grc' dir='ltr'>χαλκεὺς,</span> <span class='ocrx_word' id='word_1_35' title='bbox 919 710 947 761; x_wconf 87' lang='grc' dir='ltr'>ὁ</span> <span class='ocrx_word' id='word_1_36' title='bbox 978 707 1064 760; x_wconf 76' lang='grc' dir='ltr'>διὰ</span> <span class='ocrx_word' id='word_1_37' title='bbox 1107 709 1313 780; x_wconf 80' lang='grc' dir='ltr'><strong>σφύρας</strong></span> <span class='ocrx_word' id='word_1_38' title='bbox 1339 711 1433 763; x_wconf 72' lang='grc' dir='ltr'><strong>καὶ</strong></span> <span class='ocrx_word' id='word_1_39' title='bbox 1455 710 1598 779; x_wconf 82' lang='grc' dir='ltr'>ἥλων</span> <span class='ocrx_word' id='word_1_40' title='bbox 1625 710 1716 763; x_wconf 67' lang='grc' dir='ltr'>καὶ</span> <span class='ocrx_word' id='word_1_41' title='bbox 1744 726 1850 779; x_wconf 85' lang='grc' dir='ltr'>μη-</span> 
     </span>
    </p>
   </div>
   <div class='ocr_carea' id='block_1_8' title="bbox 283 795 1850 871">
    <p class='ocr_par' dir='ltr' id='par_1_8' title="bbox 283 795 1850 871">
     <span class='ocr_line' id='line_1_8' title="bbox 283 795 1850 871; baseline 0.004 -26"><span class='ocrx_word' id='word_1_42' title='bbox 283 795 464 864; x_wconf 80' lang='grc' dir='ltr'>χανῆς</span> <span class='ocrx_word' id='word_1_43' title='bbox 517 797 858 870; x_wconf 77' lang='grc' dir='ltr'><strong>ἀνθρωπίνης</strong></span> <span class='ocrx_word' id='word_1_44' title='bbox 902 802 1186 871; x_wconf 79' lang='grc' dir='ltr'>ἀνεγείρας</span> <span class='ocrx_word' id='word_1_45' title='bbox 1239 802 1331 853; x_wconf 83' lang='grc' dir='ltr'><strong>καὶ</strong></span> <span class='ocrx_word' id='word_1_46' title='bbox 1389 799 1672 870; x_wconf 81' lang='grc' dir='ltr'>ἐνισχῦσας</span> <span class='ocrx_word' id='word_1_47' title='bbox 1726 800 1850 862; x_wconf 78' lang='grc' dir='ltr'>τοὺς</span> 
     </span>
    </p>
   </div>
   <div class='ocr_carea' id='block_1_9' title="bbox 284 887 1852 963">
    <p class='ocr_par' dir='ltr' id='par_1_9' title="bbox 284 887 1852 963">
     <span class='ocr_line' id='line_1_9' title="bbox 284 887 1852 963; baseline 0.002 -23"><span class='ocrx_word' id='word_1_48' title='bbox 284 887 554 959; x_wconf 81' lang='grc' dir='ltr'>πρότερον</span> <span class='ocrx_word' id='word_1_49' title='bbox 582 890 961 961; x_wconf 77' lang='grc' dir='ltr'><strong>νομιζομένους</strong></span> <span class='ocrx_word' id='word_1_50' title='bbox 1003 895 1131 963; x_wconf 84' lang='grc' dir='ltr'>ἡμῖν</span> <span class='ocrx_word' id='word_1_51' title='bbox 1162 892 1340 955; x_wconf 68' lang='grc' dir='ltr'>θεούς*</span> <span class='ocrx_word' id='word_1_52' title='bbox 1375 894 1424 945; x_wconf 76' lang='lat' dir='ltr'><strong>oi</strong></span> <span class='ocrx_word' id='word_1_53' title='bbox 1468 892 1524 944; x_wconf 85' lang='grc' dir='ltr'><strong>δέ</strong></span> <span class='ocrx_word' id='word_1_54' title='bbox 1563 892 1714 945; x_wconf 80' lang='grc' dir='ltr'>οὐδὲν</span> <span class='ocrx_word' id='word_1_55' title='bbox 1744 891 1852 962; x_wconf 84' lang='grc' dir='ltr'>ἄρα</span> 
     </span>
    </p>
   </div>
   <div class='ocr_carea' id='block_1_10' title="bbox 281 972 1848 1054">
    <p class='ocr_par' dir='ltr' id='par_1_10' title="bbox 281 972 1848 1054">
     <span class='ocr_line' id='line_1_10' title="bbox 281 972 1848 1054; baseline 0.001 -23"><span class='ocrx_word' id='word_1_56' title='bbox 281 972 428 1046; x_wconf 79' lang='grc' dir='ltr'>’ἦσαν</span> <span class='ocrx_word' id='word_1_57' title='bbox 467 979 500 1050; x_wconf 81' lang='grc' dir='ltr'><strong>ἢ</strong></span> <span class='ocrx_word' id='word_1_58' title='bbox 545 980 726 1052; x_wconf 63' lang='grc' dir='ltr'>ἀψυχα</span> <span class='ocrx_word' id='word_1_59' title='bbox 771 982 958 1049; x_wconf 78' lang='grc' dir='ltr'>ξόανα,</span> <span class='ocrx_word' id='word_1_60' title='bbox 1003 983 1254 1054; x_wconf 79' lang='grc' dir='ltr'><strong>οὐδεμίαν</strong></span> <span class='ocrx_word' id='word_1_61' title='bbox 1295 982 1354 1048; x_wconf 77' lang='grc' dir='ltr'><strong>ἐξ</strong></span> <span class='ocrx_word' id='word_1_62' title='bbox 1395 983 1600 1037; x_wconf 81' lang='grc' dir='ltr'>ἑαυτῶν</span> <span class='ocrx_word' id='word_1_63' title='bbox 1639 983 1848 1054; x_wconf 86' lang='grc' dir='ltr'>κίνησιν</span> 
     </span>
    </p>
   </div>
   <div class='ocr_carea' id='block_1_11' title="bbox 282 1069 1850 1146">
    <p class='ocr_par' dir='ltr' id='par_1_11' title="bbox 282 1069 1850 1146">
     <span class='ocr_line' id='line_1_11' title="bbox 282 1069 1850 1146; baseline 0.01 -24"><span class='ocrx_word' id='word_1_64' title='bbox 282 1069 667 1142; x_wconf 81' lang='grc' dir='ltr'>ἐπιδεχόμενα,</span> <span class='ocrx_word' id='word_1_65' title='bbox 714 1075 804 1128; x_wconf 74' lang='grc' dir='ltr'>καὶ</span> <span class='ocrx_word' id='word_1_66' title='bbox 839 1075 914 1138; x_wconf 85' lang='grc' dir='ltr'><strong>ῶς</strong></span> <span class='ocrx_word' id='word_1_67' title='bbox 955 1074 1122 1145; x_wconf 79' lang='grc' dir='ltr'>ψευδῆ</span> <span class='ocrx_word' id='word_1_68' title='bbox 1168 1076 1466 1146; x_wconf 74' lang='grc' dir='ltr'><strong>ἐκτήσαντο</strong></span> <span class='ocrx_word' id='word_1_69' title='bbox 1508 1077 1558 1128; x_wconf 79' lang='grc' dir='ltr'><strong>οἱ</strong></span> <span class='ocrx_word' id='word_1_70' title='bbox 1613 1075 1850 1146; x_wconf 81' lang='grc' dir='ltr'>πατέρες</span> 
     </span>
    </p>
   </div>
   <div class='ocr_carea' id='block_1_12' title="bbox 1958 611 3516 690">
    <p class='ocr_par' dir='ltr' id='par_1_12' title="bbox 1958 611 3516 690">
     <span class='ocr_line' id='line_1_12' title="bbox 1958 611 3516 690; baseline 0.01 -25"><span class='ocrx_word' id='word_1_71' title='bbox 1958 611 2058 678; x_wconf 99' lang='lat' dir='ltr'><strong>Qui</strong></span> <span class='ocrx_word' id='word_1_72' title='bbox 2106 615 2322 684; x_wconf 84' lang='lat' dir='ltr'><strong>quidem</strong></span> <span class='ocrx_word' id='word_1_73' title='bbox 2375 617 2505 672; x_wconf 81' lang='lat' dir='ltr'><strong>nihil</strong></span> <span class='ocrx_word' id='word_1_74' title='bbox 2547 627 2723 682; x_wconf 89' lang='lat' dir='ltr'><strong>erant,</strong></span> <span class='ocrx_word' id='word_1_75' title='bbox 2772 619 2877 674; x_wconf 90' lang='lat' dir='ltr'><strong>nisi</strong></span> <span class='ocrx_word' id='word_1_76' title='bbox 2925 621 3160 676; x_wconf 87' lang='lat' dir='ltr'><strong>inanima</strong></span> <span class='ocrx_word' id='word_1_77' title='bbox 3205 624 3516 690; x_wconf 85' lang='lat' dir='ltr'><strong>simulacra,</strong></span> 
     </span>
    </p>
   </div>
   <div class='ocr_carea' id='block_1_13' title="bbox 1959 705 3518 783">
    <p class='ocr_par' dir='ltr' id='par_1_13' title="bbox 1959 705 3518 783">
     <span class='ocr_line' id='line_1_13' title="bbox 1959 705 3518 783; baseline 0.012 -29"><span class='ocrx_word' id='word_1_78' title='bbox 1959 705 2170 757; x_wconf 80' lang='lat' dir='ltr'><strong>nullum</strong></span> <span class='ocrx_word' id='word_1_79' title='bbox 2203 721 2231 757; x_wconf 90' lang='lat' dir='ltr'><strong>a</strong></span> <span class='ocrx_word' id='word_1_80' title='bbox 2262 721 2320 758; x_wconf 83' lang='lat' dir='ltr'><strong>se</strong></span> <span class='ocrx_word' id='word_1_81' title='bbox 2353 706 2487 775; x_wconf 84' lang='lat' dir='ltr'><strong>ipsis</strong></span> <span class='ocrx_word' id='word_1_82' title='bbox 2518 715 2720 762; x_wconf 88' lang='lat' dir='ltr'><strong>motum</strong></span> <span class='ocrx_word' id='word_1_83' title='bbox 2753 717 3066 773; x_wconf 74' lang='lat' dir='ltr'><strong>consecuta.</strong></span> <span class='ocrx_word' id='word_1_84' title='bbox 3102 719 3155 767; x_wconf 89' lang='lat' dir='ltr'><strong>et</strong></span> <span class='ocrx_word' id='word_1_85' title='bbox 3180 717 3336 783; x_wconf 84' lang='lat' dir='ltr'><strong>quasi</strong></span> <span class='ocrx_word' id='word_1_86' title='bbox 3368 733 3518 772; x_wconf 88' lang='lat' dir='ltr'><strong>men-</strong></span> 
     </span>
    </p>
   </div>
   <div class='ocr_carea' id='block_1_14' title="bbox 1961 796 3514 870">
    <p class='ocr_par' dir='ltr' id='par_1_14' title="bbox 1961 796 3514 870">
     <span class='ocr_line' id='line_1_14' title="bbox 1961 796 3514 870; baseline 0.012 -22"><span class='ocrx_word' id='word_1_87' title='bbox 1961 796 2114 850; x_wconf 85' lang='lat' dir='ltr'><strong>dacia</strong></span> <span class='ocrx_word' id='word_1_88' title='bbox 2149 808 2470 866; x_wconf 85' lang='lat' dir='ltr'><strong>acceperant</strong></span> <span class='ocrx_word' id='word_1_89' title='bbox 2513 809 2692 870; x_wconf 87' lang='lat' dir='ltr'><strong>patres</strong></span> <span class='ocrx_word' id='word_1_90' title='bbox 2746 802 2916 857; x_wconf 72' lang='lat' dir='ltr'><strong>nosrri</strong></span> <span class='ocrx_word' id='word_1_91' title='bbox 2959 803 3122 867; x_wconf 90' lang='lat' dir='ltr'><strong>idola,</strong></span> <span class='ocrx_word' id='word_1_92' title='bbox 3173 813 3225 860; x_wconf 91' lang='lat' dir='ltr'><strong>et</strong></span> <span class='ocrx_word' id='word_1_93' title='bbox 3263 821 3369 862; x_wconf 75' lang='lat' dir='ltr'><strong>nm</strong></span> <span class='ocrx_word' id='word_1_94' title='bbox 3402 821 3514 866; x_wconf 85' lang='lat' dir='ltr'><strong>erat</strong></span> 
     </span>
    </p>
   </div>
   <div class='ocr_carea' id='block_1_15' title="bbox 1962 887 3512 957">
    <p class='ocr_par' dir='ltr' id='par_1_15' title="bbox 1962 887 3512 957">
     <span class='ocr_line' id='line_1_15' title="bbox 1962 887 3512 957; baseline 0.009 -18"><span class='ocrx_word' id='word_1_95' title='bbox 1962 887 2014 940; x_wconf 92' lang='lat' dir='ltr'><strong>in</strong></span> <span class='ocrx_word' id='word_1_96' title='bbox 2046 893 2124 942; x_wconf 89' lang='lat' dir='ltr'><strong>eis</strong></span> <span class='ocrx_word' id='word_1_97' title='bbox 2158 890 2384 944; x_wconf 89' lang='lat' dir='ltr'><strong>utilitas.</strong></span> <span class='ocrx_word' id='word_1_98' title='bbox 2422 891 2575 957; x_wconf 80' lang='lat' dir='ltr'><strong>Quod</strong></span> <span class='ocrx_word' id='word_1_99' title='bbox 2607 901 2784 947; x_wconf 84' lang='lat' dir='ltr'><strong>autem</strong></span> <span class='ocrx_word' id='word_1_100' title='bbox 2819 892 2932 947; x_wconf 81' lang='lat' dir='ltr'><strong>haec</strong></span> <span class='ocrx_word' id='word_1_101' title='bbox 2965 894 3038 948; x_wconf 86' lang='lat' dir='ltr'><strong>ita</strong></span> <span class='ocrx_word' id='word_1_102' title='bbox 3079 893 3375 952; x_wconf 85' lang='lat' dir='ltr'><strong>Salvatoris</strong></span> <span class='ocrx_word' id='word_1_103' title='bbox 3411 915 3512 952; x_wconf 86' lang='lat' dir='ltr'><strong>no-</strong></span> 
     </span>
    </p>
   </div>
   <div class='ocr_carea' id='block_1_16' title="bbox 1959 981 3513 1060">
    <p class='ocr_par' dir='ltr' id='par_1_16' title="bbox 1959 981 3513 1060">
     <span class='ocr_line' id='line_1_16' title="bbox 1959 981 3513 1060; baseline 0.006 -25"><span class='ocrx_word' id='word_1_104' title='bbox 1959 981 2058 1035; x_wconf 88' lang='lat' dir='ltr'><strong>stri</strong></span> <span class='ocrx_word' id='word_1_105' title='bbox 2106 981 2322 1050; x_wconf 87' lang='lat' dir='ltr'><strong>impleta</strong></span> <span class='ocrx_word' id='word_1_106' title='bbox 2373 995 2497 1039; x_wconf 87' lang='lat' dir='ltr'><strong>sunt</strong></span> <span class='ocrx_word' id='word_1_107' title='bbox 2545 985 2800 1047; x_wconf 87' lang='lat' dir='ltr'><strong>adventu,</strong></span> <span class='ocrx_word' id='word_1_108' title='bbox 2840 987 3010 1057; x_wconf 80' lang='lat' dir='ltr'><strong>magis</strong></span> <span class='ocrx_word' id='word_1_109' title='bbox 3047 989 3302 1057; x_wconf 74' lang='lat' dir='ltr'><strong>(iper-ibus</strong></span> <span class='ocrx_word' id='word_1_110' title='bbox 3352 1005 3513 1060; x_wconf 88' lang='lat' dir='ltr'><strong>quam</strong></span> 
     </span>
    </p>
   </div>
   <div class='ocr_carea' id='block_1_17' title="bbox 1957 1073 2591 1130">
    <p class='ocr_par' dir='ltr' id='par_1_17' title="bbox 1957 1073 2591 1130">
     <span class='ocr_line' id='line_1_17' title="bbox 1957 1073 2591 1130; baseline 0.008 -6"><span class='ocrx_word' id='word_1_111' title='bbox 1957 1073 2136 1128; x_wconf 87' lang='lat' dir='ltr'><strong>verbis</strong></span> <span class='ocrx_word' id='word_1_112' title='bbox 2167 1073 2591 1130; x_wconf 85' lang='lat' dir='ltr'><strong>demonstratur.</strong></span> 
     </span>
    </p>
   </div>
   <div class='ocr_carea' id='block_1_18' title="bbox 285 1167 3510 1249">
    <p class='ocr_par' dir='ltr' id='par_1_18' title="bbox 285 1167 3510 1249">
     <span class='ocr_line' id='line_1_18' title="bbox 285 1167 3510 1249; baseline 0.003 -29"><span class='ocrx_word' id='word_1_113' title='bbox 285 1167 446 1238; x_wconf 81' lang='grc' dir='ltr'>ἡμῶν</span> <span class='ocrx_word' id='word_1_114' title='bbox 485 1170 806 1233; x_wconf 83' lang='grc' dir='ltr'>εῖδωλα,καὶ</span> <span class='ocrx_word' id='word_1_115' title='bbox 844 1173 943 1226; x_wconf 86' lang='grc' dir='ltr'>οὐκ</span> <span class='ocrx_word' id='word_1_116' title='bbox 983 1169 1050 1244; x_wconf 81' lang='grc' dir='ltr'><strong>ἦν</strong></span> <span class='ocrx_word' id='word_1_117' title='bbox 1091 1175 1148 1226; x_wconf 87' lang='grc' dir='ltr'><strong>ἐν</strong></span> <span class='ocrx_word' id='word_1_118' title='bbox 1180 1175 1362 1238; x_wconf 82' lang='grc' dir='ltr'>αὐτοῖς</span> <span class='ocrx_word' id='word_1_119' title='bbox 1399 1173 1680 1245; x_wconf 76' lang='grc' dir='ltr'><strong>ὠφέλημα.</strong></span> <span class='ocrx_word' id='word_1_120' title='bbox 1718 1173 1838 1224; x_wconf 89' lang='grc' dir='ltr'>Ὅτι</span> <span class='ocrx_word' id='word_1_121' title='bbox 1877 1171 1932 1224; x_wconf 88' lang='grc' dir='ltr'><strong>δέ</strong></span> <span class='ocrx_word' id='word_1_122' title='bbox 1957 1168 2106 1222; x_wconf 83' lang='grc' dir='ltr'>ταῦθ’</span> <span class='ocrx_word' id='word_1_123' title='bbox 2136 1169 2306 1236; x_wconf 76' lang='grc' dir='ltr'>οὕτως</span> <span class='ocrx_word' id='word_1_124' title='bbox 2329 1173 2420 1226; x_wconf 76' lang='grc' dir='ltr'><strong>ἐπὶ</strong></span> <span class='ocrx_word' id='word_1_125' title='bbox 2443 1177 2501 1244; x_wconf 80' lang='grc' dir='ltr'>τῇ</span> <span class='ocrx_word' id='word_1_126' title='bbox 2530 1173 2622 1227; x_wconf 91' lang='grc' dir='ltr'>τοῦ</span> <span class='ocrx_word' id='word_1_127' title='bbox 2677 1175 2922 1245; x_wconf 79' lang='grc' dir='ltr'><strong>Σωτῆρος</strong></span> <span class='ocrx_word' id='word_1_128' title='bbox 2973 1174 3129 1245; x_wconf 73' lang='grc' dir='ltr'>ἡμῶν</span> <span class='ocrx_word' id='word_1_129' title='bbox 3186 1175 3510 1249; x_wconf 78' lang='grc' dir='ltr'>ἀπετελέσθη</span> 
     </span>
    </p>
   </div>
   <div class='ocr_carea' id='block_1_19' title="bbox 284 1261 2361 1338">
    <p class='ocr_par' dir='ltr' id='par_1_19' title="bbox 284 1261 2361 1338">
     <span class='ocr_line' id='line_1_19' title="bbox 284 1261 2361 1338; baseline 0.001 -25"><span class='ocrx_word' id='word_1_130' title='bbox 284 1261 559 1333; x_wconf 75' lang='grc' dir='ltr'>παρουσία</span> <span class='ocrx_word' id='word_1_131' title='bbox 589 1264 786 1332; x_wconf 78' lang='grc' dir='ltr'>μᾶλλον</span> <span class='ocrx_word' id='word_1_132' title='bbox 817 1263 922 1318; x_wconf 90' lang='grc' dir='ltr'><strong>τῶν</strong></span> <span class='ocrx_word' id='word_1_133' title='bbox 947 1264 1119 1334; x_wconf 64' lang='grc' dir='ltr'>λόγων</span> <span class='ocrx_word' id='word_1_134' title='bbox 1147 1268 1178 1336; x_wconf 89' lang='grc' dir='ltr'>ἡ</span> <span class='ocrx_word' id='word_1_135' title='bbox 1215 1265 1281 1318; x_wconf 85' lang='grc' dir='ltr'>δι’</span> <span class='ocrx_word' id='word_1_136' title='bbox 1317 1265 1490 1338; x_wconf 77' lang='grc' dir='ltr'>ἔργων</span> <span class='ocrx_word' id='word_1_137' title='bbox 1524 1266 1586 1334; x_wconf 79' lang='lat' dir='ltr'><strong>(f;</strong></span> <span class='ocrx_word' id='word_1_138' title='bbox 1621 1265 1708 1336; x_wconf 71' lang='lat'><strong>52)</strong></span> <span class='ocrx_word' id='word_1_139' title='bbox 1738 1265 2030 1336; x_wconf 77' lang='grc' dir='ltr'>παρίστησι</span> <span class='ocrx_word' id='word_1_140' title='bbox 2069 1266 2361 1337; x_wconf 85' lang='grc' dir='ltr'>μαρτυρία.</span> 
     </span>
    </p>
   </div>
   <div class='ocr_carea' id='block_1_20' title="bbox 805 1380 1318 1434">
    <p class='ocr_par' dir='ltr' id='par_1_20' title="bbox 805 1380 1318 1434">
     <span class='ocr_line' id='line_1_20' title="bbox 805 1380 1318 1434; baseline 0.006 -3"><span class='ocrx_word' id='word_1_141' title='bbox 805 1380 1196 1433; x_wconf 78' lang='grc' dir='ltr'><strong>ΚΕΦΑΛΑΙΟΝ</strong></span> <span class='ocrx_word' id='word_1_142' title='bbox 1237 1383 1318 1434; x_wconf 82' lang='lat' dir='ltr'><strong>K&#39;.</strong></span> 
     </span>
    </p>
   </div>
   <div class='ocr_carea' id='block_1_21' title="bbox 358 1467 1848 1546">
    <p class='ocr_par' dir='ltr' id='par_1_21' title="bbox 358 1467 1848 1546">
     <span class='ocr_line' id='line_1_21' title="bbox 358 1467 1848 1546; baseline 0.007 -28"><span class='ocrx_word' id='word_1_143' title='bbox 358 1486 378 1518; x_wconf 72' lang='grc' dir='ltr'><strong>ι</strong></span> <span class='ocrx_word' id='word_1_144' title='bbox 431 1467 622 1521; x_wconf 83' lang='grc' dir='ltr'>Ἰακὼϐ</span> <span class='ocrx_word' id='word_1_145' title='bbox 648 1471 676 1522; x_wconf 87' lang='grc' dir='ltr'>ὁ</span> <span class='ocrx_word' id='word_1_146' title='bbox 700 1473 828 1534; x_wconf 90' lang='grc' dir='ltr'>παῖς</span> <span class='ocrx_word' id='word_1_147' title='bbox 854 1488 974 1540; x_wconf 83' lang='grc' dir='ltr'>μου,</span> <span class='ocrx_word' id='word_1_148' title='bbox 1005 1472 1364 1542; x_wconf 80' lang='grc' dir='ltr'>ἀντιλήψομαι</span> <span class='ocrx_word' id='word_1_149' title='bbox 1389 1473 1550 1527; x_wconf 81' lang='grc' dir='ltr'>αὐτοῦ</span> <span class='ocrx_word' id='word_1_150' title='bbox 1571 1491 1584 1503; x_wconf 87' lang='grc'><strong>·</strong></span> <span class='ocrx_word' id='word_1_151' title='bbox 1635 1475 1848 1546; x_wconf 82' lang='grc' dir='ltr'>Ἰσραὴλ</span> 
     </span>
    </p>
   </div>
   <div class='ocr_carea' id='block_1_22' title="bbox 279 1559 1839 1637">
    <p class='ocr_par' dir='ltr' id='par_1_22' title="bbox 279 1559 1839 1637">
     <span class='ocr_line' id='line_1_22' title="bbox 279 1559 1839 1637; baseline 0.004 -26"><span class='ocrx_word' id='word_1_152' title='bbox 279 1559 310 1610; x_wconf 83' lang='grc' dir='ltr'><strong>ὁ</strong></span> <span class='ocrx_word' id='word_1_153' title='bbox 360 1559 613 1623; x_wconf 84' lang='grc' dir='ltr'>ἐκλεκτός</span> <span class='ocrx_word' id='word_1_154' title='bbox 663 1577 786 1631; x_wconf 83' lang='grc' dir='ltr'>μου,</span> <span class='ocrx_word' id='word_1_155' title='bbox 839 1563 1192 1634; x_wconf 80' lang='grc' dir='ltr'>προσεδέξατο</span> <span class='ocrx_word' id='word_1_156' title='bbox 1238 1565 1396 1618; x_wconf 82' lang='grc' dir='ltr'>αὑτὸν</span> <span class='ocrx_word' id='word_1_157' title='bbox 1443 1568 1475 1636; x_wconf 84' lang='grc' dir='ltr'>ἠ</span> <span class='ocrx_word' id='word_1_158' title='bbox 1519 1566 1662 1636; x_wconf 73' lang='grc' dir='ltr'>ψυχή</span> <span class='ocrx_word' id='word_1_159' title='bbox 1702 1583 1839 1637; x_wconf 84' lang='grc' dir='ltr'>μου·</span> 
     </span>
    </p>
   </div>
   <div class='ocr_carea' id='block_1_23' title="bbox 281 1655 1845 1730">
    <p class='ocr_par' dir='ltr' id='par_1_23' title="bbox 281 1655 1845 1730">
     <span class='ocr_line' id='line_1_23' title="bbox 281 1655 1845 1730; baseline 0.005 -25"><span class='ocrx_word' id='word_1_160' title='bbox 281 1655 457 1706; x_wconf 75' lang='grc' dir='ltr'>ἔδωκα</span> <span class='ocrx_word' id='word_1_161' title='bbox 489 1655 549 1707; x_wconf 78' lang='grc' dir='ltr'><strong>τὸ</strong></span> <span class='ocrx_word' id='word_1_162' title='bbox 576 1655 798 1725; x_wconf 87' lang='grc' dir='ltr'>Πνεῦμά</span> <span class='ocrx_word' id='word_1_163' title='bbox 827 1674 925 1726; x_wconf 86' lang='grc' dir='ltr'><strong>μου</strong></span> <span class='ocrx_word' id='word_1_164' title='bbox 960 1658 1046 1710; x_wconf 91' lang='grc' dir='ltr'>ἐπ’</span> <span class='ocrx_word' id='word_1_165' title='bbox 1073 1659 1232 1712; x_wconf 81' lang='grc' dir='ltr'>αὐτόν</span> <span class='ocrx_word' id='word_1_166' title='bbox 1252 1676 1264 1688; x_wconf 90' lang='grc'><strong>·</strong></span> <span class='ocrx_word' id='word_1_167' title='bbox 1295 1658 1470 1730; x_wconf 77' lang='grc' dir='ltr'>κρίσιν</span> <span class='ocrx_word' id='word_1_168' title='bbox 1500 1662 1612 1722; x_wconf 85' lang='grc' dir='ltr'>τοῖς</span> <span class='ocrx_word' id='word_1_169' title='bbox 1639 1659 1845 1713; x_wconf 75' lang='grc' dir='ltr'>ἔθνεσιν</span> 
     </span>
    </p>
   </div>
   <div class='ocr_carea' id='block_1_24' title="bbox 280 1743 1844 1820">
    <p class='ocr_par' dir='ltr' id='par_1_24' title="bbox 280 1743 1844 1820">
     <span class='ocr_line' id='line_1_24' title="bbox 280 1743 1844 1820; baseline 0.004 -24"><span class='ocrx_word' id='word_1_170' title='bbox 280 1743 510 1808; x_wconf 81' lang='grc' dir='ltr'>ἐξοίσει·</span> <span class='ocrx_word' id='word_1_171' title='bbox 552 1747 609 1798; x_wconf 78' lang='grc' dir='ltr'><strong>οὐ</strong></span> <span class='ocrx_word' id='word_1_172' title='bbox 643 1747 979 1818; x_wconf 78' lang='grc' dir='ltr'>κεκράξεται,</span> <span class='ocrx_word' id='word_1_173' title='bbox 1021 1748 1137 1801; x_wconf 83' lang='grc' dir='ltr'><strong>οὐδὲ</strong></span> <span class='ocrx_word' id='word_1_174' title='bbox 1174 1749 1379 1819; x_wconf 88' lang='grc' dir='ltr'>ἀνήσει,</span> <span class='ocrx_word' id='word_1_175' title='bbox 1421 1749 1542 1802; x_wconf 80' lang='grc' dir='ltr'>οὐδέ</span> <span class='ocrx_word' id='word_1_176' title='bbox 1572 1749 1844 1820; x_wconf 86' lang='grc' dir='ltr'>ἀκουσθή-</span> 
     </span>
    </p>
   </div>
   <div class='ocr_carea' id='block_1_25' title="bbox 2531 1379 2923 1435">
    <p class='ocr_par' dir='ltr' id='par_1_25' title="bbox 2531 1379 2923 1435">
     <span class='ocr_line' id='line_1_25' title="bbox 2531 1379 2923 1435; baseline 0 -1"><span class='ocrx_word' id='word_1_177' title='bbox 2531 1379 2758 1434; x_wconf 85' lang='lat' dir='ltr'><strong>CAPUT</strong></span> <span class='ocrx_word' id='word_1_178' title='bbox 2810 1379 2923 1435; x_wconf 76' lang='lat' dir='ltr'><strong>XX.</strong></span> 
     </span>
    </p>
   </div>
   <div class='ocr_carea' id='block_1_26' title="bbox 2027 1466 3510 1539">
    <p class='ocr_par' dir='ltr' id='par_1_26' title="bbox 2027 1466 3510 1539">
     <span class='ocr_line' id='line_1_26' title="bbox 2027 1466 3510 1539; baseline 0.007 -19"><span class='ocrx_word' id='word_1_179' title='bbox 2027 1486 2046 1519; x_wconf 72' lang='grc' dir='ltr'><strong>ι</strong></span> <span class='ocrx_word' id='word_1_180' title='bbox 2081 1466 2251 1523; x_wconf 85' lang='lat' dir='ltr'><strong>Jacob</strong></span> <span class='ocrx_word' id='word_1_181' title='bbox 2303 1485 2436 1538; x_wconf 91' lang='lat' dir='ltr'><strong>puer</strong></span> <span class='ocrx_word' id='word_1_182' title='bbox 2466 1485 2639 1533; x_wconf 86' lang='lat' dir='ltr'><strong>meus,</strong></span> <span class='ocrx_word' id='word_1_183' title='bbox 2667 1471 2957 1539; x_wconf 85' lang='lat' dir='ltr'><strong>suscipiam</strong></span> <span class='ocrx_word' id='word_1_184' title='bbox 2985 1487 3106 1525; x_wconf 89' lang='lat' dir='ltr'><strong>eum</strong></span> <span class='ocrx_word' id='word_1_185' title='bbox 3143 1471 3345 1527; x_wconf 89' lang='lat' dir='ltr'><strong>:lsrael</strong></span> <span class='ocrx_word' id='word_1_186' title='bbox 3399 1475 3510 1530; x_wconf 88' lang='lat' dir='ltr'><strong>ele-</strong></span> 
     </span>
    </p>
   </div>
   <div class='ocr_carea' id='block_1_27' title="bbox 1948 1562 3510 1634">
    <p class='ocr_par' dir='ltr' id='par_1_27' title="bbox 1948 1562 3510 1634">
     <span class='ocr_line' id='line_1_27' title="bbox 1948 1562 3510 1634; baseline 0.003 -20"><span class='ocrx_word' id='word_1_187' title='bbox 1948 1568 2069 1615; x_wconf 91' lang='lat' dir='ltr'><strong>ctus</strong></span> <span class='ocrx_word' id='word_1_188' title='bbox 2099 1577 2271 1625; x_wconf 88' lang='lat' dir='ltr'><strong>meus,</strong></span> <span class='ocrx_word' id='word_1_189' title='bbox 2301 1562 2594 1631; x_wconf 69' lang='lat' dir='ltr'><strong>aSSumpsit</strong></span> <span class='ocrx_word' id='word_1_190' title='bbox 2629 1577 2753 1616; x_wconf 91' lang='lat' dir='ltr'><strong>eum</strong></span> <span class='ocrx_word' id='word_1_191' title='bbox 2779 1563 2958 1614; x_wconf 86' lang='lat' dir='ltr'><strong>anima</strong></span> <span class='ocrx_word' id='word_1_192' title='bbox 2988 1578 3104 1616; x_wconf 87' lang='lat' dir='ltr'><strong>mea</strong></span> <span class='ocrx_word' id='word_1_193' title='bbox 3140 1583 3152 1618; x_wconf 88' lang='lat'><strong>:</strong></span> <span class='ocrx_word' id='word_1_194' title='bbox 3189 1564 3308 1619; x_wconf 85' lang='lat' dir='ltr'><strong>dedi</strong></span> <span class='ocrx_word' id='word_1_195' title='bbox 3337 1563 3510 1634; x_wconf 87' lang='lat' dir='ltr'><strong>Spiri-</strong></span> 
     </span>
    </p>
   </div>
   <div class='ocr_carea' id='block_1_28' title="bbox 1956 1651 3506 1722">
    <p class='ocr_par' dir='ltr' id='par_1_28' title="bbox 1956 1651 3506 1722">
     <span class='ocr_line' id='line_1_28' title="bbox 1956 1651 3506 1722; baseline 0.004 -20"><span class='ocrx_word' id='word_1_196' title='bbox 1956 1657 2070 1706; x_wconf 90' lang='lat' dir='ltr'><strong>tum</strong></span> <span class='ocrx_word' id='word_1_197' title='bbox 2097 1665 2275 1704; x_wconf 90' lang='lat' dir='ltr'><strong>meum</strong></span> <span class='ocrx_word' id='word_1_198' title='bbox 2302 1665 2465 1719; x_wconf 84' lang='lat' dir='ltr'><strong>super</strong></span> <span class='ocrx_word' id='word_1_199' title='bbox 2495 1665 2616 1704; x_wconf 92' lang='lat' dir='ltr'><strong>eum</strong></span> <span class='ocrx_word' id='word_1_200' title='bbox 2640 1669 2654 1718; x_wconf 93' lang='lat'><strong>;</strong></span> <span class='ocrx_word' id='word_1_201' title='bbox 2679 1651 2944 1720; x_wconf 88' lang='lat' dir='ltr'><strong>judicium</strong></span> <span class='ocrx_word' id='word_1_202' title='bbox 2970 1653 3218 1721; x_wconf 80' lang='lat' dir='ltr'><strong>gentibus</strong></span> <span class='ocrx_word' id='word_1_203' title='bbox 3238 1654 3506 1722; x_wconf 83' lang='lat' dir='ltr'><strong>proferet;</strong></span> 
     </span>
    </p>
   </div>
   <div class='ocr_carea' id='block_1_29' title="bbox 1950 1743 3507 1813">
    <p class='ocr_par' dir='ltr' id='par_1_29' title="bbox 1950 1743 3507 1813">
     <span class='ocr_line' id='line_1_29' title="bbox 1950 1743 3507 1813; baseline 0.003 -17"><span class='ocrx_word' id='word_1_204' title='bbox 1950 1757 2058 1796; x_wconf 87' lang='lat' dir='ltr'><strong>non</strong></span> <span class='ocrx_word' id='word_1_205' title='bbox 2081 1743 2355 1806; x_wconf 87' lang='lat' dir='ltr'><strong>clamabit,</strong></span> <span class='ocrx_word' id='word_1_206' title='bbox 2385 1759 2559 1813; x_wconf 90' lang='lat' dir='ltr'><strong>neque</strong></span> <span class='ocrx_word' id='word_1_207' title='bbox 2588 1746 2846 1806; x_wconf 86' lang='lat' dir='ltr'><strong>remittet,</strong></span> <span class='ocrx_word' id='word_1_208' title='bbox 2888 1757 3065 1812; x_wconf 88' lang='lat' dir='ltr'><strong>neque</strong></span> <span class='ocrx_word' id='word_1_209' title='bbox 3091 1745 3343 1799; x_wconf 83' lang='lat' dir='ltr'><strong>audietur</strong></span> <span class='ocrx_word' id='word_1_210' title='bbox 3376 1745 3507 1800; x_wconf 84' lang='lat' dir='ltr'><strong>foris</strong></span> 
     </span>
    </p>
   </div>
   <div class='ocr_carea' id='block_1_30' title="bbox 278 1831 1829 1923">
    <p class='ocr_par' dir='ltr' id='par_1_30' title="bbox 278 1832 1829 1910">
     <span class='ocr_line' id='line_1_30' title="bbox 278 1832 1829 1910; baseline 0.005 -25"><span class='ocrx_word' id='word_1_211' title='bbox 278 1849 436 1886; x_wconf 86' lang='grc' dir='ltr'>σεται</span> <span class='ocrx_word' id='word_1_212' title='bbox 473 1832 575 1897; x_wconf 80' lang='grc' dir='ltr'>ἕξω</span> <span class='ocrx_word' id='word_1_213' title='bbox 606 1837 638 1905; x_wconf 84' lang='grc' dir='ltr'>ἡ</span> <span class='ocrx_word' id='word_1_214' title='bbox 685 1834 832 1904; x_wconf 77' lang='grc' dir='ltr'>φωνὴ</span> <span class='ocrx_word' id='word_1_215' title='bbox 869 1837 1061 1889; x_wconf 81' lang='grc' dir='ltr'>αὐτοῦ·</span> <span class='ocrx_word' id='word_1_216' title='bbox 1100 1837 1340 1908; x_wconf 86' lang='grc' dir='ltr'>κάλαμον</span> <span class='ocrx_word' id='word_1_217' title='bbox 1375 1837 1732 1910; x_wconf 83' lang='grc' dir='ltr'>τεθλασμένον</span> <span class='ocrx_word' id='word_1_218' title='bbox 1779 1842 1829 1893; x_wconf 74' lang='grc' dir='ltr'><strong>οἰ</strong></span> 
     </span>
    </p>
   </div>
   <div class='ocr_carea' id='block_1_31' title="bbox 1933 1831 3506 1923">
    <p class='ocr_par' dir='ltr' id='par_1_31' title="bbox 1947 1831 3506 1902">
     <span class='ocr_line' id='line_1_31' title="bbox 1947 1831 3506 1902; baseline 0.003 -18"><span class='ocrx_word' id='word_1_219' title='bbox 1947 1845 2050 1884; x_wconf 83' lang='lat' dir='ltr'><strong>vox</strong></span> <span class='ocrx_word' id='word_1_220' title='bbox 2079 1831 2220 1899; x_wconf 87' lang='lat' dir='ltr'><strong>ejus;</strong></span> <span class='ocrx_word' id='word_1_221' title='bbox 2247 1832 2511 1886; x_wconf 81' lang='lat' dir='ltr'><strong>calamum</strong></span> <span class='ocrx_word' id='word_1_222' title='bbox 2541 1833 2835 1886; x_wconf 90' lang='lat' dir='ltr'><strong>contritum</strong></span> <span class='ocrx_word' id='word_1_223' title='bbox 2866 1848 2974 1885; x_wconf 92' lang='lat' dir='ltr'><strong>non</strong></span> <span class='ocrx_word' id='word_1_224' title='bbox 3005 1831 3234 1902; x_wconf 82' lang='lat' dir='ltr'><strong>franget,</strong></span> <span class='ocrx_word' id='word_1_225' title='bbox 3263 1843 3316 1887; x_wconf 90' lang='lat' dir='ltr'><strong>et</strong></span> <span class='ocrx_word' id='word_1_226' title='bbox 3339 1835 3506 1888; x_wconf 88' lang='lat' dir='ltr'><strong>linum</strong></span> 
     </span>
    </p>
   </div>
   <div class='ocr_carea' id='block_1_32' title="bbox 281 1926 1842 2000">
    <p class='ocr_par' dir='ltr' id='par_1_32' title="bbox 281 1926 1842 2000">
     <span class='ocr_line' id='line_1_32' title="bbox 281 1926 1842 2000; baseline 0.004 -22"><span class='ocrx_word' id='word_1_227' title='bbox 281 1926 580 1996; x_wconf 76' lang='grc' dir='ltr'>συντρίψει,</span> <span class='ocrx_word' id='word_1_228' title='bbox 629 1929 722 1980; x_wconf 73' lang='grc' dir='ltr'>καὶ</span> <span class='ocrx_word' id='word_1_229' title='bbox 759 1928 900 1981; x_wconf 90' lang='grc' dir='ltr'>λίνον</span> <span class='ocrx_word' id='word_1_230' title='bbox 946 1929 1336 2000; x_wconf 85' lang='grc' dir='ltr'>καπνιζὸμενον</span> <span class='ocrx_word' id='word_1_231' title='bbox 1376 1931 1436 1983; x_wconf 77' lang='grc' dir='ltr'><strong>οὐ</strong></span> <span class='ocrx_word' id='word_1_232' title='bbox 1479 1930 1686 1985; x_wconf 78' lang='grc' dir='ltr'>σϐέσειο</span> <span class='ocrx_word' id='word_1_233' title='bbox 1725 1933 1842 1985; x_wconf 84' lang='grc' dir='ltr'>ἀλλ’</span> 
     </span>
    </p>
   </div>
   <div class='ocr_carea' id='block_1_33' title="bbox 275 2018 1843 2095">
    <p class='ocr_par' dir='ltr' id='par_1_33' title="bbox 275 2018 1843 2095">
     <span class='ocr_line' id='line_1_33' title="bbox 275 2018 1843 2095; baseline 0.005 -25"><span class='ocrx_word' id='word_1_234' title='bbox 275 2020 358 2080; x_wconf 86' lang='grc' dir='ltr'><strong>είς</strong></span> <span class='ocrx_word' id='word_1_235' title='bbox 389 2018 639 2090; x_wconf 79' lang='grc' dir='ltr'>ἀλήθειαν</span> <span class='ocrx_word' id='word_1_236' title='bbox 665 2019 853 2083; x_wconf 75' lang='grc' dir='ltr'>ἐξοίσει</span> <span class='ocrx_word' id='word_1_237' title='bbox 877 2021 1054 2092; x_wconf 85' lang='grc' dir='ltr'>κρίσιν</span> <span class='ocrx_word' id='word_1_238' title='bbox 1077 2038 1090 2051; x_wconf 87' lang='grc'><strong>·</strong></span> <span class='ocrx_word' id='word_1_239' title='bbox 1119 2021 1420 2092; x_wconf 54' lang='grc' dir='ltr'>ἀναλάμψει</span> <span class='ocrx_word' id='word_1_240' title='bbox 1455 2025 1548 2077; x_wconf 75' lang='grc' dir='ltr'>καὶ</span> <span class='ocrx_word' id='word_1_241' title='bbox 1575 2025 1634 2077; x_wconf 80' lang='grc' dir='ltr'>οὐ</span> <span class='ocrx_word' id='word_1_242' title='bbox 1680 2024 1843 2095; x_wconf 88' lang='grc' dir='ltr'>θραυ-</span> 
     </span>
    </p>
   </div>
   <div class='ocr_carea' id='block_1_34' title="bbox 275 2108 1842 2184">
    <p class='ocr_par' dir='ltr' id='par_1_34' title="bbox 275 2108 1842 2184">
     <span class='ocr_line' id='line_1_34' title="bbox 275 2108 1842 2184; baseline 0.004 -24"><span class='ocrx_word' id='word_1_243' title='bbox 275 2108 535 2179; x_wconf 81' lang='grc' dir='ltr'>σθήσεται</span> <span class='ocrx_word' id='word_1_244' title='bbox 566 2109 668 2171; x_wconf 72' lang='grc' dir='ltr'>ἕως</span> <span class='ocrx_word' id='word_1_245' title='bbox 696 2109 760 2162; x_wconf 85' lang='grc' dir='ltr'>ἂν</span> <span class='ocrx_word' id='word_1_246' title='bbox 791 2109 854 2180; x_wconf 82' lang='grc' dir='ltr'>θῇ</span> <span class='ocrx_word' id='word_1_247' title='bbox 880 2110 970 2163; x_wconf 73' lang='grc' dir='ltr'><strong>ἐπὶ</strong></span> <span class='ocrx_word' id='word_1_248' title='bbox 1008 2111 1106 2180; x_wconf 85' lang='grc' dir='ltr'><strong>τῆς</strong></span> <span class='ocrx_word' id='word_1_249' title='bbox 1133 2112 1233 2181; x_wconf 89' lang='grc' dir='ltr'><strong>γῆς</strong></span> <span class='ocrx_word' id='word_1_250' title='bbox 1265 2111 1475 2184; x_wconf 81' lang='grc' dir='ltr'>κρίσιν’</span> <span class='ocrx_word' id='word_1_251' title='bbox 1513 2114 1604 2166; x_wconf 73' lang='grc' dir='ltr'>καὶ</span> <span class='ocrx_word' id='word_1_252' title='bbox 1649 2114 1741 2167; x_wconf 73' lang='grc' dir='ltr'>ἐπὶ</span> <span class='ocrx_word' id='word_1_253' title='bbox 1764 2114 1842 2184; x_wconf 85' lang='grc' dir='ltr'>τῷ</span> 
     </span>
    </p>
   </div>
   <div class='ocr_carea' id='block_1_35' title="bbox 273 2199 1840 2278">
    <p class='ocr_par' dir='ltr' id='par_1_35' title="bbox 273 2199 1840 2278">
     <span class='ocr_line' id='line_1_35' title="bbox 273 2199 1840 2278; baseline 0.006 -28"><span class='ocrx_word' id='word_1_254' title='bbox 273 2199 500 2267; x_wconf 76' lang='grc' dir='ltr'>ὀνόματι</span> <span class='ocrx_word' id='word_1_255' title='bbox 541 2199 702 2253; x_wconf 80' lang='grc' dir='ltr'>αὐτοῦ</span> <span class='ocrx_word' id='word_1_256' title='bbox 740 2201 864 2271; x_wconf 77' lang='grc' dir='ltr'>ἔθνη</span> <span class='ocrx_word' id='word_1_257' title='bbox 897 2202 1188 2255; x_wconf 80' lang='grc' dir='ltr'>ἐλπιοῦσιν.</span> <span class='ocrx_word' id='word_1_258' title='bbox 1229 2203 1413 2268; x_wconf 83' lang='grc' dir='ltr'>Οῦτως</span> <span class='ocrx_word' id='word_1_259' title='bbox 1455 2205 1602 2273; x_wconf 86' lang='grc' dir='ltr'>λέγει</span> <span class='ocrx_word' id='word_1_260' title='bbox 1642 2205 1840 2278; x_wconf 81' lang='grc' dir='ltr'>Κύριος</span> 
     </span>
    </p>
   </div>
   <div class='ocr_carea' id='block_1_36' title="bbox 270 2291 1838 2368">
    <p class='ocr_par' dir='ltr' id='par_1_36' title="bbox 270 2291 1838 2368">
     <span class='ocr_line' id='line_1_36' title="bbox 270 2291 1838 2368; baseline 0.006 -26"><span class='ocrx_word' id='word_1_261' title='bbox 270 2293 302 2343; x_wconf 86' lang='grc' dir='ltr'><strong>ὀ</strong></span> <span class='ocrx_word' id='word_1_262' title='bbox 335 2291 468 2352; x_wconf 81' lang='grc' dir='ltr'>Θεὸς</span> <span class='ocrx_word' id='word_1_263' title='bbox 507 2294 536 2344; x_wconf 84' lang='grc' dir='ltr'><strong>ὁ</strong></span> <span class='ocrx_word' id='word_1_264' title='bbox 581 2293 808 2364; x_wconf 84' lang='grc' dir='ltr'>ποιήσας</span> <span class='ocrx_word' id='word_1_265' title='bbox 846 2294 934 2346; x_wconf 77' lang='grc' dir='ltr'>τὸν</span> <span class='ocrx_word' id='word_1_266' title='bbox 975 2295 1195 2366; x_wconf 75' lang='grc' dir='ltr'>οὐρανὸν</span> <span class='ocrx_word' id='word_1_267' title='bbox 1245 2296 1339 2349; x_wconf 73' lang='grc' dir='ltr'>καὶ</span> <span class='ocrx_word' id='word_1_268' title='bbox 1383 2297 1558 2368; x_wconf 82' lang='grc' dir='ltr'><strong>πήξας</strong></span> <span class='ocrx_word' id='word_1_269' title='bbox 1599 2299 1778 2362; x_wconf 82' lang='grc' dir='ltr'>αὐτὸν,</span> <span class='ocrx_word' id='word_1_270' title='bbox 1811 2301 1838 2352; x_wconf 76' lang='grc' dir='ltr'>ὁ</span> 
     </span>
    </p>
   </div>
   <div class='ocr_carea' id='block_1_37' title="bbox 275 2374 1840 2462">
    <p class='ocr_par' dir='ltr' id='par_1_37' title="bbox 275 2374 1840 2462">
     <span class='ocr_line' id='line_1_37' title="bbox 275 2374 1840 2462; baseline 0.006 -28"><span class='ocrx_word' id='word_1_271' title='bbox 275 2381 584 2454; x_wconf 81' lang='grc' dir='ltr'>στερεώσας</span> <span class='ocrx_word' id='word_1_272' title='bbox 610 2384 706 2455; x_wconf 82' lang='grc' dir='ltr'>τὴν</span> <span class='ocrx_word' id='word_1_273' title='bbox 731 2384 832 2456; x_wconf 90' lang='grc' dir='ltr'><strong>γῆν</strong></span> <span class='ocrx_word' id='word_1_274' title='bbox 857 2386 948 2439; x_wconf 70' lang='grc' dir='ltr'>καὶ</span> <span class='ocrx_word' id='word_1_275' title='bbox 975 2386 1042 2439; x_wconf 84' lang='grc' dir='ltr'>τὰ</span> <span class='ocrx_word' id='word_1_276' title='bbox 1076 2388 1132 2440; x_wconf 92' lang='grc' dir='ltr'><strong>ἐν</strong></span> <span class='ocrx_word' id='word_1_277' title='bbox 1157 2387 1314 2457; x_wconf 79' lang='grc' dir='ltr'>αὐτῇ,</span> <span class='ocrx_word' id='word_1_278' title='bbox 1342 2389 1434 2442; x_wconf 69' lang='grc' dir='ltr'>καὶ</span> <span class='ocrx_word' id='word_1_279' title='bbox 1460 2389 1634 2455; x_wconf 84' lang='grc' dir='ltr'>διδοὺς</span> <span class='ocrx_word' id='word_1_280' title='bbox 1673 2374 1840 2462; x_wconf 68' lang='grc' dir='ltr'>πνοὴν</span> 
     </span>
    </p>
   </div>
   <div class='ocr_carea' id='block_1_38' title="bbox 270 2472 1838 2548">
    <p class='ocr_par' dir='ltr' id='par_1_38' title="bbox 270 2472 1838 2548">
     <span class='ocr_line' id='line_1_38' title="bbox 270 2472 1838 2548; baseline 0.005 -24"><span class='ocrx_word' id='word_1_281' title='bbox 270 2472 352 2543; x_wconf 84' lang='grc' dir='ltr'>τῷ</span> <span class='ocrx_word' id='word_1_282' title='bbox 393 2472 508 2543; x_wconf 84' lang='grc' dir='ltr'><strong>λαῷ</strong></span> <span class='ocrx_word' id='word_1_283' title='bbox 551 2474 629 2544; x_wconf 82' lang='grc' dir='ltr'>τῷ</span> <span class='ocrx_word' id='word_1_284' title='bbox 661 2476 748 2526; x_wconf 82' lang='grc' dir='ltr'>ἐπ’</span> <span class='ocrx_word' id='word_1_285' title='bbox 793 2475 980 2546; x_wconf 75' lang='grc' dir='ltr'>αὐτῆς,</span> <span class='ocrx_word' id='word_1_286' title='bbox 1035 2477 1126 2530; x_wconf 71' lang='grc' dir='ltr'>καὶ</span> <span class='ocrx_word' id='word_1_287' title='bbox 1171 2476 1386 2548; x_wconf 84' lang='grc' dir='ltr'>πνεῦμα</span> <span class='ocrx_word' id='word_1_288' title='bbox 1432 2482 1544 2542; x_wconf 88' lang='grc' dir='ltr'>τοῖς</span> <span class='ocrx_word' id='word_1_289' title='bbox 1581 2481 1838 2534; x_wconf 76' lang='grc' dir='ltr'>πατοῦσιν</span> 
     </span>
    </p>
   </div>
   <div class='ocr_carea' id='block_1_39' title="bbox 273 2563 1835 2641">
    <p class='ocr_par' dir='ltr' id='par_1_39' title="bbox 273 2563 1835 2641">
     <span class='ocr_line' id='line_1_39' title="bbox 273 2563 1835 2641; baseline 0.004 -25"><span class='ocrx_word' id='word_1_290' title='bbox 273 2564 448 2632; x_wconf 85' lang='grc' dir='ltr'>αὐτήν</span> <span class='ocrx_word' id='word_1_291' title='bbox 468 2581 482 2595; x_wconf 69' lang='grc' dir='ltr'>θ</span> <span class='ocrx_word' id='word_1_292' title='bbox 508 2563 616 2631; x_wconf 82' lang='grc' dir='ltr'><strong>ἐγὼ</strong></span> <span class='ocrx_word' id='word_1_293' title='bbox 645 2563 847 2636; x_wconf 82' lang='grc' dir='ltr'>Κύριος</span> <span class='ocrx_word' id='word_1_294' title='bbox 868 2568 896 2618; x_wconf 88' lang='grc' dir='ltr'>ὁ</span> <span class='ocrx_word' id='word_1_295' title='bbox 919 2565 1048 2629; x_wconf 82' lang='grc' dir='ltr'>Θεὸς</span> <span class='ocrx_word' id='word_1_296' title='bbox 1077 2566 1309 2620; x_wconf 84' lang='grc' dir='ltr'>ἐκάλεσὰ</span> <span class='ocrx_word' id='word_1_297' title='bbox 1335 2585 1393 2620; x_wconf 92' lang='grc' dir='ltr'><strong>σε</strong></span> <span class='ocrx_word' id='word_1_298' title='bbox 1422 2570 1478 2622; x_wconf 84' lang='grc' dir='ltr'><strong>ἐν</strong></span> <span class='ocrx_word' id='word_1_299' title='bbox 1503 2569 1835 2641; x_wconf 67' lang='grc' dir='ltr'>δικαιοσίνῃ,</span> 
     </span>
    </p>
   </div>
   <div class='ocr_carea' id='block_1_40' title="bbox 268 2655 1838 2730">
    <p class='ocr_par' dir='ltr' id='par_1_40' title="bbox 268 2655 1838 2730">
     <span class='ocr_line' id='line_1_40' title="bbox 268 2655 1838 2730; baseline 0.005 -22"><span class='ocrx_word' id='word_1_300' title='bbox 268 2655 369 2708; x_wconf 69' lang='grc' dir='ltr'><strong>καὶ</strong></span> <span class='ocrx_word' id='word_1_301' title='bbox 399 2657 656 2727; x_wconf 88' lang='grc' dir='ltr'>κρατήσω</span> <span class='ocrx_word' id='word_1_302' title='bbox 697 2657 798 2726; x_wconf 85' lang='grc' dir='ltr'><strong>τῆς</strong></span> <span class='ocrx_word' id='word_1_303' title='bbox 836 2658 1015 2727; x_wconf 67' lang='grc' dir='ltr'>χειρός</span> <span class='ocrx_word' id='word_1_304' title='bbox 1054 2674 1146 2710; x_wconf 89' lang='grc' dir='ltr'>σου</span> <span class='ocrx_word' id='word_1_305' title='bbox 1181 2659 1274 2712; x_wconf 77' lang='grc' dir='ltr'>καὶ</span> <span class='ocrx_word' id='word_1_306' title='bbox 1309 2660 1571 2730; x_wconf 81' lang='grc' dir='ltr'>ἐνισχύσω</span> <span class='ocrx_word' id='word_1_307' title='bbox 1609 2679 1667 2716; x_wconf 84' lang='grc' dir='ltr'><strong>σε</strong></span> <span class='ocrx_word' id='word_1_308' title='bbox 1689 2680 1702 2693; x_wconf 88' lang='grc'><strong>·</strong></span> <span class='ocrx_word' id='word_1_309' title='bbox 1747 2663 1838 2716; x_wconf 77' lang='grc' dir='ltr'>καὶ</span> 
     </span>
    </p>
   </div>
   <div class='ocr_carea' id='block_1_41' title="bbox 268 2744 1836 2820">
    <p class='ocr_par' dir='ltr' id='par_1_41' title="bbox 268 2744 1836 2820">
     <span class='ocr_line' id='line_1_41' title="bbox 268 2744 1836 2820; baseline 0.006 -23"><span class='ocrx_word' id='word_1_310' title='bbox 268 2744 451 2798; x_wconf 79' lang='grc' dir='ltr'>ἑδωκά</span> <span class='ocrx_word' id='word_1_311' title='bbox 479 2763 538 2799; x_wconf 90' lang='grc' dir='ltr'><strong>σε</strong></span> <span class='ocrx_word' id='word_1_312' title='bbox 567 2748 645 2810; x_wconf 81' lang='grc' dir='ltr'><strong>είς</strong></span> <span class='ocrx_word' id='word_1_313' title='bbox 673 2747 932 2820; x_wconf 80' lang='grc' dir='ltr'>διαθήκην</span> <span class='ocrx_word' id='word_1_314' title='bbox 958 2750 1147 2817; x_wconf 78' lang='grc' dir='ltr'>γένους</span> <span class='ocrx_word' id='word_1_315' title='bbox 1171 2752 1251 2815; x_wconf 83' lang='grc' dir='ltr'><strong>εἰς</strong></span> <span class='ocrx_word' id='word_1_316' title='bbox 1278 2751 1394 2820; x_wconf 81' lang='grc' dir='ltr'>φῶς</span> <span class='ocrx_word' id='word_1_317' title='bbox 1414 2752 1602 2818; x_wconf 86' lang='grc' dir='ltr'>ἐθνῶν,</span> <span class='ocrx_word' id='word_1_318' title='bbox 1635 2754 1836 2818; x_wconf 83' lang='grc' dir='ltr'><strong>ἀνοῖξαι</strong></span> 
     </span>
    </p>
   </div>
   <div class='ocr_carea' id='block_1_42' title="bbox 267 2832 1831 2914">
    <p class='ocr_par' dir='ltr' id='par_1_42' title="bbox 267 2832 1831 2914">
     <span class='ocr_line' id='line_1_42' title="bbox 267 2832 1831 2914; baseline 0.008 -29"><span class='ocrx_word' id='word_1_319' title='bbox 267 2832 580 2905; x_wconf 72' lang='grc' dir='ltr'>ὀφθαλμοὺς</span> <span class='ocrx_word' id='word_1_320' title='bbox 611 2836 840 2905; x_wconf 83' lang='grc' dir='ltr'>τυφλῶν,</span> <span class='ocrx_word' id='word_1_321' title='bbox 865 2838 1146 2908; x_wconf 75' lang='grc' dir='ltr'>ἐξαγαγεῖν</span> <span class='ocrx_word' id='word_1_322' title='bbox 1171 2843 1234 2894; x_wconf 90' lang='grc' dir='ltr'><strong>ἐκ</strong></span> <span class='ocrx_word' id='word_1_323' title='bbox 1256 2841 1470 2912; x_wconf 86' lang='grc' dir='ltr'>δεσμῶν</span> <span class='ocrx_word' id='word_1_324' title='bbox 1499 2842 1831 2914; x_wconf 85' lang='grc' dir='ltr'>δεδεμένους,</span> 
     </span>
    </p>
   </div>
   <div class='ocr_carea' id='block_1_43' title="bbox 268 2926 1833 3004">
    <p class='ocr_par' dir='ltr' id='par_1_43' title="bbox 268 2926 1833 3004">
     <span class='ocr_line' id='line_1_43' title="bbox 268 2926 1833 3004; baseline 0.009 -26"><span class='ocrx_word' id='word_1_325' title='bbox 268 2926 366 2979; x_wconf 80' lang='grc' dir='ltr'>καὶ</span> <span class='ocrx_word' id='word_1_326' title='bbox 395 2926 450 2992; x_wconf 75' lang='grc' dir='ltr'><strong>ἐξ</strong></span> <span class='ocrx_word' id='word_1_327' title='bbox 483 2927 629 2981; x_wconf 81' lang='grc' dir='ltr'>οίκου</span> <span class='ocrx_word' id='word_1_328' title='bbox 661 2929 903 3000; x_wconf 84' lang='grc' dir='ltr'>φυλακῆς</span> <span class='ocrx_word' id='word_1_329' title='bbox 944 2931 1282 3004; x_wconf 85' lang='grc' dir='ltr'>καθημένους</span> <span class='ocrx_word' id='word_1_330' title='bbox 1314 2936 1371 2988; x_wconf 86' lang='grc' dir='ltr'><strong>ἐν</strong></span> <span class='ocrx_word' id='word_1_331' title='bbox 1416 2937 1614 2990; x_wconf 80' lang='grc' dir='ltr'>σκότει.</span> <span class='ocrx_word' id='word_1_332' title='bbox 1652 2956 1670 2988; x_wconf 74' lang='grc' dir='ltr'><strong>ι</strong></span> <span class='ocrx_word' id='word_1_333' title='bbox 1711 2937 1833 2992; x_wconf 85' lang='grc' dir='ltr'>Ὅτι</span> 
     </span>
    </p>
   </div>
   <div class='ocr_carea' id='block_1_44' title="bbox 270 3019 1834 3099">
    <p class='ocr_par' dir='ltr' id='par_1_44' title="bbox 270 3019 1834 3099">
     <span class='ocr_line' id='line_1_44' title="bbox 270 3019 1834 3099; baseline 0.009 -30"><span class='ocrx_word' id='word_1_334' title='bbox 270 3019 349 3088; x_wconf 82' lang='grc' dir='ltr'><strong>μὴ</strong></span> <span class='ocrx_word' id='word_1_335' title='bbox 393 3019 521 3089; x_wconf 75' lang='grc' dir='ltr'>περὶ</span> <span class='ocrx_word' id='word_1_336' title='bbox 565 3019 659 3072; x_wconf 90' lang='grc' dir='ltr'><strong>τοῦ</strong></span> <span class='ocrx_word' id='word_1_337' title='bbox 694 3020 800 3074; x_wconf 86' lang='grc' dir='ltr'><strong>τῶν</strong></span> <span class='ocrx_word' id='word_1_338' title='bbox 839 3023 1104 3078; x_wconf 84' lang='grc' dir='ltr'><strong>Ἰουδαίων</strong></span> <span class='ocrx_word' id='word_1_339' title='bbox 1143 3027 1272 3082; x_wconf 91' lang='grc' dir='ltr'>λαοῦ</span> <span class='ocrx_word' id='word_1_340' title='bbox 1319 3028 1714 3099; x_wconf 81' lang='grc' dir='ltr'>προφητεύεται</span> <span class='ocrx_word' id='word_1_341' title='bbox 1766 3029 1834 3083; x_wconf 85' lang='grc' dir='ltr'><strong>τά</strong></span> 
     </span>
    </p>
   </div>
   <div class='ocr_carea' id='block_1_45' title="bbox 269 3110 1828 3193">
    <p class='ocr_par' dir='ltr' id='par_1_45' title="bbox 269 3110 1828 3193">
     <span class='ocr_line' id='line_1_45' title="bbox 269 3110 1828 3193; baseline 0.009 -32"><span class='ocrx_word' id='word_1_342' title='bbox 269 3113 380 3162; x_wconf 81' lang='grc' dir='ltr'><strong>ἀπο</strong></span> <span class='ocrx_word' id='word_1_343' title='bbox 405 3110 500 3163; x_wconf 91' lang='grc' dir='ltr'>τοῦ</span> <span class='ocrx_word' id='word_1_344' title='bbox 524 3128 538 3143; x_wconf 80' lang='grc' dir='ltr'><strong>ο</strong></span> <span class='ocrx_word' id='word_1_345' title='bbox 570 3131 589 3164; x_wconf 75' lang='grc' dir='ltr'><strong>ι</strong></span> <span class='ocrx_word' id='word_1_346' title='bbox 632 3113 821 3166; x_wconf 85' lang='grc' dir='ltr'>Ἰακὼϐ</span> <span class='ocrx_word' id='word_1_347' title='bbox 867 3117 896 3168; x_wconf 80' lang='grc' dir='ltr'>ὁ</span> <span class='ocrx_word' id='word_1_348' title='bbox 939 3119 1066 3181; x_wconf 89' lang='grc' dir='ltr'>παῖς</span> <span class='ocrx_word' id='word_1_349' title='bbox 1101 3135 1223 3188; x_wconf 89' lang='grc' dir='ltr'>μου,</span> <span class='ocrx_word' id='word_1_350' title='bbox 1247 3121 1604 3193; x_wconf 73' lang='grc' dir='ltr'>ἀντιλήψομαι</span> <span class='ocrx_word' id='word_1_351' title='bbox 1644 3122 1828 3184; x_wconf 81' lang='grc' dir='ltr'>αὐτοῦ,</span> 
     </span>
    </p>
   </div>
   <div class='ocr_carea' id='block_1_46' title="bbox 1947 1921 3507 1994">
    <p class='ocr_par' dir='ltr' id='par_1_46' title="bbox 1947 1921 3507 1994">
     <span class='ocr_line' id='line_1_46' title="bbox 1947 1921 3507 1994; baseline 0.003 -20"><span class='ocrx_word' id='word_1_352' title='bbox 1947 1921 2216 1991; x_wconf 70' lang='grc' dir='ltr'>[ιηιιίειιηε</span> <span class='ocrx_word' id='word_1_353' title='bbox 2257 1938 2367 1975; x_wconf 89' lang='lat' dir='ltr'><strong>non</strong></span> <span class='ocrx_word' id='word_1_354' title='bbox 2403 1923 2745 1992; x_wconf 79' lang='lat' dir='ltr'><strong>exstinguet;</strong></span> <span class='ocrx_word' id='word_1_355' title='bbox 2783 1923 2875 1978; x_wconf 88' lang='lat' dir='ltr'><strong>sed</strong></span> <span class='ocrx_word' id='word_1_356' title='bbox 2909 1923 2964 1976; x_wconf 89' lang='lat' dir='ltr'><strong>in</strong></span> <span class='ocrx_word' id='word_1_357' title='bbox 3007 1924 3231 1978; x_wconf 87' lang='lat' dir='ltr'><strong>veritate</strong></span> <span class='ocrx_word' id='word_1_358' title='bbox 3272 1924 3507 1994; x_wconf 81' lang='lat' dir='ltr'><strong>proferet</strong></span> 
     </span>
    </p>
   </div>
   <div class='ocr_carea' id='block_1_47' title="bbox 1937 2013 3506 2084">
    <p class='ocr_par' dir='ltr' id='par_1_47' title="bbox 1937 2013 3506 2084">
     <span class='ocr_line' id='line_1_47' title="bbox 1937 2013 3506 2084; baseline 0.003 -17"><span class='ocrx_word' id='word_1_359' title='bbox 1937 2013 2228 2082; x_wconf 87' lang='lat' dir='ltr'><strong>judicium,</strong></span> <span class='ocrx_word' id='word_1_360' title='bbox 2267 2014 2654 2083; x_wconf 87' lang='lat' dir='ltr'><strong>resplendebit,</strong></span> <span class='ocrx_word' id='word_1_361' title='bbox 2687 2025 2740 2070; x_wconf 91' lang='lat' dir='ltr'><strong>et</strong></span> <span class='ocrx_word' id='word_1_362' title='bbox 2765 2031 2874 2070; x_wconf 88' lang='lat' dir='ltr'><strong>non</strong></span> <span class='ocrx_word' id='word_1_363' title='bbox 2903 2017 3380 2084; x_wconf 87' lang='lat' dir='ltr'><strong>conquassabitur,</strong></span> <span class='ocrx_word' id='word_1_364' title='bbox 3406 2017 3506 2071; x_wconf 92' lang='lat' dir='ltr'><strong>do-</strong></span> 
     </span>
    </p>
   </div>
   <div class='ocr_carea' id='block_1_48' title="bbox 1942 2106 3502 2178">
    <p class='ocr_par' dir='ltr' id='par_1_48' title="bbox 1942 2106 3502 2178">
     <span class='ocr_line' id='line_1_48' title="bbox 1942 2106 3502 2178; baseline 0.004 -20"><span class='ocrx_word' id='word_1_365' title='bbox 1942 2120 2041 2160; x_wconf 90' lang='lat' dir='ltr'><strong>nec</strong></span> <span class='ocrx_word' id='word_1_366' title='bbox 2068 2115 2229 2175; x_wconf 75' lang='lat' dir='ltr'><strong>ponat</strong></span> <span class='ocrx_word' id='word_1_367' title='bbox 2247 2106 2301 2160; x_wconf 92' lang='lat' dir='ltr'><strong>in</strong></span> <span class='ocrx_word' id='word_1_368' title='bbox 2318 2107 2759 2176; x_wconf 87' lang='lat' dir='ltr'><strong>terrajudicium,</strong></span> <span class='ocrx_word' id='word_1_369' title='bbox 2784 2116 2837 2162; x_wconf 92' lang='lat' dir='ltr'><strong>et</strong></span> <span class='ocrx_word' id='word_1_370' title='bbox 2861 2107 2913 2162; x_wconf 91' lang='lat' dir='ltr'><strong>in</strong></span> <span class='ocrx_word' id='word_1_371' title='bbox 2935 2108 3156 2162; x_wconf 87' lang='lat' dir='ltr'><strong>nomine</strong></span> <span class='ocrx_word' id='word_1_372' title='bbox 3175 2107 3294 2176; x_wconf 89' lang='lat' dir='ltr'><strong>ejus</strong></span> <span class='ocrx_word' id='word_1_373' title='bbox 3315 2119 3502 2178; x_wconf 81' lang='lat' dir='ltr'><strong>gentes</strong></span> 
     </span>
    </p>
   </div>
   <div class='ocr_carea' id='block_1_49' title="bbox 1943 2197 3506 2268">
    <p class='ocr_par' dir='ltr' id='par_1_49' title="bbox 1943 2197 3506 2268">
     <span class='ocr_line' id='line_1_49' title="bbox 1943 2197 3506 2268; baseline 0.003 -19"><span class='ocrx_word' id='word_1_374' title='bbox 1943 2198 2255 2266; x_wconf 88' lang='lat' dir='ltr'><strong>sperabunt.</strong></span> <span class='ocrx_word' id='word_1_375' title='bbox 2297 2197 2387 2253; x_wconf 91' lang='lat' dir='ltr'><strong>Sic</strong></span> <span class='ocrx_word' id='word_1_376' title='bbox 2416 2197 2547 2254; x_wconf 87' lang='lat' dir='ltr'><strong>dicit</strong></span> <span class='ocrx_word' id='word_1_377' title='bbox 2605 2197 2866 2254; x_wconf 83' lang='lat' dir='ltr'><strong>Dominus</strong></span> <span class='ocrx_word' id='word_1_378' title='bbox 2931 2197 3094 2263; x_wconf 90' lang='lat' dir='ltr'><strong>Deus,</strong></span> <span class='ocrx_word' id='word_1_379' title='bbox 3125 2200 3216 2268; x_wconf 93' lang='lat' dir='ltr'><strong>qui</strong></span> <span class='ocrx_word' id='word_1_380' title='bbox 3248 2199 3371 2255; x_wconf 79' lang='lat' dir='ltr'><strong>fecit</strong></span> <span class='ocrx_word' id='word_1_381' title='bbox 3394 2216 3506 2254; x_wconf 79' lang='lat' dir='ltr'><strong>cm—</strong></span> 
     </span>
    </p>
   </div>
   <div class='ocr_carea' id='block_1_50' title="bbox 1941 2287 3504 2362">
    <p class='ocr_par' dir='ltr' id='par_1_50' title="bbox 1941 2287 3504 2362">
     <span class='ocr_line' id='line_1_50' title="bbox 1941 2287 3504 2362; baseline 0.005 -23"><span class='ocrx_word' id='word_1_382' title='bbox 1941 2287 2073 2350; x_wconf 91' lang='lat' dir='ltr'><strong>lum,</strong></span> <span class='ocrx_word' id='word_1_383' title='bbox 2095 2298 2147 2341; x_wconf 92' lang='lat' dir='ltr'><strong>et</strong></span> <span class='ocrx_word' id='word_1_384' title='bbox 2176 2287 2402 2343; x_wconf 83' lang='lat' dir='ltr'><strong>intendit</strong></span> <span class='ocrx_word' id='word_1_385' title='bbox 2431 2287 2585 2352; x_wconf 89' lang='lat' dir='ltr'><strong>illud,</strong></span> <span class='ocrx_word' id='word_1_386' title='bbox 2614 2291 2708 2359; x_wconf 91' lang='lat' dir='ltr'><strong>qui</strong></span> <span class='ocrx_word' id='word_1_387' title='bbox 2733 2289 2963 2346; x_wconf 87' lang='lat' dir='ltr'><strong>ﬁrmavit</strong></span> <span class='ocrx_word' id='word_1_388' title='bbox 2985 2300 3185 2345; x_wconf 90' lang='lat' dir='ltr'><strong>terram</strong></span> <span class='ocrx_word' id='word_1_389' title='bbox 3215 2302 3268 2345; x_wconf 89' lang='lat' dir='ltr'><strong>et</strong></span> <span class='ocrx_word' id='word_1_390' title='bbox 3295 2306 3360 2347; x_wconf 88' lang='lat' dir='ltr'><strong>ea</strong></span> <span class='ocrx_word' id='word_1_391' title='bbox 3385 2308 3504 2362; x_wconf 72' lang='lat' dir='ltr'><strong>quae</strong></span> 
     </span>
    </p>
   </div>
   <div class='ocr_carea' id='block_1_51' title="bbox 1939 2377 3504 2452">
    <p class='ocr_par' dir='ltr' id='par_1_51' title="bbox 1939 2377 3504 2452">
     <span class='ocr_line' id='line_1_51' title="bbox 1939 2377 3504 2452; baseline 0.003 -21"><span class='ocrx_word' id='word_1_392' title='bbox 1939 2385 2066 2431; x_wconf 88' lang='lat' dir='ltr'><strong>sunt</strong></span> <span class='ocrx_word' id='word_1_393' title='bbox 2097 2377 2152 2431; x_wconf 89' lang='lat' dir='ltr'><strong>in</strong></span> <span class='ocrx_word' id='word_1_394' title='bbox 2180 2377 2316 2447; x_wconf 86' lang='lat' dir='ltr'><strong>ipsa,</strong></span> <span class='ocrx_word' id='word_1_395' title='bbox 2351 2379 2556 2450; x_wconf 78' lang='lat' dir='ltr'><strong>quique</strong></span> <span class='ocrx_word' id='word_1_396' title='bbox 2590 2379 2682 2433; x_wconf 85' lang='lat' dir='ltr'><strong>dat</strong></span> <span class='ocrx_word' id='word_1_397' title='bbox 2712 2378 2896 2435; x_wconf 91' lang='lat' dir='ltr'><strong>ﬁatum</strong></span> <span class='ocrx_word' id='word_1_398' title='bbox 2945 2382 3166 2451; x_wconf 88' lang='lat' dir='ltr'><strong>populo,</strong></span> <span class='ocrx_word' id='word_1_399' title='bbox 3209 2381 3300 2452; x_wconf 91' lang='lat' dir='ltr'><strong>qui</strong></span> <span class='ocrx_word' id='word_1_400' title='bbox 3330 2393 3414 2438; x_wconf 90' lang='lat' dir='ltr'><strong>est</strong></span> <span class='ocrx_word' id='word_1_401' title='bbox 3449 2383 3504 2436; x_wconf 77' lang='lat' dir='ltr'><strong>in</strong></span> 
     </span>
    </p>
   </div>
   <div class='ocr_carea' id='block_1_52' title="bbox 1937 2473 3494 2546">
    <p class='ocr_par' dir='ltr' id='par_1_52' title="bbox 1937 2473 3494 2546">
     <span class='ocr_line' id='line_1_52' title="bbox 1937 2473 3494 2546; baseline 0.004 -22"><span class='ocrx_word' id='word_1_402' title='bbox 1937 2487 2023 2536; x_wconf 90' lang='lat' dir='ltr'><strong>ea,</strong></span> <span class='ocrx_word' id='word_1_403' title='bbox 2050 2487 2102 2531; x_wconf 89' lang='lat' dir='ltr'><strong>et</strong></span> <span class='ocrx_word' id='word_1_404' title='bbox 2122 2475 2371 2546; x_wconf 86' lang='lat' dir='ltr'><strong>spiritum</strong></span> <span class='ocrx_word' id='word_1_405' title='bbox 2403 2474 2738 2529; x_wconf 88' lang='lat' dir='ltr'><strong>calcantibus</strong></span> <span class='ocrx_word' id='word_1_406' title='bbox 2763 2487 2902 2528; x_wconf 86' lang='lat' dir='ltr'><strong>eam.</strong></span> <span class='ocrx_word' id='word_1_407' title='bbox 2933 2473 3042 2543; x_wconf 78' lang='lat' dir='ltr'><strong>Ego</strong></span> <span class='ocrx_word' id='word_1_408' title='bbox 3069 2473 3328 2530; x_wconf 90' lang='lat' dir='ltr'><strong>Dominus</strong></span> <span class='ocrx_word' id='word_1_409' title='bbox 3351 2473 3494 2530; x_wconf 87' lang='lat' dir='ltr'><strong>Deus</strong></span> 
     </span>
    </p>
   </div>
   <div class='ocr_carea' id='block_1_53' title="bbox 1937 2565 3487 2636">
    <p class='ocr_par' dir='ltr' id='par_1_53' title="bbox 1937 2565 3487 2636">
     <span class='ocr_line' id='line_1_53' title="bbox 1937 2565 3487 2636; baseline 0 -14"><span class='ocrx_word' id='word_1_410' title='bbox 1937 2578 2065 2622; x_wconf 89' lang='lat' dir='ltr'><strong>tuus</strong></span> <span class='ocrx_word' id='word_1_411' title='bbox 2095 2567 2284 2621; x_wconf 86' lang='lat' dir='ltr'><strong>vocavi</strong></span> <span class='ocrx_word' id='word_1_412' title='bbox 2313 2573 2367 2621; x_wconf 91' lang='lat' dir='ltr'><strong>te</strong></span> <span class='ocrx_word' id='word_1_413' title='bbox 2393 2565 2449 2619; x_wconf 89' lang='lat' dir='ltr'><strong>in</strong></span> <span class='ocrx_word' id='word_1_414' title='bbox 2475 2565 2706 2634; x_wconf 87' lang='lat' dir='ltr'><strong>justitia,</strong></span> <span class='ocrx_word' id='word_1_415' title='bbox 2741 2574 2794 2620; x_wconf 76' lang='lat' dir='ltr'><strong>et</strong></span> <span class='ocrx_word' id='word_1_416' title='bbox 2830 2565 3232 2636; x_wconf 87' lang='lat' dir='ltr'><strong>apprehendam</strong></span> <span class='ocrx_word' id='word_1_417' title='bbox 3264 2581 3487 2622; x_wconf 89' lang='lat' dir='ltr'><strong>manum</strong></span> 
     </span>
    </p>
   </div>
   <div class='ocr_carea' id='block_1_54' title="bbox 1937 2645 3500 2724">
    <p class='ocr_par' dir='ltr' id='par_1_54' title="bbox 1937 2645 3500 2724">
     <span class='ocr_line' id='line_1_54' title="bbox 1937 2645 3500 2724; baseline -0.001 -11"><span class='ocrx_word' id='word_1_418' title='bbox 1937 2645 2105 2724; x_wconf 74' lang='lat' dir='ltr'><strong>tuam,</strong></span> <span class='ocrx_word' id='word_1_419' title='bbox 2130 2667 2183 2712; x_wconf 87' lang='lat' dir='ltr'><strong>et</strong></span> <span class='ocrx_word' id='word_1_420' title='bbox 2206 2656 2572 2714; x_wconf 86' lang='lat' dir='ltr'><strong>corroborabo</strong></span> <span class='ocrx_word' id='word_1_421' title='bbox 2602 2668 2652 2711; x_wconf 91' lang='lat' dir='ltr'><strong>te</strong></span> <span class='ocrx_word' id='word_1_422' title='bbox 2680 2676 2694 2712; x_wconf 91' lang='lat'><strong>:</strong></span> <span class='ocrx_word' id='word_1_423' title='bbox 2723 2667 2777 2713; x_wconf 90' lang='lat' dir='ltr'><strong>et</strong></span> <span class='ocrx_word' id='word_1_424' title='bbox 2803 2657 2926 2713; x_wconf 86' lang='lat' dir='ltr'><strong>dedi</strong></span> <span class='ocrx_word' id='word_1_425' title='bbox 2957 2665 3011 2713; x_wconf 90' lang='lat' dir='ltr'><strong>te</strong></span> <span class='ocrx_word' id='word_1_426' title='bbox 3034 2658 3090 2712; x_wconf 89' lang='lat' dir='ltr'><strong>in</strong></span> <span class='ocrx_word' id='word_1_427' title='bbox 3117 2665 3500 2712; x_wconf 84' lang='lat' dir='ltr'><strong>testamentum</strong></span> 
     </span>
    </p>
   </div>
   <div class='ocr_carea' id='block_1_55' title="bbox 1936 2748 3502 2822">
    <p class='ocr_par' dir='ltr' id='par_1_55' title="bbox 1936 2748 3502 2822">
     <span class='ocr_line' id='line_1_55' title="bbox 1936 2748 3502 2822; baseline -0.001 -16"><span class='ocrx_word' id='word_1_428' title='bbox 1936 2752 2152 2822; x_wconf 84' lang='lat' dir='ltr'><strong>generis</strong></span> <span class='ocrx_word' id='word_1_429' title='bbox 2187 2751 2244 2804; x_wconf 91' lang='lat' dir='ltr'><strong>in</strong></span> <span class='ocrx_word' id='word_1_430' title='bbox 2285 2751 2466 2804; x_wconf 90' lang='lat' dir='ltr'><strong>lumen</strong></span> <span class='ocrx_word' id='word_1_431' title='bbox 2499 2748 2762 2820; x_wconf 79' lang='lat' dir='ltr'><strong>gentium,</strong></span> <span class='ocrx_word' id='word_1_432' title='bbox 2795 2756 2856 2803; x_wconf 92' lang='lat' dir='ltr'><strong>ut</strong></span> <span class='ocrx_word' id='word_1_433' title='bbox 2889 2750 3130 2820; x_wconf 88' lang='lat' dir='ltr'><strong>aperires</strong></span> <span class='ocrx_word' id='word_1_434' title='bbox 3170 2750 3356 2804; x_wconf 90' lang='lat' dir='ltr'><strong>oculos</strong></span> <span class='ocrx_word' id='word_1_435' title='bbox 3395 2765 3502 2805; x_wconf 65' lang='lat' dir='ltr'><strong>cae-</strong></span> 
     </span>
    </p>
   </div>
   <div class='ocr_carea' id='block_1_56' title="bbox 1935 2842 3499 2912">
    <p class='ocr_par' dir='ltr' id='par_1_56' title="bbox 1935 2842 3499 2912">
     <span class='ocr_line' id='line_1_56' title="bbox 1935 2842 3499 2912; baseline 0.001 -16"><span class='ocrx_word' id='word_1_436' title='bbox 1935 2858 2144 2902; x_wconf 85' lang='lat' dir='ltr'><strong>corum.</strong></span> <span class='ocrx_word' id='word_1_437' title='bbox 2165 2851 2218 2897; x_wconf 90' lang='lat' dir='ltr'><strong>et</strong></span> <span class='ocrx_word' id='word_1_438' title='bbox 2243 2842 2503 2897; x_wconf 90' lang='lat' dir='ltr'><strong>educeres</strong></span> <span class='ocrx_word' id='word_1_439' title='bbox 2536 2857 2602 2897; x_wconf 77' lang='lat' dir='ltr'><strong>ex</strong></span> <span class='ocrx_word' id='word_1_440' title='bbox 2628 2842 2857 2896; x_wconf 85' lang='lat' dir='ltr'><strong>vinculis</strong></span> <span class='ocrx_word' id='word_1_441' title='bbox 2883 2843 3138 2912; x_wconf 79' lang='lat' dir='ltr'><strong>illigatos,</strong></span> <span class='ocrx_word' id='word_1_442' title='bbox 3167 2850 3223 2896; x_wconf 93' lang='lat' dir='ltr'><strong>et</strong></span> <span class='ocrx_word' id='word_1_443' title='bbox 3250 2842 3316 2896; x_wconf 90' lang='lat' dir='ltr'><strong>de</strong></span> <span class='ocrx_word' id='word_1_444' title='bbox 3340 2842 3499 2897; x_wconf 87' lang='lat' dir='ltr'><strong>domo</strong></span> 
     </span>
    </p>
   </div>
   <div class='ocr_carea' id='block_1_57' title="bbox 1935 2933 3498 3000">
    <p class='ocr_par' dir='ltr' id='par_1_57' title="bbox 1935 2933 3498 3000">
     <span class='ocr_line' id='line_1_57' title="bbox 1935 2933 3498 3000; baseline 0 -12"><span class='ocrx_word' id='word_1_445' title='bbox 1935 2935 2171 2989; x_wconf 80' lang='lat' dir='ltr'><strong>carceris</strong></span> <span class='ocrx_word' id='word_1_446' title='bbox 2205 2933 2454 2989; x_wconf 88' lang='lat' dir='ltr'><strong>sedentes</strong></span> <span class='ocrx_word' id='word_1_447' title='bbox 2483 2933 2540 2988; x_wconf 91' lang='lat' dir='ltr'><strong>in</strong></span> <span class='ocrx_word' id='word_1_448' title='bbox 2565 2934 2808 2990; x_wconf 88' lang='lat' dir='ltr'><strong>tenebris</strong></span> <span class='ocrx_word' id='word_1_449' title='bbox 2840 2934 2878 2988; x_wconf 82' lang='lat'><strong>‘.</strong></span> <span class='ocrx_word' id='word_1_450' title='bbox 2919 2954 2938 2986; x_wconf 73' lang='grc' dir='ltr'><strong><em>ι</em></strong></span> <span class='ocrx_word' id='word_1_451' title='bbox 2971 2933 3127 3000; x_wconf 87' lang='lat' dir='ltr'><strong>Quod</strong></span> <span class='ocrx_word' id='word_1_452' title='bbox 3163 2950 3269 2989; x_wconf 92' lang='lat' dir='ltr'><strong>non</strong></span> <span class='ocrx_word' id='word_1_453' title='bbox 3297 2935 3362 2990; x_wconf 90' lang='lat' dir='ltr'><strong>de</strong></span> <span class='ocrx_word' id='word_1_454' title='bbox 3399 2934 3498 2988; x_wconf 45' lang='lat' dir='ltr'><strong>Ju‘</strong></span> 
     </span>
    </p>
   </div>
   <div class='ocr_carea' id='block_1_58' title="bbox 1935 3024 3499 3096">
    <p class='ocr_par' dir='ltr' id='par_1_58' title="bbox 1935 3024 3499 3096">
     <span class='ocr_line' id='line_1_58' title="bbox 1935 3024 3499 3096; baseline 0 -18"><span class='ocrx_word' id='word_1_455' title='bbox 1935 3025 2172 3080; x_wconf 57' lang='lat' dir='ltr'><strong>datorum</strong></span> <span class='ocrx_word' id='word_1_456' title='bbox 2198 3025 2396 3096; x_wconf 86' lang='lat' dir='ltr'><strong>populo</strong></span> <span class='ocrx_word' id='word_1_457' title='bbox 2431 3025 2868 3095; x_wconf 86' lang='lat' dir='ltr'><strong>prophetizantur</strong></span> <span class='ocrx_word' id='word_1_458' title='bbox 2903 3024 3062 3080; x_wconf 67' lang='lat' dir='ltr'><strong>haec:</strong></span> <span class='ocrx_word' id='word_1_459' title='bbox 3101 3044 3120 3076; x_wconf 74' lang='grc' dir='ltr'><strong>ι</strong></span> <span class='ocrx_word' id='word_1_460' title='bbox 3147 3024 3315 3081; x_wconf 85' lang='lat' dir='ltr'><strong>Jacob</strong></span> <span class='ocrx_word' id='word_1_461' title='bbox 3367 3041 3499 3096; x_wconf 90' lang='lat' dir='ltr'><strong>puer</strong></span> 
     </span>
    </p>
   </div>
   <div class='ocr_carea' id='block_1_59' title="bbox 1935 3115 3498 3187">
    <p class='ocr_par' dir='ltr' id='par_1_59' title="bbox 1935 3115 3498 3187">
     <span class='ocr_line' id='line_1_59' title="bbox 1935 3115 3498 3187; baseline -0.001 -16"><span class='ocrx_word' id='word_1_462' title='bbox 1935 3133 2110 3181; x_wconf 82' lang='lat' dir='ltr'><strong>meus,</strong></span> <span class='ocrx_word' id='word_1_463' title='bbox 2145 3118 2436 3187; x_wconf 89' lang='lat' dir='ltr'><strong>suscipiam</strong></span> <span class='ocrx_word' id='word_1_464' title='bbox 2459 3132 2616 3184; x_wconf 88' lang='lat' dir='ltr'><strong>eum;</strong></span> <span class='ocrx_word' id='word_1_465' title='bbox 2641 3115 2803 3173; x_wconf 87' lang='lat' dir='ltr'><strong>lsrael</strong></span> <span class='ocrx_word' id='word_1_466' title='bbox 2845 3117 3050 3173; x_wconf 87' lang='lat' dir='ltr'><strong>electus</strong></span> <span class='ocrx_word' id='word_1_467' title='bbox 3080 3132 3253 3181; x_wconf 89' lang='lat' dir='ltr'><strong>meus,</strong></span> <span class='ocrx_word' id='word_1_468' title='bbox 3287 3133 3498 3172; x_wconf 90' lang='lat' dir='ltr'><strong>assum-</strong></span> 
     </span>
    </p>
   </div>
   <div class='ocr_carea' id='block_1_60' title="bbox 279 3205 1829 3286">
    <p class='ocr_par' dir='ltr' id='par_1_60' title="bbox 279 3205 1829 3286">
     <span class='ocr_line' id='line_1_60' title="bbox 279 3205 1829 3286; baseline 0.006 -29"><span class='ocrx_word' id='word_1_469' title='bbox 279 3205 496 3277; x_wconf 80' lang='grc' dir='ltr'>Ἰσραήλ</span> <span class='ocrx_word' id='word_1_470' title='bbox 526 3209 554 3259; x_wconf 87' lang='grc' dir='ltr'>ὁ</span> <span class='ocrx_word' id='word_1_471' title='bbox 601 3206 848 3273; x_wconf 84' lang='grc' dir='ltr'>ἐκλεκτός</span> <span class='ocrx_word' id='word_1_472' title='bbox 890 3227 1011 3280; x_wconf 85' lang='grc' dir='ltr'>μου,</span> <span class='ocrx_word' id='word_1_473' title='bbox 1043 3213 1396 3282; x_wconf 81' lang='grc' dir='ltr'>προσεδέξατο</span> <span class='ocrx_word' id='word_1_474' title='bbox 1424 3215 1584 3269; x_wconf 79' lang='grc' dir='ltr'>αὑτὸν</span> <span class='ocrx_word' id='word_1_475' title='bbox 1625 3217 1659 3285; x_wconf 78' lang='grc' dir='ltr'><strong>ἡ</strong></span> <span class='ocrx_word' id='word_1_476' title='bbox 1688 3215 1829 3286; x_wconf 76' lang='grc' dir='ltr'>ψυχή</span> 
     </span>
    </p>
   </div>
   <div class='ocr_carea' id='block_1_61' title="bbox 1933 3205 3497 3286">
    <p class='ocr_par' dir='ltr' id='par_1_61' title="bbox 1937 3208 3497 3279">
     <span class='ocr_line' id='line_1_61' title="bbox 1937 3208 3497 3279; baseline -0.001 -16"><span class='ocrx_word' id='word_1_477' title='bbox 1937 3211 2042 3279; x_wconf 81' lang='lat' dir='ltr'><strong>psit</strong></span> <span class='ocrx_word' id='word_1_478' title='bbox 2071 3223 2193 3263; x_wconf 89' lang='lat' dir='ltr'><strong>eum</strong></span> <span class='ocrx_word' id='word_1_479' title='bbox 2241 3209 2421 3263; x_wconf 89' lang='lat' dir='ltr'><strong>anima</strong></span> <span class='ocrx_word' id='word_1_480' title='bbox 2457 3224 2596 3272; x_wconf 89' lang='lat' dir='ltr'><strong>mea,</strong></span> <span class='ocrx_word' id='word_1_481' title='bbox 2627 3226 2644 3259; x_wconf 71' lang='grc' dir='ltr'><strong>ι</strong></span> <span class='ocrx_word' id='word_1_482' title='bbox 2687 3215 2742 3264; x_wconf 88' lang='lat' dir='ltr'><strong>et</strong></span> <span class='ocrx_word' id='word_1_483' title='bbox 2768 3208 3004 3278; x_wconf 86' lang='lat' dir='ltr'><strong>reliqua,</strong></span> <span class='ocrx_word' id='word_1_484' title='bbox 3037 3209 3380 3264; x_wconf 79' lang='lat' dir='ltr'><strong>manifestum</strong></span> <span class='ocrx_word' id='word_1_485' title='bbox 3415 3217 3497 3264; x_wconf 87' lang='lat' dir='ltr'><strong>est</strong></span> 
     </span>
    </p>
   </div>
   <div class='ocr_carea' id='block_1_62' title="bbox 268 3299 1830 3378">
    <p class='ocr_par' dir='ltr' id='par_1_62' title="bbox 268 3299 1830 3378">
     <span class='ocr_line' id='line_1_62' title="bbox 268 3299 1830 3378; baseline 0.008 -29"><span class='ocrx_word' id='word_1_486' title='bbox 268 3315 396 3367; x_wconf 82' lang='grc' dir='ltr'>μου,</span> <span class='ocrx_word' id='word_1_487' title='bbox 431 3317 448 3349; x_wconf 71' lang='grc' dir='ltr'><strong>ι</strong></span> <span class='ocrx_word' id='word_1_488' title='bbox 482 3299 648 3367; x_wconf 81' lang='grc' dir='ltr'>σαφὲς</span> <span class='ocrx_word' id='word_1_489' title='bbox 678 3300 826 3353; x_wconf 82' lang='grc' dir='ltr'>ἐσται</span> <span class='ocrx_word' id='word_1_490' title='bbox 851 3306 962 3366; x_wconf 87' lang='grc' dir='ltr'>τοῖς</span> <span class='ocrx_word' id='word_1_491' title='bbox 985 3303 1254 3360; x_wconf 83' lang='grc' dir='ltr'>ἐθέλουσιν</span> <span class='ocrx_word' id='word_1_492' title='bbox 1290 3307 1523 3378; x_wconf 86' lang='grc' dir='ltr'>ἐκάστην</span> <span class='ocrx_word' id='word_1_493' title='bbox 1546 3308 1692 3374; x_wconf 77' lang='grc' dir='ltr'>λέξιν</span> <span class='ocrx_word' id='word_1_494' title='bbox 1723 3308 1830 3360; x_wconf 87' lang='grc' dir='ltr'><strong>τῶν</strong></span> 
     </span>
    </p>
   </div>
   <div class='ocr_carea' id='block_1_63' title="bbox 268 3392 1830 3471">
    <p class='ocr_par' dir='ltr' id='par_1_63' title="bbox 268 3392 1830 3471">
     <span class='ocr_line' id='line_1_63' title="bbox 268 3392 1830 3471; baseline 0.008 -30"><span class='ocrx_word' id='word_1_495' title='bbox 268 3392 641 3461; x_wconf 83' lang='grc' dir='ltr'>προκειμένων</span> <span class='ocrx_word' id='word_1_496' title='bbox 677 3392 965 3457; x_wconf 77' lang='grc' dir='ltr'>ἐξετάζειν.</span> <span class='ocrx_word' id='word_1_497' title='bbox 1005 3396 1138 3450; x_wconf 90' lang='grc' dir='ltr'><strong>ἀλλά</strong></span> <span class='ocrx_word' id='word_1_498' title='bbox 1171 3397 1264 3451; x_wconf 69' lang='grc' dir='ltr'>καὶ</span> <span class='ocrx_word' id='word_1_499' title='bbox 1311 3399 1418 3452; x_wconf 72' lang='grc' dir='ltr'>ἀπὸ</span> <span class='ocrx_word' id='word_1_500' title='bbox 1457 3401 1556 3471; x_wconf 89' lang='grc' dir='ltr'><strong>τῆς</strong></span> <span class='ocrx_word' id='word_1_501' title='bbox 1593 3400 1731 3453; x_wconf 83' lang='grc' dir='ltr'>κατὰ</span> <span class='ocrx_word' id='word_1_502' title='bbox 1771 3402 1830 3454; x_wconf 82' lang='grc' dir='ltr'>τὸ</span> 
     </span>
    </p>
   </div>
   <div class='ocr_carea' id='block_1_64' title="bbox 279 3482 1829 3560">
    <p class='ocr_par' dir='ltr' id='par_1_64' title="bbox 279 3482 1829 3560">
     <span class='ocr_line' id='line_1_64' title="bbox 279 3482 1829 3560; baseline 0.007 -25"><span class='ocrx_word' id='word_1_503' title='bbox 279 3482 566 3552; x_wconf 81' lang='grc' dir='ltr'>Ἐϐραῖκδν</span> <span class='ocrx_word' id='word_1_504' title='bbox 612 3485 892 3555; x_wconf 84' lang='grc' dir='ltr'>ἀκριϐείας</span> <span class='ocrx_word' id='word_1_505' title='bbox 939 3488 1095 3542; x_wconf 82' lang='grc' dir='ltr'>τοῦτο</span> <span class='ocrx_word' id='word_1_506' title='bbox 1141 3490 1294 3560; x_wconf 85' lang='grc' dir='ltr'>δῆλόν</span> <span class='ocrx_word' id='word_1_507' title='bbox 1338 3493 1519 3544; x_wconf 77' lang='grc' dir='ltr'>ἐστιν’</span> <span class='ocrx_word' id='word_1_508' title='bbox 1579 3492 1688 3546; x_wconf 72' lang='grc' dir='ltr'>οὔτ’</span> <span class='ocrx_word' id='word_1_509' title='bbox 1737 3489 1829 3547; x_wconf 70' lang='grc' dir='ltr'><strong>οὖν</strong></span> 
     </span>
    </p>
   </div>
   <div class='ocr_carea' id='block_1_65' title="bbox 264 3572 1828 3653">
    <p class='ocr_par' dir='ltr' id='par_1_65' title="bbox 264 3572 1828 3653">
     <span class='ocr_line' id='line_1_65' title="bbox 264 3572 1828 3653; baseline 0.004 -25"><span class='ocrx_word' id='word_1_510' title='bbox 264 3573 329 3628; x_wconf 80' lang='grc' dir='ltr'>τὸ</span> <span class='ocrx_word' id='word_1_511' title='bbox 367 3572 560 3626; x_wconf 82' lang='grc' dir='ltr'>Ἰακὼϐ</span> <span class='ocrx_word' id='word_1_512' title='bbox 606 3573 796 3644; x_wconf 79' lang='grc' dir='ltr'>ὅνομα,</span> <span class='ocrx_word' id='word_1_513' title='bbox 839 3575 960 3630; x_wconf 84' lang='grc' dir='ltr'>οῦτε</span> <span class='ocrx_word' id='word_1_514' title='bbox 1003 3578 1064 3629; x_wconf 84' lang='grc' dir='ltr'><strong>τὸ</strong></span> <span class='ocrx_word' id='word_1_515' title='bbox 1107 3579 1320 3651; x_wconf 78' lang='grc' dir='ltr'>Ἰσραὴλ</span> <span class='ocrx_word' id='word_1_516' title='bbox 1359 3583 1415 3632; x_wconf 85' lang='grc' dir='ltr'>ἐν</span> <span class='ocrx_word' id='word_1_517' title='bbox 1465 3581 1614 3650; x_wconf 68' lang='grc' dir='ltr'>αὐτῷ</span> <span class='ocrx_word' id='word_1_518' title='bbox 1661 3583 1828 3653; x_wconf 77' lang='grc' dir='ltr'>ἐμφέ-</span> 
     </span>
    </p>
   </div>
   <div class='ocr_carea' id='block_1_66' title="bbox 268 3663 1828 3742">
    <p class='ocr_par' dir='ltr' id='par_1_66' title="bbox 268 3663 1828 3742">
     <span class='ocr_line' id='line_1_66' title="bbox 268 3663 1828 3742; baseline 0.005 -27"><span class='ocrx_word' id='word_1_519' title='bbox 268 3680 450 3734; x_wconf 84' lang='grc' dir='ltr'>ρεται’</span> <span class='ocrx_word' id='word_1_520' title='bbox 482 3663 600 3717; x_wconf 84' lang='grc' dir='ltr'>ὅθεν</span> <span class='ocrx_word' id='word_1_521' title='bbox 643 3666 736 3718; x_wconf 70' lang='grc' dir='ltr'>καὶ</span> <span class='ocrx_word' id='word_1_522' title='bbox 768 3666 1053 3720; x_wconf 85' lang='grc' dir='ltr'>ὠϐέλισται</span> <span class='ocrx_word' id='word_1_523' title='bbox 1080 3669 1227 3739; x_wconf 85' lang='grc' dir='ltr'><strong>παρά</strong></span> <span class='ocrx_word' id='word_1_524' title='bbox 1259 3673 1369 3733; x_wconf 89' lang='grc' dir='ltr'>τοῖς</span> <span class='ocrx_word' id='word_1_525' title='bbox 1408 3672 1688 3742; x_wconf 86' lang='grc' dir='ltr'>ἀκριϐέσιν</span> <span class='ocrx_word' id='word_1_526' title='bbox 1739 3675 1828 3726; x_wconf 87' lang='grc' dir='ltr'>ἀν-</span> 
     </span>
    </p>
   </div>
   <div class='ocr_carea' id='block_1_67' title="bbox 264 3755 1827 3830">
    <p class='ocr_par' dir='ltr' id='par_1_67' title="bbox 264 3755 1827 3830">
     <span class='ocr_line' id='line_1_67' title="bbox 264 3755 1827 3830; baseline 0.006 -24"><span class='ocrx_word' id='word_1_527' title='bbox 264 3755 553 3825; x_wconf 74' lang='grc' dir='ltr'>τιγράφοις</span> <span class='ocrx_word' id='word_1_528' title='bbox 604 3757 710 3809; x_wconf 88' lang='grc' dir='ltr'><strong>τῶν</strong></span> <span class='ocrx_word' id='word_1_529' title='bbox 749 3758 1162 3829; x_wconf 77' lang='grc' dir='ltr'>Ἑϐδομήκοντα,</span> <span class='ocrx_word' id='word_1_530' title='bbox 1192 3762 1376 3814; x_wconf 88' lang='grc' dir='ltr'>καθότι</span> <span class='ocrx_word' id='word_1_531' title='bbox 1423 3779 1485 3830; x_wconf 88' lang='grc' dir='ltr'><strong>γε</strong></span> <span class='ocrx_word' id='word_1_532' title='bbox 1525 3763 1623 3816; x_wconf 80' lang='grc' dir='ltr'><strong>οὐκ</strong></span> <span class='ocrx_word' id='word_1_533' title='bbox 1673 3765 1827 3827; x_wconf 83' lang='grc' dir='ltr'>ἄλλος</span> 
     </span>
    </p>
   </div>
   <div class='ocr_carea' id='block_1_68' title="bbox 262 3843 1826 3924">
    <p class='ocr_par' dir='ltr' id='par_1_68' title="bbox 262 3843 1826 3924">
     <span class='ocr_line' id='line_1_68' title="bbox 262 3843 1826 3924; baseline 0.006 -30"><span class='ocrx_word' id='word_1_534' title='bbox 262 3843 373 3896; x_wconf 84' lang='grc' dir='ltr'><strong>τῶν</strong></span> <span class='ocrx_word' id='word_1_535' title='bbox 417 3844 637 3898; x_wconf 88' lang='grc' dir='ltr'>δικαίων</span> <span class='ocrx_word' id='word_1_536' title='bbox 684 3846 821 3918; x_wconf 82' lang='grc' dir='ltr'>πλὴν</span> <span class='ocrx_word' id='word_1_537' title='bbox 860 3848 953 3900; x_wconf 87' lang='grc' dir='ltr'>τοῦ</span> <span class='ocrx_word' id='word_1_538' title='bbox 991 3849 1236 3921; x_wconf 83' lang='grc' dir='ltr'>Σωτῆρος</span> <span class='ocrx_word' id='word_1_539' title='bbox 1277 3850 1432 3921; x_wconf 78' lang='grc' dir='ltr'>ἡμῶν</span> <span class='ocrx_word' id='word_1_540' title='bbox 1476 3852 1646 3923; x_wconf 88' lang='grc' dir='ltr'>Ἰησοῦ</span> <span class='ocrx_word' id='word_1_541' title='bbox 1689 3855 1826 3924; x_wconf 83' lang='grc' dir='ltr'>Χρι-</span> 
     </span>
    </p>
   </div>
   <div class='ocr_carea' id='block_1_69' title="bbox 268 3936 1824 4015">
    <p class='ocr_par' dir='ltr' id='par_1_69' title="bbox 268 3936 1824 4015">
     <span class='ocr_line' id='line_1_69' title="bbox 268 3936 1824 4015; baseline 0.007 -27"><span class='ocrx_word' id='word_1_542' title='bbox 268 3936 418 4001; x_wconf 81' lang='grc' dir='ltr'>στοῦ,</span> <span class='ocrx_word' id='word_1_543' title='bbox 465 3938 581 3990; x_wconf 80' lang='grc' dir='ltr'><strong>οὐδὲ</strong></span> <span class='ocrx_word' id='word_1_544' title='bbox 627 3939 731 4010; x_wconf 81' lang='grc' dir='ltr'>μὴν</span> <span class='ocrx_word' id='word_1_545' title='bbox 775 3940 933 4002; x_wconf 78' lang='grc' dir='ltr'>αὐτὸς</span> <span class='ocrx_word' id='word_1_546' title='bbox 975 3943 1003 3995; x_wconf 84' lang='grc' dir='ltr'><strong>δ</strong></span> <span class='ocrx_word' id='word_1_547' title='bbox 1051 3942 1144 3995; x_wconf 92' lang='grc' dir='ltr'>τοῦ</span> <span class='ocrx_word' id='word_1_548' title='bbox 1190 3944 1370 3997; x_wconf 85' lang='grc' dir='ltr'>’Ῑσαάκ</span> <span class='ocrx_word' id='word_1_549' title='bbox 1413 3943 1445 4015; x_wconf 82' lang='grc' dir='ltr'>ἢ</span> <span class='ocrx_word' id='word_1_550' title='bbox 1499 3945 1688 3998; x_wconf 84' lang='grc' dir='ltr'>Ἰακὼϐ</span> <span class='ocrx_word' id='word_1_551' title='bbox 1731 3947 1824 3999; x_wconf 75' lang='grc' dir='ltr'>καὶ</span> 
     </span>
    </p>
   </div>
   <div class='ocr_carea' id='block_1_70' title="bbox 279 4029 1825 4109">
    <p class='ocr_par' dir='ltr' id='par_1_70' title="bbox 279 4029 1825 4109">
     <span class='ocr_line' id='line_1_70' title="bbox 279 4029 1825 4109; baseline 0.007 -28"><span class='ocrx_word' id='word_1_552' title='bbox 279 4029 495 4100; x_wconf 79' lang='grc' dir='ltr'>Ἰσραὴλ</span> <span class='ocrx_word' id='word_1_553' title='bbox 520 4032 971 4102; x_wconf 69' lang='grc' dir='ltr'>προσαγορευθεὶς</span> <span class='ocrx_word' id='word_1_554' title='bbox 1001 4033 1234 4099; x_wconf 84' lang='grc' dir='ltr'>τοιοῦτός</span> <span class='ocrx_word' id='word_1_555' title='bbox 1266 4053 1349 4099; x_wconf 86' lang='grc' dir='ltr'><strong>τις</strong></span> <span class='ocrx_word' id='word_1_556' title='bbox 1377 4031 1465 4108; x_wconf 82' lang='grc' dir='ltr'><strong>ῆν,</strong></span> <span class='ocrx_word' id='word_1_557' title='bbox 1494 4037 1570 4099; x_wconf 85' lang='grc' dir='ltr'>ὡς</span> <span class='ocrx_word' id='word_1_558' title='bbox 1592 4039 1825 4109; x_wconf 70' lang='grc' dir='ltr'>ἐφαρμό-</span> 
     </span>
    </p>
   </div>
   <div class='ocr_carea' id='block_1_71' title="bbox 267 4121 1822 4200">
    <p class='ocr_par' dir='ltr' id='par_1_71' title="bbox 267 4121 1822 4200">
     <span class='ocr_line' id='line_1_71' title="bbox 267 4121 1822 4200; baseline 0.006 -27"><span class='ocrx_word' id='word_1_559' title='bbox 267 4121 380 4185; x_wconf 80' lang='grc' dir='ltr'>ζειν</span> <span class='ocrx_word' id='word_1_560' title='bbox 421 4122 569 4192; x_wconf 78' lang='grc' dir='ltr'>αὐτῷ</span> <span class='ocrx_word' id='word_1_561' title='bbox 609 4123 865 4177; x_wconf 76' lang='grc' dir='ltr'>δύνασθαι</span> <span class='ocrx_word' id='word_1_562' title='bbox 910 4125 976 4178; x_wconf 77' lang='grc' dir='ltr'>τὰ</span> <span class='ocrx_word' id='word_1_563' title='bbox 1019 4127 1384 4198; x_wconf 87' lang='grc' dir='ltr'>προκείμενα,</span> <span class='ocrx_word' id='word_1_564' title='bbox 1437 4128 1623 4182; x_wconf 82' lang='grc' dir='ltr'>οὐδένα</span> <span class='ocrx_word' id='word_1_565' title='bbox 1673 4126 1822 4200; x_wconf 84' lang='grc' dir='ltr'>οἶμαι</span> 
     </span>
    </p>
   </div>
   <div class='ocr_carea' id='block_1_72' title="bbox 265 4213 1816 4292">
    <p class='ocr_par' dir='ltr' id='par_1_72' title="bbox 265 4213 1816 4292">
     <span class='ocr_line' id='line_1_72' title="bbox 265 4213 1816 4292; baseline 0.006 -27"><span class='ocrx_word' id='word_1_566' title='bbox 265 4213 650 4282; x_wconf 76' lang='grc' dir='ltr'>ἀμφιϐάλλειν·</span> <span class='ocrx_word' id='word_1_567' title='bbox 695 4216 778 4268; x_wconf 86' lang='grc' dir='ltr'>ἵνα</span> <span class='ocrx_word' id='word_1_568' title='bbox 819 4217 925 4287; x_wconf 88' lang='grc' dir='ltr'><strong>γάρ</strong></span> <span class='ocrx_word' id='word_1_569' title='bbox 963 4220 1054 4272; x_wconf 71' lang='grc' dir='ltr'><strong>καὶ</strong></span> <span class='ocrx_word' id='word_1_570' title='bbox 1093 4220 1295 4292; x_wconf 78' lang='grc' dir='ltr'>ἑτέροις</span> <span class='ocrx_word' id='word_1_571' title='bbox 1341 4221 1570 4292; x_wconf 80' lang='grc' dir='ltr'>ἀρμὸσοι</span> <span class='ocrx_word' id='word_1_572' title='bbox 1603 4239 1686 4284; x_wconf 92' lang='grc' dir='ltr'><strong>τις</strong></span> <span class='ocrx_word' id='word_1_573' title='bbox 1736 4222 1816 4274; x_wconf 71' lang='grc' dir='ltr'>τόο</span> 
     </span>
    </p>
   </div>
   <div class='ocr_carea' id='block_1_73' title="bbox 271 4306 1821 4379">
    <p class='ocr_par' dir='ltr' id='par_1_73' title="bbox 271 4306 1821 4379">
     <span class='ocr_line' id='line_1_73' title="bbox 271 4306 1821 4379; baseline 0.006 -23"><span class='ocrx_word' id='word_1_574' title='bbox 271 4324 290 4356; x_wconf 87' lang='grc'><strong><em>‹</em></strong></span> <span class='ocrx_word' id='word_1_575' title='bbox 327 4306 541 4360; x_wconf 87' lang='grc' dir='ltr'>Ἐδωκα</span> <span class='ocrx_word' id='word_1_576' title='bbox 573 4307 632 4359; x_wconf 85' lang='grc' dir='ltr'>τὺ</span> <span class='ocrx_word' id='word_1_577' title='bbox 659 4307 881 4377; x_wconf 83' lang='grc' dir='ltr'>Πνεῦμά</span> <span class='ocrx_word' id='word_1_578' title='bbox 917 4327 1016 4379; x_wconf 85' lang='grc' dir='ltr'>μου</span> <span class='ocrx_word' id='word_1_579' title='bbox 1047 4313 1131 4364; x_wconf 86' lang='grc' dir='ltr'>ἐπ’</span> <span class='ocrx_word' id='word_1_580' title='bbox 1160 4313 1338 4375; x_wconf 78' lang='grc' dir='ltr'>αὑτὸν,</span> <span class='ocrx_word' id='word_1_581' title='bbox 1376 4333 1394 4365; x_wconf 74' lang='grc' dir='ltr'><strong>ι</strong></span> <span class='ocrx_word' id='word_1_582' title='bbox 1433 4313 1484 4365; x_wconf 90' lang='grc' dir='ltr'><strong>τί</strong></span> <span class='ocrx_word' id='word_1_583' title='bbox 1511 4313 1554 4366; x_wconf 78' lang='grc' dir='ltr'>δ’</span> <span class='ocrx_word' id='word_1_584' title='bbox 1583 4312 1649 4366; x_wconf 85' lang='grc' dir='ltr'><strong>ἂν</strong></span> <span class='ocrx_word' id='word_1_585' title='bbox 1678 4313 1821 4367; x_wconf 75' lang='grc' dir='ltr'>εἴποι</span> 
     </span>
    </p>
   </div>
   <div class='ocr_carea' id='block_1_74' title="bbox 260 4398 1819 4470">
    <p class='ocr_par' dir='ltr' id='par_1_74' title="bbox 260 4398 1819 4470">
     <span class='ocr_line' id='line_1_74' title="bbox 260 4398 1819 4470; baseline 0.005 -20"><span class='ocrx_word' id='word_1_586' title='bbox 260 4401 342 4461; x_wconf 87' lang='grc' dir='ltr'><strong>είς</strong></span> <span class='ocrx_word' id='word_1_587' title='bbox 374 4398 451 4452; x_wconf 82' lang='grc' dir='ltr'><strong>τό·</strong></span> <span class='ocrx_word' id='word_1_588' title='bbox 492 4417 509 4450; x_wconf 76' lang='grc' dir='ltr'><strong>ι</strong></span> <span class='ocrx_word' id='word_1_589' title='bbox 545 4401 738 4470; x_wconf 84' lang='grc' dir='ltr'>Κρίσιν</span> <span class='ocrx_word' id='word_1_590' title='bbox 783 4404 892 4464; x_wconf 89' lang='grc' dir='ltr'>τοῖς</span> <span class='ocrx_word' id='word_1_591' title='bbox 936 4401 1139 4456; x_wconf 78' lang='grc' dir='ltr'>ἔθνεσιν</span> <span class='ocrx_word' id='word_1_592' title='bbox 1168 4402 1382 4468; x_wconf 76' lang='grc' dir='ltr'>ἐξοίσει,</span> <span class='ocrx_word' id='word_1_593' title='bbox 1417 4423 1435 4454; x_wconf 75' lang='grc' dir='ltr'><strong>ι</strong></span> <span class='ocrx_word' id='word_1_594' title='bbox 1488 4405 1582 4458; x_wconf 74' lang='grc' dir='ltr'>καὶ</span> <span class='ocrx_word' id='word_1_595' title='bbox 1627 4408 1704 4465; x_wconf 85' lang='grc' dir='ltr'><strong>είς</strong></span> <span class='ocrx_word' id='word_1_596' title='bbox 1752 4407 1819 4458; x_wconf 70' lang='grc' dir='ltr'>τὰ</span> 
     </span>
    </p>
   </div>
   <div class='ocr_carea' id='block_1_75' title="bbox 261 4491 1817 4565">
    <p class='ocr_par' dir='ltr' id='par_1_75' title="bbox 261 4491 1817 4565">
     <span class='ocr_line' id='line_1_75' title="bbox 261 4491 1817 4565; baseline 0.004 -23"><span class='ocrx_word' id='word_1_597' title='bbox 261 4491 408 4561; x_wconf 76' lang='grc' dir='ltr'>ἑξῆς,</span> <span class='ocrx_word' id='word_1_598' title='bbox 437 4491 530 4543; x_wconf 74' lang='grc' dir='ltr'>καὶ</span> <span class='ocrx_word' id='word_1_599' title='bbox 576 4491 803 4560; x_wconf 83' lang='grc' dir='ltr'>μάλιστα</span> <span class='ocrx_word' id='word_1_600' title='bbox 843 4493 921 4544; x_wconf 82' lang='grc' dir='ltr'><strong>τό·</strong></span> <span class='ocrx_word' id='word_1_601' title='bbox 971 4511 989 4543; x_wconf 88' lang='grc'><em>‹</em></span> <span class='ocrx_word' id='word_1_602' title='bbox 1025 4495 1133 4546; x_wconf 73' lang='grc' dir='ltr'><strong>Καὶ</strong></span> <span class='ocrx_word' id='word_1_603' title='bbox 1173 4495 1264 4546; x_wconf 73' lang='grc' dir='ltr'><strong>ἐπὶ</strong></span> <span class='ocrx_word' id='word_1_604' title='bbox 1293 4494 1370 4564; x_wconf 88' lang='grc' dir='ltr'>τῷ</span> <span class='ocrx_word' id='word_1_605' title='bbox 1399 4496 1618 4565; x_wconf 83' lang='grc' dir='ltr'>ὀνόματι</span> <span class='ocrx_word' id='word_1_606' title='bbox 1653 4497 1817 4550; x_wconf 75' lang='grc' dir='ltr'>αὑτοῦ</span> 
     </span>
    </p>
   </div>
   <div class='ocr_carea' id='block_1_76' title="bbox 1935 3300 3491 3370">
    <p class='ocr_par' dir='ltr' id='par_1_76' title="bbox 1935 3300 3491 3370">
     <span class='ocr_line' id='line_1_76' title="bbox 1935 3300 3491 3370; baseline -0.001 -15"><span class='ocrx_word' id='word_1_607' title='bbox 1935 3301 2178 3370; x_wconf 83' lang='lat' dir='ltr'><strong>singulas</strong></span> <span class='ocrx_word' id='word_1_608' title='bbox 2202 3300 2432 3369; x_wconf 89' lang='lat' dir='ltr'><strong>hujusce</strong></span> <span class='ocrx_word' id='word_1_609' title='bbox 2453 3300 2748 3370; x_wconf 66' lang='lat' dir='ltr'><strong>prophetia:</strong></span> <span class='ocrx_word' id='word_1_610' title='bbox 2776 3314 2935 3355; x_wconf 89' lang='lat' dir='ltr'><strong>voces</strong></span> <span class='ocrx_word' id='word_1_611' title='bbox 2964 3301 3294 3370; x_wconf 84' lang='lat' dir='ltr'><strong>perpendere</strong></span> <span class='ocrx_word' id='word_1_612' title='bbox 3315 3301 3491 3355; x_wconf 83' lang='lat' dir='ltr'><strong>volen-</strong></span> 
     </span>
    </p>
   </div>
   <div class='ocr_carea' id='block_1_77' title="bbox 1930 3389 3494 3461">
    <p class='ocr_par' dir='ltr' id='par_1_77' title="bbox 1930 3389 3494 3461">
     <span class='ocr_line' id='line_1_77' title="bbox 1930 3389 3494 3461; baseline 0 -16"><span class='ocrx_word' id='word_1_613' title='bbox 1930 3394 2100 3454; x_wconf 82' lang='lat' dir='ltr'><strong>t-ibus,</strong></span> <span class='ocrx_word' id='word_1_614' title='bbox 2134 3391 2230 3448; x_wconf 90' lang='lat' dir='ltr'><strong>sed</strong></span> <span class='ocrx_word' id='word_1_615' title='bbox 2263 3393 2424 3446; x_wconf 88' lang='lat' dir='ltr'><strong>etiam</strong></span> <span class='ocrx_word' id='word_1_616' title='bbox 2470 3392 2591 3461; x_wconf 84' lang='lat' dir='ltr'><strong>ipso</strong></span> <span class='ocrx_word' id='word_1_617' title='bbox 2623 3389 2890 3445; x_wconf 83' lang='lat' dir='ltr'><strong>Hebraico</strong></span> <span class='ocrx_word' id='word_1_618' title='bbox 2928 3398 3076 3445; x_wconf 83' lang='lat' dir='ltr'><strong>textu</strong></span> <span class='ocrx_word' id='word_1_619' title='bbox 3111 3399 3276 3460; x_wconf 87' lang='lat' dir='ltr'><strong>patet.</strong></span> <span class='ocrx_word' id='word_1_620' title='bbox 3309 3389 3494 3460; x_wconf 84' lang='lat' dir='ltr'><strong>Neque</strong></span> 
     </span>
    </p>
   </div>
   <div class='ocr_carea' id='block_1_78' title="bbox 1927 3481 3483 3552">
    <p class='ocr_par' dir='ltr' id='par_1_78' title="bbox 1927 3481 3483 3552">
     <span class='ocr_line' id='line_1_78' title="bbox 1927 3481 3483 3552; baseline -0.003 -15"><span class='ocrx_word' id='word_1_621' title='bbox 1927 3481 2117 3549; x_wconf 82' lang='lat' dir='ltr'><strong>Jacob,</strong></span> <span class='ocrx_word' id='word_1_622' title='bbox 2146 3499 2323 3552; x_wconf 90' lang='lat' dir='ltr'><strong>neque</strong></span> <span class='ocrx_word' id='word_1_623' title='bbox 2352 3481 2515 3538; x_wconf 85' lang='lat' dir='ltr'><strong>Israel</strong></span> <span class='ocrx_word' id='word_1_624' title='bbox 2550 3483 2794 3538; x_wconf 87' lang='lat' dir='ltr'><strong>nominat</strong></span> <span class='ocrx_word' id='word_1_625' title='bbox 2831 3502 2844 3537; x_wconf 93' lang='lat'><strong>:</strong></span> <span class='ocrx_word' id='word_1_626' title='bbox 2879 3483 3021 3551; x_wconf 90' lang='lat' dir='ltr'><strong>apud</strong></span> <span class='ocrx_word' id='word_1_627' title='bbox 3069 3484 3217 3552; x_wconf 89' lang='lat' dir='ltr'><strong>ipsos</strong></span> <span class='ocrx_word' id='word_1_628' title='bbox 3263 3481 3483 3552; x_wconf 88' lang='lat' dir='ltr'><strong>quidem</strong></span> 
     </span>
    </p>
   </div>
   <div class='ocr_carea' id='block_1_79' title="bbox 1931 3573 3494 3646">
    <p class='ocr_par' dir='ltr' id='par_1_79' title="bbox 1931 3573 3494 3646">
     <span class='ocr_line' id='line_1_79' title="bbox 1931 3573 3494 3646; baseline -0.002 -18"><span class='ocrx_word' id='word_1_629' title='bbox 1931 3575 2282 3646; x_wconf 78' lang='lat' dir='ltr'><strong>Septuaginta</strong></span> <span class='ocrx_word' id='word_1_630' title='bbox 2322 3575 2480 3629; x_wconf 90' lang='lat' dir='ltr'><strong>obelo</strong></span> <span class='ocrx_word' id='word_1_631' title='bbox 2509 3575 2779 3644; x_wconf 84' lang='lat' dir='ltr'><strong>signatum</strong></span> <span class='ocrx_word' id='word_1_632' title='bbox 2818 3585 2898 3629; x_wconf 88' lang='lat' dir='ltr'><strong>est</strong></span> <span class='ocrx_word' id='word_1_633' title='bbox 2945 3589 3138 3628; x_wconf 90' lang='lat' dir='ltr'><strong>nomen</strong></span> <span class='ocrx_word' id='word_1_634' title='bbox 3187 3573 3339 3637; x_wconf 89' lang='lat' dir='ltr'><strong>illud,</strong></span> <span class='ocrx_word' id='word_1_635' title='bbox 3363 3589 3494 3642; x_wconf 83' lang='lat' dir='ltr'><strong>quo-</strong></span> 
     </span>
    </p>
   </div>
   <div class='ocr_carea' id='block_1_80' title="bbox 1930 3664 3487 3736">
    <p class='ocr_par' dir='ltr' id='par_1_80' title="bbox 1930 3664 3487 3736">
     <span class='ocr_line' id='line_1_80' title="bbox 1930 3664 3487 3736; baseline -0.001 -14"><span class='ocrx_word' id='word_1_636' title='bbox 1930 3670 2074 3722; x_wconf 89' lang='lat' dir='ltr'><strong>niam</strong></span> <span class='ocrx_word' id='word_1_637' title='bbox 2110 3683 2221 3722; x_wconf 91' lang='lat' dir='ltr'><strong>non</strong></span> <span class='ocrx_word' id='word_1_638' title='bbox 2257 3667 2531 3736; x_wconf 89' lang='lat' dir='ltr'><strong>justorum</strong></span> <span class='ocrx_word' id='word_1_639' title='bbox 2564 3667 2725 3730; x_wconf 88' lang='lat' dir='ltr'><strong>alius,</strong></span> <span class='ocrx_word' id='word_1_640' title='bbox 2759 3667 2865 3722; x_wconf 88' lang='lat' dir='ltr'><strong>nisi</strong></span> <span class='ocrx_word' id='word_1_641' title='bbox 2895 3664 3142 3719; x_wconf 86' lang='lat' dir='ltr'><strong>Salvator</strong></span> <span class='ocrx_word' id='word_1_642' title='bbox 3175 3673 3360 3720; x_wconf 85' lang='lat' dir='ltr'><strong>noster</strong></span> <span class='ocrx_word' id='word_1_643' title='bbox 3395 3664 3487 3720; x_wconf 82' lang='lat' dir='ltr'><strong>Je-</strong></span> 
     </span>
    </p>
   </div>
   <div class='ocr_carea' id='block_1_81' title="bbox 1929 3754 3485 3829">
    <p class='ocr_par' dir='ltr' id='par_1_81' title="bbox 1929 3754 3485 3829">
     <span class='ocr_line' id='line_1_81' title="bbox 1929 3754 3485 3829; baseline -0.001 -17"><span class='ocrx_word' id='word_1_644' title='bbox 1929 3775 2024 3814; x_wconf 89' lang='lat' dir='ltr'><strong>sus</strong></span> <span class='ocrx_word' id='word_1_645' title='bbox 2053 3759 2327 3822; x_wconf 85' lang='lat' dir='ltr'><strong>Christus,</strong></span> <span class='ocrx_word' id='word_1_646' title='bbox 2361 3773 2468 3812; x_wconf 89' lang='lat' dir='ltr'><strong>non</strong></span> <span class='ocrx_word' id='word_1_647' title='bbox 2493 3758 2709 3829; x_wconf 89' lang='lat' dir='ltr'><strong>quidem</strong></span> <span class='ocrx_word' id='word_1_648' title='bbox 2755 3759 2871 3828; x_wconf 89' lang='lat' dir='ltr'><strong>ipse</strong></span> <span class='ocrx_word' id='word_1_649' title='bbox 2915 3757 3059 3811; x_wconf 88' lang='lat' dir='ltr'><strong>ﬁlius</strong></span> <span class='ocrx_word' id='word_1_650' title='bbox 3092 3757 3262 3820; x_wconf 88' lang='lat' dir='ltr'><strong>lsaae,</strong></span> <span class='ocrx_word' id='word_1_651' title='bbox 3292 3754 3485 3818; x_wconf 81' lang='lat' dir='ltr'><strong>Jacob,</strong></span> 
     </span>
    </p>
   </div>
   <div class='ocr_carea' id='block_1_82' title="bbox 1927 3847 3486 3916">
    <p class='ocr_par' dir='ltr' id='par_1_82' title="bbox 1927 3847 3486 3916">
     <span class='ocr_line' id='line_1_82' title="bbox 1927 3847 3486 3916; baseline -0.003 -12"><span class='ocrx_word' id='word_1_652' title='bbox 1927 3851 2009 3904; x_wconf 84' lang='lat' dir='ltr'><strong>vel</strong></span> <span class='ocrx_word' id='word_1_653' title='bbox 2037 3849 2202 3906; x_wconf 79' lang='lat' dir='ltr'><strong>Israel</strong></span> <span class='ocrx_word' id='word_1_654' title='bbox 2227 3849 2631 3914; x_wconf 83' lang='lat' dir='ltr'><strong>denominatur,</strong></span> <span class='ocrx_word' id='word_1_655' title='bbox 2661 3849 2707 3904; x_wconf 94' lang='lat' dir='ltr'><strong>is</strong></span> <span class='ocrx_word' id='word_1_656' title='bbox 2731 3857 2850 3903; x_wconf 87' lang='lat' dir='ltr'><strong>erat</strong></span> <span class='ocrx_word' id='word_1_657' title='bbox 2879 3847 2965 3901; x_wconf 91' lang='lat' dir='ltr'><strong>cui</strong></span> <span class='ocrx_word' id='word_1_658' title='bbox 2997 3847 3240 3916; x_wconf 84' lang='lat' dir='ltr'><strong>adaptari</strong></span> <span class='ocrx_word' id='word_1_659' title='bbox 3266 3857 3486 3916; x_wconf 88' lang='lat' dir='ltr'><strong>possent</strong></span> 
     </span>
    </p>
   </div>
   <div class='ocr_carea' id='block_1_83' title="bbox 1927 3940 3484 4013">
    <p class='ocr_par' dir='ltr' id='par_1_83' title="bbox 1927 3940 3484 4013">
     <span class='ocr_line' id='line_1_83' title="bbox 1927 3940 3484 4013; baseline -0.003 -16"><span class='ocrx_word' id='word_1_660' title='bbox 1927 3943 2188 4012; x_wconf 75' lang='lat' dir='ltr'><strong>praedicta</strong></span> <span class='ocrx_word' id='word_1_661' title='bbox 2206 3945 2367 3998; x_wconf 90' lang='lat' dir='ltr'><strong>verba</strong></span> <span class='ocrx_word' id='word_1_662' title='bbox 2390 3961 2405 4010; x_wconf 88' lang='lat'><strong>;</strong></span> <span class='ocrx_word' id='word_1_663' title='bbox 2431 3953 2593 4013; x_wconf 85' lang='lat' dir='ltr'><strong>atque</strong></span> <span class='ocrx_word' id='word_1_664' title='bbox 2617 3944 2769 4006; x_wconf 90' lang='lat' dir='ltr'><strong>illud,</strong></span> <span class='ocrx_word' id='word_1_665' title='bbox 2797 3951 2852 3997; x_wconf 92' lang='lat' dir='ltr'><strong>ut</strong></span> <span class='ocrx_word' id='word_1_666' title='bbox 2874 3943 3086 4011; x_wconf 80' lang='lat' dir='ltr'><strong>Opinor,</strong></span> <span class='ocrx_word' id='word_1_667' title='bbox 3106 3942 3236 3994; x_wconf 87' lang='lat' dir='ltr'><strong>nulli</strong></span> <span class='ocrx_word' id='word_1_668' title='bbox 3260 3940 3484 3995; x_wconf 90' lang='lat' dir='ltr'><strong>dubium</strong></span> 
     </span>
    </p>
   </div>
   <div class='ocr_carea' id='block_1_84' title="bbox 1925 4032 3479 4105">
    <p class='ocr_par' dir='ltr' id='par_1_84' title="bbox 1925 4032 3479 4105">
     <span class='ocr_line' id='line_1_84' title="bbox 1925 4032 3479 4105; baseline -0.003 -16"><span class='ocrx_word' id='word_1_669' title='bbox 1925 4045 2027 4090; x_wconf 89' lang='lat' dir='ltr'><strong>est.</strong></span> <span class='ocrx_word' id='word_1_670' title='bbox 2055 4033 2190 4090; x_wconf 88' lang='lat' dir='ltr'><strong>Dato</strong></span> <span class='ocrx_word' id='word_1_671' title='bbox 2211 4036 2354 4091; x_wconf 88' lang='lat' dir='ltr'><strong>enim</strong></span> <span class='ocrx_word' id='word_1_672' title='bbox 2373 4035 2519 4105; x_wconf 89' lang='lat' dir='ltr'><strong>quod</strong></span> <span class='ocrx_word' id='word_1_673' title='bbox 2553 4035 2676 4091; x_wconf 90' lang='lat' dir='ltr'><strong>aliis</strong></span> <span class='ocrx_word' id='word_1_674' title='bbox 2698 4049 2913 4105; x_wconf 86' lang='lat' dir='ltr'><strong>quoque</strong></span> <span class='ocrx_word' id='word_1_675' title='bbox 2944 4033 3058 4087; x_wconf 70' lang='lat' dir='ltr'><strong>haec</strong></span> <span class='ocrx_word' id='word_1_676' title='bbox 3087 4032 3438 4086; x_wconf 89' lang='lat' dir='ltr'><strong>convenirent</strong></span> <span class='ocrx_word' id='word_1_677' title='bbox 3466 4050 3479 4084; x_wconf 89' lang='lat'><strong>:</strong></span> 
     </span>
    </p>
   </div>
   <div class='ocr_carea' id='block_1_85' title="bbox 1927 4122 3481 4198">
    <p class='ocr_par' dir='ltr' id='par_1_85' title="bbox 1927 4122 3481 4198">
     <span class='ocr_line' id='line_1_85' title="bbox 1927 4122 3481 4198; baseline 0 -22"><span class='ocrx_word' id='word_1_678' title='bbox 1927 4145 1945 4176; x_wconf 76' lang='grc' dir='ltr'><strong>ι</strong></span> <span class='ocrx_word' id='word_1_679' title='bbox 1963 4125 2089 4180; x_wconf 90' lang='lat' dir='ltr'><strong>Dedi</strong></span> <span class='ocrx_word' id='word_1_680' title='bbox 2103 4126 2359 4196; x_wconf 87' lang='lat' dir='ltr'><strong>Spiritum</strong></span> <span class='ocrx_word' id='word_1_681' title='bbox 2381 4141 2554 4181; x_wconf 92' lang='lat' dir='ltr'><strong>meum</strong></span> <span class='ocrx_word' id='word_1_682' title='bbox 2573 4141 2735 4198; x_wconf 80' lang='lat' dir='ltr'><strong>super</strong></span> <span class='ocrx_word' id='word_1_683' title='bbox 2749 4142 2892 4191; x_wconf 89' lang='lat' dir='ltr'><strong>eum;</strong></span> <span class='ocrx_word' id='word_1_684' title='bbox 2907 4125 3144 4178; x_wconf 67' lang='lat' dir='ltr'><strong>tcuinam</strong></span> <span class='ocrx_word' id='word_1_685' title='bbox 3163 4123 3267 4177; x_wconf 89' lang='lat' dir='ltr'><strong>dici</strong></span> <span class='ocrx_word' id='word_1_686' title='bbox 3283 4122 3481 4193; x_wconf 88' lang='lat' dir='ltr'><strong>potuit:</strong></span> 
     </span>
    </p>
   </div>
   <div class='ocr_carea' id='block_1_86' title="bbox 1929 4215 3481 4289">
    <p class='ocr_par' dir='ltr' id='par_1_86' title="bbox 1929 4215 3481 4289">
     <span class='ocr_line' id='line_1_86' title="bbox 1929 4215 3481 4289; baseline -0.001 -21"><span class='ocrx_word' id='word_1_687' title='bbox 1929 4235 1947 4268; x_wconf 85' lang='grc'><em>‹</em></span> <span class='ocrx_word' id='word_1_688' title='bbox 1973 4215 2242 4273; x_wconf 68' lang='lat' dir='ltr'><strong>Iudicium</strong></span> <span class='ocrx_word' id='word_1_689' title='bbox 2276 4219 2528 4289; x_wconf 77' lang='lat' dir='ltr'><strong>gentibus</strong></span> <span class='ocrx_word' id='word_1_690' title='bbox 2558 4218 2814 4288; x_wconf 80' lang='lat' dir='ltr'><strong>proferet,</strong></span> <span class='ocrx_word' id='word_1_691' title='bbox 2854 4237 2872 4270; x_wconf 76' lang='grc' dir='ltr'><strong>ι</strong></span> <span class='ocrx_word' id='word_1_692' title='bbox 2916 4225 2968 4278; x_wconf 84' lang='lat' dir='ltr'><strong>et</strong></span> <span class='ocrx_word' id='word_1_693' title='bbox 2997 4231 3117 4286; x_wconf 69' lang='lat' dir='ltr'><strong>qure</strong></span> <span class='ocrx_word' id='word_1_694' title='bbox 3159 4226 3481 4284; x_wconf 82' lang='lat' dir='ltr'><strong>sequuntur,</strong></span> 
     </span>
    </p>
   </div>
   <div class='ocr_carea' id='block_1_87' title="bbox 1922 4309 3485 4380">
    <p class='ocr_par' dir='ltr' id='par_1_87' title="bbox 1922 4309 3485 4380">
     <span class='ocr_line' id='line_1_87' title="bbox 1922 4309 3485 4380; baseline 0 -18"><span class='ocrx_word' id='word_1_695' title='bbox 1922 4311 2326 4380; x_wconf 65' lang='lat' dir='ltr'><strong>praesertimque</strong></span> <span class='ocrx_word' id='word_1_696' title='bbox 2354 4311 2484 4364; x_wconf 80' lang='lat' dir='ltr'><strong>illud</strong></span> <span class='ocrx_word' id='word_1_697' title='bbox 2515 4329 2528 4364; x_wconf 89' lang='lat'><strong>:</strong></span> <span class='ocrx_word' id='word_1_698' title='bbox 2559 4328 2577 4360; x_wconf 80' lang='grc' dir='ltr'><strong>ι</strong></span> <span class='ocrx_word' id='word_1_699' title='bbox 2605 4309 2667 4363; x_wconf 86' lang='grc' dir='ltr'>Ει</span> <span class='ocrx_word' id='word_1_700' title='bbox 2695 4310 2748 4363; x_wconf 91' lang='lat' dir='ltr'><strong>in</strong></span> <span class='ocrx_word' id='word_1_701' title='bbox 2781 4310 2996 4363; x_wconf 91' lang='lat' dir='ltr'><strong>nomine</strong></span> <span class='ocrx_word' id='word_1_702' title='bbox 3017 4309 3135 4377; x_wconf 86' lang='lat' dir='ltr'><strong>ejus</strong></span> <span class='ocrx_word' id='word_1_703' title='bbox 3153 4317 3338 4377; x_wconf 81' lang='lat' dir='ltr'><strong>gentes</strong></span> <span class='ocrx_word' id='word_1_704' title='bbox 3361 4323 3485 4376; x_wconf 77' lang='lat' dir='ltr'><strong>spe-</strong></span> 
     </span>
    </p>
   </div>
   <div class='ocr_carea' id='block_1_88' title="bbox 1927 4395 3478 4464">
    <p class='ocr_par' dir='ltr' id='par_1_88' title="bbox 1927 4395 3478 4464">
     <span class='ocr_line' id='line_1_88' title="bbox 1927 4395 3478 4464; baseline -0.001 -14"><span class='ocrx_word' id='word_1_705' title='bbox 1927 4399 2165 4453; x_wconf 90' lang='lat' dir='ltr'><strong>rabunt?</strong></span> <span class='ocrx_word' id='word_1_706' title='bbox 2197 4419 2214 4450; x_wconf 72' lang='grc' dir='ltr'><strong>ι</strong></span> <span class='ocrx_word' id='word_1_707' title='bbox 2255 4399 2539 4464; x_wconf 88' lang='lat' dir='ltr'><strong>Quomodo</strong></span> <span class='ocrx_word' id='word_1_708' title='bbox 2571 4408 2749 4454; x_wconf 88' lang='lat' dir='ltr'><strong>autem</strong></span> <span class='ocrx_word' id='word_1_709' title='bbox 2778 4399 3038 4453; x_wconf 87' lang='lat' dir='ltr'><strong>credibile</strong></span> <span class='ocrx_word' id='word_1_710' title='bbox 3066 4403 3210 4452; x_wconf 87' lang='lat' dir='ltr'><strong>esset</strong></span> <span class='ocrx_word' id='word_1_711' title='bbox 3243 4399 3355 4451; x_wconf 83' lang='lat' dir='ltr'><strong>sive</strong></span> <span class='ocrx_word' id='word_1_712' title='bbox 3381 4395 3478 4450; x_wconf 83' lang='lat' dir='ltr'><strong>Ju-</strong></span> 
     </span>
    </p>
   </div>
   <div class='ocr_carea' id='block_1_89' title="bbox 1925 4490 3482 4562">
    <p class='ocr_par' dir='ltr' id='par_1_89' title="bbox 1925 4490 3482 4562">
     <span class='ocr_line' id='line_1_89' title="bbox 1925 4490 3482 4562; baseline -0.001 -18"><span class='ocrx_word' id='word_1_713' title='bbox 1925 4490 2167 4546; x_wconf 68' lang='lat' dir='ltr'><strong>daeorum</strong></span> <span class='ocrx_word' id='word_1_714' title='bbox 2204 4492 2421 4561; x_wconf 88' lang='lat' dir='ltr'><strong>populo,</strong></span> <span class='ocrx_word' id='word_1_715' title='bbox 2456 4493 2569 4546; x_wconf 89' lang='lat' dir='ltr'><strong>sive</strong></span> <span class='ocrx_word' id='word_1_716' title='bbox 2594 4492 2699 4562; x_wconf 86' lang='lat' dir='ltr'><strong>ipsi</strong></span> <span class='ocrx_word' id='word_1_717' title='bbox 2733 4491 2844 4544; x_wconf 91' lang='lat' dir='ltr'><strong>lilio</strong></span> <span class='ocrx_word' id='word_1_718' title='bbox 2871 4492 3043 4556; x_wconf 86' lang='lat' dir='ltr'><strong>Isaac,</strong></span> <span class='ocrx_word' id='word_1_719' title='bbox 3072 4491 3260 4558; x_wconf 85' lang='lat' dir='ltr'><strong>Jacob,</strong></span> <span class='ocrx_word' id='word_1_720' title='bbox 3287 4490 3401 4545; x_wconf 90' lang='lat' dir='ltr'><strong>sive</strong></span> <span class='ocrx_word' id='word_1_721' title='bbox 3427 4498 3482 4543; x_wconf 83' lang='lat' dir='ltr'><strong>et</strong></span> 
     </span>
    </p>
   </div>
   <div class='ocr_carea' id='block_1_90' title="bbox 261 4576 1829 4659">
    <p class='ocr_par' dir='ltr' id='par_1_90' title="bbox 261 4581 1815 4659">
     <span class='ocr_line' id='line_1_90' title="bbox 261 4581 1815 4659; baseline 0.004 -25"><span class='ocrx_word' id='word_1_722' title='bbox 261 4581 387 4651; x_wconf 81' lang='grc' dir='ltr'>ἔθνη</span> <span class='ocrx_word' id='word_1_723' title='bbox 413 4582 718 4647; x_wconf 86' lang='grc' dir='ltr'>ἐλπιοῦσιν;</span> <span class='ocrx_word' id='word_1_724' title='bbox 766 4602 784 4634; x_wconf 74' lang='grc' dir='ltr'><strong>ι</strong></span> <span class='ocrx_word' id='word_1_725' title='bbox 818 4584 938 4646; x_wconf 88' lang='grc' dir='ltr'>Πῶς</span> <span class='ocrx_word' id='word_1_726' title='bbox 965 4585 1021 4638; x_wconf 78' lang='grc' dir='ltr'>δὲ</span> <span class='ocrx_word' id='word_1_727' title='bbox 1059 4586 1162 4638; x_wconf 72' lang='grc' dir='ltr'><strong>κᾶν</strong></span> <span class='ocrx_word' id='word_1_728' title='bbox 1189 4586 1406 4640; x_wconf 86' lang='grc' dir='ltr'>πιθανὸν</span> <span class='ocrx_word' id='word_1_729' title='bbox 1449 4589 1531 4659; x_wconf 77' lang='grc' dir='ltr'><strong>εἴη</strong></span> <span class='ocrx_word' id='word_1_730' title='bbox 1567 4589 1684 4659; x_wconf 80' lang='grc' dir='ltr'>ἦτοι</span> <span class='ocrx_word' id='word_1_731' title='bbox 1708 4588 1815 4641; x_wconf 88' lang='grc' dir='ltr'><strong>τῶν</strong></span> 
     </span>
    </p>
   </div>
   <div class='ocr_carea' id='block_1_91' title="bbox 1933 4576 3480 4659">
    <p class='ocr_par' dir='ltr' id='par_1_91' title="bbox 1933 4580 3480 4652">
     <span class='ocr_line' id='line_1_91' title="bbox 1933 4580 3480 4652; baseline -0.002 -16"><span class='ocrx_word' id='word_1_732' title='bbox 1933 4583 2098 4637; x_wconf 82' lang='lat' dir='ltr'><strong>cuivis</strong></span> <span class='ocrx_word' id='word_1_733' title='bbox 2123 4583 2395 4652; x_wconf 88' lang='lat' dir='ltr'><strong>justorum</strong></span> <span class='ocrx_word' id='word_1_734' title='bbox 2419 4582 2533 4646; x_wconf 87' lang='lat' dir='ltr'><strong>alii,</strong></span> <span class='ocrx_word' id='word_1_735' title='bbox 2565 4597 2628 4638; x_wconf 86' lang='lat' dir='ltr'><strong>ea</strong></span> <span class='ocrx_word' id='word_1_736' title='bbox 2653 4581 2945 4636; x_wconf 90' lang='lat' dir='ltr'><strong>convenire</strong></span> <span class='ocrx_word' id='word_1_737' title='bbox 2973 4602 2986 4635; x_wconf 86' lang='lat'>:</span> <span class='ocrx_word' id='word_1_738' title='bbox 3029 4600 3048 4632; x_wconf 86' lang='grc'><strong>‹</strong></span> <span class='ocrx_word' id='word_1_739' title='bbox 3082 4580 3211 4636; x_wconf 89' lang='lat' dir='ltr'><strong>Dedi</strong></span> <span class='ocrx_word' id='word_1_740' title='bbox 3245 4589 3297 4636; x_wconf 90' lang='lat' dir='ltr'><strong>te</strong></span> <span class='ocrx_word' id='word_1_741' title='bbox 3323 4581 3378 4635; x_wconf 75' lang='lat' dir='ltr'><strong>in</strong></span> <span class='ocrx_word' id='word_1_742' title='bbox 3400 4588 3480 4634; x_wconf 90' lang='lat' dir='ltr'><strong>te-</strong></span> 
     </span>
    </p>
   </div>
   <div class='ocr_carea' id='block_1_92' title="bbox 274 4671 1814 4749">
    <p class='ocr_par' dir='ltr' id='par_1_92' title="bbox 274 4671 1814 4749">
     <span class='ocr_line' id='line_1_92' title="bbox 274 4671 1814 4749; baseline 0.005 -23"><span class='ocrx_word' id='word_1_743' title='bbox 274 4671 538 4727; x_wconf 84' lang='grc' dir='ltr'>Ἶουδαίων</span> <span class='ocrx_word' id='word_1_744' title='bbox 569 4673 755 4746; x_wconf 80' lang='grc' dir='ltr'>λαῷ,ή</span> <span class='ocrx_word' id='word_1_745' title='bbox 791 4676 884 4729; x_wconf 81' lang='grc' dir='ltr'><strong>καὶ</strong></span> <span class='ocrx_word' id='word_1_746' title='bbox 908 4675 1052 4746; x_wconf 78' lang='grc' dir='ltr'><strong>αὑτῷ</strong></span> <span class='ocrx_word' id='word_1_747' title='bbox 1082 4676 1160 4747; x_wconf 85' lang='grc' dir='ltr'>τῷ</span> <span class='ocrx_word' id='word_1_748' title='bbox 1183 4679 1275 4731; x_wconf 89' lang='grc' dir='ltr'><strong>τοῦ</strong></span> <span class='ocrx_word' id='word_1_749' title='bbox 1314 4679 1494 4732; x_wconf 86' lang='grc' dir='ltr'>Ίσαάκ</span> <span class='ocrx_word' id='word_1_750' title='bbox 1535 4679 1746 4743; x_wconf 85' lang='grc' dir='ltr'>Ἰακὼϐ,</span> <span class='ocrx_word' id='word_1_751' title='bbox 1783 4679 1814 4749; x_wconf 80' lang='grc' dir='ltr'>ἢ</span> 
     </span>
    </p>
   </div>
   <div class='ocr_carea' id='block_1_93' title="bbox 259 4765 1819 4839">
    <p class='ocr_par' dir='ltr' id='par_1_93' title="bbox 259 4765 1819 4839">
     <span class='ocr_line' id='line_1_93' title="bbox 259 4765 1819 4839; baseline 0.003 -20"><span class='ocrx_word' id='word_1_752' title='bbox 259 4765 357 4819; x_wconf 76' lang='grc' dir='ltr'>καὶ</span> <span class='ocrx_word' id='word_1_753' title='bbox 382 4766 552 4835; x_wconf 85' lang='grc' dir='ltr'>έτέρῳ</span> <span class='ocrx_word' id='word_1_754' title='bbox 581 4768 685 4819; x_wconf 70' lang='grc' dir='ltr'>τινὶ</span> <span class='ocrx_word' id='word_1_755' title='bbox 709 4766 814 4819; x_wconf 84' lang='grc' dir='ltr'><strong>τῶν</strong></span> <span class='ocrx_word' id='word_1_756' title='bbox 844 4767 1060 4820; x_wconf 87' lang='grc' dir='ltr'>δικαίων</span> <span class='ocrx_word' id='word_1_757' title='bbox 1085 4769 1411 4839; x_wconf 76' lang='grc' dir='ltr'>ἐφαρμόζειν</span> <span class='ocrx_word' id='word_1_758' title='bbox 1436 4770 1499 4822; x_wconf 77' lang='grc' dir='ltr'>τό</span> <span class='ocrx_word' id='word_1_759' title='bbox 1520 4786 1533 4800; x_wconf 83' lang='lat'><strong><em>°</em></strong></span> <span class='ocrx_word' id='word_1_760' title='bbox 1569 4790 1586 4821; x_wconf 72' lang='grc' dir='ltr'><strong>ι</strong></span> <span class='ocrx_word' id='word_1_761' title='bbox 1607 4771 1819 4824; x_wconf 82' lang='grc' dir='ltr'>Ἔδωκά</span> 
     </span>
    </p>
   </div>
   <div class='ocr_carea' id='block_1_94' title="bbox 265 4859 1819 4933">
    <p class='ocr_par' dir='ltr' id='par_1_94' title="bbox 265 4859 1819 4933">
     <span class='ocr_line' id='line_1_94' title="bbox 265 4859 1819 4933; baseline 0.004 -21"><span class='ocrx_word' id='word_1_762' title='bbox 265 4874 323 4912; x_wconf 85' lang='grc' dir='ltr'><strong>σε</strong></span> <span class='ocrx_word' id='word_1_763' title='bbox 347 4861 427 4921; x_wconf 84' lang='grc' dir='ltr'><strong>είς</strong></span> <span class='ocrx_word' id='word_1_764' title='bbox 448 4859 705 4931; x_wconf 82' lang='grc' dir='ltr'>διαθήκην</span> <span class='ocrx_word' id='word_1_765' title='bbox 729 4860 934 4928; x_wconf 78' lang='grc' dir='ltr'>γένους,</span> <span class='ocrx_word' id='word_1_766' title='bbox 958 4863 1034 4923; x_wconf 85' lang='grc' dir='ltr'><strong>είς</strong></span> <span class='ocrx_word' id='word_1_767' title='bbox 1057 4861 1166 4928; x_wconf 78' lang='grc' dir='ltr'><strong>φῶς</strong></span> <span class='ocrx_word' id='word_1_768' title='bbox 1189 4862 1375 4928; x_wconf 86' lang='grc' dir='ltr'>ἐθνῶν,</span> <span class='ocrx_word' id='word_1_769' title='bbox 1399 4862 1602 4927; x_wconf 76' lang='grc' dir='ltr'>ἀνοῖξαι</span> <span class='ocrx_word' id='word_1_770' title='bbox 1623 4864 1819 4933; x_wconf 74' lang='grc' dir='ltr'>ὀφθαλ-</span> 
     </span>
    </p>
   </div>
   <div class='ocr_carea' id='block_1_95' title="bbox 263 4951 1813 5025">
    <p class='ocr_par' dir='ltr' id='par_1_95' title="bbox 263 4951 1813 5025">
     <span class='ocr_line' id='line_1_95' title="bbox 263 4951 1813 5025; baseline 0.005 -23"><span class='ocrx_word' id='word_1_771' title='bbox 263 4951 398 5020; x_wconf 81' lang='grc' dir='ltr'>μοὺς</span> <span class='ocrx_word' id='word_1_772' title='bbox 436 4951 666 5020; x_wconf 74' lang='grc' dir='ltr'>τυφλῶν,</span> <span class='ocrx_word' id='word_1_773' title='bbox 686 4952 985 5022; x_wconf 77' lang='grc' dir='ltr'>ἐξαγαγεῖν</span> <span class='ocrx_word' id='word_1_774' title='bbox 1020 4955 1083 5006; x_wconf 88' lang='grc' dir='ltr'><strong>ἐκ</strong></span> <span class='ocrx_word' id='word_1_775' title='bbox 1113 4953 1326 5024; x_wconf 88' lang='grc' dir='ltr'>δεσμῶν</span> <span class='ocrx_word' id='word_1_776' title='bbox 1357 4954 1689 5025; x_wconf 85' lang='grc' dir='ltr'>δεδεμένους,</span> <span class='ocrx_word' id='word_1_777' title='bbox 1721 4959 1813 5010; x_wconf 70' lang='grc' dir='ltr'>καὶ</span> 
     </span>
    </p>
   </div>
   <div class='ocr_carea' id='block_1_96' title="bbox 260 5041 1813 5115">
    <p class='ocr_par' dir='ltr' id='par_1_96' title="bbox 260 5041 1813 5115">
     <span class='ocr_line' id='line_1_96' title="bbox 260 5041 1813 5115; baseline 0.004 -21"><span class='ocrx_word' id='word_1_778' title='bbox 260 5042 322 5107; x_wconf 76' lang='grc' dir='ltr'>ἐξ</span> <span class='ocrx_word' id='word_1_779' title='bbox 360 5041 508 5096; x_wconf 78' lang='grc' dir='ltr'>οἴκου</span> <span class='ocrx_word' id='word_1_780' title='bbox 554 5045 796 5115; x_wconf 85' lang='grc' dir='ltr'>φυλακῆς</span> <span class='ocrx_word' id='word_1_781' title='bbox 839 5045 1176 5115; x_wconf 82' lang='grc' dir='ltr'>καθημένους</span> <span class='ocrx_word' id='word_1_782' title='bbox 1219 5048 1275 5098; x_wconf 84' lang='grc' dir='ltr'><strong>ἐν</strong></span> <span class='ocrx_word' id='word_1_783' title='bbox 1328 5048 1539 5111; x_wconf 83' lang='grc' dir='ltr'>σκότει;</span> <span class='ocrx_word' id='word_1_784' title='bbox 1585 5067 1602 5098; x_wconf 73' lang='grc' dir='ltr'><strong>ι</strong></span> <span class='ocrx_word' id='word_1_785' title='bbox 1653 5049 1813 5100; x_wconf 76' lang='grc' dir='ltr'>’Δλλά</span> 
     </span>
    </p>
   </div>
   <div class='ocr_carea' id='block_1_97' title="bbox 255 5130 1808 5210">
    <p class='ocr_par' dir='ltr' id='par_1_97' title="bbox 255 5130 1808 5210">
     <span class='ocr_line' id='line_1_97' title="bbox 255 5130 1808 5210; baseline 0.005 -25"><span class='ocrx_word' id='word_1_786' title='bbox 255 5130 428 5186; x_wconf 85' lang='grc' dir='ltr'>ταῦτα</span> <span class='ocrx_word' id='word_1_787' title='bbox 453 5135 580 5204; x_wconf 79' lang='grc' dir='ltr'>ἡμῖν</span> <span class='ocrx_word' id='word_1_788' title='bbox 601 5133 676 5198; x_wconf 86' lang='grc' dir='ltr'><strong>ῶς</strong></span> <span class='ocrx_word' id='word_1_789' title='bbox 698 5136 832 5205; x_wconf 84' lang='grc' dir='ltr'>πρὸς</span> <span class='ocrx_word' id='word_1_790' title='bbox 853 5137 977 5198; x_wconf 82' lang='grc' dir='ltr'>τοὺς</span> <span class='ocrx_word' id='word_1_791' title='bbox 999 5137 1061 5188; x_wconf 82' lang='grc' dir='ltr'><strong>ἐκ</strong></span> <span class='ocrx_word' id='word_1_792' title='bbox 1087 5138 1381 5207; x_wconf 85' lang='grc' dir='ltr'>περιτομῆς</span> <span class='ocrx_word' id='word_1_793' title='bbox 1409 5139 1774 5210; x_wconf 88' lang='grc' dir='ltr'>ἐπηπορήσθω</span> <span class='ocrx_word' id='word_1_794' title='bbox 1796 5157 1808 5169; x_wconf 85' lang='grc'>·</span> 
     </span>
    </p>
   </div>
   <div class='ocr_carea' id='block_1_98' title="bbox 260 5224 1812 5302">
    <p class='ocr_par' dir='ltr' id='par_1_98' title="bbox 260 5224 1812 5302">
     <span class='ocr_line' id='line_1_98' title="bbox 260 5224 1812 5302; baseline 0.005 -26"><span class='ocrx_word' id='word_1_795' title='bbox 260 5224 446 5292; x_wconf 76' lang='grc' dir='ltr'>σαφῶς</span> <span class='ocrx_word' id='word_1_796' title='bbox 473 5242 534 5292; x_wconf 87' lang='grc' dir='ltr'><strong>γε</strong></span> <span class='ocrx_word' id='word_1_797' title='bbox 563 5227 667 5297; x_wconf 74' lang='grc' dir='ltr'><strong>μὴν</strong></span> <span class='ocrx_word' id='word_1_798' title='bbox 691 5228 834 5297; x_wconf 77' lang='grc' dir='ltr'>ἡμᾶς</span> <span class='ocrx_word' id='word_1_799' title='bbox 873 5228 932 5280; x_wconf 85' lang='grc' dir='ltr'><strong>τὸ</strong></span> <span class='ocrx_word' id='word_1_800' title='bbox 973 5229 1297 5296; x_wconf 77' lang='grc' dir='ltr'>Εὑαγγέλιον</span> <span class='ocrx_word' id='word_1_801' title='bbox 1325 5230 1418 5280; x_wconf 72' lang='grc' dir='ltr'>ἐπὶ</span> <span class='ocrx_word' id='word_1_802' title='bbox 1444 5229 1536 5282; x_wconf 87' lang='grc' dir='ltr'><strong>τοῦ</strong></span> <span class='ocrx_word' id='word_1_803' title='bbox 1562 5231 1812 5302; x_wconf 85' lang='grc' dir='ltr'>Σωτῆρος</span> 
     </span>
    </p>
   </div>
   <div class='ocr_carea' id='block_1_99' title="bbox 255 5313 1811 5392">
    <p class='ocr_par' dir='ltr' id='par_1_99' title="bbox 255 5313 1811 5392">
     <span class='ocr_line' id='line_1_99' title="bbox 255 5313 1811 5392; baseline 0.005 -26"><span class='ocrx_word' id='word_1_804' title='bbox 255 5313 413 5385; x_wconf 82' lang='grc' dir='ltr'>ἡμῶν</span> <span class='ocrx_word' id='word_1_805' title='bbox 455 5315 624 5385; x_wconf 82' lang='grc' dir='ltr'>Ἰησοῦ</span> <span class='ocrx_word' id='word_1_806' title='bbox 655 5316 893 5370; x_wconf 81' lang='grc' dir='ltr'>διδάσκει</span> <span class='ocrx_word' id='word_1_807' title='bbox 938 5321 1028 5372; x_wconf 70' lang='grc' dir='ltr'>καὶ</span> <span class='ocrx_word' id='word_1_808' title='bbox 1063 5319 1264 5390; x_wconf 84' lang='grc' dir='ltr'>ταύτην</span> <span class='ocrx_word' id='word_1_809' title='bbox 1297 5319 1684 5392; x_wconf 84' lang='grc' dir='ltr'>πεπληρῶσθαι</span> <span class='ocrx_word' id='word_1_810' title='bbox 1714 5323 1811 5392; x_wconf 82' lang='grc' dir='ltr'><strong>τὴν</strong></span> 
     </span>
    </p>
   </div>
   <div class='ocr_carea' id='block_1_100' title="bbox 256 5405 1812 5480">
    <p class='ocr_par' dir='ltr' id='par_1_100' title="bbox 256 5405 1812 5480">
     <span class='ocr_line' id='line_1_100' title="bbox 256 5405 1812 5480; baseline 0.004 -24"><span class='ocrx_word' id='word_1_811' title='bbox 256 5405 608 5475; x_wconf 76' lang='grc' dir='ltr'>προφητείαν,</span> <span class='ocrx_word' id='word_1_812' title='bbox 660 5407 747 5458; x_wconf 82' lang='grc' dir='ltr'><strong>ὅτε</strong></span> <span class='ocrx_word' id='word_1_813' title='bbox 787 5424 804 5455; x_wconf 82' lang='grc' dir='ltr'><strong>ι</strong></span> <span class='ocrx_word' id='word_1_814' title='bbox 836 5407 1134 5473; x_wconf 80' lang='grc' dir='ltr'>ἐξελθόντες</span> <span class='ocrx_word' id='word_1_815' title='bbox 1165 5411 1212 5462; x_wconf 77' lang='grc' dir='ltr'><strong>οἱ</strong></span> <span class='ocrx_word' id='word_1_816' title='bbox 1264 5411 1542 5480; x_wconf 83' lang='grc' dir='ltr'>Φαρισαῖοι</span> <span class='ocrx_word' id='word_1_817' title='bbox 1576 5409 1812 5480; x_wconf 73' lang='grc' dir='ltr'>συμϐου-</span> 
     </span>
    </p>
   </div>
   <div class='ocr_carea' id='block_1_101' title="bbox 253 5493 1807 5564">
    <p class='ocr_par' dir='ltr' id='par_1_101' title="bbox 253 5493 1807 5564">
     <span class='ocr_line' id='line_1_101' title="bbox 253 5493 1807 5564; baseline 0.004 -18"><span class='ocrx_word' id='word_1_818' title='bbox 253 5493 364 5546; x_wconf 83' lang='grc' dir='ltr'>λιον</span> <span class='ocrx_word' id='word_1_819' title='bbox 397 5494 516 5546; x_wconf 79' lang='grc' dir='ltr'>κατ’</span> <span class='ocrx_word' id='word_1_820' title='bbox 557 5494 718 5548; x_wconf 76' lang='grc' dir='ltr'>αὐτοῦ</span> <span class='ocrx_word' id='word_1_821' title='bbox 756 5495 962 5558; x_wconf 76' lang='grc' dir='ltr'>ἔλαϐον,</span> <span class='ocrx_word' id='word_1_822' title='bbox 995 5499 1140 5564; x_wconf 83' lang='grc' dir='ltr'>ὅπως</span> <span class='ocrx_word' id='word_1_823' title='bbox 1173 5499 1331 5554; x_wconf 81' lang='grc' dir='ltr'>αὑτὸν</span> <span class='ocrx_word' id='word_1_824' title='bbox 1355 5499 1708 5554; x_wconf 86' lang='grc' dir='ltr'>ἀπολέσωσιν.</span> <span class='ocrx_word' id='word_1_825' title='bbox 1749 5501 1807 5552; x_wconf 90' lang='lat'><strong>&#39;0</strong></span> 
     </span>
    </p>
   </div>
   <div class='ocr_carea' id='block_1_102' title="bbox 251 5584 1805 5662">
    <p class='ocr_par' dir='ltr' id='par_1_102' title="bbox 251 5584 1805 5662">
     <span class='ocr_line' id='line_1_102' title="bbox 251 5584 1805 5662; baseline 0.005 -25"><span class='ocrx_word' id='word_1_826' title='bbox 251 5585 308 5638; x_wconf 80' lang='grc' dir='ltr'>δὲ</span> <span class='ocrx_word' id='word_1_827' title='bbox 355 5584 557 5655; x_wconf 79' lang='grc' dir='ltr'>Ἰησοῦς</span> <span class='ocrx_word' id='word_1_828' title='bbox 596 5588 754 5654; x_wconf 85' lang='grc' dir='ltr'>γνοὺς</span> <span class='ocrx_word' id='word_1_829' title='bbox 785 5588 1125 5659; x_wconf 79' lang='grc' dir='ltr'>ἀνεχώρησεν</span> <span class='ocrx_word' id='word_1_830' title='bbox 1165 5589 1370 5646; x_wconf 85' lang='grc' dir='ltr'>ἐκεῖθεν</span> <span class='ocrx_word' id='word_1_831' title='bbox 1397 5608 1409 5620; x_wconf 91' lang='grc'><strong>·</strong></span> <span class='ocrx_word' id='word_1_832' title='bbox 1453 5591 1547 5646; x_wconf 74' lang='grc' dir='ltr'>καὶ</span> <span class='ocrx_word' id='word_1_833' title='bbox 1579 5591 1805 5662; x_wconf 73' lang='grc' dir='ltr'>ἠκολού-</span> 
     </span>
    </p>
   </div>
   <div class='ocr_carea' id='block_1_103' title="bbox 253 5673 1802 5749">
    <p class='ocr_par' dir='ltr' id='par_1_103' title="bbox 253 5673 1802 5749">
     <span class='ocr_line' id='line_1_103' title="bbox 253 5673 1802 5749; baseline 0.006 -22"><span class='ocrx_word' id='word_1_834' title='bbox 253 5673 424 5744; x_wconf 80' lang='grc' dir='ltr'>θησαν</span> <span class='ocrx_word' id='word_1_835' title='bbox 456 5673 602 5745; x_wconf 79' lang='grc' dir='ltr'>αὐτῷ</span> <span class='ocrx_word' id='word_1_836' title='bbox 628 5675 825 5740; x_wconf 74' lang='grc' dir='ltr'>πολλοὶ,</span> <span class='ocrx_word' id='word_1_837' title='bbox 855 5678 944 5729; x_wconf 73' lang='grc' dir='ltr'><strong>καὶ</strong></span> <span class='ocrx_word' id='word_1_838' title='bbox 970 5679 1330 5749; x_wconf 82' lang='grc' dir='ltr'>ἐθεράπευσεν</span> <span class='ocrx_word' id='word_1_839' title='bbox 1352 5683 1546 5746; x_wconf 81' lang='grc' dir='ltr'>αὐτοὺς</span> <span class='ocrx_word' id='word_1_840' title='bbox 1570 5682 1802 5746; x_wconf 82' lang='grc' dir='ltr'>πάντας·</span> 
     </span>
    </p>
   </div>
   <div class='ocr_carea' id='block_1_104' title="bbox 327 5827 1364 5898">
    <p class='ocr_par' dir='ltr' id='par_1_104' title="bbox 327 5827 1364 5898">
     <span class='ocr_line' id='line_1_104' title="bbox 327 5827 1364 5898; baseline 0.01 -17"><span class='ocrx_word' id='word_1_841' title='bbox 327 5827 487 5884; x_wconf 72' lang='grc' dir='ltr'>ίΙεοὶ,</span> <span class='ocrx_word' id='word_1_842' title='bbox 520 5844 650 5894; x_wconf 77' lang='lat' dir='ltr'><strong>xui,</strong></span> <span class='ocrx_word' id='word_1_843' title='bbox 690 5832 806 5886; x_wconf 79' lang='lat'><strong>1-7.</strong></span> <span class='ocrx_word' id='word_1_844' title='bbox 883 5836 901 5863; x_wconf 85' lang='grc'>¹</span> <span class='ocrx_word' id='word_1_845' title='bbox 934 5832 1247 5898; x_wconf 77' lang='lat' dir='ltr'><strong>Mattli.,xu,</strong></span> <span class='ocrx_word' id='word_1_846' title='bbox 1285 5837 1364 5890; x_wconf 81' lang='grc' dir='ltr'>Η.</span> 
     </span>
    </p>
   </div>
   <div class='ocr_carea' id='block_1_105' title="bbox 568 5924 1241 5990">
    <p class='ocr_par' dir='ltr' id='par_1_105' title="bbox 568 5924 1241 5990">
     <span class='ocr_line' id='line_1_105' title="bbox 568 5924 1241 5990; baseline 0.012 -9"><span class='ocrx_word' id='word_1_847' title='bbox 568 5924 833 5983; x_wconf 66' lang='lat' dir='ltr'><strong>Parnm.</strong></span> <span class='ocrx_word' id='word_1_848' title='bbox 882 5925 997 5986; x_wconf 77' lang='lat' dir='ltr'><strong>Gn.</strong></span> <span class='ocrx_word' id='word_1_849' title='bbox 1049 5927 1241 5990; x_wconf 71' lang='lat' dir='ltr'><strong>XX“.</strong></span> 
     </span>
    </p>
   </div>
   <div class='ocr_carea' id='block_1_106' title="bbox 1923 4673 3478 4746">
    <p class='ocr_par' dir='ltr' id='par_1_106' title="bbox 1923 4673 3478 4746">
     <span class='ocr_line' id='line_1_106' title="bbox 1923 4673 3478 4746; baseline 0.001 -18"><span class='ocrx_word' id='word_1_850' title='bbox 1923 4681 2248 4729; x_wconf 83' lang='lat' dir='ltr'><strong>stamentum</strong></span> <span class='ocrx_word' id='word_1_851' title='bbox 2291 4674 2508 4743; x_wconf 81' lang='lat' dir='ltr'><strong>generis</strong></span> <span class='ocrx_word' id='word_1_852' title='bbox 2543 4675 2600 4728; x_wconf 90' lang='lat' dir='ltr'><strong>in</strong></span> <span class='ocrx_word' id='word_1_853' title='bbox 2637 4673 2818 4729; x_wconf 89' lang='lat' dir='ltr'><strong>lumen</strong></span> <span class='ocrx_word' id='word_1_854' title='bbox 2861 4676 3124 4746; x_wconf 78' lang='lat' dir='ltr'><strong>gentium,</strong></span> <span class='ocrx_word' id='word_1_855' title='bbox 3151 4683 3209 4731; x_wconf 91' lang='lat' dir='ltr'><strong>ut</strong></span> <span class='ocrx_word' id='word_1_856' title='bbox 3235 4675 3478 4746; x_wconf 78' lang='lat' dir='ltr'><strong>aperires</strong></span> 
     </span>
    </p>
   </div>
   <div class='ocr_carea' id='block_1_107' title="bbox 1921 4765 3474 4836">
    <p class='ocr_par' dir='ltr' id='par_1_107' title="bbox 1921 4765 3474 4836">
     <span class='ocr_line' id='line_1_107' title="bbox 1921 4765 3474 4836; baseline 0.003 -17"><span class='ocrx_word' id='word_1_857' title='bbox 1921 4765 2109 4819; x_wconf 85' lang='lat' dir='ltr'><strong>oculos</strong></span> <span class='ocrx_word' id='word_1_858' title='bbox 2138 4779 2430 4829; x_wconf 57' lang='lat' dir='ltr'><strong>caecorum,</strong></span> <span class='ocrx_word' id='word_1_859' title='bbox 2473 4776 2526 4820; x_wconf 90' lang='lat' dir='ltr'><strong>et</strong></span> <span class='ocrx_word' id='word_1_860' title='bbox 2562 4765 2823 4822; x_wconf 90' lang='lat' dir='ltr'><strong>educeres</strong></span> <span class='ocrx_word' id='word_1_861' title='bbox 2852 4782 2918 4821; x_wconf 82' lang='lat' dir='ltr'><strong>ex</strong></span> <span class='ocrx_word' id='word_1_862' title='bbox 2952 4767 3181 4822; x_wconf 85' lang='lat' dir='ltr'><strong>vinculis</strong></span> <span class='ocrx_word' id='word_1_863' title='bbox 3215 4767 3474 4836; x_wconf 78' lang='lat' dir='ltr'><strong>illigatos.</strong></span> 
     </span>
    </p>
   </div>
   <div class='ocr_carea' id='block_1_108' title="bbox 1920 4853 3476 4913">
    <p class='ocr_par' dir='ltr' id='par_1_108' title="bbox 1920 4853 3476 4913">
     <span class='ocr_line' id='line_1_108' title="bbox 1920 4853 3476 4913; baseline 0.001 -7"><span class='ocrx_word' id='word_1_864' title='bbox 1920 4862 1972 4907; x_wconf 86' lang='lat' dir='ltr'><strong>ct</strong></span> <span class='ocrx_word' id='word_1_865' title='bbox 1998 4855 2064 4909; x_wconf 92' lang='lat' dir='ltr'><strong>de</strong></span> <span class='ocrx_word' id='word_1_866' title='bbox 2093 4853 2256 4909; x_wconf 90' lang='lat' dir='ltr'><strong>domo</strong></span> <span class='ocrx_word' id='word_1_867' title='bbox 2283 4857 2520 4910; x_wconf 86' lang='lat' dir='ltr'><strong>carceris</strong></span> <span class='ocrx_word' id='word_1_868' title='bbox 2569 4858 2818 4913; x_wconf 89' lang='lat' dir='ltr'><strong>sedentes</strong></span> <span class='ocrx_word' id='word_1_869' title='bbox 2873 4858 2928 4912; x_wconf 92' lang='lat' dir='ltr'><strong>in</strong></span> <span class='ocrx_word' id='word_1_870' title='bbox 2983 4858 3257 4912; x_wconf 89' lang='lat' dir='ltr'><strong>tenebris?</strong></span> <span class='ocrx_word' id='word_1_871' title='bbox 3297 4877 3316 4909; x_wconf 73' lang='grc' dir='ltr'><strong>ι</strong></span> <span class='ocrx_word' id='word_1_872' title='bbox 3351 4855 3476 4909; x_wconf 82' lang='lat' dir='ltr'><strong>Haec</strong></span> 
     </span>
    </p>
   </div>
   <div class='ocr_carea' id='block_1_109' title="bbox 1920 4946 3468 5017">
    <p class='ocr_par' dir='ltr' id='par_1_109' title="bbox 1920 4946 3468 5017">
     <span class='ocr_line' id='line_1_109' title="bbox 1920 4946 3468 5017; baseline 0.001 -21"><span class='ocrx_word' id='word_1_873' title='bbox 1920 4960 2049 5001; x_wconf 79' lang='lat' dir='ltr'><strong>vero</strong></span> <span class='ocrx_word' id='word_1_874' title='bbox 2104 4946 2282 5010; x_wconf 86' lang='lat' dir='ltr'><strong>nobis,</strong></span> <span class='ocrx_word' id='word_1_875' title='bbox 2333 4948 2487 5017; x_wconf 88' lang='lat' dir='ltr'><strong>quasi</strong></span> <span class='ocrx_word' id='word_1_876' title='bbox 2517 4949 2880 5012; x_wconf 91' lang='lat' dir='ltr'><strong>circumcisis,</strong></span> <span class='ocrx_word' id='word_1_877' title='bbox 2934 4947 3272 5002; x_wconf 87' lang='lat' dir='ltr'><strong>discutienda</strong></span> <span class='ocrx_word' id='word_1_878' title='bbox 3323 4953 3468 5000; x_wconf 83' lang='lat' dir='ltr'><strong>sunt.</strong></span> 
     </span>
    </p>
   </div>
   <div class='ocr_carea' id='block_1_110' title="bbox 1918 5033 3470 5109">
    <p class='ocr_par' dir='ltr' id='par_1_110' title="bbox 1918 5033 3470 5109">
     <span class='ocr_line' id='line_1_110' title="bbox 1918 5033 3470 5109; baseline -0.001 -22"><span class='ocrx_word' id='word_1_879' title='bbox 1918 5033 2200 5091; x_wconf 82' lang='lat' dir='ltr'><strong>Manifeste</strong></span> <span class='ocrx_word' id='word_1_880' title='bbox 2240 5053 2340 5092; x_wconf 93' lang='lat' dir='ltr'><strong>nos</strong></span> <span class='ocrx_word' id='word_1_881' title='bbox 2378 5037 2724 5109; x_wconf 79' lang='lat' dir='ltr'><strong>Evangelium</strong></span> <span class='ocrx_word' id='word_1_882' title='bbox 2751 5053 2780 5091; x_wconf 92' lang='lat' dir='ltr'><strong>a</strong></span> <span class='ocrx_word' id='word_1_883' title='bbox 2814 5038 3094 5093; x_wconf 68' lang='lat' dir='ltr'><strong>Salvature</strong></span> <span class='ocrx_word' id='word_1_884' title='bbox 3122 5043 3310 5089; x_wconf 90' lang='lat' dir='ltr'><strong>nostro</strong></span> <span class='ocrx_word' id='word_1_885' title='bbox 3341 5033 3470 5088; x_wconf 82' lang='lat' dir='ltr'><strong>Jesu</strong></span> 
     </span>
    </p>
   </div>
   <div class='ocr_carea' id='block_1_111' title="bbox 1915 5125 3474 5200">
    <p class='ocr_par' dir='ltr' id='par_1_111' title="bbox 1915 5125 3474 5200">
     <span class='ocr_line' id='line_1_111' title="bbox 1915 5125 3474 5200; baseline -0.001 -20"><span class='ocrx_word' id='word_1_886' title='bbox 1915 5126 2055 5181; x_wconf 90' lang='lat' dir='ltr'><strong>hanc</strong></span> <span class='ocrx_word' id='word_1_887' title='bbox 2077 5127 2234 5182; x_wconf 90' lang='lat' dir='ltr'><strong>docet</strong></span> <span class='ocrx_word' id='word_1_888' title='bbox 2256 5129 2592 5199; x_wconf 84' lang='lat' dir='ltr'><strong>prophetiam</strong></span> <span class='ocrx_word' id='word_1_889' title='bbox 2616 5131 2887 5200; x_wconf 87' lang='lat' dir='ltr'><strong>impletam</strong></span> <span class='ocrx_word' id='word_1_890' title='bbox 2913 5129 3100 5193; x_wconf 84' lang='lat' dir='ltr'><strong>fuisse,</strong></span> <span class='ocrx_word' id='word_1_891' title='bbox 3130 5143 3253 5182; x_wconf 91' lang='lat' dir='ltr'><strong>cum</strong></span> <span class='ocrx_word' id='word_1_892' title='bbox 3289 5145 3306 5177; x_wconf 76' lang='grc' dir='ltr'><strong>ι</strong></span> <span class='ocrx_word' id='word_1_893' title='bbox 3334 5125 3474 5180; x_wconf 89' lang='lat' dir='ltr'><strong>Pha-</strong></span> 
     </span>
    </p>
   </div>
   <div class='ocr_carea' id='block_1_112' title="bbox 1916 5219 3469 5287">
    <p class='ocr_par' dir='ltr' id='par_1_112' title="bbox 1916 5219 3469 5287">
     <span class='ocr_line' id='line_1_112' title="bbox 1916 5219 3469 5287; baseline 0 -17"><span class='ocrx_word' id='word_1_894' title='bbox 1916 5219 2055 5273; x_wconf 76' lang='lat' dir='ltr'><strong>risaei</strong></span> <span class='ocrx_word' id='word_1_895' title='bbox 2083 5229 2345 5276; x_wconf 87' lang='lat' dir='ltr'><strong>exeuntes</strong></span> <span class='ocrx_word' id='word_1_896' title='bbox 2390 5222 2679 5277; x_wconf 90' lang='lat' dir='ltr'><strong>consilium</strong></span> <span class='ocrx_word' id='word_1_897' title='bbox 2727 5223 2990 5277; x_wconf 87' lang='lat' dir='ltr'><strong>adversus</strong></span> <span class='ocrx_word' id='word_1_898' title='bbox 3023 5235 3147 5274; x_wconf 91' lang='lat' dir='ltr'><strong>eum</strong></span> <span class='ocrx_word' id='word_1_899' title='bbox 3188 5227 3469 5287; x_wconf 89' lang='lat' dir='ltr'><strong>ceperunt,</strong></span> 
     </span>
    </p>
   </div>
   <div class='ocr_carea' id='block_1_113' title="bbox 1917 5312 3472 5379">
    <p class='ocr_par' dir='ltr' id='par_1_113' title="bbox 1917 5312 3472 5379">
     <span class='ocr_line' id='line_1_113' title="bbox 1917 5312 3472 5379; baseline -0.001 -16"><span class='ocrx_word' id='word_1_900' title='bbox 1917 5318 1975 5363; x_wconf 90' lang='lat' dir='ltr'><strong>ut</strong></span> <span class='ocrx_word' id='word_1_901' title='bbox 2018 5325 2140 5364; x_wconf 87' lang='lat' dir='ltr'><strong>eum</strong></span> <span class='ocrx_word' id='word_1_902' title='bbox 2175 5312 2564 5369; x_wconf 88' lang='lat' dir='ltr'><strong>interﬁcerent.</strong></span> <span class='ocrx_word' id='word_1_903' title='bbox 2595 5314 2750 5379; x_wconf 85' lang='lat' dir='ltr'><strong>Quod</strong></span> <span class='ocrx_word' id='word_1_904' title='bbox 2799 5329 2928 5368; x_wconf 86' lang='lat' dir='ltr'><strong>vero</strong></span> <span class='ocrx_word' id='word_1_905' title='bbox 2974 5312 3132 5368; x_wconf 85' lang='lat' dir='ltr'><strong>Jesus</strong></span> <span class='ocrx_word' id='word_1_906' title='bbox 3163 5313 3358 5373; x_wconf 88' lang='lat' dir='ltr'><strong>sciens,</strong></span> <span class='ocrx_word' id='word_1_907' title='bbox 3387 5325 3472 5363; x_wconf 75' lang='lat' dir='ltr'><strong>se-</strong></span> 
     </span>
    </p>
   </div>
   <div class='ocr_carea' id='block_1_114' title="bbox 1914 5400 3472 5463">
    <p class='ocr_par' dir='ltr' id='par_1_114' title="bbox 1914 5400 3472 5463">
     <span class='ocr_line' id='line_1_114' title="bbox 1914 5400 3472 5463; baseline -0.001 -6"><span class='ocrx_word' id='word_1_908' title='bbox 1914 5404 2079 5457; x_wconf 84' lang='lat' dir='ltr'><strong>cessit</strong></span> <span class='ocrx_word' id='word_1_909' title='bbox 2123 5404 2246 5458; x_wconf 91' lang='lat' dir='ltr'><strong>inde</strong></span> <span class='ocrx_word' id='word_1_910' title='bbox 2272 5423 2285 5458; x_wconf 90' lang='lat'>:</span> <span class='ocrx_word' id='word_1_911' title='bbox 2311 5414 2365 5459; x_wconf 89' lang='lat' dir='ltr'><strong>et</strong></span> <span class='ocrx_word' id='word_1_912' title='bbox 2405 5414 2603 5461; x_wconf 63' lang='lat' dir='ltr'><strong>secutae</strong></span> <span class='ocrx_word' id='word_1_913' title='bbox 2633 5414 2760 5460; x_wconf 88' lang='lat' dir='ltr'><strong>sunt</strong></span> <span class='ocrx_word' id='word_1_914' title='bbox 2792 5421 2914 5460; x_wconf 89' lang='lat' dir='ltr'><strong>eum</strong></span> <span class='ocrx_word' id='word_1_915' title='bbox 2965 5405 3139 5460; x_wconf 75' lang='lat' dir='ltr'><strong>turba:</strong></span> <span class='ocrx_word' id='word_1_916' title='bbox 3177 5400 3376 5463; x_wconf 70' lang='lat' dir='ltr'><strong>multae,</strong></span> <span class='ocrx_word' id='word_1_917' title='bbox 3418 5411 3472 5454; x_wconf 79' lang='lat' dir='ltr'><strong>et</strong></span> 
     </span>
    </p>
   </div>
   <div class='ocr_carea' id='block_1_115' title="bbox 1915 5493 3468 5569">
    <p class='ocr_par' dir='ltr' id='par_1_115' title="bbox 1915 5493 3468 5569">
     <span class='ocr_line' id='line_1_115' title="bbox 1915 5493 3468 5569; baseline 0 -22"><span class='ocrx_word' id='word_1_918' title='bbox 1915 5493 2126 5550; x_wconf 74' lang='lat' dir='ltr'><strong>culavit</strong></span> <span class='ocrx_word' id='word_1_919' title='bbox 2155 5511 2248 5550; x_wconf 90' lang='lat' dir='ltr'><strong>eos</strong></span> <span class='ocrx_word' id='word_1_920' title='bbox 2275 5512 2465 5554; x_wconf 84' lang='lat' dir='ltr'><strong>omnes</strong></span> <span class='ocrx_word' id='word_1_921' title='bbox 2489 5539 2504 5563; x_wconf 93' lang='lat'><strong>,</strong></span> <span class='ocrx_word' id='word_1_922' title='bbox 2534 5507 2588 5555; x_wconf 90' lang='lat' dir='ltr'><strong>et</strong></span> <span class='ocrx_word' id='word_1_923' title='bbox 2620 5501 2873 5569; x_wconf 71' lang='lat' dir='ltr'><strong>praacepit</strong></span> <span class='ocrx_word' id='word_1_924' title='bbox 2903 5500 2983 5555; x_wconf 85' lang='lat' dir='ltr'><strong>eis</strong></span> <span class='ocrx_word' id='word_1_925' title='bbox 3021 5515 3090 5554; x_wconf 88' lang='lat' dir='ltr'><strong>ne</strong></span> <span class='ocrx_word' id='word_1_926' title='bbox 3123 5493 3468 5564; x_wconf 74' lang='lat' dir='ltr'><strong>manifestum</strong></span> 
     </span>
    </p>
   </div>
   <div class='ocr_carea' id='block_1_116' title="bbox 1915 5589 3464 5662">
    <p class='ocr_par' dir='ltr' id='par_1_116' title="bbox 1915 5589 3464 5662">
     <span class='ocr_line' id='line_1_116' title="bbox 1915 5589 3464 5662; baseline 0.001 -20"><span class='ocrx_word' id='word_1_927' title='bbox 1915 5589 2092 5658; x_wconf 86' lang='lat' dir='ltr'><strong>ipsum</strong></span> <span class='ocrx_word' id='word_1_928' title='bbox 2115 5589 2354 5645; x_wconf 80' lang='lat' dir='ltr'><strong>facerent</strong></span> <span class='ocrx_word' id='word_1_929' title='bbox 2381 5593 2423 5644; x_wconf 87' lang='lat'><strong>’.</strong></span> <span class='ocrx_word' id='word_1_930' title='bbox 2464 5610 2482 5642; x_wconf 67' lang='grc' dir='ltr'><strong>ι</strong></span> <span class='ocrx_word' id='word_1_931' title='bbox 2517 5591 2612 5646; x_wconf 85' lang='lat' dir='ltr'><strong>His</strong></span> <span class='ocrx_word' id='word_1_932' title='bbox 2641 5593 2784 5646; x_wconf 90' lang='lat' dir='ltr'><strong>enim</strong></span> <span class='ocrx_word' id='word_1_933' title='bbox 2813 5592 3030 5648; x_wconf 87' lang='lat' dir='ltr'><strong>additur</strong></span> <span class='ocrx_word' id='word_1_934' title='bbox 3050 5593 3103 5646; x_wconf 90' lang='lat' dir='ltr'><strong>in</strong></span> <span class='ocrx_word' id='word_1_935' title='bbox 3133 5591 3420 5662; x_wconf 78' lang='lat' dir='ltr'><strong>Evangelio</strong></span> <span class='ocrx_word' id='word_1_936' title='bbox 3450 5607 3464 5643; x_wconf 89' lang='lat'><strong>:</strong></span> 
     </span>
    </p>
   </div>
   <div class='ocr_carea' id='block_1_117' title="bbox 1922 5683 3470 5757">
    <p class='ocr_par' dir='ltr' id='par_1_117' title="bbox 1922 5683 3470 5757">
     <span class='ocr_line' id='line_1_117' title="bbox 1922 5683 3470 5757; baseline 0.003 -23"><span class='ocrx_word' id='word_1_937' title='bbox 1922 5702 1939 5734; x_wconf 80' lang='grc' dir='ltr'><strong>ι</strong></span> <span class='ocrx_word' id='word_1_938' title='bbox 1976 5683 2040 5739; x_wconf 88' lang='lat' dir='ltr'><strong>Ut</strong></span> <span class='ocrx_word' id='word_1_939' title='bbox 2072 5683 2386 5757; x_wconf 86' lang='lat' dir='ltr'><strong>impleretur</strong></span> <span class='ocrx_word' id='word_1_940' title='bbox 2406 5684 2548 5755; x_wconf 91' lang='lat' dir='ltr'><strong>quod</strong></span> <span class='ocrx_word' id='word_1_941' title='bbox 2573 5684 2773 5740; x_wconf 89' lang='lat' dir='ltr'><strong>dictum</strong></span> <span class='ocrx_word' id='word_1_942' title='bbox 2801 5694 2883 5741; x_wconf 83' lang='lat' dir='ltr'><strong>est</strong></span> <span class='ocrx_word' id='word_1_943' title='bbox 2908 5701 3002 5756; x_wconf 91' lang='lat' dir='ltr'><strong>per</strong></span> <span class='ocrx_word' id='word_1_944' title='bbox 3023 5684 3214 5741; x_wconf 85' lang='lat' dir='ltr'><strong>lsaiam</strong></span> <span class='ocrx_word' id='word_1_945' title='bbox 3247 5685 3470 5756; x_wconf 84' lang='lat' dir='ltr'><strong>prophe-</strong></span> 
     </span>
    </p>
   </div>
   <div class='ocr_carea' id='block_1_118' title="bbox 3064 5931 3140 5990">
    <p class='ocr_par' dir='ltr' id='par_1_118' title="bbox 3064 5931 3140 5990">
     <span class='ocr_line' id='line_1_118' title="bbox 3064 5931 3140 5990; baseline 0.013 -1"><span class='ocrx_word' id='word_1_946' title='bbox 3064 5931 3140 5990; x_wconf 69' lang='grc' dir='ltr'><strong>εν</strong></span> 
     </span>
    </p>
   </div>
  </div>
