3974 6506
558 379 690 437 1227

1217 377 1477 433 EUSEBH
1519 373 1990 432 CAESARIENSlS
2028 372 2175 428 OPP.
2218 371 2397 427 PARS
2448 370 2534 426 Ill.
2577 402 2642 414 —
2685 371 3094 428 EXEGETICA.

3629 375 3736 429 1223
3767 415 3777 429 .

557 513 664 556 tam
687 501 987 556 dicentem:
1018 498 1153 553 Ecce
1194 514 1327 569 puer
1358 515 1512 554 meus
1545 499 1600 553 in
1639 513 1747 569 quo
1776 496 2106 567 eomplacui,

2217 496 2309 548 καὶ
2343 495 2668 565 ἐπετίμησεν
2696 495 2897 558 αὑτοῖς,
2932 494 3018 546 ἴνα
3057 493 3130 564 μὴ
3177 492 3407 562 φανερὸν
3435 492 3582 547 αὑτὸν
3613 499 3736 567 ποιή-

556 593 784 646 dilectus
819 605 990 654 meus,
1015 603 1176 658 quem
1203 589 1364 659 elegit
1391 588 1570 642 anima
1600 604 1738 644 mea.
1774 586 1976 642 Ponam
2004 588 2118 657 spi-

557 689 717 737 ritum
745 698 923 737 meum
973 697 1137 752 super
1194 697 1340 747 eum,
1390 700 1409 734 ι
1473 691 1527 736 et
1587 681 1815 750 reliqua,
1877 682 2020 736 sicut
2065 681 2120 735 in

555 763 834 845 prophetia
895 772 1222 848 referuntur.
1267 771 1385 842 Ipse
1450 772 1612 842 igitur
1677 780 1842 837 esset,
1898 774 1989 843 qui
2032 773 2122 828 hic

551 863 721 920 Jacob
755 871 999 932 vocatur,
1048 863 1219 919 Filius
1279 863 1373 920 Dei
1425 865 1754 934 unigenitus;
1803 863 1945 920 sicut
1987 865 2119 920 alias

554 955 756 1020 dictum
798 964 882 1011 est
936 976 948 1010 :
1007 976 1026 1009 ι
1059 956 1308 1027 Magnum
1351 957 1449 1011 tibi
1507 967 1590 1012 est
1632 957 1815 1011 vocari
1846 965 1899 1012 te
1947 958 2114 1011 lilium

554 1063 752 1112 meum,
788 1048 1054 1104 suscitare
1079 1050 1254 1103 tribus
1282 1047 1470 1112 Jacob,
1504 1055 1557 1102 et
1591 1049 1748 1104 faeces
1777 1047 1944 1104 Israel
1988 1064 2120 1104 con-

553 1147 764 1194 vertere
808 1141 848 1194 ‘.
897 1159 916 1192 ι
955 1139 1055 1194 Hic
1085 1141 1249 1212 igitur
1278 1154 1306 1194 a
1337 1138 1499 1195 Patre
1541 1155 1662 1193 eum
1696 1140 1834 1194 inter
1865 1140 1968 1194 alia
1995 1141 2116 1195 haec

554 1229 817 1286 audiisset
845 1250 857 1286 :
898 1249 916 1282 ο
953 1230 1086 1286 Dedi
1117 1242 1169 1287 te
1199 1233 1252 1286 in
1281 1239 1661 1288 testamentum
1692 1233 1926 1302 generis,
1954 1233 2009 1286 in
2035 1233 2117 1287 luo

556 1330 674 1370 men
700 1317 960 1386 gentium,
987 1318 1255 1388 judicium
1282 1319 1462 1373 attulit
1485 1319 1754 1390 gentibus,
1792 1339 1809 1372 ι
1842 1321 1915 1374 ita
1943 1330 2001 1374 ut
2026 1321 2115 1390 ju-

553 1406 730 1461 dicata
773 1409 984 1464 ratione
1011 1410 1166 1479 juxta
1205 1422 1450 1465 sanetum
1488 1411 1834 1481 Evangelium
1865 1413 1996 1482 ipsa:
2029 1412 2113 1467 di-

554 1498 857 1568 rigerentur
893 1519 906 1554 :
940 1501 1106 1571 liquet
1133 1503 1188 1554 in
1211 1502 1427 1557 nomine
1449 1503 1567 1572 ejus
1590 1504 1894 1574 speravisse
1929 1513 2114 1574 gentes

555 1605 676 1658 quae
705 1590 761 1644 in
787 1606 911 1646 eum
934 1592 1306 1656 crediderunt,
1331 1594 1617 1664 ipsumque
1640 1594 1707 1649 ad
1730 1610 1824 1650 eas
1850 1597 1904 1648 in
1931 1596 2112 1650 lumen

555 1684 794 1752 gentium
824 1683 1059 1748 venisse,
1088 1693 1148 1738 ut
1177 1685 1323 1740 verbi
1354 1685 1439 1740 sui
1472 1686 1673 1741 lumine
1699 1687 1895 1742 mentis
1924 1687 2112 1743 oculos

556 1775 708 1846 prius
742 1775 1100 1846 caligantibus
1146 1778 1470 1833 recluderet.
1507 1777 1611 1834 Sed
1654 1779 1816 1834 etiam
1867 1779 2049 1834 eduxit
2082 1797 2113 1836 e

555 1870 788 1924 vinculis
816 1871 1084 1940 quondam
1114 1881 1458 1941 peccatorum
1485 1872 1713 1927 nexibus
1741 1872 1998 1943 illigatos,
2025 1882 2110 1927 at-

555 1978 660 2032 que
689 1978 719 2016 e
744 1961 906 2018 domo
929 1964 1167 2019 carceris
1196 1965 1394 2019 diaboli
1423 1965 1543 2020 illos
1565 1965 1658 2035 qui
1679 1965 1918 2019 omnium
1941 1965 2109 2021 Deum

557 2053 866 2123 ignorantes
899 2054 954 2108 in
985 2055 1226 2110 tenebris
1251 2055 1529 2111 sedebant.
1555 2055 1706 2111 Licet
1723 2056 1968 2112 studioso
1998 2057 2112 2113 sin-

557 2143 709 2213 gulas
725 2145 1000 2214 inquirere
1017 2149 1311 2217 prophetiae
1330 2163 1512 2213 voces,
1535 2148 1905 2217 reliquamque
1925 2148 2114 2204 dictio-

558 2250 702 2300 nem,
752 2237 892 2292 sicut
947 2238 1109 2292 modo
1157 2239 1528 2308 exposuimus,
1580 2239 1648 2294 ad
1691 2239 1966 2295 Christum
2017 2238 2110 2295 Dei

540 2332 872 2388 transferre.

2225 604 2386 642 σωσιν
2409 605 2420 618 °
2467 609 2484 640 ι
2519 589 2729 651 τούτοις
2759 590 2868 660 γὰρ
2900 587 3214 660 ἐπιφέρεται
3241 590 3298 640 ἐν
3330 587 3408 658 τῷ
3436 587 3736 661 Εύαγγελίῳο

2227 701 2244 732 ι
2281 682 2395 734 Ἵνα
2423 679 2678 752 πληρωθῇ
2713 680 2773 732 τὸ
2809 679 2969 751 ῥηθὲν
3000 679 3088 732 διὰ
3125 679 3347 731 Ἡσαΐου
3377 677 3465 731 τοῦ
3488 683 3734 751 προφήτου,

2218 773 2464 842 λίγοντος
2485 789 2499 803 °
2545 771 2673 825 Ἰδοὺ
2699 775 2727 825 6
2759 774 2886 835 παῖς
2922 788 3046 842 μου,
3077 770 3134 823 ὃν
3164 770 3389 842 ᾑρέτισα
3407 787 3420 801 ο
3451 773 3478 823 6
3506 772 3736 844 ἀγαπητὰ

2223 883 2344 936 μου,
2372 865 2431 917 ὃν
2456 864 2742 934 εὐδόκησεν
2771 865 2804 934 ἡ
2832 864 2975 935 ψυχή
3010 878 3139 933 μου·
3171 862 3321 932 θήσω
3351 861 3412 914 τὸ
3438 863 3638 933 Πνεῦμα
3660 883 3734 934 μιν)

2220 957 2305 1010 ἐπ’
2331 957 2514 1019 αὑτὸν,
2550 974 2569 1008 ι
2605 957 2696 1010 καὶ
2738 955 2807 1008 τὰ
2850 955 2996 1025 ἑξῆς,
3031 955 3130 1006 ὅσα
3165 953 3228 1022 δὴ
3275 955 3335 1006 ἐν
3379 955 3444 1024 τῇ
3486 958 3736 1026 προσητείᾳ

2218 1047 2580 1101 κατείλεκται.
2610 1045 2779 1109 Αὐτὸς
2824 1045 2867 1099 δ’
2915 1045 2981 1099 ἂν
3031 1039 3123 1097 οὖν
3163 1044 3248 1113 εἴη
3295 1042 3362 1096 ἂν
3408 1045 3435 1094 6
3468 1046 3553 1096 καὶ
3585 1045 3735 1098 Ἰακὼϐ

2216 1140 2576 1212 χρηματίσας,
2613 1140 2746 1202 Παῖς
2777 1138 2852 1190 ὢν
2898 1136 3186 1208 μονογενὴς
3219 1135 3312 1188 τοῦ
3356 1135 3514 1188 θεοῦ*
3554 1137 3618 1200 ὡς
3644 1139 3734 1192 ἰτέο

2220 1231 2349 1301 ρωθι
2381 1231 2627 1284 λέλεκται
2660 1247 2674 1262 ·
2715 1249 2734 1282 ι
2786 1230 2942 1298 Μέγα
2995 1228 3077 1282 σοί
3126 1229 3241 1280 ἐστι
3296 1227 3391 1280 τοῦ
3435 1228 3665 1299 κληθῆναί
3691 1247 3734 1283 σι

2215 1324 2380 1377 παῖδά
2425 1341 2545 1394 μου,
2594 1322 2688 1377 τοῦ
2734 1323 2929 1392 στῆσαι
2972 1321 3072 1385 τὰς
3114 1320 3286 1390 φυλὰς
3321 1318 3525 1385 Ἰακὼϐ,
3555 1321 3733 1386 καὶτὰς

2211 1414 2509 1486 διασπορὰς
2537 1414 2630 1468 τοῦ
2673 1412 2887 1485 Ἰσραὴλ
2920 1413 3265 1482 ἐπιστρέψαι.
3307 1429 3326 1462 ι
3376 1407 3534 1475 Οὗτος
3573 1413 3628 1482 δὴ
3658 1414 3736 1465 τοί-

2212 1523 2305 1559 νυν
2352 1506 2502 1578 παρὰ
2547 1505 2640 1560 τοῦ
2693 1506 2905 1577 Πατρὸς
2965 1505 3204 1568 ἀκούσας
3258 1505 3398 1575 μετὰ
3453 1505 3549 1558 τῶν
3598 1506 3733 1560 ἄλλων

2213 1598 2276 1668 (Ῑ.
2321 1598 2388 1652 52
2421 1598 2496 1669 v°)
2531 1598 2624 1650 xui
2649 1597 2738 1650 τό·
2784 1615 2802 1648 ι
2841 1595 3059 1650 Ἔδωκά
3087 1613 3142 1649 σε
3176 1597 3257 1658 εἰς
3286 1595 3542 1667 διαθήκην
3566 1597 3730 1666 γένους.

2213 1692 2290 1753 εἰς
2322 1688 2437 1759 φῶς
2479 1687 2670 1753 ἐθνῶν,
2701 1687 2882 1758 κρίσιν
2915 1686 3149 1758 ἐξήγαγε
3187 1689 3302 1750 τοῖς
3331 1686 3549 1750 ἔθνεσιν,
3584 1707 3600 1740 ι
3625 1688 3730 1740 ὥστε

2212 1781 2518 1853 κεκριμένῳ
2545 1778 2789 1850 λογισμῷ
2833 1778 2973 1832 κατὰ
3017 1779 3078 1831 τὸ
3107 1779 3249 1849 ἱερὸν
3278 1779 3592 1847 Εύαγγέλιον
3628 1780 3731 1833 αὐτὰ

2216 1872 2585 1926 πολιτεύεσθαι
2607 1889 2622 1902 ³
2672 1871 2838 1940 σαφὲς
2871 1871 2914 1922 δ’
2948 1872 3095 1934 ὅπως
3141 1871 3232 1924 ἐπὶ
3275 1871 3352 1942 τῷ
3376 1873 3580 1942 ὀνόματι
3606 1869 3730 1923 αὐτοῦ

2215 1964 2283 2017 τὰ
2329 1963 2690 2018 πιστεύσαντα
2733 1965 2810 2026 εἰς
2845 1963 3002 2015 αὑτὸν
3052 1961 3177 2033 ἔθνη
3230 1962 3447 2033 ἧλπικε,
3492 1963 3579 2015 καὶ
3616 1963 3730 2024 ὅπως

2210 2055 2356 2126 αύτῷ
2403 2055 2476 2126 (1)
2522 2056 2602 2118 εἰς
2653 2054 2764 2123 φῶς
2797 2055 2964 2107 ἐθνῶν
2987 2054 3379 2117 ἁναδέδεικται,
3409 2053 3540 2107 ὥστε
3564 2053 3637 2105 διὰ
3658 2051 3728 2106 τοῦ

2214 2150 2387 2218 φωτὸς
2424 2149 2516 2203 τοῦ
2551 2148 2708 2216 λόγου
2733 2147 2896 2201 αὐτοῦ
2938 2146 3636 2218 διανυγῆναι(οιγῆναι)τοὺς
3655 2144 3726 2215 τῆς

2210 2240 2444 2302 διανοίας
2480 2239 2788 2310 ὀφθαλμοὺς
2827 2238 2932 2292 τῶν
2963 2238 3129 2291 παλαι
3175 2237 3400 2301 τούτοις
3452 2238 3726 2307 πεπηρωμέ-

2212 2322 2315 2385 νων
2340 2331 2519 2385 σ’ἀλλὰ
2550 2331 2643 2386 καὶ
2684 2330 2951 2402 ἐξήγαγεν
2999 2332 3065 2384 ὲκ
3100 2329 3317 2402 δεσμῶν
3356 2329 3477 2392 τοὺς
3517 2328 3726 2399 πρότερον

544 2430 760 2498 κσειραῖς
791 2427 898 2480 τῶν
939 2426 1084 2480 ἰδίων
1128 2427 1408 2498 ἁμαρτιῶν
1453 2426 1914 2497 κατεσφιγμένους
1944 2425 2004 2490 ἐξ
2048 2425 2196 2479 οἴκου
2235 2444 2292 2481 τε
2315 2427 2415 2498 τῆς
2473 2427 2564 2481 τοῦ
2629 2427 2870 2482 διαϐόλου
2917 2427 3160 2497 φυλακῆς
3217 2428 3345 2490 τοὺς
3393 2426 3475 2478 διὰ
3515 2425 3600 2496 τὴν

556 2518 648 2570 τὸν
685 2518 791 2572 τῶν
811 2519 944 2572 ὅλων
967 2519 1097 2572 Θεὸν
1119 2518 1338 2587 ἄγνοιαν
1364 2521 1421 2571 ὲν
1447 2520 1624 2572 σκότει
1658 2518 2014 2591 καθημένους.
2038 2519 2323 2591 Πρόκειται
2347 2520 2403 2574 δὲ
2451 2520 2530 2591 τῷ
2571 2520 2856 2591 φιλομαθεῖ
2889 2521 3119 2590 ἑκάστην
3143 2519 3412 2586 ἐξετάζειν
3447 2518 3535 2588 τῆς
3562 2533 3727 2587 προση,

557 2608 703 2671 τείας
728 2608 890 2674 λέξιν,
922 2611 1014 2662 καὶ
1046 2609 1320 2677 ἀναλόγως
1347 2611 1458 2672 τοῖς
1488 2610 1576 2678 ὑφ’
1604 2609 1758 2682 ἡμῶν
1777 2610 2081 2681 εἰρημένοις
2103 2611 2193 2664 ἐπὶ
2216 2612 2304 2664 τὸν
2326 2611 2557 2682 Χριστὸν
2580 2612 2674 2665 τοῦ
2701 2611 2834 2665 Θεοῦ
2863 2611 2932 2664 τὰ
2949 2611 3321 2664 ὑποπίπτοντα
3347 2609 3652 2680 μεταφέοειν.

1139 2702 1364 2759 CAPUT
1401 2703 1539 2758 XXI.

617 2813 653 2847 ’τ
694 2795 875 2852 Estote
895 2797 1027 2850 mihi
1060 2805 1248 2862 testes,
1272 2806 1324 2852 et
1352 2812 1452 2867 ego
1482 2798 1657 2866 testis,
1695 2797 1826 2853 dicit
1856 2797 2118 2854 Dominus

558 2887 723 2949 Deus,
749 2896 802 2943 et
839 2904 970 2958 puer
1004 2905 1164 2959 quem
1215 2889 1350 2960 elegi
1379 2892 1421 2946 ⁸.
1458 2909 1478 2944 ›
1528 2889 1592 2944 Ει
1625 2891 1748 2962 quis
1798 2898 1941 2946 esset
1987 2906 2122 2960 puer

556 2994 716 3048 quem
745 2977 1189 3048 elegit'Dominus
1239 2977 1380 3034 Deus
1407 3019 1423 3045 ,
1483 2994 1646 3049 quem
1686 2989 1739 3034 et
1791 2980 1894 3034 sibi
1926 2987 2117 3036 testem

561 3070 676 3124 l'ore
699 3066 953 3136 praedicat
985 3082 1176 3122 eorum
1204 3066 1298 3137 qui
1341 3067 1445 3138 ipsi
1472 3068 1842 3124 testimonium
1871 3070 2122 3139 perhibe-

561 3160 713 3223 bunt,
745 3159 849 3213 nisi
875 3159 982 3223 ille,
1011 3159 1079 3214 de
1105 3174 1214 3230 quo
1237 3167 1290 3213 et
1319 3159 1375 3214 in
1417 3160 1741 3231 praecedenti
1770 3161 2007 3233 capitulo
2037 3162 2121 3216 di-

559 3258 703 3303 uum
738 3257 856 3305 est:
895 3269 913 3300 ι
951 3249 1118 3306 Jaeob
1173 3266 1306 3321 puer
1337 3267 1511 3319 meus,
1562 3253 1855 3323 suscipiam
1913 3268 2057 3320 eum,
2097 3273 2116 3305 ι

559 3350 612 3394 et
645 3357 763 3411 qua:
793 3351 1092 3412 sequuntur
1107 3341 1284 3409 ?,Quaa
1327 3343 1544 3414 quidem
1576 3343 1862 3401 manifeste
1905 3344 1972 3402 de
2003 3344 2120 3400 Sal-

545 3441 745 3488 vatorc
775 3435 1107 3507 Dominoque
1134 3434 1469 3494 nostroJesu
1495 3437 1875 3510 prophetizata
1897 3438 2121 3495 demon-

560 3531 726 3577 strata
753 3531 900 3580 sunt.

1137 3637 1361 3696 CAPUT
1399 3639 1564 3696 XXII.

634 3747 652 3780 ι
689 3729 826 3784 Ecce
842 3745 941 3801 ego
965 3727 1226 3788 Dominus
1244 3732 1342 3788 feci
1363 3742 1582 3798 terram,
1601 3733 1937 3800 ethominem
1957 3750 2119 3804 super

543 3835 712 3886 ram;
745 3836 845 3890 ego
878 3835 1038 3875 manu
1062 3837 1180 3876 mea
1214 3823 1544 3877 consolidavi
1581 3822 1924 3893 cmlum,-ego
1943 3825 2117 3877 omni-

561 3912 660 3966 lius
688 3912 852 3966 astris
879 3910 1147 3968 mandavi.
1180 3913 1291 3982 Ego
1326 3913 1583 3968 suseitavi
1605 3929 1727 3968 eum
1755 3928 1877 3967 cum
1901 3913 2116 3982 justitia

561 4017 761 4072 regem,
785 4010 838 4056 et
865 4015 1054 4057 omnes
1083 4002 1183 4056 viae
1222 4003 1339 4072 ejus
1374 4011 1554 4058 rectae.
1573 4001 1686 4057 'Hic
1713 4003 1999 4058 aediﬁcabit
2043 4003 2120 4058 ci-

560 4097 780 4149 vitalem
814 4110 1007 4159 meam,
1039 4105 1092 4149 et
1143 4096 1505 4162 captivitatem
1566 4094 1748 4166 populi
1801 4101 2114 4160 convertet,

560 4203 668 4245 non
700 4187 903 4257 pretio,
957 4202 1131 4257 neque
1167 4188 1483 4243 muneribus
1504 4226 1518 4250 ,
1572 4187 1702 4242 dicit
1735 4186 1994 4242 Dominus
2026 4186 2121 4241 Sa-

557 4277 743 4335 baoth.
775 4277 863 4333 Sic
888 4278 1020 4332 dicit
1051 4277 1313 4332 Dominus
1335 4276 1570 4332 Sabaoth
1598 4293 1610 4328 :
1645 4276 1933 4332 Laboravit
1946 4277 2114 4348 [Egy-

557 4378 702 4438 ptus,
729 4379 781 4424 ct
811 4369 1102 4441 negotiatio
1135 4368 1449 4440 IEthiopum
1469 4409 1484 4434 ,
1537 4377 1590 4424 et
1623 4367 1973 4424 Sabaim-viri
2022 4386 2114 4424 ex-

559 4427 688 4514 celsi
715 4459 785 4515 ad
817 4469 867 4514 te
881 4427 1230 4526 “transibunt,
1261 4427 1413 4515 etntui
1445 4466 1605 4514 erunt
1635 4459 1800 4523 servi,
1829 4468 1879 4513 et
1901 4473 1931 4512 a
1959 4467 2111 4530 tergo
2134 4427 2187 4482 Β

561 4561 612 4606 te
639 4563 929 4624 sequentur
959 4553 1124 4608 vincti
1159 4552 1408 4614 manicis,
1436 4561 1489 4606 et
1529 4552 1834 4607 adorabunt
1853 4551 2110 4620 juvenes,

559 4650 613 4698 et
645 4646 697 4698 in
731 4653 782 4699 te
805 4645 1074 4710 orabunt,
1121 4645 1374 4714 quoniam
1410 4645 1464 4699 in
1511 4654 1562 4697 te
1610 4642 1753 4697 Deus
1785 4652 1889 4706 est,
1920 4649 1974 4696 et
2004 4657 2112 4696 non

557 4743 642 4791 cst
674 4734 814 4790 Deus
842 4745 1035 4804 praeter
1069 4744 1121 4791 te
1151 4756 1166 4791 :
1203 4748 1258 4790 tu
1289 4737 1431 4791 enim
1463 4750 1522 4790 es
1552 4733 1725 4799 Deus,
1777 4741 1833 4788 et
1872 4749 1981 4788 non
2018 4749 2116 4788 no-

556 4843 830 4891 veramus,
861 4827 1012 4883 'Deus
1038 4830 1205 4884 israel
1239 4829 1502 4883 Salvator.
1539 4826 1872 4882 Erubescent
1900 4833 1954 4880 et
1987 4839 2118 4879 con-

556 4922 853 4976 l'unilentur
881 4936 1069 4977 omnes
1093 4922 1185 4997 qui
1216 4923 1573 4976 adversantur
1616 4919 1749 4983 tibi,
1797 4919 2119 4972 eteambula-

555 5016 693 5070 bunt
722 5014 774 5067 in
826 5013 1030 5084 pudore
1062 5013 1103 5067 ⁸.
1143 5033 1162 5066 ι
1221 5014 1502 5069 Christum
1537 5010 1696 5066 Pater
1750 5010 2036 5066 suscitavit
2086 5025 2116 5062 a

555 5107 813 5172 mortuis,
843 5105 1182 5161 constituens
1210 5120 1334 5163 eum
1375 5102 1745 5173 eumjustitia
1786 5116 1988 5172 regem,
2028 5117 2120 5156 su-

556 5215 654 5270 per
692 5197 823 5253 Sion
852 5197 1128 5252 cmlestem
1150 5239 1164 5264 ,
1203 5205 1436 5251 montem
1468 5203 1712 5250 sanctum
1739 5193 1860 5263 ejus
1888 5207 2119 5262 regnan~

557 5301 696 5357 tem;
731 5287 958 5358 ideoque
983 5289 1424 5352 suscitaviteum,
1444 5295 1734 5359 postquam
1759 5303 1776 5333 ε
1805 5297 1994 5338 omnes
2021 5283 2118 5336 viae

557 5381 698 5450 ejus,
726 5401 747 5435 ι
781 5382 878 5450 ait,
905 5380 1059 5436 facta:
1089 5391 1213 5437 sunt
1262 5389 1421 5436 recta:
1471 5398 1483 5434 :
1523 5395 1633 5440 non
1655 5390 1740 5437 est
1770 5380 1825 5434 in
1867 5376 1947 5432 eis
1993 5392 2116 5448 pra-

560 5490 684 5530 vum
711 5477 879 5547 quid,
931 5494 1106 5550 neque
1154 5489 1467 5546 perversum
1509 5475 1555 5530 δ.
1607 5494 1626 5528 ι
1664 5497 1774 5529 -ι
1829 5475 2116 5531 Peccatum

557 5566 702 5624 enim
744 5583 855 5622 non
906 5567 1058 5634 fecit,
1093 5582 1268 5640 neque
1312 5566 1564 5620 inventus
1615 5577 1697 5621 est
1737 5566 1894 5621 dolus
1938 5565 1991 5619 in
2023 5577 2119 5618 ore

631 5676 649 5707 ¹
673 5677 792 5731 Isai.
822 5693 966 5747 XLIX,
992 5677 1045 5732 6.
1122 5679 1142 5709 ¹
1174 5676 1297 5732 lsai.
1323 5690 1477 5740 mn,
1511 5676 1596 5732 l0.

625 5791 706 5871 μ)
738 5790 895 5850 Forte
927 5794 1030 5869 leg.
1063 5792 1243 5855 αὐτὸς.
1286 5787 1437 5847 Enn.

2718 2707 3105 2760 ΚΕΦΑΛΑΙΟΝ
3137 2705 3271 2761 KA'.

2295 2817 2313 2850 ι
2350 2797 2572 2851 Γένεσθέ
2608 2815 2697 2870 μοι
2732 2799 3024 2870 μάρτυρες,
3059 2797 3214 2867 κάγὼ
3245 2799 3468 2871 μάρτυς,
3488 2797 3617 2865 λέγει
3643 2795 3726 2848 K6-

2226 2907 2334 2962 ριος
2358 2893 2386 2945 6
2411 2890 2559 2956 Θεὸς,
2592 2891 2684 2945 καὶ
2708 2892 2736 2944 6
2767 2893 2893 2955 παῖς
2916 2890 2973 2943 ὃν
3005 2887 3354 2960 ἐξελεξάμην.
3390 2909 3407 2941 ι
3444 2888 3543 2942 Καὶ
3569 2887 3638 2950 τίς
3674 2885 3723 2938 ἂν

2223 2982 2305 3052 εἰη
2337 2981 2366 3031 6
2395 2985 2521 3045 παῖς
2548 2982 2606 3034 ὃν
2637 2981 2910 3045 ἐξελέξατο
2947 2981 3146 3052 Κύριος
3171 2982 3199 3033 ὀ
3225 2981 3378 3044 Θεὸς,
3403 2979 3458 3033 ὃν
3481 2981 3565 3032 καὶ
3589 2975 3724 3044 ἑαυτῷ

2224 3072 2612 3141 συγκαταλέγει
2649 3073 2896 3145 μάρτυρα
2927 3072 3290 3142 γενησόμενον
3323 3071 3427 3124 τῶν
3462 3069 3590 3140 αὐτῷ
3619 3085 3722 3139 μαρ-

2221 3161 2604 3233 τυρούντων,ἣ
2652 3159 2802 3227 οὗτος
2850 3162 2977 3233 περὶ
3017 3155 3076 3214 οὗ
3105 3161 3197 3214 καὶ
3241 3164 3300 3215 ἐν
3342 3161 3418 3232 τῷ
3460 3161 3554 3231 πρὸ
3577 3159 3721 3211 τούτου

2221 3254 2499 3324 κεφαλαίῳ
2532 3255 2765 3323 ἐλέγετο·
2804 3273 2822 3305 ι
2865 3253 3058 3307 Ἰακὼϐ
3102 3252 3129 3303 6
3161 3255 3292 3317 παῖς
3331 3270 3458 3324 μου,
3490 3248 3719 3320 ἀντιλήψ-

2224 3365 2318 3419 μαι
2357 3345 2541 3411 αὑτοῦ,
2586 3366 2604 3398 ι
2642 3347 2736 3399 καὶ
2783 3344 2855 3398 τὰ
2899 3345 3060 3416 ὲξῆςς
3114 3344 3270 3398 ἆτινα
3325 3345 3501 3414 σαφῶς
3536 3343 3614 3396 ἐπὶ
3653 3339 3722 3391 τὸν

2220 3438 2447 3509 Σωτῆρα
2477 3438 2570 3491 καὶ
2603 3437 2803 3509 Κύριον
2833 3438 2989 3509 ἡμῶν
3026 3436 3228 3508 Ἰησοῦν
3277 3435 3603 3490 ἀπεδείκνυτο
3627 3447 3721 3501 προ-

2223 3528 2626 3600 πεφητευμένα.

2542 3695 2550 3704 ,
2719 3641 3112 3696 ΚΕΦΑΛΔΙΟΝ
3161 3641 3293 3694 KB’.

2295 3751 2312 3784 ι
2340 3731 2479 3801 Ἐγὼ
2505 3731 2734 3802 ἐποίησα
2767 3733 2888 3802 γῆν,
2919 3733 3010 3786 καὶ
3038 3731 3322 3804 ἄνθρωπον
3339 3729 3611 3797 ὲπάύτῆςο
3637 3720 3720 3790 ἐγὼ

2216 3827 2281 3896 τῇ
2315 3822 2457 3895 χειρί
2490 3840 2590 3893 μου
2631 3823 2934 3894 ὲστερέωσα
2960 3823 3049 3876 τὸν
3077 3823 3304 3894 οὐρανόν
3322 3840 3336 3854 ο
3375 3819 3479 3889 ἐγὼ
3505 3819 3615 3870 πᾶσι
3636 3815 3718 3874 707.;

2217 3917 2435 3988 ἄστροις
2485 3913 2850 3984 ἐνετειλάμην.
2897 3911 3036 3982 Ἐγὼ
3081 3914 3282 3984 ἤγειρα
3318 3911 3472 3965 αὑτὸν
3513 3905 3626 3978 μετὰ
3657 3902 3715 3955 δι-

2218 4006 2507 4076 καιοσύνης
2543 4004 2784 4075 βασιλέα,
2820 4005 2911 4058 καὶ
2946 4005 3113 4057 πᾶσαι
3146 4005 3202 4057 αἱ
3229 4003 3342 4056 ὁδοὶ
3365 3998 3516 4055 αὑτοῦ
3541 3994 3714 4049 εὐθεῖαι.

2218 4095 2383 4162 Οὗτος
2415 4098 2756 4170 οἰκοδομήσει
2791 4098 2888 4166 τὴν
2912 4097 3062 4151 πόλιν
3104 4113 3222 4167 μου,
3255 4097 3350 4149 καί⁸
3381 4097 3472 4166 τὴν
3496 4087 3716 4161 αἰχμαλω-

2219 4193 2336 4247 σίαν
2369 4191 2462 4245 τοῦ
2494 4191 2620 4244 λαοῦ
2659 4208 2756 4262 μου
2790 4189 3122 4261 ἐπιστρέψει,
3152 4191 3210 4243 ού
3254 4188 3392 4260 μετὰ
3418 4186 3602 4255 δώρων,
3625 4177 3715 4231 οὐδὲ

2221 4284 2357 4356 μετὰ
2404 4284 2632 4355 λύτρων,
2678 4278 2828 4335 εἶπεν
2868 4279 3069 4352 Κύριος
3111 4279 3358 4332 Σαϐαὼθ.
3401 4276 3568 4336 Οὕτως
3605 4269 3716 4335 λέγει

2218 4375 2417 4447 Κύριος
2446 4372 2669 4428 Σαϐαὼθ
2693 4389 2706 4402 ·
2749 4371 3065 4424 Ἐκοπίασεν
3093 4371 3382 4438 Αἴγυπτος,
3416 4366 3504 4420 καὶ
3529 4358 3715 4432 ἐμπορία

2214 4465 2500 4527 Αἰθιόπων,
2528 4463 2620 4516 καὶ
2639 4463 2686 4516 οἰ
2701 4460 2943 4532 Σαϐαείμ
2960 4460 3146 4531 ἄνδρες
3177 4459 3367 4530 ὑψηλοὶ
3394 4459 3478 4510 ἐπὶ
3500 4454 3552 4506 σὲ
3571 4447 3714 4512 διαϐή-

2221 4573 2420 4619 σονται,
2449 4557 2541 4609 καὶ
2567 4555 2648 4608 σοὶ
2675 4555 2884 4608 ἔσονται
2907 4553 3104 4616 δοῦλοι,
3131 4554 3225 4605 καὶ
3252 4553 3425 4605 ὀπίσω
3445 4565 3528 4601 σου
3543 4541 3713 4597 amica-

2221 4645 2440 4716 θήσουσι
2473 4645 2740 4715 δεδεμένοι
2779 4643 3136 4714 χειροπεδαις,
3159 4642 3253 4693 καὶ
3279 4639 3594 4708 διαϐήσονται
3614 4626 3714 4698 πρὸς

2223 4739 2304 4802 σὲ,
2342 4739 2434 4790 καὶ
2463 4737 2896 4808 προσκυνήσουσί
2925 4734 3136 4798 σοι,καὶ
3167 4735 3224 4785 ἐν
3261 4733 3344 4786 σοὶ
3374 4723 3714 4801 προσεύξονται.

2223 4831 2304 4882 ὅτι
2324 4832 2380 4882 ὲν
2401 4831 2482 4883 σοὶ
2509 4831 2538 4882 6
2565 4829 2695 4893 Θεός
2723 4831 2858 4892 ἐστι,
2891 4826 2981 4880 καὶ
3007 4827 3104 4879 οὐκ
3122 4824 3234 4878 ἔστι
3250 4825 3378 4886 Θεὸς
3403 4820 3527 4889 πλὴν
3541 4813 3639 4868 σοῦ·
3663 4808 3712 4860 σὺ

2218 4922 2324 4992 γὰρ
2349 4918 2396 4973 εἷ
2432 4920 2582 4985 Θεὸς,
2613 4921 2706 4973 καὶ
2737 4919 2836 4972 ούκ
2857 4918 3100 4988 ᾔδειμεν,
3133 4914 3262 4978 Θεὸς
3290 4913 3382 4967 τοῦ
3419 4904 3608 4980 Ἰσραὴλ
3629 4901 3711 5000 ἕως

2216 5015 2353 5084 τῆρ’
2393 5012 2838 5083 αἰσχυνθήσονται
2887 5010 2980 5065 καὶ
3022 5009 3442 5077 ἐντραπήσονται
3481 5000 3646 5084 πάντες
3672 5003 3709 5040 0t

2218 5103 2577 5174 ἁντικείμενοξ
2612 5120 2712 5164 σοι,
2742 5103 2837 5157 καὶ
2867 5099 3218 5170 πορεύσονται
3241 5100 3296 5150 ὲν
3323 5091 3550 5163 αἰσχύνῃ.
3575 5103 3592 5137 Ι

2221 5196 2342 5249 στὸν
2383 5197 2412 5249 6
2459 5195 2648 5266 Πατὴρ
2689 5197 2906 5266 ἡγειρεν
2942 5194 3008 5246 ἐκ
3053 5191 3259 5264 νεκρῶν
3301 5188 3389 5243 τοῦ
3427 5181 3548 5238 εἶναι
3583 5169 3709 5229 αὑτὸν

2223 5287 2358 5358 μετά
2403 5286 2744 5357 δικαιοσύνης
2789 5284 3026 5356 βασιλέα.
3059 5285 3153 5336 ἐπὶ
3187 5283 3322 5336 Σιὼν
3356 5280 3413 5334 τὸ
3448 5270 3707 5358 ἐπουράνιον

2218 5356 2342 5450 ὅρος
2378 5378 2437 5429 τὸ
2469 5376 2624 5445 ἅγιον
2653 5356 2817 5430 αὑτοῦ
2843 5373 3190 5446 βασιλεύοντα
3212 5390 3226 5404 ·
3267 5373 3356 5426 καὶ
3386 5368 3469 5422 ἐπὶ
3509 5356 3637 5415 τοῦτό
3658 5365 3704 5419 τι

2219 5471 2379 5524 αὐτὸν
2407 5471 2645 5541 ἦγειρεν,
2676 5467 2862 5538 ἐπειδὴ
2901 5485 2918 5518 ι
2956 5467 3125 5520 πᾶσαι
3153 5467 3208 5518 αἱ
3247 5463 3350 5518 ὁδοὶ
3383 5453 3547 5515 αὑτοῦ.
3578 5468 3593 5500 υ

2224 5563 2326 5625 σἰν,
2362 5580 2380 5614 σ
2413 5529 2696 5631 γεγϐνασιν
2721 5529 2944 5625 εύθείαι,
2977 5557 3139 5628 μηδὲν
3163 5555 3372 5627 ἔχουσαι
3398 5543 3580 5603 σκολιὸν
3599 5529 3701 5604 ιιηᾶ

1697 5675 1717 5707 ³
1741 5674 1863 5732 lsai.
1890 5690 2012 5735 τιν.
2045 5671 2228 5730 12-10.
2305 5674 2324 5704 ⁸
2348 5669 2508 5729 Prov.
2551 5690 2666 5732 vm.
2715 5675 2764 5728 3.
