3974 6516
280 443 440 498 I229
1323 452 1616 510 ECLOCIE
1656 450 2208 511 PROPilETIC£.—
2248 453 2376 510 LIB.
2419 455 2507 512 IV.
3387 460 3537 517 I250

276 570 571 642 στράγγα)
585 570 755 627 ιῶδες.
789 590 806 623 ι
819 591 910 625 --ι
935 574 991 627 Ἀ
1001 591 1232 647 μαρτιαν
1250 576 1357 647 γάρ
1376 594 1455 629 τοι
1470 576 1569 628 οὐκ
1584 575 1845 645 ἐποίησεν,

1973 574 2081 643 ejus
2115 586 2152 631 ί.
2190 595 2209 628 ι
2245 575 2343 630 Hic
2367 590 2585 646 quoque
2626 576 2901 633 civitatem
2929 578 3217 633 aediﬁcavit
3245 579 3334 634 Dei
3360 621 3375 647 ,
3412 595 3542 634 san-

270 662 415 717 οὖδὲ
436 663 631 735 εὑρέθη
655 665 803 729 δόλος
830 668 886 719 ἐν
908 666 985 736 τῷ
1002 668 1229 737 στόματι
1252 667 1436 721 αὑτοῦ.
1466 664 1659 731 »Οὗτος
1687 668 1743 721 δὲ
1768 686 1839 721 κα

1978 676 2107 721 :tam
2150 668 2205 721 in
2257 676 2403 723 terra
2433 667 2731 723 Ecclesiam
2780 668 2923 739 ejus,
2959 670 3347 742 cmlestemque
3384 670 3547 727 Jeru‘

269 755 392 825 τὴν
428 756 581 809 πόλιν
601 757 913 828 ᾠκοδόμησε
935 758 1027 812 τοῦ
1064 759 1217 822 Θεοῦ,
1250 762 1349 831 την
1367 777 1425 813 τε
1448 763 1538 813 ἐπὶ
1577 761 1681 829 γῆς
1702 760 1838 823 άγίαε

1975 760 2169 827 salem;
2203 775 2327 815 cum
2371 761 2733 816 convertisset
2775 762 3145 833 captivitatem
3190 764 3372 834 pepuli
3432 766 3544 818 sui,

289 847 631 919 Ἐκκλησίαν
663 849 826 902 αὑτοῦ
861 852 954 903 καὶ
987 850 1082 923 τὴν
1112 851 1431 923 ἐπουράνιον
1475 851 1858 923 Ἰερουσαλήμο

1978 867 2083 923 ina:
2102 853 2282 907 evenit
2310 853 2412 907 sub
2434 854 2707 924 spirituali
2737 852 3267 917 Nabuchodonosor,
3294 834 3547 909 nefariis-

278 940 630 1011 ἐπιστρέψας
674 941 771 1012 τὴν
814 942 1186 1013 αἰχμαλωσίαν
1226 945 1321 997 τοῦ
1370 943 1498 997 λαοῦ
1546 943 1733 1008 αὑτοῦ,
1762 944 1847 1015 τὴν

1977 960 2066 1013 que
2093 944 2327 999 subditis
2349 945 2398 998 ei
2437 945 2836 1016 potestatibus;
2862 953 2917 1000 et
2945 960 3078 1001 sane
3102 943 3417 1014 pra'dictam
3447 959 3546 999 ca-

277 1034 591 1104 γενομένην
634 1036 765 1088 ποτὲ
792 1036 895 1089 ὑπὸ
923 1036 1011 1089 τὸν
1048 1037 1233 1107 νοητὸν
1258 1037 1742 1108 Ναὸουχοδονόσορ,
1769 1037 1846 1090 κα¹

1978 1035 2264 1104 ριὶνὶιοιεηι
2291 1038 2580 1101 convertit,
2620 1052 2728 1091 non
2756 1037 2992 1107 pretium
3023 1037 3159 1093 dans
3184 1035 3547 1091 custodienti-

277 1125 391 1190 τὰς
427 1128 519 1179 ὑπ’
550 1128 710 1180 αὐτὸν
751 1127 1006 1198 δυνάμεις
1041 1129 1282 1199 πονηράς
1307 1147 1319 1159 ’
1367 1131 1460 1183 καὶ
1498 1128 1561 1200 δὴ
1598 1128 1694 1199 τὴν
1730 1145 1846 1199 προ

1972 1127 2087 1189 bus,
2114 1142 2289 1197 neque
2317 1142 2413 1182 eos
2462 1129 2782 1184 muneribus
2806 1138 3052 1198 captans,
3085 1129 3362 1197 praeliatus
3413 1142 3541 1182 vero

278 1219 591 1290 ειρημένην
626 1220 995 1290 αἰχμαλωσίαν
1030 1221 1385 1292 ὑπέστρεψεν,
1422 1223 1482 1274 ού
1527 1222 1695 1293 λύτρα
1739 1221 1847 1283 δοὺς

1969 1220 2226 1273 adversus
2265 1235 2361 1276 eos
2386 1261 2401 1283 ,
2456 1228 2509 1275 et
2550 1221 2850 1276 certamine
2892 1236 2987 1275 eos
3038 1220 3325 1289 dejiciens,
3358 1220 3431 1274 ita
3481 1233 3538 1273 ut

276 1312 403 1373 τοῖς
430 1310 951 1380 αἰχμαλωτεύσασιν,
987 1311 1107 1365 ούδέ
1141 1311 1245 1381 μὴν
1278 1310 1467 1383 δώροις
1499 1313 1695 1375 αὐτοὺς
1740 1310 1845 1364 πεί-

1975 1325 2133 1365 )vans
2163 1312 2533 1366 exclamaret:
2576 1331 2593 1363 ι
2646 1311 2756 1383 Ego
2810 1311 2909 1365 vici
2962 1311 3225 1366 mundum
3254 1315 3296 1366 ².
3340 1331 3360 1365 ι
3417 1311 3544 1367 Haec

276 1419 411 1467 σας,
438 1400 771 1472 στρατεύσας
802 1402 858 1456 δὲ
883 1403 1001 1454 κατ’
1025 1403 1202 1454 αὐτῶν
1230 1404 1321 1455 καὶ
1345 1402 1410 1454 δι’
1433 1400 1641 1470 ἀγῶνος
1663 1402 1845 1461 αὐτοὺς

1969 1404 2253 1456 confirmat
2288 1402 2578 1457 multitudo
2603 1420 2790 1459 eorum
2820 1405 2911 1475 qui
2942 1420 2970 1459 a
3004 1406 3234 1475 pristino
3262 1420 3449 1460 errore
3472 1405 3538 1456 ad

274 1496 712 1567 χειρωσάμενος,
751 1495 888 1548 ὥστε
932 1497 1025 1548 sui
1070 1496 1147 1566 τῷ
1185 1495 1563 1566 κατορθώματι
1610 1495 1843 1567 λαμπρυ-

1968 1504 2149 1544 veram
2202 1491 2296 1546 Dei
2332 1492 2617 1546 scientiam
2666 1493 2913 1562 perducti
2958 1502 3087 1549 sunt
3114 1511 3207 1565 per
3239 1511 3362 1549 eum
3396 1514 3409 1548 :
3452 1494 3537 1549 di-

275 1584 518 1655 νὰμενον
553 1585 718 1652 φάναι
738 1600 749 1613 '
787 1603 806 1634 ‹
842 1585 982 1653 Ἐγὼ
1006 1585 1262 1656 νενίκηκα
1292 1587 1381 1638 τὸν
1412 1586 1632 1651 κόσμον.
1667 1605 1684 1637 ι
1714 1587 1844 1656 Μαρ

1973 1590 2088 1635 :ant
2122 1584 2216 1653 qui
2255 1600 2322 1639 ex
2350 1584 2769 1641 circumcisione
2797 1596 2944 1651 sunt,
2976 1587 3064 1640 cui
3098 1588 3392 1642 convenire
3415 1601 3542 1657 pos-

270 1678 443 1745 τυρεῖ
475 1675 536 1743 (f.
571 1676 659 1745 55")
693 1675 898 1738 τούτοις
931 1675 999 1728 τὰ
1029 1676 1206 1747 πλήθη
1239 1675 1344 1729 τῶν
1388 1676 1495 1729 άπὸ
1535 1676 1634 1746 τῆς
1668 1676 1839 1747 προτέ·

1976 1676 2069 1729 sint
2097 1676 2260 1731 verba
2296 1676 2460 1747 hujus
2489 1678 2804 1747 prophetiae,
2833 1678 3002 1733 Deum
3059 1678 3347 1734 manifeste
3375 1681 3545 1734 conli-

278 1783 389 1834 ρας
419 1766 625 1836 πλάνης
657 1766 747 1818 ἐπὶ
772 1766 831 1818 τὸ
857 1765 1141 1833 γινώσκειν
1172 1768 1261 1819 τὸν
1296 1767 1470 1838 ἀληθῆ
1500 1767 1630 1820 Θεὸν
1659 1767 1725 1819 δι’
1760 1768 1847 1819 αύ-

1975 1774 2143 1825 .eutis.
2177 1789 2195 1821 ι
2242 1768 2306 1823 Ili
2332 1771 2497 1835 enim,
2525 1772 2620 1832 ait,
2648 1771 2700 1824 hi
2728 1771 2821 1824 tibi
2852 1779 3013 1827 erunt
3042 1772 3210 1835 servi,
3245 1779 3299 1827 et
3338 1782 3459 1842 post
3490 1778 3544 1825 to

273 1852 381 1905 τοῦ
416 1853 960 1927 παλινδρομησάντων
1068 1856 1371 1925 λεγέτωσαν
1397 1859 1445 1909 οἱ
1465 1859 1527 1909 ἐκ
1552 1857 1842 1929 περιτομῆς

1978 1862 2337 1924 rmbulabunt,
2363 1870 2417 1917 et
2445 1862 2749 1916 adorabunt
2779 1870 2852 1927 te,
2884 1870 2937 1917 et
2975 1864 3027 1916 in
3057 1873 3107 1917 te
3126 1862 3385 1924 orabunt,
3412 1878 3547 1934 quo-

279 1946 383 1999 Eni
416 1948 534 2003 τίνα
554 1947 597 1999 δ’
621 1948 686 2001 ἂν
734 1951 1023 2020 ἀρμόζοιεν
1050 1951 1118 2004 τὰ
1152 1953 1248 2023 τῆς
1280 1953 1417 2024 μετὰ
1441 1956 1626 2024 χεῖρας
1652 1970 1848 2023 προφη·

1973 1954 2106 2006 niam
2131 1954 2185 2007 in
2210 1960 2261 2007 te
2287 1961 2370 2008 est
2398 1952 2561 2018 Deus,
2592 1962 2646 2009 et
2685 1969 2793 2008 non
2818 1964 2903 2009 est
2934 1952 3076 2009 Deus
3110 1963 3310 2024 przeter
3336 1962 3411 2009 te.
3462 1952 3542 2008 Tu

273 2041 436 2103 τείας
472 2041 657 2108 σαφῶς
689 2042 819 2095 Θεὸν
843 2044 1209 2116 ὁμολογούσης
1237 2045 1327 2098 τὸν
1357 2046 1827 2117 προφητευόμενον

1975 2045 2107 2101 enim
2131 2061 2191 2101 es
2226 2044 2390 2109 Deus,
2435 2054 2489 2101 et
2519 2046 2929 2110 nesciebamus,
2976 2046 3121 2102 Deus
3156 2046 3325 2102 Israel
3362 2046 3544 2101 Salva-

281 2151 303 2182 ι
343 2135 407 2187 Οί
431 2133 488 2186 δέ
514 2133 675 2200 γάρ,ι
704 2136 857 2205 φησι,
894 2155 912 2186 ι
946 2136 1039 2188 καὶ
1063 2137 1169 2189 οἵδε
1197 2137 1279 2189 σοὶ
1300 2137 1511 2191 ἔσονται
1540 2137 1735 2200 δοῦλοι,
1766 2138 1850 2190 καὶ

1973 2145 2049 2190 Lor
2080 2136 2120 2187 ³.
2160 2155 2178 2186 ι
2214 2135 2499 2191 Manifeste
2540 2145 2687 2207 patet
2732 2138 2817 2191 cui
2853 2137 2967 2190 hrec
3004 2137 3260 2193 dicantur
3284 2178 3299 2203 ,
3354 2155 3371 2188 ι
3405 2152 3542 2207 quo-

271 2225 459 2278 ὀπίσω
515 2243 606 2280 σου
659 2227 1100 2297 ἀκολουθήσουσι,
1134 2231 1225 2283 καὶ
1269 2231 1703 2301 προσκυνήσουσί
1755 2248 1833 2283 σοι

1975 2226 2106 2280 niam
2138 2226 2192 2280 in
2218 2234 2272 2281 te
2297 2235 2381 2282 est
2414 2226 2557 2281 Deus
2583 2266 2597 2290 ,
2656 2246 2672 2280 ι
2728 2227 2927 2297 quibus
2979 2227 3128 2283 addit
3169 2243 3372 2292 sermo,
3410 2246 3427 2278 ι
3488 2240 3544 2283 οι

276 2320 381 2372 καὶ
426 2320 481 2371 ἐν
510 2319 590 2371 σοὶ
626 2320 1031 2389 προσεύξονται,
1061 2322 1141 2375 ὅτι
1171 2324 1227 2374 ἐν
1254 2324 1337 2375 σοὶ
1378 2324 1406 2375 ό
1437 2321 1570 2384 Θεὸς
1602 2324 1738 2382 ἐστι,
1767 2324 1845 2375 καἸ

1971 2333 2071 2371 non
2101 2329 2185 2373 est
2210 2317 2351 2374 Deus
2391 2327 2588 2390 praeter
2624 2326 2693 2373 te.
2737 2318 2817 2372 Tu
2860 2318 3005 2373 enim
3039 2335 3098 2375 es
3134 2318 3312 2383 Deus,
3359 2325 3409 2373 e'
3444 2334 3540 2373 nc-

271 2412 383 2464 ούκ
413 2410 558 2464 ἔστιν
587 2411 741 2474 ἄλλος
774 2412 911 2482 πλὴν
954 2412 1047 2464 σού
1072 2430 1085 2444 ·
1127 2413 1189 2465 σὺ
1222 2412 1329 2483 γὰρ
1364 2408 1415 2464 εἷ
1442 2412 1593 2476 Θεὸς,
1626 2413 1721 2467 καὶ
1758 2413 1840 2465 οὐ)

1973 2411 2290 2466 sciebamus.
2327 2430 2345 2463 ι
2374 2412 2505 2479 Quae
2528 2413 2827 2468 audiuntur
2858 2413 3015 2485 quasi
3046 2427 3111 2467 ex
3142 2427 3375 2483 persona
3397 2411 3542 2466 dicta

271 2504 524 2575 ᾔδειμεν,
554 2503 685 2567 Θεὸς
718 2503 810 2557 τοῦ
851 2504 1062 2575 Ἰσραὴλ
1094 2506 1305 2576 Σωτήρ.
1351 2524 1369 2557 ι
1409 2505 1604 2574 Σαςρῶς
1639 2504 1747 2575 γάρ
1777 2522 1837 2557 το

1967 2516 2151 2555 eorum
2200 2502 2293 2571 qui
2328 2502 2604 2559 Christum
2637 2504 2729 2561 Dei
2764 2506 3106 2561 incarnatum
3136 2514 3536 2576 cognoverunt;

275 2598 521 2654 ἐνταῦθα
578 2592 621 2667 ᾧ
648 2597 836 2667 λέγετο
888 2598 974 2661 τὸ,
1017 2597 1097 2650 ὅτι
1146 2616 1163 2648 ι
1204 2598 1233 2651 ὁ
1273 2597 1405 2661 Θεὸς
1448 2598 1503 2649 ἐν
1543 2597 1624 2650 σοί
1665 2602 1799 2658 ἐστι,
1834 2616 1844 2648 l

1967 2596 2013 2648 in
2042 2611 2152 2665 quo
2192 2594 2463 2651 inhabitat
2492 2596 2634 2652 Deus
2666 2596 2849 2661 Pater,
2875 2598 3030 2666 juxta
3063 2596 3193 2652 illud
3225 2616 3236 2651 :
3277 2615 3295 2646 ι
3338 2596 3449 2667 Ego
3482 2595 3536 2650 in

274 2692 460 2763 τούτῳ
485 2690 821 2762 προσφωνῶν
854 2708 1017 2760 φησιν
1041 2691 1068 2742 ὁ
1093 2689 1248 2757 λόγος
1277 2688 1356 2753 τὸ,
1395 2707 1413 2739 ι
1452 2690 1545 2742 καὶ⁹
1576 2689 1676 2743 ούκ
1711 2688 1843 2743 Ecce.

1967 2685 2137 2748 Patre,
2166 2694 2219 2741 et
2251 2685 2410 2742 Pater
2442 2688 2497 2740 in
2533 2702 2617 2742 me
2649 2688 2691 2742 ⁸.
2732 2707 2749 2739 ι
2776 2688 3023 2757 ideoque
3045 2687 3173 2742 huic
3215 2687 3316 2742 soli
3344 2702 3518 2741 conve

275 2786 441 2849 ἄλλος
463 2786 601 2855 πλὴν
631 2784 722 2837 σοῦ
749 2800 763 2813 ·
801 2786 863 2838 σὺ
889 2785 998 2855 γάρ
1031 2780 1081 2836 εἴ
1111 2782 1263 2847 Θεὸς,
1298 2785 1391 2836 καὶ
1421 2784 1522 2835 ούκ
1549 2782 1765 2853 ᾔδειμεν
1786 2800 1799 2813 ·
1834 2803 1844 2834 ι

1969 2777 2117 2830 niunt
2146 2776 2237 2830 illa
2272 2794 2286 2830 :
2327 2798 2343 2829 ι
2383 2776 2501 2831 Non
2533 2785 2616 2832 est
2648 2776 2791 2834 Deus
2820 2788 3017 2849 praeter
3051 2786 3130 2842 te;
3182 2797 3200 2828 ι
3234 2776 3389 2847 quasi
3424 2777 3538 2831 sola

272 2879 317 2933 ἃ
355 2878 450 2931 καὶ
479 2876 790 2943 ἐξακούεται
821 2876 895 2939 ὡς
936 2875 1001 2929 ἂν
1041 2877 1103 2928 ἐκ
1133 2874 1422 2945 προσώπου
1452 2875 1718 2943 λεγόμενα
1748 2874 1841 2927 τῶι

1971 2869 2122 2925 Verbi
2160 2870 2360 2925 deitate
2401 2878 2629 2939 paterno
2674 2869 3007 2940 principatui
3036 2870 3187 2923 unita
3229 2867 3540 2923 commista-

274 2968 671 3036 ὲπεγνωκὸτων
692 2965 1183 3036 ἐνανθρωπήσαντα
1203 2965 1292 3018 τὸν
1316 2966 1550 3036 Χριστὸν
1570 2964 1664 3018 τού
1689 2964 1843 3018 Θεοῦ·

1959 2978 2085 3033 que,
2115 2962 2345 3034 ideoque
2375 2963 2491 3018 sola
2523 2962 2807 3032 utriu5que
2833 2962 3006 3032 gloria
3046 2970 3100 3016 et
3136 2968 3403 3032 potestate
3436 2976 3505 3031 ευ

274 3059 338 3111 ἐν
436 3058 728 3128 ἐτύγχανεν
756 3057 919 3110 οἰκῶν
944 3056 1074 3119 Θεὸς
1102 3059 1129 3109 ὁ
1158 3056 1366 3127 Πατὴρ,
1398 3056 1537 3109 κατὰ
1564 3057 1643 3109 τό·
1678 3075 1695 3107 ι
1719 3054 1843 3123 Ἐγὸ.

1969 3056 2243 3109 bernante.
2289 3052 2385 3108 llis
2413 3060 2615 3115 autem,
2654 3070 2672 3102 ι
2713 3051 3005 3106 Laboravit
3037 3051 3324 3123 Egyptus,
3355 3059 3409 3105 et
3439 3067 3538 3105 nc-

280 3151 343 3203 ἐν
364 3148 444 3219 τῷ
480 3148 671 3220 Πατρὶ,
706 3147 799 3200 καὶ
832 3148 860 3200 ὁ
894 3148 1083 3217 Πατὴρ
1115 3148 1171 3200 ἐν
1204 3148 1355 3217 ἐμοί’
1394 3166 1411 3197 ι
1441 3147 1506 3200 δι’
1532 3146 1560 3198 ὃ
1596 3147 1687 3200 καὶ
1714 3147 1849 3217 μόνῳ

1967 3148 2187 3216 gotiatio
2209 3144 2566 3215 ASthiOpum,
2601 3152 2656 3200 et
2685 3142 2905 3198 Sabaim
2952 3142 3053 3196 viri
3102 3142 3304 3198 excelsi
3360 3141 3427 3196 ad
3480 3148 3536 3197 te

284 3243 352 3296 ἂν
380 3242 531 3313 αύτῷ
559 3242 787 3313 ἁρμόσοι
812 3243 892 3305 τὸ,
927 3261 944 3292 ί
976 3242 1089 3295 Ούκ
1119 3241 1232 3295 ἐστι
1259 3242 1389 3307 Θεὸς
1422 3242 1559 3313 πλὴν
1592 3242 1740 3307 σού,›
1781 3242 1853 3306 ὼς

1961 3240 2292 3303 transibunt,
2329 3257 2347 3290 ι
2387 3237 2602 3294 ostendi
2648 3237 2902 3293 existimo
2956 3237 3219 3308 quasdam
3278 3235 3530 3290 adversa-

281 3336 349 3390 ἂν
408 3299 573 3406 μόνης
601 3290 711 3405 re};
757 3334 847 3387 τοῦ
879 3290 1070 3402 ⁷Λόγου
1119 3290 1387 3406 θεότητοςι
1418 3290 1707 3405 ἡνωμένης⁷
1759 3290 1850 3387 καί

1964 3334 2070 3388 rias
2094 3332 2408 3403 spirituales
2437 3340 2734 3401 potestates
2771 3346 2891 3400 qua:
2944 3331 3209 3386 adversus
3255 3327 3533 3383 Christum

280 3427 735 3499 ἀνακεκραμένης
766 3430 831 3497 τῇ
866 3430 1099 3497 πατρικῇ
1132 3427 1395 3498 βασιλείᾳ,
1435 3428 1529 3480 καὶ
1574 3428 1662 3480 διά
1696 3427 1849 3481 τοῦτο

1964 3436 2229 3481 certamen
2260 3425 2457 3489 iniere,
2490 3422 2648 3498 eique
2693 3421 2977 3477 audientes
3012 3420 3168 3474 factae
3210 3428 3337 3474 sunt
3362 3458 3377 3484 ,
3419 3418 3533 3474 sive

277 3524 407 3591 μιᾶς
432 3520 533 3590 τῆς
572 3520 898 3590 ἀμφοτέρων
932 3519 1317 3590 ἐπινοουμένης
1342 3519 1498 3590 δόξης
1533 3536 1593 3572 τε
1629 3520 1719 3572 καὶ
1749 3520 1846 3591 ἀρ-

1965 3518 2217 3587 quasdam
2248 3516 2462 3570 animas
2499 3514 2734 3584 primum
2792 3510 2969 3567 Verbo
3020 3512 3410 3574 adversantes,
3469 3523 3534 3563 ac

274 3610 378 3680 χῆς
403 3627 416 3640 ’
448 3611 505 3662 ἐν
533 3608 591 3661 δέ
622 3609 721 3679 τῷ,
757 3626 775 3659 ι
817 3610 1135 3673 ἶΕκοπίασεν
1165 3608 1458 3675 Αἴγυπτος,
1491 3610 1584 3661 καὶ
1610 3609 1843 3679 ἐμπορία

1960 3618 2141 3680 postea
2170 3608 2429 3663 ditionem
2459 3607 2578 3677 ejus
2606 3605 2882 3674 amplexas
2906 3606 3138 3677 propriis
3158 3606 3399 3675 ipsarum
3429 3603 3529 3657 bo-

271 3703 565 3765 Αἰθιόπων,
598 3703 692 3755 καὶ
715 3703 764 3754 οἱ
794 3701 1038 3771 Σαῧαεὶμ
1074 3701 1265 3771 ἄνδρες
1299 3700 1491 3771 ὑψηλοὶ
1522 3700 1615 3753 ἐπὶ
1648 3702 1706 3754 σὲ
1734 3701 1840 3755 δια-

1962 3702 2039 3757 nis
2080 3701 2357 3770 operibus.
2421 3698 2495 3754 De
2555 3697 2756 3769 quibus
2814 3708 2869 3752 et
2924 3699 3055 3752 illud
3116 3696 3223 3750 dici
3286 3695 3531 3765 opinor:

274 3797 549 3869 δήσονται,
593 3814 611 3846 ι
659 3794 947 3865 δηλοῦσθαι
995 3793 1198 3864 νομίζω
1241 3794 1366 3864 περὶ
1427 3792 1630 3864 νοητῶν
1686 3811 1843 3848 τινων

1963 3794 2179 3849 (Erunt
2218 3794 2313 3848 tibi
2355 3793 2532 3852 servi,
2566 3800 2619 3847 et
2664 3806 2692 3844 a
2736 3798 2888 3859 tergo
2918 3797 2974 3843 te
3009 3796 3310 3860 sequentur
3361 3788 3531 3842 vineti

272 3886 663 3957 ἀντικειμένων
710 3885 990 3955 δυνάμεων
1048 3883 1232 3951 ἀγῶνα
1285 3883 1420 3954 πρὸς
1471 3884 1561 3936 τὸν
1614 3884 1841 3956 Χριστὸν

1963 3884 2206 3949 manicis,
2230 3891 2283 3938 et
2313 3883 2367 3937 in
2402 3890 2454 3939 te
2474 3882 2727 3937 orabunt.
2759 3900 2779 3931 ι
2810 3878 2920 3934 Hoc
2944 3897 3107 3934 vero:
3142 3899 3161 3930 ‹
3192 3878 3532 3933 Erubescent

271 3979 584 4055 ἀραμένων,
609 3978 702 4030 καὶ
730 3976 1054 4046 ὑποχειρίων
1082 3973 1229 4044 αύτῷ
1262 3975 1659 4045 γεγενημένων,
1695 3974 1727 4045 ἢ
1756 3976 1840 4028 καὶ

1961 3987 2003 4031 et
2054 3976 2461 4032 confundentur
2517 3993 2707 4032 omnes
2762 3976 2855 4047 qui
2910 3974 3273 4029 adversantur
3327 3970 3414 4035 ei,
3476 3980 3530 4024 et

268 4071 458 4143 ψυχῶν
502 4069 715 4123 τοιωνδὶ
769 4070 887 4121 κατ’
935 4067 1106 4139 ἀρχὰς
1164 4068 1261 4138 μὲν
1311 4069 1717 4122 ἀντιτεινουσῶν
1771 4068 1837 4139 τᾷ

1961 4071 2310 4126 ambulabunt
2341 4072 2396 4125 in
2430 4070 2658 4142 pudore,
2702 4090 2719 4122 ι
2764 4069 3177 4141 prophetizatur
3205 4067 3272 4120 de
3322 4064 3389 4119 iis
3435 4064 3530 4136 qui

266 4165 449 4235 Λόγῳ,
486 4163 706 4236 ὕστερον
736 4162 792 4215 δέ
836 4178 966 4213 ποτε
998 4160 1095 4231 τὴν
1138 4160 1227 4213 ὑπ’
1257 4160 1417 4212 αὐτὸν
1449 4159 1691 4214 δουλείαν
1720 4160 1835 4213 ἀνα-

1962 4178 2058 4217 non
2090 4178 2252 4233 egere
2292 4163 2670 4232 paenitentiam
2694 4204 2708 4226 ,
2762 4163 3056 4231 hostesque
3085 4168 3138 4214 et
3171 4157 3381 4211 inimici
3409 4172 3531 4226 per-

267 4256 607 4327 δεδεγμένων
636 4255 729 4306 ἐπὶ
766 4255 833 4323 τῇ
870 4251 1076 4305 ἑαυτῶν
1114 4251 1419 4322 εὐεργεσία.
1468 4252 1600 4321 Περὶ
1645 4251 1836 4304 τούτωει

1960 4260 2293 4318 manserunt,
2331 4262 2385 4307 et
2423 4254 2573 4308 verbi
2606 4253 2812 4308 Christi
2845 4254 3036 4322 jugum
3077 4266 3241 4320 super
3272 4264 3329 4303 se
3382 4250 3529 4317 ipsos

268 4351 336 4419 γέ
365 4367 446 4403 τοι
487 4346 740 4401 λέγεσθαι
781 4345 985 4411 νομίζω
1023 4343 1229 4407 καὶτὸ,
1265 4362 1282 4394 ι
1319 4344 1569 4397 Ἐσονταί
1601 4360 1682 4395 σοι
1724 4344 1837 4396 δού-

1956 4345 2139 4399 toiiere
2171 4345 2392 4399 minime
2422 4346 2731 4400 voluerunt.
2770 4342 2833 4396 Et
2867 4344 2982 4397 haec
3010 4340 3228 4411 quidem
3261 4339 3418 4409 quasi
3458 4339 3525 4391 ad

264 4450 373 4506 λοι,
402 4443 494 4495 καὶ⁹
526 4441 698 4492 ὀπίσω
729 4454 820 4490 σου
849 4435 1270 4506 ἀκολουθήσουσι
1299 4434 1568 4505 δεδεμένοι
1598 4435 1833 4505 χειροπέ-

1955 4436 2151 4492 Chrisﬁ
2177 4436 2616 4492 elucidationem.
2669 4436 2932 4491 Citandus
2963 4434 3161 4504 quippe
3208 4440 3294 4486 est
3328 4432 3417 4485 ille
3444 4430 3524 4482 lo-

264 4536 409 4598 δαις,
448 4532 540 4585 καὶ
566 4534 624 4585 ἐν
665 4530 748 4583 σοὶ
779 4528 1196 4597 προσεύξονται·
1240 4547 1257 4579 ι
1292 4528 1351 4580 τὸ
1377 4526 1454 4578 δέ·
1494 4545 1512 4577 ι
1549 4526 1833 4597 Αίσχυνθήα

1952 4545 2046 4585 cus
2068 4546 2178 4585 non
2209 4538 2420 4584 tantum
2448 4528 2889 4585 circumcisionis
2918 4528 3116 4598 populo
3139 4567 3155 4593 ,
3205 4525 3299 4581 sed
3326 4533 3380 4579 et
3412 4522 3521 4576 illis

268 4644 456 4682 σονται
506 4626 601 4679 καὶ
657 4622 1088 4694 ἐντραπήσονται
1134 4620 1333 4683 πάντες
1384 4620 1431 4672 οί
1481 4619 1837 4688 ἀντικείμενοι

1950 4622 2041 4691 qui
2092 4620 2372 4677 Christum
2418 4622 2579 4693 quasi
2614 4621 2914 4690 simplicem
2969 4617 3241 4672 hominem
3292 4622 3519 4686 putant.

266 4738 372 4782 cat,
436 4719 529 4773 καὶ
580 4716 935 4787 πορεύσονται
983 4716 1041 4766 ἐν
1084 4711 1333 4785 αἰσχύνη,
1376 4730 1394 4763 ›
1448 4710 1835 4782 προφητεύεταε

1954 4713 2225 4769 Ebionaeis
2256 4715 2489 4782 scilicet,
2517 4715 2601 4769 vel
2627 4712 2937 4767 Artemonis
2962 4750 2975 4773 ,
3026 4709 3110 4765 vel
3147 4708 3296 4762 Pauli
3330 4706 3523 4761 Samo-

264 4813 397 4885 περὶ
460 4812 567 4865 τῶν
639 4810 712 4881 μὴ
778 4806 1225 4880 μετανοησάντων
1250 4845 1264 4869 ,
1330 4803 1719 4874 διαμεινάντων
1783 4803 1833 4856 δὲ

1953 4808 2191 4863 satensis
2242 4806 2569 4862 fautoribus.
2604 4809 2799 4875 Aperte
2829 4804 2976 4859 enim
3010 4803 3117 4856 hoc
3166 4801 3287 4856 loco
3318 4798 3522 4855 Christi

264 4905 476 4978 ἐχθρῶν
512 4904 613 4969 καὶ¹
652 4901 943 4973 πολεμίων,
990 4898 1083 4952 καὶ
1114 4895 1380 4969 μηδαμῶς
1412 4892 1545 4966 ἆραι
1582 4895 1665 4964 ἐφ’
1707 4896 1833 4948 ἐαυ-

1779 4915 1835 4947 υ-
1946 4899 2122 4955 deitas
2145 4900 2283 4957 male
2307 4899 2654 4955 credentibus
2688 4897 2741 4950 in
2767 4912 2891 4951 eum
2925 4894 3348 4949 demonstratur.

261 5007 391 5068 τοὺς
416 5002 503 5055 τὸν
527 5000 620 5055 τοῦ
646 5000 804 5068 λόγου
830 4998 923 5051 τοῦ
950 4994 1183 5065 Χριστοῦ
1213 4994 1373 5061 ζυγὸν
1405 4991 1830 5062 βεδουλημένων.
1874 4997 1980 5050 Καὶ¹
2010 4998 2180 5051 ταῦτα
2241 4999 2338 5069 μὲν
2369 4998 2443 5062 ὼς
2504 4997 2640 5069 πρὸς
2669 4994 2765 5065 τὴν
2794 4992 2885 5046 τοῦ
2921 4991 3155 5064 Χριστοῦ
3199 4990 3515 5058 σαφήνειαν·

265 5099 496 5174 ἁρμόζοι
534 5098 577 5151 δ’
604 5096 670 5151 ἂν
691 5093 1043 5168 παρατιθέναι
1079 5092 1177 5163 τὴν
1224 5089 1528 5160 περικοπὴν
1572 5090 1632 5142 ού
1682 5091 1839 5160 μόνον
1879 5096 1990 5156 τοῖς
2035 5095 2100 5147 ἐκ
2168 5094 2491 5165 περιτομῆς,
2524 5091 2659 5146 ἀλλὰ
2707 5092 2799 5144 καὶ
2843 5090 2956 5151 τοῖς
3031 5086 3180 5156 ψιλὸν
3232 5084 3520 5154 ἄνθρωτὸον

265 5191 589 5262 ὑπειληφόσι
640 5189 917 5260 γεγονέναι
966 5188 1056 5240 τὸν
1122 5186 1378 5254 Σωτῆρα,
1454 5182 1813 5248 Ἐϐιωναίοις,
1858 5186 1889 5256 ἢ
1930 5190 2037 5249 τοῖς
2103 5189 2244 5242 κατὰ
2300 5187 2634 5259 Ἀρτέμωνα,
2688 5184 2781 5237 καὶ
2841 5183 2931 5235 τὸν
2981 5178 3313 5250 Σαμωσατὲα
3372 5175 3520 5229 Παῦ-

260 5282 374 5343 λον.
414 5286 609 5357 Σαφῶς
647 5286 758 5357 γὰρ
791 5284 884 5337 καὶ
935 5281 1021 5336 διὰ
1091 5278 1293 5335 τούτων
1360 5279 1394 5350 ἡ
1438 5274 1624 5346 θεότης
1690 5276 1781 5331 τοῦ
1836 5281 2073 5351 Χριστοῦ
2119 5285 2230 5344 τοῖς
2278 5280 2404 5355 περὶ
2450 5276 2611 5332 αὑτοῦ
2673 5272 2976 5337 δυσπειθῶς
3023 5273 3235 5344 εχουσιν
3299 5267 3517 5323 ἀποδεί-

262 5398 473 5436 κνυται.

764 5497 1155 5551 ΚΕΦΑΛΑΙΟΝ
1209 5495 1334 5548 Kl".

2499 5484 2726 5542 CAPUT
2763 5482 2947 5539 XXIII.

338 5613 357 5646 ι
390 5593 586 5647 Ἀκουέ
619 5609 740 5661 μου,
782 5588 997 5651 Ἰακὼϐ,
1023 5590 1115 5642 καὶ
1149 5588 1379 5661 Ἰσραὴλ,
1406 5587 1465 5640 δν
1502 5584 1612 5650 ἐγὼ
1645 5584 1795 5639 καλῶ
1818 5604 1830 5615 ·

2018 5603 2036 5635 ι
2072 5584 2211 5637 Audi
2231 5596 2336 5643 me,
2360 5580 2548 5644 Jacob,
2580 5587 2633 5634 et
2660 5576 2847 5638 Israel,
2881 5586 3040 5643 quem
3068 5585 3166 5642 ego
3199 5584 3336 5624 voco
3368 5586 3382 5623 :
3412 5583 3513 5640 ego

258 5683 371 5753 ἐγώ
400 5686 513 5754 εἰμι
563 5682 796 5753 πρῶτος,
836 5680 929 5734 καὶ
959 5679 1069 5748 ἐγώ
1106 5683 1219 5751 εἰμι
1262 5681 1341 5743 εις
1367 5678 1457 5732 τὸν
1490 5677 1679 5731 αἰῶνα.
1725 5677 1827 5731 Καὶ

1943 5691 2054 5732 sum
2079 5681 2309 5746 primus,
2341 5681 2395 5727 et
2439 5686 2538 5742 ego
2586 5685 2705 5726 sum
2765 5668 2821 5721 in
2850 5672 3136 5721 :eternum.
3198 5662 3261 5717 Et
3318 5676 3512 5716 manus

258 5779 294 5849 ἡ
338 5778 460 5849 χείρ
515 5790 613 5846 μου
655 5773 982 5848 ἐθεμελίωσε
1024 5772 1120 5845 τὴν
1166 5775 1289 5845 γῆν,
1335 5772 1428 5825 καὶ
1470 5774 1502 5843 ἡ
1543 5770 1691 5835 δεξιά
1734 5788 1827 5841 μου

1945 5782 2052 5823 mea
2085 5765 2332 5822 fundavit
2360 5773 2561 5819 terram
2588 5806 2602 5831 ,
2645 5769 2697 5818 et
2748 5759 2970 5816 dextera
3004 5770 3119 5813 mea
3152 5753 3514 5813 eonsolidavit

331 5936 494 5991 'lsai.
524 5950 640 6001 ιιιι,
674 5933 724 5988 9.
804 5935 822 5963 '
846 5930 1002 5987 Joan.
1038 5947 1145 5995 xvi,
1183 5929 1270 5984 55.
1331 5930 1367 6008 _'
1398 5927 1523 5984 Isai.
1557 5942 1679 5993 xcv,
1714 5926 1798 5994 15,
1836 5926 1898 5979 16

892 5948 1002 5987 Jan.
1038 5947 1145 5995 xvi,
1183 5929 1270 5984 55.
1331 5930 1367 6008 _'
1398 5927 1523 5984 Isai.
1557 5942 1679 5993 xcv,
1714 5926 1798 5994 15,
1836 5926 1916 5979 16.
1996 5920 2195 5977 ‘Joan.
2231 5936 2342 5985 xw,
2382 5920 2461 5973 H.
