3974 6496
485 447 616 504 δεδι

1169 449 1434 506 EUSEBII
1463 451 1944 509 CJESARIENSIS
1979 452 2128 508 OPP.
2162 450 2340 506 PARS
2381 451 2558 506 III.-—
2578 447 2982 504 EXEGETICA.

3603 453 3624 504 I
3635 451 3732 506 253

485 569 675 624 etelos.
714 567 923 622 Vocabo
957 583 1072 628 eos,
1107 575 1160 622 et
1197 569 1419 623 stabunt
1443 569 1627 634 simul,
1663 579 1716 626 et
1749 585 2045 642 congrega-

2155 570 2444 642 ὲστερέωσε
2471 567 2562 622 τὸν
2593 567 2818 640 οὐρανόν
2836 584 2848 596 ·
2878 567 3088 620 καλέσω
3107 566 3219 635 ἐγὼ
3250 568 3450 630 αὐτοὺς
3477 568 3618 632 ἅμα,
3643 570 3730 622 καὶ

485 659 688 714 buntur
715 673 926 721 omnes,
947 665 998 711 et
1028 657 1246 714 audient
1265 677 1278 724 ;
1298 659 1420 728 quis
1443 661 1522 715 eis
1541 663 1880 718 annuntiavit
1905 663 2060 718 ιιωοῖ

484 750 764 814 Dominus,
799 750 892 820 qui
927 749 1102 820 diligit
1132 757 1185 808 te
1211 790 1225 814 ,
1281 749 1408 805 fecit
1459 754 1794 809 voluntatem
1823 763 1969 808 tuam
2002 755 2056 808 in

485 841 759 914 Babylone
782 881 796 906 ,
857 833 916 895 ut
950 841 1164 897 tolleret
1199 856 1382 897 semen
1405 841 1802 900 Chaldaeorum.
1831 843 1943 916 Ego
1979 846 2058 900 Io-

483 943 641 992 cutus
671 951 814 1000 sum,
847 942 901 990 et
928 950 1029 1006 ego
1056 935 1267 990 vocavi.
1299 935 1439 991 Duxi
1469 953 1595 992 eum
1629 945 1683 992 et
1712 938 1884 993 direxi
1917 939 2058 993 viam

483 1025 600 1094 ejus
632 1046 644 1080 :
682 1025 932 1081 adducite
963 1025 1030 1080 ad
1059 1041 1143 1080 me
1173 1035 1226 1081 et
1257 1027 1440 1082 audite
1474 1029 1588 1083 luet:
1615 1048 1629 1083 :
1665 1045 1770 1084 non
1799 1031 1866 1084 ab
1899 1030 2058 1085 initio

483 1119 535 1172 in
563 1119 780 1173 occulto
809 1118 1027 1174 locutus
1063 1133 1182 1174 sum
1218 1137 1230 1172 :
1266 1119 1486 1191 quando
1535 1119 1716 1186 ﬁebat,
1745 1121 1855 1176 illic
1883 1137 2053 1177 eram.

483 1205 548 1285 Et
575 1223 721 1264 nunc
751 1207 1012 1265 Dominus
1048 1208 1308 1266 Dominus
1365 1211 1513 1268 misit
1555 1228 1640 1268 me
1664 1253 1681 1278 ,
1737 1219 1792 1269 et
1824 1211 2057 1285 Spiritus

481 1281 601 1368 ejus
633 1299 670 1354 ³.
713 1319 730 1350 ι
759 1298 911 1354 Unus
937 1315 1061 1354 cum
1081 1302 1150 1355 sit
1175 1303 1268 1372 qui
1295 1302 1348 1357 in
1377 1303 1478 1359 hoc
1505 1305 1624 1360 loco
1653 1281 1914 1377 loquitur,
1933 1310 2056 1377 quis

483 1393 622 1446 alius
652 1399 799 1448 esset
838 1411 855 1442 ι
895 1391 1158 1448 Dominus
1187 1395 1279 1465 qui
1315 1395 1442 1450 fecit
1477 1398 1674 1451 cmlum
1727 1406 1776 1453 et
1829 1397 2060 1453 ﬁrmavit

483 1483 634 1549 illud,
665 1491 719 1540 et
751 1484 991 1538 fundavit
1015 1493 1233 1552 terram,
1261 1507 1278 1538 ι
1305 1487 1506 1558 quique
1541 1491 1708 1544 dicit:
1733 1511 1750 1541 ι
1791 1490 1902 1564 Ego
1935 1508 2057 1548 sum

481 1576 692 1646 primus
721 1583 774 1630 et
802 1589 902 1644 ego
941 1591 1060 1630 sum
1091 1577 1145 1631 in
1174 1585 1479 1646 aeternum;
1519 1599 1538 1631 ι
1573 1582 1834 1651 adjiciens
1885 1583 1941 1640 in
1992 1586 2060 1643 iis

481 1680 602 1737 quae
623 1673 944 1736 sequuntur,
962 1668 1117 1738 juxta
1142 1683 1331 1726 omnes
1345 1672 1438 1741 qui
1461 1670 1701 1728 divinam
1718 1675 2058 1746 Seripturam

485 1757 822 1827 interpretati
854 1769 1002 1824 sunt,
1042 1760 1170 1816 illud
1204 1779 1218 1812 :
1260 1779 1278 1812 ι
1310 1761 1375 1815 ΕΙ.
1422 1779 1570 1818 nunc
1623 1763 1886 1822 Dominus
1917 1766 2059 1825 Deus

483 1846 631 1902 misit
661 1863 745 1903 me
765 1857 816 1903 et
840 1847 1078 1920 Spiritus
1111 1851 1280 1921 eius,»
1303 1867 1365 1906 ac
1395 1863 1642 1910 sanetum
1671 1855 1764 1910 Dei
1799 1855 2056 1924 Verbum,
2091 1865 2114 1888 '

2161 663 2445 732 στήσονται
2486 660 2580 712 καὶ
2623 658 3069 729 συναχθήσονται,
3121 658 3212 710 καὶ
3255 657 3602 712 ἀκούσονται.
3641 661 3732 722 Τίς

2159 757 2340 818 αὐτοῖς
2393 752 2712 825 ἀνήγγειλεν
2758 751 2964 812 ταῦτα;
3007 755 3074 820 Χ
3129 751 3332 822 Κύριος
3385 752 3622 820 ἀγαπῶν
3673 771 3728 806 σε

2159 846 2380 917 ἐποίησε
2430 844 2490 897 τὸ
2543 842 2753 914 θέλημά
2801 859 2894 894 σου
2947 841 3036 894 ἐπὶ
3083 841 3398 906 Βαϐυλῶνα,
3457 842 3558 896 τοῦ
3611 839 3730 914 ἆραι

2161 937 2380 1008 σπέρμα
2413 935 2712 990 Χαλδαίων.
2751 933 2890 1003 Ἐγὼ
2923 933 3178 1004 ἐλάλησα,
3209 935 3303 988 καὶ
3333 933 3444 1003 ἐγὼ
3467 936 3728 988 ἐκάλεσασ

2159 1029 2364 1100 ἤγαγον
2390 1028 2572 1093 αὐτὸν,
2607 1027 2701 1080 καὶ
2739 1025 2996 1080 εὑὼδωσα
3055 1024 3152 1096 τὴν
3187 1025 3303 1079 ὁδὸν
3337 1025 3506 1080 αὑτοῦ
3527 1043 3541 1056 ·
3573 1044 3732 1098 προσ-

2159 1123 2394 1190 αγάγετε
2425 1121 2559 1193 πρὸς
2589 1121 2675 1191 μὲ,
2713 1121 2807 1172 καὶ
2839 1118 3106 1172 ἀκούσατε
3137 1117 3341 1170 ταῦτα·
3371 1120 3472 1172 οὐκ
3505 1119 3604 1174 ἀπ’
3643 1122 3734 1190 ἀρα

2159 1213 2259 1281 χῆς
2300 1212 2358 1264 ἐν
2397 1211 2577 1280 κρυφῇ
2608 1207 2878 1278 λελάληκα
2899 1225 2913 1238 ·
2947 1207 3106 1278 ἡνίκα
3133 1206 3348 1274 ζεγένετο
3391 1210 3514 1260 ἐκεῖ
3555 1211 3728 1280 ἥμην

2160 1304 2254 1357 καὶ
2282 1305 2375 1356 νῦν
2411 1301 2610 1372 Κύριος
2641 1300 2842 1371 Κύριος
2868 1298 3152 1352 ἀπέστειλέ
3183 1315 3271 1369 με,
3303 1299 3482 1352 καὶτὸ
3513 1301 3733 1370 Πνεῦμα

2161 1393 2354 1448 αὑτοῦ.
2386 1411 2404 1444 ι
2443 1391 2591 1454 Ἐνὺς
2625 1389 2775 1451 ὄντος
2805 1386 2898 1440 τοῦ
2926 1385 3098 1440 ταῦτα
3131 1388 3188 1438 ὲν
3229 1388 3295 1457 τῇ
3337 1391 3613 1458 περικοπῇ
3645 1387 3729 1439 λέ-

2161 1501 2348 1556 γοντος
2371 1481 2682 1555 προσώπου,
2705 1480 2786 1544 τίς
2813 1479 2858 1532 δ’
2884 1477 2948 1532 ἂν
2976 1476 3132 1541 ἄλλος
3149 1477 3234 1548 εἴη
3265 1499 3284 1528 ι
3307 1477 3514 1549 Κύριος
3543 1479 3572 1529 6
3593 1479 3734 1549 ποιήο

2163 1595 2263 1642 σας
2291 1577 2381 1632 τὸν
2433 1573 2660 1648 οὐρανὸν
2703 1573 2796 1627 καὶ
2841 1571 3018 1644 πήξας
3055 1573 3239 1637 αὑτὸν,
3293 1573 3385 1626 καὶ
3427 1571 3732 1642 negabas;

2161 1671 2259 1742 τὴν
2289 1670 2414 1740 γῆν,
2454 1689 2472 1721 ι
2507 1669 2535 1720 6
2567 1666 2772 1736 λέγων·
2821 1683 2839 1716 t
2875 1662 3014 1733 Ἐγώ
3043 1666 3154 1735 εἰμι
3203 1663 3450 1735 πρῶτος,
3505 1665 3600 1717 καὶ
3627 1663 3734 1732 ἐγὼ

2162 1767 2276 1835 ειμι
2303 1765 2382 1826 εἰς
2407 1761 2499 1814 τὸν
2523 1759 2712 1824 αἰῶνα,
2745 1777 2762 1810 ι
2794 1757 2888 1810 καὶ
2913 1757 3186 1827 ἐπιφέρων
3209 1758 3266 1810 ὲν
3292 1759 3404 1818 τοῖς
3425 1755 3574 1827 ἑῆς,
3599 1758 3734 1811 κατὰ

2163 1856 2371 1918 πάντας
2403 1855 2528 1916 τοὺς
2572 1848 3012 1923 ἑρμηνεύσαντας
3043 1848 3137 1918 τὴν
3179 1847 3327 1901 θείαν
3369 1847 3618 1920 Γραφὴν,
3651 1847 3733 1910 τὸ,

483 1938 574 2010 qui
619 1946 741 2008 post
779 1941 1078 1997 inet-catum
1127 1944 1338 1997 initium
1395 1954 1770 2002 creaturarum
1816 1952 2050 2006 omnium

2166 1968 2184 2000 ι
2219 1948 2328 2002 Kal
2371 1947 2468 2002 νῦν.
2521 1943 2722 2016 Κύριος
2770 1943 2798 1996 ὁ
2855 1942 2988 2006 Θεὸς
3035 1941 3342 1994 ἀπέσταλκέ
3389 1958 3478 2012 με,
3533 1942 3625 1994 καὶ
3677 1941 3738 1994 τὺ

483 2030 694 2098 primus
734 2029 877 2087 Deus
926 2033 1240 2086 nominatus
1285 2043 1389 2100 est,
1422 2035 1488 2090 de
1517 2051 1623 2106 quo
1648 2045 1702 2092 et
1729 2038 1866 2093 alias
1917 2040 2056 2094 scri-

483 2130 634 2192 ptum
668 2130 752 2179 est
783 2143 796 2178 :
831 2143 848 2173 ‹
879 2123 1026 2178 Misit
1057 2124 1290 2180 Verbum
1321 2127 1442 2193 ejus
1495 2137 1548 2183 et
1597 2131 1808 2185 curavit
1853 2131 1996 2187 eos?
2029 2149 2049 2184 ι

483 2215 602 2284 Ipse
631 2215 775 2270 enim
804 2223 888 2272 est
925 2235 944 2268 ‹
980 2233 1077 2288 per
1099 2233 1258 2288 quem
1289 2220 1472 2274 omnia
1501 2219 1642 2275 facta
1677 2229 1826 2288 sunt,
1867 2224 1920 2278 in
1949 2241 2055 2281 coe-

481 2307 712 2363 lestibus
741 2317 794 2362 et
821 2309 875 2362 in
907 2310 1282 2376 terrestribus,
1311 2313 1425 2367 sive
1451 2313 1687 2368 visibilia
1716 2356 1733 2383 ,
1774 2315 1889 2372 sive
1919 2317 2058 2370 invi-

483 2401 698 2468 sibilia;
739 2420 758 2452 ι
791 2416 952 2472 quem
991 2411 1043 2458 et
1087 2404 1235 2459 misit
1266 2403 1524 2461 Dominus
1555 2405 1697 2462 Deus
1745 2407 1907 2464 Pater
1932 2453 1946 2476 ,
2001 2419 2054 2466 et

480 2507 604 2546 eam
640 2507 704 2548 eo
734 2491 998 2563 Spiritum
1049 2504 1320 2561 sanctum,
1355 2496 1422 2550 ad
1448 2498 1814 2554 aediﬁcandam
1840 2502 2054 2571 generis

481 2581 761 2638 hominum
784 2585 1048 2641 salutem?
1069 2585 1244 2656 Atque
1267 2588 1382 2643 liter.
1408 2587 1611 2646 «Iudaeis
1643 2603 1766 2663 apte
1793 2593 1899 2648 dici
1937 2609 2056 2664 pos-

481 2685 624 2742 sent,
659 2693 782 2733 cum
811 2678 1042 2734 doceant
1076 2681 1240 2736 alium
1270 2697 1393 2738 esse
1423 2683 1712 2739 Dominum
1747 2687 1840 2756 qui
1871 2687 2054 2742 omnia

483 2769 689 2823 creavit
717 2777 914 2840 praeter
931 2773 1176 2827 omnium
1197 2771 1387 2838 Deum,
1412 2790 1441 2829 a
1457 2789 1566 2846 quo
1593 2791 1652 2830 se
1675 2777 1902 2832 missum
1926 2793 2055 2832 eon-

481 2857 687 2926 ﬁtetur,
719 2859 942 2918 dicens:
987 2881 1006 2915 ι
1059 2863 1122 2917 Ει
1184 2880 1333 2919 nunc
1375 2864 1636 2923 Dominus
1691 2867 1840 2922 misit
1885 2884 1990 2924 me.
2030 2889 2048 2920 ι

479 2949 602 3019 Ipse
629 2950 776 3003 enim
815 2959 962 3007 esset
990 2953 1080 3006 cui
1111 2953 1430 3024 praecipiens
1475 2955 1532 3009 in
1560 2955 1745 3011 mundi
1781 2959 2054 3015 creatione

479 3041 614 3095 dicit
639 3039 896 3097 Pateru
933 3042 1055 3098 Fiat
1117 3046 1229 3111 lux,
1285 3055 1339 3101 et
1393 3047 1524 3102 [iant
1581 3049 1695 3104 haec
1749 3057 1802 3104 et
1861 3052 1986 3118 illa;
2028 3072 2048 3105 ι

479 3139 644 3202 atque
678 3132 808 3187 illud
840 3151 854 3188 :
881 3153 898 3184 ι
941 3131 1226 3192 Faciamus
1257 3136 1528 3194 hominem
1551 3140 1620 3193 ad
1643 3141 2053 3200 similitudinem

478 3233 746 3281 nostram.
784 3247 802 3279 ι
845 3226 1026 3295 Quare
1075 3237 1131 3283 et
1173 3228 1228 3284 in
1279 3228 1510 3288 Psalmis
1563 3234 1822 3289 scribitur
1870 3237 2048 3293 illud:

2163 2039 2386 2110 Πνεῦμα
2421 2037 2607 2100 αὑτοῦ,
2649 2057 2668 2090 ι
2702 2036 2734 2108 ἢ
2765 2036 2794 2088 6
2835 2034 2977 2106 ἱερὸς
3004 2033 3097 2086 τοῦ
3129 2033 3261 2086 Θεοῦ
3307 2034 3500 2101 Λόγος,
3531 2035 3560 2085 6
3595 2031 3738 2102 μετὰ

2161 2134 2260 2206 τὴν
2291 2131 2551 2202 ἀγένητον
2593 2128 2766 2200 ἀρχὴν
2809 2125 2918 2180 τῶν
2948 2123 3188 2195 γενητῶν
3231 2124 3488 2178 ἁπάντων
3521 2123 3738 2194 πρῶτος

2162 2226 2292 2289 Θεὸς
2315 2223 2728 2294 ὀνομαζόμενος,
2753 2221 2880 2290 περῖ⁹
2905 2213 2966 2273 οὗ
2991 2220 3082 2273 καὶ
3103 2218 3360 2288 ἀλλαχόσε
3389 2217 3732 2288 γέγραπται·

2168 2341 2185 2372 ι
2235 2315 2544 2372 Ἀπέστειλε
2573 2315 2662 2369 τὸν
2693 2314 2864 2383 Λόγον
2895 2311 3059 2366 αὑτοῦ
3089 2311 3182 2366 καὶ
3215 2311 3402 2363 ἰάσατο
3433 2307 3672 2372 αὑτούςς
3711 2326 3730 2358 ι

2161 2411 2331 2476 Αὐτὸς
2355 2413 2460 2481 γάρ
2494 2409 2641 2462 ἐστιν
2684 2407 2712 2459 6
2755 2425 2774 2457 ι
2809 2407 2875 2460 δι’
2905 2398 2965 2458 οὗ
2991 2405 3057 2458 τά
3088 2403 3264 2457 πάντα
3293 2403 3528 2470 ἐγένετο,
3567 2400 3640 2456 τά
3673 2417 3736 2453 τε

2161 2503 2218 2556 ὲν
2247 2505 2358 2565 τοῖς
2391 2501 2638 2572 οὐρανοῖς
2673 2499 2766 2552 καὶ
2797 2497 2864 2550 τὰ
2895 2497 2986 2549 ἐπὶ
3015 2496 3112 2566 τῆς
3145 2495 3266 2566 γῆς,
3293 2495 3400 2547 εἴτε
3422 2492 3594 2564 ὁρατά
3621 2491 3736 2546 εἴτε

2160 2595 2368 2666 ἀόρατα
2389 2609 2401 2620 ·
2441 2611 2459 2644 ι
2497 2592 2554 2646 ὃν
2580 2591 2672 2644 καὶ
2697 2590 2981 2644 ἀπέστειλε
3013 2587 3214 2660 Κύριος
3243 2585 3424 2650 ὀοθεὸς
3455 2587 3482 2639 6
3519 2585 3736 2657 Πατὴρ,

2161 2681 2258 2734 σὺν
2291 2679 2441 2751 αὐτῷ
2463 2679 2520 2733 δὲ
2549 2679 2642 2733 καὶ
2673 2678 2735 2731 τὸ
2753 2678 2908 2748 ἅγιον
2942 2677 3184 2748 Πνεῦμα,
3213 2678 3629 2747 οἱκονομήσοντα
3663 2676 3738 2730 τὰ

2161 2773 2299 2846 ὑπὲρ
2329 2772 2428 2840 τῆς
2461 2771 2763 2843 ἀνθρώπων
2823 2770 3124 2842 σωτηρίας.
3154 2768 3253 2838 Εῗη
3299 2769 3342 2822 δ’
3385 2769 3449 2821 ἂν
3493 2767 3740 2840 ἁρμόζον

2161 2863 2236 2928 ὡς
2269 2865 2404 2935 πρὸς
2440 2863 2723 2928 Ἰουδαίους
2757 2864 2817 2917 τὸ
2859 2863 3039 2936 ῥητὸν,
3081 2862 3330 2916 διδάσκον
3365 2862 3550 2930 ἕτερον
3589 2856 3738 2914 εἶναι

2161 2958 2362 3030 Κύριον
2385 2959 2475 3012 τὸν
2515 2958 2994 3028 δημιουργήσαντα
3027 2955 3097 3007 τὰ
3131 2953 3305 3008 πάντα
3335 2952 3476 3025 παρὰ
3501 2952 3591 3005 τὸν
3617 2951 3738 3006 τῶν

2160 3050 2294 3104 ὅλων
2346 3051 2496 3112 Θεὸν,
2547 3053 2640 3119 ὑφ’
2691 3044 2752 3104 οὗ
2805 3048 3142 3104 ἀπεστάλθαι
3203 3045 3470 3117 ὁμολογεῖ,
3505 3043 3686 3112 λέγων
3717 3059 3736 3074 ο

2166 3161 2183 3192 ι
2235 3143 2344 3196 Καὶ
2383 3141 2476 3196 νῦν
2508 3142 2711 3213 Κύριος
2742 3140 3050 3195 άπέσταλκέ
3084 3157 3181 3210 με·
3225 3158 3244 3190 ι
3277 3137 3438 3200 αὐτὸς
3467 3135 3514 3189 δ’
3543 3135 3606 3190 ἂν
3641 3136 3732 3206 εἴη

2160 3227 2205 3303 ᾧ
2239 3234 2590 3306 προστάττων
2621 3235 2680 3286 ὲν
2721 3235 2786 3304 τῇ
2816 3231 3143 3304 κοσμοποιίᾳ
3171 3230 3331 3300 φησιν
3357 3230 3387 3282 6
3417 3226 3600 3298 Πατήρ
3640 3223 3734 3288 τδ,

484 3337 502 3370 ο
543 3317 660 3390 Ipse
685 3319 841 3387 dixit,
874 3331 927 3378 et
956 3323 1097 3378 facta
1125 3331 1274 3389 sunt,
1330 3324 1447 3397 ipse
1483 3325 1760 3383 mandavit
1785 3336 1838 3384 et
1867 3340 2050 3386 creata

2160 3343 2179 3376 ι
2216 3325 2504 3398 Γενηθήτω
2527 3325 2663 3396 φῶς,
2690 3325 2783 3379 καὶ
2813 3322 3095 3394 γενηθήτω
3119 3321 3244 3376 τάδε
3275 3321 3368 3375 καὶ
3389 3318 3512 3372 τάδε
3531 3336 3544 3347 ι
3579 3335 3598 3368 ι
3627 3319 3734 3370 καὶ

478 3422 626 3468 ευηι.
663 3431 683 3466 ι
725 3414 924 3486 Aperte
955 3417 1098 3474 enim
1150 3427 1364 3475 constat
1411 3421 1554 3490 quod
1600 3421 1922 3491 praecipiens
1951 3423 2052 3476 ali-

476 3503 608 3573 quid
641 3512 695 3560 et
726 3505 956 3576 loquens
982 3508 1074 3563 alii
1110 3523 1174 3564 ac
1219 3509 1542 3581 sibimetipsi
1586 3511 1832 3582 praecipit
1860 3519 1913 3567 et
1945 3513 2048 3566 im-

475 3605 650 3665 perat.
689 3597 913 3670 Singula
960 3617 1090 3656 vero
1145 3602 1374 3672 hujusce
1413 3602 1517 3658 loci
1567 3603 1734 3659 verba
1775 3603 2050 3675 inquirere

477 3703 588 3743 non
618 3691 904 3759 prasentis
937 3704 1019 3750 est
1039 3696 1241 3764 operis.

2155 3417 2233 3480 τὸ,
2285 3435 2304 3468 t
2333 3418 2655 3488 Ποιήσωμεν
2693 3415 2976 3488 ἄνθρωπον
3003 3415 3124 3467 κατ’
3151 3413 3334 3466 εἰκόνα
3361 3409 3630 3482 ἡμετέραν
3653 3424 3670 3438 ο
3704 3427 3728 3460 ι

2115 3510 2436 3584 ’ταύτην(ῃ)
2487 3510 2596 3581 γὰρ
2649 3511 2743 3564 καὶ
2783 3511 2840 3562 ὲν
2881 3507 3131 3577 Ψαλμοῖς
3177 3503 3585 3572 ἀναγέγραπται
3635 3500 3730 3560 τὸ,

2161 3621 2180 3654 ε
2225 3605 2348 3657 Ὀτι
2399 3603 2560 3669 αὐτὸς
2600 3600 2742 3666 εἶπε,
2781 3603 2874 3656 καὶ
2923 3597 3282 3670 ἐγενήθησανο
3327 3595 3484 3657 αὐτὸς
3531 3593 3734 3646 ἐνετεὲ-

2155 3697 2305 3764 λατο,
2347 3699 2438 3752 καὶ
2479 3696 2824 3769 ἐκτίσθησαν.
2863 3713 2881 3745 ι
2930 3690 3202 3764 Πρόδηλον
3227 3685 3357 3757 γὰρ,
3380 3687 3456 3749 ὼς
3487 3687 3516 3739 6
3543 3682 3730 3738 ἐντελ-

476 3779 698 3852 λόμενός
754 3799 808 3836 τι
877 3785 970 3837 καὶ
1027 3785 1200 3854 λέγων
1259 3786 1428 3858 ἑτέρῳ
1491 3789 1618 3858 παρ’
1674 3787 1864 3842 ἑαυτὸν
1923 3786 2224 3841 ἐντέλλεται
2295 3803 2352 3840 τε
2403 3787 2494 3842 καὶ
2543 3787 2890 3860 προστάττει.
2943 3781 3210 3851 Ἐκάστην
3257 3777 3534 3849 μέντοιγε
3577 3774 3730 3837 λέξιν

475 3875 571 3944 τῆς
629 3878 934 3949 περικοπῆς
988 3879 1257 3945 ἐξετάζειν
1303 3882 1363 3934 οὑ
1411 3883 1510 3954 τῆς
1569 3882 1852 3955 παρούσης
1900 3884 2046 3938 ἐστὶν
2078 3883 2485 3956 πραγματείας.

1033 3993 1257 4050 CAPUT
1300 3995 1486 4054 XXIV.

551 4129 570 4159 σ
609 4105 808 4163 Audite
841 4125 958 4174 me,
1009 4111 1219 4177 insulae,
1252 4121 1304 4168 et
1358 4113 1643 4180 attendite,
1675 4123 1863 4187 gentes
1897 4135 1912 4172 :
1945 4119 2052 4172 Per

2654 3993 3048 4050 ΚΕΦΑΛᾹΙΟΝ
3081 3993 3205 4046 ΚΔ’.

2229 4131 2247 4162 ι
2289 4109 2580 4164 Ἀκούσατέ
2600 4127 2722 4180 μου,
2756 4109 2928 4178 νῆσοι,
2960 4107 3053 4159 καὶ
3073 4103 3387 4175 προσέχετε,
3417 4101 3542 4170 ἔθνη
3561 4115 3578 4130 ο
3619 4097 3724 4153 Διά

473 4209 689 4274 tempus
716 4203 946 4258 multum
977 4205 1262 4270 consistet,
1296 4206 1430 4261 dicit
1453 4207 1714 4264 Dominus
1745 4229 1755 4263 :
1787 4210 1855 4264 ab
1891 4219 2046 4266 utero

2155 4202 2342 4274 χρόνου
2373 4201 2564 4255 πολλοῦ
2597 4202 2885 4272 στήσεται,
2937 4195 3083 4264 λέγει
3115 4193 3349 4266 Κύριος·
3403 4193 3466 4243 ὲκ
3513 4189 3725 4250 κοιλίας

469 4295 666 4350 matris
711 4309 846 4352 mea:
895 4297 1106 4350 vocavit
1163 4313 1359 4354 nomen
1415 4315 1632 4365 meum,
1678 4308 1732 4356 et
1776 4304 1956 4372 posuit
1983 4318 2046 4359 os

2155 4295 2360 4368 μητρός
2397 4311 2496 4367 μου
2533 4294 2757 4348 ἐκάλεσε
2810 4292 2870 4346 τὸ
2906 4289 3078 4361 ὄνομά
3113 4305 3212 4360 μου
3235 4301 3250 4316 ·
3311 4285 3406 4339 καὶ
3449 4283 3610 4353 ἔθηκε
3657 4280 3722 4334 τὸ

471 4403 654 4442 meum
700 4389 858 4458 quasi
885 4389 1122 4459 gladium
1180 4399 1428 4460 acutum;
1491 4401 1544 4448 et
1583 4393 1688 4448 sub
1732 4403 2044 4465 legumento

2155 4391 2325 4460 στόμα
2358 4406 2457 4461 μου
2486 4389 2560 4452 ὡς
2587 4387 2858 4458 μάχαιραν
2889 4382 3068 4448 ὀξεῖαν
3087 4398 3102 4412 ⁸
3134 4381 3227 4434 καὶ
3253 4379 3357 4432 ὑπὸ
3385 4377 3486 4447 τὴν
3507 4373 3720 4444 σκέπην

471 4493 668 4535 manus
719 4493 832 4534 suae
873 4481 1167 4535 occultavit
1219 4498 1339 4550 me;
1380 4491 1433 4539 et
1457 4484 1594 4540 dixit
1621 4486 1752 4540 mihi
1788 4505 1800 4541 :
1833 4484 2039 4542 Servus

469 4583 625 4624 meus
683 4584 744 4625 es
800 4578 879 4632 tu,
913 4569 1119 4635 Israel,
1172 4573 1294 4643 quia
1332 4575 1387 4628 in
1417 4583 1470 4630 te
1503 4575 1800 4647 gloriabor.
1831 4575 1898 4630 Et
1941 4593 2042 4648 ego

469 4659 619 4715 dixi:
659 4659 719 4714 In
737 4675 970 4716 vacuum
1017 4664 1290 4730 laboravi,
1325 4667 1442 4724 sine
1481 4683 1667 4730 causa,
1692 4676 1746 4723 et
1765 4684 1904 4724 vane
1927 4669 2041 4724 for-

469 4753 756 4808 titudinem
800 4770 974 4810 meam
1002 4759 1318 4828 consumpsi
1347 4774 1367 4813 :
1395 4775 1524 4830 ergo
1545 4760 1810 4828 judicium
1864 4779 2042 4820 meum

467 4859 594 4909 cum
617 4843 865 4912 Domino,
883 4853 937 4902 et
965 4861 1104 4917 opus
1121 4865 1298 4904 meum
1317 4867 1441 4906 eum
1477 4853 1585 4907 Deo
1623 4867 1763 4908 meo.
1797 4853 1862 4909 Et
1896 4870 2043 4910 nunc

468 4937 600 4992 dicit
629 4936 908 5006 Dominus,
935 4938 1177 4997 formans
1206 4931 1292 4997 me
1339 4959 1402 4999 ex
1452 4954 1606 5000 utero
1647 4963 1867 5002 servum
1913 4949 2041 5012 sibi,

465 5039 528 5084 ut
575 5030 830 5086 reducam
866 5030 1033 5088 Iacob
1061 5033 1128 5088 ad
1162 5049 1308 5100 eum,
1340 5044 1392 5091 et
1421 5035 1607 5094 Israel.
1656 5039 2046 5113 Congregabor

463 5131 524 5180 et
555 5123 899 5194 gloriﬁcabor
928 5141 984 5180 In
1018 5125 1194 5182 oculis
1222 5128 1457 5194 Domini,
1495 5138 1548 5186 et
1585 5130 1731 5186 Deus
1765 5147 1921 5188 meus
1949 5131 2036 5185 fa-

463 5223 590 5274 ctus
605 5224 690 5272 est
721 5216 980 5273 fortitudo
1007 5234 1146 5276 mea.
1172 5219 1237 5274 Et
1257 5219 1395 5276 dixit
1421 5221 1705 5294 :Magnum
1733 5233 1815 5280 est
1847 5225 1945 5280 tibi
1981 5235 2039 5280 ut

466 5309 546 5364 sis
571 5307 703 5362 mihi
736 5325 929 5366 servus
946 5310 1012 5364 ad
1033 5312 1375 5369 suscitandas
1403 5315 1580 5372 tribus
1597 5315 1788 5382 Jacob,
1805 5327 1857 5373 et
1876 5317 2039 5373 faeces

465 5399 632 5456 Israel
648 5401 1065 5458 convertendas.
1085 5401 1224 5460 Ecce
1240 5405 1362 5461 dedi
1387 5413 1438 5462 te
1465 5407 1518 5460 in
1541 5413 1924 5463 testamentum
1946 5425 2037 5480 ge-

465 5490 636 5555 neris,
689 5491 742 5546 in
777 5491 952 5546 lucem
985 5493 1246 5563 gentium,
1301 5505 1361 5548 ut
1399 5494 1476 5550 sis
1509 5495 1659 5552 salus
1691 5513 1812 5551 mea
1861 5514 2034 5568 usque

463 5581 532 5636 ad
565 5591 868 5640 extremum
899 5592 1075 5641 terra).
1103 5583 1226 5641 Haec
1252 5585 1386 5642 dicit
1421 5585 1682 5643 Dominus
1720 5591 2035 5660 redemptor

465 5679 617 5732 tuus.
645 5671 787 5728 Deus
817 5673 982 5730 Israel
1018 5693 1032 5730 :
1068 5675 1412 5732 Sanctiﬁcate
1436 5695 1557 5732 eum
1590 5680 1680 5749 qui
1709 5681 1858 5750 parvi
1905 5680 2033 5734 facit

467 5765 701 5820 animam
737 5779 912 5830 suam,
934 5783 1092 5836 quem
1127 5769 1510 5826 abominantur
1530 5779 1738 5844 gentes,
1766 5771 1909 5828 servi
1933 5772 2033 5828 do-

534 5897 558 5932 ⁴
578 5896 702 5956 lsai.
731 5913 923 5965 nvtu,
952 5897 1136 5954 I246.

2147 4483 2247 4554 τῆς
2279 4485 2460 4553 χειρὸς
2491 4479 2653 4534 αὐτοῦ
2681 4478 2882 4550 ἔκρυψέ
2935 4494 3000 4549 με
3021 4493 3036 4508 ·
3073 4474 3166 4528 καὶ
3201 4468 3318 4525 εἶπέ
3367 4485 3488 4541 μοι’
3521 4465 3720 4528 Δοῦλός

2153 4591 2252 4646 μου
2277 4569 2328 4626 εἴ
2359 4575 2444 4638 σὺ,
2493 4571 2708 4644 Ἰσραὴλ
2733 4610 2748 4634 ,
2797 4570 2890 4622 καὶ
2923 4569 2981 4620 ὲν
3031 4566 3112 4620 σοὶ
3168 4562 3591 4632 δοξασθήσομαι·
3617 4558 3720 4610 καὶ

2147 4666 2256 4734 ἐγὼ
2305 4661 2463 4718 εἶπα·
2517 4663 2705 4726 Κενῶς
2757 4662 3054 4724 ἐκοπίασα,
3108 4659 3186 4720 εἰς
3239 4655 3464 4727 μάταιον
3495 4651 3590 4706 καὶ
3634 4651 3720 4713 εἰς

2147 4759 2297 4813 οὐδὲν
2342 4757 2517 4812 ἔδωκα
2539 4756 2636 4826 τὴν
2669 4754 2821 4825 ἰσχύν
2857 4768 2985 4824 μου·
3017 4751 3105 4804 διὰ
3131 4746 3290 4801 τοῦτο
3320 4750 3352 4815 ἠ
3399 4745 3580 4816 κρίσις
3611 4758 3718 4813 μου

2147 4850 2295 4919 παρὰ
2321 4849 2528 4921 Κυρίῳ,
2563 4846 2657 4901 καὶ
2681 4847 2709 4898 6
2731 4846 2892 4907 πόνος
2925 4861 3022 4914 μου
3055 4841 3291 4896 ἐναντίον
3309 4837 3404 4891 τοῦ
3425 4834 3560 4890 Θεοῦ
3588 4851 3712 4905 μου.

2147 4941 2256 4994 Καὶ
2290 4939 2382 4992 νῦν
2411 4938 2582 5001 οὓτως
2611 4937 2757 5006 λέγει
2786 4935 3008 5008 Κύριος,
3031 4937 3058 4987 6
3083 4933 3290 4993 πλάσας
3325 4943 3394 4999 με
3423 4929 3486 4980 ὲκ
3507 4923 3716 4985 κοιλίας

2145 5031 2328 5086 δοῦλον
2355 5031 2552 5102 ἑαυτῷ,
2578 5031 2672 5084 τοῦ
2699 5030 3022 5098 συναγαγεῖν
3046 5026 3138 5079 τὸν
3173 5021 3366 5077 Ἰακὼϐ
3391 5019 3524 5090 πρὸς
3549 5017 3713 5072 αὐτὴν

2145 5123 2240 5176 καὶ
2295 5122 2384 5175 τὸν
2437 5119 2683 5193 Ἰσραήλο
2733 5109 3134 5190 συναχθήσομαι
3167 5115 3262 5168 καὶ
3311 5110 3712 5180 δοξασθήσομαι

2147 5215 2386 5270 ἐναντίον
2434 5214 2637 5286 Κυρίου
2658 5255 2674 5280 ,
2711 5213 2803 5268 καὶ
2827 5214 2857 5266 6
2893 5209 3024 5273 Θεός
3050 5225 3150 5282 μου
3199 5206 3348 5259 ἔσται
3385 5220 3472 5274 μοι
3514 5197 3670 5272 ἰσχύς
3693 5216 3712 5230 ⁸

2145 5309 2239 5361 καὶ
2264 5302 2384 5359 εἷπε
2401 5323 2414 5336 ·
2439 5305 2596 5375 Μέγα
2627 5304 2708 5357 σοί
2740 5305 2856 5356 ἐστι
2878 5299 2970 5354 τοῦ
3005 5295 3268 5370 κληθῆναί
3306 5311 3365 5348 σε
3390 5291 3560 5345 παῖδά
3583 5307 3706 5362 μου,

2143 5399 2238 5453 τοῦ
2289 5398 2484 5469 στῆσαι
2509 5397 2609 5462 τὰς
2658 5395 2829 5466 φυλὰς
2881 5390 3076 5446 Ἰακὼὸ
3099 5431 3114 5456 ,
3153 5388 3246 5473 καὶ
3281 5385 3377 5450 τὰς
3409 5381 3708 5452 διασπορὰς

2141 5491 2236 5545 τοῦ
2290 5491 2503 5563 Ἰσραὴλ
2553 5487 2908 5561 ἐπιστρέψαι·
2947 5485 3056 5540 ἰδοὺ
3106 5479 3326 5537 τέθεικά
3374 5494 3434 5530 σε
3467 5477 3547 5538 είς
3591 5473 3708 5526 δια-

2093 5579 2100 5584 ’
2143 5583 2315 5656 θήκην
2353 5583 2560 5652 γένους,
2606 5583 2687 5645 είς
2719 5579 2836 5650 φῶς
2865 5577 3056 5640 ἐθνῶν,
3090 5573 3186 5630 τοῦ
3208 5569 3343 5626 εἷναί
3379 5586 3438 5622 σε
3477 5569 3558 5630 είς
3597 5581 3700 5618 σω-

2140 5677 2332 5749 τηρίαν
2361 5677 2464 5740 ἓως
2491 5677 2720 5747 ἐσχάτου
2749 5674 2848 5746 τῆς
2871 5673 2994 5744 γῆς.
3019 5669 3204 5731 Οὕτως
3227 5667 3373 5736 λέγει
3409 5663 3634 5749 Κύριος,
3671 5659 3704 5710 ὁ

2143 5748 2444 5842 ῥυσάμενός
2471 5785 2551 5834 σε,
2578 5769 2606 5820 6
2633 5767 2764 5831 Θεὸς
2803 5763 3035 5837 Ἰσραήλ’
3071 5759 3358 5830 Ἀγιάσατε
3395 5754 3488 5812 τὸν
3515 5748 3702 5823 φαυλι-
