3974 6500
234 358 392 416 ἷῖὗό

1276 352 1571 411 Εοιοοιε
1610 354 2086 416 ΡΒΟΡΗΕΤΙΟΕ.
2124 392 2194 403 -
2230 360 2359 417 LIB.
2400 359 2484 417 ιγ.

3353 366 3375 421 I
3387 361 3491 421 εει

233 478 415 543 ζοντα
441 476 537 547 τὴν
566 475 741 559 ψυχήν
768 471 952 559 αὐτοῦ,
998 474 1535 547 τὸν,βδελυσσόμενον
1568 476 1671 531 ὑπὸ
1718 478 1824 533 τῶν

1946 482 2271 538 ninantium.
2296 482 2469 555 Reges
2494 482 2753 539 videbunt
2771 481 2968 554 eumZet
2982 492 3275 554 exsurgent
3290 485 3495 554 princi-

230 569 422 623 ἐθνῶν
448 568 556 621 τῶν
576 557 776 621 δούλων
803 567 909 620 τῶν
927 557 1300 637 ἆρχόντων.Βα
1310 568 1473 633 σιλεῖς
1490 569 1708 638 ὄψονται
1725 572 1821 625 αὐ-

230 662 363 723 τὸν,
398 662 492 715 καὶ
508 662 899 732 ἀναστήσονται
925 658 1202 729 ἄρχοντες,
1243 662 1335 715 καὶ
1358 664 1825 733 προσκυνήσουσιν

230 754 398 826 αὖτῷ
422 754 607 807 ἕνεκεν
636 754 860 825 Κυρίου·
888 756 967 809 δτι
996 756 1184 819 πιστός
1200 756 1347 808 ἐστιν
1369 757 1397 807 6
1421 754 1572 823 ἅγιος
1587 756 1822 827 Ἰσραὴλ,

230 845 343 901 καὶ
364 844 696 915 ἐξελεξάμην
724 863 803 899 σε.
831 847 1015 912 Οὕτως
1044 849 1187 918 λέγει
1207 847 1425 920 Κύριος
1445 846 1635 919 Καιρῷ
1656 847 1824 919 δεκτῷ

231 938 531 1010 ἐπήκουσά
554 956 669 1001 σου,
704 940 797 992 καὶ
821 940 877 992 ὲν
901 942 1084 1013 ἡμέρᾳ.
1116 940 1384 1011 σωτηρίας
1415 939 1685 1010 ἐϐοήθησά
1718 958 1822 1003 σοι,

234 1032 345 1086 καὶ
367 1030 582 1084 ἔπλασά
611 1048 692 1095 σε,
718 1031 810 1084 καὶ
836 1032 1010 1088 ἔδωκά
1044 1051 1103 1087 σε
1126 1036 1207 1098 είς
1243 1032 1505 1105 διαθήκην
1539 1032 1705 1086 ἐθνῶν
1730 1032 1824 1085 τοῦ

233 1126 590 1197 καταστῆσαι
616 1123 712 1195 τὴν
744 1128 866 1198 γῆν,
899 1126 992 1180 καὶ
1030 1125 1433 1197 κληρονομῆσαι
1463 1126 1825 1198 κληρονομίας

234 1218 345 1289 ὲρή
355 1235 508 1289 μους,
528 1219 750 1288 λέγοντα
770 1222 878 1283 τοῖς
895 1220 950 1271 ὲν
972 1218 1186 1290 δεσμοῖς
1205 1235 1218 1248 ⁸
1268 1217 1556 1284 Ἐξέλοετε,
1593 1218 1687 1271 καὶ⁸
1718 1221 1829 1282 τοῖς

235 1311 301 1361 ὲν
331 1309 411 1381 τῷ
441 1312 640 1377 σκότει,
664 1310 1123 1381 ἁνακαλυφθῆναι,
1155 1310 1246 1363 καὶ
1260 1311 1315 1363 ὲν
1346 1309 1543 1373 πάσαις
1562 1313 1678 1372 ταῖς
1694 1308 1830 1372 ὁδοῖς

238 1400 683 1473 βοσκηθήσονται
704 1442 718 1467 ,
752 1403 847 1456 καὶ⁸
876 1403 933 1454 ὲν
968 1402 1169 1465 πάσαις
1198 1403 1315 1464 ταῖς
1362 1400 1567 1472 τρίϐοις
1605 1404 1637 1471 ἡ
1694 1400 1832 1472 νομὴ

237 1493 461 1549 αὐτῶν·
497 1495 554 1547 οὺ
617 1495 998 1558 πεινάσουσιν,
1040 1494 1158 1547 οὐδὲ
1198 1492 1532 1565 διψήσουσιν.
1562 1493 1680 1545 οὐδὲ
1728 1510 1833 1545 πα-

236 1584 401 1650 τάξει
452 1586 650 1649 αὐτοὺς
698 1585 949 1650 καύσων,
978 1584 1097 1637 οὐδὲ
1151 1585 1179 1636 6
1212 1584 1391 1654 ήλιος·
1434 1584 1546 1637 ἀλλ’
1589 1585 1617 1636 6
1668 1582 1832 1637 ἐλεῶν

238 1676 449 1741 αὐτοὺς
488 1678 853 1749 παρακαλέσει
902 1678 1119 1740 αὐτοὺς,
1174 1676 1268 1729 καὶ
1318 1676 1405 1729 διὰ
1465 1676 1653 1748 πηγῶν
1710 1675 1835 1729 ὑδά-

237 1787 359 1823 των
388 1769 503 1834 ἄξει
536 1770 751 1836 αὐτοὺς,
806 1770 898 1823 καὶ
945 1769 1095 1840 Θήσω
1145 1769 1252 1821 πᾶν
1298 1766 1422 1839 ὅρος
1448 1768 1526 1831 εἰς
1554 1767 1690 1831 ὁδὸν,
1735 1766 1830 1821 καὶ

1925 581 2110 645 pes,et
2131 574 2436 629 adorabunt
2452 590 2573 629 eum
2593 582 2815 645 propter
2836 572 3120 629 Dominum
3143 576 3300 646 ;quia
3322 574 3496 631 ﬁdelis

1924 670 2009 718 est
2043 661 2279 719 Sanctus
2318 664 2507 729 Israel,
2544 673 2599 719 et
2626 664 2761 735 elegi
2793 670 2867 720 te.
2894 663 3021 719 Ilaec
3042 664 3452 721 dicitDominus
3478 686 3491 721 :

1924 756 1983 811 In
2017 767 2258 827 tempore
2271 757 2468 827 placito
2484 756 2731 812 exaudivi
2757 764 2830 823 te,
2854 763 2909 813 et
2929 757 2985 812 in
3012 757 3100 813 die
3121 757 3312 813 salutis
3345 759 3499 813 auxi—

1926 849 2090 903 liatus
2114 863 2234 902 sum
2260 848 2356 902 tibi
2378 866 2390 902 :
2412 856 2465 903 et
2485 847 2697 902 servavi
2720 855 2793 910 te,
2819 854 2872 902 et
2894 846 3015 901 dedi
3047 846 3168 901 tein
3198 844 3378 902 foedus
3408 861 3498 915 po-

1926 939 2059 1010 puli,
2086 946 2144 992 ut
2178 938 2473 994 suscitares
2498 944 2719 1002 terram,
2743 945 2798 991 et
2824 936 3134 1006 possideres
3155 934 3499 992 hmreditatcs

1928 1030 2255 1099 dissipatas;
2285 1036 2343 1082 ut
2365 1028 2575 1084 diceres
2606 1028 2691 1083 bis
2720 1028 2813 1098 qui
2836 1028 3002 1083 vincti
3029 1034 3157 1082 sunt
3186 1045 3198 1079 :
3229 1025 3405 1092 Exite,
3446 1034 3501 1081 et

1931 1122 2014 1178 bis
2038 1123 2130 1191 qui
2163 1122 2215 1175 in
2246 1121 2486 1177 tenebris
2520 1134 2535 1174 :
2567 1119 2920 1175 Rcvelamini.
2966 1118 3142 1190 Super
3164 1134 3354 1176 omnes
3380 1119 3500 1175 vias

1931 1221 2248 1285 pascentur,
2274 1220 2329 1268 et
2356 1214 2410 1267 in
2441 1212 2696 1268 omnibus
2721 1212 2898 1282 planis
2921 1225 3124 1281 pascua
3147 1225 3357 1266 eorum.
3379 1208 3498 1264 Non

1931 1320 2205 1385 esurient,
2246 1334 2422 1390 neque
2452 1319 2657 1383 sitient,
2701 1325 2754 1373 et
2782 1334 2889 1373 non
2925 1318 3193 1387 percutiet
3219 1332 3313 1373 eos
3336 1325 3502 1373 aestus

1932 1422 1986 1469 et
2013 1414 2095 1469 sol
2124 1432 2138 1468 :
2169 1412 2295 1482 quia
2323 1412 2613 1466 miserator
2650 1425 2836 1465 eorum
2870 1417 3020 1481 reget
3050 1426 3165 1475 eos,
3196 1419 3250 1466 et
3280 1410 3347 1464 ad
3383 1412 3503 1464 fon-

1933 1514 2015 1560 tes
2042 1518 2306 1575 aquarum
2338 1502 2549 1574 potabit
2579 1518 2695 1558 eos.
2733 1502 2799 1556 Et
2827 1516 3024 1571 ponam
3052 1517 3242 1558 omnes
3291 1510 3505 1558 montes

1933 1612 2085 1652 meos
2115 1596 2171 1650 in
2201 1596 2366 1659 viam,
2392 1604 2445 1651 et
2477 1610 2694 1650 omnem
2732 1595 2979 1651 semitam
3011 1594 3091 1649 eis
3116 1595 3170 1648 in
3204 1609 3406 1667 pascua
3427 1597 3501 1650 ⁸.»

1937 1687 2248 1743 Verisimile
2280 1694 2364 1742 est
2397 1684 2609 1755 opinari
2655 1683 2911 1741 Hebraeos
2942 1685 3045 1740 sibi
3090 1684 3253 1752 hujus
3269 1685 3506 1755 prophe-

1938 1779 2028 1833 tia:
2051 1777 2215 1833 verba
2266 1776 2396 1839 dici,
2448 1776 2659 1832 scilicet
2696 1794 2708 1830 :
2754 1774 2876 1829 «Et
2914 1776 3049 1830 dixit
3083 1774 3216 1829 mihi
3249 1792 3263 1830 :
3303 1772 3507 1831 Servus

239 1865 435 1916 πᾶσαν
480 1862 660 1934 τρίϐον
722 1864 800 1927 είς
864 1862 1113 1932 βόσκημα
1176 1860 1374 1922 αὐτοῖς.
1434 1880 1451 1912 ι
1498 1840 1656 1923 Εἰκὸς
1709 1860 1833 1921 τοὺς

1946 1882 2091 1922 meus
2116 1882 2175 1921 es
2208 1874 2294 1929 tu,
2321 1864 2513 1931 Israel,
2544 1874 2597 1920 et
2640 1865 2697 1919 in
2748 1872 2801 1919 te
2855 1865 3146 1937 gloriabor.
3187 1885 3207 1919 ι
3240 1862 3360 1920 Νοη
3389 1867 3508 1922 istis

242 1957 318 2009 ἐκ
352 1956 653 2027 περιτομῆς
696 1954 901 2009 οἴεσθαι
948 1952 1074 2027 περὶ
1113 1952 1320 2007 ἑαυτῶν
1368 1950 1616 2022 εἰρῆσθαι
1657 1951 1724 2003 τὰ
1774 1952 1831 2005 ὲν

239 2052 321 2120 τῇ
361 2049 667 2120 προφητείᾳ
691 2089 705 2111 ,
742 2048 971 2118 ἐπείπερ
1016 2044 1293 2097 λέλεκταιο
1347 2062 1365 2095 ι
1400 2045 1506 2096 Καὶ
1548 2038 1667 2095 εἶπέ
1710 2059 1830 2113 μοι’

242 2138 451 2203 Δοῦλός
492 2157 592 2211 μου
633 2134 683 2192 εἴ
717 2139 803 2206 σὺ,
843 2136 1101 2209 Ἰσραήλρ
1121 2136 1212 2190 καὶ
1249 2137 1307 2188 ὲν
1347 2136 1428 2188 σοὶ
1459 2134 1838 2206 ἐνδοξασῦήσο-

248 2249 392 2303 μαι·
424 2252 441 2283 ι
474 2231 611 2303 πρὸς
639 2232 694 2284 δὲ
730 2230 807 2301 τῷ
856 2229 929 2300 μὴ
974 2226 1235 2301 ἁρμόζειν
1372 2225 1478 2297 54)
1522 2226 1705 2288 αὐτοῖς
1739 2224 1837 2287 τὰς

243 2322 429 2388 λέξεις
463 2320 648 2392 σαφῶς
683 2320 1063 2375 ἀποδείκνυται
1098 2320 1190 2372 καὶ
1212 2318 1318 2371 ἀπὸ
1348 2316 1453 2370 τῶν
1486 2316 1631 2387 ἑξῆς,
1664 2316 1744 2367 ὅτι
1775 2314 1838 2386 δὴ

244 2415 388 2486 περὶ
433 2413 621 2484 ἑτέρου
694 2409 907 2482 Ἰσραὴλ
965 2409 1033 2463 τὰ
1082 2409 1349 2479 λεγόμενα
1404 2405 1834 2477 προφητεύεται-

245 2504 569 2576 γέγραπται
620 2502 759 2574 γάρ’
810 2519 828 2553 ι
872 2501 982 2554 Καὶ
1016 2500 1111 2554 νῦν
1161 2499 1333 2563 οὕτως
1367 2498 1513 2567 λέγει
1563 2496 1765 2569 Κύριος
1813 2498 1840 2549 6

249 2597 475 2660 πλάσας
512 2613 577 2666 με
608 2596 673 2649 ὲκ
705 2593 912 2657 κοιλίας
939 2592 1121 2647 δοῦλον
1156 2592 1333 2663 ἑαυτῷ
1373 2590 1467 2645 τοῦ
1518 2592 1840 2659 συναγαγεῖν

247 2688 349 2742 τὸν
385 2686 579 2741 Ἰακὼϐ
618 2688 712 2741 καὶ
742 2685 832 2741 τὸν
872 2684 1089 2756 Ἰσραήλ
1127 2682 1263 2755 πρὸς
1302 2681 1462 2737 αὐτόν
1485 2698 1497 2711 ο
1536 2682 1630 2735 καὶ
1683 2680 1840 2734 πάλιν

250 2780 382 2838 εἶπέ
416 2800 535 2854 μοι·
566 2782 726 2850 Μέγα
763 2782 844 2835 σοί
868 2784 1013 2834 ἐστιν
1039 2781 1097 2833 τὸ
1126 2778 1391 2851 κληθῆναί
1431 2795 1489 2831 σε
1524 2778 1689 2831 παῖδά
1716 2794 1840 2847 μου,

249 2877 353 2929 τοῦ
390 2875 587 2945 στῆσαι
614 2874 711 2939 τὰς
743 2873 914 2945 φυλὰς
940 2872 1034 2926 τοῦ
1068 2871 1261 2925 Ἰακὼϐ
1296 2870 1388 2924 καὶ
1419 2871 1517 2933 τὰς
1543 2868 1843 2941 διασπορὰς

251 2968 355 3022 τοῦ
387 2967 603 3039 Ἰσραὴλ
620 2966 962 3038 ἐπιστρέψαι.
978 2984 995 3015 ι
1031 2963 1189 3017 Ἀλλὰ
1215 2964 1305 3016 καὶ
1325 2963 1405 3014 τό·
1430 2980 1448 3013 ι
1472 2962 1600 3015 Ἰδοὺ
1626 2960 1845 3014 τέθεικά

260 3079 326 3115 σε
378 3062 460 3124 είς
509 3059 625 3130 φῶς
656 3059 845 3123 ἐθνῶν,
892 3057 985 3111 τοῦ
1028 3052 1167 3110 εἶναί
1213 3073 1272 3108 σε
1306 3057 1385 3118 εἰς
1436 3054 1707 3127 σωτηρίαν
1740 3053 1843 3117 ἕως

258 3154 494 3225 ἐσχάτου
542 3154 640 3224 τῆς
674 3152 797 3223 γῆς,
830 3170 849 3203 ι
901 3148 1202 3223 παράδοξόν
1234 3166 1351 3201 τινα
1400 3147 1492 3201 καὶ
1535 3145 1844 3218 θαυμαστὸν

1936 1972 2065 2012 vero
2093 1957 2209 2011 btec
2234 1957 2529 2012 convenire
2549 1956 2927 2011 demonstrant
2956 1972 3076 2026 quae
3101 1965 3426 2027 sequuntur,
3458 1967 3513 2011 et

1936 2048 2003 2102 ad
2035 2048 2201 2102 alium
2227 2048 2396 2103 Israel
2431 2056 2715 2117 spectare;
2753 2046 3014 2115 scriptum
3044 2054 3129 2101 est
3156 2044 3302 2100 enim
3333 2062 3347 2099 :
3387 2062 3406 2092 ‹
3447 2042 3511 2097 Et

1939 2155 2085 2195 nunc
2116 2140 2196 2195 sic
2220 2140 2351 2195 dicit
2383 2138 2667 2203 Dominus,
2724 2139 2967 2193 formans
2999 2153 3083 2192 me
3115 2153 3181 2192 ex
3213 2144 3368 2191 utero
3392 2150 3511 2191 ser-

1938 2249 2065 2291 vum
2094 2232 2222 2298 sibi,
2258 2240 2317 2286 ut
2341 2230 2593 2288 reducam
2632 2227 2799 2284 Jacob
2825 2227 2892 2283 ad
2922 2242 3067 2287 eum.
3121 2234 3174 2282 et
3216 2226 3405 2281 Israel.
3446 2223 3512 2279 Et

1939 2340 2133 2381 rursus
2163 2324 2300 2379 dixit
2332 2323 2497 2377 mihi:
2536 2321 2788 2392 Magnum
2832 2320 2931 2375 tibi
2984 2326 3067 2374 est
3116 2318 3303 2373 vocari
3339 2316 3511 2371 tilium

1940 2433 2144 2483 meum,
2180 2416 2248 2472 ad
2282 2414 2629 2471 suscitandas
2652 2413 2827 2469 tribus
2848 2410 3037 2476 Jacob,
3079 2421 3133 2466 et
3161 2409 3320 2465 faeces
3350 2408 3517 2463 Israel

1941 2522 2361 2580 convertendae.
2401 2541 2419 2574 ι
2454 2519 2561 2576 Sed
2591 2527 2645 2576 et
2674 2519 2805 2575 illud
2833 2536 2845 2573 :
2882 2537 2901 2571 ι
2935 2517 3074 2572 Ecce
3101 2516 3226 2572 dedi
3255 2524 3308 2571 te
3346 2515 3399 2569 in
3432 2515 3517 2568 ln-

1942 2631 2059 2672 cem
2089 2615 2353 2687 gentium,
2388 2620 2447 2666 ut
2476 2612 2554 2667 sis
2581 2611 2729 2667 salus
2763 2624 2882 2665 mea
2916 2622 3089 2678 usque
3118 2606 3185 2661 ad
3212 2614 3516 2661 extremum

1943 2718 2122 2773 terrae,
2160 2726 2178 2759 ι
2210 2705 2578 2761 admirabilem
2606 2702 2899 2773 quemdam
2922 2708 2977 2755 et
3001 2697 3372 2770 prodigiosum
3401 2694 3518 2750 fore

1943 2801 2282 2856 demonstrat
2312 2813 2435 2852 eum
2466 2795 2535 2850 de
2565 2809 2674 2865 quo
2716 2807 2897 2849 sermo
2942 2791 3191 2845 habetur.
3241 2788 3377 2855 Quis
3422 2803 3519 2842 au-

1944 2901 2052 2947 tem
2086 2891 2177 2945 hic
2202 2896 2370 2953 esset,
2396 2888 2501 2943 nisi
2522 2885 2786 2941 Dominus
2817 2891 3003 2939 noster
3029 2881 3191 2937 Iesus
3220 2880 3476 2935 Christus
3502 2918 3515 2941 ,

1944 2985 2038 3056 qui
2066 2983 2180 3054 jam
2214 2984 2366 3052 prius
2400 2982 2453 3035 in
2481 2980 2549 3034 iis
2575 2994 2694 3049 qua:
2722 2991 2888 3047 supra
2933 2976 3102 3030 relata
3137 2980 3304 3036 sunt,
3351 2971 3520 3028 Iacob

1946 3086 2001 3132 et
2037 3076 2203 3131 Israel
2230 3073 2613 3129 manifestatus
2666 3079 2749 3126 est
2799 3070 2988 3124 dicens
3036 3086 3048 3120 ι
3100 3088 3119 3118 ι
3156 3064 3344 3134 Iacob;
3388 3078 3523 3134 puer

1947 3184 2123 3234 meus,
2153 3167 2449 3238 suscipiam
2500 3180 2658 3229 eum,
2717 3169 2771 3216 et
2817 3160 2984 3217 Israel
3061 3159 3267 3213 electus
3318 3170 3522 3210 meus:

263 3248 554 3318 ὑποφαίνει
590 3246 678 3299 τὸν
711 3245 836 3317 περὶ
865 3236 924 3296 οὗ
958 3244 986 3295 6
1009 3242 1185 3310 λόγος.
1204 3241 1299 3305 Τίς
1328 3241 1371 3293 δ’
1402 3238 1466 3294 ἂν
1499 3232 1652 3303 οὗτος
1682 3239 1765 3309 εἴη
1802 3238 1835 3309 ἢ

1947 3260 2191 3332 suscepit
2220 3275 2345 3315 eum
2400 3258 2578 3313 anima
2638 3253 2794 3311 mea?
2828 3272 2847 3305 ι
2909 3251 3009 3306 Hic
3047 3249 3192 3305 enim
3238 3257 3322 3303 est
3371 3245 3526 3303 solus

261 3343 295 3393 6
322 3338 527 3412 Κύριος
562 3337 715 3409 ἡμῶν
748 3337 953 3407 Ἰησοῦς
980 3336 1232 3407 Χριστὸς,
1259 3337 1287 3387 6
1318 3335 1410 3387 καὶ
1447 3333 1547 3405 ήδη
1574 3331 1839 3403 πρότερον

267 3435 327 3485 ὲν
352 3435 465 3493 τοῖς
492 3430 750 3501 ἀνωτέρω
793 3427 984 3483 Ἰακὼϐ
1008 3427 1353 3499 χρηματίσας
1388 3424 1481 3478 καὶ
1512 3422 1729 3495 Ἰσραὴλ
1758 3419 1846 3474 διὰ

265 3524 385 3578 τοῦ·
412 3542 429 3575 ι
457 3522 649 3577 Ἰακὼϐ
672 3525 700 3575 6
722 3525 849 3586 παῖς
880 3538 1000 3591 μου,
1025 3518 1385 3590 ἀντιλήψομαι
1417 3514 1606 3580 αὑτοῦ,
1634 3511 1848 3583 Ἰσραήλ

267 3620 298 3672 6
330 3616 585 3680 ἐκλεκτός
618 3633 718 3687 μου
740 3655 755 3680 ,
801 3612 1159 3686 προσεδέξατο
1192 3611 1352 3664 αὐτὸν
1397 3611 1430 3679 ή
1469 3608 1615 3679 ψυχή
1656 3622 1790 3677 μου;
1824 3624 1841 3655 ι

270 3707 441 3774 Οὗτος
463 3712 572 3781 γάρ
621 3710 768 3761 ἐστιν
799 3709 827 3760 6
882 3706 1040 3778 μόνος
1084 3705 1206 3757 κατ’
1236 3700 1493 3773 ἀλήθειαν
1534 3698 1677 3769 ὁρῶν
1716 3696 1847 3750 Θεὸν

269 3804 363 3857 τὸν
392 3802 631 3872 Πατέρα,
674 3797 887 3871 Ἰσραὴλ
926 3797 1027 3869 μὲν
1064 3795 1481 3866 ὀνομαζόμενος,
1509 3793 1646 3862 ὅπερ
1676 3792 1846 3861 ἑρμη-

272 3890 484 3945 νεύεται
516 3908 534 3940 ι
560 3888 705 3960 δρῶν
742 3888 835 3941 τὸν
872 3886 1026 3950 Θεὸν,
1056 3906 1075 3938 ι
1105 3884 1224 3938 κατ’
1259 3885 1499 3936 ὲπίνοιαν
1550 3878 1713 3934 αὑτοῦ
1748 3878 1848 3947 τῆς

271 3983 526 4053 θεότητος
544 3999 557 4012 ·
588 3978 784 4035 Ἰακὼϐ
808 3979 887 4045 δὲ,
906 3980 1041 4052 ὅπερ
1066 3978 1182 4030 ἐστὶ
1216 3996 1234 4028 ι
1265 3974 1609 4049 πτερνιστὴς,
1638 3992 1655 4024 ι
1682 3970 1799 4027 καθ’
1821 3970 1851 4023 6

272 4074 701 4147 ὲνανθρωπήσας
719 4070 1131 4143 κατηγωνίσατο
1154 4071 1331 4132 πάσας
1354 4068 1451 4132 τὰς
1474 4064 1850 4137 ἀντικειμένας

270 4170 551 4240 δυνάμεις.
587 4166 731 4238 Ὅρα
783 4166 840 4219 δὲ
891 4168 939 4220 εί
982 4165 1057 4236 μὴ
1114 4161 1430 4234 συνᾴδουσιν
1488 4157 1742 4231 ἀλλήλαις
1794 4157 1850 4209 αἱ

273 4262 601 4338 περυιοπαὶ.
633 4262 667 4332 ἦ
700 4277 760 4313 τε
796 4259 934 4331 μετὰ
961 4261 1178 4329 χεῖρας,
1213 4256 1305 4309 καὶ
1349 4256 1406 4307 ὲν
1519 4252 1733 4320 ἐλέγετο
1759 4248 1852 4311 τὺ,

280 4377 299 4409 ι
324 4354 517 4409 Ἰακὼϐ
539 4356 567 4407 6
595 4356 723 4417 παῖς
748 4369 848 4424 μου
870 4372 889 4403 ι
915 4354 993 4415 εἰς
1021 4352 1113 4406 τὸν
1139 4348 1369 4421 Χριστὸν
1420 4344 1820 4417 ἀναφερόμενον
1838 4358 1851 4370 ·

272 4450 350 4514 ὡς
383 4447 492 4517 γάρ
534 4462 614 4499 τοι
662 4446 777 4498 ἐκεῖ
803 4444 864 4497 τὸ
900 4462 917 4494 ι
965 4442 1156 4497 Ἰακὼϐ
1193 4443 1222 4494 6
1274 4441 1401 4503 παῖς
1439 4455 1540 4510 μου
1564 4457 1582 4488 ι
1621 4436 1855 4507 εἴρηται,

272 4540 450 4603 οὕτως
509 4538 696 4593 ἐνθάδε
744 4538 806 4590 τὸ
844 4554 861 4587 ι
898 4536 1041 4607 μέγα
1081 4534 1161 4587 σοί
1205 4534 1320 4586 ἐστι
1362 4530 1455 4584 τοῦ
1495 4527 1757 4600 κληθῆναί
1798 4542 1858 4577 σε

275 4631 446 4686 παῖδά
466 4648 565 4702 μου
585 4647 597 4659 ·
615 4652 632 4681 ι
658 4631 752 4682 καὶ
773 4628 848 4692 ὼς
876 4630 992 4681 ἐκεῖ
1004 4627 1084 4692 τὸ,
1108 4645 1125 4677 ι
1150 4624 1365 4697 Ἰσραὴλ
1384 4626 1412 4677 6
1432 4622 1681 4685 ἐκλεκτός
1710 4638 1808 4692 μου
1832 4639 1849 4671 ι

274 4726 549 4789 λέλεκται,
576 4721 746 4787 οὕτως
772 4719 955 4774 ἐνθάδε
978 4719 1060 4783 τὸ,
1090 4739 1107 4769 ι
1128 4720 1209 4771 ὅτι
1248 4716 1437 4779 πιστός
1470 4717 1617 4769 ἐστιν
1645 4714 1857 4783 δ’ἆγιος

292 4814 529 4887 Ἰσραὴλ,
554 4815 647 4867 καὶ
682 4810 1012 4882 ἐξελεξάμην
1042 4825 1121 4862 σε.
1161 4829 1180 4861 ι
1215 4807 1382 4861 Πάλιν
1410 4823 1471 4860 τε
1506 4801 1571 4860 αὖ
1614 4806 1731 4859 ἐκεῖ
1760 4803 1858 4874 μὲν

278 4909 518 4981 εἴρηταιο
558 4926 576 4959 ι
600 4904 817 4959 Ἔδωκά
844 4919 903 4956 σε
953 4903 1033 4965 εἰς
1075 4900 1336 4973 διαθήκην
1364 4898 1572 4969 γένους,
1606 4899 1686 4961 είς
1744 4895 1858 4965 φῶς

278 4998 487 5063 ἐθνῶν,
540 4994 746 5062 ἀνοῖξαι
805 4994 1115 5065 ὀφθαλμοὺς
1155 4991 1405 5062 τυφλῶν,
1458 4990 1745 5059 ἐξαγαγεῖν
1795 4988 1860 5040 ἐκ

279 5090 497 5162 δεσμῶν
519 5089 854 5161 δεδεμένους,
879 5086 973 5141 καὶ
996 5086 1053 5153 ἐξ
1074 5085 1222 5139 οἴκου
1243 5084 1491 5155 φυλακῆς
1512 5081 1853 5154 καθημένους

282 5182 344 5232 ἐν
379 5180 594 5232 σκότει·
637 5199 654 5230 ι
681 5180 736 5231 ὲν
757 5176 815 5230 δὲ
845 5179 911 5248 τῇ
950 5175 1087 5247 μετὰ
1108 5179 1312 5248 χεῖρας·
1345 5193 1363 5227 ι
1399 5174 1529 5228 Ἰδοὺ
1557 5172 1775 5227 τέθεικά
1802 5186 1859 5223 σε

288 5275 369 5337 είς
398 5272 513 5343 φῶς
543 5272 732 5338 ὲθνῶν,
766 5272 859 5326 τοῦ
887 5273 1226 5344 καταστῆσαι
1255 5270 1354 5342 τὴν
1388 5270 1510 5340 γῆν,
1548 5269 1641 5321 καὶ
1664 5266 1859 5337 κληρο-

286 5365 526 5437 νομῆσαι
596 5364 957 5436 κληρονομίαν
1016 5367 1222 5439 ἐρήμου
1256 5405 1271 5428 ,
1333 5361 1561 5432 λέγοντα
1620 5362 1731 5423 τοῖς
1805 5362 1863 5412 ἐν

288 5459 507 5530 δεσμοῖς
530 5476 544 5489 ·
589 5457 858 5524 Ἐξέλθετε
881 5498 895 5521 ,
946 5460 1038 5512 καὶ
1070 5462 1181 5521 τοῖς
1230 5458 1287 5509 ὲν
1332 5454 1409 5525 τῷ
1436 5454 1615 5507 σκότει
1650 5469 1663 5483 ·
1710 5453 1862 5505 Ἀνα-

291 5549 622 5621 καλύφθητε.
674 5569 691 5603 ι
743 5550 863 5604 Ὅτι
913 5551 1010 5622 μὲν
1062 5547 1156 5604 οὖν
1210 5548 1384 5602 οὐδενὶ
1436 5546 1578 5617 ἄλλῳ
1627 5544 1660 5615 ἢ
1718 5544 1861 5615 μόνῳ

291 5644 367 5718 τῷ
403 5644 613 5716 Σωτῆρι
648 5644 804 5715 ήμῶν
844 5642 1068 5715 ἁρμόζει
1121 5643 1188 5697 τὰ
1221 5644 1277 5696 ὲν
1316 5644 1431 5706 ταῖς
1476 5636 1859 5711 προκειμέναις

371 5825 530 5883 'Isai.
558 5841 700 5891 uix,
737 5824 884 5879 I-Il.

1948 3369 2078 3409 vere
2104 3352 2296 3409 videns
2327 3349 2496 3405 Deum
2530 3346 2745 3401 Patrem
2768 3383 2783 3409 ,
2826 3342 2994 3398 Israel
3020 3339 3239 3412 quidem
3273 3338 3523 3392 nomina-

1950 3454 2059 3509 tus,
2083 3442 2228 3515 quod
2267 3441 2655 3510 interpretatur
2683 3434 2859 3490 videns
2894 3433 3092 3499 Deum,
3133 3432 3290 3500 juxta
3320 3428 3524 3483 divini-

1948 3551 2077 3605 tatis
2107 3560 2477 3605 suae'sensum
2504 3563 2520 3612 ;
2550 3542 2722 3598 Iacob
2762 3548 2964 3603 autem,
3023 3538 3076 3593 id
3110 3546 3195 3593 est
3253 3538 3482 3590 luctator
3508 3575 3521 3597 ,

1949 3643 2206 3715 quoniam
2251 3641 2569 3695 incarnatus
2618 3649 2809 3690 omnes
2842 3631 3183 3686 adversarias
3236 3629 3526 3684 debellavit

1949 3742 2265 3807 potestates.
2296 3729 2529 3785 Attende
2571 3727 2713 3783 enim
2746 3724 3021 3797 quomodo
3049 3722 3397 3778 consentiant
3442 3719 3527 3773 in-

1950 3840 2033 3886 ter
2064 3846 2122 3884 se
2155 3828 2489 3899 prophetiae;
2523 3826 2637 3879 haec
2666 3823 2909 3894 quidem,
2942 3822 3010 3876 de
3039 3836 3145 3892 qua
3166 3835 3313 3875 nunc
3346 3833 3532 3875 sermo

1951 3927 2199 3989 habetur,
2224 3924 2347 3978 etin
2376 3937 2483 3992 qua
2506 3920 2707 3976 dicitur
2732 3918 2885 3982 illud,
2912 3938 2928 3969 ι
2953 3916 3121 3972 Jacob
3144 3916 3289 3971 tilius
3318 3929 3522 3981 meus,»

1951 4022 2094 4093 quod
2122 4020 2187 4075 ad
2216 4020 2495 4076 Christum
2529 4023 2771 4087 spectat;
2809 4016 2953 4070 sicut
2980 4015 3125 4069 enim
3157 4013 3268 4068 illic
3314 4031 3333 4065 ι
3359 4011 3530 4067 Iacob

1952 4131 2084 4187 puer
2112 4128 2265 4169 meus
2304 4131 2321 4164 ι
2351 4111 2571 4175 dicitur,
2602 4110 2675 4163 ita
2704 4109 2794 4163 hic
2836 4127 2854 4160 ι
2892 4108 3144 4181 Magnum
3176 4106 3272 4160 tibi
3315 4112 3398 4159 est
3430 4119 3528 4159 vo-

1955 4207 2069 4263 cari
2101 4213 2152 4261 te
2185 4204 2352 4259 ﬁlium
2384 4218 2563 4257 meum
2588 4217 2602 4261 ;
2629 4218 2647 4251 ι
2669 4206 2723 4254 et
2745 4198 2888 4255 sicut
2918 4198 3049 4261 illic,
3082 4217 3098 4247 ι
3130 4195 3296 4251 Israel
3325 4196 3532 4250 electus

1954 4314 2111 4354 meus
2147 4319 2163 4348 ι
2203 4296 2424 4360 dicitur,
2455 4295 2528 4347 ita
2561 4292 2669 4357 hic,
2699 4310 2719 4343 ι
2768 4290 2894 4361 quia
2944 4289 3118 4345 ﬁdelis
3168 4298 3251 4343 est
3308 4293 3533 4341 sanctus

1959 4393 2145 4455 Israel,
2177 4398 2231 4445 et
2265 4390 2399 4460 elegi
2427 4394 2501 4442 te.
2545 4409 2563 4438 ι
2599 4384 2923 4454 Rursusque
2950 4382 3061 4437 illic
3093 4381 3331 4436 dicitur:
3356 4397 3375 4431 ι
3402 4378 3533 4434 Dedi

1963 4510 2016 4557 te
2043 4501 2097 4554 in
2122 4504 2505 4555 testamentum
2535 4492 2771 4565 generis,
2823 4492 2879 4546 in
2916 4491 3097 4545 lumen
3144 4488 3387 4562 gentium
3413 4528 3429 4554 ,
3477 4492 3539 4543 ut

1887 4600 1932 4656 Ι)
1961 4593 2203 4665 aperires
2229 4589 2418 4644 oculos
2452 4600 2721 4642 caecorum
2744 4622 2760 4647 ,
2812 4592 2866 4639 et
2898 4582 3160 4637 educeres
3211 4579 3275 4633 de
3310 4578 3537 4634 conclu-

1968 4688 2123 4743 sione
2150 4685 2386 4745 vinctos,
2439 4679 2507 4734 de
2555 4677 2719 4732 domo
2752 4674 2993 4729 carceris
3027 4674 3279 4729 sedentcs
3309 4671 3363 4725 in
3392 4678 3541 4726 tene-

1964 4782 2114 4846 bris;
2151 4796 2171 4831 ι
2207 4778 2259 4831 in
2285 4783 2553 4847 prasente
2594 4784 2723 4825 vero
2751 4766 3037 4839 prOphetia
3071 4783 3084 4820 :
3116 4783 3133 4815 ι
3168 4763 3307 4819 Ecce
3336 4761 3461 4817 dedi
3490 4771 3541 4816 te

1966 4877 2021 4931 in
2054 4876 2228 4928 lucem
2248 4868 2512 4941 gentium,
2541 4873 2601 4919 ut
2634 4863 2933 4921 suscitares
2959 4871 3184 4923 terram,
3210 4866 3266 4913 et
3294 4855 3543 4927 posside-

1968 4982 2055 5023 res
2086 4962 2429 5020 hmrcditates
2456 4960 2786 5029 dissipatas;
2822 4963 2881 5009 ut
2907 4955 3119 5009 diceres
3142 4952 3229 5005 IIIS
3251 4950 3343 5019 qui
3372 4948 3541 5014 vincti

1964 5070 2092 5122 sunt
2124 5080 2138 5114 ;
2176 5056 2354 5118 Exite,
2385 5061 2439 5109 et
2470 5051 2555 5106 his
2587 5051 2679 5119 qui
2712 5049 2767 5103 in
2798 5047 3039 5103 tenebris
3068 5064 3081 5098 :
3120 5040 3475 5097 Revelamini.
3518 5060 3535 5092 ι

1967 5169 2124 5239 Quod
2161 5164 2378 5236 quidem
2438 5158 2573 5214 nulli
2620 5155 2712 5210 alii
2766 5169 2830 5207 ac
2888 5151 2989 5208 soli
3027 5148 3297 5205 Salvatori
3351 5154 3542 5203 nostro

1969 5261 2303 5319 conveniunt
2329 5254 2433 5309 illa:
2484 5246 2801 5321 pr0phetia3,
2832 5243 3182 5299 manifestum
3225 5242 3316 5296 ﬂet
3356 5240 3548 5295 multi-

1970 5356 2147 5412 tudini
2179 5349 2417 5423 gentiuin
2446 5359 2568 5417 quae
2598 5344 2652 5397 in
2681 5354 2804 5396 eum
2856 5349 3019 5409 atque
3063 5352 3159 5407 per
3180 5350 3304 5391 eum
3336 5334 3393 5389 in
3423 5347 3543 5387 om-

1968 5451 2118 5506 nium
2142 5445 2312 5499 Deum
2336 5447 2711 5511 speraverunt,
2730 5433 2929 5505 quibus
2955 5445 2986 5483 a
3017 5428 3179 5484 Patre
3209 5425 3543 5482 constitutus

1970 5548 2055 5595 est
2087 5539 2144 5593 in
2178 5537 2380 5589 lumen.
2418 5531 2506 5585 Ait
2527 5530 2712 5600 igitur,
2744 5545 2759 5577 ι
2800 5533 2859 5578 ut
2890 5522 3186 5578 suscitares
3233 5527 3433 5576 terrain
3462 5555 3477 5579 ,
3519 5535 3537 5568 ι

1973 5633 2183 5690 scilicet
2213 5628 2279 5685 ad
2310 5626 2545 5682 animam
2576 5621 2729 5693 prius
2756 5617 2989 5673 tumultu
3021 5623 3073 5671 et
3108 5614 3346 5684 procella
3373 5612 3547 5684 agita-
