3974 6532
503 401 642 457 1235

1157 395 1424 454 EUSEBII
1459 395 1932 454 CESARIENSIS
1969 399 2054 456 ΟΡ

2162 397 2338 455 rans
2379 397 2466 456 ιιι.
2505 429 2574 440 -
2613 351 3022 456 exsomnes.

3576 403 3692 458 ιιεσ

501 511 684 566 tamin
718 523 906 582 pacem
925 515 978 565 et
1006 509 1446 580 tranquillitatem
1471 509 1828 565 reducendum
1844 530 1860 578 ;
1893 511 1987 568 sed
2015 521 2055 566 el

2173 513 2566 584 προφητείαις,
2626 512 2784 583 δῆλον
2851 513 3001 566 ἔσται
3071 515 3178 577 τοῖς
3237 514 3576 585 ἐτιστήσασιν
3629 521 3692 590 τῷ

505 623 524 656 ι
561 611 620 658 ut
653 601 960 673 possideres
1003 599 1345 656 haereditates
1369 599 1664 671 dissipatas
1692 643 1706 667 ,
1769 622 1790 654 ι
1825 605 2065 674 gentium

497 695 748 751 videlicet
779 693 1109 761 Ecclesiam;
1140 707 1302 766 quam
1334 701 1459 748 ante
1487 694 1675 764 'ipsius
1734 695 2069 752 incarnatio-

497 803 622 843 nem
653 787 943 850 desertam,
973 787 1138 857 quasi
1166 786 1537 842 hereditatem
1589 788 1799 858 accepit
1849 789 1917 843 ab
1973 789 2068 844 illo

495 879 590 946 qui
613 877 748 932 dixit
771 879 820 932 ei
846 896 860 932 :
898 895 916 930 ι
948 875 1076 932 Pete
1113 892 1144 930 a
1175 891 1282 941 me,
1307 883 1361 932 et
1391 877 1532 932 dabo
1555 877 1650 932 tibi
1681 887 1869 948 gentes
1895 879 2064 936 hatre-

495 969 719 1024 ditatem
750 973 896 1025 tuam
931 970 969 1026 ³.
1001 991 1022 1024 ι
1057 969 1157 1025 Hic
1185 979 1367 1028 autem
1414 971 1570 1040 juxta
1613 973 1948 1043 prOpbetiam
1999 973 2066 1030 de

497 1081 556 1122 se
581 1064 722 1134 ipso,
749 1077 844 1118 eos
874 1064 968 1134 qui
995 1063 1049 1118 in
1083 1065 1319 1120 vinculis
1343 1073 1519 1133 erant,
1546 1066 1695 1122 exire
1715 1067 1900 1137 jussit.
1923 1066 2066 1124 Sane

493 1156 640 1210 enim
674 1151 901 1220 Lazaro,
930 1170 1092 1226 quem
1126 1155 1309 1211 fasciis
1336 1157 1446 1226 jam
1475 1157 1784 1213 redimitum
1821 1167 1979 1230 atque
2007 1161 2063 1215 in

494 1247 746 1318 sepulcro
775 1261 806 1301 a
835 1247 1129 1317 quatriduo
1171 1247 1477 1320 depositum
1509 1251 1758 1315 viderat,
1819 1259 1878 1305 ut
1927 1251 2063 1307 liber

492 1339 664 1397 exiret
689 1339 994 1410 imperavit,
1025 1341 1252 1398 dicens:
1301 1361 1318 1394 ι
1357 1341 1581 1404 Lazare,
1616 1344 1740 1398 veni
1771 1343 1914 1400 foras
1949 1349 1988 1397 ³.
2037 1365 2056 1398 ι

2171 603 2362 674 πλήθει
2405 603 2512 656 τῶν
2559 605 2638 667 είς
2682 601 2843 656 αὔτὸν
2889 601 2983 656 καὶ
3029 602 3098 660 δῖ
3149 603 3313 658 αὐτοῦ
3367 607 3456 658 ἐπὶ
3491 609 3569 660 τὸν
3603 607 3694 663 τῶν

2167 695 2300 748 ὅλων
2334 695 2466 749 Θεὸν
2517 694 2822 765 ἡλπικότων
2875 691 3078 760 ἐθνῶν,
3110 689 3188 759 οἷς
3221 697 3327 748 ὑπὸ
3375 697 3466 748 τοῦ
3517 699 3690 772 Πατρὶς

2165 787 2323 859 ἐτέθη
2357 789 2436 852 είς
2469 787 2582 858 φῶς
2600 805 2613 818 ο
2647 785 2811 859 φησὶν
2829 785 2904 851 δὲ,
2929 807 2948 837 ι
2971 787 3064 840 τοῦ
3090 788 3426 858 καταστῆσαι
3445 792 3535 859 τὴν
3561 793 3684 862 γῆν..

2163 880 2308 934 τοῦτ’
2354 880 2468 934 ἐστι
2503 879 2600 952 τὴν
2618 881 2674 934 ἐν
2699 879 2948 952 θορύϐοις
2985 881 3077 933 καὶ
3109 882 3526 946 ἀκαταστασίαις
3556 885 3691 938 πάλαι

2164 973 2534 1044 τυγχάνουσαν
2579 971 2756 1046 ψυχὴν
2807 973 2886 1036 είς
2920 972 3018 1044 τὴν
3049 973 3189 1026 κατά
3227 973 3389 1042 φύσιν
3419 974 3692 1031 εὐστάθειαν

2164 1067 2260 1118 καὶ
2285 1066 2620 1137 καταστολὴν
2646 1069 2869 1137 ἀγαγεῖν
2889 1085 2902 1097 ³
2933 1066 3066 1120 ἀλλὰ
3095 1067 3189 1119 καὶ
3219 1085 3238 1117 ‹
3263 1064 3356 1118 τοῦ
3397 1067 3692 1138 κληρονομῆ-

2167 1175 2256 1211 σαι
2283 1157 2651 1230 κληρονομίαν
2682 1161 2910 1232 ἐρήμου,
2939 1180 2957 1213 ι
2987 1160 3086 1231 τὴν
3117 1157 3176 1223 ἐξ
3209 1158 3380 1212 ἐθνῶν
3413 1159 3692 1231 Ἐκκλησίαν

2164 1251 2340 1323 δηλῶν
2363 1268 2375 1280 ·
2410 1253 2476 1323 ἢν
2515 1253 2619 1324 πρὸ
2642 1252 2742 1322 τῆς
2765 1251 2929 1306 αὑτοῦ
2963 1252 3266 1324 παρουσίας
3299 1251 3497 1323 ἔρημον
3521 1255 3694 1324 τυγχά-

2163 1361 2383 1412 νουσαν,
2425 1346 2788 1417 κληρονομίαν
2833 1345 3022 1417 εἴληφε
3051 1344 3198 1418 παρὰ
3229 1343 3324 1398 τοῦ
3362 1345 3584 1410 εἰπόντος
3615 1348 3692 1400 αὖ·

489 1432 713 1488 Necnon
755 1433 970 1488 ratione
995 1433 1175 1503 aliqua
1224 1433 1292 1488 ad
1339 1433 1502 1488 ﬁliam
1539 1434 1867 1500 Abrahami,
1899 1452 2055 1507 quam

2159 1435 2276 1508 τῷο
2312 1457 2330 1488 ι
2355 1436 2586 1510 Αίτησαι
2631 1441 2759 1510 παρ’
2805 1437 2973 1508 ἐμοῦ,
3009 1439 3102 1491 καὶ
3141 1435 3299 1492 δώσω
3345 1454 3425 1490 σοι
3466 1438 3576 1508 ἔθνη
3613 1441 3690 1509 τὴν

489 1525 896 1580 constrinxerat
931 1523 1166 1580 Satanas
1196 1525 1382 1580 decem
1409 1533 1464 1581 et
1500 1533 1624 1582 octo
1645 1541 1841 1592 annos,
1869 1543 2061 1598 quam--

488 1629 595 1683 que
629 1615 860 1683 pristina
897 1613 1211 1668 inﬁrmitate
1237 1614 1520 1669 liberatam
1545 1655 1560 1680 ,
1608 1615 1932 1670 incolumem
1987 1619 2062 1672 di-

485 1703 660 1760 misit.
681 1703 972 1768 Caeterum,
999 1705 1200 1774 ubique
1231 1704 1300 1760 iis
1328 1707 1420 1776 qui
1449 1715 1796 1778 peccatorum
1827 1708 2059 1764 vinculis

2163 1526 2530 1599 κληρονομίαν
2579 1545 2694 1582 σου.
2729 1548 2747 1580 ι
2791 1520 2958 1592 Οὗτος
2991 1528 3048 1581 δὲ
3091 1529 3234 1582 κατᾶ
3266 1526 3364 1598 τὴν
3413 1528 3530 1599 περὶ
3557 1529 3686 1582 αὐτοῦ

2167 1621 2504 1691 προφητείαν
2537 1623 2650 1684 τοῖς
2686 1622 2744 1674 ἐν
2791 1619 3008 1692 δεσμοῖς
3042 1618 3265 1691 εἴρηκεν
3303 1619 3552 1683 ἐξελθείνο
3584 1637 3690 1692 προ-

2163 1709 2359 1780 χείρως
2385 1710 2483 1781 μὲν
2516 1711 2592 1775 ὡς
2624 1711 2716 1764 ἐπὶ
2733 1710 2826 1765 τοῦ
2857 1710 3129 1783 Λαζάρου,
3162 1711 3224 1764 ὃν
3251 1711 3480 1782 κειρίαις
3506 1711 3690 1765 καταδί-

487 1795 947 1866 impediebantur,
989 1797 1234 1867 priorum
1279 1815 1498 1854 suarum
1537 1800 1880 1870 iniquitatum
1925 1803 2055 1858 mis-

2164 1799 2386 1870 δεμένον
2441 1801 2535 1854 καὶ
2582 1802 2640 1854 ἐν
2697 1803 2938 1872 μνήματι
2988 1803 3307 1871 τεταρταῖον
3369 1803 3686 1872 τυγχάνοντα,

485 1888 695 1944 sionem
741 1889 1036 1954 concessit,
1079 1897 1240 1959 prout
1279 1891 1430 1946 solus
1485 1899 1806 1962 potestatem
1852 1893 2055 1949 habens

2160 1891 2329 1944 εἰπών
2352 1908 2366 1922 ·
2414 1911 2434 1943 ι
2465 1891 2680 1965 Λάζαρε
2703 1933 2717 1958 ,
2758 1891 2916 1964 δεῦρο
2955 1891 3094 1958 ἔξω,
3147 1912 3167 1945 ι
3205 1893 3480 1962 ἐλεύθερον
3519 1893 3688 1964 ἀφῆκεν

483 1975 792 2031 dimittendi
820 1987 1061 2046 peccata.
1105 1978 1316 2046 Quibus
1362 1996 1510 2036 nunc
1559 1997 1774 2052 quoque
1801 1965 2057 2038 doctrina

483 2089 584 2130 sua
615 2074 846 2146 imperat
871 2084 948 2142 ut,
981 2077 1156 2146 ruptis
1181 2078 1458 2148 prioribus
1494 2079 1747 2144 vinculis,
1771 2079 2058 2149 egredian-

483 2175 592 2231 tur,
619 2167 917 2238 unicuique
951 2168 1209 2225 dictitans
1241 2189 1253 2223 :
1301 2189 1318 2220 ι
1363 2169 1504 2226 Ecce
1537 2185 1706 2226 sanus
1741 2169 1916 2226 factus
1945 2186 2004 2226 es
2039 2190 2052 2224 :

481 2258 590 2328 jam
618 2259 731 2313 noli
767 2261 1058 2330 pcccarc'.
1111 2280 1130 2313 ι
1183 2261 1452 2316 Ριτιιιθιεο
1487 2277 1631 2316 nunc
1683 2261 1860 2316 adhuc
1904 2263 2057 2332 igno-

481 2349 676 2405 rantiae
722 2357 780 2407 et
827 2351 1050 2407 malitia
1079 2351 1322 2408 tenebris
1355 2352 1666 2408 obscuratis
1711 2353 1952 2423 praecipit
1998 2361 2057 2407 ut

480 2443 812 2510 revelentur,
842 2445 1042 2515 quippe
1067 2443 1160 2515 qui
1183 2443 1423 2499 Verbum
1455 2443 1548 2500 Dei
1599 2453 1712 2510 est,
1757 2444 2056 2516 przecordia

479 2544 535 2590 et
557 2551 716 2592 renes
751 2537 1057 2607 inquirens,
1087 2537 1378 2608 cordisque
1406 2537 1798 2610 cogitationum
1843 2545 1897 2594 et
1935 2554 2057 2594 sen-

479 2627 777 2684 tentiarum
803 2627 1113 2700 indagator.
1137 2627 1333 2684 Verum
1368 2641 1612 2700 utquam
1643 2629 1964 2686 brevissime
1987 2628 2056 2684 iis

479 2721 885 2786 incumbamus,
914 2721 1276 2792 praecedentia
1303 2723 1470 2778 verba
1502 2722 1570 2778 iis
1594 2737 1714 2793 quae
1746 2721 2056 2778 derristo

479 2816 628 2870 dicta
654 2821 782 2870 sunt
807 2813 1284 2870 accommodantes
1307 2855 1323 2880 ,
1378 2824 1540 2885 atque
1573 2814 1643 2869 ab
1689 2813 1848 2868 initio
1898 2829 2054 2868 resu-

478 2913 712 2971 mentes,
742 2915 989 2962 nostram
1030 2905 1098 2962 de
1128 2907 1236 2962 illis
1277 2905 1778 2976 interpretationem
1811 2903 2054 2975 profere-

477 3013 623 3053 mus.
655 2997 715 3052 In
743 2997 930 3052 multis
955 2997 1122 3068 igitur
1141 2997 1586 3053 circumcisionis
1631 2997 1832 3068 populo
1871 3005 2056 3066 aperte

477 3087 892 3152 manifestatus,
926 3101 1049 3144 cum
1099 3087 1322 3142 nomine
1369 3087 1485 3142 sive
1533 3084 1704 3142 Jacob
1732 3129 1747 3153 ,
1807 3088 1922 3142 sive
1975 3087 2055 3143 ls-

476 3181 590 3246 rael
631 3189 881 3246 vocatur,
925 3179 980 3235 in
1015 3180 1271 3252 praesenti
1301 3195 1410 3236 non
1453 3178 1520 3234 ad
1544 3195 1638 3234 eos
1683 3179 2054 3250 prophetizat,

475 3271 574 3328 sed
625 3271 835 3328 insulas
885 3279 940 3328 et
997 3279 1186 3344 gentes
1259 3270 1328 3326 ad
1379 3271 1648 3326 audienda
1704 3287 1824 3340 quae
1873 3271 2056 3326 dictu-

475 3380 574 3421 rus
638 3371 726 3421 est
777 3374 1048 3422 convocat
1071 3383 1092 3433 ;-
1149 3372 1343 3436 estque
1392 3364 1466 3420 ibi
1507 3364 1802 3436 promissio
1854 3363 2056 3420 Christi

473 3458 620 3514 dicta
643 3457 711 3515 de
737 3457 1025 3514 vocatione
1056 3459 1282 3514 omnino
1309 3458 1439 3512 olim
1479 3457 1801 3522 inﬁdelium,
1827 3465 1989 3528 atque
2024 3472 2056 3511 a

473 3549 678 3618 pietate
731 3549 786 3604 in
825 3549 996 3605 Deum
1025 3549 1328 3605 alienarum
1369 3549 1638 3621 gentium,
1670 3563 1900 3621 quarum
1936 3549 2055 3604 alia:

474 3639 831 3696 nominantur
901 3639 1097 3698 insula:
1137 3683 1152 3706 ,
1235 3640 1430 3694 anima:
1491 3640 1704 3696 scilicet
1750 3655 1872 3710 quae
1921 3641 2053 3695 olim

471 3732 716 3804 quodam
767 3735 934 3790 modo.
971 3733 1264 3790 maritimis
1305 3733 1428 3789 vitae
1473 3733 1767 3804 procellis,
1809 3733 2055 3803 agitatis-

473 3843 582 3898 quc
637 3827 943 3898 iniquitatis
981 3825 1238 3882 ﬂuctibus
1282 3825 1656 3896 jactabantur.
1693 3824 1832 3892 Quid
1872 3824 1943 3884 de
1986 3825 2054 3881 iis

471 3921 546 3979 sit
570 3919 984 3990 intelligendum
1018 3920 1134 3990 ipse
1155 3933 1257 3975 nos
1287 3919 1446 3974 docet
1491 3919 1778 3985 Dominus,
1810 3919 2003 3976 dicens
2035 3937 2047 3972 :

479 4029 498 4062 ι
537 4010 614 4067 Ex
659 4018 818 4066 utero
850 4013 1044 4068 matris
1087 4027 1222 4068 mea:
1255 4012 1466 4067 vocavit
1515 4026 1714 4068 nomen
1763 4027 1978 4076 meum;
2027 4029 2046 4064 ι

472 4103 622 4172 quod
645 4109 704 4158 et
735 4109 923 4172 aperte
964 4101 1033 4158 de
1093 4103 1352 4169 Christo,
1385 4103 1559 4174 ipsius
1591 4105 1736 4160 enim
1771 4113 1898 4162 sunt
1937 4103 2052 4158 haec

473 4193 662 4257 verba.
687 4209 808 4264 qua:
833 4209 900 4253 ex
921 4193 1200 4266 Evangelii
1236 4197 1508 4266 scriptura
1538 4196 1851 4253 didicimus.
1873 4195 2062 4262 loscio,

471 4283 618 4342 enim
647 4281 846 4355 Ioseph
878 4283 1106 4346 Mariam
1155 4288 1478 4359 concepisse
1532 4303 1656 4342 cum
1709 4288 2054 4360 apparuisset

475 4375 717 4445 Gabriel,
771 4384 1013 4448 paternae
1055 4379 1311 4434 minister
1357 4381 1679 4444 voluntatis,
1719 4381 1774 4435 in
1822 4381 2058 4444 somniis,

471 4467 616 4524 inter
661 4474 858 4523 caetera
891 4466 1006 4522 haec
1036 4467 1112 4522 ait
1151 4487 1163 4522 :
1205 4485 1225 4520 ι
1265 4467 1448 4530 Pariet
1509 4478 1687 4525 autem
1751 4469 1941 4534 ﬁlium,
1997 4481 2049 4526 et

2163 1983 2422 2053 ὑπάγειν·
2459 1984 2550 2038 καὶ
2577 1985 2635 2036 ἐν
2661 1984 2815 2058 μέρει
2848 1985 2904 2038 δὲ
2935 1983 3169 2047 διανοίας
3207 1983 3302 2037 ἐπὶ
3335 1984 3434 2052 τῆς
3465 1982 3688 2055 θυγατρὸς

2172 2077 2441 2148 Ἀϐραὰμ,
2473 2078 2537 2148 ἢν
2563 2075 2750 2148 ἔδησεν
2779 2078 2808 2130 ὁ
2828 2079 3074 2142 Σατανᾶς
3097 2076 3229 2130 δέκα
3259 2077 3354 2130 καὶ
3376 2076 3509 2129 ὀκτὼ
3529 2076 3692 2140 ἐτεσιν,

2159 2165 2226 2235 ἢν
2278 2165 2370 2218 καὶ
2424 2166 2592 2234 αὐτὴν
2627 2165 2724 2238 τῆς
2783 2165 3062 2230 ἀσθενείας
3103 2165 3418 2231 ἀπαλλάξας
3453 2165 3582 2219 σώαν
3605 2167 3690 2219 ἀπο

2160 2257 2316 2309 ἐλυσε
2341 2273 2357 2287 ο
2403 2256 2627 2311 καθόλου
2679 2258 2768 2323 δὲ,
2803 2259 3036 2330 ὁπηνίκα
3080 2261 3214 2314 πᾶσι
3259 2261 3372 2322 τοῖς
3393 2262 3580 2331 σειραῖς
3601 2257 3688 2311 τῶν

2163 2347 2306 2401 ίδίων
2353 2349 2638 2419 ἁμαρτιῶν
2679 2350 3025 2421 ἐσφιγμένοις
3071 2352 3266 2422 ἄφεσιν
3305 2350 3411 2405 τῶν
3451 2351 3683 2424 προτέρων

2158 2438 2582 2510 ἁμαρτημάτων
2606 2441 2926 2511 παρέσχετο,
2961 2436 3048 2494 οἷα
3078 2442 3142 2515 δὴ
3180 2443 3342 2514 μόνος
3376 2443 3542 2514 (ἔχων)
3563 2443 3682 2510 ἐξουο

2167 2531 2287 2584 σίαν
2319 2532 2533 2601 ἀφιέναι
2578 2533 2876 2604 ἁμαρτίας·
2903 2529 2985 2598 οἷς
3021 2533 3100 2588 ἔτι
3133 2536 3230 2590 καὶ
3249 2535 3350 2590 νῦν
3371 2537 3430 2606 (Ῑ.
3450 2536 3510 2590 δὲ
3529 2539 3591 2606 γ’)
3612 2536 3681 2590 διὰ

2159 2621 2260 2692 τῆς
2298 2623 2463 2676 αὑτοῦ
2495 2623 2842 2690 διδασκαλίας
2867 2627 3300 2700 παρακελεύεται
3319 2629 3423 2682 τῶν
3449 2629 3682 2700 προτέρων

2158 2713 2372 2786 δεσμῶν
2411 2714 2667 2784 ἐξελθεῖν,
2695 2717 2867 2788 λέγων
2896 2721 2978 2788 ὲφῗ
2997 2719 3212 2792 ἑκάστῳ
3243 2721 3324 2787 τὸ,
3357 2739 3375 2773 ι
3403 2721 3518 2784 Ἴδε,
3555 2719 3682 2788 ὑγιὴς

2157 2806 2408 2875 γέγονας,
2445 2807 2644 2878 μηκέτι
2688 2808 2987 2881 ἁμάρτανε.
3021 2830 3041 2864 ι
3085 2811 3209 2865 Ἐπὶ
3267 2811 3468 2876 τούτοις
3505 2811 3574 2863 ἔτι
3607 2811 3688 2868 καὶ,

2158 2897 2252 2951 νῦν
2301 2900 2417 2962 τοῖς
2456 2899 2623 2952 είσέτι
2659 2901 2879 2969 ἀγνοίας
2921 2918 2982 2956 τε
3033 2903 3124 2955 καὶ
3173 2903 3434 2976 πονηρίας
3483 2919 3680 2973 κατορω-

2163 2991 2457 3063 ρυγμένοις
2505 2991 2946 3064 ἁνακαλυφθῆναι
3000 2995 3359 3069 προστάττει,
3407 2993 3495 3048 ἆτε
3544 2993 3682 3059 Λόγος

2161 3087 2422 3157 ὑπάρχων
2448 3085 2606 3150 Θεοῦ,
2651 3085 2876 3158 καρδίας
2905 3103 2962 3139 τε
2989 3085 3196 3151 ἐτάζων
3241 3088 3335 3141 καὶ
3359 3087 3582 3158 νεφροὺς,
3605 3084 3677 3136 καὶ

2161 3178 2407 3252 κριτικὸς
2433 3177 2780 3250 ἐνθυμήσεων
2805 3178 2898 3232 καὶ
2921 3178 3138 3232 ἐννοιῶν
3163 3179 3408 3252 καρδίας.
3433 3179 3537 3231 Ἵνα
3557 3177 3603 3230 δὲ
3621 3175 3678 3238 ὡς

2160 3271 2239 3324 ἔνι
2299 3270 2536 3342 μάλιστα
2585 3271 2861 3341 συντόμως
2905 3271 3326 3344 διαδράμωμεν,
3374 3270 3462 3325 καὶ
3495 3269 3554 3322 τὰ
3594 3267 3676 3338 πρὸ

2157 3360 2362 3415 τούτων
2400 3359 2800 3434 ἐφαρμόζοντες
2827 3365 2940 3427 τοῖς
2969 3364 3099 3435 περὶ
3133 3363 3372 3437 Χριστοῦ
3397 3359 3675 3432 λεγομένοις.

2158 3451 2522 3516 ἀναλαϐόντες
2565 3451 2623 3519 ἐξ
2669 3453 2920 3524 ὑπαρχῆς
2957 3455 3054 3507 καὶ
3095 3455 3192 3525 τὴν
3232 3454 3431 3508 τούτων
3471 3453 3676 3506 ὑπόνοιαν

2155 3550 2189 3619 ἡ
2199 3545 2316 3619 μῶν
2335 3545 2699 3618 ἐκθησόμεθα.
2727 3546 2817 3599 Ἐν
2838 3545 3056 3609 πολλοῖς
3075 3544 3138 3616 δὴ
3165 3546 3350 3615 σαφῶς
3367 3545 3440 3615 τῷ
3469 3546 3526 3596 ἐκ
3552 3557 3674 3612 περι-

2155 3643 2336 3714 τομῆς
2387 3639 2502 3712 λαῷ
2572 3625 3011 3712 προσομιλήσας,
3066 3641 3154 3692 ὅτε
3212 3641 3311 3693 καὶ
3353 3637 3408 3706 ἐξ
3463 3635 3674 3706 ὀνόματος

2155 3735 2274 3805 ἤτοι
2322 3733 2412 3788 τὸν
2449 3731 2640 3786 Ἰακὼϐ
2675 3732 2793 3802 ἦτοι
2834 3731 2925 3784 τὸν
2959 3729 3169 3803 Ἰσραὴλ
3212 3729 3543 3784 ἀνακαλεῖται
3565 3766 3577 3790 ,
3603 3723 3672 3776 ἐπὶ

2154 3825 2248 3879 τοῦ
2279 3825 2548 3898 παρόντος
2569 3823 2630 3878 οὑ
2681 3823 2816 3894 πρὸς
2841 3823 3085 3885 ἐκείνους
3127 3825 3361 3874 ποιεῖται
3392 3821 3484 3891 τὴν
3509 3831 3673 3888 «post;-

2153 3915 2322 3982 τείαν,
2361 3915 2497 3969 ἀλλὰ
2523 3913 2634 3986 γὰρ
2683 3915 2878 3986 νήσους
2909 3913 3002 3968 καὶ
3035 3911 3159 3983 ἔθνη
3186 3915 3280 3966 ἐπὶ
3331 3911 3422 3984 τὴν
3463 3907 3670 3980 ἀκρόασιν

2153 4009 2261 4064 τῶν
2293 4005 2712 4078 λεχθη’σδμένων
2745 4004 3082 4076 παρακαλεῖ·
3124 4007 3218 4060 καὶ
3266 4007 3378 4059 ἔστι
3403 4021 3464 4073 γε
3488 3995 3670 4054 ἐνταῦθα

2152 4106 2186 4175 ή
2213 4103 2502 4174 ὑπόσχεσις
2533 4099 2626 4154 τοῦ
2655 4099 2862 4171 Κυρίου
2906 4098 3172 4169 λεγομένη
3211 4096 3453 4170 περὶτῆς
3475 4093 3670 4163 κλήσεως

2151 4193 2262 4248 τῶν
2303 4195 2564 4268 πρότερον
2623 4191 2866 4245 ἀπίστων
2916 4191 3092 4262 πάντη
3149 4191 3244 4244 καὶ
3290 4187 3554 4258 ἀλλοτρίων

2154 4265 2680 4350 θεοσεϐείαςέθνῶν,
2710 4275 2786 4337 ὧν
2815 4285 2873 4336 ἐν
2907 4283 3061 4356 μέρει
3088 4283 3332 4337 νοοῦνται
3366 4281 3453 4334 καὶ
3475 4279 3522 4330 al
3547 4265 3666 4341 λενόῖ

2159 4397 2318 4452 μεναι
2350 4379 2526 4450 νῆσοι,
2549 4377 2721 4448 ψυχαὶ
2749 4377 2871 4430 ὅσαι
2901 4376 2963 4429 τὸ
2985 4377 3150 4430 πάλαι
3173 4373 3430 4449 πρότερόν
3453 4387 3557 4424 τινα
3576 4363 3668 4436 τρό-

2153 4489 2252 4526 πον
2276 4472 2381 4525 ὑπὺ
2421 4469 2721 4524 θαλαττίων
2747 4467 2856 4521 τῶν
2879 4467 3018 4522 κατὰ
3039 4467 3128 4520 τὸν
3157 4469 3270 4539 βίον
3297 4459 3570 4539 τρικυμιῶν
3598 4453 3666 4530 καὶ

469 4558 696 4616 vocabis
721 4575 920 4616 nomen
947 4561 1068 4632 ejus
1089 4559 1276 4617 Jesum
1297 4582 1311 4618 :
1336 4562 1452 4633 ipse
1473 4564 1617 4618 enim
1640 4563 1852 4618 salvum
1884 4561 2046 4618 faciet

2158 4559 2258 4614 τῶν
2309 4557 2456 4628 κατὰ,
2491 4558 2590 4638 τῆς
2634 4557 2830 4620 κακίας
2883 4555 3286 4628 ἁλμυρωτάτων
3336 4548 3670 4638 κατεκλύζοντο

471 4651 733 4722 populum
783 4666 941 4706 suum
967 4653 1006 4706 ⁸.
1034 4671 1052 4704 ι
1105 4653 1412 4724 Adjicitque
1453 4655 1508 4710 in
1551 4654 1834 4726 prOphetia
1869 4674 1884 4711 :
1923 4677 1940 4707 ι
1979 4654 2046 4708 Et

2158 4651 2456 4724 ῥευμάτων.
2510 4634 2646 4718 Τίνα
2693 4647 2787 4704 οὖν
2827 4650 3030 4712 ταύτας
3071 4650 3099 4702 ὁ
3141 4649 3343 4720 Κύριος
3383 4645 3524 4705 αὐτὸς
3567 4634 3666 4704 ’περἱ

469 4743 656 4812 posuit
681 4759 745 4802 os
778 4759 956 4799 meum
999 4746 1159 4822 quasi
1199 4746 1439 4817 gladium
1471 4753 1690 4802 acutum
1717 4763 1732 4812 ;
1765 4767 1784 4798 ι
1823 4763 2048 4804 rursus-

471 4851 579 4904 que
609 4852 630 4894 :
674 4854 694 4887 ι
731 4835 919 4896 Posuit
953 4852 1041 4892 me
1091 4837 1248 4906 quasi
1284 4839 1535 4910 sagittam
1594 4840 1848 4896 electam.
1907 4859 1926 4892 ι
1979 4872 2049 4882 --

476 4946 494 4976 ι
531 4925 769 4984 Verbum
805 4929 950 4983 enim
995 4927 1206 4983 Domini
1238 4938 1322 4983 est
1347 4927 1534 4984 eﬂicax
1570 4937 1622 4983 ct
1659 4929 2048 4998 penetrabilius

469 5019 622 5074 omni
657 5019 838 5091 gladio
870 5021 1116 5093 ancipiti,
1146 5030 1199 5076 et
1231 5023 1549 5093 pertingens,
1593 5036 1766 5092 usque
1815 5022 1882 5076 ad
1911 5021 2051 5076 divi-

471 5111 682 5168 sionem
715 5117 910 5169 animae
957 5129 1021 5169 ac
1075 5115 1300 5186 spiritus
1321 5115 1365 5179 ⁵,
1411 5135 1429 5166 ι
1469 5123 1528 5169 ut
1561 5113 1781 5170 divinus
1809 5117 2046 5171 ostendit

471 5202 793 5274 Apostolus.
845 5203 967 5261 Haec
996 5221 1213 5284 quoque
1247 5207 1350 5277 ipsi
1387 5207 1489 5262 soli
1530 5207 1811 5287 aptissime
1850 5222 2047 5263 conve-

470 5295 652 5359 niunt,
678 5295 956 5351 obcdlenti
983 5295 1126 5352 facto
1151 5297 1297 5352 Patri
1325 5314 1496 5368 usque
1529 5297 1596 5352 ad
1621 5305 1875 5362 mortem,
1906 5297 2049 5354 scili-

469 5395 594 5442 cet:
631 5407 650 5440 ι
699 5387 906 5444 Servus
936 5403 1090 5446 meus
1119 5405 1180 5444 es
1227 5377 1319 5454 tu,
1363 5390 1554 5454 lsrael,
1587 5397 1641 5446 et
1674 5391 1730 5445 in
1761 5397 1816 5446 te
1849 5391 2048 5460 gloria-

472 5479 593 5536 bor.
635 5499 653 5532 ι
696 5479 834 5534 illud
857 5497 1022 5538 vero:
1062 5501 1080 5535 ι
1123 5481 1184 5536 Et
1216 5497 1317 5554 ego
1354 5481 1504 5538 dixi:
1539 5481 1596 5537 ln
1621 5497 1852 5538 vacuum
1896 5483 2046 5536 labo-

472 5571 613 5636 ravi,
656 5591 673 5622 ι
707 5583 760 5628 et
787 5589 908 5644 quae
943 5585 1270 5648 sequuntur,
1303 5575 1369 5630 ad
1405 5573 1742 5632 Salvatorem
1773 5585 2042 5647 spectant,

473 5673 698 5735 propter
735 5667 1063 5734 paucitatem
1096 5683 1285 5723 eorum
1321 5667 1414 5738 qui
1454 5669 1758 5730 secundum
1795 5667 2042 5740 Evangee

549 5837 568 5872 ⁸
593 5835 742 5895 Psal.
773 5855 832 5906 ιι,
865 5839 918 5898 8.
998 5843 1017 5872 ’
1038 5841 1194 5900 Joan.
1229 5857 1304 5910 ιιι,
1333 5841 1422 5899 45.
1505 5843 1524 5874 ⁸
1546 5841 1702 5900 Joan.
1731 5861 1782 5912 v,
1809 5843 1895 5900 Η.

2151 4743 2343 4798 ἐαυτοῦ
2370 4743 2608 4798 διδάσκει
2649 4743 3036 4818 κατανοητέον·
3061 4761 3081 4792 ι
3118 4741 3213 4795 Ἐκ
3253 4739 3469 4802 κοιλίας,
3499 4755 3514 4787 ι
3545 4727 3662 4818 φησι.

2159 4856 2176 4888 ι
2204 4837 2412 4908 μητρός
2441 4853 2544 4908 μου
2585 4817 2810 4892 ἐκάλεσε
2839 4835 2900 4889 τὺ
2943 4833 3114 4904 θνομά
3144 4851 3273 4905 μου·
3303 4853 3322 4886 ι
3348 4833 3375 4886 ὃ
3410 4827 3494 4883 καὶ
3519 4817 3662 4890 σαφῶς

2153 4930 2245 4982 ἐπί
2266 4927 2358 4982 τοῦ
2386 4926 2622 5001 Χριστοῦ
2641 4945 2654 4958 ·
2677 4925 2844 4981 αὐτοῦ
2872 4926 2980 4998 γάρ
3004 4943 3085 4980 τοι
3105 4925 3447 4996 τυγχάνουσιν
3466 4918 3508 4971 οἱ
3529 4913 3660 4980 λόγοιν

2152 5021 2246 5087 οὓς
2289 5024 2353 5075 ὲκ
2385 5023 2482 5094 τῆς
2521 5021 2614 5075 τοῦ
2672 5015 3004 5095 Εὐαγγελίου
3033 5019 3251 5090 γραφῆς
3306 5011 3656 5089 μεμαθήκαμεν.

2163 5113 2471 5182 Ἀγνοοῦντι
2501 5113 2610 5185 γὰρ
2641 5113 2720 5184 τῷ
2755 5112 2952 5184 Ἰωσὴφ
2983 5111 3111 5182 περὶ
3149 5107 3248 5182 τῆς
3283 5105 3556 5178 συλλήψεως
3583 5095 3660 5190 iiii

2149 5207 2368 5279 Μαρίας
2403 5205 2628 5270 ἐπιστάς
2651 5208 2679 5258 ὁ
2694 5203 2952 5276 Γαϐριὴλ,
2976 5203 3218 5265 διάκονος
3237 5203 3312 5256 ὣν
3335 5199 3421 5254 τοῦ
3445 5199 3657 5279 corpus?"

2151 5275 2312 5371 βουλή
2323 5315 2510 5370 ματος,
2546 5299 2663 5352 κατ’
2692 5275 2824 5370 ὄναρ
2867 5275 2988 5351 εἷπε
3017 5295 3132 5367 μεθ’
3157 5295 3319 5367 ἕτερα
3350 5293 3433 5346 καὶ
3455 5285 3524 5340 τ6’
3551 5275 3656 5379 «Τέ-

2152 5393 2298 5458 ξεται
2327 5392 2384 5446 δέ
2410 5393 2546 5456 υἱὸν,
2589 5393 2684 5446 καὶ
2711 5389 2962 5453 καλέσεις
2987 5389 3048 5441 τὸ
3077 5387 3265 5459 θνομα
3287 5381 3435 5456 αὑτοῦ
3465 5379 3654 5472 ’ίηςουνξ

2149 5487 2314 5550 αὐτὸς
2344 5485 2454 5558 γὰρ
2495 5483 2657 5538 σώσει
2677 5483 2769 5536 τὸν
2800 5483 2930 5537 λαὸν
2963 5481 3157 5535 αὐτοῦ·
3185 5499 3204 5534 ι
3227 5478 3455 5548 ἐπιφέρει
3478 5470 3515 5522 δ’
3539 5467 3585 5538 ἐν

2151 5577 2460 5649 προφητείᾳ
2491 5576 2686 5644 λέγων.
2713 5577 2796 5630 δτι
2843 5595 2861 5626 ‘
2891 5575 3004 5630 καὶ
3028 5573 3189 5646 ἔθηκε
3221 5573 3281 5626 τὸ
3307 5567 3462 5638 στόμα
3491 5563 3656 5649 PDE.“

2155 5639 2633 5738 μάχαιραν-ὀξεῖαν
2651 5683 2665 5696 ο
2703 5685 2720 5717 ι
2757 5665 2852 5720 καὶ
2881 5663 3070 5719 πάλιντ
3150 5661 3348 5734 Ἔθηκέ
3373 5673 3432 5730 με
3456 5650 3518 5713 ὡς
3537 5639 3651 5718 βέλθί

1993 5843 2012 5876 ³
2037 5843 2223 5900 Matth.
2265 5859 2302 5909 ι,
2335 5842 2424 5902 21.
2459 5845 2525 5890 ‘--.'
2556 5841 2718 5898 Henr.
2765 5859 2837 5910 tv,
2869 5841 2933 5900 12
