3974 6498
222 405 376 464 1237

1263 401 1561 460 ECLOGA]
1600 399 2082 457 PROPHETlCE.
2122 432 2189 440 —
2227 400 2350 460 LIB.
2396 401 2488 460 Π.

3347 401 3483 465 ίίὖά

221 527 513 583 ἐκλεκτόν.
536 545 655 579 ι-ι
679 527 737 581 '0
754 526 860 599 γάρ
886 526 1054 595 Λόγος
1075 524 1208 578 θεοῦ
1236 527 1494 595 τυγχάνει
1517 523 1764 593 ἐνεργὴς,
1786 540 1804 573 ι

1941 521 2042 575 ium
2066 520 2190 591 ejus
2218 522 2423 576 vivunt.
2457 520 2785 591 thuoniam
2822 540 2839 574 ι
2865 537 2972 577 non
2988 526 3131 578 venlt
3154 500 3256 576 nim
3274 534 3347 574 ao
3367 532 3482 588 pcr-

222 622 358 675 ιστι
395 638 413 672 ι
446 622 541 674 καὶ
566 618 876 691 τομώτερος
894 618 1033 689 ὑπὲρ
1069 620 1245 670 πᾶσαν
1272 616 1544 689 μάχαιραν
1569 613 1815 683 δίστομον

222 710 606 783 διικνούμενος
640 711 770 782 ἄχρι
800 708 1070 781 μερισμοῦ
1101 708 1279 778 ψυχῆς
1305 706 1402 759 καὶ
1431 703 1762 774 πνεύματος,
1789 721 1806 754 ι

1923 612 2063 668 ditas
2102 629 2231 669 oves
2274 612 2469 667 domus
2501 613 2687 677 lsrael,
2729 632 2748 666 ι
2788 622 2932 668 recte
2956 620 3279 668 memoratur
3302 610 3483 681 praeci-

1922 718 2024 771 pue
2079 702 2134 756 in
2178 702 2439 756 mundum
2497 702 2713 758 venisse
2747 722 2763 754 ι
2808 702 2876 755 ad
2936 702 3285 758 suscitandas
3316 700 3487 754 tribu!

221 805 311 870 ὼς
342 807 370 858 ό
398 803 681 867 Θεσπέσιος
694 801 930 868 ἐδίδαξεν
947 800 1287 863 ’Λπόστολος.
1304 796 1661 866 Εὐλογώτατα
1685 796 1728 849 δ’
1753 794 1818 849 ἂν

1941 795 2089 866 Ιεωυι)
2121 804 2175 852 et
2226 795 2386 851 faeces
2433 796 2596 852 lsrael
2643 796 3057 852 convertendas.
3107 815 3138 847 ι.
3162 795 3293 849 Dein
3323 834 3337 858 ,
3364 809 3486 849 cum

222 898 388 969 αὐτῷ
418 898 563 969 μόνῳ
594 896 810 968 λεχθείη
851 895 1077 966 ὑπηκόῳ
1106 893 1380 965 γενομένῳ
1407 892 1483 963 τῷ
1512 890 1685 962 Πατρὶ
1725 889 1819 960 μέ-

224 1006 330 1062 χρι
360 991 455 1045 καὶ
477 990 704 1043 Θανάτου
730 988 809 1041 τό’
855 1005 873 1039 ι
893 986 1086 1050 Δοῦλός
1118 1003 1217 1057 μου
1259 980 1307 1038 εἷ
1335 986 1421 1048 σὺ,
1450 982 1696 1054 Ἰσραὴλ,
1726 980 1821 1033 καὶ

225 1086 293 1137 ἐν
350 1083 434 1136 σοί
482 1080 973 1152 ἐνδοξασθήσομαι·
1026 1098 1045 1129 ι
1075 1078 1135 1131 τὸ
1166 1077 1256 1131 δέ’
1296 1096 1314 1128 ι
1350 1077 1460 1129 Καὶ
1491 1074 1601 1144 ἐγὼ
1654 1069 1817 1127 εἶπα·

225 1176 431 1239 Κενῶς
462 1174 730 1230 ἐκοπίασα
750 1214 765 1238 ,
800 1194 819 1226 ι
855 1176 948 1228 καὶ
978 1174 1047 1228 τά
1078 1173 1227 1244 ἐξῆς,
1266 1170 1463 1241 λέγοιτ’
1504 1169 1572 1223 ἂν
1596 1167 1701 1221 ὑπὸ
1725 1165 1820 1220 τοῦ

226 1267 496 1339 Σωτῆρος
544 1267 629 1321 διὰ
670 1267 730 1320 τὸ
777 1267 1001 1320 σπάνιον
1043 1266 1152 1318 τῶν
1197 1262 1344 1318 κατὰ
1393 1263 1455 1316 τὸ
1495 1259 1823 1329 Εὐαγγέλιον

230 1358 409 1414 αὐτοῦ
447 1357 725 1428 βιούντων.
761 1357 873 1411 Καὶ
919 1356 1227 1430 ἐπειδήπερ
1258 1373 1276 1406 ι
1299 1358 1401 1409 οὐκ
1454 1349 1619 1423 ἦλθεν
1668 1353 1714 1403 εἰ
1750 1351 1823 1422 μὴ

228 1454 320 1515 είς
349 1450 419 1503 τά
450 1449 699 1521 πρόϐατα
723 1449 793 1502 τὰ
819 1447 1136 1504 ἀπολωλότα
1163 1447 1312 1501 οἴκου
1346 1444 1579 1516 Ἰσραὴλ,
1605 1463 1622 1495 ι
1646 1441 1825 1504 καλῶς

231 1540 670 1615 προηγουμένως
721 1541 818 1612 μὲν
878 1540 1096 1609 λέγεται
1153 1534 1641 1608 ἐπιδεδημηκέναι,
1683 1531 1823 1585 «τοῦ

232 1634 442 1704 στῆσαι
474 1632 574 1697 τάς
621 1632 792 1702 φυλὰς
842 1630 1067 1695 Ἰακὼϐ,
1118 1630 1213 1684 καὶ
1254 1630 1351 1699 τὴν
1400 1625 1698 1699 διασπορὰν
1732 1622 1825 1676 τοῦ

246 1726 475 1799 Ἰσραὴλ
505 1725 865 1797 ἐπιστρέψαιο
893 1743 913 1776 ι
948 1724 1227 1793 ἑπομένως
1256 1721 1335 1787 δὲ,
1362 1719 1450 1773 διὰ
1468 1718 1528 1772 τὸ
1553 1717 1627 1790 μὴ
1654 1733 1829 1787 παρα-

231 1816 498 1883 δέξασθαι
530 1815 691 1869 αύτὸν
738 1816 863 1878 τοὺς
896 1813 955 1879 ἐξ
991 1813 1213 1867 ἐκείνων
1252 1812 1481 1874 πάντας,
1511 1809 1829 1879 ἐπιφέρεται

1926 889 2069 943 inter
2099 889 2234 944 istos
2284 902 2475 943 omnes
2528 903 2636 942 non
2688 904 2813 943 eum
2869 888 3229 958 accepissent,
3271 884 3490 953 subjicit

1925 981 2082 1050 quasi
2115 980 2180 1034 ad
2212 981 2450 1051 seipsum
2481 998 2494 1034 :
2537 997 2555 1030 ι
2602 978 2741 1034 Ecce
2771 978 2891 1033 dedi
2950 988 3002 1033 te
3044 978 3098 1031 in
3152 976 3327 1030 lucem
3362 987 3491 1043 gen-

1924 1074 2084 1137 tium,
2111 1081 2169 1127 ut
2201 1073 2279 1128 sis
2307 1073 2457 1128 salus
2492 1085 2611 1127 mea
2638 1086 2810 1141 usque
2843 1069 2911 1124 ad
2940 1078 3243 1126 extremum
3279 1076 3486 1121 ternm.»

1928 1166 2089 1221 Jubct
2117 1181 2216 1223 nos
2252 1174 2373 1238 post
2395 1167 2509 1222 ιιωο
2543 1166 2810 1222 Dominus
2848 1164 2991 1219 Deus
3016 1174 3068 1219 et
3098 1162 3278 1226 Pater,
3306 1160 3399 1232 qui
3423 1160 3495 1212 li-

1928 1257 2132 1312 beravit
2165 1273 2290 1313 eum
2315 1258 2383 1313 ab
2418 1260 2674 1314 omnibus
2708 1259 2757 1313 ei
2786 1254 3225 1317 adversantibus,
3257 1249 3495 1307 sanctifi-

1927 1363 2052 1403 care
2104 1365 2250 1413 eum,
2305 1348 2532 1403 dicens:
2570 1369 2588 1400 ι
2629 1348 2979 1403 Sanctificate
3022 1347 3113 1416 qui
3167 1343 3316 1413 parvi
3368 1339 3495 1395 fecit

1932 1440 2168 1495 animam
2196 1456 2371 1497 suam.
2406 1460 2424 1492 ι
2462 1440 2561 1495 llic
2590 1441 2737 1497 enim
2792 1454 2955 1510 quam
3017 1437 3298 1491 verissime
3343 1431 3494 1504 parvi

1930 1533 2084 1587 duxit
2132 1534 2369 1589 animam
2426 1548 2602 1597 suam,
2638 1551 2656 1583 ι
2690 1532 3010 1588 exinaniens
3050 1530 3497 1598 semetipsum,et

1938 1626 2118 1681 fat-tus
2164 1640 2264 1695 pro
2314 1624 2475 1679 nobis
2532 1621 2913 1688 maledictum;
2947 1630 2998 1675 et
3050 1626 3270 1689 peccata
3311 1625 3497 1673 nostra

1932 1717 2249 1788 suscipiens
2284 1716 2594 1772 bumiliavit
2642 1714 2995 1785 semetipsum
3045 1726 3216 1781 usque
3260 1710 3327 1764 ad
3354 1725 3499 1764 mor-

1930 1821 2080 1875 tem,
2119 1820 2345 1865 mortem
2414 1817 2595 1864 autem
2657 1807 2839 1862 crucis
2880 1807 2919 1858 ί.
2960 1824 2977 1857 ι
3040 1803 3200 1858 Addit
3269 1801 3498 1869 deinde,

232 1910 321 1974 ὡς
344 1908 481 1980 πρὸς
508 1907 688 1961 αὐτόν·
724 1925 743 1957 ι
790 1906 919 1959 Ἰδοὺ
945 1905 1162 1959 τέθεικά
1193 1921 1252 1956 σε
1281 1905 1359 1967 εἰς
1380 1901 1494 1972 φῶς
1517 1898 1704 1962 ἐθνῶν,
1726 1897 1819 1951 τοῦ

1941 1922 1945 1954 ι
1996 1917 2156 1972 qucm
2192 1901 2586 1956 abominantur
2612 1904 2821 1969 gentes,
2854 1897 2995 1953 servi
3025 1895 3436 1951 dominantium.
3477 1912 3495 1944 ι

233 1999 386 2059 εἷναί
418 2018 479 2055 σε
511 2003 590 2064 είς
618 1999 891 2070 σωτηρίαν
922 1998 1028 2062 ἕως
1066 1997 1294 2068 ἐσχάτου
1326 1995 1428 2065 τῆς
1453 1993 1573 2063 γῆς.
1599 2012 1616 2043 ι
1649 1992 1823 2062 Προσ-

232 2098 429 2152 τάττει
457 2095 512 2148 δὲ
540 2096 670 2166 ἡμῖν
704 2091 838 2164 μετὰ
869 2091 1041 2146 ταῦτα
1064 2091 1267 2162 Κύριος
1286 2090 1313 2141 ὁ
1339 2088 1469 2150 Θεὸς
1491 2086 1584 2138 καὶ
1611 2084 1820 2154 Πατὴρν

232 2190 265 2243 ὀ
307 2187 613 2260 ῥυσάμενος
644 2183 807 2238 αὐτὸν
838 2183 943 2237 ἀπὸ
974 2182 1188 2236 πάντων
1220 2180 1329 2233 τῶν
1357 2175 1823 2247 ἐπισυναχθέντων

233 2281 365 2334 κατ’
407 2278 595 2343 αὑτοῦ,
633 2277 876 2346 ἀγιάζειν
904 2275 1088 2338 αὐτὴν,
1120 2273 1294 2342 λέγων
1316 2289 1329 2301 ·
1354 2289 1372 2321 ι
1412 2269 1702 2338 Ἀγιάσατε
1734 2267 1826 2320 τὸν

235 2371 574 2441 φαυλίζοντοι
601 2373 700 2444 τὴν
742 2372 917 2442 ψυχὴν
949 2369 1112 2425 αὑτοῦ
1139 2386 1152 2401 ⁸
1182 2363 1334 2431 οὗτος
1364 2366 1473 2438 γὰρ
1500 2366 1575 2430 ὡς
1613 2362 1827 2436 άληθῶς

233 2464 505 2533 ἐφαύλισε
531 2464 628 2536 τὴν
665 2465 840 2536 ψυχὴν
885 2460 1101 2528 ἑαυτοῦ,
1142 2479 1161 2513 ι
1189 2459 1431 2523 κενώσας
1464 2457 1690 2521 ἐαυτὸν,
1733 2456 1827 2508 καὶ

233 2557 536 2628 γενόμενος
560 2557 701 2628 ὑπὲρ
731 2556 886 2627 ἡμῶν
914 2555 1155 2626 κατάρα·
1182 2552 1277 2608 καὶ
1300 2553 1398 2616 τὰς
1426 2551 1697 2622 ἁμαρτίας
1728 2547 1828 2611 τὰς

235 2650 522 2722 ἡμετέρας
564 2649 870 2712 ἀναλαϐὼν,
900 2647 1160 2718 αἰσχύνης
1188 2662 1251 2715 γε
1286 2644 1446 2717 μέχρι
1474 2641 1704 2696 Θανάτου
1734 2639 1828 2693 καὶ

237 2744 482 2797 Θανάτου
518 2740 751 2815 σταυροῦ
783 2742 1218 2813 καταφρονήσας.
1251 2758 1269 2791 ι
1313 2737 1464 2792 Μετὰ
1489 2734 1665 2790 ταῦτά
1693 2749 1825 2804 φησι

234 2833 340 2888 τδν
373 2853 391 2885 ι
417 2834 839 2906 βδελυσσόμενον
884 2834 989 2886 ὑπὸ
1020 2834 1128 2886 τῶν
1156 2830 1325 2885 ἐθνῶν
1355 2828 1461 2881 τῶν
1486 2826 1685 2879 δούλων
1722 2822 1829 2876 τῶν

238 2928 524 3000 ἀρχόντων
543 2945 555 2958 ·
574 2948 592 2980 ι
628 2929 724 2982 καὶ
751 2926 814 2998 δὴ
844 2926 1015 2996 σαφὲς
1049 2926 1195 2987 ὅπως
1241 2924 1288 2976 οἱ
1318 2924 1431 2985 τοῖς
1475 2919 1702 2991 ἄρχουσι
1736 2912 1832 2968 τοῦ

238 3020 453 3083 αἰῶνος
472 3020 659 3073 τούτου
688 3018 1072 3089 δεδουλωμένοι
1100 3016 1159 3069 ού
1191 3015 1351 3086 μόνον
1380 3013 1442 3083 (Ῑ.
1462 3012 1550 3083 55)
1578 3009 1716 3064 κατά
1741 3006 1833 3060 τὸν

1933 1990 2284 2048 Manifestum
2311 1991 2509 2061 quippe
2536 1997 2618 2045 est
2643 1988 2787 2059 quod
2817 1987 2980 2057 hujus
3014 1985 3199 2041 διορυιί
3243 1983 3505 2054 principi-

1933 2085 2036 2139 bus
2070 2083 2394 2146 servientes,
2432 2096 2541 2136 non
2574 2088 2782 2134 tantum
2822 2079 2876 2133 in
2912 2076 3185 2149 passionis
3219 2075 3339 2145 ejus
3367 2084 3504 2129 tem-

1935 2191 2066 2247 pore
2100 2174 2499 2230 maledixerunt
2550 2172 2600 2229 ei
2646 2172 2921 2226 dicentes:
2963 2188 2981 2221 ι
3019 2167 3212 2223 Gravis
3230 2176 3314 2223 est
3348 2167 3504 2222 nobis

1933 2268 2097 2324 etiam
2150 2266 2217 2320 ad
2276 2264 2569 2320 videndum
2596 2267 2639 2329 ',
2671 2282 2690 2315 ι
2726 2262 2821 2318 sed
2859 2268 2913 2316 et
2959 2275 3107 2316 nunc
3151 2259 3500 2323 maledicunt,

1934 2359 2056 2427 ejus
2088 2356 2355 2411 doctrina:
2382 2353 2657 2409 obsistere
2697 2358 2981 2405 conantes.
3014 2346 3171 2402 liunc
3214 2344 3379 2417 igitur
3398 2342 3504 2398 Do-

1934 2450 2115 2503 minus
2170 2445 2519 2502 sanctificarc
2569 2442 2744 2513 jubet,
2777 2441 3092 2513 praeclaram
3119 2439 3236 2509 ejus
3268 2451 3506 2507 praesen-

1933 2541 2062 2593 tiam
2095 2538 2491 2609 praenuntiatus.
2536 2535 2692 2602 Quod
2731 2544 2914 2589 autem
2952 2532 3019 2588 de
3069 2532 3307 2603 gentium
3343 2542 3505 2583 voca,-

1934 2633 2082 2688 tione
2108 2630 2499 2702 prOphetizans
2538 2643 2719 2683 sermo
2776 2627 2987 2697 reliqua
3040 2623 3249 2696 profert
3277 2621 3509 2693 propino,-

1934 2725 2042 2788 tiaa,
2092 2724 2160 2777 ab
2192 2722 2278 2776 his
2306 2720 2528 2776 verbis:
2569 2740 2588 2771 ‹
2634 2717 2767 2774 Dedi
2793 2725 2845 2772 te
2880 2718 2937 2772 in
2969 2715 3148 2775 fmdus
3182 2713 3443 2785 gentium,
3482 2729 3503 2763 ι

1936 2824 1990 2872 et
2019 2832 2140 2886 quae
2163 2824 2490 2884 sequuntur,
2522 2826 2644 2883 qua:
2680 2809 2901 2881 quidem
2941 2807 3121 2867 fusius
3156 2805 3508 2876 investigare,

1939 2924 2063 2964 cum
2105 2907 2280 2977 magis
2324 2904 2687 2976 spiritualiter
2715 2900 3169 2972 etjuxtasolam
3206 2897 3514 2968 intelligen-

1941 3002 2071 3056 tiam
2102 3000 2246 3055 dicta
2278 2999 2411 3062 sint,
2436 3012 2546 3051 non
2572 2995 2863 3067 praesentis
2880 2994 3062 3065 operis
3090 2998 3194 3048 est.

242 3116 441 3187 καιρὸν
466 3114 558 3168 τοῦ
604 3116 807 3179 πάθους
832 3087 995 3170 αύτοῦ
1030 3111 1381 3177 ἐϐδελύξαντο
1419 3110 1580 3164 αὑτὸν
1618 3106 1897 3168 είπόντεςι
1926 3099 2081 3153 (Καὶ
2114 3097 2284 3168 βαρὺς
2308 3098 2439 3168 ἡμῖν
2464 3096 2579 3148 ἐστι
2612 3094 2704 3147 καὶ
2736 3091 3084 3163 βλεπόμενος,
3118 3112 3135 3143 ι
3171 3088 3282 3143 ἀλλ’
3312 3087 3389 3140 ἐτι
3423 3087 3515 3141 καὶ

242 3209 346 3264 νῦν
382 3210 776 3281 βδελύσσονται,
808 3211 1129 3282 ἀνατρέπειν
1158 3208 1321 3262 αὑτοῦ
1368 3206 1466 3279 τὴν
1499 3202 1845 3259 διδασκαλίαν
1868 3194 2218 3270 πειρώμενοι.
2248 3193 2447 3247 Τοῦτον
2476 3187 2568 3246 οὖν
2597 3192 2625 3244 ό
2656 3188 2860 3258 Κύριος
2894 3186 3140 3256 ἀγιάζειν
3169 3186 3513 3258 προστάττει⁹

242 3308 351 3377 τὴν
373 3279 580 3369 ένδοξον
610 3306 773 3360 αὐτοῦ
808 3279 1107 3379 παρουσίαν
1139 3303 1687 3378 προσημαίνων.”’οτι
1711 3299 1767 3352 δὲ
1797 3296 1924 3368 περὶ
1948 3294 2044 3364 τῆς
2065 3291 2123 3358 ἐξ
2152 3289 2321 3344 ἐθνῶν
2352 3290 2597 3359 κλήσεως
2620 3285 2999 3348 προθεσπίζων
3029 3285 3057 3336 ό
3075 3284 3232 3353 λόγος
3263 3283 3361 3351 τὴν
3390 3279 3515 3349 ἑξῆς

246 3370 502 3469 ἐπιφέρει
533 3370 1012 3472 προφητείανίτὴν
1036 3400 1142 3453 ἀπὸ
1170 3370 1284 3453 τοῦ·
1370 3395 1588 3450 Ἐδωκά
1618 3410 1677 3447 σε
1709 3393 1787 3455 εἰς
1806 3390 2069 3459 διαθήκην
2101 3382 2292 3445 ἐθνῶν,
2324 3401 2342 3434 ι
2370 3383 2464 3435 καὶ
2482 3380 2549 3434 τά
2576 3380 2723 3451 έξῆς,
2746 3382 2888 3451 άπερ
2914 3375 3189 3430 ἐπιπλεῖον
3212 3370 3515 3444 βασανίζειν

250 3494 744 3570 πνευματικώτερα
766 3497 914 3562 ὄντα,
938 3508 1032 3550 καί
1058 3496 1197 3551 κατὰ
1231 3496 1398 3567 μόνην
1424 3493 1660 3548 διάνοιαν
1685 3485 2067 3557 ἀποδιδόμενα,
2104 3480 2164 3533 ού
2196 3481 2296 3553 τῆς
2325 3478 2606 3550 παρούσης
2638 3476 3018 3549 πραγματείας
3051 3471 3326 3541 τυγχάνει.

773 3613 1169 3667 ΚΕΦΑΛΑΙΟΝ
1192 3613 1314 3671 ΚΕ⁰.

333 3726 353 3758 ι
391 3704 574 3770 Οὕτως
604 3704 750 3775 λέγει
781 3705 984 3777 Κύριος
1009 3724 1021 3736 ·
1060 3706 1215 3758 Ποῖον
1242 3704 1402 3758 τοῦτο
1429 3703 1491 3756 τὸ
1514 3701 1715 3774 βιϐλίον
1742 3698 1835 3753 τοῦ

253 3798 586 3855 ἀποστασίου
612 3799 708 3869 τῆς
730 3798 933 3869 μητρὸς
958 3797 1133 3868 ὑμῶν,
1163 3790 1207 3864 ᾧ
1240 3795 1595 3863 ἐξαπέστειλα
1624 3793 1795 3861 αὑτήν
1821 3809 1835 3857 ;

254 3891 294 3965 ἢ
325 3890 431 3945 τίνι
460 3891 711 3962 ύπόχρεῳ
735 3890 993 3962 πέπρακα
1019 3891 1196 3961 ὑμᾶς;
1242 3889 1371 3943 Ἰδοὺ
1399 3892 1516 3952 ταῖς
1546 3888 1840 3960 ἁμαρτίαις

257 3983 415 4054 ὑμῶν
448 3981 744 4054 ἐπράθητε,
781 3982 873 4036 καὶ
896 3985 1013 4046 ταῖς
1036 3982 1285 4053 ἀνομίαις
1313 3980 1464 4052 ὑμῶν
1489 3978 1843 4046 ἐξαπέστειλα

257 4077 359 4149 τὴν
388 4076 603 4148 μητέρα
624 4075 803 4146 ὑμῶν’
838 4075 972 4128 διότι
997 4072 1180 4146 ἦλθον,
1204 4076 1298 4128 καὶ
1332 4075 1430 4128 οὐκ
1463 4070 1529 4146 ἦν
1559 4072 1843 4144 ἄνθρωπος

257 4168 289 4219 ό
318 4163 609 4218 ὑπακούων
632 4177 647 4192 ⁸
688 4164 762 4235 μὴ
789 4164 893 4218 οὐκ
919 4164 1091 4235 ἰσχύει
1117 4168 1149 4237 ὴ
1176 4166 1297 4237 χείρ
1317 4182 1416 4236 μου
1431 4165 1523 4218 τοῦ
1544 4162 1840 4236 ῥύσασθαι;

255 4259 294 4328 ἢ
332 4258 435 4310 οὐκ
464 4257 637 4327 ἰσχύει
698 4256 790 4309 τοῦ
848 4256 1125 4323 ἐξελέσθαι
1153 4274 1167 4320 ;
1222 4257 1352 4310 Ἰδοὺ
1382 4255 1461 4327 τῷ
1492 4254 1708 4326 ἐλεγμῷ
1742 4273 1843 4325 μου

255 4347 597 4421 δξερημώσω
627 4348 724 4419 τὴν
764 4348 1056 4413 θάλασσαν,
1092 4349 1186 4402 καὶ
1240 4348 1389 4419 θήσω
1422 4348 1698 4418 ποταμοὺς
1727 4347 1848 4418 ἐρή-

262 4459 423 4513 μους,
478 4441 571 4494 καὶ
614 4439 1039 4512 ξηρανθήσονται
1093 4442 1142 4493 οί
1182 4439 1361 4509 ἰχθύες
1416 4438 1597 4492 αὐτῶν
1627 4438 1733 4493 ἀπὸ
1753 4437 1845 4490 τοῦ

264 4532 341 4604 μὴ
371 4529 509 4586 εἶναι
540 4531 705 4603 ὕδωρ,
759 4533 853 4585 καὶ
881 4531 1277 4587 ἀποθανοῦνται
1321 4533 1378 4585 ἐν
1410 4531 1573 4602 δίψει.
1617 4530 1848 4585 Ἐνδύσω

258 4625 353 4677 τὸν
378 4624 605 4695 οὐρανὸν
641 4623 849 4688 σκότος,
884 4625 978 4677 καὶ
1013 4625 1088 4687 ὼς
1122 4625 1322 4679 σάκκον
1354 4623 1502 4694 Θήσω
1534 4622 1594 4675 τὸ
1631 4622 1851 4694 περιϐό-

259 4714 415 4767 λαιον
450 4713 635 4766 αὑτοῦ.
669 4713 869 4785 Κύριος
901 4712 1105 4783 Κύριος
1135 4712 1314 4765 δίδωσί
1348 4730 1434 4783 μοι
1460 4711 1708 4780 γλῶσσαν
1730 4729 1851 4765 παι-

260 4805 435 4870 δείας,
473 4806 567 4859 τοῦ
600 4806 803 4875 γνῶναι
826 4805 985 4877 ἡνίκα
1017 4806 1097 4858 δεῖ
1136 4807 1311 4859 εἰπεῖν
1353 4804 1507 4874 λόγον
1528 4822 1540 4835 °
1574 4805 1735 4875 ἔθηκέ
1761 4821 1850 4875 μοι

264 4900 432 4971 πρωῒ,
458 4898 601 4970 πρωῒ
639 4898 941 4972 προσέθηκέ
992 4914 1080 4964 μοι
1102 4898 1260 4951 ὠτίον
1277 4897 1514 4961 ἀκούειν,
1537 4898 1630 4951 καὶ
1660 4899 1693 4966 ἡ
1725 4915 1850 4949 παι-

261 4992 380 5047 δεία
406 4992 608 5062 Κυρίου
631 4991 834 5061 ἀνοίγει
867 5008 966 5063 μου
995 4990 1065 5043 τὰ
1088 4983 1221 5043 ὦτα.
1260 4987 1400 5057 Ἐγὼ
1416 4989 1472 5042 δὲ
1506 4988 1605 5041 οὐκ
1637 4986 1847 5041 ἀπειθῶ
1881 4972 1921 5026 D

263 5081 389 5146 ούδέ
430 5079 695 5148 ἀντιλέγω
715 5098 728 5110 ο
761 5082 853 5133 τὸν
904 5080 1068 5139 νῶτόν
1114 5098 1213 5150 μου
1243 5079 1417 5132 ἔδωκα
1450 5081 1528 5143 είς
1561 5079 1847 5148 μάστιγας,

262 5171 367 5239 τάς
424 5172 480 5224 δὲ
517 5172 770 5240 σιαγόνας
813 5189 914 5242 μου
949 5175 1026 5237 εἰς
1060 5172 1401 5244 ῥαπίσματα,
1458 5170 1518 5223 τὸ
1574 5170 1629 5223 δὲ
1680 5170 1849 5243 πρόσ-

263 5264 417 5317 ωπόν
438 5281 537 5334 μου
559 5263 657 5317 οὐκ
674 5264 845 5317 ἀπέστ
856 5264 992 5336 ρεψα
1018 5264 1123 5318 ἀπὸ
1140 5264 1399 5335 αἰσχύνης
1421 5263 1843 5335 ἐμπτυσμάτων·

265 5356 363 5411 καὶ
397 5356 600 5428 Κύριος
654 5355 859 5427 Κύριος
888 5357 1076 5428 βοηθός
1126 5374 1226 5429 μου
1256 5355 1482 5427 ἐγενήθη
1514 5373 1525 5385 ·
1573 5354 1659 5407 διὰ
1692 5354 1850 5407 τοῦτο

266 5446 369 5498 οὐκ
393 5444 717 5515 ἐνετράπην,
752 5444 865 5497 ἀλλ’
899 5445 1069 5515 ἔθηκα
1101 5447 1161 5498 τὸ
1189 5445 1476 5517 πρόσωπόν
1508 5462 1608 5514 μου
1632 5444 1707 5506 ὡς
1739 5443 1847 5495 ἐτέ-

272 5553 373 5607 ραν
391 5536 656 5607 (στερεὰν)
677 5537 911 5608 πέτραν·
944 5538 1036 5590 καὶ
1057 5537 1419 5605 ἕγνων,ότιού
1447 5535 1520 5607 μὴ
1548 5533 1841 5605 αίσχυνθῶ,

267 5630 351 5683 ὅτι
385 5626 590 5698 ἐγγίζει
615 5648 705 5699 μοι
729 5633 758 5684 ό
784 5629 1077 5695 δικαιώσας
1106 5649 1172 5702 με
1192 5649 1204 5661 ·
1232 5632 1314 5695 τίς
1336 5632 1363 5684 ό
1390 5630 1703 5704 κρινόμενός
1730 5646 1839 5699 μοις

269 5722 696 5791 ἐγγισάτω.Ιδοὺ
720 5722 920 5792 Κύριος
948 5723 1148 5794 Κύριος
1183 5724 1366 5795 βοηθεί
1401 5739 1507 5794 μοι·
1545 5722 1629 5788 τίς
1661 5720 1845 5776 κακώο

2499 3594 2727 3651 CAPUT
2764 3591 2931 3649 XXV.

2023 3712 2042 3746 ι
2086 3692 2175 3749 Sic
2203 3691 2336 3748 dicit
2364 3688 2627 3745 Dominus
2662 3706 2676 3743 :
2713 3685 2902 3753 Qualis
2923 3692 3007 3739 est
3027 3682 3117 3736 hic
3144 3680 3282 3733 liber
3305 3674 3518 3747 repudii

1944 3792 2140 3852 matris
2188 3793 2406 3849 vestrae,
2434 3799 2545 3855 quo
2592 3780 2777 3835 dimisi
2827 3777 2987 3833 eam?
3019 3777 3124 3828 Aut
3168 3772 3256 3826 cui
3285 3769 3517 3826 debitori

1941 3882 2165 3943 vendidi
2188 3880 2339 3947 vosf?
2363 3875 2503 3930 Ecce
2523 3873 2763 3944 peccatis
2792 3868 2990 3924 vestris
3024 3862 3229 3921 venditi
3265 3860 3421 3927 estis,
3463 3866 3519 3913 et

1946 3972 2331 4049 iniquitatibus
2357 3967 2559 4025 vestris
2593 3964 2752 4022 emisi
2797 3970 3027 4016 matrem
3070 3966 3305 4012 vestram
3342 3966 3520 4022 :quo-

1944 4045 2093 4126 niam
2122 4066 2267 4130 veni,
2295 4072 2346 4120 et
2372 4077 2482 4117 non
2509 4064 2627 4116 erat
2661 4057 2825 4111 homo
2858 4053 2949 4125 qui
2983 4051 3215 4106 audiret.
3262 4045 3519 4116 Nunquid

1948 4178 2058 4218 non
2084 4166 2267 4233 potest
2320 4169 2519 4211 manus
2550 4165 2669 4207 mea
2694 4147 2968 4205 liberare?
2999 4153 3091 4199 aut
3118 4139 3365 4211 nunquid
3410 4152 3518 4192 non

1948 4268 2174 4327 possum
2211 4248 2460 4320 eripere?
2492 4245 2632 4300 Ecce
2660 4244 2713 4298 in
2758 4238 3131 4309 increpatione
3182 4248 3302 4289 mea
3333 4232 3525 4289 deser~

1950 4359 2064 4404 tum
2095 4346 2291 4401 faciam
2318 4356 2467 4396 mare
2500 4352 2733 4409 :ponam
2758 4334 2980 4390 flumina
3007 4332 3064 4386 in
3109 4329 3351 4395 siccum;
3366 4339 3525 4391 com-

1950 4444 2268 4512 putrescent
2320 4434 2500 4505 pisces
2534 4430 2655 4486 sine
2701 4440 2865 4497 aqua,
2892 4430 2948 4479 et
2984 4421 3286 4479 morientur
3312 4416 3371 4471 in
3409 4415 3517 4470 sitv.

1949 4508 2177 4587 induam
2201 4527 2369 4583 caelos
2410 4522 2666 4585 tenebris,
2684 4526 2737 4574 et
2766 4530 2985 4574 saccum
3004 4527 3199 4584 ponam
3219 4508 3527 4577 aperimen-

1951 4634 2063 4679 tum
2092 4634 2304 4676 eorum.
2336 4615 2601 4671 Dominus
2632 4610 2895 4665 Dominus
2938 4605 3087 4661 dedit
3119 4602 3250 4657 mihi
3286 4600 3527 4670 linguam

1951 4714 2311 4776 eruditam,ut
2327 4710 2495 4766 sciam
2513 4719 2796 4777 usquequo
2817 4706 3065 4773 oporteat
3081 4696 3263 4754 dicere
3276 4693 3523 4750 verbum.

1954 4808 2124 4878 Erigit
2153 4802 2332 4867 inane,
2366 4817 2525 4856 mane
2569 4798 2734 4868 erigit
2780 4794 2913 4859 mihi
2962 4806 3174 4858 aurem,
3214 4796 3275 4844 ut
3309 4786 3525 4841 audiam

1954 4900 2115 4972 quasi
2150 4897 2495 4968 magistrum.
2538 4891 2805 4945 Dominus
2841 4887 2985 4943 Deus
3016 4882 3230 4956 aperuit
3264 4881 3397 4936 mihi
3430 4893 3527 4932 au-

1953 5007 2065 5045 rem
2089 5008 2103 5056 ;
2126 5004 2226 5059 ego
2258 4995 2438 5050 autem
2474 5000 2583 5039 non
2603 4992 2895 5037 contumax
2925 4991 3066 5039 sum,
3099 4986 3275 5042 neque
3308 4979 3528 5025 contra-

1953 5083 2125 5137 dico:
2171 5088 2381 5149 tergum
2416 5092 2595 5131 meum
2647 5072 2772 5127 dedi
2810 5071 2865 5124 in
2908 5067 3141 5139 ﬂagella,
3178 5075 3233 5119 et.
3276 5062 3528 5117 maxillas

1952 5188 2104 5227 meas
2125 5173 2177 5225 in
2203 5170 2419 5239 alapas;
2446 5166 2637 5220 faciem
2665 5176 2793 5218 vero
2820 5174 2993 5214 meam
3018 5172 3127 5213 non
3152 5154 3323 5209 averti
3351 5168 3380 5206 a
3402 5167 3530 5223 pro-

1953 5266 2052 5320 bro
2076 5272 2383 5334 sputorum.
2410 5257 2673 5312 Dominus
2696 5254 2838 5309 Deus
2865 5251 3157 5307 auxiliator
3178 5262 3332 5304 meus
3351 5246 3530 5300 factus

1952 5363 2065 5409 est:
2085 5354 2206 5417 ideo
2223 5367 2330 5406 non
2348 5365 2469 5405 sum
2498 5345 2796 5412 confusus;
2824 5344 2945 5399 ideo
2966 5340 3121 5413 posui
3135 5340 3329 5394 faciem
3352 5350 3532 5392 meam

1952 5455 2013 5500 ut
2044 5453 2249 5516 petram
2268 5441 2654 5505 .durissimam,
2679 5446 2733 5492 et
2749 5437 2864 5492 scio
2889 5435 3147 5507 quoniam
3166 5447 3274 5487 non
3304 5428 3532 5485 confun-

1954 5538 2071 5592 dar.
2124 5534 2295 5590 Juxta
2310 5542 2393 5589 est
2431 5532 2526 5602 qui
2575 5528 2843 5599 justificat
2882 5542 2966 5582 me
3000 5524 3163 5596 :quis
3190 5519 3534 5578 contradices

1954 5628 2130 5683 mihi?
2163 5626 2401 5685 Accedat
2428 5623 2496 5678 ad
2522 5635 2629 5675 me.
2664 5619 2802 5675 Ecce
2828 5617 3092 5674 Dominus
3122 5615 3266 5672 Deus
3301 5608 3531 5668 auxilia-

1952 5728 2040 5776 tor
2066 5735 2219 5776 meus
2256 5739 2268 5775 :
2299 5718 2423 5791 quis
2449 5726 2533 5773 est
2560 5714 2649 5787 qui
2678 5713 3002 5775 condemnet
3032 5708 3151 5765 me?
3170 5706 3307 5763 Ecce
3344 5718 3531 5761 omnes

348 5879 368 5916 ⁸
399 5878 516 5935 Gal.
550 5897 633 5949 ιιι,
671 5881 774 5949 ίῦ;
810 5880 972 5938 Hebr.
1006 5880 1203 5951 111,2;
1271 5880 1410 5935 Phil.
1440 5898 1497 5945 ιι,
1528 5882 1575 5934 8.
1665 5883 1681 5911 ¹
1719 5879 1942 5954 Sapit,
1982 5880 2063 5933 t5.
