3974 6490
541 411 677 468 1259

1215 405 1477 466 EUSEBII
1517 399 1986 466 cmsamen‘sis
2025 409 2172 466 ore.
2214 407 2391 462 PARS
2430 407 2518 463 ιιι.
2553 367 2624 451 ..ζ
2661 403 3061 460 EXEGETICA.

3619 404 3744 456 lii!)

537 545 636 584 vos
673 531 828 600 quasi
857 531 1231 584 vestimentum
1280 531 1643 594 veterascetis,
1679 530 1821 584 tinea
1848 529 2055 584 comedt

2157 578 2160 588 ,
2195 543 2273 580 σει
2308 543 2407 596 με;
2451 526 2576 579 ’1δοὺ
2631 525 2825 584 πάντες
2863 523 3018 590 ὑμεῖς
3063 519 3138 582 ὡς
3185 521 3394 590 ίματίον
3438 519 3740 590 παλαιωθῆ-

535 637 651 678 vos.
694 621 825 686 Quis
849 637 911 675 ex
943 621 1098 674 vobis
1131 621 1326 675 timens
1353 619 1675 674 Dominum?
1697 621 1877 675 audiat
1903 637 2084 674 vocem

537 715 690 769 servi.
725 714 861 782 ejus.
920 713 1274 768 Ambulantes
1306 713 1360 766 in
1395 714 1650 776 tenebris,
1681 721 1734 767 et
1764 728 1869 766 non
1901 723 1983 768 cst
2010 713 2088 767 eis

535 805 656 869 lux,
687 803 941 858 conﬁdite
971 804 1025 858 in
1061 805 1279 859 nomine
1312 804 1546 870 Domini,
1575 812 1628 859 et
1659 805 1951 858 innitimiui
1980 803 2086 858 Deo

531 905 734 950 vestro.
769 895 907 950 Ecce
933 911 1122 950 omnes
1152 911 1248 951 vos
1281 896 1455 967 ignem
1483 895 1793 960 incenditis,
1828 896 2088 950 corrobo-

530 990 665 1044 ratis
690 987 979 1041 ﬂammam.
1013 988 1299 1043 Ambulate
1337 989 1389 1042 in
1413 988 1612 1042 lumine
1643 989 1785 1059 ignis
1807 990 1992 1050 vestri,
2032 997 2084 1041 et

527 1080 741 1133 ﬂamma
775 1095 935 1148 quam
995 1079 1344 1136 accendistis.
1386 1079 1615 1151 Pr0pter
1662 1097 1746 1136 me
1791 1081 1927 1134 facta
1959 1092 2085 1134 sunt

528 1171 643 1225 haec
675 1171 850 1236 vobis,
889 1173 944 1225 in
971 1172 1190 1225 tristitia
1220 1169 1502 1227 dormietis
1529 1174 1567 1226 ί.
1592 1190 1610 1222 ι
1633 1170 1921 1225 Manifeste
1953 1170 2084 1224 Ver—

524 1264 578 1318 bi
617 1264 877 1319 divinitas
919 1264 986 1319 iis
1017 1279 1137 1333 qua;
1170 1263 1456 1318 retulimus
1503 1263 1827 1327 ostenditur,
1864 1274 1915 1316 et
1944 1278 2081 1332 quo-

525 1356 670 1409 niam
715 1355 1080 1410 incarnationi
1133 1371 1246 1410 sua:
1283 1354 1702 1424 praeexsisteret,
1737 1361 1790 1408 et
1811 1354 2084 1423 quomodo

523 1445 701 1501 factus
731 1447 892 1500 homo
919 1446 1034 1500 hate
1070 1461 1334 1515 passurus
1364 1454 1508 1500 esset
1537 1460 1656 1514 quae
1677 1445 1732 1498 in
1776 1444 2079 1515 Evangeliis

523 1537 724 1606 scripta
753 1543 899 1591 sunt.
937 1534 1072 1599 Quis
1101 1535 1247 1590 enim
1279 1537 1416 1590 alius
1449 1544 1594 1590 esset
1626 1535 1852 1590 dicens:
1881 1555 1898 1586 ι
1937 1535 2080 1590 Nun-

520 1628 649 1698 quid
706 1643 810 1680 non
847 1635 1023 1696 potest
1055 1641 1248 1680 manus
1273 1642 1412 1692 mea,
1448 1646 1465 1678 ι
1501 1634 1553 1681 et
1583 1643 1702 1696 quae
1756 1636 2076 1698 sequuntur,

521 1735 693 1790 usque
724 1719 790 1772 ad
820 1720 942 1773 illa:
981 1737 999 1769 ι
1031 1718 1253 1772 lnduam
1286 1719 1454 1774 caelos
1485 1721 1746 1786 tenebris,
1779 1728 1832 1775 et
1859 1735 2075 1776 saccum

519 1826 716 1881 ponam
757 1812 1148 1880 operimentum
1198 1827 1406 1874 eorum,
1446 1831 1465 1863 ι
1515 1812 1620 1866 nisi
1661 1811 1754 1866 Dei
1798 1811 2074 1868 Verbum?

2188 615 2362 677 σεσθε,
2389 614 2481 666 καὶ
2508 613 2603 684 σὴς
2633 610 3002 679 καταφάγεται
3028 610 3187 678 ὑμᾶς.
3220 610 3315 673 Τίς
3344 612 3404 664 ὲν
3435 611 3564 680 ὑμῖν
3593 614 3621 662 ὁ
3658 628 3746 678 φο-

2185 705 2443 774 ϐούμενος
2504 704 2593 757 τὸν
2645 701 2877 772 Κύριον;
2915 701 3275 753 ὑπακουσάτω
3308 705 3406 772 τῆς
3437 702 3624 770 φωνῆς
3655 704 3740 755 τοῦ

2185 794 2370 856 παιδὸς
2425 792 2618 846 αὑτοῦ·
2673 794 2721 845 οἱ
2766 791 3117 863 πορευόμενοι
3155 793 3212 843 ὲν
3246 792 3447 855 σκότει,
3489 793 3588 845 καὶ
3651 794 3741 846 οὐκ

2184 886 2328 936 ἐστιν
2349 884 2526 947 αὐτοῖς
2559 882 2692 951 φῶς,
2729 881 3019 935 πεποίθατε
3054 882 3144 933 ἐπὶ
3165 881 3240 952 τῷ
3265 882 3486 952 ὀνόματι
3517 885 3739 952 Κυρίου,

2182 975 2276 1026 καὶ
2303 975 2748 1044 ἁντιστηρίσασθε
2795 974 2886 1026 ἐπὶ
2917 972 2994 1043 τῷ
3021 973 3158 1042 Θεῷ.
3205 973 3330 1027 Ἰδοὺ
3357 975 3562 1037 πάντες
3595 976 3743 1043 ὑμεῖς

2184 1065 2294 1136 πῦρ
2325 1065 2528 1127 καίετε,
2582 1064 2675 1116 καὶ
2721 1062 3034 1132 κατισχὺετε
3079 1063 3250 1132 φλόγα
3277 1080 3289 1092 ·
3326 1065 3626 1135 πορεύεσθε
3669 1067 3742 1138 τῷ

2182 1158 2322 1226 φωτὶ
2349 1156 2440 1209 τοῦ
2471 1154 2640 1226 πυρὸς
2673 1153 2845 1224 ὑμῶν,
2898 1155 2991 1207 καὶ
3019 1157 3084 1224 τῆ
3130 1155 3285 1223 φλογὶ
3391 1155 3737 1221 ἐξεκαὺσατε.

2181 1251 2254 1301 Δι’
2279 1248 2376 1318 ἐμὲ
2394 1247 2605 1316 ἐγένετο
2632 1245 2799 1299 ταῦτα
2829 1246 2976 1314 ὑμῖν,
2999 1247 3056 1298 ἐν
3089 1245 3232 1317 λύπῃ
3260 1248 3679 1318 κοιμηθήσεσθε.
3715 1270 3736 1301 ›

2181 1341 2370 1408 Σαφῶς
2399 1342 2431 1409 ἡ
2461 1337 2553 1391 τοῦ
2570 1338 2739 1406 Λόγου
2770 1336 2956 1406 θεότης
2992 1341 3086 1391 καὶ
3109 1337 3195 1391 διὰ
3226 1339 3333 1391 τῶν
3367 1342 3736 1410 προκειμένων

2179 1430 2575 1495 ἀποδείκνυται,
2595 1430 2674 1482 ὅτι
2690 1447 2747 1482 τε
2777 1430 3128 1502 προϋπῆρχεν
3143 1430 3238 1500 τῆς
3254 1431 3409 1482 ὲνανθ
3417 1434 3576 1500 ρωπή
3587 1449 3734 1497 σεως,

2180 1520 2274 1572 καὶ
2305 1520 2379 1582 ὡς
2407 1518 2826 1590 ἐνανθρωπήσας
2858 1517 3029 1570 ταῦτα
3070 1518 3294 1588 πάσχειν
3324 1519 3559 1588 ἤμελλεν
3585 1520 3619 1573 5.
3649 1524 3738 1575 καὶ

2178 1614 2235 1663 ἐν
2263 1613 2376 1673 τοῖς
2407 1608 2755 1677 Εὑαγγελίοις
2771 1608 3194 1679 ἀναγέγραπται.
3227 1609 3320 1672 Τίς
3349 1609 3459 1682 γὰρ
3486 1611 3556 1664 ἂν
3589 1612 3734 1675 ἄλλος

2176 1701 2260 1774 εἴη
2324 1703 2353 1754 6
2408 1701 2650 1770 φάσκων·
2682 1719 2700 1750 ι
2737 1699 2828 1770 Μὴ
2866 1701 2966 1753 οὑκ
3001 1701 3169 1771 ἰσχύει
3203 1702 3234 1770 ἡ
3267 1701 3387 1770 χείρ
3421 1719 3548 1771 μου,
3590 1723 3608 1752 ι
3645 1707 3734 1756 καὶ

2175 1793 2241 1846 τὰ
2269 1794 2394 1864 ἑξῆς
2441 1792 2544 1855 ἓως
2585 1791 2699 1845 τοῦ·
2728 1811 2747 1843 ι
2783 1790 3013 1844 Ἐνδὺσω
3026 1794 3114 1844 τὸν
3150 1792 3372 1862 οὐρανὸν
3403 1793 3619 1859 σκότος,
3647 1797 3734 1848 καὶ

517 1873 638 1970 ipse
688 1873 854 1966 enim,
881 1901 967 1956 bis
1008 1899 1192 1965 dictis,
1244 1901 1462 1970 subjicit
1496 1920 1510 1956 :
1551 1920 1572 1954 ‹
1629 1901 1892 1958 Dominus
1929 1904 2046 1958 dedi

2173 1885 2248 1948 ὼς
2281 1885 2478 1938 σάκκον
2510 1885 2570 1936 τὸ
2602 1881 2937 1955 περιϐόλαιον
2959 1881 3139 1946 αὑτοῦ,
3175 1899 3194 1933 ι
3225 1881 3257 1952 ἢ
3286 1883 3427 1935 ότοῦ
3465 1883 3602 1936 Θεοῦ
3636 1887 3732 1936 Λό-

517 1991 650 2046 mihi
689 1990 927 2062 linguam
954 1991 1248 2057 eruditam,
1282 2003 1340 2045 ut
1380 1993 1548 2048 sciam
1597 2008 1879 2063 usquequo
1910 1984 2072 2064 opor-

512 2089 622 2137 teat
651 2081 832 2137 dicere
860 2082 1082 2137 verbum
1106 2100 1120 2147 ;
1143 2103 1161 2135 ι
1197 2099 1498 2154 rursusque
1522 2085 1726 2155 reliqua
1749 2085 1952 2154 adjicit,
1991 2086 2074 2140 di-

514 2188 644 2228 cens
671 2190 682 2225 :
725 2192 742 2225 ι
771 2173 881 2244 Ego
900 2183 1084 2230 autem
1113 2189 1219 2228 non
1256 2182 1546 2229 contumax
1580 2193 1720 2238 sum.
1749 2193 1923 2246 neque
1940 2193 2072 2230 cou-

511 2262 724 2318 tradico
758 2284 770 2317 :
804 2272 1014 2336 tergum
1046 2281 1222 2320 meum
1256 2267 1377 2321 dedi
1414 2268 1468 2321 in
1493 2266 1799 2339 ﬂagella,et
1823 2270 2070 2323 maxillas

509 2370 659 2410 meas
704 2356 756 2410 in
789 2357 994 2427 alapas,
1034 2376 1052 2408 ο
1087 2365 1142 2412 et
1175 2367 1370 2412 caetera
1391 2374 1564 2429 usque
1597 2360 1663 2412 ad
1704 2359 1839 2426 illa;
1876 2379 1893 2410 ι
1924 2359 2072 2424 Quo-

513 2446 658 2499 niam
699 2447 855 2516 juxta
902 2455 985 2503 est
1017 2450 1109 2518 qui
1155 2449 1420 2518 justiﬁeat
1474 2465 1579 2506 me.
1616 2469 1635 2502 ›
1676 2449 1871 2520 Reipsa
1921 2452 2064 2506 enim

510 2551 730 2604 passum
758 2537 930 2594 fuisse
974 2537 1210 2596 dicimus
1237 2538 1498 2604 Verbum,
1535 2541 2067 2611 compatientemque

503 2641 664 2694 quem
695 2630 936 2698 suscepit
956 2628 1252 2684 hominem.
1276 2628 1560 2686 Nescimus
1588 2631 1754 2700 igitur
1786 2647 1855 2686 an
1886 2634 2066 2702 aliqua

502 2721 678 2789 possit
715 2719 781 2775 de
812 2721 915 2776 hac
946 2723 1230 2794 prophetia
1279 2725 1420 2777 ratio
1458 2725 1574 2779 dari
1611 2726 1680 2779 ab
1710 2727 1778 2781 iis
1807 2727 1898 2797 qui
1953 2745 2062 2783 non

503 2812 794 2866 admittunt
823 2813 1112 2883 quamdam
1165 2831 1287 2871 esse
1345 2817 1642 2872 secundam
1699 2820 2060 2874 substantiam

501 2899 597 2955 Dei
627 2899 806 2966 Verbi,
839 2914 962 2974 post
995 2907 1258 2975 primam,
1286 2915 1339 2961 ct
1373 2908 1676 2964 increatum
1710 2909 1924 2965 Patrem
1945 2927 2062 2966 om-

498 2991 758 3060 niumque
785 2992 973 3049 Deum.
994 2994 1106 3050 Nos
1131 3004 1310 3051 autem
1335 3007 1478 3054 recte
1505 3015 1824 3070 persuasum
1853 3002 2054 3057 haben-

496 3088 580 3135 tes
617 3081 763 3136 hunc
790 3099 912 3139 esse
941 3101 1128 3141 revera
1170 3086 1338 3142 Deum
1378 3087 1614 3146 Verbum
1657 3092 2054 3160 existimamus,

2179 1993 2302 2043 γος;
2334 1976 2501 2038 Αὐτὸς
2562 1975 2625 2046 δὴ
2667 1971 2782 2038 οὖν,
2826 1974 2895 2026 τὰ
2920 1972 3216 2043 τηλικαῦτα
3250 1973 3437 2038 εἰπὼν,
3484 1976 3728 2047 ἐπιφέρει

2172 2068 2373 2136 λέγων·
2409 2086 2427 2118 ι
2464 2066 2665 2137 Κύριός
2697 2082 2788 2136 μοι
2819 2064 2996 2118 δίδωσι
3049 2063 3294 2133 γλῶσσαν
3345 2067 3597 2129 παιδείας
3637 2067 3726 2120 τοῦ

2170 2161 2370 2228 γνῶναι
2428 2160 2590 2230 ἡνίκα
2630 2159 2711 2212 δεῖ
2738 2161 2910 2212 εἰπεῖν
2955 2156 3138 2227 λόγον·
3171 2176 3188 2206 ι
3215 2156 3306 2209 καὶ
3337 2154 3495 2222 αὖθις
3539 2159 3726 2227 ἐπάγει

2173 2251 2344 2324 [vera]
2390 2249 2457 2303 τὰ
2511 2249 2672 2304 λοιπὰ
2721 2250 2974 2319 φάσκων·
3027 2268 3045 2299 ι
3101 2247 3240 2317 Ἐγὼ
3271 2248 3326 2301 δὲ
3368 2250 3469 2302 οὑκ
3503 2251 3722 2313 ἀπειθῶ,

2169 2343 2287 2396 οὐδὲ
2319 2341 2580 2410 ἀντιλέγω
2603 2358 2616 2371 ·
2647 2341 2736 2393 τὸν
2769 2340 2935 2394 νῶτόν
2957 2357 3055 2411 μου
3079 2339 3294 2392 τέθεικα
3324 2343 3403 2403 είς
3437 2341 3721 2410 μάστιγας,

2170 2434 2266 2498 τὰς
2281 2434 2337 2488 δὲ
2370 2435 2619 2503 σιαγόνας
2647 2451 2744 2503 μου
2784 2435 2863 2497 είς
2897 2432 3232 2504 ῥαπίσματα,
3276 2452 3294 2482 ›
3336 2435 3430 2486 καὶ
3462 2433 3534 2486 τὰ
3572 2435 3724 2506 μέχρι

2167 2527 2280 2582 τοῦ·
2314 2546 2332 2578 ι
2366 2527 2488 2578 ’Ὁτι
2519 2524 2720 2593 ἐγγίζει
2756 2541 2844 2595 μοι
2887 2526 2915 2576 6
2971 2522 3258 2586 δικαιώσας
3300 2541 3385 2592 με.
3430 2543 3449 2575 ι
3487 2527 3720 2596 Δυνάμει

2166 2620 2273 2690 γάρ
2305 2635 2386 2672 τοι
2415 2616 2734 2670 πεπονθέναι
2773 2615 2952 2687 φαμὲν
2982 2616 3072 2670 τὸν
3111 2616 3300 2683 Λόγον,
3339 2619 3722 2688 συμπάσχσντα

2164 2710 2220 2764 δὲ
2273 2711 2331 2763 ὃν
2381 2708 2664 2780 ἀνείληφεν
2718 2706 2986 2778 ἀνθρώπῳ
3029 2707 3091 2778 (f.
3122 2709 3190 2762 55
3221 2710 3320 2779 v°).
3357 2710 3473 2762 Οὑκ
3505 2711 3720 2782 οἴδαμεν

2165 2799 2257 2856 οὖν
2301 2804 2349 2854 εί
2397 2800 2506 2865 ἕξει
2541 2817 2624 2862 τις
2675 2799 2802 2870 περὶ
2844 2799 2944 2869 τῆς
2986 2800 3351 2872 προκειμένης
3392 2805 3720 2873 προφητείας

2162 2891 2447 2945 ἀποδοῦναι
2484 2890 2658 2959 λόγον,
2692 2891 2766 2961 μὴ
2809 2890 3160 2961 προσιέμενος
3186 2891 3246 2943 τὺ
3282 2887 3419 2944 εἷναί
3451 2909 3575 2947 τινα
3605 2895 3719 2948 δεν-

2159 2982 2322 3053 τέραν
2367 2981 2660 3034 ὑπόστασιν
2687 2979 2780 3034 τοῦ
2821 2980 2955 3034 Θεοῦ
3005 2983 3175 3051 Λόγου
3207 2984 3343 3054 μετὰ
3373 2983 3473 3054 τὴν
3501 2986 3716 3058 πρώτην

2161 3074 2252 3126 καὶ
2285 3074 2544 3144 ἀγένητον
2573 3073 2661 3126 τὸν
2705 3073 2918 3145 Πατέρα
2940 3074 3036 3127 καὶ
3073 3073 3200 3127 Θεὸν
3221 3074 3329 3127 τῶν
3355 3077 3495 3131 ὅλων
3518 3095 3532 3108 ·
3560 3081 3713 3150 misi;

495 3173 589 3242 qui
616 3181 670 3228 et
694 3174 783 3228 hic
811 3175 953 3230 inter
973 3185 1168 3232 caetera
1194 3178 1360 3235 dicit:
1399 3199 1417 3232 ι
1445 3180 1670 3236 lnduam
1699 3185 1867 3239 cmlos
1895 3193 2048 3242 tene-

2158 3182 2220 3234 γε
2275 3166 2380 3237 μὴν
2417 3165 2590 3237 ὀρθῶς
2618 3165 2968 3236 πεπεισμένοι
3001 3163 3186 3224 τοῦτον
3219 3165 3483 3237 ὑπάρχειν
3521 3168 3711 3242 δηλαδὴ

495 3259 632 3322 bris.
665 3280 682 3311 ι
710 3262 1041 3334 subjicitque
1061 3281 1128 3320 ex
1158 3283 1390 3337 persona
1430 3285 1592 3340 quam
1640 3276 1936 3344 assumpsit
1957 3276 2054 3331 ho-

2157 3259 2243 3313 τὸν
2275 3259 2404 3312 Θεὸν
2436 3259 2604 3328 Λόγον
2626 3257 2922 3329 ἡγούμεθα,
2952 3259 3040 3314 τὸν
3066 3260 3157 3313 καὶ
3188 3262 3412 3316 ἐνταῦθα
3443 3264 3704 3333 φάσκοντα

493 3352 680 3417 minis,
713 3371 732 3404 ι
766 3352 1029 3413 Dominus
1049 3358 1194 3413 dedit
1232 3361 1362 3414 mihi
1391 3363 1630 3434 linguam
1660 3352 1953 3433 eruditam,
1994 3376 2053 3422 ut

493 3444 664 3498 sciam
699 3461 981 3518 usquequo
1012 3458 1258 3518 oporteat
1297 3453 1479 3509 dicere
1515 3456 1760 3511 verbum.
1805 3477 1824 3510 ι
1853 3459 2053 3525 Quem-

489 3548 616 3588 num
646 3552 774 3591 vero
797 3538 964 3593 alium
991 3542 1101 3596 nisi
1129 3541 1463 3600 Salvatorcm
1497 3559 1744 3602 nostrum
1774 3549 2048 3605 hominem

491 3624 691 3680 factum
725 3629 939 3684 deceret
973 3631 1084 3687 haec
1117 3649 1331 3705 quoque
1359 3636 1541 3691 dicere
1572 3657 1585 3692 :
1627 3657 1645 3688 ι
1685 3640 1818 3705 Quis
1838 3650 2050 3696 contra-

489 3714 631 3770 dicet
676 3717 1074 3776 mihi?stemus
1120 3724 1316 3784 simul:
1359 3745 1377 3776 ι
1415 3728 1498 3782 vel
1545 3727 1611 3784 de
1643 3745 1750 3800 quo
1784 3731 1897 3786 hate
1937 3733 2045 3789 dici

486 3816 728 3877 possent,
751 3811 818 3865 ab
843 3812 949 3866 illis
982 3832 995 3868 :
1024 3832 1043 3864 ι
1068 3813 1200 3880 Quis
1223 3831 1289 3870 ex
1323 3820 1473 3873 vobis
1499 3820 1696 3877 timens
1727 3821 2045 3880 Dominum?

485 3895 672 3949 audiat
705 3914 890 3953 vocem
940 3903 1081 3956 servi
1109 3904 1248 3972 ejus,
1287 3923 1306 3956 ι
1340 3908 1442 3959 nisi
1505 3909 1572 3964 de
1627 3912 1746 3966 solo
1802 3912 2042 3980 Christo,

484 3989 576 4057 qui
603 3989 757 4063 juxta
807 3992 1119 4063 Scripturas
1149 3997 1497 4067 ignominiam
1529 4003 1804 4074 despexit,
1853 4009 2043 4062 exina-

481 4079 641 4136 niens
667 4085 1038 4172 semetipsum,
1068 4096 1120 4142 et
1155 4105 1326 4162 usque
1365 4093 1430 4146 ad
1460 4093 1668 4166 ﬂagella
1698 4097 2040 4166 humiliatus,

480 4187 629 4238 cum,
647 4176 942 4229 secundum
975 4177 1041 4233 de
1065 4179 1181 4250 ipso
1201 4183 1535 4254 prophetiam
1561 4186 1886 4260 ﬂagellatum
1917 4207 2040 4247 eum

477 4260 686 4320 Pilatus
711 4268 935 4322 tradidit
970 4273 1431 4344 cruciligendum;
1461 4288 1590 4334 tunc
1611 4297 1827 4352 quoque
1855 4283 2039 4355 alapas

476 4367 531 4411 et
560 4367 720 4428 sputa
754 4363 994 4430 pertulit,
1026 4379 1148 4419 cum
1178 4365 1249 4420 ad
1279 4369 1398 4438 ejus
1429 4371 1592 4426 verba
1625 4382 1803 4429 vestes
1830 4375 2034 4432 dilace-

475 4461 605 4501 rans
641 4463 887 4507 summus
916 4454 1176 4510 sacerdos
1205 4471 1328 4510 eum
1361 4457 1825 4528 blasphemavissc
1853 4463 2034 4516 excla—

2156 3351 2291 3422 μετὰ
2324 3350 2430 3404 τῶν
2458 3350 2629 3404 ἄλλων
2656 3351 2714 3402 τό
2734 3366 2747 3380 ·
2776 3369 2795 3401 ι
2828 3349 3057 3404 Ἐνδύσω
3087 3351 3176 3405 τὸν
3211 3355 3435 3426 οὐρανὸν
3469 3357 3703 3420 auds-oga

2153 3447 2244 3498 καὶ
2277 3443 2607 3514 ἐπιφέροντα
2649 3444 2714 3496 ἐκ
2743 3441 3031 3514 προσώπου
3076 3436 3135 3496 οὗ
3173 3445 3457 3518 ἀνείληφεν
3504 3447 3708 3517 ἀνθρὼ-

2151 3555 2252 3592 που
2272 3537 2331 3590 τό
2357 3554 2370 3567 ·
2410 3557 2428 3587 ‹
2470 3535 2670 3606 Κύριος
2713 3534 2894 3588 δίδωσί
2929 3553 3016 3607 μοι
3043 3536 3290 3604 γλῶσσαν
3324 3539 3589 3604 παιδείας,
3618 3542 3706 3595 τοῦ

2149 3629 2347 3698 γνῶναι
2402 3627 2565 3696 ἡνίκα
2590 3625 2694 3678 .δεί
2745 3628 2914 3680 εἰπεῖν
2969 3627 3143 3696 λόγον.
3181 3648 3199 3679 ι
3231 3630 3345 3682 Τίνι
3390 3631 3436 3683 δ’
3465 3633 3530 3685 ἂν
3568 3633 3704 3701 ἄλλῳ

2149 3719 2299 3790 παρὰ
2330 3718 2419 3770 τὸν
2473 3717 2753 3788 ἄνθρωπον
2788 3718 2879 3771 τοῦ
2916 3720 3164 3791 Σωτῆρος
3199 3723 3230 3791 ἡ
3242 3721 3354 3791 μῶν
3389 3723 3586 3793 πρέποι
3619 3725 3700 3778 λέ-

2147 3827 2262 3878 γειν
2291 3811 2382 3863 καὶ
2409 3808 2487 3861 τό·
2518 3828 2536 3860 ι
2573 3809 2710 3872 Τίςό
2739 3810 3051 3880 κρινόμενός
3079 3829 3192 3881 μοι;
3223 3813 3524 3885 ἀντιστήτω
3549 3833 3654 3886 μοι.
3680 3838 3697 3867 ι

2151 3901 2220 3952 Ἦ
2246 3899 2372 3970 περὶ
2395 3900 2537 3961 τίνος
2565 3899 2759 3968 λέγοιτ’
2787 3901 2853 3954 ἂν
2881 3901 2949 3954 τὰ
2975 3902 3080 3954 ἀπὸ
3109 3903 3200 3956 τοῦ
3220 3920 3233 3934 ·
3264 3923 3282 3955 ι
3325 3905 3420 3968 Τίς
3449 3907 3508 3958 ἐν
3533 3908 3700 3979 ὑμῖνὸ

2145 3991 2470 4062 φοϐούμενος
2497 3991 2588 4044 τὸν
2623 3991 2823 4064 Κύριον
2850 4011 2864 4058 ;
2894 3994 3250 4048 ὑπακουσάτω
3279 3996 3379 4066 τῆς
3402 4001 3586 4068 φωνῆς
3608 4000 3698 4054 τεῦ

2144 4083 2327 4147 παιδὸς
2354 4082 2537 4146 αὑτοῦ,
2580 4103 2598 4135 ι
2633 4083 2665 4153 ἢ
2703 4084 2843 4158 περὶ,
2867 4085 3025 4155 μόνου
3049 4085 3141 4138 τοῦ
3164 4088 3419 4159 Χριστοῦ,
3445 4090 3537 4143 τοὺ
3563 4094 3698 4145 κατὰ

2141 4175 2239 4238 τὰς
2268 4174 2490 4246 Γραφὰς
2515 4174 2772 4247 αἰσχύνης
2802 4179 3331 4249 καταφρονήσαντος,
3369 4183 3697 4248 κενώσαντός

2140 4284 2197 4318 τε
2235 4267 2423 4320 ἑαυτὸν
2471 4268 2563 4320 καὶ
2597 4266 2757 4339 μέχρι
2809 4269 3084 4338 μαστίγων
3113 4263 3578 4338 ταπεινώσαντος,
3611 4277 3692 4328 ὅτε

2139 4358 2278 4411 κατὰ
2305 4359 2401 4429 τὴν
2435 4359 2796 4429 προκειμένην
2838 4361 2964 4427 περὶ
2999 4361 3161 4416 αὑτοῦ
3199 4366 3530 4435 προφητείαν
3563 4385 3693 4436 φρα-

2137 4450 2412 4517 γελλώσας
2449 4452 2609 4505 αὑτὸν
2646 4455 2674 4506 6
2702 4452 2928 4517 Πιλάτος
2956 4455 3266 4526 παρέδωκεν
3293 4459 3687 4530 σταυρωθῆναις

474 4540 661 4594 mavit.
693 4537 847 4597 Tunc
876 4543 1020 4596 enim
1074 4556 1408 4615 exspuerunt
1458 4549 1511 4602 in
1565 4549 1759 4604 faciem
1812 4551 1932 4621 ejus
1979 4559 2033 4605 et

2157 4540 2267 4592 Γότε
2297 4540 2352 4594 δὲ
2391 4542 2482 4593 καὶ
2518 4543 2831 4614 ῥαπίσματα
2870 4546 2961 4598 καὶ
3006 4548 3356 4618 ὲμπτυσμοὺς
3406 4551 3687 4622 ὑπέμενεν,

471 4629 880 4700 colaphizabant
915 4651 1038 4721 eu.m
1061 4653 1074 4700 ;
1098 4637 1190 4690 alii
1221 4654 1349 4692 vero
1381 4640 1566 4711 alapas
1595 4642 1641 4695 ei
1670 4642 2028 4714 impegerunt,

468 4717 750 4776 dicentes:
787 4741 806 4772 ι
837 4717 1156 4794 Prophetiza
1187 4728 1368 4793 nobis,
1391 4729 1627 4795 Christe,
1657 4732 1781 4802 quis
1817 4741 1869 4788 te
1910 4749 2032 4802 pcr-

467 4812 681 4867 cussit?
713 4833 731 4864 ι
766 4813 1031 4870 Videntur
1062 4828 1240 4874 autem
1301 4823 1521 4892 capituli
1553 4824 1716 4894 hujus
1768 4825 1922 4879 initia
1960 4825 2027 4879 ad

463 4899 772 4958 Judaaorum
795 4921 1123 4976 synagogam
1141 4918 1406 4979 spectare.
1444 4931 1463 4964 ι
1510 4912 1650 4969 Ecce
1677 4915 1845 4979 enim,
1886 4935 1904 4967 ι
1929 4918 2024 4981 ait,

469 5005 736 5104 «peccatis
757 5009 953 5065 vestris
980 5011 1352 5080 venditiestis,
1367 5027 1420 5071 et
1438 5017 1815 5088 iniquitatibus
1835 5025 2032 5080 vestris

461 5094 621 5148 emisi
647 5105 874 5153 matrem
903 5108 1160 5158 vestram.
1198 5124 1216 5157 ι
1262 5105 1420 5160 Venit
1446 5110 1590 5163 enim
1629 5129 1646 5162 ι
1688 5111 1754 5165 ad
1789 5115 2028 5181 perditas

467 5215 600 5258 oves
626 5202 820 5262 domus
856 5205 1023 5266 Israel
1052 5213 1094 5277 ⁸,
1135 5231 1155 5264 ι
1196 5221 1248 5268 et
1276 5213 1488 5268 nullum
1520 5216 1722 5271 invenit
1751 5218 1896 5288 apud
1931 5235 2026 5276 eos

464 5303 760 5371 hominem,
791 5313 885 5369 sed
915 5323 970 5370 et
1000 5318 1206 5388 primos
1231 5320 1447 5390 quidem
1478 5337 1572 5377 eos
1617 5325 1830 5379 vocavit
1858 5343 1871 5378 :
1913 5341 2023 5380 non

459 5419 638 5469 autem
661 5427 779 5473 erat
807 5422 1041 5493 populus
1072 5425 1317 5481 audiens.
1345 5426 1472 5481 ideo
1497 5427 1656 5482 dicit:
1679 5448 1695 5480 ι
1722 5429 1848 5484 ideo
1873 5431 2017 5495 veni,

453 5526 508 5566 et
559 5534 810 5578 nouerat
864 5525 1046 5593 homo,
1096 5531 1412 5599 vocavique,
1441 5540 1493 5585 et
1543 5531 1725 5587 nullus
1775 5540 1892 5588 erat
1922 5535 2012 5605 qui

453 5624 739 5681 audiret.»
773 5631 1055 5688 Postrema
1106 5649 1234 5689 vero
1287 5635 1449 5708 hujus
1499 5639 1607 5694 loci
1657 5649 2015 5713 congruenter

520 5804 689 5859 'lsai.
713 5819 764 5870 ι,
803 5806 951 5862 ι-ιι.
1029 5809 1255 5867 'Matth.
1293 5804 1380 5881 xv,
1415 5816 1504 5872 at.

2139 4632 2225 4684 ὅτε
2280 4634 2370 4686 ἐπὶ
2412 4637 2523 4697 τοῖς
2557 4634 2734 4704 λόγοις
2765 4636 2928 4690 αὑτοῦ
2965 4640 3428 4712 περιρρηξάμενος
3450 4645 3478 4695 6
3509 4645 3684 4713 ἀρχιε-

2139 4726 2282 4796 ρεὺς,
2309 4726 2623 4797 ἀπεφήνατο
2666 4727 3174 4801 βεϐλασφημηκέναι
3215 4732 3405 4786 αὑτόν·
3434 4735 3554 4786 τότε
3586 4735 3685 4808 γάρ

2136 4816 2430 4871 ἐνέπτυσαν
2479 4821 2557 4881 είς
2598 4819 2658 4872 τὸ
2709 4821 2992 4890 πρόσωπον
3035 4824 3198 4877 αὑτοῦ
3240 4826 3335 4878 καὶ
3377 4827 3688 4896 ὲκολάφιζον

2135 4909 2311 4962 αὑτόν.
2369 4911 2430 4963 Oi
2479 4911 2535 4963 δὲ
2575 4912 2873 4983 ἐῤῥάπισαν
2929 4916 3086 4970 αὑτὸν
3122 4916 3396 4985 λέγοντες·
3432 4938 3449 4970 ι
3481 4920 3683 4991 Προφή-

2131 5016 2318 5053 τευσον
2347 5004 2476 5072 ⁴ἡμῖν
2495 5043 2510 5067 ,
2535 5004 2755 5075 Χριστὲ,
2781 5005 2860 5068 τίς
2882 5008 3025 5060 ἐστιν
3044 5009 3072 5060 6
3103 5008 3300 5072 παίσας
3324 5027 3380 5062 σε
3404 5026 3417 5076 ;
3449 5030 3468 5063 ι
3507 5013 3678 5064 Ἐοικε

2131 5091 2186 5144 δὲ
2218 5092 2284 5144 τὰ
2312 5092 2409 5162 μὲν
2439 5096 2578 5148 κατὰ
2617 5095 2713 5167 τὴν
2757 5097 2929 5169 ἀρχὴν
2962 5098 3051 5151 τοῦ
3089 5100 3381 5169 κεφαλαίου
3422 5105 3547 5172 περὶ
3584 5104 3679 5172 τῆς

2128 5183 2236 5236 τῶν
2277 5185 2540 5240 Ἰουδαίων
2603 5187 2852 5256 λέγεσθαι
2901 5193 3247 5261 συναγωγῆς·
3287 5212 3307 5246 ι
3347 5193 3475 5247 ’1δοὺ
3499 5195 3627 5265 γὰρ,
3656 5214 3673 5245 ι

2131 5277 2283 5345 φησὶ,
2320 5295 2339 5327 ι
2367 5281 2488 5340 ταῖς
2535 5281 2826 5352 ἁμαρτίαις
2878 5282 3029 5352 ὑμῶν
3075 5283 3378 5355 έπράθητε·
3431 5285 3528 5338 καὶ
3564 5288 3678 5350 ταῖς

2127 5368 2376 5438 ἀνομίαις
2436 5371 2588 5441 ὑμῶν
2636 5371 2986 5437 ἐξαπέστειλα
3026 5374 3123 5446 τὴν
3175 5377 3382 5448 μητέρα
3435 5377 3606 5447 ὑμῶν.
3651 5395 3669 5428 ι

2122 5455 2294 5514 Ἦλθε
2344 5461 2452 5535 γὰρ
2505 5483 2522 5514 ι
2553 5465 2644 5518 ἐπὶ
2691 5465 2761 5520 τὰ
2811 5467 3054 5537 πρόϐατα
3089 5469 3153 5522 τὰ
3187 5468 3496 5523 ἀπολωλότα
3529 5470 3672 5523 οἴκου

2134 5554 2407 5625 Ἰσραὴλ,›
2433 5555 2525 5608 καὶ
2572 5559 2668 5627 οὑχ
2717 5551 2842 5630 εὑρέ
2873 5576 2992 5612 τινα
3033 5563 3089 5612 ἐν
3145 5561 3326 5623 αὑτοῖς
3371 5560 3668 5632 ἄνθρωπον,

2121 5645 2256 5700 ἀλλὰ
2289 5647 2380 5702 καὶ
2405 5647 2648 5720 πρώτους
2683 5650 2780 5721 μὲν
2812 5652 3004 5716 αὐτοὺς
3039 5654 3316 5707 ἐκάλεσεν·
3347 5655 3445 5709 οὑκ
3479 5650 3545 5725 ἦν
3566 5654 3608 5706 δ’
3636 5654 3667 5706 6
