3974 6506
225 439 376 494 1241

1255 437 1544 494 ECLOGAS
1581 437 2058 495 PROPHETICE.
2099 469 2167 480 —-—
2206 439 2332 494 LIB.
2372 438 2462 494 IV.

3335 445 3472 498 19.62

223 555 367 618 λαὸς
417 554 726 610 ὑπακούων.
786 556 860 608 Δι’
892 557 920 609 ὃ
953 574 1102 627 φησι·
1147 575 1164 609 ι
1203 558 1346 610 Διότι
1377 554 1559 628 ἦλθον,
1596 559 1690 612 καὶ
1711 559 1795 613 ού)

1911 569 2034 630 post
2071 560 2300 616 istorum
2353 559 2792 630 reprobationem
2843 561 3080 631 gentium
3132 561 3472 615 vocationem

221 641 302 716 ἦν
335 647 644 716 ἄνθρωπος·
673 647 904 700 ἐκάλεσα
932 649 1024 700 καὶ
1057 649 1154 702 οὑκ
1183 645 1250 720 ἦν
1282 652 1310 702 ὁ
1342 650 1646 704 ὑπακούων.
1684 671 1703 703 ο
1731 653 1809 706 Τά

221 738 271 791 δ’
296 739 394 792 ἐπὶ
423 738 563 792 τέλει
599 739 699 808 τῆς
734 741 1034 810 περικοπῆς
1059 741 1360 805 ἀκολούθως
1378 742 1516 812 μετά
1542 743 1639 815 τὴν
1673 744 1811 798 ἐκεί-

220 849 345 885 νων
374 831 644 902 ἀποϐολὴν
677 834 768 885 ἐπὶ
800 833 897 903 τὴν
932 833 990 898 ἐξ
1019 832 1185 886 ἐθνῶν
1225 834 1551 906 ἀναφέρεται
1586 837 1773 907 κλῆσιν
1793 879 1806 900 ,

221 923 344 976 ἀπὸ
371 923 490 985 τοῦ,
515 943 532 974 σ
557 925 652 988 Τίς
677 927 734 978 ἐν
759 926 885 1000 ὑμῖν
911 927 939 978 6
963 924 1125 993 φοϐού
1136 942 1290 995 μενος
1312 926 1402 980 τὸν
1425 927 1657 997 Κύριον;
1714 930 1812 982 ὑπ-

219 1015 522 1068 ακουσάτω
549 1015 650 1085 τῆς
675 1017 856 1085 φωνῆς
881 1016 972 1069 τοῦ
1001 1016 1185 1080 παιδὸς
1218 1017 1402 1070 αὐτοῦ.
1436 1038 1454 1069 ι
1489 1019 1677 1090 Ἡμεῖς
1701 1021 1808 1091 γὰρ

218 1105 450 1177 ἀληθῶς
472 1103 612 1178 ἦμεν
639 1127 657 1160 ‹
692 1110 740 1161 οἱ
790 1110 1140 1180 πορευόμενοι
1186 1112 1244 1162 ἐν
1282 1110 1502 1164 σκότει·.
1533 1131 1550 1162 ο
1589 1114 1682 1166 καὶ
1711 1113 1808 1167 οὑκ

217 1190 297 1266 ἦν
329 1197 463 1266 ἡμῖν
498 1198 604 1267 πρὸ
630 1199 728 1266 τῆς
748 1200 1044 1270 παρουσίας
1085 1199 1178 1252 τοῦ
1213 1194 1462 1270 Σωτῆρος
1490 1201 1644 1271 ήμῶν
1670 1203 1802 1270 φῶς·

169 1344 175 1350 ,
216 1285 367 1340 ἀλλὰ
395 1286 491 1340 νῦν
523 1287 610 1340 διὰ
639 1288 736 1358 τὴν
763 1288 855 1342 τοῦ
885 1288 1018 1342 Θεοῦ
1049 1291 1207 1360 χάριν
1247 1287 1584 1359 πεποίθαμεν
1617 1292 1708 1343 ἐπὶ
1729 1289 1808 1361 τῷ

215 1379 456 1450 ὀνόματι
481 1380 709 1450 Κυρίου,
753 1383 848 1435 καὶ
898 1381 1364 1453 ἐπιστηριζόμεθα
1421 1384 1511 1437 ἐπὶ
1539 1383 1616 1454 τῷ
1655 1383 1801 1454 856.2)-

214 1473 342 1533 τοῖς
371 1469 428 1523 δὲ
455 1471 528 1541 μὴ
561 1470 912 1524 πιστεύσασιν
943 1473 1022 1534 εἰς
1041 1472 1131 1524 τὸν
1160 1473 1414 1543 Χριστὸν,
1437 1467 1517 1532 οἷς
1541 1474 1634 1526 καὶ
1667 1473 1807 1526 ἀνω-

215 1559 372 1633 τέρω
433 1563 618 1633 εἴρητο
653 1564 732 1616 τό’
778 1583 796 1614 ι
846 1563 974 1616 Ἰδοὺ
1017 1565 1214 1628 πάντες
1258 1565 1416 1634 ὑμεῖς
1467 1565 1541 1628 ὡς
1591 1565 1804 1635 ἱμάτιον

214 1651 698 1723 παλαιωθήσεσθε,
716 1655 810 1708 καὶ
833 1653 908 1717 ὡς
933 1653 1029 1725 σὴς
1051 1655 1280 1723 φάγεται
1311 1656 1452 1726 ὑμᾶς
1476 1696 1489 1716 ,
1516 1675 1532 1704 ι
1555 1655 1804 1726 ἐπιφέρει

213 1745 244 1796 6
265 1743 432 1812 λόγος
473 1744 696 1813 φάσκων
719 1763 730 1776 ·
775 1765 794 1796 ι
849 1746 978 1800 Ἰδοὺ
1013 1748 1212 1810 πάντες
1241 1748 1396 1818 ὑμεῖς
1418 1748 1494 1811 ὡς
1538 1747 1649 1819 πῦρ
1681 1749 1802 1802 καί·

213 1853 336 1899 ετε,
367 1857 386 1887 ι
432 1837 526 1890 καὶ
557 1838 624 1891 τά
667 1837 822 1909 ἑξῆς
849 1840 906 1891 ἐν
940 1833 1020 1901 οἷς
1061 1839 1248 1908 σαφῶς
1287 1840 1380 1892 καὶ
1426 1839 1506 1892 τό·
1542 1859 1559 1890 ι
1599 1839 1800 1910 Δι’ἐμὲ

1913 653 2146 707 innuunt
2172 671 2184 684 ’
2225 671 2243 704 ι
2280 652 2415 720 Quis
2467 669 2532 707 ex
2566 653 2722 708 vobis
2764 653 2963 709 timens
3011 653 3344 708 Dominum?
3378 670 3443 708 an

1913 745 2027 800 diat
2080 757 2263 798 vocem
2321 743 2462 798 servi
2512 744 2616 798 sui.
2674 762 2692 795 ι
2738 741 2849 798 Nos
2892 744 3034 798 enim
3091 759 3217 798 vere
3257 759 3474 800 eramus

1915 853 1935 886 σ
1971 836 2314 889 ambulantes
2345 836 2397 889 in
2432 835 2708 900 tenebris;
2745 853 2763 886 ι
2799 851 2974 904 neque
3027 844 3146 889 erat
3193 836 3351 890 nobis
3394 837 3477 889 lu-

1910 941 2035 979 men
2067 935 2192 980 ante
2235 925 2536 980 Salvatoris
2585 926 2757 980 nostri
2810 926 3140 992 adventum;
3180 925 3274 981 sed
3327 943 3476 982 nunc

1911 1016 2003 1073 Dei
2038 1019 2210 1088 gratia
2259 1017 2595 1072 credidimus
2647 1018 2702 1070 in
2745 1017 2967 1072 nomine
2997 1017 3232 1080 Domini,
3259 1025 3313 1071 et
3364 1015 3477 1072 Deo

1909 1112 2270 1166 adlneremns.
2325 1108 2448 1165 Istis
2481 1125 2610 1164 vero
2646 1111 2740 1180 qui
2771 1126 2877 1165 non
2908 1111 2962 1164 in
2993 1111 3268 1165 Christum
3295 1109 3476 1164 credi-

1907 1201 2125 1262 derunt,
2157 1200 2356 1270 quibus
2389 1209 2442 1254 et
2466 1199 2717 1268 superius
2740 1199 2944 1255 dictum
2975 1207 3059 1253 est
3088 1216 3100 1250 :
3131 1218 3149 1249 ι
3193 1197 3332 1252 Ecce
3360 1213 3480 1252 om-

1909 1310 2006 1348 nes
2038 1309 2132 1348 vos
2181 1293 2337 1362 quasi
2369 1295 2754 1356 vestimentum
2805 1292 3090 1347 inveterati
3113 1291 3288 1354 eritis,
3321 1298 3374 1345 et
3406 1290 3478 1344 ti-

1908 1401 2006 1438 nea
2045 1386 2294 1438 comedet
2333 1400 2452 1446 vos,
2498 1404 2515 1432 ι
2552 1383 2740 1451 adjicit
2788 1399 2967 1438 sermo
3016 1382 3251 1438 dicens:
3281 1400 3301 1433 ‹
3335 1380 3479 1436 Ecce

1906 1490 2094 1528 omnes
2129 1490 2225 1529 vos
2257 1475 2433 1545 ignem
2468 1473 2778 1536 incenditis,
2807 1495 2824 1526 ι
2864 1481 2917 1528 et
2944 1473 3171 1543 reliqua.
3195 1471 3252 1526 In
3279 1471 3478 1541 quibus

1907 1564 2196 1619 manifeste
2223 1574 2280 1619 et
2312 1566 2441 1619 illud
2463 1581 2508 1616 τι
2537 1565 2764 1634 Propter
2797 1579 2882 1618 me
2917 1563 3055 1618 facta
3088 1571 3216 1618 sunt
3240 1563 3353 1618 lucc
3377 1577 3476 1617 vo-

1905 1656 2011 1715 bis.
2057 1675 2076 1707 ι
2107 1655 2174 1711 de
2214 1672 2449 1726 persona
2495 1657 2700 1712 dicitur
2731 1655 2938 1710 Christi
2989 1655 3334 1724 objurgantis
3358 1669 3477 1718 eos,

1905 1749 2398 1818 exprobrantisque
2441 1748 2640 1804 factam
2675 1751 2729 1804 in
2765 1750 3003 1818 seipsum
3039 1747 3352 1803 Iudaeorum
3383 1762 3481 1818 po-

1908 1841 2017 1910 puli
2047 1842 2574 1911 przevaricationem.
2726 1850 2728 1854 '

212 1928 442 1994 ἐγένετο
464 1927 634 1982 ταῦτα
663 1931 808 2001 ὑμῖν,
837 1951 852 1981 ι
872 1932 936 1985 ἐκ
963 1930 1250 2002 προσώπου
1275 1930 1520 1984 λέλεκται
1548 1930 1640 1984 τοῦ
1691 1933 1926 2002 Χριστοῦ
1988 1934 2405 1999 ἐπονειδίζοντος
2444 1936 2628 1998 αὑτοῖς
2664 1934 2757 1988 καὶ
2813 1933 3204 2004 ἀπελέγχοντος
3259 1933 3355 2005 τὴν
3401 1933 3482 1996 είς

212 2022 388 2076 αὑτὸν
451 2024 829 2094 γεγενημένην
895 2024 987 2078 τοῦ
1062 2024 1323 2078 Ἰουδαίων
1381 2025 1510 2080 λαοῦ
1563 2028 1924 2098 παρανομίαν.

725 2118 1115 2172 ΚΕΦΑΛΑΙΟΝ
1149 2121 1310 2188 KGH}

297 2255 316 2284 ι
359 2235 500 2288 Τάδε
527 2233 672 2303 λέγει
701 2233 902 2305 Κύριος
919 2252 932 2265 ·
957 2237 1034 2288 Δι’
1051 2236 1192 2306 ὑμᾶς
1209 2236 1294 2289 διὰ
1319 2237 1519 2300 παντὸς
1545 2237 1605 2290 τὸ
1635 2237 1806 2308 δνομά

217 2344 329 2396 μου
366 2326 764 2397 βλασφημεῖται
793 2328 849 2379 ἐν
873 2329 986 2390 τοῖς
1013 2326 1209 2380 ἔθνεσι⁹
1236 2327 1323 2381 διά
1351 2327 1509 2381 τοῦτο
1538 2329 1803 2397 γνώσεται

207 2423 239 2472 6
281 2418 415 2482 λαός
471 2436 570 2490 μου
625 2419 684 2471 τὸ
712 2418 880 2489 δνομὰ
913 2437 1011 2489 μου
1037 2437 1048 2448 ·
1111 2420 1198 2474 διὰ
1238 2420 1393 2474 τοῦτο
1441 2423 1498 2474 ἐν
1526 2425 1590 2492 τῇ
1621 2423 1803 2494 ἡμέρᾳ

210 2513 432 2583 ἐκείνῃ,
472 2514 552 2566 ὅτι
583 2512 691 2580 ἐγώ
723 2515 837 2584 εἰμι
862 2514 1021 2578 αὑτὸς
1051 2516 1079 2566 6
1107 2515 1304 2580 λαλῶν,
1332 2517 1560 2588 πάρειμι
1583 2518 1658 2581 ὡς
1684 2517 1802 2590 ῶρα

209 2605 311 2657 ἐπὶ
338 2604 448 2656 τῶν
467 2604 658 2675 ὀρέων,
691 2605 766 2669 ὼς
797 2606 954 2670 πόδες
1003 2607 1484 2679 εὐαγγελιζομένου
1520 2610 1688 2679 ἀκοὴν
1723 2611 1802 2662 εί-

211 2695 412 2767 ρήνης,
473 2697 548 2759 ὡς
607 2697 1087 2768 εὐαγγελιζόμενος
1137 2698 1316 2768 ἀγαθά
1345 2741 1360 2763 ,
1397 2701 1478 2753 ὅτι
1531 2700 1800 2773 ἀκουστὴν

208 2789 430 2860 ποιήσω
453 2789 550 2860 τὴν
580 2789 852 2858 σωτηρίαν
898 2806 1010 2853 σου,
1044 2789 1217 2858 λέγων
1246 2807 1260 2821 ⁸
1300 2790 1458 2856 Σιὼν,
1491 2791 1799 2862 βασιλεύσει

210 2899 313 2935 σου
340 2883 370 2933 ὁ
393 2881 542 2946 Θεός.
583 2901 600 2933 ι
638 2882 745 2934 Καὶ
776 2881 914 2952 αὕτη
958 2883 1051 2936 ἐπὶ
1078 2873 1168 2935 τὸν
1193 2884 1419 2955 Σωτῆρα
1456 2885 1799 2953 εὐλογώτατα

207 2974 448 3044 ἁρμόζοι
485 2975 551 3028 ἂν
593 2977 626 3044 ὴ
680 2977 1018 3047 προφητεία,
1057 2977 1148 3028 ἐπὶ
1180 2977 1277 3048 τῆς
1310 2978 1603 3048 ἐπιδημίας
1632 2979 1796 3034 αὑτοῦ

207 3065 595 3136 πληρωθέντος
634 3067 748 3120 τοῦ·
787 3088 804 3119 ‹
850 3068 1100 3138 ’Ὁτιέγώ
1141 3068 1203 3137 (Ῑ.
1260 3069 1347 3135 56)
1395 3072 1531 3140 εἰμι,
1574 3071 1735 3134 αὑτὸς
1772 3073 1800 3124 6

206 3157 393 3210 λαλῶν
419 3158 666 3230 πάρειμι.
701 3180 720 3211 ›
754 3159 842 3230 Τῷ
880 3160 979 3231 μὲν
1006 3157 1096 3214 οὖν
1120 3162 1368 3234 προτέρῳ
1391 3162 1503 3233 λαῷ
1527 3165 1605 3225 είς
1631 3165 1797 3234 πρόσ-

206 3266 367 3302 ωπον
423 3249 634 3320 εἴρηται
688 3251 759 3304 τὰ
797 3253 902 3306 ἀπὸ
925 3251 1039 3305 τοῦ·
1088 3272 1106 3302 ‹
1132 3256 1207 3306 Δι’
1231 3255 1373 3324 ὑμᾶς
1411 3254 1495 3308 διὰ
1518 3257 1716 3319 παντὸς
1738 3258 1798 3310 τὸ

203 3341 390 3411 ὄνομά
421 3357 520 3411 μου
558 3340 954 3413 βλασφημεῖται
989 3345 1046 3396 ἐν
1073 3334 1186 3409 τοῖς
1217 3345 1391 3398 ἔθνεσι
1412 3363 1424 3377 ο
1461 3366 1479 3397 ι
1515 3347 1582 3399 τὰ
1619 3347 1662 3399 δ’
1692 3347 1798 3400 ἀπὸ

205 3436 331 3489 τοῦθ
380 3455 398 3486 ‹
431 3435 526 3488 Διά
547 3435 702 3489 τοῦτο
733 3437 998 3505 γνώσεται
1022 3437 1192 3501 ὀλαός
1211 3456 1311 3508 μου
1341 3439 1399 3491 τὺ
1424 3439 1594 3508 ὄνομά
1610 3456 1710 3509 μου
1738 3441 1795 3492 ἐν

204 3529 280 3597 τῇ
305 3526 487 3598 ἡμέρᾳ
514 3527 716 3597 ἐκείνῃ,
757 3547 775 3578 ι
803 3532 972 3582 νοοῖτο
1007 3531 1070 3584 ἂν
1104 3532 1230 3601 περὶ
1271 3532 1375 3583 τῶν
1403 3533 1480 3594 είς
1507 3533 1666 3586 αὑτὸν
1699 3550 1794 3585 πε-

206 3619 584 3672 πιστευκότων
640 3619 825 3672 ἐθνῶν.
864 3621 1038 3683 Αὐτὸς
1061 3618 1152 3674 οῦν
1183 3624 1329 3674 ἐστιν
1353 3625 1381 3676 6
1412 3624 1791 3696 καὶπρότερον

206 3711 290 3780 τεὴ
322 3711 418 3780 μὲν
444 3709 510 3762 δι’
544 3710 808 3778 ἀγγέλων,
841 3711 916 3781 πῆ
937 3711 990 3764 δὲ
1018 3714 1109 3765 καὶ
1141 3713 1227 3766 διὰ
1258 3715 1550 3786 προφητῶν
1581 3715 1790 3784 ἀνθρὼ-

206 3819 339 3865 πιοις
359 3803 651 3873 ὁμιλήσαςο
686 3803 778 3855 καὶ
811 3804 996 3874 μέντοι
1030 3806 1268 3870 ἐκείνους
1299 3808 1372 3878 (1)
1408 3804 1561 3872 αὖθις
1605 3825 1790 3878 παρα-

206 3911 238 3960 γ
253 3895 342 3946 ενό
353 3910 528 3961 μενος,
549 3895 641 3946 καὶ
658 3893 724 3947 δι’
739 3895 930 3948 ἐαυτοῦ
953 3896 1050 3967 τὴν
1074 3898 1347 3970 σωτηρίαν
1374 3902 1507 3952 πᾶσι
1523 3900 1785 3972 κηρύξας,

203 3985 396 4038 ὁποῖον
417 3982 530 4053 ἔχει
559 3982 684 4036 νοῦν
713 3986 741 4036 6
770 3985 1070 4056 φιλομαθὴς
1095 3988 1394 4060 ἐρευνήσας
1422 3989 1643 4045 εἴσεται.

718 4077 1111 4131 ΚΕΦΑΛΑΙΟΝ
1154 4081 1276 4134 ΚΖ’.

287 4185 308 4218 ι
355 4168 464 4220 Καὶ
491 4168 826 4240 ἀποκαλύψει
866 4171 1069 4242 Κύριος
1112 4173 1203 4226 τὸν
1232 4173 1488 4247 βραχίονα
1512 4175 1602 4229 τὸν
1636 4176 1789 4244 ἆγιον

201 4258 380 4312 αὑτοῦ
409 4259 633 4313 ἐνώπιον
660 4262 874 4315 πάντων
900 4264 1004 4317 τῶν
1029 4264 1217 4329 ἐθνῶν,
1249 4269 1342 4320 καί
1370 4267 1587 4336 ὄψονται
1615 4268 1788 4321 πάντα

205 4351 280 4404 τὰ
322 4351 448 4421 ἔθνη
492 4351 561 4404 τὰ
589 4353 730 4424 ἄκρα
758 4355 858 4424 τῆς
899 4356 1002 4425 γῆς
1058 4358 1155 4430 τὴν
1205 4361 1475 4430 σωτηρίαν
1508 4361 1604 4432 τὴν
1639 4361 1790 4434 παρὰ

206 4444 306 4498 τοῦ
353 4444 507 4498 Θεοῦ.
545 4445 869 4516 Ἀπόστητε,
922 4448 1214 4519 ἀπόστητε,
1260 4447 1500 4514 ἐξέλθετε
1559 4453 1784 4517 ἐκεῖθεν,

208 4537 307 4591 καὶ
339 4537 648 4608 ἀκαθάρτου
674 4537 748 4609 μὴ
781 4539 1016 4608 ἆψησθε·
1043 4539 1282 4604 ἐξέλοετε
1311 4543 1374 4595 ἐκ
1402 4542 1566 4612 μέσου
1595 4545 1783 4615 αὐτῆς,

206 4629 305 4682 καὶ
329 4629 680 4700 ἀφορίσθητε,
715 4633 763 4682 οί
804 4631 1057 4700 φέροντες
1109 4633 1174 4684 τά
1221 4633 1385 4706 σκεύη
1441 4636 1672 4707 Κυρίου·
1705 4639 1785 4690 ὅτι

205 4721 271 4773 οὑ
309 4722 445 4792 μετά
482 4723 726 4794 ταραχῆς
758 4721 1121 4788 ἐξελεύσεσθε,
1174 4725 1293 4778 οὑδὲ
1333 4730 1475 4798 φυγῇ
1521 4728 1784 4797 πορεύσε-

2431 2124 2660 2181 CAPUT
2730 2124 2922 2181 XXVI.

1982 2257 2000 2289 ι
2075 2238 2199 2293 ll:ec
2254 2238 2386 2293 dicit
2437 2237 2704 2292 Dominus
2758 2257 2770 2292 :
2834 2236 3066 2307 Propter
3112 2251 3208 2291 vos
3279 2250 3477 2290 nomen

1909 2346 2087 2384 meum
2123 2330 2536 2399 blasphematur
2565 2328 2621 2382 in
2642 2327 2894 2399 gentibus
2921 2347 2932 2381 :
2957 2327 3164 2381 idcirco
3188 2335 3479 2394 cognoscet

1908 2421 2140 2490 populus
2196 2435 2348 2476 meus
2393 2436 2590 2474 nomen
2643 2435 2821 2474 meum
2849 2437 2864 2486 ;
2895 2417 3100 2473 idcirco
3144 2420 3199 2472 in
3247 2417 3333 2472 die
3364 2417 3476 2483 illa,

1905 2511 2048 2580 quod
2081 2526 2180 2580 ego
2216 2526 2357 2575 sum,
2391 2509 2508 2580 ipse
2552 2511 2644 2580 qui
2679 2509 2890 2579 loquor,
2927 2509 3120 2564 adsum
3181 2516 3238 2564 ut
3273 2509 3477 2563 formo-

1905 2604 2041 2658 sitas
2077 2604 2131 2656 in
2163 2602 2461 2668 montibus,
2487 2611 2545 2657 ut
2575 2602 2738 2673 pedes
2759 2601 3190 2672 evangelizantis
3223 2602 3472 2655 auditum

1904 2695 2074 2765 pacis,
2102 2703 2160 2750 ut
2180 2696 2272 2765 qui
2291 2695 2509 2750 nuntiat
2537 2695 2700 2759 bona,
2735 2695 2992 2765 quoniam
3010 2694 3246 2748 auditam
3281 2692 3476 2746 faciam

1905 2788 2135 2842 salutem
2175 2798 2341 2852 tuam,
2373 2788 2564 2843 dicens
2598 2806 2611 2842 :
2645 2786 2798 2849 Sion,
2826 2803 2920 2842 rex
2954 2795 3083 2842 tuus
3107 2787 3212 2842 erit
3238 2785 3470 2839 Deus’.»

1902 2880 2028 2936 Haec
2050 2897 2265 2951 quoque
2299 2882 2583 2951 aptissime
2617 2880 2684 2935 ad
2722 2880 3058 2934 Salvatorem
3083 2879 3318 2934 refertur
3352 2891 3478 2942 pro-

1902 2974 2105 3044 phetia,
2131 2973 2290 3044 cujus
2319 2989 2413 3043 per
2432 2971 2865 3028 incarnationem
2900 2972 3178 3041 impletum
3197 2978 3279 3026 est
3304 2968 3434 3024 illud
3457 2986 3472 3023 :

1909 3085 1927 3118 ι
1964 3065 2074 3136 Ego
2105 3080 2248 3129 sum,
2283 3065 2401 3134 ipse
2444 3064 2534 3133 qui
2571 3063 2766 3132 loquor
2794 3061 3007 3116 adsum.
3047 3080 3064 3112 ›
3096 3059 3271 3114 Priori
3311 3059 3478 3130 igitur

1899 3157 2100 3228 pepulo
2125 3172 2223 3227 per
2258 3155 2482 3227 figuram
2517 3155 2720 3210 dicitur
2763 3172 2775 3208 :
2816 3172 2834 3205 ι
2867 3153 3099 3223 PrOpter
3131 3169 3229 3206 vos
3279 3168 3476 3206 nomen

1901 3265 2080 3305 meum
2110 3248 2523 3318 blasphematur
2558 3248 2612 3300 in
2652 3247 2925 3316 gentibus,
2967 3265 2985 3297 ι
3024 3253 3077 3300 et
3098 3253 3314 3300 caetera.
3349 3243 3475 3298 llzec

1899 3358 2029 3398 vero
2059 3360 2072 3394 :
2107 3360 2124 3392 ι
2159 3341 2285 3396 ideo
2321 3349 2613 3410 cognoscet
2637 3339 2868 3409 populus
2893 3354 3046 3393 meus
3073 3353 3268 3391 nomen
3295 3353 3475 3390 meum

1901 3432 1956 3484 in
1983 3432 2070 3486 die
2100 3431 2214 3494 illa,
2256 3450 2274 3482 ι
2304 3431 2371 3484 de
2409 3431 2663 3501 gentibus
2711 3443 2832 3499 quae
2882 3429 2936 3482 in
2963 3443 3085 3482 eum
3124 3425 3475 3482 crediderunt

1851 3515 1863 3531 ¹
1901 3533 2132 3593 possunt
2179 3520 2424 3592 intelligi.
2459 3519 2579 3591 ipse
2632 3521 2796 3591 igitur
2828 3527 2912 3574 est
2939 3519 3031 3590 qui
3066 3519 3219 3590 prius
3254 3517 3473 3588 quidem

1901 3631 1995 3686 per
2021 3614 2264 3684 angelos,
2299 3612 2494 3668 deinde
2527 3629 2624 3683 per
2668 3613 2960 3682 prophetas
2993 3627 3116 3665 cum
3165 3611 3477 3665 hominibus

1902 3716 2263 3762 conversatus
2292 3713 2397 3761 est.
2444 3709 2621 3776 Atque
2653 3715 2774 3775 post
2813 3705 2938 3759 illos
2977 3719 3171 3759 rursus
3209 3719 3472 3774 superve-

1897 3801 2076 3863 niens,
2110 3814 2208 3870 per
2237 3813 2296 3854 se
2325 3799 2499 3868 ipsum
2545 3799 2774 3852 salutem
2819 3797 3074 3850 omnibus
3105 3795 3470 3850 annuntiavit.

1899 3895 2144 3960 Quorum
2179 3909 2404 3948 sensum
2447 3891 2727 3946 studiosus
2762 3889 3046 3960 indagator
3084 3887 3339 3958 perfacile
3372 3903 3472 3942 no-

1895 3987 2052 4040 verit.

2437 4074 2666 4132 CAPUT
2707 4073 2920 4129 XXVII.

1975 4189 1993 4221 ι
2029 4169 2095 4223 Et
2128 4169 2390 4225 revelabit
2421 4167 2683 4221 Dominus
2714 4167 2998 4220 brachium
3031 4174 3278 4220 sanctum
3310 4180 3471 4220 suum

1894 4265 1949 4319 in
1995 4274 2292 4335 conspectu
2321 4260 2564 4315 omnium
2601 4259 2877 4328 gentium,
2907 4266 2960 4311 et
2993 4257 3256 4311 videbunt
3289 4256 3472 4310 omnia

1893 4369 2140 4414 extrema
2172 4367 2330 4411 teme
2359 4355 2588 4408 salutem
2637 4367 2664 4405 a
2697 4349 2807 4405 Dco
2839 4359 3047 4406 nostro.
3080 4349 3356 4410 Recedile,
3381 4364 3470 4402 re-

1893 4451 2092 4513 cedite,
2123 4449 2267 4502 exite
2298 4447 2448 4508 inde,
2482 4445 2749 4514 pollutum
2769 4443 2937 4496 nolite
2962 4449 3200 4511 tangere.
3223 4439 3376 4494 Exite
3404 4437 3472 4494 de

1893 4544 2074 4600 medio
2105 4542 2245 4612 ejus,
2310 4538 2646 4594 mundamini
2684 4537 2778 4606 qui
2835 4534 2989 4590 fertis
3048 4548 3176 4588 vasa
3228 4531 3465 4588 Domini.

1893 4636 2162 4703 Quoniam
2193 4647 2302 4686 non
2337 4631 2389 4685 in
2424 4627 2660 4683 tumultu
2693 4625 2938 4688 exibitis,
2972 4639 3073 4679 nec
3102 4624 3156 4677 in
3190 4622 3313 4694 fuga
3351 4639 3472 4691 pro-

1893 4729 2155 4800 perabitis
2188 4745 2200 4780 :
2236 4723 2506 4796 praecedet
2537 4721 2681 4776 enim
2715 4735 2812 4774 vos
2844 4717 3128 4800 Dominus,
3157 4723 3210 4771 et
3241 4730 3469 4785 congre-

209 4811 337 4864 σθε·
380 4793 704 4883 πορεύσεται
749 4814 856 4886 γὰρ
904 4814 1165 4887 πρότερος
1203 4793 1354 4887 ὑμῶν
1384 4793 1606 4890 Κύριος,
1642 4821 1735 4874 καὶ
1759 4823 1787 4874 6

1903 4793 2048 4896 gahit
2075 4837 2171 4874 vos
2197 4793 2341 4875 Deus
2376 4815 2566 4871 Israel.
2597 4815 2737 4868 lic¢e
2773 4793 3038 4883 intelliget
3073 4827 3262 4868 servus
3292 4825 3466 4874 meus,

211 4905 462 4974 συνάγων
507 4907 650 4977 ὑμᾶς
691 4907 822 4971 Θεὸς
859 4908 1094 4980 Ἰσραήλ.
1145 4910 1274 4964 Ἰδοὺ
1331 4913 1548 4984 συνήσει
1596 4915 1624 4966 6
1662 4917 1788 4978 παῖς

211 5015 341 5068 μου,
372 4998 464 5051 καὶ
491 4999 856 5070 ὑψωθήσεται,
889 5002 980 5054 καὶ
1021 5003 1514 5076 μετεωρισθήσεται
1550 5006 1750 5078 σφόδρα
1769 5025 1784 5040 ο

206 5089 269 5142 ὃν
308 5091 508 5162 τρόπον
539 5093 891 5162 ἐκστήσονται
926 5095 1019 5147 ἐπὶ
1048 5095 1128 5146 σοὶ
1155 5094 1356 5160 πολλοὶ,
1387 5097 1558 5164 οὕτως
1599 5099 1789 5171 ἀδοξήο

210 5199 298 5236 σει
328 5181 436 5236 άπὸ
464 5181 763 5255 ἀνθρώπων
789 5184 849 5237 16
884 5183 1022 5250 εἶδός
1061 5203 1174 5250 σου,
1203 5188 1297 5242 καὶ
1325 5190 1358 5260 ἡ
1387 5189 1514 5256 δόξα
1550 5207 1643 5243 σου
1682 5191 1788 5244 ἀπὺ

205 5274 318 5326 τῶν
352 5273 670 5346 ἀνθρώπων.
712 5275 867 5329 Οὕτω
898 5276 1264 5348 θαυμάσονται
1312 5279 1438 5354 ἔθνη
1481 5283 1650 5337 πολλά
1699 5285 1785 5336 ἐπ’

207 5366 381 5438 αὐτῷ,
411 5368 503 5420 καὶ
539 5367 812 5432 συνέξουσι
858 5368 1093 5439 βασιλεῖς
1137 5373 1198 5425 τὸ
1241 5373 1412 5444 στόμα
1457 5375 1664 5428 αὑτῶνο
1704 5377 1784 5428 ὅτι

206 5455 291 5523 οἷς
339 5459 438 5513 οὑκ
487 5458 758 5530 ἀνηγγέλη
795 5460 922 5531 περὶ
960 5463 1143 5530 αὑτοῦ,
1172 5464 1408 5533 ὄψονται,
1464 5467 1557 5519 καὶ
1601 5467 1649 5519 οἳ
1686 5467 1784 5520 οὑκ

207 5550 503 5620 ἀκηκόασι,
540 5553 851 5621 συνήσουσι.
888 5553 1078 5626 Κύριε,
1123 5555 1204 5620 τίς
1224 5559 1508 5610 ἐπίστευσε
1538 5561 1602 5629 τῇ
1646 5559 1780 5630 ἀκοῇ

207 5643 404 5713 ήμῶν,
461 5644 554 5696 καὶ
605 5645 633 5696 6
684 5643 923 5715 βραχίων
977 5648 1180 5718 Κυρίου
1231 5649 1335 5703 τίνι
1389 5649 1779 5720 άπεκαλύφθη;

223 5734 647 5805 Ἀνηγγείλαμεν
678 5735 752 5798 ὡς
785 5735 993 5789 παιδίον
1040 5738 1277 5792 ἐναντίον
1327 5739 1514 5802 αὑτοῦ,
1557 5740 1632 5802 ὡς
1658 5738 1782 5809 ῥίζα

282 5854 296 5884 ’
329 5853 450 5909 lsal.
481 5869 577 5917 ιιιι.
613 5854 728 5910 5-7.

1896 4914 2245 4975 exaltabitur,
2301 4918 2356 4966 et
2406 4907 2729 4968 elevabitur,
2781 4917 2833 4960 et
2877 4905 3128 4961 sublimis
3155 4905 3258 4957 erit
3289 4902 3466 4956 Valde.

1899 5006 2052 5061 Sicut
2084 5005 2486 5074 obstupuerunt
2509 5015 2676 5070 super
2697 5009 2748 5055 te
2770 4999 2946 5058 multi.
2967 4998 3046 5052 sic
3072 4996 3335 5066 inglorius
3363 4997 3469 5049 erit

1895 5100 2036 5152 inter
2048 5096 2198 5150 viros
2217 5103 2470 5165 aspectus
2489 5093 2632 5161 ejus,
2654 5099 2708 5148 et
2728 5091 2902 5145 forma
2920 5090 3040 5158 ejus
3056 5089 3197 5142 inter
3221 5087 3357 5141 filios
3376 5087 3470 5141 ho-

1899 5190 2128 5243 minum.
2167 5187 2258 5240 Sic
2299 5184 2644 5239 mirabuntur
2690 5189 2882 5252 gentes
2915 5181 3099 5234 nurltze
3133 5194 3296 5249 super
3317 5193 3464 5245 eum,

1897 5296 2063 5352 super
2088 5279 2264 5350 ipsum
2299 5276 2660 5333 continebunt
2682 5289 2841 5344 reges
2866 5287 2928 5327 os
2960 5287 3118 5327 suum
3152 5271 3314 5340 :quia
3345 5271 3467 5340 qui-

1892 5374 1996 5428 bus
2039 5387 2147 5426 non
2187 5378 2270 5424 est
2310 5375 2591 5422 narratum
2624 5366 2691 5418 de
2722 5379 2808 5427 eo,
2833 5363 3108 5424 viderunt,
3142 5369 3194 5414 et
3225 5359 3316 5430 qui
3354 5377 3464 5414 non

1889 5466 2198 5525 audierunt,
2232 5459 2588 5529 contemplati
2623 5464 2772 5510 sunt.
2809 5454 3036 5508 Domine
3068 5452 3192 5522 quis
3233 5451 3463 5505 credidit

1895 5556 2103 5610 auditui
2139 5554 2364 5608 nostro?
2391 5561 2442 5606 et
2473 5551 2758 5606 brachium
2792 5546 3004 5602 Domini
3040 5546 3130 5600 cui
3167 5545 3460 5600 revelatum

1894 5646 2016 5701 est?
2041 5644 2106 5698 Et
2132 5643 2386 5700 ascendet
2413 5643 2553 5698 sicut
2577 5639 2870 5711 virgultum
2901 5650 3086 5691 coram
3121 5651 3207 5700 eo,
3236 5644 3290 5690 et
3316 5635 3459 5690 sicut

1891 5741 2041 5795 radix
2070 5740 2136 5793 de
2169 5746 2314 5792 terra
2350 5735 2576 5792 sitienti.
2623 5731 2741 5789 Non
2789 5739 2871 5788 est
2918 5728 3124 5800 species
3159 5726 3231 5794 ei,
3281 5739 3458 5798 neque

282 5950 358 6019 (ι)
391 5947 486 6006 Vel
507 5949 787 6021 legendum
813 5949 948 6021 μετά
977 5965 1072 6020 pro
1109 5948 1306 6019 μέντοι,
1329 5949 1409 6004 vel
1435 5947 1658 6012 ἐκείνοις
1685 5961 1782 6018 pro

1907 5947 2066 6012 ίνους.
2106 5947 2260 6003 Eon.
