3974 6484
503 413 645 470 1245

1203 413 1473 472 EUSEBII
1521 410 2002 472 cmsamsasrs
2040 415 2189 473 ore.
2220 415 2414 472 PARS.
2453 415 2542 470 tu.
2582 445 2655 456 —
2691 397 3101 467 Exscﬁ'lCA.

3626 405 3752 462 ιω

497 529 666 584 decor
699 549 712 585 :
747 535 800 585 et
829 530 1062 586 vidimus
1099 546 1246 597 eum,
1283 540 1338 587 et
1380 547 1485 586 non
1535 532 1768 589 habebat
1793 543 2071 606 aspectum

2196 553 2233 588 ιν
2259 536 2329 604 γῇ
2361 531 2567 604 διψώσῃ
2589 547 2603 561 ·
2637 529 2737 582 οὐκ
2783 527 2929 580 ἔστιν
2963 520 3100 586 εἶδος
3129 519 3294 578 αὐτοῦ
3327 519 3446 574 οὐδὲ
3473 519 3631 586 δόξα·
3666 522 3752 573 καὶ

501 627 676 692 neque
704 622 1193 691 pulchritudinem;
1227 623 1322 679 sed
1345 632 1601 694 aspectus
1629 625 1752 694 ejus
1782 626 2069 697 inglorius,

500 707 758 765 deﬁciens
812 726 920 774 pra:
971 712 1096 766 liliis
1146 712 1464 777 hominum;
1525 714 1689 770 homo
1734 730 2026 786 percussus
2055 758 2071 780 ,

501 804 680 859 sciens
741 803 882 860 ferre
937 804 1351 874 inﬁrmitatem;
1421 807 1550 877 quia
1606 807 1945 864 deformatus
1991 817 2075 864 est

499 896 682 950 vultus
729 895 871 963 ejus,
904 896 1199 969 deSpectus
1234 909 1319 955 est
1351 909 1406 955 et
1445 917 1555 956 non
1601 908 1904 971 reputatus.
1931 899 2078 954 Lan-

497 1001 698 1059 guores
724 996 944 1043 nostros
977 975 1096 1060 ipse
1125 991 1272 1054 tulit,
1327 999 1382 1047 et
1414 992 1634 1048 dolores
1676 1001 1898 1049 nostros
1959 993 2076 1062 ipse

498 1077 738 1148 portavit
773 1095 789 1132 :
819 1085 874 1132 et
901 1094 1003 1134 nos
1041 1083 1354 1150 putavimus
1409 1097 1535 1136 eum
1585 1083 1743 1152 quasi
1778 1083 2076 1153 leprosum,

498 1177 553 1222 et
580 1171 1096 1239 percussumaDeo
1154 1180 1209 1228 et
1279 1173 1650 1228 humiliatum.
1716 1175 1838 1244 ipse
1897 1182 2078 1228 autem

501 1259 822 1318 vulneratus
853 1271 937 1319 est
989 1273 1212 1334 propter
1261 1265 1584 1335 iniquitates
1626 1276 1868 1328 nostras,
1924 1267 2081 1319 attri-

501 1363 589 1406 tus
651 1362 736 1408 est
779 1361 1002 1425 propter
1061 1358 1271 1412 scelera
1331 1365 1522 1411 nostra
1580 1376 1593 1412 :
1651 1357 1940 1428 disciplina
1980 1372 2080 1426 pa-

501 1441 585 1497 cis
615 1453 816 1499 noslrae
842 1459 1008 1514 super
1040 1461 1186 1508 eum,
1210 1455 1265 1500 et
1288 1446 1459 1502 livore
1496 1448 1616 1516 ejus
1646 1448 1821 1501 sanati
1857 1463 2077 1501 smnus.

503 1531 708 1591 Omnes
742 1550 841 1592 nos
882 1536 1042 1606 quasi
1071 1551 1201 1592 oves
1235 1537 1575 1604 erravimus;
1621 1539 1999 1608 unusquisque
2027 1540 2081 1593 in

507 1627 648 1682 viam
700 1643 856 1683 suam
917 1627 1212 1683 declinavit
1257 1648 1270 1682 :
1308 1637 1364 1682 et
1415 1631 1600 1700 posuit
1631 1612 1894 1685 Dominus
1930 1631 1985 1684 in
2017 1647 2084 1686 eo

503 1720 851 1790 iniquitatem
877 1721 1121 1776 omnium
1145 1732 1418 1776 nostrum.
1451 1721 1679 1778 Oblatus
1706 1733 1790 1778 est
1814 1724 1941 1792 quia
1969 1723 2086 1793 ipse

505 1812 696 1876 voluit,
713 1819 887 1867 etnon
904 1813 1117 1882 aperuit
1142 1827 1204 1867 os
1227 1829 1388 1868 suum
1416 1832 1428 1866 :
1461 1813 1738 1868 sicutovis
1767 1813 1832 1866 ad
1847 1813 2086 1867 occisio-

508 1919 632 1963 nem
663 1904 865 1962 ductus
887 1910 994 1970 est,
1027 1911 1082 1959 et
1113 1906 1275 1975 quasi
1312 1921 1488 1975 agnus
1520 1919 1706 1959 coram
1738 1903 2000 1959 tondente
2023 1921 2082 1959 se
2118 1891 2158 1946 Β

504 1993 890 2048 obmutescens
918 1994 997 2048 sic
1050 2009 1158 2049 non
1188 1996 1392 2063 aperiet
1415 2011 1476 2050 os
1494 2010 1675 2049 suum.
1709 1993 1785 2049 De
1805 1995 2079 2063 angustia,

504 2091 560 2140 et
591 2084 658 2138 de
680 2083 891 2153 judicio
921 2085 1173 2141 sublatus
1197 2095 1280 2140 est
1315 2105 1328 2139 :
1355 2085 1762 2156 generationem
1799 2086 1920 2155 ejus
1959 2086 2083 2154 quis

505 2173 823 2230 enarrabit'?
856 2173 996 2240 Quia
1036 2176 1318 2231 abscissus
1347 2185 1431 2231 est
1465 2176 1532 2230 de
1560 2184 1706 2230 terra
1733 2176 2029 2231 viventium
2065 2194 2078 2231 :

504 2274 729 2338 propter
772 2268 955 2323 scelus
990 2269 1174 2338 populi
1229 2269 1331 2322 mei
1367 2269 1622 2338 percussi
1654 2283 1802 2324 eum.
1848 2267 1913 2322 Et
1942 2267 2084 2324 dabo

507 2361 704 2426 impios
749 2375 849 2430 pro
892 2361 1196 2430 sepultura,
1232 2367 1286 2415 et
1329 2361 1553 2415 divitem
1583 2375 1681 2430 pro
1714 2368 1890 2414 morte
1937 2375 2080 2415 sua:

505 2451 726 2523 ecquod
747 2453 1092 2522 iniquitatem
1107 2468 1216 2506 non
1233 2453 1444 2517 lecerit,
1473 2467 1650 2522 neque
1671 2452 1832 2507 dolus
1858 2451 2086 2507 fueritin

505 2561 602 2601 ore
634 2545 772 2614 ejus.
795 2545 858 2600 Et
884 2545 1147 2601 Dominus
1181 2546 1354 2600 voluit
1375 2553 1658 2601 conterere
1681 2561 1805 2601 eum
1831 2545 1887 2599 in
1935 2543 2089 2598 inﬁr-

506 2639 732 2705 mitate;
764 2640 950 2710 siquis
976 2639 1221 2710 posuerit
1257 2652 1357 2708 pro
1383 2645 1608 2708 peccato
1639 2637 1878 2692 animam
1908 2652 2087 2700 suam,

507 2731 714 2786 videbit
763 2747 950 2787 semen
1006 2732 1329 2802 longaevum,
1361 2739 1416 2784 et
1457 2730 1711 2786 voluntas
1763 2729 1979 2786 Domini
2034 2731 2087 2784 in

507 2839 673 2878 manu
703 2823 822 2894 ejus
852 2825 1138 2895 dirigetur.
1169 2824 1274 2878 Pro
1317 2838 1382 2878 eo
1417 2824 1562 2894 quod
1606 2824 1877 2879 laboravit
1909 2824 2092 2877 anima

506 2915 650 2985 ejus,
679 2914 903 2981 videbit,
929 2924 982 2969 et
1014 2915 1353 2970 saturabitur
1378 2933 1390 2968 :
1420 2914 1476 2968 in
1507 2914 1736 2968 scientia
1763 2930 1862 2969 sua
1887 2913 2092 2985 justifi-

508 3004 659 3058 cabit
691 3004 807 3074 ipse
835 3003 1022 3073 justus
1065 3020 1260 3059 servus
1312 3017 1466 3057 meus
1501 3004 1726 3067 multos,
1774 3005 2092 3075 iniquitates

509 3107 703 3147 eorum
734 3092 851 3162 ipse
878 3093 1138 3163 portabit.
1180 3092 1305 3149 Ideo
1350 3094 1674 3164 dispertiam
1713 3094 1764 3148 ei
1803 3094 2088 3164 plurimos,

511 3193 568 3240 et
618 3183 840 3239 fortium
895 3184 1100 3240 dividet
1149 3185 1354 3256 spolia,
1406 3201 1506 3257 pro
1552 3200 1617 3240 eo
1669 3187 1814 3257 quod
1872 3185 2093 3240 tradidit

513 3276 571 3331 in
605 3283 832 3330 mortem
864 3275 1100 3328 animam
1136 3290 1316 3340 suam,
1349 3283 1404 3330 et
1436 3291 1560 3330 cum
1607 3276 1890 3332 sceleratis
1930 3291 2091 3346 repu-

517 3377 666 3422 tatus
697 3373 782 3422 est
814 3384 826 3420 :
857 3373 911 3420 et
959 3366 1077 3436 ipse
1121 3376 1346 3436 peccata
1379 3367 1679 3422 multorum
1708 3367 1855 3431 tulit,
1899 3377 1952 3421 et
1995 3383 2094 3437 pro

517 3458 1020 3530 transgressoribus
1062 3459 1296 3530 rogavit.
1345 3457 1556 3525 Lauda,
1587 3460 1794 3514 sterilis
1822 3475 1944 3528 quae
1985 3476 2095 3514 non

516 3549 698 3620 paris:
721 3547 952 3604 decanta
977 3549 1217 3616 laudem,
1242 3559 1296 3604 et
1323 3547 1501 3612 hinni,
1532 3563 1653 3619 quae
1673 3563 1781 3601 non
1806 3547 2094 3616 pariebas:

515 3640 778 3710 quoniam
811 3640 967 3694 multi
1000 3641 1092 3694 ﬁlii
1143 3639 1396 3705 desertae,
1430 3641 1607 3712 magis
1637 3653 1800 3709 quam
1824 3638 1945 3706 ejus
1977 3654 2098 3708 qute

517 3733 682 3788 habet
718 3733 898 3787 virum
933 3733 973 3784 ί.
1014 3752 1032 3782 ι
1069 3731 1301 3798 Quando
1335 3735 1482 3787 enim
1517 3731 1676 3793 alias,
1718 3729 1823 3784 nisi
1851 3745 1946 3799 per
1975 3727 2096 3783 Sal-

516 3826 726 3880 vatoris
757 3825 932 3879 noslri
954 3823 1084 3879 Jesu
1111 3825 1315 3880 Christi
1348 3825 1636 3879 adventum
1664 3821 1949 3876 brachium
1979 3836 2096 3874 ma-

517 3933 708 3985 gnum,
741 3917 950 3972 scilicet
970 3915 1135 3972 Verbi
1164 3916 1286 3986 ejus
1320 3915 1625 3980 brachium,
1657 3914 1820 3969 Pater
1849 3913 2100 3984 Deusqne

519 4009 768 4063 omnium
821 4009 877 4062 in
910 4017 1212 4078 conspectu
1248 4008 1489 4078 gentium
1531 4007 1814 4071 revelavit,
1844 4021 1982 4076 quas
2016 4007 2098 4059 vi-

521 4099 716 4156 dentes
753 4103 934 4155 datam
976 4100 1114 4170 ipsis
1159 4115 1188 4154 a
1222 4099 1336 4154 Deo
1372 4100 1624 4162 salutem,
1661 4099 1730 4152 ab
1764 4113 1955 4153 errore
1990 4099 2101 4168 pri-

521 4192 666 4250 stino
686 4194 840 4263 jubet
869 4193 1146 4256 recedere,
1178 4208 1280 4248 nec
1312 4192 1423 4262 jam
1453 4191 1711 4262 pollutas.
1749 4189 1948 4259 quibus
1973 4189 2101 4242 olim

522 4288 854 4350 serviebant,
889 4289 1141 4359 turpibus
1198 4295 1254 4341 et
1301 4283 1601 4339 immundis
1650 4283 1830 4338 rebus
1859 4281 2096 4350 deditas,

521 4380 790 4450 tangere?
819 4378 884 4432 Et
919 4380 1181 4450 quoniam
1197 4393 1306 4433 non
1329 4391 1463 4430 casu
1497 4376 1630 4428 litut
1663 4374 2042 4430 deterreantur
2074 4388 2105 4426 a

521 4471 758 4542 pristina
785 4471 1056 4540 majorum
1081 4470 1295 4526 vivendi
1319 4468 1534 4523 ratione
1562 4476 1616 4523 et
1649 4483 1677 4521 a
1699 4466 1974 4523 communi
2006 4465 2104 4520 ho~

2177 625 2390 697 εἴδομεν
2419 623 2602 686 αὐτὸν,
2625 623 2718 676 καὶ
2732 621 2833 674 οὐκ
2849 614 2992 690 εἶχεν
3007 613 3144 680 εἶδος
3167 614 3287 668 οὐδὲ
3300 613 3520 676 κάλλος
3543 611 3676 664 ἀλλὰ
3698 612 3753 664 τὺ

2176 712 2314 781 εἶδος
2328 716 2490 770 αὐτοῦ
2508 715 2700 786 ἄτιμον
2722 715 2815 768 καὶ
2840 711 3104 773 ἐκλεῖπον,
3127 705 3276 778 παρὰ
3310 706 3437 768 τοὺς
3464 704 3620 766 υιοῦς
3655 705 3754 754 τιίν

2177 809 2476 882 ἀνθρώπων
2495 825 2509 838 ·
2545 807 2831 881 ἄνθρωπος
2858 805 2912 856 ἐν
2941 801 3120 872 πληγῇ
3147 799 3241 863 ὢν,
3269 800 3364 854 καὶ
3386 796 3548 860 εἰδὼς
3579 796 3757 864 φέρειν

2183 901 2470 974 μαλακίαν,
2495 901 2578 953 ὃτι
2605 899 2985 968 ἀπέστραπται
3009 892 3070 945 τδ
3102 891 3389 971 πρόσωπον
3423 886 3618 949 αὑτοῦ,
3649 888 3760 955 ipso

2184 995 2387 1068 μάσθη,
2419 994 2514 1048 καὶ
2545 993 2646 1046 οὐκ
2671 989 2941 1060 ἐλογίσθη.
2977 981 3145 1050 Οὗτος
3179 983 3278 1048 τὰς
3306 981 3588 1054 ἁμαρτίας
3611 978 3760 1050 ἡμῶν

2183 1089 2359 1160 φέρει,
2382 1089 2474 1140 καὶ
2493 1086 2622 1157 περὶ
2643 1081 2797 1155 ἡμῶν
2819 1081 3087 1141 όδυνᾶται,
3107 1079 3200 1132 καὶ
3215 1079 3373 1147 ἡμεῖς
3397 1069 3762 1142 ἐλογισάμεθα

2183 1182 2342 1236 αὑτὸν
2355 1176 2491 1234 εἶναι
2508 1179 2565 1230 ἐν
2584 1177 2725 1245 πόνῳ
2743 1176 2834 1229 καὶ
2855 1177 2913 1228 ἐν
2928 1171 3166 1226 κακώσει
3183 1171 3278 1224 καὶ
3298 1172 3353 1222 ἐν
3370 1168 3577 1238 πληγῇ.
3599 1164 3762 1228 Αὐτὸς

2181 1274 2237 1327 δὲ
2270 1270 2669 1344 ἐτραυματίσθη
2700 1269 2788 1322 διὰ
2818 1268 2917 1331 τὰς
2936 1264 3207 1337 ἁμαρτίας
3223 1261 3397 1334 ﬁué'w'
3438 1259 3663 1314 παιδεία
3690 1259 3762 1310 εί-

2186 1367 2352 1438 ρήνης
2374 1362 2528 1435 ἡμῶν
2545 1362 2630 1416 ἐπ’
2661 1360 2843 1423 αὐτὸν,
2861 1358 2938 1430 τῷ
2971 1356 3195 1428 μώλωπι
3215 1351 3378 1407 αὑτοῦ
3411 1353 3579 1422 ἡμεῖς
3615 1349 3762 1420 ἰάθη.

2189 1473 2306 1527 μεν.
2333 1455 2540 1518 Πάντες
2567 1453 2644 1516 ὡς
2669 1450 2916 1523 πρόϐατα
2943 1445 3323 1518 ἐπλανήθημεν
3342 1460 3355 1472 ⁸
3382 1441 3677 1512 ἄνθρωπος
3701 1439 3762 1508 τῇ

2187 1547 2291 1618 ὁδῶ
2309 1546 2472 1601 αὑτοῦ
2497 1543 2798 1616 ἐπλανήθη,
2814 1543 2906 1596 καὶ
2920 1540 3125 1611 Κύριος
3143 1537 3455 1610 παρέδωκεν
3474 1533 3764 1595 αὒτδνταῖς

2187 1639 2484 1712 ἁμαρτίαις
2519 1636 2674 1708 ἡμῶν
2697 1653 2710 1666 '
2743 1633 2837 1688 καὶ
2867 1633 3025 1696 αὐτὸς
3059 1631 3148 1685 διὰ
3182 1629 3245 1682 τὸ
3287 1625 3645 1681 κεκακῶσθαι
3673 1625 3765 1677 οὐκ

2189 1733 2394 1801 ἀνοίγει
2413 1731 2476 1784 τὸ
2504 1729 2704 1800 στόμα*
2726 1726 2803 1791 ὡς
2835 1723 3104 1797 πρόϐατον
3130 1721 3220 1774 ἐπὶ
3251 1719 3465 1790 σφαγὴν
3487 1717 3656 1788 ἤχθη,
3677 1719 3765 1770 καὶ

2190 1823 2266 1888 ὡς
2295 1823 2463 1894 ἀμνὸς
2493 1820 2731 1875 ἐναντίον
2777 1818 2869 1871 τοῦ
2917 1817 3191 1888 κείροντος
3227 1813 3457 1882 ἄφωνος,
3487 1803 3648 1872 οὗτος
3675 1809 3766 1862 οὐκ

2185 1914 2390 1984 ἀνοίγει
2426 1913 2487 1967 τὸ
2524 1913 2698 1984 στόμα
2739 1908 2934 1964 αὐτοῦ·
2969 1910 3024 1962 ἐν
3052 1911 3120 1979 τῇ
3151 1902 3479 1960 ταπεινώσει
3520 1906 3556 1974 ἡ
3596 1903 3767 1973 κρίσις

2187 2003 2352 2058 αὑτοῦ
2387 2001 2553 2075 ήρθη,
2585 2002 2684 2072 τὴν
2715 2000 2770 2054 δὲ
2801 1997 2990 2068 γενεὰν
3017 1995 3179 2050 αὑτοῦ
3205 1994 3663 2064 τίςδιηγήσεταις
3691 1991 3764 2044 ὅτι

2187 2095 2404 2167 αἴρεται
2433 2094 2539 2148 ἀπὸ
2564 2094 2662 2165 τῆς
2691 2092 2796 2162 γῆς
2820 2093 2854 2162 ἡ
2879 2088 2990 2161 ζωὴ
3023 2085 3209 2150 αὑτοῦ,
3255 2083 3362 2138 ἀπὸ
3399 2083 3509 2136 τῶν
3534 2078 3764 2152 ἀνομαῖη

2184 2189 2277 2242 τοῦ
2309 2187 2439 2241 λαοῦ
2470 2203 2571 2259 μου
2604 2185 2744 2258 ἢχθη
2789 2186 2867 2248 είς
2913 2182 3155 2236 θάνατον.
3181 2180 3290 2233 Kal.
3318 2176 3476 2231 δώσω
3515 2175 3643 2239 τοὺς
3674 2191 3761 2228 πο-

2191 2281 2389 2353 νηροὺς
2423 2279 2545 2334 ἀντὶ
2584 2278 2684 2348 τῆς
2739 2277 2913 2346 ταφῆς
2957 2273 3142 2337 αὑτοῦ,
3176 2273 3268 2326 καὶ
3313 2270 3442 2332 τοὺς
3485 2266 3764 2328 πλουσίους

2191 2373 2312 2426 ἀντὶ
2352 2371 2447 2425 τοῦ
2483 2370 2712 2424 θανάτου
2753 2366 2940 2432 αὑτοῦ,
2975 2367 3056 2419 δτι
3088 2363 3312 2434 ἀνομίαν
3357 2361 3460 2413 οὐκ
3493 2360 3762 2428 ἐποίησεν,

2188 2462 2310 2516 οὐδὲ
2337 2461 2535 2534 εὑρέθη
2565 2459 2714 2523 δόλος
2755 2460 2812 2511 ἐν
2840 2456 2920 2528 τῷ
2959 2456 3183 2526 στόματι
3213 2451 3396 2506 αὑτοῦ.
3427 2451 3543 2505 Ka‘t
3575 2450 3764 2521 Κύριος

2192 2554 2437 2625 βούλεται
2468 2551 2760 2623 καθαρίσαι
2789 2548 2948 2602 αὑτὸν
2976 2546 3083 2601 ἀπὸ
3107 2545 3206 2615 τῆς
3238 2542 3455 2614 πληγῆς
3474 2559 3486 2571 ·
3517 2541 3616 2594 ἐὰν
3642 2540 3766 2598 δῶτε

2191 2648 2317 2720 περὶ
2345 2645 2638 2718 ἁμαρτίας,
2663 2646 2696 2715 ἡ
2724 2641 2869 2713 ψυχὴ
2898 2640 3049 2712 ὑμῶν
3091 2637 3275 2708 ὄψεται
3307 2635 3529 2707 σπέρμα
3565 2634 3763 2704 μακρόο

2192 2741 2338 2794 ὁιονο
2394 2739 2490 2793 καὶ
2538 2736 2784 2808 βούλεται
2839 2734 3040 2806 Κύριος
3081 2735 3136 2787 ἐν
3170 2730 3309 2802 χειρὶ
3345 2727 3512 2783 αὑτοῦ
3555 2726 3772 2795 ἀφελεῖν,

2191 2833 2299 2887 ἀπὸ
2327 2831 2419 2884 τοῦ
2459 2831 2619 2883 πόνου
2652 2829 2751 2901 τῆς
2784 2826 2964 2898 ψυχῆς
3001 2822 3186 2885 αὑτοῦ,
3221 2821 3388 2887 δεῖξαι
3426 2819 3581 2891 αὐτῷ
3616 2818 3676 2888 (ί.
3702 2817 3770 2876 56,

2192 2934 2267 2991 νο)
2304 2924 2439 2993 φῶς,
2475 2924 2568 2976 καὶ
2602 2921 2802 2974 πλάσαι
2845 2921 2910 2990 τῇ
2955 2917 3204 2982 συνέσει,
3233 2913 3521 2967 δικαιῶσαι
3567 2912 3764 2964 δίκαιον

2197 3007 2255 3065 εὖ
2290 3009 2606 3064 δουλεύοντα
2629 3006 2878 3069 πολλοῖς,’
2897 3002 3096 3065 καὶτὰς
3113 2999 3384 3072 ἁμαρτίας
3415 2997 3599 3052 αὐτῶν
3617 2996 3765 3059 αὐτὸς

2196 3103 2430 3158 ἀνοίσει·
2463 3101 2548 3154 διὰ
2577 3099 2732 3153 τοῦτο
2778 3096 2937 3160 αὐτὸς
2967 3093 3368 3166 κληρονομήσει
3403 3089 3655 3152 πολλοὺς.
3684 3089 3767 3141 καὶ

2195 3195 2302 3250 τῶν
2356 3191 2590 3266 ίσχυρῶν
2633 3193 2808 3263 μεριεῖ
2845 3188 3047 3242 σκῦλασ
3103 3185 3217 3240 ἀνθ’
3256 3178 3330 3238 ὧν
3375 3181 3648 3255 παρεδόθη
3695 3181 3765 3244 εἰς

2197 3288 2427 3342 θάνατον
2456 3287 2490 3358 ὴ
2521 3283 2666 3356 ψυχὴ
2688 3281 2874 3346 αὑτοῦ,
2906 3282 2997 3335 καὶ
3017 3281 3074 3334 ἐν
3107 3281 3220 3342 τοῖς
3246 3277 3469 3348 ἀνόμοις
3495 3274 3762 3343 ἐλογίσθη·

2197 3382 2290 3435 καὶ
2339 3379 2499 3443 αὐτὸς
2531 3377 2798 3450 ἁμαρτίας
2845 3374 3054 3429 πολλῶν
3104 3374 3387 3445 ἀνήνεγκε,
3423 3370 3521 3422 καὶ
3564 3368 3654 3422 διὰ
3680 3367 3766 3429 τὰς

2197 3471 2425 3543 ἀνομίας
2459 3469 2635 3524 αὐτῶν
2669 3466 2955 3540 παρεδόθη.
2993 3463 3358 3535 Εὐφράνθητι,
3399 3461 3591 3532 στείρα
3634 3461 3668 3530 ἠ
3713 3459 3766 3512 οὐ

2198 3563 2476 3624 τίκτουσα,
2501 3559 2662 3630 ῥῆξον
2687 3559 2781 3612 καὶ
2820 3557 3012 3628 βόησον
3066 3557 3157 3610 καὶ
3197 3555 3419 3626 τέρπου,
3453 3554 3488 3623 ἡ
3521 3553 3624 3604 οὐκ
3653 3549 3767 3604 ὠδίο

2198 3671 2365 3708 νουσα
2383 3671 2396 3683 ·
2429 3654 2511 3706 ὅτι
2543 3651 2711 3704 πολλὰ
2741 3650 2809 3704 τά
2836 3649 3002 3702 τέκνα
3026 3648 3126 3717 τῆς
3157 3648 3361 3719 ἐρήμου
3389 3645 3592 3716 μᾶλλον
3616 3645 3650 3716 ἦ
3679 3644 3769 3713 τῆς

2200 3747 2431 3816 ἐχούσης
2477 3744 2568 3797 τὸν
2609 3743 2794 3813 ἄνδρα.
2837 3759 2855 3792 ι
2895 3741 3004 3793 Kal.
3041 3739 3158 3792 πότ’
3204 3738 3389 3791 ἄλλοτε
3434 3737 3513 3800 ὡς
3568 3738 3660 3789 ἐπὶ
3709 3739 3768 3804 τῇ

2201 3838 2473 3909 παρουσίᾳ.
2517 3835 2611 3890 τυῦ
2663 3836 2913 3906 Σωτῆρος
2965 3830 3120 3902 ἡμῶν
3174 3830 3345 3902 Ἰησοῦ
3398 3826 3639 3900 Χριστοῦ
3689 3828 3771 3880 τὸν

2204 3929 2462 4001 βραχίονα
2502 3926 2594 3980 τὸν
2643 3927 2836 3997 μέγαν,
2882 3924 2981 3978 οὐκ
3025 3921 3179 3976 ἄλλον
3209 3920 3336 3974 ὄντα
3361 3918 3455 3972 τοῦ
3491 3920 3664 3987 Λόγου
3685 3918 3774 3970 αὖ.

2201 4022 2316 4084 τοῦ,
2341 4023 2369 4073 ὁ
2407 4019 2596 4091 Πατὴρ
2620 4021 2713 4072 καὶ
2743 4018 2874 4080 Θεὸς
2919 4015 3026 4069 τῶν
3063 4015 3197 4068 ὅλων
3223 4012 3448 4066 ἐνώπιον
3472 4012 3583 4064 τῶν
3613 4010 3772 4064 ἐθνῶν

2205 4110 2576 4180 ἀπεκάλυψεν,
2623 4109 2659 4163 ἃ.
2697 4109 2791 4162 καὶ
2830 4107 3007 4161 ἰδόντα
3046 4106 3144 4176 τὴν
3182 4102 3561 4176 δεδωρημένην
3597 4104 3773 4164 αὐτοῖς

2205 4204 2309 4257 ὑπὸ
2363 4201 2456 4255 τοῦ
2508 4199 2642 4254 Θεοῦ
2695 4197 2966 4270 σωτηρίαν
3008 4195 3335 4266 ἀφίστασθαι
3365 4195 3461 4265 τῆς
3508 4194 3774 4265 προτέρας

2206 4294 2600 4368 προστάττεται
2626 4292 2852 4360 πλάνης,
2872 4289 2963 4342 καὶ
2994 4288 3189 4359 μηκέτι
3210 4287 3316 4340 τῶν
3336 4285 3684 4356 ἀκαθάρτων,
3698 4278 3773 4346 οἷς

2207 4390 2470 4460 πρότερον
2517 4385 2863 4449 ἐκαλινδεῖτο,
2900 4383 3143 4453 αἰσχροῖς
3179 4382 3272 4434 καὶ
3301 4380 3513 4451 μιαροῖς
3550 4377 3775 4430 ἐνειλού-

2211 4499 2344 4553 μενα
2372 4479 2690 4551 πράγμασιν
2725 4475 3095 4546 ἐφάπτεσθαι;
3129 4473 3239 4528 Kal.
3267 4473 3389 4525 ἐπεὶ
3427 4471 3487 4524 οὐ
3522 4470 3585 4522 τὸ
3621 4468 3775 4538 τυχόν

522 4563 730 4615 minum
779 4560 1042 4616 societate
1111 4560 1277 4630 hujus
1308 4561 1484 4630 gratia
1521 4561 1638 4630 ipse
1676 4557 1943 4611 Dominus
1974 4570 2092 4608 cum

2208 4575 2322 4626 ἐστι
2365 4573 2426 4626 τὸ
2461 4571 2822 4641 ἀποδιορίζειν
2863 4569 3085 4631 ἑαυτοὺς
3129 4566 3226 4636 τῆς
3259 4563 3530 4636 προτέρας
3576 4577 3774 4646 πατρο-

523 4653 595 4708 iis
645 4652 1051 4706 ambulaturum
1113 4669 1172 4708 se
1225 4668 1424 4723 eosque
1468 4658 1924 4721 congregaturum
1968 4663 2098 4717 pro-

525 4743 714 4808 mittit,
751 4752 1035 4813 portantes
1068 4759 1198 4799 vasa
1257 4761 1376 4811 sua,
1423 4752 1615 4799 sancta
1665 4741 1917 4796 videlicet
1965 4753 2102 4808 prae-

525 4843 706 4906 cepta,
748 4835 1078 4906 divinosque
1126 4851 1426 4892 sermones.
1466 4834 1682 4888 Rursus
1720 4833 1800 4886 eis
1840 4831 2102 4901 quemad-

528 4928 753 4984 modum
783 4929 837 4983 in
867 4928 1144 5000 prioribus
1169 4928 1470 4998 prophetiis
1501 4925 1717 4980 diverse
1750 4921 2104 4996 FiliusChri-

529 5029 650 5078 stus
667 5021 1050 5075 nominabatur
1069 5019 1186 5083 Dei,
1207 5021 1282 5073 ita
1302 5027 1353 5072 et
1372 5020 1460 5073 hic
1481 5020 1703 5074 dicitur.
1725 5017 2108 5072 lntellecturus

529 5117 734 5166 autem.
757 5117 811 5162 et
836 5109 1154 5171 elevandus,
1179 5119 1232 5164 et
1268 5123 1596 5178 magnopere
1625 5107 1950 5163 exaltandus
1982 5123 2108 5177 pro-

529 5199 836 5271 phetizatur
855 5209 1074 5271 propter
1091 5201 1477 5256 humanitatem
1497 5215 1674 5264 suam,
1694 5201 1761 5254 de
1778 5216 1882 5273 qua
1904 5201 2016 5256 lucc
2033 5201 2112 5254 di-

528 5299 749 5346 cuntur.
770 5290 906 5347 Vere
920 5294 1065 5347 enim
1089 5294 1488 5364 obstupuerunt
1505 5302 1558 5348 et
1573 5294 1782 5347 attoniti
1801 5302 1927 5348 sunt
1945 5309 2110 5362 super

528 5399 655 5438 eum
687 5383 865 5450 multi,
901 5385 1173 5441 hominem
1205 5401 1329 5440 eum
1367 5385 1471 5440 sibi
1511 5385 1746 5440 similem
1770 5393 2106 5456 reputantes.

534 5474 1057 5548 Obslttpuerunlque
1100 5477 1250 5531 nulla
1301 5477 1668 5548 praecellentia
1713 5477 1801 5532 vel
1832 5476 2110 5531 mundana

537 5569 708 5638 gloria
738 5571 1138 5626 circumdatum
1170 5584 1294 5626 eum
1327 5569 1599 5633 videntes,
1632 5583 1782 5633 cum,
1819 5566 1992 5623 forma
2017 5566 2112 5620 Dei

539 5658 809 5730 deposita,
833 5662 1122 5733 ipsumque
1157 5677 1216 5717 se
1237 5660 1584 5723 exinaniens,
1619 5667 1673 5714 et
1695 5657 1838 5713 servi
1882 5658 2112 5711 formam

541 5751 840 5821 accipiens,
893 5754 1252 5810 admiratione
1307 5761 1362 5810 et
1413 5752 1890 5823 obstupefactione
1951 5752 2113 5824 digna

650 5867 664 5896 '
689 5862 815 5921 lsai.
849 5879 946 5934 LII,
984 5865 1182 5933 10-15;
1221 5884 1337 5935 Llll,
1371 5867 1430 5934 l;
1463 5880 1575 5932 Ltv,
1616 5865 1662 5920 ί.

2203 4662 2510 4733 παραδότου
2561 4659 2864 4722 πολιτείας,
2917 4659 3012 4709 καὶ
3054 4653 3155 4725 τῆς
3204 4652 3385 4720 κοινῆς
3431 4649 3538 4702 τῶν
3575 4645 3776 4717 ἀνθρὼ-

2205 4773 2319 4807 πων
2369 4751 2844 4822 συναναστροειςῆς,
2890 4748 3077 4801 τούτου
3107 4746 3264 4816 χάριν
3309 4741 3470 4805 αὐτὸς
3511 4743 3539 4793 ό
3579 4740 3775 4810 Κόριος

2209 4841 2682 4916 συμπορεύσεσθαι
2755 4842 2848 4894 καὶ
2908 4838 3153 4903 συνάξειν
3213 4832 3597 4903 ἐπαγγέλλεται
3657 4831 3774 4891 τοὺς

2207 4939 2470 5010 φέροντας
2520 4935 2590 4989 τὰ
2653 4932 2821 5005 σκεύη
2880 4930 3085 4995 αὑτοῦ,
3130 4927 3285 5000 δῆλον
3331 4925 3374 4978 δ’
3417 4925 3499 4978 ὅτι
3550 4921 3620 4975 τὰ
3662 4921 3776 4993 ιερὰ

2210 5033 2456 5102 δόγματα
2485 5029 2581 5084 καὶ
2619 5028 2745 5091 τοὺς
2784 5025 2960 5087 θείους
2990 5022 3202 5090 λόγους.
3246 5017 3414 5071 Πάλιν
3453 5015 3496 5068 δ’
3535 5013 3628 5066 ἐπὶ
3656 5013 3773 5065 τούο

2209 5142 2322 5188 τοις
2355 5123 2412 5178 ὃν
2447 5122 2648 5194 τρόπον
2680 5122 2736 5174 ἐν
2767 5121 2887 5182 ταῖς
2922 5114 3176 5186 ἀνωτέρω
3213 5108 3568 5182 προφητείαις
3599 5105 3776 5174 διαφό-

2218 5215 2477 5288 ρας(ως)
2516 5215 2653 5277 Παῖς
2725 5215 2753 5266 ό
2809 5209 3044 5282 Χριστὸς
3097 5204 3407 5275 ὠνομάζετο
3459 5200 3552 5253 τοῦ
3611 5198 3773 5262 Θεοῦ,

2213 5308 2476 5371 ὡσαύτως
2508 5309 2719 5378 εἴρηται
2761 5303 2855 5356 καὶ
2881 5299 3086 5353 ἐνθάδε·
3130 5297 3376 5367 συνήσειν
3409 5293 3465 5346 δέ
3504 5293 3597 5344 καὶ
3638 5289 3777 5358 ὑψω-

2214 5403 2613 5474 θήσεσθαι.κα“ι
2666 5399 2866 5470 σφόδρα
2909 5392 3334 5466 δοξασθήσεσθαι
3387 5388 3778 5460 προφητευεται

2217 5493 2313 5546 τοῦ
2351 5491 2694 5563 ἀνθρωπίνου
2729 5485 2893 5542 αὑτοῦ
2920 5483 3325 5555 ἐπινοουμένου,
3362 5480 3487 5551 περὶ
3519 5475 3580 5532 οὗ
3612 5476 3778 5530 ταῦτα

2225 5586 2456 5655 λέγεται’
2491 5581 2710 5656 ἀληθῶς
2736 5579 2791 5634 δὲ
2823 5580 3118 5651 ἐξέστησαν
3144 5577 3236 5631 καὶ
3257 5572 3670 5646 ἐξηπορήθησαν

2226 5679 2371 5750 aiat?)
2400 5676 2604 5739 πολλοὶ,
2636 5673 2917 5747 ἄνθρωπον
2952 5673 3159 5734 ἐαυτοῖς
3192 5669 3371 5738 ὅμοιος
3404 5661 3642 5734 (ὁμοίως)
3685 5659 3750 5711 αὖ
