3974 6512
188 442 336 501 ιαιδ

1215 441 1504 499 ECLOGA:
1545 442 2020 503 PROPIIETICJE.
2057 476 2126 486 -
2149 447 2281 503 LIB.
2314 446 2408 504 IV.

3295 459 3431 513 12ἱὸ

187 571 281 613 τον
316 554 699 626 ὑπειληφότες·
734 558 828 610 καὶ
869 555 1160 627 ἐξέστησάν
1187 573 1248 624 γε
1282 557 1548 627 μηδεμίαν
1592 558 1761 629 ὑπερ-

1864 559 2091 630 perfecit
2121 561 2389 632 prodigia,
2430 560 2508 615 ita
2558 569 2617 615 ut
2662 563 3093 633 contemplantes
3148 583 3272 623 eum
3314 580 3435 627 Stu-

190 649 335 719 οχὴν
365 646 397 717 ἢ
426 645 582 710 δόξαν
620 645 888 715 κοσμικὴν
914 645 1373 718 περιϐεϐλημένον
1399 647 1559 700 αὐτὸν
1588 649 1759 720 ἑωρα-

187 741 369 805 κότες,
393 740 505 805 ὅτε,
530 740 627 810 τὴν
653 739 746 792 τοῦ
774 737 909 793 Θεοῦ
944 738 1154 811 μορφὴν
1183 739 1535 809 ἀποθέμενος,
1570 742 1759 796 ἑαυτόν

185 850 245 887 τε
271 830 519 893 κενώσας
552 833 645 884 καὶ
675 830 859 883 δούλου
892 829 1197 900 ἀνειληφὼς
1234 830 1466 902 μορφὴν,
1501 830 1761 901 ἐξε(σ)τά-

187 941 330 987 σεως
365 924 490 988 ἄξια
525 923 617 976 καὶ
658 921 1049 992 καταπλήξεως
1080 921 1327 974 ἀπετέλει
1360 923 1655 993 παράδοξα,
1685 924 1759 987 ὡς

182 1018 315 1079 τοὺς
372 1014 712 1087 θεωροῦντας
768 1015 905 1069 αὐτά
961 1014 1502 1085 καταπληττομένους
1556 1016 1755 1085 λέγειν·

189 1125 209 1159 ι
240 1108 354 1176 Οὐχ
384 1099 539 1168 οὗτός
572 1107 716 1158 ἐστιν
754 1107 782 1157 ὁ
818 1107 929 1169 υίὸς
961 1107 1195 1177 ’ίωσήφ;
1232 1104 1351 1175 οὐχὶ
1385 1108 1415 1175 ή
1457 1107 1637 1176 μήτηρ
1667 1107 1761 1158 ml.

183 1200 232 1253 οί
265 1199 489 1268 ἀδελφοὶ
510 1199 675 1251 αὑτοῦ
710 1201 814 1252 εἰσι
852 1199 979 1270 παρ’
1011 1200 1175 1269 mm;
1218 1219 1235 1250 ι
1276 1198 1385 1251 Καὶ
1410 1200 1489 1261 εἰς
1515 1199 1673 1271 δεῦρο
1703 1201 1759 1253 δὲ

183 1290 429 1344 πλεῖστοι
459 1290 544 1343 ἐπ’
576 1290 736 1342 αὐτὸν
769 1288 1073 1353 ἐξίστανται
1102 1291 1196 1342 καὶ
1230 1288 1635 1361 ἐξαποροῦνται,
1664 1290 1767 1361 τὴν

181 1384 533 1437 διδασκαλίαν
572 1383 735 1437 αὐτοῦ
764 1383 1167 1455 διαδραμοῦσαν
1200 1384 1293 1436 καὶ
1324 1383 1402 1435 ἔτι
1426 1382 1520 1435 νῦν
1548 1383 1761 1453 διατρέ-

181 1493 386 1547 χουσαν
421 1476 503 1545 ἐφ’
527 1475 654 1547 ὃλην
688 1474 921 1547 ὁρῶντες
948 1476 1047 1547 τὴν
1078 1475 1421 1545 οἰκουμένην,
1452 1474 1560 1527 τῶν
1588 1491 1645 1527 τε
1680 1475 1758 1539 είς

180 1569 345 1624 αὐτὸν
394 1568 834 1621 πεπιστευκότων
883 1564 980 1636 τὴν
1030 1566 1223 1628 ἀκλινῆ
1283 1567 1375 1618 καὶ
1428 1563 1759 1635 ἀμετάθετον

179 1660 422 1714 διάθεσιν
437 1658 846 1721 κατανοοῦντες.
876 1656 1059 1710 Ταῦτα
1086 1658 1142 1709 δὲ
1156 1657 1524 1728 θαυμάζοντες
1545 1657 1603 1709 οὐ
1632 1672 1757 1708 συν-

184 1754 293 1808 ίασι
324 1750 599 1822 τὴνβείαν
631 1750 856 1821 δύναμιν
896 1749 1015 1802 καθ’
1044 1750 1113 1822 ῆν
1150 1750 1417 1821 ἐνήργησέ
1449 1765 1510 1801 τε
1532 1748 1626 1800 καὶ
1649 1750 1759 1799 εἰσ-

182 1845 260 1897 ἐτι
296 1842 397 1897 νῦν
431 1843 675 1915 ἐνεργεῖν
708 1841 775 1894 τὰ
830 1841 1135 1911 τηλικαῦτα
1166 1840 1467 1910 δεδύνηταιο
1504 1840 1756 1910 συνέσχον

1862 657 2056 719 pentes
2104 650 2346 705 dicerent
2382 670 2396 705 :
2436 668 2454 701 ι
2492 649 2684 706 Nonne
2718 651 2808 707 hic
2850 662 2932 708 est
2964 653 3126 712 Jesus
3160 658 3301 716 filius
3333 660 3431 719 Jo-

1861 743 1993 812 seph
2016 740 2247 797 ?Nonne
2265 751 2437 798 mater
2455 752 2509 799 et
2534 743 2731 799 fratres
2753 745 2873 815 ejus
2902 756 3031 802 sunt
3050 749 3191 804 inter
3207 769 3307 809 nos
3323 755 3380 809 ‘?
3406 776 3428 809 ι

1860 833 1927 887 Et
1960 850 2105 889 nunc
2140 850 2315 905 usque
2345 850 2511 906 super
2538 852 2661 891 eum
2725 836 3067 893 admirantur
3092 852 3144 895 et
3172 843 3432 914 obstupe-

1860 928 2297 998 scuntplerique,
2318 928 2622 983 doctrinam
2651 930 2773 999 ejus
2794 931 3046 987 diffusam
3075 942 3129 988 et
3159 951 3304 991 nunc
3333 938 3435 992 ad-

1858 1019 1965 1074 huc
1996 1026 2374 1088 penetrantem
2394 1020 2639 1075 videntes
2673 1021 2727 1075 in
2753 1023 3060 1077 universam
3090 1033 3311 1094 terram,
3333 1044 3432 1083 eo-

1860 1128 2092 1182 rumque
2131 1113 2223 1183 qui
2253 1111 2603 1167 crediderunt
2637 1114 2692 1168 in
2720 1130 2843 1169 eum
2862 1124 3202 1173 constantem
3240 1120 3441 1175 immo-

1860 1213 2081 1276 tamque
2097 1207 2555 1276 perseverantiam
2573 1216 2907 1278 reputantes.
2927 1207 3051 1263 Haec
3073 1221 3251 1265 autem
3268 1212 3441 1267 admia

1860 1299 1988 1361 rati,
2008 1314 2119 1353 non
2147 1298 2386 1353 divinam
2418 1300 2802 1355 intellexerunt
2830 1309 3148 1372 potestatem
3178 1320 3285 1375 qua
3308 1320 3441 1375 ope-

1860 1398 2014 1445 ratus
2034 1396 2117 1444 est
2138 1398 2191 1445 et
2214 1406 2362 1445 nunc
2394 1406 2569 1460 usque
2595 1393 2809 1461 operari
2849 1400 2925 1446 tot
2962 1400 3015 1447 et
3043 1402 3192 1448 tanta
3220 1397 3439 1463 valeat;

1859 1481 2247 1536 continuerunt
2261 1492 2436 1537 autem
2453 1498 2577 1537 vere
2602 1498 2769 1553 super
2782 1498 2905 1538 eum
2921 1494 2973 1539 et
2985 1487 3333 1542 occluserunt
3354 1505 3437 1545 re.

1862 1588 1957 1644 ges
1980 1588 2043 1627 os
2075 1588 2257 1640 suum,
2279 1573 2395 1627 sive
2419 1573 2514 1643 qui
2549 1575 2863 1644 congregati
2892 1574 3106 1631 fuerant
3159 1580 3447 1648 passionis

1857 1670 1978 1739 ejus
1994 1679 2257 1742 tempore,
2276 1672 2343 1727 de
2359 1672 2562 1742 quibus
2582 1671 2788 1727 dictum
2801 1679 2885 1726 est
2904 1689 2947 1725 ει
2959 1671 3259 1726 Astiterunt
3279 1685 3441 1741 reges

1858 1771 2038 1826 terrae,
2072 1771 2127 1818 et
2164 1764 2442 1835 principes
2487 1771 2861 1818 convenerunt
2891 1764 2945 1816 in
2976 1778 3144 1815 unum
3172 1761 3435 1824 adversus

1859 1868 2015 1920 eum;
2035 1853 2207 1907 ’θεῖνε
2232 1854 2325 1923 qui
2354 1861 2481 1906 tunc
2496 1861 2652 1907 erant
2671 1850 2945 1921 principes
2961 1850 3199 1921 gentium
3218 1859 3297 1914 ;et
3313 1865 3440 1904 con—

179 1936 234 1990 δὲ
265 1934 486 2005 ἀληθῶς
539 1935 634 1988 καὶ
678 1936 1021 1989 συνέστειλαν
1068 1934 1154 1986 ἐπ’
1198 1933 1359 1986 αὑτὸν
1412 1932 1648 2002 βασιλεῖς
1699 1931 1760 1984 τὸ

1863 1942 2141 1996 tinuerunt
2156 1943 2402 2013 profecto
2418 1958 2482 1998 os
2513 1958 2694 2007 suum,
2717 1957 2841 1997 cum
2859 1945 3059 2011 saepius
3073 1942 3437 1997 intercludere

183 2027 359 2097 στόμα
400 2026 599 2091 αὐτῶν,
627 2026 735 2080 εἴτε
764 2029 811 2080 οἱ
844 2026 1196 2096 συναχθέντες
1224 2024 1366 2078 κατά
1388 2025 1449 2077 τὸ
1475 2023 1643 2087 πάθος
1663 2023 1760 2076 αὐο

180 2120 293 2184 τοῦ,
333 2120 466 2191 περὶ
510 2112 584 2173 ὧν
627 2119 818 2190 ἐλέχθη
852 2120 929 2172 τό·
982 2138 999 2170 ι
1039 2118 1394 2189 Παρέστησαν
1437 2116 1487 2167 οἱ
1523 2114 1761 2185 βασιλεῖς

179 2214 277 2284 τῆς
312 2214 444 2284 γῆς,
472 2213 565 2266 καὶ
585 2214 633 2266 οί
666 2214 922 2283 ἄρχοντες
955 2210 1295 2281 συνήχθησαν
1326 2210 1417 2262 ἐπὶ
1445 2208 1505 2262 τὸ
1535 2209 1682 2271 αὐτό,
1736 2227 1754 2260 ι

179 2307 289 2361 εἴτε
323 2308 423 2360 καὶ
450 2308 497 2359 οἱ
542 2306 682 2359 κατά
727 2306 949 2377 καιροὺς
992 2305 1250 2376 ἄρχοντες
1290 2303 1401 2356 τῶν
1435 2301 1631 2355 ἐθνῶν·
1668 2302 1761 2354 καὶ

182 2399 445 2469 συνέσχον
477 2414 539 2465 γε
575 2397 748 2467 στόμα
788 2394 993 2448 ἑαυτῶν
1026 2394 1102 2463 τῷ
1135 2394 1392 2457 πολλάκις
1439 2394 1534 2465 μέν
1565 2394 1760 2456 αὐτοὺς

180 2482 531 2561 ἐπιχειρῆσαι
567 2487 808 2541 κωλῦσαι
848 2487 937 2539 τὸν
964 2485 1120 2554 λόγον
1153 2484 1314 2539 αὑτοῦ
1348 2486 1443 2538 καὶ
1482 2485 1581 2555 τὴν
1615 2484 1760 2536 διδα-

180 2583 436 2645 σκαλίαν,
474 2582 625 2635 οὐδὲν
665 2580 721 2633 δέ
760 2575 920 2651 ἦττον
958 2576 1307 2649 ὑπερισχύειν
1337 2576 1497 2630 αὐτὸν
1528 2577 1621 2628 καὶ¹
1646 2576 1769 2628 δια-ι

177 2674 421 2746 λάμπειν
453 2670 804 2742 δοξαζόμενον
839 2669 933 2722 καὶ
964 2670 1043 2731 είς
1071 2666 1200 2736 ὕψος
1228 2666 1537 2738 αἰρόμενον,
1573 2665 1638 2735 (f.
1670 2665 1759 2735 57)

176 2767 251 2831 ὡς
286 2765 528 2837 φανερὸν
577 2763 768 2819 ἑαυτὸν
814 2758 1138 2815 καθιστάναι
1183 2759 1244 2811 οὐ
1294 2758 1476 2829 μόνοις
1520 2759 1634 2819 τοῖς
1662 2755 1763 2819 τὰς

176 2859 313 2933 περὶ
359 2856 525 2911 αὐτοῦ
566 2856 900 2932 προφητείας
943 2854 1008 2907 ἐκ
1053 2851 1305 2921 πατέρων
1353 2849 1760 2921 παρειληφόσιν,

176 2952 341 3016 ἀλλά,
392 2952 455 3004 τό
499 2948 952 3022 παραδοξότατον,
993 2943 1074 3011 οἷς
1115 2942 1455 2999 οὐδεπώποτε
1489 2942 1762 3012 ἀνηγγέλη

175 3063 228 3099 τι
258 3045 395 3115 περὶ
422 3041 615 3106 αὑτοῦ,
651 3041 795 3095 τοῦτ’
829 3040 973 3093 ἐστιν
1008 3042 1141 3111 ἡμῖν
1173 3040 1285 3101 τοῖς
1328 3035 1556 3089 ἔθνεσιν·
1593 3034 1641 3087 οἳ
1670 3034 1763 3086 καὶ

181 3137 304 3210 μηδ’
335 3135 474 3199 ὅλως
510 3132 662 3205 παρά
699 3132 813 3185 τῶν
843 3131 1121 3201 προγόνων
1163 3129 1464 3202 ἀκηκοότες
1504 3145 1577 3191 τι,
1629 3125 1763 3197 μηδὲ

178 3226 679 3301 προμεμαθηκότες
706 3226 833 3296 περὶ
857 3225 955 3294 τῆς
983 3223 1160 3276 αὑτοῦ.
1182 3222 1501 3293 παρουσίας,
1528 3221 1762 3289 συνήκα-

181 3336 279 3391 μεν
323 3317 487 3372 αὑτὸν
526 3315 767 3380 ἐλθόντα,
806 3315 901 3368 καὶ
941 3312 1039 3377 τὰς
1072 3314 1198 3385 περὶ
1235 3312 1396 3371 αὑτοῦ
1426 3311 1761 3384 προφητείας

179 3408 608 3480 κατεδεξάμεθα.
665 3407 847 3461 Ταῦτα
897 3406 953 3460 δὲ
1003 3406 1235 3478 προϊδὼν
1286 3408 1314 3459 ὁ
1367 3408 1653 3477 προφήτης
1702 3407 1759 3457 ἐν

178 3504 456 3572 πνεύματι
488 3502 760 3570 ἀναφωνεῖ
778 3499 1279 3569 ἁποθαυμαστικῶς
1298 3498 1469 3566 λέγων
1494 3498 1572 3551 1:0:
1606 3516 1629 3548 ι
1657 3496 1764 3553 ΚύσιΔ

182 3609 286 3663 pte,
312 3591 398 3655 τίς
432 3590 750 3643 ἐπίστευσεν
773 3592 837 3660 τῇ
872 3591 1007 3660 ἀκοῇ
1031 3589 1220 3661 ήμῶνς
1260 3609 1279 3640 ι
1320 3590 1494 3659 Ὅπερ
1523 3590 1621 3639 οὐκ
1644 3586 1758 3647 ἔστι

176 3683 379 3737 ταύτὸν
411 3681 509 3753 τῷ·
549 3682 735 3744 Οὐδεὶς
776 3681 1063 3734 ἐπίστευσε
1114 3683 1179 3751 τῇ
1198 3681 1331 3751 ἀκοῇ
1362 3679 1539 3750 ήμῶν·
1576 3678 1767 3748 σαφῶς

178 3774 289 3845 γάρ
321 3789 407 3826 τοι
451 3772 620 3826 πολλὰ
659 3772 835 3844 πλήθη
870 3772 979 3825 τῶν
1022 3771 1081 3836 ἐξ
1124 3771 1315 3835 ἐθνῶν,
1360 3772 1454 3825 καὶ
1478 3771 1656 3825 αὐτῶν
1687 3771 1748 3842 δή

178 3884 328 3930 τινες
368 3864 477 3918 τῶν
511 3867 574 3919 ἐκ
608 3864 937 3935 περιτομῆς,
990 3863 1384 3917 πεπιστεύκασι
1413 3866 1477 3934 τῇ
1510 3864 1637 3935 περὶ
1670 3862 1761 3915 τοῦ

179 3956 609 4030 Χριστοῦάκοῇ·
641 3958 734 4010 καὶ
761 3976 777 4007 ι
801 3956 830 4008 ὁ
859 3955 1095 4027 βραχίων
1119 3956 1196 4021 δὲ,
1222 3975 1240 4007 ι
1275 3956 1427 4026 φησὶ,
1456 3974 1475 4007 ι
1500 3956 1757 4025 Κυρίου,ι

179 4049 325 4103 τοῦτ’
362 4048 508 4103 ἔστιν
544 4052 573 4102 ὁ
612 4048 794 4120 προὼν
824 4048 916 4101 τοῦ
951 4047 1085 4102 Θεοῦ
1120 4050 1312 4117 Λόγος,
1351 4068 1370 4098 ι
1410 4049 1517 4101 τίνι
1554 4048 1761 4101 ἀπεκα-

178 4142 392 4213 λύφθη;
433 4161 450 4191 ι
483 4142 655 4205 Αὐτὸς
682 4145 710 4196 ό
737 4141 892 4211 λόγος
922 4144 979 4195 ἐν
1007 4143 1147 4213 ἀρχῇ
1173 4142 1273 4212 τῆς
1321 4141 1657 4213 προφητείας
1688 4141 1766 4193 δι-

179 4235 372 4288 δάσκει
399 4233 592 4302 λέγων·
631 4255 648 4284 ι
671 4236 777 4287 Καὶ
803 4234 1141 4287 ἀποκαλύψει
1167 4236 1367 4306 Κύριος
1391 4234 1481 4287 τὸν
1509 4233 1766 4306 βραχίονα

180 4325 272 4379 τὸν
304 4327 460 4393 ἅγιον
492 4324 656 4379 αὑτοῦ
687 4325 915 4378 ἐνώπιον
946 4326 1162 4379 πάντων
1188 4326 1295 4379 τῶν
1325 4325 1512 4378 ἐθνῶν.
1547 4344 1565 4375 ι
1607 4325 1764 4394 Ἑξῆς

179 4425 372 4484 αὐτοῖς
404 4420 657 4488 λέγεται·
711 4437 730 4469 ι
779 4418 1201 4489 Ἀνηγγείλαμεν
1234 4419 1461 4472 ἐνώπιον
1495 4418 1656 4471 αὑτοῦ
1691 4419 1767 4480 ὡς

180 4514 424 4576 παιδίον,
460 4514 534 4576 ὼς
566 4513 688 4583 ῥίζα
722 4513 778 4565 ἐν
801 4515 870 4582 γῇ
894 4512 1123 4583 διψώσῃο
1148 4512 1249 4564 οὐκ
1277 4511 1422 4564 ἐστιν
1456 4507 1591 4574 εἶδος
1619 4511 1766 4581 αὐτῷ

1863 2050 2145 2090 sermones
2166 2036 2287 2105 ejus
2324 2036 2505 2090 conati
2537 2043 2720 2091 essent
2760 2044 2920 2105 atque
2936 2035 3437 2101 doctrinam,etillo

1863 2124 2294 2180 nihilominusin
2317 2126 2493 2195 majus
2516 2125 2899 2191 invalesceret,
2923 2125 3241 2194 praeclarus,
3272 2125 3438 2198 incly-

1862 2223 1972 2279 tus,
1998 2224 2052 2270 et
2082 2215 2334 2271 sublimis
2372 2215 2663 2282 factus,ila
2700 2225 2758 2269 ut
2786 2216 3112 2273 manifestus
3147 2216 3298 2272 fieret
3326 2232 3434 2271 non

1862 2306 2025 2360 modo
2041 2306 2108 2361 iis
2122 2306 2213 2376 qui
2233 2321 2263 2358 a
2279 2306 2528 2375 patribus
2542 2305 2608 2360 de
2626 2305 2746 2375 ipso
2762 2306 3073 2375 prcplietias
3091 2313 3434 2375 acceperant,

1864 2400 2145 2469 sed,quod
2179 2400 2541 2469 multomagis
2562 2399 2866 2452 mirandum
2898 2405 3075 2462 est,et
3105 2398 3212 2451 illis
3238 2397 3438 2467 quibus

1862 2489 1997 2543 nihil
2031 2505 2269 2559 unquam
2298 2488 2366 2543 de
2397 2503 2463 2542 eo
2489 2489 2870 2542 annuntiatum
2886 2486 3083 2552 fuerat,
3106 2489 3316 2541 Scilicet
3340 2503 3439 2541 no-

1860 2582 1945 2637 bis
1983 2583 2257 2652 gentibus.
2283 2580 2387 2647 Qui
2419 2588 2473 2635 et
2502 2580 2725 2634 minime
2754 2579 3049 2649 quidquam
3077 2592 3107 2631 a
3132 2577 3436 2647 majoribus

1863 2676 2237 2738 audieramus,
2289 2687 2425 2727 neve
2483 2672 2550 2726 de
2600 2671 2720 2741 ejus
2768 2671 3005 2725 adventu
3049 2670 3436 2732 didiceranms,

1863 2782 1988 2822 eum
2033 2766 2251 2821 venisse
2294 2765 2672 2836 cognovimus,
2730 2763 3149 2833 accepimusque
3201 2762 3268 2816 de
3318 2761 3437 2829 ipso

1865 2858 2201 2929 prophetias.
2230 2855 2363 2923 Quae
2394 2864 2572 2911 autem
2598 2855 2902 2926 praevidens
2932 2856 3215 2926 propheta,
3244 2856 3439 2927 spiritu

1864 2950 2079 3005 afllatus
2100 2950 2308 3015 divino,
2333 2948 2632 3003 admiratus
2662 2947 2933 3001 exclamat
2958 2967 2970 3001 :
2999 2966 3017 2999 ι
3045 2946 3286 3011 Domine,
3317 2947 3440 3017 quis

1866 3044 2098 3099 credidit
2136 3043 2347 3097 auditui
2390 3041 2620 3097 nostro?
2664 3060 2683 3093 ι
2719 3040 2875 3107 Quod
2909 3056 3018 3095 non
3070 3040 3210 3095 idem
3247 3048 3331 3095 est
3377 3055 3443 3095 ac

1866 3137 1913 3191 si
1938 3137 2151 3191 diceret
2180 3153 2194 3189 :
2230 3133 2424 3189 Nullus
2445 3132 2630 3188 credet
2662 3133 2871 3187 auditui
2911 3141 3123 3190 nostro.
3157 3131 3443 3188 Manifesta

1866 3230 2012 3285 enim
2053 3243 2247 3299 magna
2299 3226 2592 3282 multitudo
2643 3227 2909 3295 gentium,
2947 3226 3299 3296 ipsorumque
3343 3222 3441 3279 Ju-

1865 3320 2105 3373 darorum
2139 3317 2387 3372 nonnulli
2435 3316 2503 3370 de
2549 3315 2771 3370 Christo
2822 3314 3035 3368 auditui
3068 3314 3435 3368 crediderunt.

1861 3411 1927 3465 Et
1952 3430 1969 3460 ι
1995 3410 2298 3472 brachium,
2325 3428 2343 3459 ι
2366 3409 2460 3474 ait,
2484 3428 2502 3456 ι
2530 3406 2801 3470 Domini,»
2829 3407 3035 3461 scilicet
3058 3405 3441 3475 pracexsistens

1861 3504 1955 3559 Dei
1988 3502 2242 3563 Verbum,
2268 3520 2285 3551 ι
2313 3501 2399 3555 cui
2424 3501 2719 3555 revelatum
2753 3498 2874 3553 est?
2898 3517 2917 3549 ι
2947 3496 3065 3566 Ipse
3096 3497 3240 3551 enim
3261 3512 3442 3551 sermo

1862 3594 1918 3651 in
1945 3593 2099 3646 initio
2124 3589 2419 3661 prophetia:
2450 3588 2610 3642 docet
2635 3588 2826 3642 dicens
2860 3604 2873 3641 :
2910 3605 2928 3636 ι
2960 3585 3025 3639 Et
3054 3585 3310 3641 revelabit
3336 3584 3444 3639 Do-

1863 3684 2047 3744 minus
2093 3681 2378 3736 brachium
2411 3686 2661 3734 sanctum
2707 3693 2866 3733 suum
2912 3678 2965 3730 in
3008 3684 3302 3747 conspectu
3334 3691 3444 3728 om-

1866 3777 2018 3837 nium
2052 3774 2316 3846 gentium.
2361 3792 2379 3823 ι
2412 3771 2545 3828 Post
2596 3772 2712 3826 haec
2740 3772 2943 3826 dicitur
2974 3789 2988 3825 :
3018 3788 3037 3821 ι
3080 3770 3145 3822 Ει
3176 3770 3438 3825 ascendet

1865 3870 2009 3924 sicut
2040 3868 2334 3937 virgultum
2365 3880 2549 3920 coram
2589 3879 2677 3929 eo,
2720 3874 2774 3919 et
2813 3864 2957 3918 sicut
2989 3862 3145 3917 radix
3176 3863 3243 3917 de
3283 3870 3427 3916 terra

1867 3961 2091 4017 sitienti.
2121 3959 2238 4017 Non
2269 3965 2355 4017 est
2387 3959 2597 4029 species
2627 3958 2699 4024 ei,
2746 3972 2923 4027 neque
2957 3957 3123 4010 decor
3158 3973 3173 4011 :
3213 3966 3267 4010 et
3302 3954 3441 4009 vidi-

1865 4070 1989 4108 mus
2018 4068 2164 4119 eum,
2209 4060 2263 4107 et
2313 4067 2421 4111 non
2452 4059 2569 4106 erat
2627 4061 2903 4121 aspectus,
2961 4064 3137 4119 neque
3183 4048 3440 4102 formosi-

1868 4154 1973 4209 tas,
2005 4165 2023 4197 ι
2049 4155 2101 4200 et
2130 4160 2251 4215 quae
2296 4152 2621 4213 sequuntur,
2651 4158 2771 4212 qua:
2805 4144 2988 4196 omnia
3023 4142 3241 4209 impleta
3276 4147 3428 4204 sunt,

1866 4237 2086 4308 quando
2125 4237 2450 4291 exinaniens
2478 4236 2849 4304 semetipsum,
2884 4234 3093 4302 abjecta
3118 4232 3211 4286 Dei
3241 4232 3435 4297 forma,

1872 4332 2105 4401 speciem
2135 4330 2320 4399 elegit,
2356 4344 2462 4382 non
2499 4342 2618 4397 quae
2650 4326 2795 4396 apud
2832 4325 3079 4379 homines
3121 4322 3359 4378 formosa
3387 4334 3441 4378 et

1868 4423 2065 4477 decora
2098 4421 2350 4483 habetur,
2382 4421 2659 4489 vitamque
2689 4418 2835 4486 degit
2862 4416 3153 4473 humanam
3184 4413 3303 4467 sine
3337 4413 3441 4466 bo-

1870 4512 2303 4583 ininumgloria,
2338 4511 2456 4566 sine
2485 4512 2667 4580 aliqua
2692 4510 2980 4563 mundana:
3001 4506 3280 4577 dignitatis
3305 4521 3444 4576 pra:-

178 4606 302 4660 οὐδὲ
337 4603 487 4668 δόξα,
521 4605 615 4656 καὶ
648 4602 861 4674 εἴδομεν
911 4604 1094 4668 αὐτὸν,
1145 4604 1238 4656 καὶ
1286 4604 1386 4656 οῦκ
1433 4599 1577 4673 εἶχεν
1627 4599 1761 4666 εἶδος

1869 4605 2143 4668 cellentia,
2181 4605 2414 4659 formam
2443 4619 2573 4657 vero
2617 4602 2760 4658 servi
2793 4609 2848 4656 et
2894 4600 3129 4655 ministri
3161 4599 3437 4669 accipiens

178 4700 303 4753 οὐδὲ
342 4697 558 4761 κάλλος,
592 4716 610 4748 ι
634 4696 728 4750 καὶ
752 4698 820 4750 τὰ
846 4696 994 4766 ἑξῆς,
1024 4696 1060 4750 ἃ
1093 4696 1187 4750 καὶ⁵
1215 4697 1353 4750 αὐτὰ
1382 4697 1758 4769 πεπλήρωται,

177 4790 270 4843 ὅτε
303 4786 548 4850 κενώσας
582 4787 769 4839 ἐαυτὸν
807 4788 903 4857 τῆς
937 4787 1029 4840 τοῦ
1073 4787 1206 4840 Θεοῦ
1250 4787 1485 4859 μορφῆς,
1520 4788 1639 4840 οὐδὲ
1665 4789 1762 4858 τὴν

175 4881 255 4945 ὡς
298 4883 360 4933 ἐν
397 4877 703 4950 ἀνθρώποις
746 4879 923 4949 εὐειδῆ
967 4880 1060 4932 καὶ
1095 4881 1407 4951 εὐσχήμονα
1439 4879 1764 4946 κατελέξατο

179 4972 654 5045 προσωποποιίαν,
690 4973 809 5025 οὐδὲ
844 4972 943 5043 μὲν
970 4971 1097 5044 δόξῃ
1135 4975 1199 5043 τῇ
1239 4974 1369 5043 παρ’
1394 4971 1760 5045 ἀνθρώποιςῆ

178 5065 458 5135 κοσμικῆς
505 5082 652 5127 τινος
697 5064 968 5136 ὑπεροχῆς
1002 5064 1259 5136 περιϐολῇ
1301 5065 1391 5119 τὸν
1426 5064 1761 5137 ἀνθρώπινον

176 5155 427 5226 διεξῆλθε
464 5155 596 5226 βίον,
626 5156 838 5228 μορφὴν
866 5156 921 5210 δέ
952 5156 1137 5211 δούλου
1170 5157 1264 5211 καὶ
1300 5156 1547 5211 διακόνου
1585 5158 1761 5211 λαϐὼν

176 5247 549 5300 ἐταπείνωσεν
596 5247 785 5300 ἐαυτὸν
833 5249 923 5301 καὶ
975 5250 1196 5317 γέγονεν
1235 5248 1309 5312 ὡς
1351 5250 1654 5321 ἄνθρωπος,
1703 5254 1760 5304 ἐν

181 5338 373 5409 πληγῇ
402 5336 477 5391 ῶν
503 5338 597 5392 καὶ
623 5338 777 5401 εἰδὼς
803 5340 989 5410 φέρειν
1019 5341 1309 5412 μαλακίαν,
1336 5342 1689 5414 ἀπέστραπτο
1710 5344 1767 5396 δέ

180 5431 281 5497 καὶ
315 5431 703 5502 ἀποκέκρυπτο
748 5429 822 5501 (Ι)
853 5432 951 5500 τῆς
980 5432 1233 5504 θεότητος
1266 5433 1431 5486 αὐτοῦ
1463 5435 1523 5486 τὸ
1562 5434 1768 5499 ἔνδοξον

180 5524 280 5577 καὶ
303 5522 484 5575 Οεῖκὸν
504 5523 811 5593 πρόσωπον·
838 5523 903 5576 δι’
921 5523 948 5575 ὃ
979 5526 1072 5577 καὶ
1097 5525 1372 5597 ἡτιμάσθη
1396 5526 1545 5597 παρά
1578 5530 1688 5589 τοῖς
1707 5528 1768 5580 τὸ

181 5614 527 5686 ἀνθρώπινον
555 5616 717 5669 αὐτοῦ
756 5616 913 5686 μόνον
941 5620 1384 5691 κατανενοηκόσι,
1411 5621 1539 5691 παρ’
1567 5614 1646 5682 οἷς
1674 5620 1765 5673 καὶ

179 5707 287 5769 οὐκ
315 5706 567 5778 ἐλογίσθη
587 5708 685 5776 οὐχ
724 5709 870 5773 ὅπως
906 5710 985 5772 είς
1017 5710 1150 5763 ram
1189 5710 1346 5775 Θεοῦ,
1386 5712 1501 5766 ἀλλ’
1543 5712 1649 5765 οὐδ’
1682 5714 1763 5775 είς

258 5798 274 5828 ¹
298 5797 455 5852 Joan.
491 5815 568 5863 v1,
598 5799 701 5865 4'2;
730 5799 917 5855 Matth.
964 5816 1087 5866 xm,
1120 5802 1208 5857 55.
1288 5807 1308 5836 ²
1340 5784 1481 5873 Psal,
1520 5820 1579 5871 II,
1616 5804 1669 5859 ‘2.

262 5892 340 5967 (1)
370 5888 625 5963 Fortasse
649 5893 748 5962 leg.
769 5890 1169 5977 ἀπεκέκρυπτο,
1195 5894 1351 5953 Enn.

1871 4696 2175 4751 humiliavit
2200 4694 2555 4764 semetipsum
2583 4700 2637 4747 et
2669 4692 2846 4746 factus
2872 4699 2956 4746 est
2986 4698 3042 4743 ut
3060 4690 3222 4743 homo
3242 4704 3445 4755 verus;

1848 4790 2163 4858 'despectus
2194 4795 2248 4841 et
2276 4788 2457 4841 sciens
2481 4785 2844 4848 infirmitates,
2879 4782 3027 4838 exuit
3050 4780 3447 4850 absconditque

1870 4878 2175 4934 divinitatis
2201 4892 2314 4933 suae
2348 4877 2663 4948 prazclaram
2698 4876 3049 4945 divinamque
3079 4873 3327 4943 figuram.
3357 4870 3445 4927 Id-

1871 4973 2019 5028 circo
2051 4974 2345 5043 despectus
2379 4978 2463 5027 est
2490 4971 2560 5026 ab
2600 4971 2666 5026 iis
2708 4971 2801 5042 qui
2839 4967 3213 5024 tantummodo
3245 4967 3447 5020 huma~

1868 5066 2097 5120 nitatem
2126 5066 2249 5135 ejus
2275 5067 2662 5137 respiciebant,
2706 5082 2807 5120 nec
2856 5078 2979 5118 eum
3014 5061 3105 5115 Dei
3139 5058 3332 5112 Filium
3358 5073 3445 5113 res

1867 5157 2154 5228 putabant,
2190 5172 2293 5211 nec
2329 5158 2490 5211 etiam
2527 5158 2736 5227 justum
2780 5156 3036 5225 aliquem.
3090 5151 3287 5206 Dicunt
3316 5165 3446 5206 vero

1869 5250 1961 5321 qui
1992 5250 2106 5304 haec
2131 5251 2326 5319 spiritu
2357 5251 2684 5320 intelligunt,
2709 5248 2867 5319 quasi
2890 5251 3211 5303 enarrantes
3244 5244 3445 5298 docen-

1865 5350 2059 5411 tesque
2089 5341 2256 5411 hujus
2292 5343 2536 5414 mysterii
2572 5343 2872 5397 rationem:
2900 5358 2918 5389 ι
2953 5338 3051 5392 llic
3086 5342 3307 5406 peccata
3340 5350 3444 5389 no-

1866 5442 1978 5490 stra
2007 5436 2132 5489 tulit
2163 5442 2217 5488 et
2248 5450 2346 5505 pro
2376 5435 2535 5490 nobis
2564 5450 2758 5505 passus
2789 5440 2892 5488 est.
2927 5452 2945 5484 ι
2980 5430 3248 5486 Videbant
3273 5428 3440 5486 enim.

1864 5536 2027 5598 prout
2049 5528 2347 5598 prophetae.
2373 5543 2609 5597 quonam
2640 5527 2800 5582 modo
2828 5526 2917 5581 fiet
2942 5543 2961 5576 ι
2996 5524 3182 5595 Agnus
3208 5520 3320 5583 Dei,
3349 5521 3443 5590 qui

1862 5620 2003 5674 tollit
2037 5630 2254 5689 peccata
2288 5620 2477 5675 mundi
2510 5620 2552 5673 ³.
2594 5640 2613 5673 ι
2647 5619 2777 5675 Post
2806 5619 2919 5673 haec
2952 5616 3279 5687 subjicitur:
3317 5628 3337 5663 ι
3376 5609 3444 5665 Et

1864 5728 1964 5767 nos
1998 5713 2310 5790 putavimus
2338 5729 2463 5770 eum
2494 5713 2648 5784 quasi
2694 5713 2989 5784 leprosum,
3023 5717 3075 5766 et
3115 5720 3441 5780 percussum

1751 5804 1770 5835 ³
1795 5802 1931 5859 Ioan
1963 5820 2001 5871 ι,
2031 5804 2119 5862 29.
