3974 6482
540 407 566 460 1
581 407 682 460 247

1287 395 2064 466 EUSEBILCAESARIENSlS
2105 389 2256 448 OPP.
2292 388 2470 446 PARS
2505 387 2596 445 lii.
2630 419 2699 429 -—
2737 383 3147 440 EXEGETICA.

3662 379 3782 433 ιειε
3813 365 3826 371 ’

539 543 568 580 a
607 523 737 589 Deo,
768 531 821 580 et
869 522 1233 577 humiliatum.
1289 518 1409 590 Ipse
1462 527 1642 572 autem
1679 517 1990 571 vulneratus
2033 519 2111 569 est

2216 509 2307 562 τὸν
2336 507 2568 579 τυχόντα
2597 504 2823 558 δίκαιον.
2849 502 3058 561 Φασὶ,δ’
3087 501 3134 554 oi
3169 498 3247 570 τῷ
3278 496 3555 568 πνεύματι
3592 496 3784 548 τούτων

539 625 763 688 propter
790 613 1112 684 iniquitates
1141 623 1374 666 nostras.
1428 630 1448 663 ι
1499 609 1708 664 Revera
1746 610 1890 663 enim
1925 607 2114 661 vulne-

540 714 693 762 ratus
729 713 833 767 est,
880 718 1003 758 cum
1042 702 1248 773 lapides
1300 716 1445 772 quos
1491 701 1826 770 conjicerent
1860 699 1915 752 in
1966 712 2112 760 eum,

539 798 910 867 arripuerunt.
944 794 1008 848 Et
1029 815 1046 846 ι
1071 795 1290 848 attritus
1315 804 1419 858 est,
1445 795 1540 859 ait,
1567 801 1786 864 propter
1799 793 2006 848 scelera
2019 807 2117 845 no-

538 899 672 945 stra.
688 907 704 938 ι
731 887 923 943 Melius
943 887 1087 942 enim
1114 903 1275 956 quam
1299 887 1499 941 Paulus
1524 885 1754 940 inlirmis
1776 884 2116 953 compatiens

536 978 788 1035 Christus
827 977 1010 1034 dicere
1061 979 1235 1050 potuit
1271 995 1288 1032 :
1331 998 1346 1027 ι
1372 977 1506 1044 Quis
1551 976 1882 1040 inlinuntur,
1908 983 1964 1029 et
2004 991 2115 1028 non

537 1071 785 1128 inﬁrmor
817 1070 882 1123 ‘?
926 1090 942 1122 ι
980 1070 1106 1126 Haec
1136 1085 1262 1124 vero
1293 1069 1472 1124 omnia
1516 1067 1812 1123 contitetur
1855 1066 2114 1136 propheta

538 1173 760 1235 propter
791 1163 992 1233 ipsum,
1029 1177 1356 1232 omnemque
1391 1161 1646 1231 pupulum
1672 1175 1963 1230 passurum
1994 1174 2116 1213 esse

538 1255 714 1318 illum,
751 1255 819 1310 de
866 1270 974 1325 quo
1010 1254 1222 1309 dicitur
1258 1270 1271 1305 :
1314 1273 1332 1304 ι
1381 1252 1712 1307 V'ulueratus
1757 1259 1844 1307 est
1895 1258 2117 1322 propter

539 1348 854 1418 iniquitates
891 1357 1133 1412 nostras,
1157 1353 1210 1401 et
1250 1347 1471 1400 attritus
1507 1354 1591 1400 est
1641 1355 1864 1416 propter
1906 1345 2115 1399 scelera

537 1447 753 1494 nostra.
791 1458 810 1492 ι
844 1439 916 1493 Se
951 1441 1127 1509 ipsum
1154 1452 1374 1507 quoque
1401 1437 1698 1507 designans
1717 1436 1906 1506 adjicit
1937 1454 1949 1486 :
1987 1453 2004 1486 ι
2036 1433 2118 1488 Li-

537 1548 670 1587 vore
716 1533 836 1602 ejus
887 1534 1064 1586 sanati
1108 1546 1319 1586 sumus.
1363 1549 1382 1581 ι
1441 1529 1725 1585 Manifeste
1777 1530 2116 1600 prospiciens

537 1637 698 1692 quem
723 1622 777 1675 in
802 1636 1042 1675 errorem
1070 1620 1370 1675 declinaret
1395 1619 1836 1676 circumcisionis
1860 1619 2113 1690 populus,

537 1713 847 1782 certiorque
877 1713 1086 1767 nullum
1123 1728 1346 1782 prorsus
1378 1712 1652 1766 hominem
1687 1713 1896 1782 peccati
1921 1713 2116 1766 inimu-

537 1821 661 1860 nem
695 1821 838 1870 esse,
868 1806 968 1859 etsi
997 1805 1343 1874 justissimus
1381 1805 1650 1868 videatur,
1698 1803 1849 1858 addit
1883 1823 1895 1857 :
1933 1823 1950 1854 ι
1985 1803 2116 1857 Om-

2218 600 2396 654 αὐτῶν
2433 593 2850 669 συνησθημένοι,
2889 591 3130 664 ὡσπερεὶ
3174 589 3521 661 διηγούμενοι
3572 589 3665 640 καὶ
3698 587 3784 658 τὴν

2217 691 2395 744 αἰτίαν
2435 691 2531 760 τῆς
2560 687 2815 757 τοιαύτης
2857 683 3168 753 οἰκονομίας
3199 678 3681 749 διδάσκοντος(τες)
3711 679 3781 730 τό·

2222 801 2241 831 ι
2275 776 2444 841 Οὗτος
2489 776 2588 838 τάς
2638 773 2911 846 ἁμαρτίας
2957 770 3114 842 ἡμῶν
3163 770 3339 841 φέρει,
3363 770 3460 822 καὶ
3485 769 3619 838 περὶ
3643 767 3783 837 ἡμῶν

2215 871 2485 923 όδυνᾶται·
2534 886 2552 919 ι
2589 865 2776 937 ἑώρων
2806 863 2934 934 γὰρ,
2970 859 3055 915 οἷα
3087 861 3151 934 δὴ
3191 861 3484 932 προφῆται,
3517 859 3646 912 τίνα
3676 857 3784 928 τρό-

2217 980 2316 1016 πον
2339 962 2628 1032 γενήσεται
2653 958 2824 1028 ἀμνὸς
2845 956 2938 1010 τοῦ
2963 955 3120 1022 Θεοῦ,
3157 974 3176 1006 ι
3209 955 3376 1024 αἴρων
3399 951 3498 1023 τὴν
3520 951 3786 1022 ἁμαρτίαν

2214 1053 2308 1107 τοῦ
2335 1053 2560 1123 κόσμου.
2598 1072 2616 1104 ι
2662 1050 3008 1118 Ἐπιφέρεται
3037 1046 3266 1110 τούτοις·
3307 1065 3326 1097 ι
3369 1045 3567 1114 Ἡμεῖς
3597 1043 3656 1095 δὲ
3687 1042 3787 1094 ἐλο-

2215 1145 2484 1216 γισάμεθα
2523 1143 2683 1196 αὐτὸν
2715 1138 2851 1194 εἶναι
2883 1142 2940 1194 ὲν
2972 1139 3117 1209 πόνῳ
3155 1137 3245 1193 καὶ
3286 1139 3344 1190 ἐν
3383 1135 3570 1206 πληγῇ
3612 1135 3708 1187 καὶ
3738 1137 3786 1187 ὲν

2217 1236 2475 1292 κακώσει·
2525 1235 2684 1299 αὐτὸς
2737 1235 2794 1288 δὲ
2837 1232 3242 1304 ὲτραυματίσθη
3286 1230 3372 1284 διὰ
3420 1230 3523 1293 τὰς
3570 1229 3787 1298 ἀνομίας

2215 1335 2391 1406 ἡμῶν·
2425 1352 2444 1384 ι
2467 1331 2696 1401 δυνάμει
2726 1328 2832 1400 γὰρ
2855 1327 2948 1382 καὶ
2973 1324 3397 1399 ὲτραυματίσθη,
3428 1324 3519 1376 ὅτε
3549 1317 3693 1392 ἦραν
3717 1320 3789 1371 λί-

2216 1425 2342 1490 θους
2367 1425 2548 1496 βαλεῖν
2574 1422 2658 1475 ἐπ’
2679 1421 2856 1476 αὐτόν·
2878 1421 2969 1474 καὶ
3003 1438 3021 1471 ι
3053 1417 3451 1489 μεμαλάκισται
3471 1434 3489 1467 ι
3520 1414 3607 1489 δὲ,
3645 1413 3787 1484 φησὶ,

2223 1536 2240 1568 ι
2269 1516 2356 1570 διὰ
2381 1515 2478 1579 τὰς
2507 1515 2780 1590 ἁμαρτίας
2804 1513 2982 1585 ἡμῶν.
3009 1531 3026 1563 ι
3063 1510 3274 1564 Μᾶλλον
3303 1508 3414 1580 γὰρ
3446 1507 3668 1561 Παύλου
3690 1507 3790 1568 τοῖς

2217 1608 2464 1663 ἀσθενέσι
2511 1605 2910 1678 συνασθενήσας
2952 1602 3202 1676 Χριστὸς,
3249 1598 3399 1655 εἶπεν
3431 1601 3498 1655 ἂν
3532 1600 3616 1653 τό·
3657 1619 3676 1650 ι
3703 1598 3790 1661 Τίς

2219 1701 2451 1767 ἀσθενεῖ,
2483 1701 2577 1755 καί¹
2597 1701 2696 1754 οὐκ
2721 1697 2933 1754 ἀσθενῶ
2955 1714 2970 1764 ;
3009 1717 3028 1748 ι
3058 1696 3238 1750 Ταῦτα
3265 1694 3321 1748 δὲ
3347 1693 3527 1747 πάντα
3547 1691 3791 1763 ὁμολογεῖ

2218 1797 2246 1848 ὁ
2279 1794 2566 1866 προφήτης
2613 1792 2678 1846 δι’
2709 1791 2868 1844 αὐτόν
2899 1808 2959 1844 τε
2988 1791 3080 1842 καὶ
3109 1790 3200 1842 τὸν
3246 1787 3425 1841 πάντα
3455 1785 3592 1838 λαὸν
3620 1784 3791 1836 πείσε-

536 1913 636 1953 nes
661 1913 758 1952 nos
781 1898 934 1968 quasi
956 1915 1086 1953 oves
1115 1899 1420 1953 erravimus
1447 1916 1459 1951 :
1495 1897 1870 1968 unusquisque
1891 1897 1945 1951 in
1973 1899 2111 1951 viam

2221 1885 2343 1940 σθαι
2388 1885 2478 1937 τὸν
2522 1884 2651 1955 περὶ
2682 1880 2742 1939 οὗ
2778 1885 2806 1936 ὁ
2833 1883 3005 1951 λόγος·
3045 1902 3062 1933 ι
3117 1877 3563 1954 Ἐτραυματίσθη
3603 1897 3622 1929 ι
3671 1877 3788 1948 γάρ,

538 2004 693 2042 suam
732 1990 1027 2044 declinavit
1065 2009 1077 2044 :
1111 1999 1164 2045 et
1213 1991 1395 2060 posuit
1425 1989 1688 2047 Dominus
1725 1991 1778 2046 in
1809 2007 1874 2047 eo
1913 1992 2117 2062 iniqui-

540 2089 708 2136 tatem
741 2084 985 2136 omnium
1031 2091 1302 2143 nostrum,
1339 2102 1358 2134 ι
1398 2091 1451 2137 et
1484 2099 1604 2153 quae
1635 2095 1960 2154 sequuntur.
1997 2100 2117 2155 qum

536 2175 724 2242 procul
759 2173 929 2230 dubio
958 2191 1052 2245 per
1083 2192 1250 2230 unum
1285 2175 1624 2232 Salvatorem
1650 2185 1898 2234 nostrum
1928 2176 2115 2233 Jesum

535 2264 744 2318 exitum
773 2265 1032 2321 habuisse
1064 2267 1529 2322 demonstrantur.
1556 2265 1764 2322 Exinde
1788 2282 2116 2338 magnopere

537 2355 785 2410 miranda
825 2366 908 2412 est
940 2359 1156 2412 illorqu
1192 2358 1489 2421 induratio,
1545 2361 1637 2429 qui
1687 2358 1829 2429 apud
1879 2359 2114 2428 priorem

535 2449 790 2519 populum
818 2465 940 2505 eum
974 2463 1271 2522 agnoscere
1297 2450 1613 2514 noluerunt,
1640 2459 1937 2507 causantes
1965 2465 2112 2515 eum,

533 2556 695 2610 quem
715 2542 1028 2612 opprobriis
1058 2549 1112 2596 et
1128 2542 1409 2598 derisione
1440 2543 1857 2606 lacessiveraut,
1893 2542 2116 2612 indigna

535 2646 757 2701 passum
801 2648 926 2688 esse
959 2631 1051 2689 Dei
1084 2634 1137 2688 in
1172 2635 1348 2704 ipsum
1400 2634 1794 2690 sollicitudine.
1831 2634 2117 2692 Manifeste

533 2731 798 2793 praeterea
834 2724 1175 2780 exclamante
1225 2725 1487 2796 propheta
1521 2725 1588 2782 de
1623 2741 1709 2790 eo,
1745 2728 1891 2797 quod
1926 2746 1944 2778 ε
1974 2727 2116 2783 sicut

533 2813 653 2868 ovis
685 2813 750 2866 ad
797 2814 1133 2870 occisionem
1178 2815 1380 2870 ductus
1411 2825 1514 2881 est,
1544 2825 1599 2872 et
1628 2819 1786 2888 quasi
1819 2833 1992 2888 agnus
2021 2834 2114 2873 co-

534 2919 651 2957 ram
687 2904 942 2960 toudente
972 2922 1031 2962 se
1064 2908 1338 2962 obmutuit
1370 2924 1472 2964 nec
1514 2910 1728 2978 aperuit
1760 2925 1820 2964 os
1859 2925 2050 2976 suum;
2091 2929 2108 2960 ι

533 3004 588 3049 et
627 3013 644 3046 ι
681 2997 806 3066 quia
852 2999 1135 3054 abscissus
1178 3009 1259 3054 est
1293 3001 1360 3056 de
1387 3010 1529 3055 terra
1564 3002 1884 3056 viventium.
1921 3022 1940 3055 ι
1978 3002 2114 3069 Quis

542 3096 722 3142 autem
770 3103 877 3142 non
943 3090 1242 3145 admiretur
1299 3107 1418 3162 qua:
1481 3101 1605 3163 post
1655 3093 1770 3149 haec
1815 3094 2110 3160 adduntur,

533 3179 855 3249 prophetam
885 3181 1156 3238 dicentem
1189 3183 1420 3240 audiens
1447 3201 1459 3236 :
1491 3204 1510 3235 ι
1552 3185 1780 3256 Propter
1810 3186 1990 3242 scelus
2015 3202 2111 3256 po—
2140 3219 2184 3277 ρ

533 3272 647 3342 puli
676 3273 781 3327 mei
809 3273 1008 3330 ductus
1032 3283 1116 3331 est
1155 3276 1221 3330 ad
1254 3279 1524 3332 mortem?
1559 3297 1577 3328 ι
1604 3279 1710 3331 Aut
1743 3280 1918 3334 cuivis
1950 3280 2111 3334 verba

533 3378 644 3417 non
677 3363 994 3430 deiicerent,
1040 3367 1278 3436 propriis
1328 3370 1557 3424 auribus
1616 3371 1856 3426 audienti
1903 3370 2112 3428 Christi

533 3472 745 3522 vocem,
779 3475 878 3513 nec
916 3461 1260 3533 intelligenti,
1305 3463 1390 3517 vel
1440 3463 1736 3533 ipsissimis
1771 3465 1948 3521 oculis
1992 3465 2112 3535 ejus

533 3553 878 3620 praesentiam
899 3554 1232 3623 inspicienti,
1273 3572 1372 3612 nec
1389 3556 1632 3611 videnti?
1650 3556 1950 3623 Quemnam
1967 3558 2113 3612 enim

534 3643 700 3696 alium
735 3643 997 3699 haberent
1023 3647 1315 3702 ostendere
1357 3647 1631 3717 justorum
1670 3658 1888 3719 propter
1920 3665 2112 3705 eorum

534 3734 739 3788 scelera
780 3735 847 3790 ad
898 3744 1128 3792 mortem
1167 3738 1554 3794 ductum?aut
1584 3742 1705 3810 quis
1751 3721 1877 3796 talis
1925 3741 2108 3807 fuerit,

437 3871 442 3877 .
534 3827 624 3894 qui
675 3827 992 3897 iniquitates
1027 3831 1205 3885 omnis
1241 3831 1447 3900 populi,
1483 3832 1840 3903 ipsorumque
1875 3835 2111 3904 prophe-

535 3923 714 3969 tarum
749 3918 986 3981 tulisset,
1029 3927 1083 3972 et
1132 3935 1227 3989 pro
1259 3923 1340 3975 eis
1385 3937 1582 3990 passus
1633 3930 1800 3986 esset,
1834 3924 1906 3978 ita
1938 3934 1998 3979 ut
2045 3925 2112 3978 li-

533 4023 663 4063 vore
708 4009 829 4076 ejus
864 4025 1055 4066 omnes
1101 4012 1224 4066 illos
1271 4023 1494 4068 sanatos
1546 4013 1716 4071 fuisse
1759 4017 2110 4072 conﬁteretur

533 4100 799 4171 prOplieta
827 4101 1016 4156 dicens
1046 4121 1060 4157 :
1095 4121 1112 4154 ι
1144 4101 1244 4159 Hic
1288 4104 1606 4175 iniquitates
1640 4117 1854 4164 nostras
1883 4110 2027 4173 tulit,
2059 4120 2110 4164 et

533 4205 635 4262 pro
655 4190 812 4245 uobis
838 4206 1033 4262 passus
1054 4200 1159 4256 est,
1192 4200 1247 4246 et
1279 4193 1448 4248 livore
1473 4193 1595 4263 ejus
1625 4197 1803 4249 sanati
1831 4197 2061 4251 smnus?
2084 4215 2101 4247 ι

532 4284 670 4351 Quis
713 4286 964 4339 humanae
993 4286 1268 4356 particeps
1319 4288 1684 4344 naturaa’talis
1715 4288 1886 4352 ﬁeret,
1920 4296 1979 4342 ut
2017 4304 2108 4343 ne-

531 4391 641 4446 que
677 4375 860 4430 verbis
903 4392 1078 4446 neque
1126 4378 1386 4448 operibus
1434 4379 1734 4448 quidquam
1779 4381 2103 4448 peccaverit,

535 4477 594 4522 ut
636 4469 704 4524 de
744 4469 864 4539 ipso
910 4470 1094 4524 divina
1141 4481 1372 4525 testatur
1419 4469 1703 4540 Scriptura
1750 4471 1836 4526 his
1874 4472 2054 4528 verbis
2089 4492 2101 4527 :

2219 1979 2373 2048 φησὶ,
2403 1996 2421 2029 ι
2451 1977 2540 2030 διά
2565 1976 2665 2040 τὰς
2695 1977 2923 2047 ἀνομίας
2951 1973 3132 2046 ἡμῶν,
3161 1975 3256 2027 καὶ⁵
3281 1971 3694 2044 μεμαλάκισται
3713 1970 3791 2024 διά

2215 2070 2312 2133 τὰς
2346 2069 2622 2140 ἁμαρτίας
2651 2071 2684 2139 ἡ
2695 2068 2829 2138 μῶν·
2860 2087 2879 2119 ι
2926 2066 3341 2135 συγκαταλέγων
3364 2081 3425 2118 τε
3455 2064 3654 2117 ἑαυτὸν
3681 2065 3791 2116 ὲπιο

2217 2161 2369 2233 φέρει
2404 2160 2595 2229 λέγων·
2633 2179 2651 2209 ι
2695 2158 2786 2228 Τῷ
2818 2157 3044 2230 μώλωπι
3076 2156 3238 2210 αὑτοῦ
3276 2157 3436 2227 ἡμεῖς
3484 2154 3734 2225 ίάθημεν.
3765 2173 3782 2204 ι

2218 2252 2409 2321 Σαφῶς
2443 2269 2499 2305 τε
2531 2251 2730 2323 ἐνορῶν
2763 2252 2859 2321 τὴν
2893 2249 3187 2322 γενομένην
3228 2251 3313 2302 ἐπ’
3346 2247 3495 2318 αὐτῷ
3531 2249 3697 2300 παντὶ
3720 2247 3788 2317 τῷ

2218 2346 2281 2397 ὲκ
2314 2343 2612 2414 περιτομῆς
2641 2341 2756 2414 λαῷ
2784 2341 3014 2412 πλάνην,
3050 2342 3143 2394 καὶ
3173 2341 3254 2394 ὃτι
3293 2340 3367 2412 μὴ
3399 2340 3551 2392 ἔστιν
3585 2340 3786 2409 ἄνθρωι

2217 2455 2315 2502 πος
2340 2437 2397 2501 ὃς
2438 2439 2538 2509 οὐχ
2567 2439 2968 2509 ἁμαρτήσεται,
3008 2436 3109 2490 κᾶν
3146 2439 3174 2490 ὁ
3212 2437 3429 2490 πάντων
3455 2435 3787 2499 δικαιότατος

2215 2523 2353 2581 εἶναι
2384 2527 2537 2599 δοκῇ,
2577 2527 2838 2596 ἐπιλέγει·
2868 2546 2885 2578 ι
2914 2526 3119 2591 Πάντες
3145 2526 3220 2591 ὡς
3243 2525 3490 2595 πρόϐατα
3527 2527 3591 2594 (Ῑ.
3627 2525 3696 2580 57
3719 2529 3786 2594 τ’)

2221 2621 2624 2693 ἐπλανήθημεν·
2665 2620 2947 2694 ἄνθρωπος
2977 2621 3078 2692 τὴν
3117 2620 3233 2674 ὁδὸν
3276 2618 3442 2673 αὑτοῦ
3490 2619 3783 2690 ἐπλανήθη·

2218 2715 2314 2768 καὶ
2333 2715 2536 2787 Κύριος
2554 2714 2866 2788 παρέδωκεν
2887 2713 3048 2766 αὑτὸν
3077 2715 3193 2776 ταῖς
3226 2713 3527 2782 ἁμαρτίαις
3566 2711 3732 2782 ἡμῶν·
3755 2730 3776 2762 ι

2218 2809 2311 2862 καὶ
2340 2807 2408 2860 τά
2438 2807 2647 2871 τούτοις
2675 2806 2963 2870 ἀκόλουθα,
2990 2805 3026 2861 ἃ
3052 2806 3146 2860 καὶ
3168 2805 3554 2876 ἀναμφιλόγως
3584 2807 3675 2858 ἐπὶ
3695 2803 3782 2875 μό-

2217 2922 2308 2958 νου
2326 2903 2420 2958 τοῦ
2453 2903 2706 2974 Σωτῆρος
2731 2902 2887 2974 ἡμῶν
2923 2899 3095 2972 Ἰησοῦ
3118 2901 3285 2972 πέρας
3311 2899 3575 2971 εἰληφότα
3595 2899 3780 2952 δείκνυο

2214 3013 2322 3048 ται·
2352 2995 2474 3049 ὅθεν
2503 2997 2596 3048 καὶ
2622 2995 2918 3067 θαυμάζειν
2940 2993 3088 3058 ἄξιον
3115 2993 3214 3064 τῆς
3236 2992 3546 3064 πωρώσεως
3567 2994 3689 3055 τοὺς
3711 2992 3777 3061 μὴ

2216 3088 2607 3160 προσιεμένους
2636 3088 2796 3140 αὑτὸν
2823 3086 2916 3140 τοῦ
2946 3087 3209 3158 προτέρου
3247 3085 3376 3138 λαοῦ
3413 3087 3680 3157 προφάσει
3717 3083 3776 3136 δι’

2216 3175 2289 3234 ὧν
2316 3179 2654 3244 ἐπεδείξαντο
2677 3180 2797 3232 κατ’
2833 3179 3017 3242 αὑτοῦ,
3054 3179 3137 3248 ἐφ’
3165 3173 3245 3242 οἷς
3268 3179 3524 3249 ὲπιγελᾷν
3558 3180 3652 3232 καὶ
3669 3179 3776 3232 δια-

2219 3272 2401 3343 σύρειν
2445 3273 2627 3344 αύτοῖς
2657 3271 2798 3336 ἔθος,
2839 3273 2914 3336 ὡς
2955 3272 3027 3344 μὴ
3061 3273 3185 3339 ἄξια
3228 3271 3533 3325 πεπονθότα
3571 3273 3668 3343 τῆς
3690 3272 3772 3326 τοῦ

2214 3364 2348 3419 Θεοῦ
2385 3366 2513 3438 περὶ
2537 3365 2700 3418 αὐτοῦ
2733 3365 3011 3437 φροντίδος
3037 3382 3048 3394 ·
3093 3365 3274 3434 σαφῶς
3315 3367 3453 3437 πρὸς
3492 3369 3608 3429 τοῖς
3634 3369 3772 3438 εἰρη-

2216 3459 2396 3530 μένοις
2427 3456 2763 3522 ἀναϐοῶντος
2799 3457 2892 3511 τοῦ
2925 3460 3203 3531 προφήτου
3234 3459 3362 3528 περὶ
3397 3458 3586 3522 αὐτοῦ,
3616 3459 3695 3512 ὅτι
3723 3476 3773 3511 τι

2219 3570 2236 3602 ι
2273 3551 2348 3614 ὡς
2399 3550 2668 3622 πρόϐατον
2689 3552 2781 3604 ἐπὶ
2810 3553 3024 3622 σφαγὴν
3051 3551 3211 3624 ἤχθη,
3242 3553 3336 3604 καὶ
3356 3549 3433 3614 ὥς
3450 3551 3622 3620 ἀμνὸς
3643 3553 3773 3604 sm-

2210 3641 2324 3694 τίον
2359 3639 2454 3694 τοῦ
2487 3641 2760 3713 κείροντος
2799 3643 2959 3696 αὑτὸν
2988 3643 3220 3712 ἄφωνος,
3254 3641 3425 3705 οῦτως
3453 3643 3555 3694 οὐκ
3584 3643 3775 3709 ἀνοίγει

2211 3733 2272 3786 τὸ
2307 3733 2478 3805 στόμα
2512 3735 2698 3788 αὐτοῦ·
2737 3755 2756 3788 ι
2792 3735 2886 3790 καὶ⁵
2911 3737 2990 3789 ὅτι
3029 3754 3047 3786 ‹
3096 3736 3306 3806 αἴρεται
3334 3735 3444 3788 ἀπὸ
3480 3734 3586 3804 τῆς
3618 3735 3771 3804 ﬁgi)

2212 3825 2323 3895 ζωὴ
2355 3826 2541 3882 αὐτοῦ.
2577 3846 2596 3878 ι
2637 3827 2734 3890 Τίς
2763 3827 2808 3880 δ’
2835 3827 2933 3881 οὐκ
2961 3825 3026 3880 ἂν
3057 3826 3464 3897 ἀποθαυμάσειε
3505 3827 3641 3880 πᾶσι
3674 3828 3775 3888 τοίς

2211 3915 2759 3987 προκατειλεγμένοις
2801 3916 3212 3988 ἐπιφερόμενον,
3259 3915 3472 3970 ἀκούων
3514 3916 3652 3986 πρὸς
3689 3913 3775 3967 τοῦ

2212 4009 2489 4079 προφήτου
2523 4008 2770 4077 λέγοντος
2798 4010 2878 4062 τό·
2912 4029 2928 4058 ι
2954 4009 3088 4062 Ἀπὸ
3117 4008 3225 4060 τῶν
3255 4007 3495 4078 ἀνομιῶν
3527 4009 3622 4060 τοῦ
3655 4006 3774 4059 λαοῦ

2215 4117 2314 4170 μου
2348 4099 2487 4171 ἤχθη
2521 4102 2600 4164 εἰς
2629 4099 2885 4165 θάνατον;
2919 4121 2937 4153 ι
2973 4101 3004 4172 ἣ
3037 4100 3090 4153 τί
3116 4101 3161 4154 δ’
3183 4101 3246 4154 ἂν
3269 4102 3404 4170 πρὸς
3426 4101 3604 4153 ταῦτα
3634 4102 3774 4170 εὐρε-

2215 4194 2549 4264 σιλογήσειεν
2593 4193 2643 4245 οί
2691 4192 2750 4245 τὸ
2790 4192 2956 4255 ὅντως
2990 4192 3111 4262 (sic)
3156 4193 3292 4263 ἀκοῇ
3326 4192 3662 4257 ἀκούσαντες
3685 4194 3772 4262 τῆς

2210 4284 2302 4338 τοῦ
2332 4282 2569 4356 Χριστοῦ
2592 4283 2795 4353 φωνῆς,
2810 4283 2904 4336 καὶ
2924 4283 2999 4355 μὴ
3018 4281 3480 4345 συνέντες,αύτοίς
3497 4299 3561 4334 τε
3593 4281 3773 4351 ὀφθαλ-

2214 4379 2334 4447 μοῖς
2378 4374 2750 4447 ὲμϐλέψαντες
2791 4377 2872 4440 είς
2917 4377 3017 4448 τὴν
3087 4377 3391 4447 παρουσίαν
3443 4377 3636 4444 αὑτοῦ,
3687 4377 3772 4429 καὶ

2211 4466 2286 4538 μὴ
2327 4466 2567 4533 ίδόντες;
2605 4466 2739 4521 Τίνα
2765 4467 2874 4537 γὰρ
2911 4467 3067 4522 ἄλλον
3111 4467 3281 4538 ἔχοιεν
3325 4469 3391 4520 ἂν
3423 4468 3531 4520 τῶν
3559 4468 3772 4521 δικαίων

537 4581 556 4612 ι
587 4559 934 4632 iniquitatem
988 4578 1097 4616 non
1135 4561 1281 4628 fecit,
1310 4577 1486 4633 neque
1532 4564 1786 4618 inventus
1831 4570 1915 4618 est
1945 4564 2103 4618 dolus

2212 4561 2558 4631 παραστῆσαι
2602 4559 2710 4613 ἀπὸ
2753 4560 2862 4614 τῶν
2907 4560 3189 4631 ἁμαρτιῶν
3227 4559 3405 4613 αὐτῶν
3435 4561 3665 4631 ἀχθέντα
3697 4563 3770 4624 είς

533 4652 589 4705 in
628 4667 724 4707 ore
752 4653 907 4722 ejus?
935 4673 953 4704 ι
999 4651 1171 4719 Quam
1203 4654 1274 4708 ob
1304 4669 1548 4718 causam,
1596 4664 1884 4725 postquam
1910 4656 2106 4725 praedi-

531 4749 686 4798 catus
717 4752 802 4800 est
827 4743 1116 4800 ducendus
1146 4746 1284 4801 sicut
1312 4745 1430 4800 ovis
1452 4745 1516 4798 ad
1542 4745 1900 4810 occisionem,
1925 4746 2106 4816 ipsum
2147 4763 2152 4768 '

531 4833 860 4904 praenuntiat
898 4833 1182 4905 Scriptura
1209 4843 1432 4906 propter
1462 4835 1781 4906 iniquitates
1814 4837 2000 4908 populi
2035 4837 2105 4891 ad

530 4937 764 4983 mortem
797 4926 1166 4982 damnandum
1198 4931 1358 4985 esse?
1397 4927 1589 4983 Dicant
1615 4945 1748 4984 vero
1793 4944 1863 4984 an
1909 4945 2105 5001 exspe-

531 5029 712 5076 ctatus
749 5020 817 5077 ab
848 5021 917 5076 iis
947 5019 1202 5078 Christus
1239 5031 1504 5079 venturus
1553 5022 1667 5078 hac
1699 5023 1883 5078 omnia
1909 5037 2105 5094 passu-

530 5127 626 5168 rus
651 5113 744 5176 sit,
800 5130 922 5184 quze
962 5116 1258 5186 prophetiae
1290 5114 1358 5171 de
1405 5130 1470 5170 eo
1510 5115 1969 5186 praenuntiavere,
2015 5107 2102 5171 vel

529 5205 736 5276 aliquid
779 5206 960 5263 simile
992 5209 1136 5278 apud
1172 5209 1350 5277 ipsum
1391 5205 1637 5263 futurum
1675 5208 1768 5264 sit.
1811 5207 2013 5263 Verum
2054 5207 2101 5263 si

527 5306 752 5369 propter
795 5313 858 5354 ea
889 5314 1010 5370 quae
1041 5298 1309 5354 Salvatori
1352 5309 1542 5354 nostro
1573 5299 1893 5355 acciderunt
1937 5315 1966 5354 a
1998 5299 2103 5356 [ide

526 5393 584 5446 in
628 5407 754 5447 eum
815 5393 1183 5459 deterrentur,
1239 5409 1351 5448 non
1399 5393 1584 5449 dicere
1627 5393 1829 5450 habent
1877 5393 1945 5450 de
1992 5410 2101 5466 quo

528 5486 644 5542 haec
675 5496 1014 5558 exspectent.
1053 5486 1312 5558 Superest
1365 5489 1532 5559 igitur
1553 5489 1711 5558 juxta
1755 5503 1851 5544 eos
1900 5496 1959 5543 ut
1991 5504 2098 5543 non

528 5581 677 5634 esito
723 5581 1077 5651 comprobata
1111 5590 1164 5634 et
1210 5580 1500 5637 manifeste
1541 5581 1756 5636 fallacia
1789 5582 1953 5636 verba
2004 5581 2098 5636 Dei

529 5667 1003 5737 demonstrentur;
1032 5686 1140 5725 non
1171 5686 1302 5727 vero
1324 5671 1480 5743 juxta
1523 5687 1644 5739 nos,
1677 5672 1876 5743 quibus
1906 5671 2038 5726 nihil
2067 5688 2095 5726 a

602 5849 682 5903 ⁸11
717 5850 842 5906 Cor.
886 5865 956 5914 νι,
991 5849 1078 5904 29.

2209 4650 2471 4717 θάνατον;
2505 4650 2574 4704 Ἦ
2609 4651 2693 4714 τίς
2733 4651 2974 4714 τοιοῦτος
3011 4654 3322 4724 γεγένηται,
3363 4654 3438 4717 ὡς
3465 4654 3562 4716 τὰς
3594 4656 3766 4723 ἀμαρ-

2204 4743 2326 4807 τίας
2354 4744 2556 4807 παντὸς
2598 4744 2692 4797 τοῦ
2731 4742 2861 4797 λαοῦ
2888 4745 2982 4798 καὶ
3006 4745 3183 4799 αὐτῶν
3209 4745 3317 4798 τῶν
3350 4747 3643 4818 προφητῶν
3676 4747 3767 4815 φέ-

2187 4855 2343 4909 ρειν,
2382 4838 2476 4891 καὶ
2519 4837 2800 4891 ὀδυνᾶσθαι
2841 4837 2972 4908 περὶ
3011 4838 3210 4902 αὐτῶν,
3252 4837 3388 4891 ὥστε
3437 4839 3514 4908 τῷ
3545 4839 3765 4908 μώλωτα

2205 4931 2370 4984 αὐτοῦ
2403 4929 2583 4984 ἰᾶσθαι
2627 4930 2837 4994 πάντας
2878 4932 3076 4995 αὐτοὺς
3107 4931 3409 5002 ὁμολογεῖν,
3438 4932 3761 5001 φάσκοντας·

2209 5042 2226 5073 ι
2265 5016 2434 5088 Οῦτος
2461 5022 2560 5087 τὰς
2595 5024 2870 5096 ἁμαρτίας
2912 5022 3065 5094 ημῶν
3100 5024 3276 5095 φέρει,
3317 5025 3412 5077 καὶ
3454 5026 3583 5094 περὶ
3615 5021 3763 5095 ἡμῶν

2200 5114 2473 5178 όδυνᾶται,
2523 5116 2616 5170 καὶ
2649 5114 2738 5188 ,τῷ
2793 5114 3017 5186 μώλωπι
3049 5115 3214 5169 αὐτοῦ
3245 5118 3403 5187 ἡμεῖς
3447 5115 3708 5186 ίάθημενς
3738 5134 3756 5165 ι

2202 5208 2298 5272 Τίς
2319 5208 2364 5262 δ’
2389 5207 2734 5283 ἀνθρωπίνης
2761 5207 2940 5279 λαχὼν
2964 5206 3177 5278 φύσεως
3198 5207 3391 5276 γένοιτ’
3415 5206 3482 5260 ἂν
3505 5206 3755 5269 τοιοῦτος,

2202 5301 2341 5356 ὥστε
2378 5304 2510 5374 μήτε
2539 5302 2681 5373 λόγῳ
2701 5303 2836 5374 μήτε
2865 5302 3010 5374 ἔργῳ
3039 5302 3385 5376 ἡμαρτῆσθαι
3412 5320 3466 5356 τι
3500 5303 3666 5373 αὐτῷ,
3685 5304 3756 5362 ὡς

2202 5393 2486 5466 ἀληθεύειν
2527 5394 2787 5462 λέγουσαν
2832 5394 2958 5466 περὶ
2995 5394 3158 5448 αὐτοῦ
3198 5395 3293 5465 τὴν
3330 5394 3481 5449 θείαν
3521 5394 3752 5464 Γραφὴν,

2203 5489 2286 5542 ὅτι
2317 5506 2334 5538 ι
2366 5487 2595 5559 ἀνομίαν
2641 5488 2742 5540 οὐκ
2762 5487 3034 5559 ἐποίησεν,
3057 5487 3172 5541 οὐδὲ
3192 5487 3336 5550 δόλος
3361 5489 3417 5541 ὲν
3444 5487 3522 5557 τῷ
3541 5489 3753 5557 στόματι

2200 5581 2403 5644 αὐτοῦς
2441 5602 2458 5634 ι
2500 5583 2622 5636 Ἐπὶ
2661 5583 2788 5652 ποίᾳ
2817 5581 2872 5634 δὲ
2905 5583 3052 5655 αἰτία
3087 5583 3176 5635 τὸν
3203 5583 3293 5635 ἐπὶ
3319 5581 3528 5646 τούτοις
3553 5596 3752 5653 μαρτυ·

2205 5673 2461 5746 ρούμενον
2489 5673 2564 5737 ὡς
2605 5673 2874 5746 πρόϐατον
2908 5675 2997 5727 ἐπὶ
3029 5674 3239 5744 σφαγὴν
3287 5671 3639 5744 ἀχθήσεσθαι,
3667 5669 3753 5722 καὶ
