  <div class='ocr_page' id='page_1' title='image "/cluster/home/n/w/nwhite01/storage/ocr_20150623/22/hvd.32044020605168/654.png"; bbox 0 0 3974 6548; ppageno 0'>
   <div class='ocr_carea' id='block_1_1' title="bbox 734 9 1829 33">
    <p class='ocr_par' dir='ltr' id='par_1_1' title="bbox 734 10 1339 23">
     <span class='ocr_line' id='line_1_1' title="bbox 734 10 1339 23; baseline 0.002 -11"><span class='ocrx_word' id='word_1_1' title='bbox 734 10 1053 19; x_wconf 30' lang='grc' dir='ltr'>φκ-</span> <span class='ocrx_word' id='word_1_2' title='bbox 1078 18 1163 21; x_wconf 64' lang='lat'><em>‘</em></span> <span class='ocrx_word' id='word_1_3' title='bbox 1210 20 1339 23; x_wconf 27' lang='lat'><em>_7777</em></span> 
     </span>
    </p>
   </div>
   <div class='ocr_carea' id='block_1_2' title="bbox 224 441 416 501">
    <p class='ocr_par' dir='ltr' id='par_1_2' title="bbox 224 441 416 501">
     <span class='ocr_line' id='line_1_2' title="bbox 224 441 416 501; baseline 0.031 -6"><span class='ocrx_word' id='word_1_4' title='bbox 224 441 416 501; x_wconf 60' lang='lat'>{23.9</span> 
     </span>
    </p>
   </div>
   <div class='ocr_carea' id='block_1_3' title="bbox 1299 450 2478 518">
    <p class='ocr_par' dir='ltr' id='par_1_3' title="bbox 1299 450 2478 518">
     <span class='ocr_line' id='line_1_3' title="bbox 1299 450 2478 518; baseline 0.012 -14"><span class='ocrx_word' id='word_1_5' title='bbox 1299 450 1586 508; x_wconf 73' lang='lat' dir='ltr'><strong>ECLOG/E</strong></span> <span class='ocrx_word' id='word_1_6' title='bbox 1628 454 2104 513; x_wconf 65' lang='lat' dir='ltr'><strong>PROPHETICE.</strong></span> <span class='ocrx_word' id='word_1_7' title='bbox 2134 489 2203 498; x_wconf 84' lang='lat'>—-</span> <span class='ocrx_word' id='word_1_8' title='bbox 2228 460 2355 516; x_wconf 84' lang='lat' dir='ltr'><strong>LIB.</strong></span> <span class='ocrx_word' id='word_1_9' title='bbox 2390 462 2478 518; x_wconf 78' lang='lat' dir='ltr'>IV.</span> 
     </span>
    </p>
   </div>
   <div class='ocr_carea' id='block_1_4' title="bbox 3378 478 3516 533">
    <p class='ocr_par' dir='ltr' id='par_1_4' title="bbox 3378 478 3516 533">
     <span class='ocr_line' id='line_1_4' title="bbox 3378 478 3516 533; baseline 0.022 -3"><span class='ocrx_word' id='word_1_10' title='bbox 3378 479 3399 530; x_wconf 79' lang='lat' dir='ltr'>l</span> <span class='ocrx_word' id='word_1_11' title='bbox 3412 478 3516 533; x_wconf 71' lang='lat'>9.50</span> 
     </span>
    </p>
   </div>
   <div class='ocr_carea' id='block_1_5' title="bbox 221 558 1806 659">
    <p class='ocr_par' dir='ltr' id='par_1_5' title="bbox 221 558 1806 642">
     <span class='ocr_line' id='line_1_5' title="bbox 221 558 1806 642; baseline 0.009 -32"><span class='ocrx_word' id='word_1_12' title='bbox 221 558 369 612; x_wconf 68' lang='grc' dir='ltr'>ἀπὸ</span> <span class='ocrx_word' id='word_1_13' title='bbox 403 558 507 612; x_wconf 90' lang='grc' dir='ltr'>τῶν</span> <span class='ocrx_word' id='word_1_14' title='bbox 533 559 771 631; x_wconf 77' lang='grc' dir='ltr'>ἀνομιῶν</span> <span class='ocrx_word' id='word_1_15' title='bbox 808 561 898 615; x_wconf 82' lang='grc' dir='ltr'>τοῦ</span> <span class='ocrx_word' id='word_1_16' title='bbox 926 561 1051 615; x_wconf 78' lang='grc' dir='ltr'>λαοῦ</span> <span class='ocrx_word' id='word_1_17' title='bbox 1090 564 1184 634; x_wconf 71' lang='grc' dir='ltr'>τὴν</span> <span class='ocrx_word' id='word_1_18' title='bbox 1216 566 1306 617; x_wconf 72' lang='grc' dir='ltr'>ἐπὶ</span> <span class='ocrx_word' id='word_1_19' title='bbox 1336 565 1551 639; x_wconf 81' lang='grc' dir='ltr'>θανάτῳ</span> <span class='ocrx_word' id='word_1_20' title='bbox 1578 587 1806 642; x_wconf 86' lang='grc' dir='ltr'>κατακρι</span> 
     </span>
    </p>
   </div>
   <div class='ocr_carea' id='block_1_6' title="bbox 1907 558 3513 659">
    <p class='ocr_par' dir='ltr' id='par_1_6' title="bbox 1907 573 3513 659">
     <span class='ocr_line' id='line_1_6' title="bbox 1907 573 3513 659; baseline 0.015 -35"><span class='ocrx_word' id='word_1_21' title='bbox 1907 623 1909 633; x_wconf 75' lang='grc'>,</span> <span class='ocrx_word' id='word_1_22' title='bbox 1941 573 2237 643; x_wconf 79' lang='lat' dir='ltr'>majoribus</span> <span class='ocrx_word' id='word_1_23' title='bbox 2280 577 2660 634; x_wconf 89' lang='lat' dir='ltr'><strong>annuntiatum</strong></span> <span class='ocrx_word' id='word_1_24' title='bbox 2703 588 2805 647; x_wconf 89' lang='lat' dir='ltr'><strong>est,</strong></span> <span class='ocrx_word' id='word_1_25' title='bbox 2840 583 2974 638; x_wconf 84' lang='lat' dir='ltr'><strong>nihil</strong></span> <span class='ocrx_word' id='word_1_26' title='bbox 3007 586 3075 641; x_wconf 85' lang='lat' dir='ltr'>de</span> <span class='ocrx_word' id='word_1_27' title='bbox 3102 587 3221 659; x_wconf 92' lang='lat' dir='ltr'><strong>ipso</strong></span> <span class='ocrx_word' id='word_1_28' title='bbox 3252 591 3513 649; x_wconf 85' lang='lat' dir='ltr'><strong>traditum</strong></span> 
     </span>
    </p>
   </div>
   <div class='ocr_carea' id='block_1_7' title="bbox 221 649 1834 726">
    <p class='ocr_par' dir='ltr' id='par_1_7' title="bbox 221 649 1834 726">
     <span class='ocr_line' id='line_1_7' title="bbox 221 649 1834 726; baseline 0.009 -24"><span class='ocrx_word' id='word_1_29' title='bbox 221 649 523 722; x_wconf 73' lang='grc' dir='ltr'>θήσεσθαι</span> <span class='ocrx_word' id='word_1_30' title='bbox 552 654 579 705; x_wconf 85' lang='grc' dir='ltr'>ὁ</span> <span class='ocrx_word' id='word_1_31' title='bbox 605 652 758 721; x_wconf 85' lang='grc' dir='ltr'>λόγος</span> <span class='ocrx_word' id='word_1_32' title='bbox 789 656 1143 726; x_wconf 78' lang='grc' dir='ltr'>προαγορεύει</span> <span class='ocrx_word' id='word_1_33' title='bbox 1169 674 1182 721; x_wconf 88' lang='grc'><strong>;</strong></span> <span class='ocrx_word' id='word_1_34' title='bbox 1212 658 1531 726; x_wconf 83' lang='grc' dir='ltr'>Λεγέτωσαν</span> <span class='ocrx_word' id='word_1_35' title='bbox 1569 662 1623 714; x_wconf 85' lang='grc' dir='ltr'>δὲ</span> <span class='ocrx_word' id='word_1_36' title='bbox 1665 663 1759 718; x_wconf 69' lang='grc' dir='ltr'>καὶ</span> <span class='ocrx_word' id='word_1_37' title='bbox 1786 666 1834 717; x_wconf 81' lang='grc' dir='ltr'>εί</span> 
     </span>
    </p>
   </div>
   <div class='ocr_carea' id='block_1_8' title="bbox 221 743 1836 819">
    <p class='ocr_par' dir='ltr' id='par_1_8' title="bbox 221 743 1836 819">
     <span class='ocr_line' id='line_1_8' title="bbox 221 743 1836 819; baseline 0.008 -25"><span class='ocrx_word' id='word_1_38' title='bbox 221 743 928 816; x_wconf 39' lang='grc' dir='ltr'>προσδοκώμεκιοςυαύτοῖς</span> <span class='ocrx_word' id='word_1_39' title='bbox 966 748 1114 818; x_wconf 70' lang='grc' dir='ltr'>ἥξειν</span> <span class='ocrx_word' id='word_1_40' title='bbox 1149 750 1382 819; x_wconf 79' lang='grc' dir='ltr'>Χριστὸς</span> <span class='ocrx_word' id='word_1_41' title='bbox 1417 751 1586 805; x_wconf 88' lang='grc' dir='ltr'>ταῦτα</span> <span class='ocrx_word' id='word_1_42' title='bbox 1620 754 1836 819; x_wconf 83' lang='grc' dir='ltr'>πάντως</span> 
     </span>
    </p>
   </div>
   <div class='ocr_carea' id='block_1_9' title="bbox 220 835 1835 914">
    <p class='ocr_par' dir='ltr' id='par_1_9' title="bbox 220 835 1835 914">
     <span class='ocr_line' id='line_1_9' title="bbox 220 835 1835 914; baseline 0.007 -28"><span class='ocrx_word' id='word_1_43' title='bbox 220 835 529 897; x_wconf 76' lang='grc' dir='ltr'>πείσεται,</span> <span class='ocrx_word' id='word_1_44' title='bbox 562 836 703 909; x_wconf 78' lang='grc' dir='ltr'>ἅπερ</span> <span class='ocrx_word' id='word_1_45' title='bbox 738 838 792 889; x_wconf 75' lang='grc' dir='ltr'>αἱ</span> <span class='ocrx_word' id='word_1_46' title='bbox 826 844 1147 910; x_wconf 79' lang='grc' dir='ltr'>προφητεῖαι</span> <span class='ocrx_word' id='word_1_47' title='bbox 1189 842 1315 914; x_wconf 75' lang='grc' dir='ltr'>περὶ</span> <span class='ocrx_word' id='word_1_48' title='bbox 1356 840 1520 896; x_wconf 86' lang='grc' dir='ltr'>αὐτοῦ</span> <span class='ocrx_word' id='word_1_49' title='bbox 1555 845 1835 909; x_wconf 78' lang='grc' dir='ltr'>θεσπίζου-</span> 
     </span>
    </p>
   </div>
   <div class='ocr_carea' id='block_1_10' title="bbox 223 928 1833 1004">
    <p class='ocr_par' dir='ltr' id='par_1_10' title="bbox 223 928 1833 1004">
     <span class='ocr_line' id='line_1_10' title="bbox 223 928 1833 1004; baseline 0.008 -25"><span class='ocrx_word' id='word_1_50' title='bbox 223 943 365 991; x_wconf 81' lang='grc' dir='ltr'>σιν,</span> <span class='ocrx_word' id='word_1_51' title='bbox 398 928 430 999; x_wconf 78' lang='grc' dir='ltr'><strong>ἢ</strong></span> <span class='ocrx_word' id='word_1_52' title='bbox 462 929 612 983; x_wconf 87' lang='grc' dir='ltr'>οὐδέν</span> <span class='ocrx_word' id='word_1_53' title='bbox 640 948 690 983; x_wconf 92' lang='grc' dir='ltr'>τι</span> <span class='ocrx_word' id='word_1_54' title='bbox 724 930 961 984; x_wconf 86' lang='grc' dir='ltr'>τοιοῦτον</span> <span class='ocrx_word' id='word_1_55' title='bbox 1001 934 1127 1004; x_wconf 81' lang='grc' dir='ltr'>περὶ</span> <span class='ocrx_word' id='word_1_56' title='bbox 1165 935 1369 987; x_wconf 78' lang='grc' dir='ltr'>ἐκεῖνον</span> <span class='ocrx_word' id='word_1_57' title='bbox 1396 934 1567 989; x_wconf 76' lang='grc' dir='ltr'>ἔσται.</span> <span class='ocrx_word' id='word_1_58' title='bbox 1611 938 1748 991; x_wconf 79' lang='grc' dir='ltr'>Ἀλλ’</span> <span class='ocrx_word' id='word_1_59' title='bbox 1785 939 1833 991; x_wconf 83' lang='grc' dir='ltr'>εί</span> 
     </span>
    </p>
   </div>
   <div class='ocr_carea' id='block_1_11' title="bbox 217 1018 1831 1100">
    <p class='ocr_par' dir='ltr' id='par_1_11' title="bbox 217 1018 1831 1100">
     <span class='ocr_line' id='line_1_11' title="bbox 217 1018 1831 1100; baseline 0.008 -30"><span class='ocrx_word' id='word_1_60' title='bbox 217 1018 334 1071; x_wconf 73' lang='grc' dir='ltr'>διὰ</span> <span class='ocrx_word' id='word_1_61' title='bbox 386 1019 455 1072; x_wconf 80' lang='grc' dir='ltr'>τὰ</span> <span class='ocrx_word' id='word_1_62' title='bbox 487 1020 866 1093; x_wconf 74' lang='grc' dir='ltr'>συμϐεϐηκότα</span> <span class='ocrx_word' id='word_1_63' title='bbox 888 1024 965 1095; x_wconf 82' lang='grc' dir='ltr'>τῷ</span> <span class='ocrx_word' id='word_1_64' title='bbox 1007 1026 1215 1097; x_wconf 80' lang='grc' dir='ltr'>Σωτῆρι</span> <span class='ocrx_word' id='word_1_65' title='bbox 1251 1028 1405 1097; x_wconf 84' lang='grc' dir='ltr'>ήμῶν</span> <span class='ocrx_word' id='word_1_66' title='bbox 1430 1030 1831 1100; x_wconf 86' lang='grc' dir='ltr'>προσκόπτουσι</span> 
     </span>
    </p>
   </div>
   <div class='ocr_carea' id='block_1_12' title="bbox 216 1109 1831 1193">
    <p class='ocr_par' dir='ltr' id='par_1_12' title="bbox 216 1109 1831 1193">
     <span class='ocr_line' id='line_1_12' title="bbox 216 1109 1831 1193; baseline 0.009 -33"><span class='ocrx_word' id='word_1_67' title='bbox 216 1109 305 1180; x_wconf 79' lang='grc' dir='ltr'>τῇ</span> <span class='ocrx_word' id='word_1_68' title='bbox 346 1112 431 1173; x_wconf 85' lang='grc' dir='ltr'>είς</span> <span class='ocrx_word' id='word_1_69' title='bbox 463 1111 623 1164; x_wconf 86' lang='grc' dir='ltr'>αὐτὸν</span> <span class='ocrx_word' id='word_1_70' title='bbox 656 1114 856 1180; x_wconf 78' lang='grc' dir='ltr'>πίστει,</span> <span class='ocrx_word' id='word_1_71' title='bbox 893 1116 990 1168; x_wconf 87' lang='grc' dir='ltr'>οὐκ</span> <span class='ocrx_word' id='word_1_72' title='bbox 1024 1115 1088 1168; x_wconf 86' lang='grc' dir='ltr'>ἂν</span> <span class='ocrx_word' id='word_1_73' title='bbox 1130 1118 1371 1186; x_wconf 83' lang='grc' dir='ltr'>φείσαιεν</span> <span class='ocrx_word' id='word_1_74' title='bbox 1405 1118 1674 1191; x_wconf 79' lang='grc' dir='ltr'>(φήσαιεν)</span> <span class='ocrx_word' id='word_1_75' title='bbox 1704 1124 1831 1193; x_wconf 76' lang='grc' dir='ltr'>περὶ</span> 
     </span>
    </p>
   </div>
   <div class='ocr_carea' id='block_1_13' title="bbox 215 1196 1829 1281">
    <p class='ocr_par' dir='ltr' id='par_1_13' title="bbox 215 1196 1829 1281">
     <span class='ocr_line' id='line_1_13' title="bbox 215 1196 1829 1281; baseline 0.007 -28"><span class='ocrx_word' id='word_1_76' title='bbox 215 1196 294 1255; x_wconf 66' lang='grc' dir='ltr'>οὗ</span> <span class='ocrx_word' id='word_1_77' title='bbox 343 1203 687 1274; x_wconf 83' lang='grc' dir='ltr'>προσδοκῶσι</span> <span class='ocrx_word' id='word_1_78' title='bbox 729 1205 798 1259; x_wconf 84' lang='grc' dir='ltr'>τὰ</span> <span class='ocrx_word' id='word_1_79' title='bbox 848 1208 1090 1262; x_wconf 85' lang='grc' dir='ltr'>τοιαῦτα.</span> <span class='ocrx_word' id='word_1_80' title='bbox 1128 1208 1266 1281; x_wconf 84' lang='grc' dir='ltr'>Ὥρα</span> <span class='ocrx_word' id='word_1_81' title='bbox 1310 1206 1403 1263; x_wconf 79' lang='grc' dir='ltr'>οὖν</span> <span class='ocrx_word' id='word_1_82' title='bbox 1449 1211 1657 1273; x_wconf 81' lang='grc' dir='ltr'>ἀτελεῖς</span> <span class='ocrx_word' id='word_1_83' title='bbox 1709 1214 1829 1266; x_wconf 81' lang='grc' dir='ltr'>κατ’</span> 
     </span>
    </p>
   </div>
   <div class='ocr_carea' id='block_1_14' title="bbox 216 1294 1830 1369">
    <p class='ocr_par' dir='ltr' id='par_1_14' title="bbox 216 1294 1830 1369">
     <span class='ocr_line' id='line_1_14' title="bbox 216 1294 1830 1369; baseline 0.007 -24"><span class='ocrx_word' id='word_1_84' title='bbox 216 1294 451 1357; x_wconf 73' lang='grc' dir='ltr'>αὐτοὺς</span> <span class='ocrx_word' id='word_1_85' title='bbox 488 1296 583 1350; x_wconf 75' lang='grc' dir='ltr'>καὶ</span> <span class='ocrx_word' id='word_1_86' title='bbox 620 1297 818 1369; x_wconf 80' lang='grc' dir='ltr'>δηλαδὴ</span> <span class='ocrx_word' id='word_1_87' title='bbox 850 1298 1063 1367; x_wconf 71' lang='grc' dir='ltr'>ψευδεῖς</span> <span class='ocrx_word' id='word_1_88' title='bbox 1111 1301 1503 1369; x_wconf 86' lang='grc' dir='ltr'>ἀποφαίνεσθαι</span> <span class='ocrx_word' id='word_1_89' title='bbox 1539 1304 1636 1367; x_wconf 80' lang='grc' dir='ltr'>τὰς</span> <span class='ocrx_word' id='word_1_90' title='bbox 1681 1302 1830 1367; x_wconf 80' lang='grc' dir='ltr'>Θείας</span> 
     </span>
    </p>
   </div>
   <div class='ocr_carea' id='block_1_15' title="bbox 216 1386 1828 1463">
    <p class='ocr_par' dir='ltr' id='par_1_15' title="bbox 216 1386 1828 1463">
     <span class='ocr_line' id='line_1_15' title="bbox 216 1386 1828 1463; baseline 0.003 -23"><span class='ocrx_word' id='word_1_91' title='bbox 216 1386 453 1453; x_wconf 69' lang='grc' dir='ltr'>φωνάς·</span> <span class='ocrx_word' id='word_1_92' title='bbox 475 1386 587 1439; x_wconf 77' lang='grc' dir='ltr'>ἀλλ’</span> <span class='ocrx_word' id='word_1_93' title='bbox 609 1388 666 1440; x_wconf 80' lang='grc' dir='ltr'>οὐ</span> <span class='ocrx_word' id='word_1_94' title='bbox 685 1388 806 1441; x_wconf 80' lang='grc' dir='ltr'>καθ’</span> <span class='ocrx_word' id='word_1_95' title='bbox 823 1390 967 1460; x_wconf 81' lang='grc' dir='ltr'>ἡμᾶς</span> <span class='ocrx_word' id='word_1_96' title='bbox 981 1407 1045 1458; x_wconf 87' lang='grc' dir='ltr'>γε</span> <span class='ocrx_word' id='word_1_97' title='bbox 1066 1392 1187 1452; x_wconf 72' lang='grc' dir='ltr'>τοὺς</span> <span class='ocrx_word' id='word_1_98' title='bbox 1201 1386 1282 1453; x_wconf 77' lang='grc' dir='ltr'>οἷς</span> <span class='ocrx_word' id='word_1_99' title='bbox 1297 1392 1397 1443; x_wconf 86' lang='grc' dir='ltr'>οὐκ</span> <span class='ocrx_word' id='word_1_100' title='bbox 1422 1391 1692 1463; x_wconf 84' lang='grc' dir='ltr'>ἀνηγγέλη</span> <span class='ocrx_word' id='word_1_101' title='bbox 1731 1394 1828 1462; x_wconf 82' lang='grc' dir='ltr'>μὲν</span> 
     </span>
    </p>
   </div>
   <div class='ocr_carea' id='block_1_16' title="bbox 215 1478 1829 1555">
    <p class='ocr_par' dir='ltr' id='par_1_16' title="bbox 215 1478 1829 1555">
     <span class='ocr_line' id='line_1_16' title="bbox 215 1478 1829 1555; baseline 0.004 -25"><span class='ocrx_word' id='word_1_102' title='bbox 215 1478 298 1531; x_wconf 76' lang='grc' dir='ltr'>ἐκ</span> <span class='ocrx_word' id='word_1_103' title='bbox 340 1479 615 1550; x_wconf 79' lang='grc' dir='ltr'>πατέρων·</span> <span class='ocrx_word' id='word_1_104' title='bbox 639 1480 758 1533; x_wconf 85' lang='grc' dir='ltr'>οὐδὲ</span> <span class='ocrx_word' id='word_1_105' title='bbox 787 1480 1052 1553; x_wconf 81' lang='grc' dir='ltr'>παρεδόθη</span> <span class='ocrx_word' id='word_1_106' title='bbox 1077 1482 1143 1535; x_wconf 83' lang='grc' dir='ltr'>τὰ</span> <span class='ocrx_word' id='word_1_107' title='bbox 1165 1484 1292 1555; x_wconf 76' lang='grc' dir='ltr'>περὶ</span> <span class='ocrx_word' id='word_1_108' title='bbox 1315 1482 1500 1545; x_wconf 90' lang='grc' dir='ltr'>αὐτοῦ,</span> <span class='ocrx_word' id='word_1_109' title='bbox 1523 1484 1829 1555; x_wconf 85' lang='grc' dir='ltr'>θεωρήσαν-</span> 
     </span>
    </p>
   </div>
   <div class='ocr_carea' id='block_1_17' title="bbox 217 1570 1825 1645">
    <p class='ocr_par' dir='ltr' id='par_1_17' title="bbox 217 1570 1825 1645">
     <span class='ocr_line' id='line_1_17' title="bbox 217 1570 1825 1645; baseline 0.005 -24"><span class='ocrx_word' id='word_1_110' title='bbox 217 1587 345 1634; x_wconf 62' lang='lat' dir='ltr'><strong>ca;</strong></span> <span class='ocrx_word' id='word_1_111' title='bbox 375 1570 420 1623; x_wconf 76' lang='grc' dir='ltr'>δ’</span> <span class='ocrx_word' id='word_1_112' title='bbox 447 1572 595 1641; x_wconf 81' lang='grc' dir='ltr'>ὅμως</span> <span class='ocrx_word' id='word_1_113' title='bbox 642 1572 802 1624; x_wconf 82' lang='grc' dir='ltr'>αὐτὸν</span> <span class='ocrx_word' id='word_1_114' title='bbox 841 1574 933 1627; x_wconf 78' lang='grc' dir='ltr'>καὶ</span> <span class='ocrx_word' id='word_1_115' title='bbox 972 1574 1442 1645; x_wconf 79' lang='grc' dir='ltr'>παραδεξαμένους</span> <span class='ocrx_word' id='word_1_116' title='bbox 1489 1576 1629 1629; x_wconf 85' lang='grc' dir='ltr'>κατὰ</span> <span class='ocrx_word' id='word_1_117' title='bbox 1668 1576 1728 1628; x_wconf 89' lang='grc' dir='ltr'>τὸ</span> <span class='ocrx_word' id='word_1_118' title='bbox 1768 1577 1825 1629; x_wconf 86' lang='grc' dir='ltr'>ὲν</span> 
     </span>
    </p>
   </div>
   <div class='ocr_carea' id='block_1_18' title="bbox 213 1661 1826 1737">
    <p class='ocr_par' dir='ltr' id='par_1_18' title="bbox 213 1661 1826 1737">
     <span class='ocr_line' id='line_1_18' title="bbox 213 1661 1826 1737; baseline 0.004 -23"><span class='ocrx_word' id='word_1_119' title='bbox 213 1661 424 1726; x_wconf 69' lang='grc' dir='ltr'>ἄλλοις</span> <span class='ocrx_word' id='word_1_120' title='bbox 441 1664 561 1734; x_wconf 84' lang='grc' dir='ltr'>είρη</span> <span class='ocrx_word' id='word_1_121' title='bbox 570 1664 746 1733; x_wconf 87' lang='grc' dir='ltr'>μένον·</span> <span class='ocrx_word' id='word_1_122' title='bbox 762 1683 779 1713; x_wconf 79' lang='grc' dir='ltr'>ι</span> <span class='ocrx_word' id='word_1_123' title='bbox 792 1666 932 1728; x_wconf 84' lang='grc' dir='ltr'>Λαὸς</span> <span class='ocrx_word' id='word_1_124' title='bbox 945 1666 1002 1718; x_wconf 84' lang='grc' dir='ltr'>ὃν</span> <span class='ocrx_word' id='word_1_125' title='bbox 1018 1666 1116 1719; x_wconf 88' lang='grc' dir='ltr'>οὐκ</span> <span class='ocrx_word' id='word_1_126' title='bbox 1138 1665 1306 1733; x_wconf 75' lang='grc' dir='ltr'>ἔγνων</span> <span class='ocrx_word' id='word_1_127' title='bbox 1322 1666 1602 1719; x_wconf 79' lang='grc' dir='ltr'>ἐδούλευσέ</span> <span class='ocrx_word' id='word_1_128' title='bbox 1623 1684 1732 1737; x_wconf 88' lang='grc' dir='ltr'>μοι,</span> <span class='ocrx_word' id='word_1_129' title='bbox 1748 1670 1826 1730; x_wconf 70' lang='grc' dir='ltr'>εἰς</span> 
     </span>
    </p>
   </div>
   <div class='ocr_carea' id='block_1_19' title="bbox 214 1754 1822 1829">
    <p class='ocr_par' dir='ltr' id='par_1_19' title="bbox 214 1754 1822 1829">
     <span class='ocr_line' id='line_1_19' title="bbox 214 1754 1822 1829; baseline 0.002 -23"><span class='ocrx_word' id='word_1_130' title='bbox 214 1754 411 1825; x_wconf 74' lang='grc' dir='ltr'>ἀκοὴν</span> <span class='ocrx_word' id='word_1_131' title='bbox 435 1754 596 1807; x_wconf 79' lang='grc' dir='ltr'>ὠτίου</span> <span class='ocrx_word' id='word_1_132' title='bbox 636 1756 909 1827; x_wconf 81' lang='grc' dir='ltr'>ὑπήκουσέ</span> <span class='ocrx_word' id='word_1_133' title='bbox 937 1774 1037 1827; x_wconf 92' lang='grc' dir='ltr'>μου</span> <span class='ocrx_word' id='word_1_134' title='bbox 1057 1774 1070 1786; x_wconf 87' lang='grc'>·</span> <span class='ocrx_word' id='word_1_135' title='bbox 1086 1778 1105 1809; x_wconf 74' lang='grc' dir='ltr'>ι</span> <span class='ocrx_word' id='word_1_136' title='bbox 1127 1758 1219 1810; x_wconf 73' lang='grc' dir='ltr'>καὶ</span> <span class='ocrx_word' id='word_1_137' title='bbox 1248 1758 1314 1810; x_wconf 77' lang='grc' dir='ltr'>δι’</span> <span class='ocrx_word' id='word_1_138' title='bbox 1334 1757 1460 1827; x_wconf 83' lang='grc' dir='ltr'>ὅλης</span> <span class='ocrx_word' id='word_1_139' title='bbox 1484 1757 1540 1811; x_wconf 84' lang='grc' dir='ltr'>δὲ</span> <span class='ocrx_word' id='word_1_140' title='bbox 1566 1759 1665 1828; x_wconf 88' lang='grc' dir='ltr'>τῆς</span> <span class='ocrx_word' id='word_1_141' title='bbox 1690 1775 1822 1829; x_wconf 83' lang='grc' dir='ltr'>προ-</span> 
     </span>
    </p>
   </div>
   <div class='ocr_carea' id='block_1_20' title="bbox 215 1846 1821 1921">
    <p class='ocr_par' dir='ltr' id='par_1_20' title="bbox 215 1846 1821 1921">
     <span class='ocr_line' id='line_1_20' title="bbox 215 1846 1821 1921; baseline 0.006 -26"><span class='ocrx_word' id='word_1_142' title='bbox 215 1846 475 1915; x_wconf 71' lang='grc' dir='ltr'>φητείας</span> <span class='ocrx_word' id='word_1_143' title='bbox 503 1846 830 1917; x_wconf 79' lang='grc' dir='ltr'>πλατύτερον</span> <span class='ocrx_word' id='word_1_144' title='bbox 856 1849 948 1901; x_wconf 71' lang='grc' dir='ltr'>καὶ</span> <span class='ocrx_word' id='word_1_145' title='bbox 972 1848 1397 1921; x_wconf 82' lang='grc' dir='ltr'>τηλαυγέστερον</span> <span class='ocrx_word' id='word_1_146' title='bbox 1417 1851 1483 1902; x_wconf 80' lang='grc' dir='ltr'>τὰ</span> <span class='ocrx_word' id='word_1_147' title='bbox 1510 1854 1631 1904; x_wconf 76' lang='grc' dir='ltr'>κατ’</span> <span class='ocrx_word' id='word_1_148' title='bbox 1661 1850 1821 1904; x_wconf 75' lang='grc' dir='ltr'>αὐτὸν</span> 
     </span>
    </p>
   </div>
   <div class='ocr_carea' id='block_1_21' title="bbox 1938 667 3515 753">
    <p class='ocr_par' dir='ltr' id='par_1_21' title="bbox 1938 667 3515 753">
     <span class='ocr_line' id='line_1_21' title="bbox 1938 667 3515 753; baseline 0.015 -34"><span class='ocrx_word' id='word_1_149' title='bbox 1938 674 2043 728; x_wconf 87' lang='lat' dir='ltr'><strong>est,</strong></span> <span class='ocrx_word' id='word_1_150' title='bbox 2095 667 2187 736; x_wconf 91' lang='lat' dir='ltr'><strong>qui</strong></span> <span class='ocrx_word' id='word_1_151' title='bbox 2220 676 2398 723; x_wconf 82' lang='lat' dir='ltr'><strong>tamen</strong></span> <span class='ocrx_word' id='word_1_152' title='bbox 2443 685 2566 724; x_wconf 88' lang='lat' dir='ltr'>eum</span> <span class='ocrx_word' id='word_1_153' title='bbox 2601 676 2953 744; x_wconf 70' lang='lat' dir='ltr'>contemplati</span> <span class='ocrx_word' id='word_1_154' title='bbox 2997 693 3188 735; x_wconf 89' lang='lat' dir='ltr'><strong>sumus</strong></span> <span class='ocrx_word' id='word_1_155' title='bbox 3231 692 3395 753; x_wconf 88' lang='lat' dir='ltr'><strong>atque</strong></span> <span class='ocrx_word' id='word_1_156' title='bbox 3425 700 3515 741; x_wconf 82' lang='lat' dir='ltr'><strong>re-</strong></span> 
     </span>
    </p>
   </div>
   <div class='ocr_carea' id='block_1_22' title="bbox 1937 759 3517 835">
    <p class='ocr_par' dir='ltr' id='par_1_22' title="bbox 1937 759 3517 835">
     <span class='ocr_line' id='line_1_22' title="bbox 1937 759 3517 835; baseline 0.014 -24"><span class='ocrx_word' id='word_1_157' title='bbox 1937 759 2206 827; x_wconf 79' lang='lat' dir='ltr'>cepimus,</span> <span class='ocrx_word' id='word_1_158' title='bbox 2232 762 2387 830; x_wconf 79' lang='lat' dir='ltr'><strong>juxta</strong></span> <span class='ocrx_word' id='word_1_159' title='bbox 2432 765 2563 818; x_wconf 90' lang='lat' dir='ltr'><strong>illud</strong></span> <span class='ocrx_word' id='word_1_160' title='bbox 2594 766 2737 835; x_wconf 90' lang='lat' dir='ltr'><strong>quod</strong></span> <span class='ocrx_word' id='word_1_161' title='bbox 2780 768 2917 823; x_wconf 89' lang='lat' dir='ltr'><strong>alias</strong></span> <span class='ocrx_word' id='word_1_162' title='bbox 2950 770 3156 826; x_wconf 91' lang='lat' dir='ltr'><strong>dictum</strong></span> <span class='ocrx_word' id='word_1_163' title='bbox 3194 784 3278 829; x_wconf 92' lang='lat' dir='ltr'>est</span> <span class='ocrx_word' id='word_1_164' title='bbox 3314 795 3326 830; x_wconf 90' lang='lat'><strong>:</strong></span> <span class='ocrx_word' id='word_1_165' title='bbox 3358 795 3379 831; x_wconf 74' lang='grc' dir='ltr'>ι</span> <span class='ocrx_word' id='word_1_166' title='bbox 3412 778 3517 833; x_wconf 83' lang='grc' dir='ltr'>Ρο-</span> 
     </span>
    </p>
   </div>
   <div class='ocr_carea' id='block_1_23' title="bbox 1934 852 3511 941">
    <p class='ocr_par' dir='ltr' id='par_1_23' title="bbox 1934 852 3511 941">
     <span class='ocr_line' id='line_1_23' title="bbox 1934 852 3511 941; baseline 0.014 -38"><span class='ocrx_word' id='word_1_167' title='bbox 1934 852 2095 919; x_wconf 87' lang='lat' dir='ltr'><strong>pulus</strong></span> <span class='ocrx_word' id='word_1_168' title='bbox 2126 870 2285 922; x_wconf 88' lang='lat' dir='ltr'>quem</span> <span class='ocrx_word' id='word_1_169' title='bbox 2341 871 2448 910; x_wconf 92' lang='lat' dir='ltr'>non</span> <span class='ocrx_word' id='word_1_170' title='bbox 2494 858 2723 927; x_wconf 75' lang='lat' dir='ltr'><strong>cognovi</strong></span> <span class='ocrx_word' id='word_1_171' title='bbox 2774 862 2965 915; x_wconf 90' lang='lat' dir='ltr'><strong>serviit</strong></span> <span class='ocrx_word' id='word_1_172' title='bbox 3004 864 3158 927; x_wconf 90' lang='lat' dir='ltr'><strong>mihi.</strong></span> <span class='ocrx_word' id='word_1_173' title='bbox 3209 866 3287 941; x_wconf 41' lang='lat' dir='ltr'>in,</span> <span class='ocrx_word' id='word_1_174' title='bbox 3323 870 3511 926; x_wconf 90' lang='lat' dir='ltr'><strong>auditu</strong></span> 
     </span>
    </p>
   </div>
   <div class='ocr_carea' id='block_1_24' title="bbox 1935 944 3515 1027">
    <p class='ocr_par' dir='ltr' id='par_1_24' title="bbox 1935 944 3515 1027">
     <span class='ocr_line' id='line_1_24' title="bbox 1935 944 3515 1027; baseline 0.014 -33"><span class='ocrx_word' id='word_1_175' title='bbox 1935 944 2088 999; x_wconf 82' lang='lat' dir='ltr'><strong>auris</strong></span> <span class='ocrx_word' id='word_1_176' title='bbox 2114 946 2354 1001; x_wconf 86' lang='lat' dir='ltr'><strong>obedivit</strong></span> <span class='ocrx_word' id='word_1_177' title='bbox 2394 948 2548 1004; x_wconf 90' lang='lat' dir='ltr'><strong>mihi.</strong></span> <span class='ocrx_word' id='word_1_178' title='bbox 2584 969 2602 1002; x_wconf 75' lang='grc' dir='ltr'>ι</span> <span class='ocrx_word' id='word_1_179' title='bbox 2641 950 2819 1021; x_wconf 81' lang='lat' dir='ltr'><strong>Atque</strong></span> <span class='ocrx_word' id='word_1_180' title='bbox 2847 953 2900 1006; x_wconf 92' lang='lat' dir='ltr'>in</span> <span class='ocrx_word' id='word_1_181' title='bbox 2932 955 3081 1008; x_wconf 91' lang='lat' dir='ltr'><strong>omni</strong></span> <span class='ocrx_word' id='word_1_182' title='bbox 3110 957 3396 1027; x_wconf 78' lang='lat' dir='ltr'><strong>prophetia</strong></span> <span class='ocrx_word' id='word_1_183' title='bbox 3426 977 3515 1016; x_wconf 82' lang='lat' dir='ltr'>ex-</span> 
     </span>
    </p>
   </div>
   <div class='ocr_carea' id='block_1_25' title="bbox 1934 1035 3511 1115">
    <p class='ocr_par' dir='ltr' id='par_1_25' title="bbox 1934 1035 3511 1115">
     <span class='ocr_line' id='line_1_25' title="bbox 1934 1035 3511 1115; baseline 0.013 -31"><span class='ocrx_word' id='word_1_184' title='bbox 1934 1035 2177 1102; x_wconf 87' lang='lat' dir='ltr'><strong>pressius</strong></span> <span class='ocrx_word' id='word_1_185' title='bbox 2219 1043 2273 1090; x_wconf 86' lang='lat' dir='ltr'>et</span> <span class='ocrx_word' id='word_1_186' title='bbox 2325 1037 2490 1092; x_wconf 89' lang='lat' dir='ltr'><strong>latius</strong></span> <span class='ocrx_word' id='word_1_187' title='bbox 2532 1040 2914 1109; x_wconf 80' lang='lat' dir='ltr'><strong>exprimuntur</strong></span> <span class='ocrx_word' id='word_1_188' title='bbox 2969 1058 3090 1111; x_wconf 74' lang='lat' dir='ltr'><strong>quae</strong></span> <span class='ocrx_word' id='word_1_189' title='bbox 3143 1042 3393 1115; x_wconf 84' lang='lat' dir='ltr'><strong>spectant</strong></span> <span class='ocrx_word' id='word_1_190' title='bbox 3443 1050 3511 1105; x_wconf 90' lang='lat' dir='ltr'>ad</span> 
     </span>
    </p>
   </div>
   <div class='ocr_carea' id='block_1_26' title="bbox 1932 1128 3511 1202">
    <p class='ocr_par' dir='ltr' id='par_1_26' title="bbox 1932 1128 3511 1202">
     <span class='ocr_line' id='line_1_26' title="bbox 1932 1128 3511 1202; baseline 0.01 -24"><span class='ocrx_word' id='word_1_191' title='bbox 1932 1140 2078 1191; x_wconf 91' lang='lat' dir='ltr'><strong>eum,</strong></span> <span class='ocrx_word' id='word_1_192' title='bbox 2132 1128 2547 1200; x_wconf 90' lang='lat' dir='ltr'><strong>ostenditurque</strong></span> <span class='ocrx_word' id='word_1_193' title='bbox 2588 1146 2751 1201; x_wconf 89' lang='lat' dir='ltr'><strong>quam</strong></span> <span class='ocrx_word' id='word_1_194' title='bbox 2799 1132 2855 1186; x_wconf 91' lang='lat' dir='ltr'>in</span> <span class='ocrx_word' id='word_1_195' title='bbox 2914 1135 3210 1202; x_wconf 86' lang='lat' dir='ltr'><strong>perniciem</strong></span> <span class='ocrx_word' id='word_1_196' title='bbox 3265 1138 3511 1194; x_wconf 89' lang='lat' dir='ltr'><strong>incident</strong></span> 
     </span>
    </p>
   </div>
   <div class='ocr_carea' id='block_1_27' title="bbox 1930 1217 3509 1303">
    <p class='ocr_par' dir='ltr' id='par_1_27' title="bbox 1930 1217 3509 1303">
     <span class='ocr_line' id='line_1_27' title="bbox 1930 1217 3509 1303; baseline 0.012 -33"><span class='ocrx_word' id='word_1_197' title='bbox 1930 1217 2024 1287; x_wconf 89' lang='lat' dir='ltr'>qui</span> <span class='ocrx_word' id='word_1_198' title='bbox 2062 1219 2110 1273; x_wconf 94' lang='lat' dir='ltr'>ei</span> <span class='ocrx_word' id='word_1_199' title='bbox 2144 1220 2386 1276; x_wconf 86' lang='lat' dir='ltr'><strong>insidiati</strong></span> <span class='ocrx_word' id='word_1_200' title='bbox 2419 1230 2568 1287; x_wconf 88' lang='lat' dir='ltr'><strong>sunt,</strong></span> <span class='ocrx_word' id='word_1_201' title='bbox 2602 1224 2688 1279; x_wconf 89' lang='lat' dir='ltr'>his</span> <span class='ocrx_word' id='word_1_202' title='bbox 2716 1225 2897 1280; x_wconf 80' lang='lat' dir='ltr'><strong>verbis</strong></span> <span class='ocrx_word' id='word_1_203' title='bbox 2926 1244 2937 1279; x_wconf 87' lang='lat'><strong>:</strong></span> <span class='ocrx_word' id='word_1_204' title='bbox 2974 1245 2991 1277; x_wconf 82' lang='grc' dir='ltr'>ι</span> <span class='ocrx_word' id='word_1_205' title='bbox 3020 1226 3086 1280; x_wconf 84' lang='grc' dir='ltr'>Ει</span> <span class='ocrx_word' id='word_1_206' title='bbox 3122 1228 3263 1283; x_wconf 86' lang='lat' dir='ltr'><strong>dabo</strong></span> <span class='ocrx_word' id='word_1_207' title='bbox 3310 1231 3509 1303; x_wconf 90' lang='lat' dir='ltr'><strong>impios</strong></span> 
     </span>
    </p>
   </div>
   <div class='ocr_carea' id='block_1_28' title="bbox 1933 1312 3507 1384">
    <p class='ocr_par' dir='ltr' id='par_1_28' title="bbox 1933 1312 3507 1384">
     <span class='ocr_line' id='line_1_28' title="bbox 1933 1312 3507 1384; baseline 0.011 -23"><span class='ocrx_word' id='word_1_208' title='bbox 1933 1323 2032 1378; x_wconf 88' lang='lat' dir='ltr'>pro</span> <span class='ocrx_word' id='word_1_209' title='bbox 2081 1312 2365 1379; x_wconf 85' lang='lat' dir='ltr'><strong>sepultura</strong></span> <span class='ocrx_word' id='word_1_210' title='bbox 2409 1313 2550 1382; x_wconf 87' lang='lat' dir='ltr'><strong>ejus,</strong></span> <span class='ocrx_word' id='word_1_211' title='bbox 2587 1320 2641 1367; x_wconf 93' lang='lat' dir='ltr'>et</span> <span class='ocrx_word' id='word_1_212' title='bbox 2664 1313 2860 1369; x_wconf 88' lang='lat' dir='ltr'><strong>divites</strong></span> <span class='ocrx_word' id='word_1_213' title='bbox 2896 1330 2996 1384; x_wconf 90' lang='lat' dir='ltr'>pro</span> <span class='ocrx_word' id='word_1_214' title='bbox 3045 1326 3221 1372; x_wconf 90' lang='lat' dir='ltr'><strong>morte</strong></span> <span class='ocrx_word' id='word_1_215' title='bbox 3265 1334 3364 1373; x_wconf 89' lang='lat' dir='ltr'>sua</span> <span class='ocrx_word' id='word_1_216' title='bbox 3393 1340 3406 1376; x_wconf 91' lang='lat'><strong><em>:</em></strong></span> <span class='ocrx_word' id='word_1_217' title='bbox 3440 1338 3507 1377; x_wconf 90' lang='lat' dir='ltr'>eo</span> 
     </span>
    </p>
   </div>
   <div class='ocr_carea' id='block_1_29' title="bbox 1928 1395 3502 1470">
    <p class='ocr_par' dir='ltr' id='par_1_29' title="bbox 1928 1395 3502 1470">
     <span class='ocr_line' id='line_1_29' title="bbox 1928 1395 3502 1470; baseline 0.011 -26"><span class='ocrx_word' id='word_1_218' title='bbox 1928 1395 2072 1463; x_wconf 87' lang='lat' dir='ltr'><strong>quod</strong></span> <span class='ocrx_word' id='word_1_219' title='bbox 2118 1396 2458 1465; x_wconf 87' lang='lat' dir='ltr'><strong>iniquitatem</strong></span> <span class='ocrx_word' id='word_1_220' title='bbox 2508 1413 2615 1452; x_wconf 91' lang='lat' dir='ltr'>non</span> <span class='ocrx_word' id='word_1_221' title='bbox 2668 1398 2881 1465; x_wconf 83' lang='lat' dir='ltr'><strong>fecerit,</strong></span> <span class='ocrx_word' id='word_1_222' title='bbox 2926 1416 3104 1470; x_wconf 88' lang='lat' dir='ltr'><strong>neque</strong></span> <span class='ocrx_word' id='word_1_223' title='bbox 3148 1402 3308 1458; x_wconf 89' lang='lat' dir='ltr'><strong>dolus</strong></span> <span class='ocrx_word' id='word_1_224' title='bbox 3335 1404 3502 1461; x_wconf 77' lang='lat' dir='ltr'><strong>fuerit</strong></span> 
     </span>
    </p>
   </div>
   <div class='ocr_carea' id='block_1_30' title="bbox 1929 1484 3506 1556">
    <p class='ocr_par' dir='ltr' id='par_1_30' title="bbox 1929 1484 3506 1556">
     <span class='ocr_line' id='line_1_30' title="bbox 1929 1484 3506 1556; baseline 0.011 -22"><span class='ocrx_word' id='word_1_225' title='bbox 1929 1484 1983 1535; x_wconf 88' lang='lat' dir='ltr'>in</span> <span class='ocrx_word' id='word_1_226' title='bbox 2015 1498 2109 1538; x_wconf 90' lang='lat' dir='ltr'>ore</span> <span class='ocrx_word' id='word_1_227' title='bbox 2149 1485 2288 1553; x_wconf 88' lang='lat' dir='ltr'><strong>ejus.</strong></span> <span class='ocrx_word' id='word_1_228' title='bbox 2323 1504 2339 1536; x_wconf 71' lang='grc' dir='ltr'>ι</span> <span class='ocrx_word' id='word_1_229' title='bbox 2382 1485 2531 1540; x_wconf 89' lang='lat' dir='ltr'><strong>Talis</strong></span> <span class='ocrx_word' id='word_1_230' title='bbox 2560 1488 2705 1541; x_wconf 88' lang='lat' dir='ltr'><strong>enim</strong></span> <span class='ocrx_word' id='word_1_231' title='bbox 2747 1503 2871 1541; x_wconf 89' lang='lat' dir='ltr'>cum</span> <span class='ocrx_word' id='word_1_232' title='bbox 2909 1488 3091 1553; x_wconf 82' lang='lat' dir='ltr'><strong>fuerit,</strong></span> <span class='ocrx_word' id='word_1_233' title='bbox 3128 1494 3224 1556; x_wconf 85' lang='lat' dir='ltr'><strong>ait,</strong></span> <span class='ocrx_word' id='word_1_234' title='bbox 3265 1498 3506 1552; x_wconf 88' lang='lat' dir='ltr'><strong>sustule-</strong></span> 
     </span>
    </p>
   </div>
   <div class='ocr_carea' id='block_1_31' title="bbox 1926 1575 3503 1645">
    <p class='ocr_par' dir='ltr' id='par_1_31' title="bbox 1926 1575 3503 1645">
     <span class='ocr_line' id='line_1_31' title="bbox 1926 1575 3503 1645; baseline 0.009 -20"><span class='ocrx_word' id='word_1_235' title='bbox 1926 1580 2055 1626; x_wconf 89' lang='lat' dir='ltr'><strong>runt</strong></span> <span class='ocrx_word' id='word_1_236' title='bbox 2098 1589 2246 1638; x_wconf 89' lang='lat' dir='ltr'><strong>eum,</strong></span> <span class='ocrx_word' id='word_1_237' title='bbox 2287 1575 2398 1628; x_wconf 66' lang='lat' dir='ltr'><strong>haec</strong></span> <span class='ocrx_word' id='word_1_238' title='bbox 2433 1576 2673 1629; x_wconf 79' lang='lat' dir='ltr'><strong>vicissim</strong></span> <span class='ocrx_word' id='word_1_239' title='bbox 2724 1578 2957 1645; x_wconf 87' lang='lat' dir='ltr'><strong>passuri.</strong></span> <span class='ocrx_word' id='word_1_240' title='bbox 2990 1578 3118 1635; x_wconf 88' lang='lat' dir='ltr'><strong>Post</strong></span> <span class='ocrx_word' id='word_1_241' title='bbox 3162 1582 3273 1636; x_wconf 66' lang='lat' dir='ltr'><strong>haec</strong></span> <span class='ocrx_word' id='word_1_242' title='bbox 3306 1578 3503 1639; x_wconf 80' lang='lat' dir='ltr'><strong>iterum</strong></span> 
     </span>
    </p>
   </div>
   <div class='ocr_carea' id='block_1_32' title="bbox 1925 1666 3505 1742">
    <p class='ocr_par' dir='ltr' id='par_1_32' title="bbox 1925 1666 3505 1742">
     <span class='ocr_line' id='line_1_32' title="bbox 1925 1666 3505 1742; baseline 0.009 -24"><span class='ocrx_word' id='word_1_243' title='bbox 1925 1666 2163 1735; x_wconf 81' lang='lat' dir='ltr'><strong>gentium</strong></span> <span class='ocrx_word' id='word_1_244' title='bbox 2198 1666 2443 1721; x_wconf 87' lang='lat' dir='ltr'><strong>Ecclesia</strong></span> <span class='ocrx_word' id='word_1_245' title='bbox 2481 1668 2652 1722; x_wconf 89' lang='lat' dir='ltr'><strong>electa</strong></span> <span class='ocrx_word' id='word_1_246' title='bbox 2686 1677 2851 1738; x_wconf 89' lang='lat' dir='ltr'><strong>atque</strong></span> <span class='ocrx_word' id='word_1_247' title='bbox 2885 1680 3106 1741; x_wconf 87' lang='lat' dir='ltr'><strong>accepta</strong></span> <span class='ocrx_word' id='word_1_248' title='bbox 3143 1674 3342 1742; x_wconf 87' lang='lat' dir='ltr'><strong>prioris</strong></span> <span class='ocrx_word' id='word_1_249' title='bbox 3383 1677 3505 1731; x_wconf 79' lang='lat' dir='ltr'><strong>loco</strong></span> 
     </span>
    </p>
   </div>
   <div class='ocr_carea' id='block_1_33' title="bbox 1924 1758 3502 1827">
    <p class='ocr_par' dir='ltr' id='par_1_33' title="bbox 1924 1758 3502 1827">
     <span class='ocr_line' id='line_1_33' title="bbox 1924 1758 3502 1827; baseline 0.009 -19"><span class='ocrx_word' id='word_1_250' title='bbox 1924 1758 2107 1827; x_wconf 90' lang='lat' dir='ltr'><strong>populi</strong></span> <span class='ocrx_word' id='word_1_251' title='bbox 2164 1760 2522 1813; x_wconf 86' lang='lat' dir='ltr'><strong>annuntiatur</strong></span> <span class='ocrx_word' id='word_1_252' title='bbox 2574 1759 2661 1813; x_wconf 90' lang='lat' dir='ltr'>his</span> <span class='ocrx_word' id='word_1_253' title='bbox 2721 1761 2903 1816; x_wconf 85' lang='lat' dir='ltr'><strong>verbis</strong></span> <span class='ocrx_word' id='word_1_254' title='bbox 2943 1781 2956 1816; x_wconf 86' lang='lat'><strong>:</strong></span> <span class='ocrx_word' id='word_1_255' title='bbox 2994 1781 3011 1812; x_wconf 78' lang='grc' dir='ltr'>ι</span> <span class='ocrx_word' id='word_1_256' title='bbox 3043 1762 3251 1827; x_wconf 86' lang='lat' dir='ltr'><strong>Lauda,</strong></span> <span class='ocrx_word' id='word_1_257' title='bbox 3301 1769 3502 1823; x_wconf 82' lang='lat' dir='ltr'><strong>sterilis</strong></span> 
     </span>
    </p>
   </div>
   <div class='ocr_carea' id='block_1_34' title="bbox 1923 1850 3499 1927">
    <p class='ocr_par' dir='ltr' id='par_1_34' title="bbox 1923 1850 3499 1927">
     <span class='ocr_line' id='line_1_34' title="bbox 1923 1850 3499 1927; baseline 0.007 -26"><span class='ocrx_word' id='word_1_258' title='bbox 1923 1864 2045 1917; x_wconf 72' lang='lat' dir='ltr'><strong>qua:</strong></span> <span class='ocrx_word' id='word_1_259' title='bbox 2094 1863 2202 1902; x_wconf 92' lang='lat' dir='ltr'>non</span> <span class='ocrx_word' id='word_1_260' title='bbox 2260 1851 2447 1919; x_wconf 90' lang='lat' dir='ltr'><strong>paris:</strong></span> <span class='ocrx_word' id='word_1_261' title='bbox 2482 1850 2713 1904; x_wconf 89' lang='lat' dir='ltr'><strong>decanta</strong></span> <span class='ocrx_word' id='word_1_262' title='bbox 2760 1852 2999 1915; x_wconf 85' lang='lat' dir='ltr'><strong>laudem,</strong></span> <span class='ocrx_word' id='word_1_263' title='bbox 3050 1863 3103 1908; x_wconf 90' lang='lat' dir='ltr'>et</span> <span class='ocrx_word' id='word_1_264' title='bbox 3148 1857 3322 1920; x_wconf 84' lang='lat' dir='ltr'><strong>hinni,</strong></span> <span class='ocrx_word' id='word_1_265' title='bbox 3378 1874 3499 1927; x_wconf 71' lang='lat' dir='ltr'><strong>quze</strong></span> 
     </span>
    </p>
   </div>
   <div class='ocr_carea' id='block_1_35' title="bbox 216 1937 1806 2019">
    <p class='ocr_par' dir='ltr' id='par_1_35' title="bbox 216 1937 1806 2013">
     <span class='ocr_line' id='line_1_35' title="bbox 216 1937 1806 2013; baseline 0.004 -26"><span class='ocrx_word' id='word_1_266' title='bbox 216 1937 560 2008; x_wconf 76' lang='grc' dir='ltr'>ἐμφέρεται,</span> <span class='ocrx_word' id='word_1_267' title='bbox 596 1939 687 1991; x_wconf 57' lang='grc' dir='ltr'>καὶ⁴</span> <span class='ocrx_word' id='word_1_268' title='bbox 718 1940 786 1993; x_wconf 78' lang='grc' dir='ltr'>τὰ</span> <span class='ocrx_word' id='word_1_269' title='bbox 815 1940 942 2011; x_wconf 79' lang='grc' dir='ltr'>περὶ</span> <span class='ocrx_word' id='word_1_270' title='bbox 970 1939 1064 1993; x_wconf 88' lang='grc' dir='ltr'>τοῦ</span> <span class='ocrx_word' id='word_1_271' title='bbox 1101 1941 1486 2012; x_wconf 79' lang='grc' dir='ltr'>κατειληφότος</span> <span class='ocrx_word' id='word_1_272' title='bbox 1513 1941 1569 1995; x_wconf 84' lang='grc' dir='ltr'>δὲ</span> <span class='ocrx_word' id='word_1_273' title='bbox 1598 1941 1806 2013; x_wconf 75' lang='grc' dir='ltr'>ὀλέθροιι</span> 
     </span>
    </p>
   </div>
   <div class='ocr_carea' id='block_1_36' title="bbox 1907 1937 3499 2019">
    <p class='ocr_par' dir='ltr' id='par_1_36' title="bbox 1918 1938 3499 2019">
     <span class='ocr_line' id='line_1_36' title="bbox 1918 1938 3499 2019; baseline 0.008 -28"><span class='ocrx_word' id='word_1_274' title='bbox 1918 1953 2024 1992; x_wconf 92' lang='lat' dir='ltr'>non</span> <span class='ocrx_word' id='word_1_275' title='bbox 2053 1938 2337 2009; x_wconf 86' lang='lat' dir='ltr'><strong>pariebas;</strong></span> <span class='ocrx_word' id='word_1_276' title='bbox 2387 1940 2644 2009; x_wconf 90' lang='lat' dir='ltr'><strong>quoniam</strong></span> <span class='ocrx_word' id='word_1_277' title='bbox 2696 1940 2851 1994; x_wconf 91' lang='lat' dir='ltr'><strong>multi</strong></span> <span class='ocrx_word' id='word_1_278' title='bbox 2889 1941 2983 1995; x_wconf 85' lang='lat' dir='ltr'><strong>lilii</strong></span> <span class='ocrx_word' id='word_1_279' title='bbox 3028 1944 3276 2010; x_wconf 71' lang='lat' dir='ltr'><strong>desertae,</strong></span> <span class='ocrx_word' id='word_1_280' title='bbox 3327 1950 3499 2019; x_wconf 80' lang='lat' dir='ltr'><strong>magis</strong></span> 
     </span>
    </p>
   </div>
   <div class='ocr_carea' id='block_1_37' title="bbox 212 2029 1816 2104">
    <p class='ocr_par' dir='ltr' id='par_1_37' title="bbox 212 2029 1816 2104">
     <span class='ocr_line' id='line_1_37' title="bbox 212 2029 1816 2104; baseline 0.004 -22"><span class='ocrx_word' id='word_1_281' title='bbox 212 2031 361 2094; x_wconf 66' lang='lat' dir='ltr'><strong>tab;</strong></span> <span class='ocrx_word' id='word_1_282' title='bbox 398 2029 911 2096; x_wconf 75' lang='grc' dir='ltr'>ὲπιὸεϐουλευκότας</span> <span class='ocrx_word' id='word_1_283' title='bbox 935 2033 1081 2104; x_wconf 86' lang='grc' dir='ltr'>αὐτῴ</span> <span class='ocrx_word' id='word_1_284' title='bbox 1110 2033 1359 2104; x_wconf 83' lang='grc' dir='ltr'>δηλοῦται</span> <span class='ocrx_word' id='word_1_285' title='bbox 1388 2034 1475 2086; x_wconf 88' lang='grc' dir='ltr'>διά</span> <span class='ocrx_word' id='word_1_286' title='bbox 1494 2033 1587 2087; x_wconf 90' lang='grc' dir='ltr'>τοῦ</span> <span class='ocrx_word' id='word_1_287' title='bbox 1612 2053 1623 2065; x_wconf 79' lang='grc'><em>’</em></span> <span class='ocrx_word' id='word_1_288' title='bbox 1649 2053 1668 2085; x_wconf 75' lang='grc' dir='ltr'>ι</span> <span class='ocrx_word' id='word_1_289' title='bbox 1706 2036 1816 2089; x_wconf 76' lang='grc' dir='ltr'>Καὶ</span> 
     </span>
    </p>
   </div>
   <div class='ocr_carea' id='block_1_38' title="bbox 210 2121 1813 2198">
    <p class='ocr_par' dir='ltr' id='par_1_38' title="bbox 210 2121 1813 2198">
     <span class='ocr_line' id='line_1_38' title="bbox 210 2121 1813 2198; baseline 0.004 -24"><span class='ocrx_word' id='word_1_290' title='bbox 210 2121 393 2175; x_wconf 83' lang='grc' dir='ltr'>δώσω</span> <span class='ocrx_word' id='word_1_291' title='bbox 427 2124 549 2186; x_wconf 75' lang='grc' dir='ltr'>τοὺς</span> <span class='ocrx_word' id='word_1_292' title='bbox 580 2126 845 2195; x_wconf 79' lang='grc' dir='ltr'>πονηροὺς</span> <span class='ocrx_word' id='word_1_293' title='bbox 880 2126 999 2179; x_wconf 72' lang='grc' dir='ltr'>ἀντὶ</span> <span class='ocrx_word' id='word_1_294' title='bbox 1028 2126 1127 2198; x_wconf 90' lang='grc' dir='ltr'>τῆς</span> <span class='ocrx_word' id='word_1_295' title='bbox 1149 2126 1325 2196; x_wconf 85' lang='grc' dir='ltr'>ταφῆς</span> <span class='ocrx_word' id='word_1_296' title='bbox 1350 2127 1536 2189; x_wconf 89' lang='grc' dir='ltr'>αὐτοῦ,</span> <span class='ocrx_word' id='word_1_297' title='bbox 1567 2126 1663 2181; x_wconf 70' lang='grc' dir='ltr'>καὶ</span> <span class='ocrx_word' id='word_1_298' title='bbox 1689 2128 1813 2192; x_wconf 83' lang='grc' dir='ltr'>τοὺς</span> 
     </span>
    </p>
   </div>
   <div class='ocr_carea' id='block_1_39' title="bbox 213 2213 1813 2289">
    <p class='ocr_par' dir='ltr' id='par_1_39' title="bbox 213 2213 1813 2289">
     <span class='ocr_line' id='line_1_39' title="bbox 213 2213 1813 2289; baseline 0.003 -24"><span class='ocrx_word' id='word_1_299' title='bbox 213 2213 526 2277; x_wconf 82' lang='grc' dir='ltr'>πλουσίους</span> <span class='ocrx_word' id='word_1_300' title='bbox 555 2214 674 2267; x_wconf 74' lang='grc' dir='ltr'>ἀντὶ</span> <span class='ocrx_word' id='word_1_301' title='bbox 715 2214 805 2267; x_wconf 89' lang='grc' dir='ltr'>τοῦ</span> <span class='ocrx_word' id='word_1_302' title='bbox 842 2215 1071 2269; x_wconf 79' lang='grc' dir='ltr'>θανάτου</span> <span class='ocrx_word' id='word_1_303' title='bbox 1106 2216 1267 2270; x_wconf 88' lang='grc' dir='ltr'>αὐτοῦ</span> <span class='ocrx_word' id='word_1_304' title='bbox 1289 2236 1301 2246; x_wconf 89' lang='grc'>·</span> <span class='ocrx_word' id='word_1_305' title='bbox 1342 2218 1422 2270; x_wconf 81' lang='grc' dir='ltr'>ὅτι</span> <span class='ocrx_word' id='word_1_306' title='bbox 1454 2218 1681 2289; x_wconf 84' lang='grc' dir='ltr'>ἀνομίαν</span> <span class='ocrx_word' id='word_1_307' title='bbox 1714 2218 1813 2271; x_wconf 87' lang='grc' dir='ltr'>οὐκ</span> 
     </span>
    </p>
   </div>
   <div class='ocr_carea' id='block_1_40' title="bbox 213 2303 1809 2380">
    <p class='ocr_par' dir='ltr' id='par_1_40' title="bbox 213 2303 1809 2380">
     <span class='ocr_line' id='line_1_40' title="bbox 213 2303 1809 2380; baseline 0.004 -26"><span class='ocrx_word' id='word_1_308' title='bbox 213 2303 511 2372; x_wconf 73' lang='grc' dir='ltr'>ἐποίησεν,</span> <span class='ocrx_word' id='word_1_309' title='bbox 540 2304 662 2356; x_wconf 82' lang='grc' dir='ltr'>οὐδὲ</span> <span class='ocrx_word' id='word_1_310' title='bbox 690 2304 836 2368; x_wconf 81' lang='grc' dir='ltr'>δόλος</span> <span class='ocrx_word' id='word_1_311' title='bbox 868 2307 924 2357; x_wconf 80' lang='grc' dir='ltr'>ὲν</span> <span class='ocrx_word' id='word_1_312' title='bbox 952 2305 1030 2376; x_wconf 79' lang='grc' dir='ltr'>τῷ</span> <span class='ocrx_word' id='word_1_313' title='bbox 1061 2307 1285 2377; x_wconf 88' lang='grc' dir='ltr'>στόματι</span> <span class='ocrx_word' id='word_1_314' title='bbox 1305 2307 1467 2361; x_wconf 85' lang='grc' dir='ltr'>αὐτοῦ</span> <span class='ocrx_word' id='word_1_315' title='bbox 1487 2325 1501 2339; x_wconf 78' lang='grc' dir='ltr'>ο</span> <span class='ocrx_word' id='word_1_316' title='bbox 1538 2328 1557 2360; x_wconf 77' lang='grc' dir='ltr'>ι</span> <span class='ocrx_word' id='word_1_317' title='bbox 1588 2309 1679 2360; x_wconf 68' lang='grc' dir='ltr'>ἐπὶ</span> <span class='ocrx_word' id='word_1_318' title='bbox 1703 2307 1809 2380; x_wconf 80' lang='grc' dir='ltr'>γὰρ</span> 
     </span>
    </p>
   </div>
   <div class='ocr_carea' id='block_1_41' title="bbox 208 2389 1813 2469">
    <p class='ocr_par' dir='ltr' id='par_1_41' title="bbox 208 2389 1813 2469">
     <span class='ocr_line' id='line_1_41' title="bbox 208 2389 1813 2469; baseline 0.007 -29"><span class='ocrx_word' id='word_1_319' title='bbox 208 2389 472 2443; x_wconf 82' lang='grc' dir='ltr'>τοιοῦτον</span> <span class='ocrx_word' id='word_1_320' title='bbox 503 2390 653 2454; x_wconf 72' lang='grc' dir='ltr'>ὄντα,</span> <span class='ocrx_word' id='word_1_321' title='bbox 687 2394 871 2465; x_wconf 72' lang='grc' dir='ltr'>φησὶν,</span> <span class='ocrx_word' id='word_1_322' title='bbox 907 2395 1113 2448; x_wconf 83' lang='grc' dir='ltr'>ἀνεῖλον</span> <span class='ocrx_word' id='word_1_323' title='bbox 1137 2396 1323 2449; x_wconf 88' lang='grc' dir='ltr'>τούτου</span> <span class='ocrx_word' id='word_1_324' title='bbox 1351 2397 1507 2469; x_wconf 84' lang='grc' dir='ltr'>χάριν</span> <span class='ocrx_word' id='word_1_325' title='bbox 1540 2396 1607 2451; x_wconf 83' lang='grc' dir='ltr'>τὰ</span> <span class='ocrx_word' id='word_1_326' title='bbox 1642 2399 1813 2451; x_wconf 55' lang='grc' dir='ltr'>τοιαδὶ⁹</span> 
     </span>
    </p>
   </div>
   <div class='ocr_carea' id='block_1_42' title="bbox 211 2481 1810 2558">
    <p class='ocr_par' dir='ltr' id='par_1_42' title="bbox 211 2481 1810 2558">
     <span class='ocr_line' id='line_1_42' title="bbox 211 2481 1810 2558; baseline 0.007 -27"><span class='ocrx_word' id='word_1_327' title='bbox 211 2481 507 2535; x_wconf 78' lang='grc' dir='ltr'>πείσοντα.</span> <span class='ocrx_word' id='word_1_328' title='bbox 546 2483 607 2553; x_wconf 84' lang='lat' dir='ltr'>(f.</span> <span class='ocrx_word' id='word_1_329' title='bbox 633 2483 723 2552; x_wconf 83' lang='lat'>58)</span> <span class='ocrx_word' id='word_1_330' title='bbox 746 2484 964 2548; x_wconf 83' lang='grc' dir='ltr'>Τούτοις</span> <span class='ocrx_word' id='word_1_331' title='bbox 998 2486 1122 2558; x_wconf 80' lang='grc' dir='ltr'>ἑξῆς</span> <span class='ocrx_word' id='word_1_332' title='bbox 1149 2483 1301 2550; x_wconf 78' lang='grc' dir='ltr'>αὖθις</span> <span class='ocrx_word' id='word_1_333' title='bbox 1327 2489 1359 2557; x_wconf 86' lang='grc' dir='ltr'>ή</span> <span class='ocrx_word' id='word_1_334' title='bbox 1398 2488 1457 2552; x_wconf 74' lang='grc' dir='ltr'>ἐξ</span> <span class='ocrx_word' id='word_1_335' title='bbox 1480 2487 1646 2541; x_wconf 87' lang='grc' dir='ltr'>έθνῶν</span> <span class='ocrx_word' id='word_1_336' title='bbox 1690 2489 1810 2542; x_wconf 81' lang='grc' dir='ltr'>Ἐκ-</span> 
     </span>
    </p>
   </div>
   <div class='ocr_carea' id='block_1_43' title="bbox 210 2572 1807 2652">
    <p class='ocr_par' dir='ltr' id='par_1_43' title="bbox 210 2572 1807 2652">
     <span class='ocr_line' id='line_1_43' title="bbox 210 2572 1807 2652; baseline 0.006 -30"><span class='ocrx_word' id='word_1_337' title='bbox 210 2572 327 2643; x_wconf 81' lang='grc' dir='ltr'>κλη</span> <span class='ocrx_word' id='word_1_338' title='bbox 337 2572 431 2624; x_wconf 86' lang='grc' dir='ltr'>σία</span> <span class='ocrx_word' id='word_1_339' title='bbox 451 2573 853 2642; x_wconf 76' lang='grc' dir='ltr'>εὐαγγελίζεται</span> <span class='ocrx_word' id='word_1_340' title='bbox 878 2578 1272 2649; x_wconf 85' lang='grc' dir='ltr'>συγκρινομένη</span> <span class='ocrx_word' id='word_1_341' title='bbox 1298 2579 1391 2633; x_wconf 64' lang='grc' dir='ltr'>καὶ</span> <span class='ocrx_word' id='word_1_342' title='bbox 1405 2580 1807 2652; x_wconf 88' lang='grc' dir='ltr'>προκρινομένη</span> 
     </span>
    </p>
   </div>
   <div class='ocr_carea' id='block_1_44' title="bbox 1917 2031 3496 2102">
    <p class='ocr_par' dir='ltr' id='par_1_44' title="bbox 1917 2031 3496 2102">
     <span class='ocr_line' id='line_1_44' title="bbox 1917 2031 3496 2102; baseline 0.004 -18"><span class='ocrx_word' id='word_1_343' title='bbox 1917 2047 2081 2101; x_wconf 90' lang='lat' dir='ltr'><strong>quam</strong></span> <span class='ocrx_word' id='word_1_344' title='bbox 2126 2031 2245 2100; x_wconf 89' lang='lat' dir='ltr'><strong>ejus</strong></span> <span class='ocrx_word' id='word_1_345' title='bbox 2278 2048 2399 2102; x_wconf 66' lang='lat' dir='ltr'><strong>quae</strong></span> <span class='ocrx_word' id='word_1_346' title='bbox 2428 2032 2588 2087; x_wconf 90' lang='lat' dir='ltr'><strong>habet</strong></span> <span class='ocrx_word' id='word_1_347' title='bbox 2619 2032 2817 2087; x_wconf 87' lang='lat' dir='ltr'><strong>virum.</strong></span> <span class='ocrx_word' id='word_1_348' title='bbox 2854 2053 2872 2085; x_wconf 76' lang='grc' dir='ltr'>ι</span> <span class='ocrx_word' id='word_1_349' title='bbox 2908 2033 3117 2100; x_wconf 89' lang='lat' dir='ltr'><strong>Quibus</strong></span> <span class='ocrx_word' id='word_1_350' title='bbox 3163 2054 3286 2093; x_wconf 90' lang='lat' dir='ltr'>cum</span> <span class='ocrx_word' id='word_1_351' title='bbox 3329 2043 3496 2097; x_wconf 82' lang='lat' dir='ltr'><strong>multa</strong></span> 
     </span>
    </p>
   </div>
   <div class='ocr_carea' id='block_1_45' title="bbox 1915 2121 3489 2197">
    <p class='ocr_par' dir='ltr' id='par_1_45' title="bbox 1915 2121 3489 2197">
     <span class='ocr_line' id='line_1_45' title="bbox 1915 2121 3489 2197; baseline 0.007 -21"><span class='ocrx_word' id='word_1_352' title='bbox 1915 2137 2053 2193; x_wconf 91' lang='lat' dir='ltr'><strong>opus</strong></span> <span class='ocrx_word' id='word_1_353' title='bbox 2086 2121 2158 2177; x_wconf 85' lang='lat' dir='ltr'>sit</span> <span class='ocrx_word' id='word_1_354' title='bbox 2189 2122 2606 2194; x_wconf 70' lang='lat' dir='ltr'><strong>investigatione</strong></span> <span class='ocrx_word' id='word_1_355' title='bbox 2632 2130 2686 2178; x_wconf 92' lang='lat' dir='ltr'>et</span> <span class='ocrx_word' id='word_1_356' title='bbox 2706 2124 3091 2193; x_wconf 78' lang='lat' dir='ltr'><strong>explanatione</strong></span> <span class='ocrx_word' id='word_1_357' title='bbox 3122 2129 3224 2183; x_wconf 90' lang='lat' dir='ltr'>hoc</span> <span class='ocrx_word' id='word_1_358' title='bbox 3259 2130 3314 2184; x_wconf 93' lang='lat' dir='ltr'>in</span> <span class='ocrx_word' id='word_1_359' title='bbox 3346 2133 3489 2197; x_wconf 91' lang='lat' dir='ltr'><strong>loco,</strong></span> 
     </span>
    </p>
   </div>
   <div class='ocr_carea' id='block_1_46' title="bbox 1914 2212 3491 2282">
    <p class='ocr_par' dir='ltr' id='par_1_46' title="bbox 1914 2212 3491 2282">
     <span class='ocr_line' id='line_1_46' title="bbox 1914 2212 3491 2282; baseline 0.004 -15"><span class='ocrx_word' id='word_1_360' title='bbox 1914 2213 2003 2268; x_wconf 85' lang='lat' dir='ltr'>hic</span> <span class='ocrx_word' id='word_1_361' title='bbox 2056 2212 2141 2267; x_wconf 91' lang='lat' dir='ltr'>cui</span> <span class='ocrx_word' id='word_1_362' title='bbox 2206 2212 2357 2267; x_wconf 91' lang='lat' dir='ltr'><strong>cordi</strong></span> <span class='ocrx_word' id='word_1_363' title='bbox 2406 2213 2511 2266; x_wconf 89' lang='lat' dir='ltr'><strong>erit</strong></span> <span class='ocrx_word' id='word_1_364' title='bbox 2565 2220 2893 2282; x_wconf 63' lang='lat' dir='ltr'><strong>praeceptum</strong></span> <span class='ocrx_word' id='word_1_365' title='bbox 2958 2214 3087 2269; x_wconf 90' lang='lat' dir='ltr'><strong>illud</strong></span> <span class='ocrx_word' id='word_1_366' title='bbox 3138 2217 3491 2275; x_wconf 84' lang='lat' dir='ltr'><strong>Salvaturis:</strong></span> 
     </span>
    </p>
   </div>
   <div class='ocr_carea' id='block_1_47' title="bbox 1918 2303 3489 2379">
    <p class='ocr_par' dir='ltr' id='par_1_47' title="bbox 1918 2303 3489 2379">
     <span class='ocr_line' id='line_1_47' title="bbox 1918 2303 3489 2379; baseline 0.005 -23"><span class='ocrx_word' id='word_1_367' title='bbox 1918 2323 1936 2356; x_wconf 77' lang='grc' dir='ltr'>ι</span> <span class='ocrx_word' id='word_1_368' title='bbox 1971 2303 2302 2359; x_wconf 89' lang='lat' dir='ltr'><strong>Scrutamini</strong></span> <span class='ocrx_word' id='word_1_369' title='bbox 2353 2305 2685 2375; x_wconf 86' lang='lat' dir='ltr'><strong>Scripturas,</strong></span> <span class='ocrx_word' id='word_1_370' title='bbox 2722 2303 2851 2372; x_wconf 87' lang='lat' dir='ltr'><strong>quia</strong></span> <span class='ocrx_word' id='word_1_371' title='bbox 2880 2319 2978 2359; x_wconf 89' lang='lat' dir='ltr'>vos</span> <span class='ocrx_word' id='word_1_372' title='bbox 3012 2307 3218 2375; x_wconf 87' lang='lat' dir='ltr'><strong>putatis</strong></span> <span class='ocrx_word' id='word_1_373' title='bbox 3250 2308 3303 2361; x_wconf 93' lang='lat' dir='ltr'>in</span> <span class='ocrx_word' id='word_1_374' title='bbox 3350 2308 3489 2379; x_wconf 91' lang='lat' dir='ltr'><strong>ipsis</strong></span> 
     </span>
    </p>
   </div>
   <div class='ocr_carea' id='block_1_48' title="bbox 1911 2395 3493 2467">
    <p class='ocr_par' dir='ltr' id='par_1_48' title="bbox 1911 2395 3493 2467">
     <span class='ocr_line' id='line_1_48' title="bbox 1911 2395 3493 2467; baseline 0.002 -17"><span class='ocrx_word' id='word_1_375' title='bbox 1911 2397 2079 2451; x_wconf 82' lang='lat' dir='ltr'><strong>vitam</strong></span> <span class='ocrx_word' id='word_1_376' title='bbox 2122 2403 2380 2450; x_wconf 72' lang='lat' dir='ltr'><strong>aeternam</strong></span> <span class='ocrx_word' id='word_1_377' title='bbox 2424 2396 2624 2450; x_wconf 87' lang='lat' dir='ltr'><strong>habere</strong></span> <span class='ocrx_word' id='word_1_378' title='bbox 2654 2414 2667 2449; x_wconf 92' lang='lat'>:</span> <span class='ocrx_word' id='word_1_379' title='bbox 2694 2402 2748 2449; x_wconf 90' lang='lat' dir='ltr'>et</span> <span class='ocrx_word' id='word_1_380' title='bbox 2782 2395 2885 2449; x_wconf 72' lang='lat' dir='ltr'><strong>illa:</strong></span> <span class='ocrx_word' id='word_1_381' title='bbox 2927 2403 3054 2449; x_wconf 91' lang='lat' dir='ltr'><strong>sunt</strong></span> <span class='ocrx_word' id='word_1_382' title='bbox 3088 2413 3209 2467; x_wconf 65' lang='lat' dir='ltr'><strong>quae</strong></span> <span class='ocrx_word' id='word_1_383' title='bbox 3244 2400 3493 2454; x_wconf 83' lang='lat' dir='ltr'><strong>testimo-</strong></span> 
     </span>
    </p>
   </div>
   <div class='ocr_carea' id='block_1_49' title="bbox 1910 2484 3490 2559">
    <p class='ocr_par' dir='ltr' id='par_1_49' title="bbox 1910 2484 3490 2559">
     <span class='ocr_line' id='line_1_49' title="bbox 1910 2484 3490 2559; baseline 0.003 -19"><span class='ocrx_word' id='word_1_384' title='bbox 1910 2486 2060 2541; x_wconf 92' lang='lat' dir='ltr'><strong>nium</strong></span> <span class='ocrx_word' id='word_1_385' title='bbox 2083 2485 2370 2555; x_wconf 81' lang='lat' dir='ltr'><strong>perhibent</strong></span> <span class='ocrx_word' id='word_1_386' title='bbox 2414 2484 2481 2539; x_wconf 94' lang='lat' dir='ltr'>de</span> <span class='ocrx_word' id='word_1_387' title='bbox 2520 2500 2605 2539; x_wconf 88' lang='lat' dir='ltr'>me</span> <span class='ocrx_word' id='word_1_388' title='bbox 2635 2485 2675 2550; x_wconf 76' lang='grc'>⁸,</span> <span class='ocrx_word' id='word_1_389' title='bbox 2712 2502 2730 2536; x_wconf 73' lang='grc' dir='ltr'>ι</span> <span class='ocrx_word' id='word_1_390' title='bbox 2765 2484 3066 2542; x_wconf 85' lang='lat' dir='ltr'><strong>studiosius</strong></span> <span class='ocrx_word' id='word_1_391' title='bbox 3104 2497 3157 2542; x_wconf 89' lang='lat' dir='ltr'>et</span> <span class='ocrx_word' id='word_1_392' title='bbox 3188 2489 3490 2559; x_wconf 85' lang='lat' dir='ltr'><strong>impensius</strong></span> 
     </span>
    </p>
   </div>
   <div class='ocr_carea' id='block_1_50' title="bbox 1910 2578 2621 2648">
    <p class='ocr_par' dir='ltr' id='par_1_50' title="bbox 1910 2578 2621 2648">
     <span class='ocr_line' id='line_1_50' title="bbox 1910 2578 2621 2648; baseline 0 -15"><span class='ocrx_word' id='word_1_393' title='bbox 1910 2587 2187 2633; x_wconf 87' lang='lat' dir='ltr'><strong>scrutatus</strong></span> <span class='ocrx_word' id='word_1_394' title='bbox 2216 2594 2278 2633; x_wconf 88' lang='lat' dir='ltr'>ea</span> <span class='ocrx_word' id='word_1_395' title='bbox 2319 2578 2621 2648; x_wconf 87' lang='lat' dir='ltr'><strong>dignoscet.</strong></span> 
     </span>
    </p>
   </div>
   <div class='ocr_carea' id='block_1_51' title="bbox 208 2667 3489 2747">
    <p class='ocr_par' dir='ltr' id='par_1_51' title="bbox 208 2667 3489 2747">
     <span class='ocr_line' id='line_1_51' title="bbox 208 2667 3489 2747; baseline 0.003 -29"><span class='ocrx_word' id='word_1_396' title='bbox 208 2667 317 2720; x_wconf 81' lang='grc' dir='ltr'>τοῦ</span> <span class='ocrx_word' id='word_1_397' title='bbox 353 2668 617 2738; x_wconf 79' lang='grc' dir='ltr'>προτέρου</span> <span class='ocrx_word' id='word_1_398' title='bbox 662 2670 790 2724; x_wconf 86' lang='grc' dir='ltr'>λαοῦ</span> <span class='ocrx_word' id='word_1_399' title='bbox 818 2671 904 2725; x_wconf 83' lang='grc' dir='ltr'>διὰ</span> <span class='ocrx_word' id='word_1_400' title='bbox 930 2672 1044 2726; x_wconf 85' lang='grc' dir='ltr'>τοῦ·</span> <span class='ocrx_word' id='word_1_401' title='bbox 1082 2691 1101 2725; x_wconf 77' lang='grc' dir='ltr'>ι</span> <span class='ocrx_word' id='word_1_402' title='bbox 1146 2673 1513 2745; x_wconf 81' lang='grc' dir='ltr'>Εὐφράνθητι,</span> <span class='ocrx_word' id='word_1_403' title='bbox 1552 2674 1737 2747; x_wconf 86' lang='grc' dir='ltr'>στείρα</span> <span class='ocrx_word' id='word_1_404' title='bbox 1766 2676 1798 2747; x_wconf 81' lang='grc' dir='ltr'>ἡ</span> <span class='ocrx_word' id='word_1_405' title='bbox 1827 2674 1887 2728; x_wconf 86' lang='grc' dir='ltr'>οὐ</span> <span class='ocrx_word' id='word_1_406' title='bbox 1918 2673 2195 2727; x_wconf 82' lang='grc' dir='ltr'>τίκτουσα·</span> <span class='ocrx_word' id='word_1_407' title='bbox 2240 2673 2400 2744; x_wconf 79' lang='grc' dir='ltr'>ῥῆξον</span> <span class='ocrx_word' id='word_1_408' title='bbox 2440 2674 2532 2726; x_wconf 73' lang='grc' dir='ltr'>καὶ</span> <span class='ocrx_word' id='word_1_409' title='bbox 2566 2674 2779 2745; x_wconf 87' lang='grc' dir='ltr'>βόησον,</span> <span class='ocrx_word' id='word_1_410' title='bbox 2830 2676 2862 2745; x_wconf 86' lang='grc' dir='ltr'>ή</span> <span class='ocrx_word' id='word_1_411' title='bbox 2924 2676 3024 2727; x_wconf 88' lang='grc' dir='ltr'>οὐκ</span> <span class='ocrx_word' id='word_1_412' title='bbox 3077 2674 3336 2728; x_wconf 79' lang='grc' dir='ltr'>ὠδίνουσα</span> <span class='ocrx_word' id='word_1_413' title='bbox 3358 2691 3372 2704; x_wconf 92' lang='grc'><strong>·</strong></span> <span class='ocrx_word' id='word_1_414' title='bbox 3406 2674 3489 2729; x_wconf 74' lang='grc' dir='ltr'>ὅτι</span> 
     </span>
    </p>
   </div>
   <div class='ocr_carea' id='block_1_52' title="bbox 212 2762 3487 2842">
    <p class='ocr_par' dir='ltr' id='par_1_52' title="bbox 212 2762 3487 2842">
     <span class='ocr_line' id='line_1_52' title="bbox 212 2762 3487 2842; baseline 0.003 -28"><span class='ocrx_word' id='word_1_415' title='bbox 212 2762 401 2816; x_wconf 84' lang='grc' dir='ltr'>πολλά</span> <span class='ocrx_word' id='word_1_416' title='bbox 418 2763 485 2816; x_wconf 78' lang='grc' dir='ltr'>τὰ</span> <span class='ocrx_word' id='word_1_417' title='bbox 506 2764 668 2817; x_wconf 89' lang='grc' dir='ltr'>τέκνα</span> <span class='ocrx_word' id='word_1_418' title='bbox 697 2766 793 2837; x_wconf 89' lang='grc' dir='ltr'>τῆς</span> <span class='ocrx_word' id='word_1_419' title='bbox 820 2768 1045 2838; x_wconf 78' lang='grc' dir='ltr'>ἐρήμου,</span> <span class='ocrx_word' id='word_1_420' title='bbox 1077 2769 1329 2841; x_wconf 78' lang='grc' dir='ltr'>μᾶλλονῆ</span> <span class='ocrx_word' id='word_1_421' title='bbox 1363 2771 1462 2842; x_wconf 88' lang='grc' dir='ltr'>τῆς</span> <span class='ocrx_word' id='word_1_422' title='bbox 1492 2770 1721 2841; x_wconf 81' lang='grc' dir='ltr'>ἐχούσης</span> <span class='ocrx_word' id='word_1_423' title='bbox 1743 2770 1834 2825; x_wconf 82' lang='grc' dir='ltr'>τὸν</span> <span class='ocrx_word' id='word_1_424' title='bbox 1863 2770 2048 2841; x_wconf 84' lang='grc' dir='ltr'>ἄνδρα.</span> <span class='ocrx_word' id='word_1_425' title='bbox 2088 2788 2106 2820; x_wconf 73' lang='grc' dir='ltr'>ι</span> <span class='ocrx_word' id='word_1_426' title='bbox 2143 2768 2345 2839; x_wconf 85' lang='grc' dir='ltr'>Πολλῆς</span> <span class='ocrx_word' id='word_1_427' title='bbox 2366 2768 2423 2821; x_wconf 83' lang='grc' dir='ltr'>δὲ</span> <span class='ocrx_word' id='word_1_428' title='bbox 2456 2768 2721 2839; x_wconf 81' lang='grc' dir='ltr'>δεομένων</span> <span class='ocrx_word' id='word_1_429' title='bbox 2776 2769 3108 2841; x_wconf 84' lang='grc' dir='ltr'>ἐρευνήσεως</span> <span class='ocrx_word' id='word_1_430' title='bbox 3149 2769 3239 2823; x_wconf 75' lang='grc' dir='ltr'>καὶ</span> <span class='ocrx_word' id='word_1_431' title='bbox 3301 2768 3487 2835; x_wconf 79' lang='grc' dir='ltr'>ἐξετά-</span> 
     </span>
    </p>
   </div>
   <div class='ocr_carea' id='block_1_53' title="bbox 215 2858 3485 2938">
    <p class='ocr_par' dir='ltr' id='par_1_53' title="bbox 215 2858 3485 2938">
     <span class='ocr_line' id='line_1_53' title="bbox 215 2858 3485 2938; baseline 0.006 -28"><span class='ocrx_word' id='word_1_432' title='bbox 215 2876 368 2921; x_wconf 88' lang='grc' dir='ltr'>σεως</span> <span class='ocrx_word' id='word_1_433' title='bbox 404 2858 513 2912; x_wconf 87' lang='grc' dir='ltr'>τῶν</span> <span class='ocrx_word' id='word_1_434' title='bbox 548 2861 685 2915; x_wconf 77' lang='grc' dir='ltr'>κατὰ</span> <span class='ocrx_word' id='word_1_435' title='bbox 712 2863 801 2915; x_wconf 86' lang='grc' dir='ltr'>τὸν</span> <span class='ocrx_word' id='word_1_436' title='bbox 828 2864 1013 2933; x_wconf 87' lang='grc' dir='ltr'>τόπον,</span> <span class='ocrx_word' id='word_1_437' title='bbox 1050 2859 1094 2933; x_wconf 79' lang='grc' dir='ltr'>ᾧ</span> <span class='ocrx_word' id='word_1_438' title='bbox 1129 2866 1277 2936; x_wconf 82' lang='grc' dir='ltr'>μέλει</span> <span class='ocrx_word' id='word_1_439' title='bbox 1302 2866 1401 2937; x_wconf 89' lang='grc' dir='ltr'>τῆς</span> <span class='ocrx_word' id='word_1_440' title='bbox 1426 2865 1520 2919; x_wconf 89' lang='grc' dir='ltr'>τοῦ</span> <span class='ocrx_word' id='word_1_441' title='bbox 1548 2867 1801 2938; x_wconf 86' lang='grc' dir='ltr'>Σωτῆρος</span> <span class='ocrx_word' id='word_1_442' title='bbox 1838 2865 2058 2935; x_wconf 77' lang='grc' dir='ltr'>ἐντολῆς</span> <span class='ocrx_word' id='word_1_443' title='bbox 2099 2863 2362 2934; x_wconf 85' lang='grc' dir='ltr'>λεγούσης</span> <span class='ocrx_word' id='word_1_444' title='bbox 2385 2881 2397 2893; x_wconf 75' lang='grc'><strong>⁸</strong></span> <span class='ocrx_word' id='word_1_445' title='bbox 2433 2881 2452 2915; x_wconf 72' lang='grc' dir='ltr'>ι</span> <span class='ocrx_word' id='word_1_446' title='bbox 2518 2865 2806 2936; x_wconf 83' lang='grc' dir='ltr'>Ἐρευνᾶτε</span> <span class='ocrx_word' id='word_1_447' title='bbox 2845 2865 2944 2929; x_wconf 80' lang='grc' dir='ltr'>τὰς</span> <span class='ocrx_word' id='word_1_448' title='bbox 3003 2866 3042 2918; x_wconf 87' lang='grc' dir='ltr'><strong>Γ</strong></span> <span class='ocrx_word' id='word_1_449' title='bbox 3047 2865 3246 2937; x_wconf 81' lang='grc' dir='ltr'>ραφάς,</span> <span class='ocrx_word' id='word_1_450' title='bbox 3287 2866 3344 2918; x_wconf 72' lang='grc' dir='ltr'>ὲν</span> <span class='ocrx_word' id='word_1_451' title='bbox 3395 2860 3485 2930; x_wconf 73' lang='grc' dir='ltr'>αἷς</span> 
     </span>
    </p>
   </div>
   <div class='ocr_carea' id='block_1_54' title="bbox 210 2953 3485 3033">
    <p class='ocr_par' dir='ltr' id='par_1_54' title="bbox 210 2953 3485 3033">
     <span class='ocr_line' id='line_1_54' title="bbox 210 2953 3485 3033; baseline 0 -21"><span class='ocrx_word' id='word_1_452' title='bbox 210 2955 429 3012; x_wconf 83' lang='grc' dir='ltr'>δοκεῖτε</span> <span class='ocrx_word' id='word_1_453' title='bbox 464 2958 606 3029; x_wconf 80' lang='grc' dir='ltr'>ζωὴν</span> <span class='ocrx_word' id='word_1_454' title='bbox 634 2956 849 3011; x_wconf 71' lang='grc' dir='ltr'>αἰώνιον</span> <span class='ocrx_word' id='word_1_455' title='bbox 891 2958 1070 3030; x_wconf 76' lang='grc' dir='ltr'>ἔχειν’</span> <span class='ocrx_word' id='word_1_456' title='bbox 1096 2961 1191 3014; x_wconf 75' lang='grc' dir='ltr'>καὶ</span> <span class='ocrx_word' id='word_1_457' title='bbox 1218 2953 1376 3014; x_wconf 74' lang='grc' dir='ltr'>αὗταί</span> <span class='ocrx_word' id='word_1_458' title='bbox 1412 2962 1549 3014; x_wconf 73' lang='grc' dir='ltr'>εἰσιν</span> <span class='ocrx_word' id='word_1_459' title='bbox 1609 2962 1665 3014; x_wconf 88' lang='grc' dir='ltr'>αἱ</span> <span class='ocrx_word' id='word_1_460' title='bbox 1727 2960 2094 3033; x_wconf 83' lang='grc' dir='ltr'>μαρτυροῦσαι</span> <span class='ocrx_word' id='word_1_461' title='bbox 2148 2959 2276 3031; x_wconf 74' lang='grc' dir='ltr'>περὶ</span> <span class='ocrx_word' id='word_1_462' title='bbox 2316 2956 2470 3030; x_wconf 86' lang='grc' dir='ltr'>ἐμοῦ,</span> <span class='ocrx_word' id='word_1_463' title='bbox 2515 2980 2536 3012; x_wconf 73' lang='grc' dir='ltr'>ι</span> <span class='ocrx_word' id='word_1_464' title='bbox 2578 2959 2996 3031; x_wconf 74' lang='grc' dir='ltr'>ἐπιμελέστερον</span> <span class='ocrx_word' id='word_1_465' title='bbox 3058 2956 3207 3024; x_wconf 74' lang='grc' dir='ltr'>οὗτος</span> <span class='ocrx_word' id='word_1_466' title='bbox 3260 2960 3485 3032; x_wconf 65' lang='grc' dir='ltr'>ἐρευνή-</span> 
     </span>
    </p>
   </div>
   <div class='ocr_carea' id='block_1_55' title="bbox 215 3051 975 3116">
    <p class='ocr_par' dir='ltr' id='par_1_55' title="bbox 215 3051 975 3116">
     <span class='ocr_line' id='line_1_55' title="bbox 215 3051 975 3116; baseline 0.003 -12"><span class='ocrx_word' id='word_1_467' title='bbox 215 3067 324 3115; x_wconf 81' lang='grc' dir='ltr'>σας</span> <span class='ocrx_word' id='word_1_468' title='bbox 361 3051 429 3104; x_wconf 76' lang='grc' dir='ltr'>τὰ</span> <span class='ocrx_word' id='word_1_469' title='bbox 456 3053 513 3105; x_wconf 84' lang='grc' dir='ltr'>ὲν</span> <span class='ocrx_word' id='word_1_470' title='bbox 540 3052 719 3116; x_wconf 81' lang='grc' dir='ltr'>αὐτοῖς</span> <span class='ocrx_word' id='word_1_471' title='bbox 749 3052 975 3106; x_wconf 71' lang='grc' dir='ltr'>εἵσεται.</span> 
     </span>
    </p>
   </div>
   <div class='ocr_carea' id='block_1_56' title="bbox 729 3167 1295 3222">
    <p class='ocr_par' dir='ltr' id='par_1_56' title="bbox 729 3167 1295 3222">
     <span class='ocr_line' id='line_1_56' title="bbox 729 3167 1295 3222; baseline 0.007 -4"><span class='ocrx_word' id='word_1_472' title='bbox 729 3167 1119 3221; x_wconf 74' lang='grc' dir='ltr'>ΚΕΦΑΛΑΙΟΝ</span> <span class='ocrx_word' id='word_1_473' title='bbox 1161 3168 1295 3222; x_wconf 73' lang='grc' dir='ltr'>κη’.</span> 
     </span>
    </p>
   </div>
   <div class='ocr_carea' id='block_1_57' title="bbox 296 3244 1872 3330">
    <p class='ocr_par' dir='ltr' id='par_1_57' title="bbox 296 3244 1872 3330">
     <span class='ocr_line' id='line_1_57' title="bbox 296 3244 1872 3330; baseline 0 -22"><span class='ocrx_word' id='word_1_474' title='bbox 296 3274 317 3308; x_wconf 76' lang='grc' dir='ltr'>ι</span> <span class='ocrx_word' id='word_1_475' title='bbox 368 3255 659 3310; x_wconf 81' lang='grc' dir='ltr'>Ἀκούσατέ</span> <span class='ocrx_word' id='word_1_476' title='bbox 695 3274 814 3328; x_wconf 86' lang='grc' dir='ltr'>μου,</span> <span class='ocrx_word' id='word_1_477' title='bbox 840 3258 932 3310; x_wconf 75' lang='grc' dir='ltr'>καὶ</span> <span class='ocrx_word' id='word_1_478' title='bbox 967 3257 1203 3327; x_wconf 79' lang='grc' dir='ltr'>φάγεσθε</span> <span class='ocrx_word' id='word_1_479' title='bbox 1243 3259 1442 3327; x_wconf 78' lang='grc' dir='ltr'>ἀγαθὰ,</span> <span class='ocrx_word' id='word_1_480' title='bbox 1479 3260 1573 3313; x_wconf 75' lang='grc' dir='ltr'>καὶ</span> <span class='ocrx_word' id='word_1_481' title='bbox 1606 3261 1795 3330; x_wconf 84' lang='grc' dir='ltr'>ὲντρυ-</span> <span class='ocrx_word' id='word_1_482' title='bbox 1827 3244 1872 3308; x_wconf 88' lang='lat' dir='ltr'><strong><em>C</em></strong></span> 
     </span>
    </p>
   </div>
   <div class='ocr_carea' id='block_1_58' title="bbox 212 3347 1796 3421">
    <p class='ocr_par' dir='ltr' id='par_1_58' title="bbox 212 3347 1796 3421">
     <span class='ocr_line' id='line_1_58' title="bbox 212 3347 1796 3421; baseline 0.003 -22"><span class='ocrx_word' id='word_1_483' title='bbox 212 3349 384 3419; x_wconf 74' lang='grc' dir='ltr'>φήσει</span> <span class='ocrx_word' id='word_1_484' title='bbox 414 3350 471 3401; x_wconf 82' lang='grc' dir='ltr'>ὲν</span> <span class='ocrx_word' id='word_1_485' title='bbox 502 3347 723 3417; x_wconf 87' lang='grc' dir='ltr'>ἀγαθοῖς</span> <span class='ocrx_word' id='word_1_486' title='bbox 755 3350 787 3419; x_wconf 83' lang='grc' dir='ltr'>ἡ</span> <span class='ocrx_word' id='word_1_487' title='bbox 814 3348 958 3420; x_wconf 78' lang='grc' dir='ltr'>ψυχὴ</span> <span class='ocrx_word' id='word_1_488' title='bbox 990 3350 1161 3420; x_wconf 84' lang='grc' dir='ltr'>ὑμῶν.</span> <span class='ocrx_word' id='word_1_489' title='bbox 1199 3351 1503 3421; x_wconf 87' lang='grc' dir='ltr'>Προσέχετε</span> <span class='ocrx_word' id='word_1_490' title='bbox 1524 3354 1633 3415; x_wconf 84' lang='grc' dir='ltr'>τοῖς</span> <span class='ocrx_word' id='word_1_491' title='bbox 1665 3352 1796 3405; x_wconf 76' lang='grc' dir='ltr'>ὠσὶν</span> 
     </span>
    </p>
   </div>
   <div class='ocr_carea' id='block_1_59' title="bbox 210 3438 1795 3512">
    <p class='ocr_par' dir='ltr' id='par_1_59' title="bbox 210 3438 1795 3512">
     <span class='ocr_line' id='line_1_59' title="bbox 210 3438 1795 3512; baseline 0.001 -21"><span class='ocrx_word' id='word_1_492' title='bbox 210 3438 400 3508; x_wconf 82' lang='grc' dir='ltr'>ὑμῶν,</span> <span class='ocrx_word' id='word_1_493' title='bbox 438 3439 529 3492; x_wconf 78' lang='grc' dir='ltr'>καὶ</span> <span class='ocrx_word' id='word_1_494' title='bbox 558 3438 1026 3510; x_wconf 82' lang='grc' dir='ltr'>ὲπακολουθήσατε</span> <span class='ocrx_word' id='word_1_495' title='bbox 1053 3444 1173 3504; x_wconf 88' lang='grc' dir='ltr'>ταῖς</span> <span class='ocrx_word' id='word_1_496' title='bbox 1204 3441 1342 3504; x_wconf 82' lang='grc' dir='ltr'>ὁδοῖς</span> <span class='ocrx_word' id='word_1_497' title='bbox 1386 3459 1484 3512; x_wconf 89' lang='grc' dir='ltr'>μου</span> <span class='ocrx_word' id='word_1_498' title='bbox 1504 3458 1517 3471; x_wconf 87' lang='grc'><strong>·</strong></span> <span class='ocrx_word' id='word_1_499' title='bbox 1547 3440 1795 3494; x_wconf 77' lang='grc' dir='ltr'>εἰσακού-</span> 
     </span>
    </p>
   </div>
   <div class='ocr_carea' id='block_1_60' title="bbox 212 3531 1794 3603">
    <p class='ocr_par' dir='ltr' id='par_1_60' title="bbox 212 3531 1794 3603">
     <span class='ocr_line' id='line_1_60' title="bbox 212 3531 1794 3603; baseline 0 -20"><span class='ocrx_word' id='word_1_500' title='bbox 212 3531 354 3584; x_wconf 84' lang='grc' dir='ltr'>σατέ</span> <span class='ocrx_word' id='word_1_501' title='bbox 395 3548 518 3601; x_wconf 88' lang='grc' dir='ltr'>μου,</span> <span class='ocrx_word' id='word_1_502' title='bbox 544 3532 638 3584; x_wconf 71' lang='grc' dir='ltr'>καὶ</span> <span class='ocrx_word' id='word_1_503' title='bbox 670 3531 895 3603; x_wconf 79' lang='grc' dir='ltr'>ζήσεται</span> <span class='ocrx_word' id='word_1_504' title='bbox 918 3534 975 3585; x_wconf 86' lang='grc' dir='ltr'>ὲν</span> <span class='ocrx_word' id='word_1_505' title='bbox 1003 3532 1222 3601; x_wconf 82' lang='grc' dir='ltr'>ἀγαθοῖς</span> <span class='ocrx_word' id='word_1_506' title='bbox 1263 3534 1296 3603; x_wconf 84' lang='grc' dir='ltr'>ἡ</span> <span class='ocrx_word' id='word_1_507' title='bbox 1324 3532 1469 3602; x_wconf 79' lang='grc' dir='ltr'>ψυχὴ</span> <span class='ocrx_word' id='word_1_508' title='bbox 1496 3532 1667 3602; x_wconf 86' lang='grc' dir='ltr'>ὐμῶν,</span> <span class='ocrx_word' id='word_1_509' title='bbox 1702 3531 1794 3584; x_wconf 73' lang='grc' dir='ltr'>καὶ</span> 
     </span>
    </p>
   </div>
   <div class='ocr_carea' id='block_1_61' title="bbox 207 3623 1794 3696">
    <p class='ocr_par' dir='ltr' id='par_1_61' title="bbox 207 3623 1794 3696">
     <span class='ocr_line' id='line_1_61' title="bbox 207 3623 1794 3696; baseline -0.001 -18"><span class='ocrx_word' id='word_1_510' title='bbox 207 3623 543 3695; x_wconf 81' lang='grc' dir='ltr'>διαθήσομαι</span> <span class='ocrx_word' id='word_1_511' title='bbox 571 3625 699 3695; x_wconf 82' lang='grc' dir='ltr'>ὑμῖν</span> <span class='ocrx_word' id='word_1_512' title='bbox 731 3625 991 3696; x_wconf 89' lang='grc' dir='ltr'>διαθήκην</span> <span class='ocrx_word' id='word_1_513' title='bbox 1021 3624 1257 3687; x_wconf 77' lang='grc' dir='ltr'>αἰώνιον,</span> <span class='ocrx_word' id='word_1_514' title='bbox 1289 3624 1359 3676; x_wconf 82' lang='grc' dir='ltr'>τὰ</span> <span class='ocrx_word' id='word_1_515' title='bbox 1386 3626 1507 3678; x_wconf 81' lang='grc' dir='ltr'>ὅσια</span> <span class='ocrx_word' id='word_1_516' title='bbox 1534 3623 1695 3677; x_wconf 80' lang='grc' dir='ltr'>Δαυῖδ</span> <span class='ocrx_word' id='word_1_517' title='bbox 1727 3623 1794 3676; x_wconf 82' lang='grc' dir='ltr'>τὰ</span> 
     </span>
    </p>
   </div>
   <div class='ocr_carea' id='block_1_62' title="bbox 209 3715 1792 3788">
    <p class='ocr_par' dir='ltr' id='par_1_62' title="bbox 209 3715 1792 3788">
     <span class='ocr_line' id='line_1_62' title="bbox 209 3715 1792 3788; baseline -0.001 -18"><span class='ocrx_word' id='word_1_518' title='bbox 209 3715 405 3770; x_wconf 80' lang='grc' dir='ltr'>πιστά.</span> <span class='ocrx_word' id='word_1_519' title='bbox 444 3716 595 3781; x_wconf 80' lang='grc' dir='ltr'>Ἰδοὺ,</span> <span class='ocrx_word' id='word_1_520' title='bbox 626 3717 922 3788; x_wconf 85' lang='grc' dir='ltr'>μαρτύριον</span> <span class='ocrx_word' id='word_1_521' title='bbox 944 3717 1001 3770; x_wconf 82' lang='grc' dir='ltr'>ὲν</span> <span class='ocrx_word' id='word_1_522' title='bbox 1035 3716 1241 3771; x_wconf 76' lang='grc' dir='ltr'>ἔθνεσιν</span> <span class='ocrx_word' id='word_1_523' title='bbox 1274 3716 1454 3770; x_wconf 80' lang='grc' dir='ltr'>ἔδωκα</span> <span class='ocrx_word' id='word_1_524' title='bbox 1482 3717 1663 3779; x_wconf 77' lang='grc' dir='ltr'>αὑτὸν,</span> <span class='ocrx_word' id='word_1_525' title='bbox 1698 3716 1792 3788; x_wconf 83' lang='grc' dir='ltr'>ἄρ-</span> 
     </span>
    </p>
   </div>
   <div class='ocr_carea' id='block_1_63' title="bbox 208 3806 1791 3880">
    <p class='ocr_par' dir='ltr' id='par_1_63' title="bbox 208 3806 1791 3880">
     <span class='ocr_line' id='line_1_63' title="bbox 208 3806 1791 3880; baseline 0 -19"><span class='ocrx_word' id='word_1_526' title='bbox 208 3825 380 3880; x_wconf 81' lang='grc' dir='ltr'>χοντα</span> <span class='ocrx_word' id='word_1_527' title='bbox 411 3809 504 3861; x_wconf 83' lang='grc' dir='ltr'>καὶ</span> <span class='ocrx_word' id='word_1_528' title='bbox 527 3810 934 3879; x_wconf 83' lang='grc' dir='ltr'>προστάσσοντα</span> <span class='ocrx_word' id='word_1_529' title='bbox 971 3810 1027 3861; x_wconf 84' lang='grc' dir='ltr'>ὲν</span> <span class='ocrx_word' id='word_1_530' title='bbox 1056 3807 1287 3860; x_wconf 80' lang='grc' dir='ltr'>ἔθνεσιν⁶</span> <span class='ocrx_word' id='word_1_531' title='bbox 1322 3807 1430 3861; x_wconf 86' lang='grc' dir='ltr'>ἰδοὺ</span> <span class='ocrx_word' id='word_1_532' title='bbox 1457 3807 1605 3877; x_wconf 77' lang='grc' dir='ltr'>ἔθνη,</span> <span class='ocrx_word' id='word_1_533' title='bbox 1628 3806 1663 3860; x_wconf 78' lang='grc' dir='ltr'>ἃ</span> <span class='ocrx_word' id='word_1_534' title='bbox 1692 3808 1791 3861; x_wconf 87' lang='grc' dir='ltr'>οὐκ</span> 
     </span>
    </p>
   </div>
   <div class='ocr_carea' id='block_1_64' title="bbox 204 3901 1788 3967">
    <p class='ocr_par' dir='ltr' id='par_1_64' title="bbox 204 3901 1788 3967">
     <span class='ocr_line' id='line_1_64' title="bbox 204 3901 1788 3967; baseline -0.001 -12"><span class='ocrx_word' id='word_1_535' title='bbox 204 3902 389 3955; x_wconf 71' lang='grc' dir='ltr'>(οἴδασί</span> <span class='ocrx_word' id='word_1_536' title='bbox 423 3917 501 3967; x_wconf 86' lang='grc' dir='ltr'>σε,</span> <span class='ocrx_word' id='word_1_537' title='bbox 552 3901 962 3954; x_wconf 82' lang='grc' dir='ltr'>ὲπικαλέσονταί</span> <span class='ocrx_word' id='word_1_538' title='bbox 1012 3919 1091 3964; x_wconf 91' lang='grc' dir='ltr'>σε,</span> <span class='ocrx_word' id='word_1_539' title='bbox 1138 3903 1232 3954; x_wconf 76' lang='grc' dir='ltr'>καὶ</span> <span class='ocrx_word' id='word_1_540' title='bbox 1271 3901 1389 3954; x_wconf 70' lang='grc' dir='ltr'>λαοὶ</span> <span class='ocrx_word' id='word_1_541' title='bbox 1414 3942 1427 3965; x_wconf 90' lang='grc'>,</span> <span class='ocrx_word' id='word_1_542' title='bbox 1466 3902 1513 3954; x_wconf 83' lang='grc' dir='ltr'>οἳ</span> <span class='ocrx_word' id='word_1_543' title='bbox 1558 3902 1657 3954; x_wconf 90' lang='grc' dir='ltr'>οὐκ</span> <span class='ocrx_word' id='word_1_544' title='bbox 1690 3902 1788 3953; x_wconf 80' lang='grc' dir='ltr'>έπ-</span> 
     </span>
    </p>
   </div>
   <div class='ocr_carea' id='block_1_65' title="bbox 208 3992 1786 4065">
    <p class='ocr_par' dir='ltr' id='par_1_65' title="bbox 208 3992 1786 4065">
     <span class='ocr_line' id='line_1_65' title="bbox 208 3992 1786 4065; baseline -0.001 -19"><span class='ocrx_word' id='word_1_545' title='bbox 208 3993 461 4049; x_wconf 79' lang='grc' dir='ltr'>ιστανταί</span> <span class='ocrx_word' id='word_1_546' title='bbox 497 4012 576 4058; x_wconf 91' lang='grc' dir='ltr'>σε,</span> <span class='ocrx_word' id='word_1_547' title='bbox 598 3995 687 4048; x_wconf 75' lang='grc' dir='ltr'>ἐπὶ</span> <span class='ocrx_word' id='word_1_548' title='bbox 704 3995 762 4048; x_wconf 81' lang='grc' dir='ltr'>σὲ</span> <span class='ocrx_word' id='word_1_549' title='bbox 785 3994 1231 4062; x_wconf 83' lang='grc' dir='ltr'>καταφεύξονται,</span> <span class='ocrx_word' id='word_1_550' title='bbox 1258 3993 1441 4047; x_wconf 76' lang='grc' dir='ltr'>ἕνεκεν</span> <span class='ocrx_word' id='word_1_551' title='bbox 1463 3994 1665 4065; x_wconf 81' lang='grc' dir='ltr'>Κυρίου</span> <span class='ocrx_word' id='word_1_552' title='bbox 1693 3992 1786 4046; x_wconf 89' lang='grc' dir='ltr'>τοῦ</span> 
     </span>
    </p>
   </div>
   <div class='ocr_carea' id='block_1_66' title="bbox 203 4082 1787 4155">
    <p class='ocr_par' dir='ltr' id='par_1_66' title="bbox 203 4082 1787 4155">
     <span class='ocr_line' id='line_1_66' title="bbox 203 4082 1787 4155; baseline 0 -18"><span class='ocrx_word' id='word_1_553' title='bbox 203 4086 348 4140; x_wconf 79' lang='grc' dir='ltr'>Θεοῦ</span> <span class='ocrx_word' id='word_1_554' title='bbox 384 4104 478 4140; x_wconf 88' lang='grc' dir='ltr'>σου</span> <span class='ocrx_word' id='word_1_555' title='bbox 520 4085 614 4139; x_wconf 89' lang='grc' dir='ltr'>τοῦ</span> <span class='ocrx_word' id='word_1_556' title='bbox 656 4085 809 4154; x_wconf 81' lang='grc' dir='ltr'>ἁγίου</span> <span class='ocrx_word' id='word_1_557' title='bbox 847 4083 1082 4155; x_wconf 79' lang='grc' dir='ltr'>Ἰσραὴλ,</span> <span class='ocrx_word' id='word_1_558' title='bbox 1113 4084 1193 4136; x_wconf 86' lang='grc' dir='ltr'>ὅτι</span> <span class='ocrx_word' id='word_1_559' title='bbox 1234 4083 1453 4150; x_wconf 81' lang='grc' dir='ltr'>ὲδόξασέ</span> <span class='ocrx_word' id='word_1_560' title='bbox 1485 4101 1565 4137; x_wconf 90' lang='grc' dir='ltr'>σε.</span> <span class='ocrx_word' id='word_1_561' title='bbox 1607 4103 1624 4135; x_wconf 74' lang='grc' dir='ltr'>ι</span> <span class='ocrx_word' id='word_1_562' title='bbox 1652 4082 1787 4137; x_wconf 87' lang='grc' dir='ltr'>Τού-</span> 
     </span>
    </p>
   </div>
   <div class='ocr_carea' id='block_1_67' title="bbox 206 4177 1785 4249">
    <p class='ocr_par' dir='ltr' id='par_1_67' title="bbox 206 4177 1785 4249">
     <span class='ocr_line' id='line_1_67' title="bbox 206 4177 1785 4249; baseline -0.001 -16"><span class='ocrx_word' id='word_1_563' title='bbox 206 4196 327 4243; x_wconf 85' lang='grc' dir='ltr'>τοις</span> <span class='ocrx_word' id='word_1_564' title='bbox 349 4178 417 4232; x_wconf 87' lang='grc' dir='ltr'>τὰ</span> <span class='ocrx_word' id='word_1_565' title='bbox 433 4179 699 4249; x_wconf 88' lang='grc' dir='ltr'>λεγόμενα</span> <span class='ocrx_word' id='word_1_566' title='bbox 717 4181 970 4231; x_wconf 85' lang='grc' dir='ltr'>συνιεῖσιν</span> <span class='ocrx_word' id='word_1_567' title='bbox 994 4178 1383 4248; x_wconf 84' lang='grc' dir='ltr'>ὑποδεχόμενος</span> <span class='ocrx_word' id='word_1_568' title='bbox 1403 4180 1431 4230; x_wconf 88' lang='grc' dir='ltr'><strong>ὁ</strong></span> <span class='ocrx_word' id='word_1_569' title='bbox 1453 4177 1607 4246; x_wconf 88' lang='grc' dir='ltr'>λόγος</span> <span class='ocrx_word' id='word_1_570' title='bbox 1629 4196 1785 4232; x_wconf 86' lang='grc' dir='ltr'>πνευ-</span> 
     </span>
    </p>
   </div>
   <div class='ocr_carea' id='block_1_68' title="bbox 208 4269 1782 4343">
    <p class='ocr_par' dir='ltr' id='par_1_68' title="bbox 208 4269 1782 4343">
     <span class='ocr_line' id='line_1_68' title="bbox 208 4269 1782 4343; baseline 0 -20"><span class='ocrx_word' id='word_1_571' title='bbox 208 4271 448 4343; x_wconf 71' lang='grc' dir='ltr'>ματικὰς</span> <span class='ocrx_word' id='word_1_572' title='bbox 482 4270 707 4342; x_wconf 83' lang='grc' dir='ltr'>τροφὰς,</span> <span class='ocrx_word' id='word_1_573' title='bbox 735 4269 883 4322; x_wconf 87' lang='grc' dir='ltr'>θείαν</span> <span class='ocrx_word' id='word_1_574' title='bbox 929 4286 987 4321; x_wconf 84' lang='grc' dir='ltr'>τε</span> <span class='ocrx_word' id='word_1_575' title='bbox 1028 4271 1121 4322; x_wconf 83' lang='grc' dir='ltr'>καὶ</span> <span class='ocrx_word' id='word_1_576' title='bbox 1161 4269 1408 4341; x_wconf 81' lang='grc' dir='ltr'>οὐράνιον</span> <span class='ocrx_word' id='word_1_577' title='bbox 1441 4270 1672 4341; x_wconf 81' lang='grc' dir='ltr'>τρυφὴν,</span> <span class='ocrx_word' id='word_1_578' title='bbox 1703 4269 1782 4323; x_wconf 85' lang='grc' dir='ltr'>έτι</span> 
     </span>
    </p>
   </div>
   <div class='ocr_carea' id='block_1_69' title="bbox 200 4361 1781 4435">
    <p class='ocr_par' dir='ltr' id='par_1_69' title="bbox 200 4361 1781 4435">
     <span class='ocr_line' id='line_1_69' title="bbox 200 4361 1781 4435; baseline -0.002 -17"><span class='ocrx_word' id='word_1_579' title='bbox 200 4382 263 4418; x_wconf 82' lang='grc' dir='ltr'>τε</span> <span class='ocrx_word' id='word_1_580' title='bbox 300 4364 443 4435; x_wconf 79' lang='grc' dir='ltr'>ζωὴν</span> <span class='ocrx_word' id='word_1_581' title='bbox 473 4365 532 4417; x_wconf 90' lang='grc' dir='ltr'>οὐ</span> <span class='ocrx_word' id='word_1_582' title='bbox 578 4363 675 4434; x_wconf 81' lang='grc' dir='ltr'>τὴν</span> <span class='ocrx_word' id='word_1_583' title='bbox 716 4362 913 4433; x_wconf 77' lang='grc' dir='ltr'>σαρκὸς</span> <span class='ocrx_word' id='word_1_584' title='bbox 944 4362 1254 4433; x_wconf 80' lang='grc' dir='ltr'>ἀδιάφορον,</span> <span class='ocrx_word' id='word_1_585' title='bbox 1292 4361 1426 4415; x_wconf 76' lang='grc' dir='ltr'>ἀλλὰ</span> <span class='ocrx_word' id='word_1_586' title='bbox 1475 4363 1573 4432; x_wconf 87' lang='grc' dir='ltr'>τὴν</span> <span class='ocrx_word' id='word_1_587' title='bbox 1615 4364 1781 4417; x_wconf 79' lang='grc' dir='ltr'>ἀΐδιον</span> 
     </span>
    </p>
   </div>
   <div class='ocr_carea' id='block_1_70' title="bbox 200 4456 1782 4528">
    <p class='ocr_par' dir='ltr' id='par_1_70' title="bbox 200 4456 1782 4528">
     <span class='ocr_line' id='line_1_70' title="bbox 200 4456 1782 4528; baseline -0.001 -18"><span class='ocrx_word' id='word_1_588' title='bbox 200 4458 305 4528; x_wconf 83' lang='grc' dir='ltr'>τῆς</span> <span class='ocrx_word' id='word_1_589' title='bbox 354 4457 565 4527; x_wconf 69' lang='grc' dir='ltr'>ψυχῆς,</span> <span class='ocrx_word' id='word_1_590' title='bbox 609 4459 1089 4528; x_wconf 86' lang='grc' dir='ltr'>προσυπισχνεῖται</span> <span class='ocrx_word' id='word_1_591' title='bbox 1132 4459 1241 4518; x_wconf 90' lang='grc' dir='ltr'>τοῖς</span> <span class='ocrx_word' id='word_1_592' title='bbox 1290 4457 1470 4520; x_wconf 86' lang='grc' dir='ltr'>αὐτοῖς</span> <span class='ocrx_word' id='word_1_593' title='bbox 1520 4456 1782 4528; x_wconf 84' lang='grc' dir='ltr'>διαθήκην</span> 
     </span>
    </p>
   </div>
   <div class='ocr_carea' id='block_1_71' title="bbox 201 4547 1781 4621">
    <p class='ocr_par' dir='ltr' id='par_1_71' title="bbox 201 4547 1781 4621">
     <span class='ocr_line' id='line_1_71' title="bbox 201 4547 1781 4621; baseline 0 -18"><span class='ocrx_word' id='word_1_594' title='bbox 201 4550 422 4603; x_wconf 78' lang='grc' dir='ltr'>αἰώνιον</span> <span class='ocrx_word' id='word_1_595' title='bbox 453 4550 823 4621; x_wconf 84' lang='grc' dir='ltr'>διαθήσεσθαι,</span> <span class='ocrx_word' id='word_1_596' title='bbox 854 4549 1041 4619; x_wconf 72' lang='grc' dir='ltr'>ἥντινά</span> <span class='ocrx_word' id='word_1_597' title='bbox 1066 4564 1196 4618; x_wconf 86' lang='grc' dir='ltr'>φησι</span> <span class='ocrx_word' id='word_1_598' title='bbox 1224 4568 1243 4598; x_wconf 82' lang='grc' dir='ltr'>ι</span> <span class='ocrx_word' id='word_1_599' title='bbox 1284 4547 1349 4601; x_wconf 84' lang='grc' dir='ltr'>τὰ</span> <span class='ocrx_word' id='word_1_600' title='bbox 1380 4549 1499 4602; x_wconf 85' lang='grc' dir='ltr'>ὅσια</span> <span class='ocrx_word' id='word_1_601' title='bbox 1531 4548 1693 4602; x_wconf 79' lang='grc' dir='ltr'>Δαυῖδ</span> <span class='ocrx_word' id='word_1_602' title='bbox 1713 4549 1781 4603; x_wconf 72' lang='grc' dir='ltr'>τὰ</span> 
     </span>
    </p>
   </div>
   <div class='ocr_carea' id='block_1_72' title="bbox 201 4636 1779 4713">
    <p class='ocr_par' dir='ltr' id='par_1_72' title="bbox 201 4636 1779 4713">
     <span class='ocr_line' id='line_1_72' title="bbox 201 4636 1779 4713; baseline 0 -18"><span class='ocrx_word' id='word_1_603' title='bbox 201 4644 372 4697; x_wconf 86' lang='grc' dir='ltr'>πιστά</span> <span class='ocrx_word' id='word_1_604' title='bbox 406 4660 425 4693; x_wconf 71' lang='grc' dir='ltr'>ι</span> <span class='ocrx_word' id='word_1_605' title='bbox 455 4642 742 4711; x_wconf 79' lang='grc' dir='ltr'>περιέξειν.</span> <span class='ocrx_word' id='word_1_606' title='bbox 780 4641 875 4705; x_wconf 87' lang='grc' dir='ltr'>Τίς</span> <span class='ocrx_word' id='word_1_607' title='bbox 904 4640 968 4693; x_wconf 85' lang='grc' dir='ltr'>ἂν</span> <span class='ocrx_word' id='word_1_608' title='bbox 995 4636 1086 4693; x_wconf 81' lang='grc' dir='ltr'>οὖν</span> <span class='ocrx_word' id='word_1_609' title='bbox 1118 4639 1202 4711; x_wconf 81' lang='grc' dir='ltr'>εἴη</span> <span class='ocrx_word' id='word_1_610' title='bbox 1228 4641 1321 4693; x_wconf 78' lang='grc' dir='ltr'>καὶ</span> <span class='ocrx_word' id='word_1_611' title='bbox 1349 4640 1483 4711; x_wconf 82' lang='grc' dir='ltr'>αῦτη</span> <span class='ocrx_word' id='word_1_612' title='bbox 1523 4640 1658 4711; x_wconf 87' lang='grc' dir='ltr'>μετά</span> <span class='ocrx_word' id='word_1_613' title='bbox 1680 4640 1779 4713; x_wconf 82' lang='grc' dir='ltr'>τὴν</span> 
     </span>
    </p>
   </div>
   <div class='ocr_carea' id='block_1_73' title="bbox 201 4731 1777 4809">
    <p class='ocr_par' dir='ltr' id='par_1_73' title="bbox 201 4731 1777 4809">
     <span class='ocr_line' id='line_1_73' title="bbox 201 4731 1777 4809; baseline -0.002 -21"><span class='ocrx_word' id='word_1_614' title='bbox 201 4735 341 4809; x_wconf 76' lang='grc' dir='ltr'>πρὸς</span> <span class='ocrx_word' id='word_1_615' title='bbox 370 4735 558 4807; x_wconf 70' lang='grc' dir='ltr'>καιρὸν</span> <span class='ocrx_word' id='word_1_616' title='bbox 588 4735 684 4805; x_wconf 79' lang='grc' dir='ltr'>τὴν</span> <span class='ocrx_word' id='word_1_617' title='bbox 717 4733 803 4786; x_wconf 78' lang='grc' dir='ltr'>διὰ</span> <span class='ocrx_word' id='word_1_618' title='bbox 835 4732 1107 4796; x_wconf 84' lang='grc' dir='ltr'>Μωύσέως</span> <span class='ocrx_word' id='word_1_619' title='bbox 1136 4735 1292 4803; x_wconf 88' lang='grc' dir='ltr'>καινή</span> <span class='ocrx_word' id='word_1_620' title='bbox 1321 4749 1402 4796; x_wconf 83' lang='grc' dir='ltr'>τις</span> <span class='ocrx_word' id='word_1_621' title='bbox 1434 4734 1526 4785; x_wconf 71' lang='grc' dir='ltr'>καὶ</span> <span class='ocrx_word' id='word_1_622' title='bbox 1563 4731 1777 4796; x_wconf 87' lang='grc' dir='ltr'>αίώνιος</span> 
     </span>
    </p>
   </div>
   <div class='ocr_carea' id='block_1_74' title="bbox 199 4823 1774 4898">
    <p class='ocr_par' dir='ltr' id='par_1_74' title="bbox 199 4823 1774 4898">
     <span class='ocr_line' id='line_1_74' title="bbox 199 4823 1774 4898; baseline 0 -18"><span class='ocrx_word' id='word_1_623' title='bbox 199 4826 445 4898; x_wconf 84' lang='grc' dir='ltr'>Διαθήκη</span> <span class='ocrx_word' id='word_1_624' title='bbox 460 4826 775 4898; x_wconf 86' lang='grc' dir='ltr'>δοθήσεσθαι</span> <span class='ocrx_word' id='word_1_625' title='bbox 790 4825 1016 4887; x_wconf 81' lang='grc' dir='ltr'>τούτοις,</span> <span class='ocrx_word' id='word_1_626' title='bbox 1044 4824 1176 4895; x_wconf 80' lang='grc' dir='ltr'>πρὸς</span> <span class='ocrx_word' id='word_1_627' title='bbox 1192 4823 1283 4887; x_wconf 81' lang='grc' dir='ltr'>οὓς</span> <span class='ocrx_word' id='word_1_628' title='bbox 1310 4827 1337 4877; x_wconf 89' lang='grc' dir='ltr'>ὁ</span> <span class='ocrx_word' id='word_1_629' title='bbox 1357 4824 1531 4892; x_wconf 88' lang='grc' dir='ltr'>λόγος,</span> <span class='ocrx_word' id='word_1_630' title='bbox 1562 4842 1774 4895; x_wconf 80' lang='grc' dir='ltr'>προφη-</span> 
     </span>
    </p>
   </div>
   <div class='ocr_carea' id='block_1_75' title="bbox 197 4912 1771 4989">
    <p class='ocr_par' dir='ltr' id='par_1_75' title="bbox 197 4912 1771 4989">
     <span class='ocr_line' id='line_1_75' title="bbox 197 4912 1771 4989; baseline -0.003 -18"><span class='ocrx_word' id='word_1_631' title='bbox 197 4918 500 4989; x_wconf 87' lang='grc' dir='ltr'>τευομένη;</span> <span class='ocrx_word' id='word_1_632' title='bbox 541 4917 604 4969; x_wconf 84' lang='grc' dir='ltr'>Ἠ</span> <span class='ocrx_word' id='word_1_633' title='bbox 639 4915 797 4985; x_wconf 82' lang='grc' dir='ltr'>καινὴ</span> <span class='ocrx_word' id='word_1_634' title='bbox 840 4914 946 4966; x_wconf 89' lang='grc' dir='ltr'>τῶν</span> <span class='ocrx_word' id='word_1_635' title='bbox 994 4912 1152 4982; x_wconf 75' lang='grc' dir='ltr'>ἱερῶν</span> <span class='ocrx_word' id='word_1_636' title='bbox 1194 4912 1537 4981; x_wconf 83' lang='grc' dir='ltr'>Εὐαγγελίων</span> <span class='ocrx_word' id='word_1_637' title='bbox 1563 4913 1603 4965; x_wconf 88' lang='grc' dir='ltr'>Γ</span> <span class='ocrx_word' id='word_1_638' title='bbox 1607 4912 1771 4984; x_wconf 83' lang='grc' dir='ltr'>ραφὴ,</span> 
     </span>
    </p>
   </div>
   <div class='ocr_carea' id='block_1_76' title="bbox 197 5005 1773 5079">
    <p class='ocr_par' dir='ltr' id='par_1_76' title="bbox 197 5005 1773 5079">
     <span class='ocr_line' id='line_1_76' title="bbox 197 5005 1773 5079; baseline -0.004 -15"><span class='ocrx_word' id='word_1_639' title='bbox 197 5012 269 5063; x_wconf 71' lang='grc' dir='ltr'>τὰ</span> <span class='ocrx_word' id='word_1_640' title='bbox 298 5012 419 5063; x_wconf 81' lang='grc' dir='ltr'>ὅσια</span> <span class='ocrx_word' id='word_1_641' title='bbox 460 5008 621 5062; x_wconf 82' lang='grc' dir='ltr'>Δαυῒδ</span> <span class='ocrx_word' id='word_1_642' title='bbox 655 5007 980 5079; x_wconf 83' lang='grc' dir='ltr'>περιέχουσα</span> <span class='ocrx_word' id='word_1_643' title='bbox 1012 5005 1097 5057; x_wconf 88' lang='grc' dir='ltr'>διά</span> <span class='ocrx_word' id='word_1_644' title='bbox 1125 5005 1216 5058; x_wconf 83' lang='grc' dir='ltr'>τὸν</span> <span class='ocrx_word' id='word_1_645' title='bbox 1244 5007 1306 5058; x_wconf 82' lang='grc' dir='ltr'>ὲκ</span> <span class='ocrx_word' id='word_1_646' title='bbox 1339 5005 1648 5078; x_wconf 77' lang='grc' dir='ltr'>σπέρματος</span> <span class='ocrx_word' id='word_1_647' title='bbox 1675 5007 1773 5058; x_wconf 86' lang='grc' dir='ltr'>αὑ-</span> 
     </span>
    </p>
   </div>
   <div class='ocr_carea' id='block_1_77' title="bbox 2432 3157 2937 3215">
    <p class='ocr_par' dir='ltr' id='par_1_77' title="bbox 2432 3157 2937 3215">
     <span class='ocr_line' id='line_1_77' title="bbox 2432 3157 2937 3215; baseline -0.004 0"><span class='ocrx_word' id='word_1_648' title='bbox 2432 3157 2661 3215; x_wconf 83' lang='lat' dir='ltr'><strong>CAPUT</strong></span> <span class='ocrx_word' id='word_1_649' title='bbox 2701 3157 2937 3213; x_wconf 83' lang='lat' dir='ltr'>XXVIII.</span> 
     </span>
    </p>
   </div>
   <div class='ocr_carea' id='block_1_78' title="bbox 1980 3252 3478 3323">
    <p class='ocr_par' dir='ltr' id='par_1_78' title="bbox 1980 3252 3478 3323">
     <span class='ocr_line' id='line_1_78' title="bbox 1980 3252 3478 3323; baseline 0.002 -13"><span class='ocrx_word' id='word_1_650' title='bbox 1980 3277 2000 3310; x_wconf 76' lang='grc' dir='ltr'>ι</span> <span class='ocrx_word' id='word_1_651' title='bbox 2037 3255 2237 3310; x_wconf 82' lang='lat' dir='ltr'><strong>Audite</strong></span> <span class='ocrx_word' id='word_1_652' title='bbox 2281 3254 2567 3309; x_wconf 87' lang='lat' dir='ltr'><strong>audientes</strong></span> <span class='ocrx_word' id='word_1_653' title='bbox 2606 3268 2714 3319; x_wconf 90' lang='lat' dir='ltr'>me,</span> <span class='ocrx_word' id='word_1_654' title='bbox 2763 3261 2818 3308; x_wconf 92' lang='lat' dir='ltr'>et</span> <span class='ocrx_word' id='word_1_655' title='bbox 2852 3252 3122 3309; x_wconf 86' lang='lat' dir='ltr'><strong>comedite</strong></span> <span class='ocrx_word' id='word_1_656' title='bbox 3167 3255 3392 3323; x_wconf 90' lang='lat' dir='ltr'><strong>bonum,</strong></span> <span class='ocrx_word' id='word_1_657' title='bbox 3424 3268 3478 3313; x_wconf 81' lang='lat' dir='ltr'>et</span> 
     </span>
    </p>
   </div>
   <div class='ocr_carea' id='block_1_79' title="bbox 1898 3344 3475 3404">
    <p class='ocr_par' dir='ltr' id='par_1_79' title="bbox 1898 3344 3475 3404">
     <span class='ocr_line' id='line_1_79' title="bbox 1898 3344 3475 3404; baseline -0.001 0"><span class='ocrx_word' id='word_1_658' title='bbox 1898 3348 2256 3404; x_wconf 86' lang='lat' dir='ltr'><strong>delectabitur</strong></span> <span class='ocrx_word' id='word_1_659' title='bbox 2284 3346 2339 3399; x_wconf 90' lang='lat' dir='ltr'>in</span> <span class='ocrx_word' id='word_1_660' title='bbox 2371 3344 2742 3400; x_wconf 87' lang='lat' dir='ltr'><strong>crassitudine</strong></span> <span class='ocrx_word' id='word_1_661' title='bbox 2769 3344 2951 3398; x_wconf 89' lang='lat' dir='ltr'><strong>anima</strong></span> <span class='ocrx_word' id='word_1_662' title='bbox 2978 3353 3177 3399; x_wconf 80' lang='lat' dir='ltr'><strong>vestra.</strong></span> <span class='ocrx_word' id='word_1_663' title='bbox 3212 3346 3475 3404; x_wconf 85' lang='lat' dir='ltr'><strong>lnclinate</strong></span> 
     </span>
    </p>
   </div>
   <div class='ocr_carea' id='block_1_80' title="bbox 1897 3435 3469 3502">
    <p class='ocr_par' dir='ltr' id='par_1_80' title="bbox 1897 3435 3469 3502">
     <span class='ocr_line' id='line_1_80' title="bbox 1897 3435 3469 3502; baseline 0 -8"><span class='ocrx_word' id='word_1_664' title='bbox 1897 3455 2081 3495; x_wconf 82' lang='lat' dir='ltr'><strong>aurem</strong></span> <span class='ocrx_word' id='word_1_665' title='bbox 2125 3444 2382 3502; x_wconf 85' lang='lat' dir='ltr'><strong>vestram,</strong></span> <span class='ocrx_word' id='word_1_666' title='bbox 2421 3443 2476 3491; x_wconf 93' lang='lat' dir='ltr'>et</span> <span class='ocrx_word' id='word_1_667' title='bbox 2506 3438 2685 3489; x_wconf 84' lang='lat' dir='ltr'><strong>venite</strong></span> <span class='ocrx_word' id='word_1_668' title='bbox 2717 3435 2784 3489; x_wconf 90' lang='lat' dir='ltr'>ad</span> <span class='ocrx_word' id='word_1_669' title='bbox 2826 3450 2952 3490; x_wconf 88' lang='lat' dir='ltr'><strong>me:</strong></span> <span class='ocrx_word' id='word_1_670' title='bbox 2986 3436 3192 3500; x_wconf 82' lang='lat' dir='ltr'><strong>audite,</strong></span> <span class='ocrx_word' id='word_1_671' title='bbox 3230 3446 3284 3491; x_wconf 89' lang='lat' dir='ltr'>et</span> <span class='ocrx_word' id='word_1_672' title='bbox 3324 3440 3469 3494; x_wconf 88' lang='lat' dir='ltr'><strong>vivet</strong></span> 
     </span>
    </p>
   </div>
   <div class='ocr_carea' id='block_1_81' title="bbox 1895 3526 3474 3600">
    <p class='ocr_par' dir='ltr' id='par_1_81' title="bbox 1895 3526 3474 3600">
     <span class='ocr_line' id='line_1_81' title="bbox 1895 3526 3474 3600; baseline -0.001 -14"><span class='ocrx_word' id='word_1_673' title='bbox 1895 3533 2075 3586; x_wconf 91' lang='lat' dir='ltr'><strong>anima</strong></span> <span class='ocrx_word' id='word_1_674' title='bbox 2111 3538 2291 3585; x_wconf 87' lang='lat' dir='ltr'><strong>vestra</strong></span> <span class='ocrx_word' id='word_1_675' title='bbox 2322 3546 2334 3582; x_wconf 92' lang='lat'>:</span> <span class='ocrx_word' id='word_1_676' title='bbox 2364 3537 2417 3582; x_wconf 92' lang='lat' dir='ltr'>et</span> <span class='ocrx_word' id='word_1_677' title='bbox 2461 3526 2652 3581; x_wconf 81' lang='lat' dir='ltr'><strong>feriam</strong></span> <span class='ocrx_word' id='word_1_678' title='bbox 2687 3527 2968 3582; x_wconf 88' lang='lat' dir='ltr'><strong>vobiscum</strong></span> <span class='ocrx_word' id='word_1_679' title='bbox 3014 3538 3226 3597; x_wconf 89' lang='lat' dir='ltr'><strong>pactum</strong></span> <span class='ocrx_word' id='word_1_680' title='bbox 3269 3531 3474 3600; x_wconf 86' lang='lat' dir='ltr'><strong>sempi-</strong></span> 
     </span>
    </p>
   </div>
   <div class='ocr_carea' id='block_1_82' title="bbox 1893 3617 3469 3687">
    <p class='ocr_par' dir='ltr' id='par_1_82' title="bbox 1893 3617 3469 3687">
     <span class='ocr_line' id='line_1_82' title="bbox 1893 3617 3469 3687; baseline -0.001 -8"><span class='ocrx_word' id='word_1_681' title='bbox 1893 3632 2133 3687; x_wconf 80' lang='lat' dir='ltr'><strong>ternum,</strong></span> <span class='ocrx_word' id='word_1_682' title='bbox 2183 3618 2589 3676; x_wconf 87' lang='lat' dir='ltr'><strong>misericordias</strong></span> <span class='ocrx_word' id='word_1_683' title='bbox 2638 3617 2808 3673; x_wconf 88' lang='lat' dir='ltr'><strong>David</strong></span> <span class='ocrx_word' id='word_1_684' title='bbox 2846 3618 3052 3675; x_wconf 81' lang='lat' dir='ltr'><strong>ﬁdeles.</strong></span> <span class='ocrx_word' id='word_1_685' title='bbox 3089 3618 3229 3675; x_wconf 85' lang='lat' dir='ltr'><strong>Ecce</strong></span> <span class='ocrx_word' id='word_1_686' title='bbox 3275 3629 3469 3678; x_wconf 87' lang='lat' dir='ltr'><strong>testem</strong></span> 
     </span>
    </p>
   </div>
   <div class='ocr_carea' id='block_1_83' title="bbox 1894 3712 3465 3787">
    <p class='ocr_par' dir='ltr' id='par_1_83' title="bbox 1894 3712 3465 3787">
     <span class='ocr_line' id='line_1_83' title="bbox 1894 3712 3465 3787; baseline -0.003 -17"><span class='ocrx_word' id='word_1_687' title='bbox 1894 3716 2106 3787; x_wconf 87' lang='lat' dir='ltr'><strong>populis</strong></span> <span class='ocrx_word' id='word_1_688' title='bbox 2138 3714 2259 3770; x_wconf 90' lang='lat' dir='ltr'><strong>dedi</strong></span> <span class='ocrx_word' id='word_1_689' title='bbox 2309 3728 2456 3775; x_wconf 89' lang='lat' dir='ltr'><strong>eum,</strong></span> <span class='ocrx_word' id='word_1_690' title='bbox 2501 3712 2696 3766; x_wconf 90' lang='lat' dir='ltr'><strong>ducem</strong></span> <span class='ocrx_word' id='word_1_691' title='bbox 2748 3726 2811 3764; x_wconf 91' lang='lat' dir='ltr'>ac</span> <span class='ocrx_word' id='word_1_692' title='bbox 2858 3718 3244 3781; x_wconf 78' lang='lat' dir='ltr'><strong>przeceptorem</strong></span> <span class='ocrx_word' id='word_1_693' title='bbox 3291 3718 3465 3782; x_wconf 84' lang='lat' dir='ltr'><strong>gentl-</strong></span> 
     </span>
    </p>
   </div>
   <div class='ocr_carea' id='block_1_84' title="bbox 1893 3803 3469 3875">
    <p class='ocr_par' dir='ltr' id='par_1_84' title="bbox 1893 3803 3469 3875">
     <span class='ocr_line' id='line_1_84' title="bbox 1893 3803 3469 3875; baseline -0.003 -11"><span class='ocrx_word' id='word_1_694' title='bbox 1893 3809 2017 3865; x_wconf 85' lang='lat' dir='ltr'><strong>bus.</strong></span> <span class='ocrx_word' id='word_1_695' title='bbox 2076 3808 2215 3862; x_wconf 84' lang='lat' dir='ltr'><strong>Ecce</strong></span> <span class='ocrx_word' id='word_1_696' title='bbox 2266 3815 2503 3875; x_wconf 84' lang='lat' dir='ltr'><strong>gentem,</strong></span> <span class='ocrx_word' id='word_1_697' title='bbox 2554 3819 2717 3875; x_wconf 90' lang='lat' dir='ltr'><strong>quam</strong></span> <span class='ocrx_word' id='word_1_698' title='bbox 2761 3803 3066 3865; x_wconf 87' lang='lat' dir='ltr'><strong>nesciebas,</strong></span> <span class='ocrx_word' id='word_1_699' title='bbox 3114 3804 3334 3858; x_wconf 89' lang='lat' dir='ltr'><strong>vocabis</strong></span> <span class='ocrx_word' id='word_1_700' title='bbox 3371 3823 3382 3858; x_wconf 91' lang='lat'><strong>:</strong></span> <span class='ocrx_word' id='word_1_701' title='bbox 3414 3814 3469 3860; x_wconf 90' lang='lat' dir='ltr'>et</span> 
     </span>
    </p>
   </div>
   <div class='ocr_carea' id='block_1_85' title="bbox 1890 3893 3468 3971">
    <p class='ocr_par' dir='ltr' id='par_1_85' title="bbox 1890 3893 3468 3971">
     <span class='ocr_line' id='line_1_85' title="bbox 1890 3893 3468 3971; baseline -0.004 -16"><span class='ocrx_word' id='word_1_702' title='bbox 1890 3908 2077 3971; x_wconf 91' lang='lat' dir='ltr'><strong>gentes</strong></span> <span class='ocrx_word' id='word_1_703' title='bbox 2104 3913 2224 3968; x_wconf 75' lang='lat' dir='ltr'><strong>qua:</strong></span> <span class='ocrx_word' id='word_1_704' title='bbox 2256 3905 2307 3951; x_wconf 94' lang='lat' dir='ltr'>te</span> <span class='ocrx_word' id='word_1_705' title='bbox 2335 3912 2444 3951; x_wconf 92' lang='lat' dir='ltr'>non</span> <span class='ocrx_word' id='word_1_706' title='bbox 2480 3904 2874 3966; x_wconf 86' lang='lat' dir='ltr'><strong>cognoverunt,</strong></span> <span class='ocrx_word' id='word_1_707' title='bbox 2912 3893 2977 3947; x_wconf 89' lang='lat' dir='ltr'>ad</span> <span class='ocrx_word' id='word_1_708' title='bbox 3011 3902 3062 3948; x_wconf 90' lang='lat' dir='ltr'>te</span> <span class='ocrx_word' id='word_1_709' title='bbox 3089 3902 3315 3948; x_wconf 89' lang='lat' dir='ltr'><strong>current</strong></span> <span class='ocrx_word' id='word_1_710' title='bbox 3338 3911 3468 3965; x_wconf 86' lang='lat' dir='ltr'><strong>pro-</strong></span> 
     </span>
    </p>
   </div>
   <div class='ocr_carea' id='block_1_86' title="bbox 1889 3983 3462 4063">
    <p class='ocr_par' dir='ltr' id='par_1_86' title="bbox 1889 3983 3462 4063">
     <span class='ocr_line' id='line_1_86' title="bbox 1889 3983 3462 4063; baseline -0.004 -19"><span class='ocrx_word' id='word_1_711' title='bbox 1889 4001 2009 4063; x_wconf 87' lang='lat' dir='ltr'><strong>pter</strong></span> <span class='ocrx_word' id='word_1_712' title='bbox 2066 3989 2357 4044; x_wconf 88' lang='lat' dir='ltr'><strong>Dominum</strong></span> <span class='ocrx_word' id='word_1_713' title='bbox 2418 3986 2587 4042; x_wconf 91' lang='lat' dir='ltr'><strong>Deum</strong></span> <span class='ocrx_word' id='word_1_714' title='bbox 2640 3993 2815 4050; x_wconf 91' lang='lat' dir='ltr'><strong>tuum,</strong></span> <span class='ocrx_word' id='word_1_715' title='bbox 2872 3992 2924 4040; x_wconf 88' lang='lat' dir='ltr'>et</span> <span class='ocrx_word' id='word_1_716' title='bbox 2968 3991 3220 4038; x_wconf 88' lang='lat' dir='ltr'><strong>sanctum</strong></span> <span class='ocrx_word' id='word_1_717' title='bbox 3271 3983 3462 4051; x_wconf 84' lang='lat' dir='ltr'><strong>Israel,</strong></span> 
     </span>
    </p>
   </div>
   <div class='ocr_carea' id='block_1_87' title="bbox 1886 4074 3460 4153">
    <p class='ocr_par' dir='ltr' id='par_1_87' title="bbox 1886 4074 3460 4153">
     <span class='ocr_line' id='line_1_87' title="bbox 1886 4074 3460 4153; baseline -0.005 -16"><span class='ocrx_word' id='word_1_718' title='bbox 1886 4083 2017 4153; x_wconf 86' lang='lat' dir='ltr'><strong>quia</strong></span> <span class='ocrx_word' id='word_1_719' title='bbox 2046 4078 2368 4152; x_wconf 81' lang='lat' dir='ltr'><strong>gloriﬁcavit</strong></span> <span class='ocrx_word' id='word_1_720' title='bbox 2404 4085 2457 4132; x_wconf 93' lang='lat' dir='ltr'>te</span> <span class='ocrx_word' id='word_1_721' title='bbox 2477 4079 2517 4132; x_wconf 81' lang='lat'><strong>&#39;.</strong></span> <span class='ocrx_word' id='word_1_722' title='bbox 2552 4096 2571 4129; x_wconf 83' lang='grc'><strong>›</strong></span> <span class='ocrx_word' id='word_1_723' title='bbox 2601 4077 2672 4131; x_wconf 87' lang='lat' dir='ltr'><strong>li-s</strong></span> <span class='ocrx_word' id='word_1_724' title='bbox 2702 4076 2793 4146; x_wconf 88' lang='lat' dir='ltr'>qui</span> <span class='ocrx_word' id='word_1_725' title='bbox 2817 4075 2930 4130; x_wconf 66' lang='lat' dir='ltr'><strong>haec</strong></span> <span class='ocrx_word' id='word_1_726' title='bbox 2951 4074 3252 4145; x_wconf 83' lang='lat' dir='ltr'><strong>intelligent</strong></span> <span class='ocrx_word' id='word_1_727' title='bbox 3274 4076 3460 4137; x_wconf 85' lang='lat' dir='ltr'><strong>verba,</strong></span> 
     </span>
    </p>
   </div>
   <div class='ocr_carea' id='block_1_88' title="bbox 1889 4165 3464 4244">
    <p class='ocr_par' dir='ltr' id='par_1_88' title="bbox 1889 4165 3464 4244">
     <span class='ocr_line' id='line_1_88' title="bbox 1889 4165 3464 4244; baseline -0.005 -15"><span class='ocrx_word' id='word_1_728' title='bbox 1889 4173 2173 4244; x_wconf 88' lang='lat' dir='ltr'><strong>Scriptura</strong></span> <span class='ocrx_word' id='word_1_729' title='bbox 2205 4170 2494 4242; x_wconf 90' lang='lat' dir='ltr'><strong>pollicetur</strong></span> <span class='ocrx_word' id='word_1_730' title='bbox 2524 4168 2838 4240; x_wconf 88' lang='lat' dir='ltr'><strong>spirituales</strong></span> <span class='ocrx_word' id='word_1_731' title='bbox 2871 4166 3045 4229; x_wconf 89' lang='lat' dir='ltr'><strong>cibos,</strong></span> <span class='ocrx_word' id='word_1_732' title='bbox 3088 4165 3328 4220; x_wconf 85' lang='lat' dir='ltr'><strong>divinam</strong></span> <span class='ocrx_word' id='word_1_733' title='bbox 3354 4181 3464 4221; x_wconf 72' lang='lat' dir='ltr'><strong>cm-</strong></span> 
     </span>
    </p>
   </div>
   <div class='ocr_carea' id='block_1_89' title="bbox 1886 4257 3460 4335">
    <p class='ocr_par' dir='ltr' id='par_1_89' title="bbox 1886 4257 3460 4335">
     <span class='ocr_line' id='line_1_89' title="bbox 1886 4257 3460 4335; baseline -0.006 -14"><span class='ocrx_word' id='word_1_734' title='bbox 1886 4267 2187 4335; x_wconf 87' lang='lat' dir='ltr'><strong>lestemque</strong></span> <span class='ocrx_word' id='word_1_735' title='bbox 2233 4262 2643 4327; x_wconf 88' lang='lat' dir='ltr'><strong>abundantiam,</strong></span> <span class='ocrx_word' id='word_1_736' title='bbox 2692 4260 2968 4328; x_wconf 82' lang='lat' dir='ltr'><strong>vitamque</strong></span> <span class='ocrx_word' id='word_1_737' title='bbox 3015 4272 3122 4311; x_wconf 89' lang='lat' dir='ltr'>non</span> <span class='ocrx_word' id='word_1_738' title='bbox 3159 4257 3460 4311; x_wconf 89' lang='lat' dir='ltr'><strong>secundum</strong></span> 
     </span>
    </p>
   </div>
   <div class='ocr_carea' id='block_1_90' title="bbox 1884 4348 3461 4421">
    <p class='ocr_par' dir='ltr' id='par_1_90' title="bbox 1884 4348 3461 4421">
     <span class='ocr_line' id='line_1_90' title="bbox 1884 4348 3461 4421; baseline -0.006 -9"><span class='ocrx_word' id='word_1_739' title='bbox 1884 4373 2129 4420; x_wconf 82' lang='lat' dir='ltr'><strong>carnem,</strong></span> <span class='ocrx_word' id='word_1_740' title='bbox 2162 4354 2256 4409; x_wconf 87' lang='lat' dir='ltr'>sed</span> <span class='ocrx_word' id='word_1_741' title='bbox 2295 4354 2489 4407; x_wconf 64' lang='lat' dir='ltr'><strong>anima:</strong></span> <span class='ocrx_word' id='word_1_742' title='bbox 2524 4351 2936 4421; x_wconf 87' lang='lat' dir='ltr'><strong>sempiternam,</strong></span> <span class='ocrx_word' id='word_1_743' title='bbox 2966 4348 3343 4419; x_wconf 90' lang='lat' dir='ltr'><strong>promittitque</strong></span> <span class='ocrx_word' id='word_1_744' title='bbox 3379 4349 3461 4403; x_wconf 85' lang='lat' dir='ltr'>eis</span> 
     </span>
    </p>
   </div>
   <div class='ocr_carea' id='block_1_91' title="bbox 1885 4437 3455 4519">
    <p class='ocr_par' dir='ltr' id='par_1_91' title="bbox 1885 4437 3455 4519">
     <span class='ocr_line' id='line_1_91' title="bbox 1885 4437 3455 4519; baseline -0.009 -14"><span class='ocrx_word' id='word_1_745' title='bbox 1885 4452 2107 4519; x_wconf 90' lang='lat' dir='ltr'><strong>insuper</strong></span> <span class='ocrx_word' id='word_1_746' title='bbox 2138 4456 2353 4517; x_wconf 91' lang='lat' dir='ltr'><strong>pactum</strong></span> <span class='ocrx_word' id='word_1_747' title='bbox 2389 4443 2801 4512; x_wconf 87' lang='lat' dir='ltr'><strong>sempiternum,</strong></span> <span class='ocrx_word' id='word_1_748' title='bbox 2838 4438 2981 4509; x_wconf 94' lang='lat' dir='ltr'><strong>quod</strong></span> <span class='ocrx_word' id='word_1_749' title='bbox 3001 4456 3018 4488; x_wconf 77' lang='grc' dir='ltr'>ι</span> <span class='ocrx_word' id='word_1_750' title='bbox 3050 4437 3455 4492; x_wconf 83' lang='lat' dir='ltr'><strong>misericordias</strong></span> 
     </span>
    </p>
   </div>
   <div class='ocr_carea' id='block_1_92' title="bbox 1885 4530 3461 4602">
    <p class='ocr_par' dir='ltr' id='par_1_92' title="bbox 1885 4530 3461 4602">
     <span class='ocr_line' id='line_1_92' title="bbox 1885 4530 3461 4602; baseline -0.006 -4"><span class='ocrx_word' id='word_1_751' title='bbox 1885 4544 2071 4598; x_wconf 87' lang='lat' dir='ltr'><strong>ﬁdeles</strong></span> <span class='ocrx_word' id='word_1_752' title='bbox 2090 4541 2253 4595; x_wconf 88' lang='lat' dir='ltr'><strong>David</strong></span> <span class='ocrx_word' id='word_1_753' title='bbox 2280 4559 2298 4590; x_wconf 71' lang='grc' dir='ltr'>ι</span> <span class='ocrx_word' id='word_1_754' title='bbox 2318 4544 2498 4592; x_wconf 89' lang='lat' dir='ltr'><strong>vocat.</strong></span> <span class='ocrx_word' id='word_1_755' title='bbox 2518 4535 2799 4602; x_wconf 84' lang='lat' dir='ltr'><strong>Quodnam</strong></span> <span class='ocrx_word' id='word_1_756' title='bbox 2819 4533 2922 4587; x_wconf 90' lang='lat' dir='ltr'><strong>erit</strong></span> <span class='ocrx_word' id='word_1_757' title='bbox 2945 4532 3101 4599; x_wconf 76' lang='lat' dir='ltr'><strong>illud,</strong></span> <span class='ocrx_word' id='word_1_758' title='bbox 3122 4542 3240 4601; x_wconf 89' lang='lat' dir='ltr'><strong>post</strong></span> <span class='ocrx_word' id='word_1_759' title='bbox 3257 4530 3461 4602; x_wconf 78' lang='lat' dir='ltr'><strong>Moysis</strong></span> 
     </span>
    </p>
   </div>
   <div class='ocr_carea' id='block_1_93' title="bbox 1810 4606 3453 4707">
    <p class='ocr_par' dir='ltr' id='par_1_93' title="bbox 1810 4606 3453 4707">
     <span class='ocr_line' id='line_1_93' title="bbox 1810 4606 3453 4707; baseline -0.009 -15"><span class='ocrx_word' id='word_1_760' title='bbox 1810 4606 1854 4659; x_wconf 66' lang='grc' dir='ltr'><strong>Β</strong></span> <span class='ocrx_word' id='word_1_761' title='bbox 1885 4644 2126 4707; x_wconf 87' lang='lat' dir='ltr'><strong>pactum,</strong></span> <span class='ocrx_word' id='word_1_762' title='bbox 2160 4633 2264 4689; x_wconf 90' lang='lat' dir='ltr'><strong>nisi</strong></span> <span class='ocrx_word' id='word_1_763' title='bbox 2296 4646 2495 4688; x_wconf 87' lang='lat' dir='ltr'><strong>novum</strong></span> <span class='ocrx_word' id='word_1_764' title='bbox 2521 4638 2574 4684; x_wconf 91' lang='lat' dir='ltr'>et</span> <span class='ocrx_word' id='word_1_765' title='bbox 2610 4626 3000 4697; x_wconf 86' lang='lat' dir='ltr'><strong>sempiternum</strong></span> <span class='ocrx_word' id='word_1_766' title='bbox 3024 4626 3453 4687; x_wconf 89' lang='lat' dir='ltr'><strong>Testamentum,</strong></span> 
     </span>
    </p>
   </div>
   <div class='ocr_carea' id='block_1_94' title="bbox 1883 4714 3459 4799">
    <p class='ocr_par' dir='ltr' id='par_1_94' title="bbox 1883 4714 3459 4799">
     <span class='ocr_line' id='line_1_94' title="bbox 1883 4714 3459 4799; baseline -0.011 -15"><span class='ocrx_word' id='word_1_767' title='bbox 1883 4729 2028 4799; x_wconf 91' lang='lat' dir='ltr'><strong>quod</strong></span> <span class='ocrx_word' id='word_1_768' title='bbox 2062 4727 2218 4781; x_wconf 80' lang='lat' dir='ltr'><strong>feriet</strong></span> <span class='ocrx_word' id='word_1_769' title='bbox 2264 4740 2387 4779; x_wconf 89' lang='lat' dir='ltr'>cum</span> <span class='ocrx_word' id='word_1_770' title='bbox 2440 4722 2550 4777; x_wconf 88' lang='lat' dir='ltr'><strong>illis</strong></span> <span class='ocrx_word' id='word_1_771' title='bbox 2598 4719 2662 4775; x_wconf 91' lang='lat' dir='ltr'>ad</span> <span class='ocrx_word' id='word_1_772' title='bbox 2712 4734 2851 4789; x_wconf 88' lang='lat' dir='ltr'><strong>quos</strong></span> <span class='ocrx_word' id='word_1_773' title='bbox 2898 4722 3103 4786; x_wconf 77' lang='lat' dir='ltr'><strong>Spectat</strong></span> <span class='ocrx_word' id='word_1_774' title='bbox 3132 4714 3459 4784; x_wconf 78' lang='lat' dir='ltr'><strong>prophetia?</strong></span> 
     </span>
    </p>
   </div>
   <div class='ocr_carea' id='block_1_95' title="bbox 1880 4805 3456 4883">
    <p class='ocr_par' dir='ltr' id='par_1_95' title="bbox 1880 4805 3456 4883">
     <span class='ocr_line' id='line_1_95' title="bbox 1880 4805 3456 4883; baseline -0.012 -6"><span class='ocrx_word' id='word_1_775' title='bbox 1880 4822 2029 4876; x_wconf 88' lang='lat' dir='ltr'><strong>Nova</strong></span> <span class='ocrx_word' id='word_1_776' title='bbox 2075 4826 2391 4875; x_wconf 88' lang='lat' dir='ltr'><strong>sanctorum</strong></span> <span class='ocrx_word' id='word_1_777' title='bbox 2435 4812 2850 4883; x_wconf 82' lang='lat' dir='ltr'><strong>Evangeliorum</strong></span> <span class='ocrx_word' id='word_1_778' title='bbox 2887 4808 3193 4877; x_wconf 88' lang='lat' dir='ltr'><strong>Scriptura,</strong></span> <span class='ocrx_word' id='word_1_779' title='bbox 3238 4805 3456 4860; x_wconf 87' lang='lat' dir='ltr'><strong>miseri-</strong></span> 
     </span>
    </p>
   </div>
   <div class='ocr_carea' id='block_1_96' title="bbox 1880 4898 3456 4975">
    <p class='ocr_par' dir='ltr' id='par_1_96' title="bbox 1880 4898 3456 4975">
     <span class='ocr_line' id='line_1_96' title="bbox 1880 4898 3456 4975; baseline -0.011 -5"><span class='ocrx_word' id='word_1_780' title='bbox 1880 4915 2079 4971; x_wconf 65' lang='lat' dir='ltr'><strong>cordiae</strong></span> <span class='ocrx_word' id='word_1_781' title='bbox 2122 4912 2333 4968; x_wconf 87' lang='lat' dir='ltr'><strong>scilicet</strong></span> <span class='ocrx_word' id='word_1_782' title='bbox 2380 4906 2570 4971; x_wconf 87' lang='lat' dir='ltr'><strong>David,</strong></span> <span class='ocrx_word' id='word_1_783' title='bbox 2625 4911 2850 4975; x_wconf 88' lang='lat' dir='ltr'><strong>propter</strong></span> <span class='ocrx_word' id='word_1_784' title='bbox 2890 4912 3080 4957; x_wconf 86' lang='lat' dir='ltr'><strong>natum</strong></span> <span class='ocrx_word' id='word_1_785' title='bbox 3128 4900 3194 4954; x_wconf 91' lang='lat' dir='ltr'>de</span> <span class='ocrx_word' id='word_1_786' title='bbox 3245 4898 3456 4953; x_wconf 86' lang='lat' dir='ltr'><strong>semine</strong></span> 
     </span>
    </p>
   </div>
   <div class='ocr_carea' id='block_1_97' title="bbox 1880 4988 3453 5073">
    <p class='ocr_par' dir='ltr' id='par_1_97' title="bbox 1880 4988 3453 5073">
     <span class='ocr_line' id='line_1_97' title="bbox 1880 4988 3453 5073; baseline -0.01 -15"><span class='ocrx_word' id='word_1_787' title='bbox 1880 5004 1998 5073; x_wconf 85' lang='lat' dir='ltr'><strong>ejus</strong></span> <span class='ocrx_word' id='word_1_788' title='bbox 2028 5002 2215 5058; x_wconf 87' lang='lat' dir='ltr'><strong>Jesum</strong></span> <span class='ocrx_word' id='word_1_789' title='bbox 2252 4999 2527 5055; x_wconf 89' lang='lat' dir='ltr'><strong>Christum</strong></span> <span class='ocrx_word' id='word_1_790' title='bbox 2565 4995 2679 5051; x_wconf 88' lang='lat' dir='ltr'><strong>Dei.</strong></span> <span class='ocrx_word' id='word_1_791' title='bbox 2716 4993 2871 5049; x_wconf 85' lang='lat' dir='ltr'><strong>Hunc</strong></span> <span class='ocrx_word' id='word_1_792' title='bbox 2910 4999 2963 5047; x_wconf 89' lang='lat' dir='ltr'>et</span> <span class='ocrx_word' id='word_1_793' title='bbox 3002 4998 3195 5046; x_wconf 84' lang='lat' dir='ltr'><strong>testem</strong></span> <span class='ocrx_word' id='word_1_794' title='bbox 3233 4988 3453 5044; x_wconf 86' lang='lat' dir='ltr'><strong>dedisse</strong></span> 
     </span>
    </p>
   </div>
   <div class='ocr_carea' id='block_1_98' title="bbox 197 5081 1806 5171">
    <p class='ocr_par' dir='ltr' id='par_1_98' title="bbox 197 5094 1775 5171">
     <span class='ocr_line' id='line_1_98' title="bbox 197 5094 1775 5171; baseline -0.004 -16"><span class='ocrx_word' id='word_1_795' title='bbox 197 5101 295 5155; x_wconf 90' lang='grc' dir='ltr'>τοῦ</span> <span class='ocrx_word' id='word_1_796' title='bbox 322 5101 608 5171; x_wconf 85' lang='grc' dir='ltr'>γενόμενον</span> <span class='ocrx_word' id='word_1_797' title='bbox 649 5097 851 5169; x_wconf 87' lang='grc' dir='ltr'>Ἰησοῦν</span> <span class='ocrx_word' id='word_1_798' title='bbox 873 5098 964 5151; x_wconf 82' lang='grc' dir='ltr'>τὸν</span> <span class='ocrx_word' id='word_1_799' title='bbox 994 5095 1225 5167; x_wconf 83' lang='grc' dir='ltr'>Χριστὸν</span> <span class='ocrx_word' id='word_1_800' title='bbox 1250 5094 1343 5148; x_wconf 87' lang='grc' dir='ltr'>τοῦ</span> <span class='ocrx_word' id='word_1_801' title='bbox 1372 5095 1503 5149; x_wconf 86' lang='grc' dir='ltr'>Θεοῦ</span> <span class='ocrx_word' id='word_1_802' title='bbox 1526 5109 1538 5122; x_wconf 77' lang='grc'><strong><em>⁸</em></strong></span> <span class='ocrx_word' id='word_1_803' title='bbox 1588 5095 1775 5149; x_wconf 79' lang='grc' dir='ltr'>τοῦτον</span> 
     </span>
    </p>
   </div>
   <div class='ocr_carea' id='block_1_99' title="bbox 1907 5081 3451 5171">
    <p class='ocr_par' dir='ltr' id='par_1_99' title="bbox 1913 5081 3451 5158">
     <span class='ocr_line' id='line_1_99' title="bbox 1913 5081 3451 5158; baseline -0.01 -8"><span class='ocrx_word' id='word_1_804' title='bbox 1913 5098 1951 5150; x_wconf 93' lang='lat' dir='ltr'>it</span> <span class='ocrx_word' id='word_1_805' title='bbox 1983 5095 2124 5151; x_wconf 90' lang='lat' dir='ltr'><strong>Deus</strong></span> <span class='ocrx_word' id='word_1_806' title='bbox 2171 5109 2282 5149; x_wconf 89' lang='lat' dir='ltr'>non</span> <span class='ocrx_word' id='word_1_807' title='bbox 2316 5091 2513 5154; x_wconf 86' lang='lat' dir='ltr'><strong>Israel,</strong></span> <span class='ocrx_word' id='word_1_808' title='bbox 2563 5089 2654 5144; x_wconf 91' lang='lat' dir='ltr'>sed</span> <span class='ocrx_word' id='word_1_809' title='bbox 2706 5086 2979 5158; x_wconf 83' lang='lat' dir='ltr'><strong>gentibus,</strong></span> <span class='ocrx_word' id='word_1_810' title='bbox 3018 5084 3086 5137; x_wconf 91' lang='lat' dir='ltr'>iis</span> <span class='ocrx_word' id='word_1_811' title='bbox 3136 5081 3451 5136; x_wconf 82' lang='lat' dir='ltr'><strong>dominatu-</strong></span> 
     </span>
    </p>
   </div>
   <div class='ocr_carea' id='block_1_100' title="bbox 197 5172 1806 5262">
    <p class='ocr_par' dir='ltr' id='par_1_100' title="bbox 197 5183 1771 5262">
     <span class='ocr_line' id='line_1_100' title="bbox 197 5183 1771 5262; baseline -0.006 -16"><span class='ocrx_word' id='word_1_812' title='bbox 197 5193 256 5246; x_wconf 76' lang='grc' dir='ltr'>δὲ</span> <span class='ocrx_word' id='word_1_813' title='bbox 286 5193 382 5246; x_wconf 76' lang='grc' dir='ltr'>καὶ</span> <span class='ocrx_word' id='word_1_814' title='bbox 432 5189 725 5262; x_wconf 88' lang='grc' dir='ltr'>μαρτύριον</span> <span class='ocrx_word' id='word_1_815' title='bbox 769 5187 1055 5241; x_wconf 85' lang='grc' dir='ltr'>δεδωκέναι</span> <span class='ocrx_word' id='word_1_816' title='bbox 1087 5185 1249 5255; x_wconf 79' lang='grc' dir='ltr'>φησὶν</span> <span class='ocrx_word' id='word_1_817' title='bbox 1292 5186 1321 5236; x_wconf 85' lang='grc' dir='ltr'>ὁ</span> <span class='ocrx_word' id='word_1_818' title='bbox 1352 5183 1483 5247; x_wconf 82' lang='grc' dir='ltr'>Θεὸς</span> <span class='ocrx_word' id='word_1_819' title='bbox 1530 5184 1649 5254; x_wconf 73' lang='grc' dir='ltr'>οὐχὶ</span> <span class='ocrx_word' id='word_1_820' title='bbox 1694 5184 1771 5255; x_wconf 85' lang='grc' dir='ltr'>τῷ</span> 
     </span>
    </p>
   </div>
   <div class='ocr_carea' id='block_1_101' title="bbox 1907 5172 3449 5262">
    <p class='ocr_par' dir='ltr' id='par_1_101' title="bbox 1907 5172 3449 5257">
     <span class='ocr_line' id='line_1_101' title="bbox 1907 5172 3449 5257; baseline -0.01 -15"><span class='ocrx_word' id='word_1_821' title='bbox 1907 5204 1990 5242; x_wconf 92' lang='lat' dir='ltr'>um</span> <span class='ocrx_word' id='word_1_822' title='bbox 2018 5195 2182 5257; x_wconf 89' lang='lat' dir='ltr'><strong>atque</strong></span> <span class='ocrx_word' id='word_1_823' title='bbox 2220 5186 2635 5252; x_wconf 86' lang='lat' dir='ltr'><strong>imperaturum,</strong></span> <span class='ocrx_word' id='word_1_824' title='bbox 2665 5192 2773 5231; x_wconf 85' lang='lat' dir='ltr'>non</span> <span class='ocrx_word' id='word_1_825' title='bbox 2803 5183 2983 5229; x_wconf 89' lang='lat' dir='ltr'><strong>autem</strong></span> <span class='ocrx_word' id='word_1_826' title='bbox 3011 5174 3178 5228; x_wconf 88' lang='lat' dir='ltr'><strong>veteri</strong></span> <span class='ocrx_word' id='word_1_827' title='bbox 3212 5172 3449 5227; x_wconf 89' lang='lat' dir='ltr'><strong>circum-</strong></span> 
     </span>
    </p>
   </div>
   <div class='ocr_carea' id='block_1_102' title="bbox 211 5263 1806 5356">
    <p class='ocr_par' dir='ltr' id='par_1_102' title="bbox 211 5274 1771 5356">
     <span class='ocr_line' id='line_1_102' title="bbox 211 5274 1771 5356; baseline -0.006 -19"><span class='ocrx_word' id='word_1_828' title='bbox 211 5283 447 5356; x_wconf 82' lang='grc' dir='ltr'>Ἰσραὴλ,</span> <span class='ocrx_word' id='word_1_829' title='bbox 478 5281 611 5336; x_wconf 84' lang='grc' dir='ltr'>ἀλλὰ</span> <span class='ocrx_word' id='word_1_830' title='bbox 636 5283 745 5344; x_wconf 89' lang='grc' dir='ltr'>τοῖς</span> <span class='ocrx_word' id='word_1_831' title='bbox 772 5279 997 5341; x_wconf 71' lang='grc' dir='ltr'>ἔθνεσιν,</span> <span class='ocrx_word' id='word_1_832' title='bbox 1031 5274 1260 5348; x_wconf 78' lang='grc' dir='ltr'>ἄρξοντα</span> <span class='ocrx_word' id='word_1_833' title='bbox 1291 5275 1496 5329; x_wconf 89' lang='grc' dir='ltr'>τούτων</span> <span class='ocrx_word' id='word_1_834' title='bbox 1526 5277 1620 5329; x_wconf 72' lang='grc' dir='ltr'>καὶ</span> <span class='ocrx_word' id='word_1_835' title='bbox 1650 5276 1771 5329; x_wconf 91' lang='grc' dir='ltr'>τού-</span> 
     </span>
    </p>
   </div>
   <div class='ocr_carea' id='block_1_103' title="bbox 1907 5263 3445 5356">
    <p class='ocr_par' dir='ltr' id='par_1_103' title="bbox 1907 5263 3445 5346">
     <span class='ocr_line' id='line_1_103' title="bbox 1907 5263 3445 5346; baseline -0.012 -13"><span class='ocrx_word' id='word_1_836' title='bbox 1907 5278 2097 5333; x_wconf 89' lang='lat' dir='ltr'><strong>isionis</strong></span> <span class='ocrx_word' id='word_1_837' title='bbox 2142 5274 2364 5346; x_wconf 90' lang='lat' dir='ltr'><strong>populo.</strong></span> <span class='ocrx_word' id='word_1_838' title='bbox 2416 5271 2510 5327; x_wconf 70' lang='lat' dir='ltr'><strong>ila:</strong></span> <span class='ocrx_word' id='word_1_839' title='bbox 2558 5277 2738 5324; x_wconf 90' lang='lat' dir='ltr'><strong>autem</strong></span> <span class='ocrx_word' id='word_1_840' title='bbox 2793 5275 2983 5337; x_wconf 87' lang='lat' dir='ltr'><strong>gentes</strong></span> <span class='ocrx_word' id='word_1_841' title='bbox 3021 5264 3175 5335; x_wconf 91' lang='lat' dir='ltr'><strong>prius</strong></span> <span class='ocrx_word' id='word_1_842' title='bbox 3220 5263 3445 5317; x_wconf 90' lang='lat' dir='ltr'><strong>minime</strong></span> 
     </span>
    </p>
   </div>
   <div class='ocr_carea' id='block_1_104' title="bbox 197 5352 1806 5446">
    <p class='ocr_par' dir='ltr' id='par_1_104' title="bbox 197 5352 1769 5446">
     <span class='ocr_line' id='line_1_104' title="bbox 197 5352 1769 5446; baseline -0.006 -17"><span class='ocrx_word' id='word_1_843' title='bbox 197 5352 313 5439; x_wconf 78' lang='grc' dir='ltr'>τοις</span> <span class='ocrx_word' id='word_1_844' title='bbox 357 5352 743 5446; x_wconf 82' lang='grc' dir='ltr'>προστάξοντα,</span> <span class='ocrx_word' id='word_1_845' title='bbox 785 5370 905 5441; x_wconf 74' lang='grc' dir='ltr'>οὐχὶ</span> <span class='ocrx_word' id='word_1_846' title='bbox 936 5370 992 5423; x_wconf 86' lang='grc' dir='ltr'>δὲ</span> <span class='ocrx_word' id='word_1_847' title='bbox 1022 5368 1098 5440; x_wconf 82' lang='grc' dir='ltr'>τῷ</span> <span class='ocrx_word' id='word_1_848' title='bbox 1128 5368 1377 5440; x_wconf 84' lang='grc' dir='ltr'>προτέρῳ</span> <span class='ocrx_word' id='word_1_849' title='bbox 1404 5366 1479 5437; x_wconf 82' lang='grc' dir='ltr'>τῷ</span> <span class='ocrx_word' id='word_1_850' title='bbox 1504 5370 1568 5421; x_wconf 85' lang='grc' dir='ltr'>ὲκ</span> <span class='ocrx_word' id='word_1_851' title='bbox 1612 5385 1769 5439; x_wconf 88' lang='grc' dir='ltr'>περι-</span> 
     </span>
    </p>
   </div>
   <div class='ocr_carea' id='block_1_105' title="bbox 1907 5352 3439 5446">
    <p class='ocr_par' dir='ltr' id='par_1_105' title="bbox 1907 5352 3439 5440">
     <span class='ocr_line' id='line_1_105' title="bbox 1907 5352 3439 5440; baseline -0.012 -15"><span class='ocrx_word' id='word_1_852' title='bbox 1907 5386 1990 5425; x_wconf 88' lang='lat' dir='ltr'>um</span> <span class='ocrx_word' id='word_1_853' title='bbox 2021 5374 2413 5440; x_wconf 88' lang='lat' dir='ltr'><strong>cognoverant,</strong></span> <span class='ocrx_word' id='word_1_854' title='bbox 2444 5379 2568 5419; x_wconf 91' lang='lat' dir='ltr'>cum</span> <span class='ocrx_word' id='word_1_855' title='bbox 2606 5361 2885 5417; x_wconf 88' lang='lat' dir='ltr'><strong>sciverunt</strong></span> <span class='ocrx_word' id='word_1_856' title='bbox 2914 5372 3036 5412; x_wconf 91' lang='lat' dir='ltr'>eum</span> <span class='ocrx_word' id='word_1_857' title='bbox 3067 5371 3189 5412; x_wconf 90' lang='lat' dir='ltr'><strong>esse</strong></span> <span class='ocrx_word' id='word_1_858' title='bbox 3217 5354 3312 5409; x_wconf 86' lang='lat' dir='ltr'>Dei</span> <span class='ocrx_word' id='word_1_859' title='bbox 3343 5352 3439 5407; x_wconf 74' lang='lat' dir='ltr'><strong>Fi-</strong></span> 
     </span>
    </p>
   </div>
   <div class='ocr_carea' id='block_1_106' title="bbox 196 5448 1806 5539">
    <p class='ocr_par' dir='ltr' id='par_1_106' title="bbox 196 5460 1767 5539">
     <span class='ocr_line' id='line_1_106' title="bbox 196 5460 1767 5539; baseline -0.006 -18"><span class='ocrx_word' id='word_1_860' title='bbox 196 5467 371 5539; x_wconf 83' lang='grc' dir='ltr'>τομῆς</span> <span class='ocrx_word' id='word_1_861' title='bbox 414 5466 546 5537; x_wconf 84' lang='grc' dir='ltr'>λαῷ.</span> <span class='ocrx_word' id='word_1_862' title='bbox 578 5464 762 5519; x_wconf 88' lang='grc' dir='ltr'>Ταῦτα</span> <span class='ocrx_word' id='word_1_863' title='bbox 803 5463 859 5516; x_wconf 79' lang='grc' dir='ltr'>δὲ</span> <span class='ocrx_word' id='word_1_864' title='bbox 909 5462 977 5516; x_wconf 85' lang='grc' dir='ltr'>τά</span> <span class='ocrx_word' id='word_1_865' title='bbox 1014 5462 1163 5534; x_wconf 79' lang='grc' dir='ltr'>έθνη,</span> <span class='ocrx_word' id='word_1_866' title='bbox 1210 5461 1472 5533; x_wconf 88' lang='grc' dir='ltr'>πρότερον</span> <span class='ocrx_word' id='word_1_867' title='bbox 1515 5460 1767 5531; x_wconf 83' lang='grc' dir='ltr'>οὐδαμῶς</span> 
     </span>
    </p>
   </div>
   <div class='ocr_carea' id='block_1_107' title="bbox 1907 5448 3437 5539">
    <p class='ocr_par' dir='ltr' id='par_1_107' title="bbox 1909 5448 3437 5529">
     <span class='ocr_line' id='line_1_107' title="bbox 1909 5448 3437 5529; baseline -0.012 -13"><span class='ocrx_word' id='word_1_868' title='bbox 1909 5477 2018 5526; x_wconf 92' lang='lat' dir='ltr'>um,</span> <span class='ocrx_word' id='word_1_869' title='bbox 2074 5473 2311 5529; x_wconf 89' lang='lat' dir='ltr'><strong>eumque</strong></span> <span class='ocrx_word' id='word_1_870' title='bbox 2362 5455 2696 5511; x_wconf 88' lang='lat' dir='ltr'><strong>Salvatorem</strong></span> <span class='ocrx_word' id='word_1_871' title='bbox 2752 5465 2815 5505; x_wconf 89' lang='lat' dir='ltr'>ac</span> <span class='ocrx_word' id='word_1_872' title='bbox 2867 5448 3038 5504; x_wconf 89' lang='lat' dir='ltr'><strong>Deum</strong></span> <span class='ocrx_word' id='word_1_873' title='bbox 3082 5453 3437 5501; x_wconf 82' lang='lat' dir='ltr'><strong>vocaverunt.</strong></span> 
     </span>
    </p>
   </div>
   <div class='ocr_carea' id='block_1_108' title="bbox 197 5534 1806 5628">
    <p class='ocr_par' dir='ltr' id='par_1_108' title="bbox 197 5534 1760 5628">
     <span class='ocr_line' id='line_1_108' title="bbox 197 5534 1760 5628; baseline -0.004 -16"><span class='ocrx_word' id='word_1_874' title='bbox 197 5534 359 5612; x_wconf 72' lang='grc' dir='ltr'>αὐτὸν</span> <span class='ocrx_word' id='word_1_875' title='bbox 408 5534 763 5628; x_wconf 79' lang='grc' dir='ltr'>ἐπιστάμενα,</span> <span class='ocrx_word' id='word_1_876' title='bbox 803 5555 891 5607; x_wconf 74' lang='grc' dir='ltr'>ὅτε</span> <span class='ocrx_word' id='word_1_877' title='bbox 938 5553 1078 5622; x_wconf 74' lang='grc' dir='ltr'>ἔγνω</span> <span class='ocrx_word' id='word_1_878' title='bbox 1112 5553 1272 5607; x_wconf 81' lang='grc' dir='ltr'>αὐτὸν</span> <span class='ocrx_word' id='word_1_879' title='bbox 1314 5552 1441 5605; x_wconf 74' lang='grc' dir='ltr'>Υίὺν</span> <span class='ocrx_word' id='word_1_880' title='bbox 1484 5552 1579 5605; x_wconf 88' lang='grc' dir='ltr'>τοῦ</span> <span class='ocrx_word' id='word_1_881' title='bbox 1625 5551 1760 5605; x_wconf 83' lang='grc' dir='ltr'>Θεοῦ</span> 
     </span>
    </p>
   </div>
   <div class='ocr_carea' id='block_1_109' title="bbox 1907 5534 3441 5628">
    <p class='ocr_par' dir='ltr' id='par_1_109' title="bbox 1907 5534 3441 5618">
     <span class='ocr_line' id='line_1_109' title="bbox 1907 5534 3441 5618; baseline -0.012 -12"><span class='ocrx_word' id='word_1_882' title='bbox 1907 5551 2072 5606; x_wconf 84' lang='lat' dir='ltr'><strong>’erum</strong></span> <span class='ocrx_word' id='word_1_883' title='bbox 2096 5564 2197 5605; x_wconf 86' lang='lat' dir='ltr'>nos</span> <span class='ocrx_word' id='word_1_884' title='bbox 2225 5562 2443 5618; x_wconf 88' lang='lat' dir='ltr'><strong>quoque</strong></span> <span class='ocrx_word' id='word_1_885' title='bbox 2466 5544 2559 5614; x_wconf 89' lang='lat' dir='ltr'>qui</span> <span class='ocrx_word' id='word_1_886' title='bbox 2588 5543 2739 5613; x_wconf 90' lang='lat' dir='ltr'><strong>prius</strong></span> <span class='ocrx_word' id='word_1_887' title='bbox 2768 5554 2893 5595; x_wconf 91' lang='lat' dir='ltr'>eum</span> <span class='ocrx_word' id='word_1_888' title='bbox 2922 5537 3346 5600; x_wconf 82' lang='lat' dir='ltr'><strong>nesciveramus,</strong></span> <span class='ocrx_word' id='word_1_889' title='bbox 3371 5534 3441 5588; x_wconf 85' lang='lat' dir='ltr'>ad</span> 
     </span>
    </p>
   </div>
   <div class='ocr_carea' id='block_1_110' title="bbox 196 5627 1806 5722">
    <p class='ocr_par' dir='ltr' id='par_1_110' title="bbox 196 5627 1759 5722">
     <span class='ocr_line' id='line_1_110' title="bbox 196 5627 1759 5722; baseline -0.004 -17"><span class='ocrx_word' id='word_1_890' title='bbox 196 5651 551 5722; x_wconf 76' lang='grc' dir='ltr'>τυγχάνοντα,</span> <span class='ocrx_word' id='word_1_891' title='bbox 606 5627 831 5720; x_wconf 81' lang='grc' dir='ltr'>Σωτῆρα</span> <span class='ocrx_word' id='word_1_892' title='bbox 871 5647 962 5699; x_wconf 71' lang='grc' dir='ltr'>καὶ</span> <span class='ocrx_word' id='word_1_893' title='bbox 992 5646 1122 5700; x_wconf 84' lang='grc' dir='ltr'>Θεὸν</span> <span class='ocrx_word' id='word_1_894' title='bbox 1152 5644 1518 5700; x_wconf 80' lang='grc' dir='ltr'>ἐπεκαλέσατο</span> <span class='ocrx_word' id='word_1_895' title='bbox 1563 5646 1724 5699; x_wconf 84' lang='grc' dir='ltr'>αὐτόν</span> <span class='ocrx_word' id='word_1_896' title='bbox 1745 5662 1759 5676; x_wconf 75' lang='grc' dir='ltr'><strong><em>ο</em></strong></span> 
     </span>
    </p>
   </div>
   <div class='ocr_carea' id='block_1_111' title="bbox 1907 5627 3430 5722">
    <p class='ocr_par' dir='ltr' id='par_1_111' title="bbox 1907 5627 3430 5711">
     <span class='ocr_line' id='line_1_111' title="bbox 1907 5627 3430 5711; baseline -0.011 -14"><span class='ocrx_word' id='word_1_897' title='bbox 1907 5658 1992 5697; x_wconf 91' lang='lat' dir='ltr'>um</span> <span class='ocrx_word' id='word_1_898' title='bbox 2016 5639 2382 5711; x_wconf 80' lang='lat' dir='ltr'><strong>confugimus.</strong></span> <span class='ocrx_word' id='word_1_899' title='bbox 2416 5655 2446 5691; x_wconf 89' lang='lat' dir='ltr'>a</span> <span class='ocrx_word' id='word_1_900' title='bbox 2476 5635 2708 5706; x_wconf 89' lang='lat' dir='ltr'><strong>pristino</strong></span> <span class='ocrx_word' id='word_1_901' title='bbox 2736 5646 2924 5687; x_wconf 90' lang='lat' dir='ltr'><strong>errore</strong></span> <span class='ocrx_word' id='word_1_902' title='bbox 2951 5628 3207 5701; x_wconf 83' lang='lat' dir='ltr'><strong>digressi,</strong></span> <span class='ocrx_word' id='word_1_903' title='bbox 3237 5627 3430 5682; x_wconf 77' lang='lat' dir='ltr'><strong>adver—</strong></span> 
     </span>
    </p>
   </div>
   <div class='ocr_carea' id='block_1_112' title="bbox 197 5719 1806 5811">
    <p class='ocr_par' dir='ltr' id='par_1_112' title="bbox 197 5719 1763 5811">
     <span class='ocr_line' id='line_1_112' title="bbox 197 5719 1763 5811; baseline -0.005 -14"><span class='ocrx_word' id='word_1_904' title='bbox 197 5719 332 5797; x_wconf 78' lang='grc' dir='ltr'>ἀλλά</span> <span class='ocrx_word' id='word_1_905' title='bbox 376 5743 469 5795; x_wconf 79' lang='grc' dir='ltr'>καὶ</span> <span class='ocrx_word' id='word_1_906' title='bbox 515 5742 563 5795; x_wconf 80' lang='grc' dir='ltr'>οἱ</span> <span class='ocrx_word' id='word_1_907' title='bbox 619 5719 968 5811; x_wconf 83' lang='grc' dir='ltr'>μηδεπώποτε</span> <span class='ocrx_word' id='word_1_908' title='bbox 989 5738 1150 5791; x_wconf 81' lang='grc' dir='ltr'>αὐτὸν</span> <span class='ocrx_word' id='word_1_909' title='bbox 1190 5736 1558 5805; x_wconf 79' lang='grc' dir='ltr'>ἐπεγνωκότες</span> <span class='ocrx_word' id='word_1_910' title='bbox 1601 5738 1763 5807; x_wconf 74' lang='grc' dir='ltr'>ἡμεῖς</span> 
     </span>
    </p>
   </div>
   <div class='ocr_carea' id='block_1_113' title="bbox 1907 5719 3435 5811">
    <p class='ocr_par' dir='ltr' id='par_1_113' title="bbox 1907 5719 3435 5805">
     <span class='ocr_line' id='line_1_113' title="bbox 1907 5719 3435 5805; baseline -0.01 -17"><span class='ocrx_word' id='word_1_911' title='bbox 1907 5735 2125 5805; x_wconf 83' lang='lat' dir='ltr'><strong>ariaque</strong></span> <span class='ocrx_word' id='word_1_912' title='bbox 2171 5731 2383 5803; x_wconf 89' lang='lat' dir='ltr'><strong>abjecta</strong></span> <span class='ocrx_word' id='word_1_913' title='bbox 2432 5729 2657 5784; x_wconf 89' lang='lat' dir='ltr'><strong>ditionc.</strong></span> <span class='ocrx_word' id='word_1_914' title='bbox 2694 5723 2854 5780; x_wconf 88' lang='lat' dir='ltr'><strong>Tales</strong></span> <span class='ocrx_word' id='word_1_915' title='bbox 2894 5736 3047 5794; x_wconf 85' lang='lat' dir='ltr'><strong>ergo,</strong></span> <span class='ocrx_word' id='word_1_916' title='bbox 3087 5722 3163 5775; x_wconf 86' lang='lat' dir='ltr'>ait</span> <span class='ocrx_word' id='word_1_917' title='bbox 3203 5719 3435 5792; x_wconf 82' lang='lat' dir='ltr'><strong>prophe-</strong></span> 
     </span>
    </p>
   </div>
   <div class='ocr_carea' id='block_1_114' title="bbox 272 5891 1188 5969">
    <p class='ocr_par' dir='ltr' id='par_1_114' title="bbox 272 5891 1188 5969">
     <span class='ocr_line' id='line_1_114' title="bbox 272 5891 1188 5969; baseline -0.013 -12"><span class='ocrx_word' id='word_1_918' title='bbox 272 5902 289 5930; x_wconf 85' lang='lat'><strong>‘</strong></span> <span class='ocrx_word' id='word_1_919' title='bbox 322 5900 479 5961; x_wconf 82' lang='lat' dir='ltr'><strong>Joan.</strong></span> <span class='ocrx_word' id='word_1_920' title='bbox 514 5919 564 5969; x_wconf 80' lang='grc' dir='ltr'>ν,</span> <span class='ocrx_word' id='word_1_921' title='bbox 597 5900 684 5955; x_wconf 80' lang='lat'>59.</span> <span class='ocrx_word' id='word_1_922' title='bbox 763 5900 782 5929; x_wconf 84' lang='lat'>&#39;</span> <span class='ocrx_word' id='word_1_923' title='bbox 823 5894 925 5952; x_wconf 87' lang='lat' dir='ltr'><strong>lsa.</strong></span> <span class='ocrx_word' id='word_1_924' title='bbox 959 5909 1043 5957; x_wconf 79' lang='grc' dir='ltr'>ιν,</span> <span class='ocrx_word' id='word_1_925' title='bbox 1076 5891 1188 5946; x_wconf 72' lang='lat'><strong>2-5.</strong></span> 
     </span>
    </p>
   </div>
  </div>
