3974 6476
637 399 770 456 1251

1234 399 1500 457 EUSEBlI
1539 399 2020 457 CESARIENSIS
2058 399 2208 456 OPP.
2271 401 2469 457 PARS.
2512 401 2600 459 Ill.
2629 433 2686 444 —
2728 401 3137 458 EXEGETICA.

3705 410 3808 465 l252

637 515 733 580 tia,
795 515 986 570 nemus
1038 522 1258 585 propter
1310 512 1598 568 Dominum
1656 513 1826 569 Deum
1887 514 2029 584 ejus,
2083 516 2190 586 qui:

2314 515 2686 586 κατεφύγομεν
2738 513 2824 568 ἐπ’
2853 515 3040 579 αὐτὸν,
3070 517 3166 588 τῆς
3201 515 3465 588 προτέρας
3511 518 3808 590 ἀποφυγόντες

635 606 960 678 gloriﬁcavit
989 621 1134 661 eum.
1175 603 1522 660 Manifestum
1553 615 1638 660 est
1667 621 1773 675 qua
1802 605 2013 661 ratione
2040 607 2207 678 glorir

637 697 880 753 ﬁcaverit
903 712 1027 752 eum
1062 695 1243 762 Pater,
1271 697 1430 766 juxta
1467 697 1608 752 hanc
1641 697 1707 752 ad
1738 715 1862 752 eum
1895 714 1925 754 e
1946 702 2086 754 cmlo
2113 700 2208 756 dev

633 790 856 844 missam
902 803 1132 842 vocem:
1163 806 1184 839 ι
1221 787 1284 841 Et
1329 788 1623 842 clariﬁcavi
1677 796 1731 844 et
1767 791 1964 845 iterum
2009 791 2209 846 οισι·ίῆ-

631 881 837 936 cabo‘.
873 899 892 932 ι
925 879 1221 935 Videamus
1275 888 1456 934 autem
1505 895 1688 935 annon
1735 891 2040 952 congruant
2086 899 2208 953 quae

631 974 721 1028 hic
750 974 1028 1036 dicuntur,
1061 974 1271 1028 scilicet
1298 991 1310 1025 :
1345 991 1363 1024 ι
1397 973 1536 1029 Ecce
1562 983 1775 1044 gentem
1794 993 1962 1046 quam
1993 978 2208 1032 nescie-

629 1067 731 1122 bas
764 1067 988 1122 vocabis
1019 1085 1031 1119 :
1064 1077 1116 1121 et
1145 1075 1334 1136 gentes
1365 1082 1486 1136 qua:
1520 1075 1573 1121 te
1598 1083 1705 1122 non
1735 1079 2109 1138 cognoverunt
2138 1070 2204 1125 ad

631 1169 685 1215 te
711 1167 956 1224 current,
985 1178 1005 1212 ι
1046 1175 1168 1214 cum
1214 1160 1322 1214 illis
1353 1175 1475 1230 quae
1504 1162 1556 1213 in
1591 1159 1929 1228 praecedente
1955 1161 2205 1215 referun-

628 1260 720 1307 tur
765 1254 1028 1323 capitulo,
1087 1253 1319 1317 scilicet,
1359 1271 1377 1304 ι
1409 1253 1609 1323 quibus
1659 1269 1768 1308 non
1817 1254 2203 1308 annuntiatum

627 1354 713 1401 est
745 1346 811 1401 de
839 1361 926 1410 eo,
957 1347 1234 1410 viderunt,
1276 1354 1329 1401 et
1363 1347 1455 1416 qui
1491 1364 1598 1401 non
1632 1346 1926 1402 audierunt
1958 1355 2205 1402 contem-

628 1438 760 1508 plati
808 1445 955 1493 sunt.
990 1459 1006 1490 ι
1073 1437 1167 1494 His
1210 1438 1411 1494 similia
1468 1437 1820 1494 inveniuntur
1863 1439 1920 1494 in
1973 1441 2204 1510 septimo

627 1530 842 1586 decimo
905 1531 1146 1600 psalmo,
1207 1546 1237 1585 e
1300 1530 1505 1585 Christi
1577 1546 1809 1600 persona
1858 1549 1871 1584 :
1914 1530 2203 1602 «Populus

626 1638 789 1692 quem
824 1622 1140 1693 ignorabam
1172 1623 1397 1678 servivit
1425 1623 1581 1687 mihi,
1623 1624 1677 1678 in
1705 1623 1891 1698 auditu
1935 1624 2049 1678 oris
2075 1624 2203 1678 obe-

625 1715 761 1769 divit
788 1715 920 1768 mihi
946 1716 986 1766 ².
1017 1733 1034 1765 ι
1072 1712 1364 1785 Nos‘igitur
1383 1730 1540 1769 veras
1555 1715 1837 1770 credentes
1855 1715 2199 1784 prophetias,

628 1805 878 1875 impletas
932 1804 1102 1861 fuisse
1153 1821 1247 1861 eas
1287 1804 1587 1861 Salvatoris
1633 1806 1805 1862 nostri
1837 1805 2069 1860 adventu
2103 1822 2202 1876 pro

2317 607 2542 676 πλάνης,
2563 606 2653 659 καὶ
2681 605 2784 658 ὑπὸ
2806 605 2904 669 τὰς
2925 607 3302 678 ἀντικειμένας
3329 610 3588 680 ἐνεργείας
3606 612 3805 680 δωλείας,

2316 697 2500 752 Ταῦτα
2520 699 2596 760 δὲ,
2630 698 2791 767 φησὶν
2820 699 2852 768 ὴ
2891 697 3212 768 προφητεία,
3244 698 3530 769 γενήσεσθε
3559 701 3712 756 ’ἐνεκεν
3729 706 3807 760 Κυ-

2319 791 2434 862 ρίου
2450 789 2543 842 τοῦ
2558 789 2691 842 Θεοῦ
2710 789 2896 852 αὑτοῦ,
2920 789 3002 842 ὃτι
3022 789 3268 855 ἐδόξασεν
3286 791 3462 843 αὐτόν·
3485 794 3631 861 σαφὲς
3648 796 3682 847 δ’
3702 798 3805 860 ὅπως

2315 882 2564 947 ἐδόξασεν
2595 881 2752 934 αὐτὸν
2779 883 2807 934 ό
2839 881 3028 953 Πατὴρ
3073 883 3212 936 κατὰ
3251 883 3348 954 τὴν
3400 883 3678 954 ἐνεχθεῖσαν
3710 889 3804 957 πρὸς

2315 973 2476 1028 αὐτὸν
2517 973 2577 1038 ἐξ
2620 973 2850 1046 ούρανοῦ
2879 975 3082 1044 φωνὴν,
3124 977 3256 1048 τῆν’
3302 995 3320 1026 σ
3368 977 3473 1030 Καὶ
3512 977 3716 1044 ἐδόξασα,
3741 980 3803 1032 καὶ

2316 1065 2476 1118 πάλιν
2498 1065 2720 1130 δοξάσω.
2761 1086 2779 1118 ι
2807 1068 2948 1138 Ὅρα
2973 1068 3017 1120 δ’
3047 1071 3095 1123 εἰ
3123 1068 3197 1140 μὴ
3222 1070 3457 1139 συγγενῆ
3488 1072 3705 1139 τυγχάνει
3726 1075 3804 1137 τοῖς

2313 1160 2500 1213 ἐνθάδε
2535 1164 2714 1233 ῥητοῖς
2742 1161 3008 1231 φάσκουσι
3035 1164 3114 1216 τό·
3152 1183 3169 1214 ι
3213 1163 3382 1233 Ἔθνη
3410 1163 3444 1216 ἃ
3471 1164 3562 1216 οὐκ
3587 1164 3725 1217 οἴδασί
3744 1183 3800 1228 σι,

2313 1251 2724 1305 ἐπικαλέσονταί
2770 1271 2859 1321 σε,
2884 1256 2979 1308 καὶ
3015 1254 3135 1308 λαοὶ
3175 1255 3222 1307 οἳ
3249 1254 3351 1308 ούκ
3389 1254 3609 1322 ἔγνωσαν
3646 1271 3708 1317 σε,
3737 1258 3799 1308 ἐπὶ

2318 1344 2376 1396 σὲ
2407 1344 2856 1414 καταφεύξονται,
2895 1367 2912 1398 ι
2938 1347 3005 1400 τὰ
3039 1348 3096 1400 ἐν
3128 1345 3205 1417 τῷ
3236 1346 3342 1418 πρὸ
3364 1346 3543 1398 τούτου
3570 1347 3798 1419 κεφαλαίῳ,

2312 1434 2438 1488 ἔνθα
2467 1434 2702 1503 ἐλέγετο,
2728 1437 2809 1490 ὅτι
2828 1457 2844 1488 ι
2869 1431 2948 1502 οἷς
2975 1438 3078 1491 οῦκ
3099 1438 3372 1510 ἀνηγγέλη
3396 1439 3513 1508 περὶ
3531 1439 3670 1491 αὐτοῦ
3690 1440 3801 1507 bim-

2310 1546 2420 1591 ται,
2454 1530 2549 1584 καὶ
2581 1529 2630 1582 οἳ
2661 1531 2761 1584 ούκ
2789 1530 3055 1602 ἀκηκόασι
3087 1532 3397 1602 συνήσουσι.
3438 1550 3456 1581 ι
3483 1530 3670 1593 Τούτοις
3686 1533 3798 1600 ὃμοια

2309 1621 2563 1692 τυγχάνει
2595 1623 2688 1675 καὶ
2739 1621 2806 1675 τὰ
2840 1624 2898 1675 ἐν
2923 1622 3370 1692 ἑπτακαιδεκάτῳ
3398 1621 3582 1692 ψαλμῷ
3610 1626 3661 1675 ἐκ
3682 1641 3799 1694 spos-

2310 1708 2458 1762 ὡπου
2507 1709 2601 1762 τοῦ
2646 1709 2882 1783 Χριστοῦ
2934 1712 3075 1765 κατὰ
3116 1711 3197 1764 τό·
3256 1730 3277 1762 ι
3326 1711 3464 1776 Aab;
3496 1712 3549 1764 ὃν
3571 1713 3654 1765 οὐκ
3678 1714 3797 1781 ἔγνων

2308 1802 2584 1855 ἐόούλευσέ
2641 1819 2750 1872 μοι,
2795 1805 2875 1866 εἰς
2928 1804 3096 1873 ἀκοὴν
3147 1803 3312 1857 ὠτίου
3370 1805 3622 1874 ὑπήκουσὲ
3667 1823 3794 1875 pot.»

625 1910 778 1954 certo
809 1899 1094 1965 habemus,
1121 1899 1591 1969 intelligimusque
1623 1915 1723 1954 nos
1747 1899 2019 1980 quondam
2053 1899 2190 1968 ipsos

2319 1897 2510 1967 Ἡμεῖς
2543 1897 2640 1966 μὲν
2662 1892 2755 1950 οὖν
2784 1896 3000 1967 ἀληθεῖς
3055 1897 3402 1961 πιστεύοντες
3425 1896 3518 1960 τὰς
3542 1899 3797 1970 προσηπίις

623 1993 965 2048 errabundas
1013 1999 1203 2062 gentes
1251 1991 1443 2054 fuisse,
1499 1991 1835 2062 malignitate
1887 1991 2198 2046 daemonum

623 2086 678 2141 in
709 2101 924 2140 omnem
984 2085 1346 2139 iulololatriam
1404 2092 1726 2154 provectos,
1791 2099 1965 2154 neque
2018 2085 2196 2139 solum

621 2193 747 2232 vere
777 2175 948 2232 Deum
977 2181 1394 2247 cognoscentes,
1429 2190 1604 2245 neque
1636 2175 1799 2228 ullam
1829 2174 2198 2244 propheticam

621 2271 910 2325 audientes
968 2284 1188 2336 vocem;
1239 2274 1616 2323 verumtamen
1672 2265 1974 2323 Salvatoris
2019 2267 2196 2322 nostri

617 2361 748 2418 Jesu
779 2360 1051 2425 doctrina,
1088 2360 1156 2414 ad
1195 2359 1437 2414 omnium
1486 2358 1579 2414 Dei
1623 2360 1911 2414 scientiam
1943 2359 2195 2430 perveni-

618 2471 764 2518 mus,
793 2454 1102 2524 divinisque
1137 2452 1470 2508 credidimus
1494 2450 1818 2522 Scripturis,
1849 2452 2198 2522 ctpropheti-

619 2555 800 2603 zatum
837 2543 934 2600 Dei
966 2543 1203 2600 Verbum
1231 2543 1564 2613 accepimus,
1593 2541 1941 2612 cujus~prius
1969 2543 2195 2597 omnino

617 2637 791 2694 nescii
824 2651 1066 2691 eramus.
1102 2634 1216 2689 Hoc
1247 2635 1412 2706 igitur
1441 2641 1653 2688 tantum
1687 2631 1988 2689 Salvatoris
2017 2633 2193 2688 nostri

618 2730 869 2785 doctrina
911 2729 1233 2784 beneﬁcium
1260 2729 1564 2791 consecuti,
1601 2727 1878 2798 quomodo
1911 2743 2018 2782 non
2045 2728 2194 2796 juste

619 2825 993 2894 acciperemus
1041 2830 1095 2877 et
1137 2821 1568 2893 prtedicaremus
1615 2836 1739 2876 eum
1791 2825 1935 2876 sicut
1963 2819 2059 2876 Dei
2103 2819 2194 2874 Fi-

615 2913 748 2966 lium
782 2909 1229 2982 Salvatoremque
1261 2911 1544 2966 nostrum?

2305 1987 2369 2058 (f.
2399 1987 2466 2042 58
2490 1987 2588 2057 ν’),
2620 1986 3009 2058 πεπληρῶσθαι
3049 1987 3219 2051 αὑτὰς
3263 1988 3356 2040 ἐπὶ
3389 1991 3450 2058 τῇ
3494 1989 3578 2042 τοῦ
3614 1989 3796 2058 Σωτῆρος

2305 2079 2460 2151 ἡμῶν
2512 2079 2784 2152 παρουσίᾳ
2842 2080 3219 2151 πεπείσμεθα,
3278 2081 3655 2153 συναισθόμενοι
3692 2082 3794 2142 ὅπως

2303 2174 2466 2243 ἡμεῖς
2498 2170 3031 2243 αὐτοὶ,“πλανώμενα
3063 2171 3190 2244 ἔθνη
3220 2173 3281 2227 τὸ
3314 2175 3474 2227 πάλαι
3495 2175 3790 2243 τυγχάνοντες.

2306 2266 2648 2336 ἐλαυνόμενοί
2697 2283 2755 2319 τε
2783 2266 2888 2319 ὑπὸ
2939 2265 3189 2336 χαλεπῶν
3225 2267 3490 2337 δαιμόνων
3519 2266 3639 2320 κατὰ
3668 2268 3792 2318 πᾶσαν

2303 2357 2760 2429 είδωλολατρείαν,
2795 2358 2888 2412 καὶ
2915 2359 3048 2428 μήτε
3087 2359 3178 2411 τὸν
3217 2359 3376 2429 μόνον
3404 2357 3565 2429 ἀληθῆ
3595 2358 3698 2410 Θεὸν
3724 2359 3791 2409 ἑπ-

2302 2451 2598 2520 ιστάμενοι,
2624 2451 2759 2521 μήτε
2783 2449 3124 2521 προφητικῆς
3147 2451 3426 2513 ἐπαΐοντες
3453 2450 3629 2520 φωνῆς.
3647 2448 3711 2501 διὰ
3727 2446 3792 2514 τῆς

2301 2541 2394 2595 τοῦ
2425 2543 2676 2612 Σωτῆρος
2707 2541 2863 2612 ήμῶν
2908 2540 3084 2611 Ἰησοῦ
3116 2540 3462 2604 διδασκαλίας
3495 2541 3576 2594 ἐπὶ
3600 2541 3677 2611 τὴν
3696 2540 3790 2605 γνῶ-

2301 2652 2384 2688 σιν
2416 2634 2508 2688 τοῦ
2541 2633 2674 2687 Θεοῦ
2709 2633 2817 2687 τῶν
2845 2633 2983 2687 ὅλων
3011 2631 3484 2704 παρεληλύθαμεν,
3507 2628 3789 2685 πεπιστεύκα-

2302 2728 2400 2799 μέν
2431 2745 2489 2780 τε
2516 2730 2634 2791 ταῖς
2678 2727 3054 2790 θεοπνεύστοις
3093 2727 3360 2798 Γραιραῖς,
3401 2726 3489 2780 καὶ
3517 2726 3596 2779 τὸν
3636 2739 3788 2795 upon-

2298 2819 2554 2874 τευθέντα
2579 2820 2673 2873 τοῦ
2702 2820 2837 2872 Θεοῦ
2867 2819 3038 2886 Λόγον
3079 2817 3538 2891 παραδεδέγμεθα,
3575 2815 3672 2887 μηδ’
3697 2814 3788 2874 επ

2300 2913 2462 2967 αὑτὸν
2486 2913 2549 2966 τὸ
2585 2913 2713 2984 πρὶν
2756 2911 3129 2982 ἐπιστάμενοι.
3158 2911 3410 2965 Τοσαῦτα
3435 2912 3494 2981 δὴ
3523 2910 3598 2963 διὰ
3623 2909 3699 2978 τῆς
3721 2903 3786 2958 τώ

616 3004 867 3075 Σωτῆρος
896 3004 1050 3076 ἡμῶν
1076 3004 1522 3075 εὐεργετηθέντες
1548 3003 1913 3069 διδασκαλίας,
1936 3003 2053 3067 πῶς
2085 3005 2186 3058 ούκ
2243 3004 2308 3058 ἂν
2341 3005 2564 3070 δικαίως
2597 3002 3041 3073 παοαδεχοίμεθά
3093 3021 3153 3056 τε
3207 3005 3306 3059 καὶ
3350 3001 3679 3072 ἐκθειάξοιμεν
3720 2997 3786 3051 αὖ·

614 3099 726 3168 τὸν,
754 3101 849 3154 ἆτε
883 3101 1010 3154 Υίὸν
1042 3099 1176 3153 Θεοῦ
1210 3103 1242 3171 ἡ
1254 3099 1366 3171 μῶν
1397 3117 1455 3152 τε
1489 3100 1666 3154 αὐτῶν
1707 3101 2038 3170 τυγχάνοντα
2071 3102 2335 3174 Σωτῆρας

1151 3215 1379 3272 CAPUT
1421 3215 1619 3276 XXIX.

691 3332 710 3362 ι
738 3312 927 3368 Justus
961 3309 1124 3382 perit,
1149 3319 1203 3364 et
1247 3326 1358 3364 non
1401 3319 1486 3366 est
1510 3311 1605 3381 qui
1649 3312 1911 3384 recogitet
1941 3311 1994 3368 in
2026 3313 2190 3369 corde

617 3420 739 3470 suo,
773 3412 826 3459 et
853 3403 955 3458 viri
987 3403 1376 3458 misericordia:
1405 3403 1762 3474 colliguntur,
1793 3406 1920 3476 quia
1962 3421 2069 3460 non
2107 3413 2190 3460 est

614 3497 708 3565 qui
757 3494 1023 3564 intelligat
1057 3512 1071 3546 :
1103 3508 1132 3546 a
1169 3490 1306 3548 facie
1345 3493 1491 3547 enim
1544 3495 1768 3548 malitize
1815 3495 2078 3550 collectus
2108 3503 2192 3549 est

611 3589 815 3658 justus.
854 3585 1050 3642 Veniat
1100 3600 1225 3656 pax,
1268 3587 1576 3656 requiescat
1625 3588 1680 3642 in
1734 3587 1902 3643 cubili
1951 3603 2051 3644 suo
2095 3587 2189 3658 qui

615 3677 915 3731 ambulavit
964 3676 1020 3731 in
1062 3675 1362 3731 directione
1397 3691 1518 3731 sua.
1566 3675 1677 3732 Vos
1715 3686 1899 3732 autem
1945 3676 2189 3732 accedite

620 3770 752 3835 huc,
789 3769 882 3823 lilii
904 3769 1294 3839 auguratricis,
1324 3784 1508 3824 semen
1527 3769 1757 3824 adulteri
1783 3777 1836 3824 et
1860 3768 2184 3826 fornicariae.

618 3861 795 3933 Super
825 3877 987 3931 quem
1018 3860 1270 3914 lusistis?
1315 3857 1490 3931 Super
1515 3877 1677 3931 quem
1707 3862 1976 3917 dilatastis
2009 3877 2093 3926 os,
2134 3869 2188 3918 et

614 3951 858 4022 ejecistis
896 3950 1174 4020 linguam?
1216 3947 1467 4020 Nunquid
1514 3967 1625 4006 non
1668 3967 1764 4007 vos
1809 3953 1900 4007 ﬁlii
1943 3955 2184 4020 scelesti,

617 4058 803 4098 semen
852 4041 1080 4096 mendax
1107 4041 1216 4094 '?i
1261 4039 1513 4097 Christus
1555 4041 1650 4097 Dei
1690 4043 1848 4109 solus~
1875 4060 2000 4099 vere
2043 4044 2185 4100 inter

615 4148 806 4188 omnes
830 4131 923 4202 qui
954 4146 1193 4201 unquam
1221 4129 1482 4186 exstitere
1507 4130 1692 4201 justos
1727 4133 1852 4188 talis
1887 4133 2180 4191 invenitur.

614 4223 845 4294 Ideoque
875 4222 1219 4294 peculiariter
1255 4223 1436 4292 justus
1492 4231 1740 4286 vocatur,
1799 4232 1852 4279 et
1902 4224 2184 4293 prophetia

612 4317 680 4372 de
707 4332 772 4371 eo
797 4315 912 4372 ait:
949 4335 968 4367 ‹
993 4315 1133 4371 Ecce
1157 4315 1338 4385 justus
1372 4317 1530 4386 perit.
1560 4337 1579 4370 ι
1615 4316 1769 4372 Unde
1823 4325 2002 4372 autem
2035 4318 2186 4372 abla-

612 4417 702 4464 tus
725 4409 796 4464 sit
824 4409 947 4464 dciu
973 4408 1177 4464 iudicat
1207 4409 1394 4465 dicens
1423 4429 1435 4463 :
1478 4429 1496 4461 ι
1526 4410 1570 4462 Α
1606 4408 1744 4464 facie
1778 4411 1922 4465 enim
1957 4410 2182 4465 malitiae

613 4501 828 4558 ablatus
864 4509 949 4556 est
995 4501 1200 4572 justus.
1237 4519 1256 4554 ι
1311 4501 1446 4567 Quis
1487 4510 1666 4557 autem
1712 4519 1834 4558 eum
1871 4504 2178 4570 sustulerit,

612 4593 831 4648 noveris
884 4609 948 4648 ex
1007 4593 1127 4663 ipso
1183 4594 1443 4650 dicente:
1479 4592 1692 4650 «Nemo
1751 4596 1896 4650 tollit
1943 4597 2179 4651 animam

611 4701 786 4740 meam
832 4701 863 4740 a
911 4701 999 4740 me
1050 4686 1190 4756 ipso,
1246 4695 1300 4742 et
1342 4695 1668 4759 potestatem
1715 4689 1891 4745 habeo
1940 4689 2181 4760 ponendi

612 4791 754 4840 eam,
787 4785 838 4830 et
867 4785 1192 4848 potestatem
1232 4779 1408 4834 habeo
1436 4782 1631 4834 iterum
1664 4779 1916 4836 sumendi
1943 4795 2063 4835 eam
2085 4781 2129 4834 δ.
2154 4799 2173 4834 ›

612 4869 744 4925 Dein
777 4871 880 4924 ait:
907 4891 923 4921 ι
954 4869 1010 4925 In
1041 4887 1173 4942 pace
1212 4874 1490 4944 sepultura
1521 4874 1657 4944 ejus.
1685 4893 1704 4927 ι
1737 4873 1814 4928 Ex
1843 4890 1951 4945 quo
1983 4881 2185 4928 notan-

612 4964 762 5026 dum,
803 4963 950 5034 quod
997 4979 1106 5019 non
1137 4965 1297 5020 modo
1327 4975 1575 5030 mortem,
1607 4966 1699 5022 sed
1741 4974 1794 5022 et
1837 4966 2178 5036 sepulturam

611 5059 729 5126 ejus
750 5058 1062 5129 prophetica
1093 5058 1339 5130 designat
1365 5057 1670 5129 Scriptura,
1693 5059 1838 5114 unde
1865 5067 1918 5114 et
1949 5068 2177 5114 sanctus

609 5149 902 5217 Apostolus
949 5149 1014 5203 ad
1064 5149 1376 5206 Corinthios
1408 5151 1654 5208 scribens
1701 5133 1875 5207 dicit:
1908 5171 1926 5203 ι
1955 5149 2178 5206 Tradidi

608 5240 753 5295 enim
808 5241 963 5296 vobis
1025 5242 1079 5296 in
1129 5243 1322 5312 primis
1369 5243 1515 5314 quod
1569 5250 1620 5298 et
1660 5244 2174 5315 accepizquoniam

608 5322 862 5389 Christus
889 5345 1135 5391 mortuus
1154 5345 1236 5392 cst
1264 5352 1361 5407 pro
1382 5338 1622 5408 peccatis
1643 5337 2176 5412 nostris_secuudum

611 5424 942 5496 Scri'pturas,
993 5436 1046 5483 et
1084 5429 1211 5498 quia
1256 5431 1502 5500 sepultus
1542 5437 1626 5486 est
1644 5434 1684 5486 ⁸.
1718 5450 1737 5483 ι
1773 5430 1946 5500 Cujus
1993 5436 2176 5486 autem

612 5514 926 5589 Scriptum.
963 5521 1065 5575 nisi
1096 5536 1218 5591 qua:
1243 5521 1440 5576 dixerit
1467 5537 1480 5573 :
1513 5540 1532 5571 ι
1563 5521 1602 5574 Δ
1641 5520 1779 5577 facie
1827 5520 2050 5576 malitiae
2080 5536 2176 5590 po-

611 5609 722 5677 puli
753 5610 856 5665 mei
893 5611 1090 5668 ductus
1123 5620 1208 5668 est
1247 5610 1314 5666 ad
1356 5622 1612 5677 mortem,
1648 5621 1702 5668 et
1730 5613 1784 5668 in
1826 5629 1956 5685 pace
1990 5611 2177 5682 sepul-

609 5707 731 5754 tura
793 5701 964 5770 ejus?
1003 5723 1020 5754 ι
1072 5703 1190 5758 Non
1247 5704 1398 5762 solus
1455 5705 1748 5777 praedictus
1802 5706 1960 5762 nobis
1985 5705 2172 5776 justus

677 5861 693 5890 ¹
731 5856 889 5913 Joou.
923 5874 1033 5924 xu,
1069 5859 1159 5916 28.
1234 5865 1253 5894 ’
1287 5861 1430 5918 Psal.
1467 5879 1612 5930 xvii,
1648 5863 1737 5918 £5.

1816 5864 1834 5895 ⁸
1877 5864 1978 5919 lsa.
2015 5878 2153 5929 Lvu,
2193 5865 2307 5920 l4.

2799 3225 3194 3279 ΚΕΦΑΛΑῙΟΝ
3238 3223 3366 3277 KG'.

2371 3332 2391 3364 ι
2432 3313 2618 3376 Ἴδετε,
2663 3315 2738 3377 ὡς
2777 3317 2806 3368 ὁ
2833 3315 3037 3379 δίκαιος
3068 3315 3304 3385 αἴρεται,
3337 3311 3428 3364 καὶ
3458 3309 3613 3372 οὐδεὶς
3638 3307 3781 3374 ἐκδέχιι

2294 3423 2384 3460 ται
2404 3408 2469 3477 τῇ
2491 3405 2708 3478 καρδίᾳ,
2739 3408 2832 3460 καὶ
2851 3407 3040 3479 ἄνδρες
3061 3406 3258 3460 δίκαιοι
3285 3404 3538 3475 αἴρονται,
3563 3401 3640 3453 καὶ
3660 3398 3781 3458 0563i;

2295 3498 2577 3549 κατανοεῖ·
2607 3496 2715 3548 άπὸ
2731 3496 2839 3567 γὰρ
2856 3496 3147 3568 προσώπου
3173 3494 3386 3559 ἀδικίας
3413 3490 3562 3566 ἦρται
3576 3495 3600 3544 ὁ
3616 3491 3778 3550 δίκαιος,

2294 3587 2444 3641 ἔσται
2472 3588 2529 3642 ἐν
2553 3589 2744 3662 εἰρήνῃ
2765 3589 2798 3659 ἡ
2822 3588 2965 3660 ταφὴ
2996 3587 3180 3650 αὐτοῦ,
3208 3584 3375 3661 ἦρται
3396 3589 3458 3641 ἐκ
3475 3587 3619 3658 μέσου
3636 3601 3647 3616 ·
3670 3583 3779 3653 ὑμεῖς

2290 3678 2349 3731 δὲ
2379 3679 2756 3750 προσαγάγετε
2781 3673 2904 3742 ὧδε,
2927 3679 3031 3730 υἱοὶ
3055 3676 3269 3748 ἄνομοι,
3300 3677 3512 3748 σπέρμα
3537 3671 3696 3746 μοιχῶν
3714 3668 3777 3722 καὶ

2294 3772 2517 3843 πόρνης.
2563 3773 2652 3825 Ἐν
2686 3771 2790 3824 τίνι
2843 3771 3282 3840 ἐνετρυφήσατε;
3314 3771 3406 3823 καὶ
3444 3769 3526 3820 ἐπί
3562 3766 3658 3818 τίνα
3675 3759 3776 3831 ipsi-

2293 3860 2418 3926 ξατε
2465 3863 2525 3915 τὸ
2577 3863 2750 3932 στόμα
2785 3861 2978 3932 ὐμῶνς
3025 3861 3117 3914 καὶ
3149 3861 3242 3913 ἐπὶ
3285 3861 3403 3914 τίνα
3433 3857 3683 3928 ἐχαλάσατε
3711 3847 3776 3917 τὴν

2292 3954 2541 4023 γλῶσσαν
2598 3953 2789 4024 ὐμῶν;
2824 3954 2935 4022 Οὐχ
2998 3953 3154 4022 ὑμεῖς
3202 3953 3327 4005 ἐστε
3370 3951 3523 4003 τέκνα
3556 3941 3773 4000 ἀπωλείας.

2294 4047 2512 4118 σπέρμα
2551 4047 2788 4116 ἄνομονς
2821 4065 2839 4097 ι
2890 4047 2947 4098 ’0
2975 4045 3208 4115 Χριστὸς
3238 4044 3334 4097 τοῦ
3367 4040 3492 4097 Θεοῦ
3533 4039 3661 4110 μόνος
3692 4029 3773 4085 κατ’

2291 4139 2546 4209 ἀλήθειαν
2589 4137 2737 4208 παρὰ
2777 4137 2980 4200 πάντας
3007 4136 3132 4198 τοὺς
3169 4134 3388 4188 πώποτε
3420 4127 3771 4203 χρηματίσαντις

2288 4229 2528 4292 δικαίους
2560 4228 2800 4291 τοιοῦτος
2824 4226 3196 4280 ἀναδέδεικται
3214 4243 3227 4254 ⁸
3259 4225 3338 4279 διὸ
3364 4225 3452 4278 καὶ
3475 4219 3645 4290 κυρίως
3664 4211 3770 4283 μόνος

2289 4323 2354 4377 ἂν
2376 4323 2538 4388 αὐτὸς
2557 4321 2882 4394 χρηματίζοι
2911 4321 3136 4384 δίκαιος,
3160 4320 3302 4373 ὣστε
3336 4319 3459 4390 περὶ
3487 4311 3627 4370 αὑτοῦ
3649 4307 3768 4372 λέἵειν

2289 4417 2386 4488 τὴν
2434 4415 2800 4487 προφητείαν·
2843 4431 2862 4466 ι
2907 4413 3096 4475 Ἴδετε,
3143 4413 3218 4476 ὠς
3250 4413 3279 4464 ό
3309 4410 3500 4472 δίκαιος
3529 4405 3763 4488 αίρεταιξν

2290 4486 2395 4561 ἀπὸ
2418 4486 2562 4571 τίνος
2610 4506 2666 4559 δὲ
2695 4506 2929 4576 αἴρεται,
2986 4503 3236 4575 ἐπιφέρει
3274 4505 3332 4557 ἐν
3373 4501 3465 4574 τῷ’
3503 4519 3519 4550 ι
3563 4493 3666 4549 Ἀπὸ
3694 4486 3768 4558 γάρ

2286 4598 2576 4672 προσώπου
2628 4598 2836 4663 ἀδικίας
2882 4593 3046 4670 ἦρται
3091 4598 3119 4649 ό
3151 4596 3356 4660 δίκαιος
3380 4612 3392 4625 ’
3423 4614 3441 4646 ι
3476 4592 3548 4654 τίς
3587 4588 3632 4642 δὲ
3662 4579 3768 4672 καὶνό

2288 4671 2454 4765 αίρων
2481 4691 2642 4746 αὐτὸν
2673 4691 2836 4746 αὑτοῦ
2871 4690 3017 4743 ἐστιν
3047 4689 3275 4743 ἀκοῦσαι
3295 4688 3527 4756 λέγοντος
3546 4699 3559 4714 ο
3586 4699 3600 4731 ι
3636 4671 3766 4730 Οὐδεὶς

2287 4785 2432 4856 αἴρει
2459 4786 2558 4857 τὴν
2591 4783 2769 4855 ψυχήν
2801 4800 2900 4854 μου
2937 4783 3030 4836 ἀπ’
3059 4780 3192 4851 ἐμοῦ
3217 4798 3230 4812 ·
3265 4778 3500 4845 ἐξουσίαν
3537 4773 3622 4842 ἔχω

2288 4850 2478 4948 αὐτὴν,
2514 4850 2617 4930 καὶ.
2635 4850 3066 4937 πάλινῠέξουσίαν
3095 4850 3212 4941 ἔχω
3240 4871 3420 4925 λαϐεῖν
3443 4866 3606 4934 αὐτὴν.
3635 4879 3649 4911 I
3674 4850 3766 4908 εἶτά

2289 4987 2452 5042 φησιν
2479 4983 2493 4997 ⁸
2523 4987 2542 5020 ι
2591 4969 2679 5022 Ἑν
2707 4969 2899 5042 εἰρήνῃ
2924 4971 2957 5039 ὴ
2987 4966 3130 5038 ταφὴ
3154 4965 3339 5020 αὑτοῦ.
3373 4983 3390 5015 ι
3425 4959 3571 5015 Ἔνθα
3595 4965 3765 5042 σημειῴ

2285 5064 2428 5128 τέον,
2458 5065 2536 5117 ὅτι
2565 5063 2625 5117 οὐ
2659 5063 2819 5135 μόνον
2848 5063 2916 5114 τά
2951 5062 3079 5136 περὶ
3105 5059 3202 5114 τοῦ
3227 5059 3470 5118 θανάτου,
3497 5047 3610 5106 ἀλλὰ
3637 5036 3765 5136 καὶτὰ

2288 5157 2534 5229 περὶτῆς
2563 5133 2738 5228 ταφῆς
2765 5154 2930 5210 αὐτοῦ
2953 5156 2985 5226 ή
3016 5133 3326 5226 προφητικὴ
3353 5147 3576 5222 σημαίνει
3598 5133 3763 5229 Γραςίξ’

2286 5223 2520 5303 σθένω
2546 5249 2575 5301 ὁ
2604 5223 2745 5320 ίε-ρδς
2775 5223 3094 5311 Ἀπόστολος
3117 5223 3343 5318 γράφων
3359 5237 3626 5313 Κορινθίοις
3644 5223 3760 5320 Vt“.

2292 5361 2310 5394 ε
2349 5316 2788 5414 Παρέδωκαγὰρ
2820 5341 2948 5412 ὑμῖν
2979 5341 3037 5393 ἐν
3064 5316 3320 5412 πρώτοις,
3347 5337 3374 5390 δ
3396 5335 3481 5389 καὶ
3510 5316 3760 5414 παρέλαὸθνῖ

2284 5433 2366 5485 ὅτι
2390 5399 2622 5504 Χριστὸς
2652 5399 2921 5486 ἀπέθανεν
2948 5429 3088 5502 ὑπὲρ
3107 5399 3215 5485 τῶν
3235 5399 3496 5500 ἁμαρτιῶν
3519 5414 3646 5490 ἡμῶν
3662 5399 3758 5504 tu”?

2281 5524 2381 5588 τὰς
2427 5489 2677 5596 θραφάς,
2707 5526 2800 5578 καὶ
2839 5526 2921 5578 ὅτι
2968 5489 3162 5596 ἐτάφη.
3197 5543 3217 5576 ι
3247 5489 3402 5582 licia;
3439 5515 3490 5568 δὲ
3527 5489 3760 5596 ΓραφάςιΔῆ

2281 5615 2382 5678 τὰς
2401 5589 2730 5683 CFG-0X65“?
2761 5635 2778 5666 ι
2801 5616 2936 5671 Ἀπὸ
2955 5615 3064 5670 τῶν
3079 5589 3312 5688 ανομιῶν
3331 5612 3416 5667 τοῦ
3430 5605 3542 5662 λαοῦ
3569 5617 3647 5674 μου
3662 5589 3758 5688 ἤχθη

2283 5709 2362 5772 εἰς
2391 5706 2638 5770 θάνατον,
2673 5709 2766 5763 καὶ
2791 5709 2848 5763 ἐν
2874 5710 3062 5782 εἰρήνῃ
3091 5710 3124 5776 ἠ
3146 5684 3287 5780 ταφὴ
3305 5703 3487 5766 αὐτοῦς
3523 5717 3541 5751 ι
3565 5692 3625 5749 Οὐ
3645 5684 3758 5761 μόνος

2389 5866 2406 5895 ’⁵
2438 5865 2596 5919 Joan.
2627 5883 2699 5934 α,
2736 5867 2818 5922 18.
2897 5867 2918 5898 ⁸
2961 5865 2978 5920 Ι
3011 5864 3138 5921 Cor.
3176 5883 3263 5931 xv,
3301 5866 3361 5931 5,
3395 5862 3441 5914 ὁ.
