3974 6516
200 390 351 448 1253

1230 390 1522 447 εοιοωε
1562 386 2039 444 ΡΒΟΡΠΕΤΙΕᾸΞ.
2082 420 2151 431 —
2188 391 2318 447 LIB.
2361 390 2475 462 ΝΚ,

3318 392 3455 459 {est

195 507 257 560 δὲ
283 510 315 560 6
351 504 739 577 προειρημένος
768 507 897 576 ἡμῖν
926 505 1128 570 δίκαιος
1160 501 1323 579 ἦρται
1364 511 1428 562 ἐκ
1466 508 1629 580 μέσου
1671 509 1772 563 ἀδι-

1890 506 2101 565 ablatus
2130 520 2214 566 est
2288 512 2502 569 medeio
2529 513 2855 585 iniquitatis,
2908 516 3001 571 sed
3036 526 3089 573 et
3122 535 3141 568 ι
3171 519 3269 573 viri
3296 520 3457 589 justi,

197 597 355 660 κξας,
399 595 535 649 ἀλλά
580 597 671 649 καὶ
708 615 727 648 ι
778 596 966 668 ἄνδρες
1005 596 1223 663 δίκαιοι,
1264 616 1283 648 ι
1322 599 1507 669 φησιν,
1544 617 1561 648 ι
1600 599 1780 670 αἴρον-

193 706 316 751 ται,
358 707 376 741 ι
404 688 453 741 οἳ
487 688 580 742 καὶ
608 690 757 741 αὐτοὶ
784 683 891 741 εἷεν
917 688 982 742 ἂν
1015 690 1063 741 οἰ
1096 690 1230 759 ἱεροὶ
1261 690 1353 742 τοῦ
1382 689 1617 760 Χριστοῦ
1646 691 1780 743 ἀπό-

194 780 404 841 στολοι,
430 780 522 833 καὶ
558 781 609 831 οἱ
652 778 940 849 θαυμάσιοι
981 778 1141 831 αὐτοῦ
1172 781 1464 851 μάρτυρες,
1500 782 1547 833 οἱ
1580 783 1777 853 μετοχῇ

192 876 301 944 τῆς
354 873 520 927 αὐτοῦ
566 873 907 945 δικαιοσύνης
940 874 1141 927 δίκαιοι
1188 874 1280 926 καὶ
1324 875 1476 927 αὐτοὶ
1510 874 1782 946 χρηματίο

193 966 422 1031 ζοντεςο
478 965 682 1019 τούτων
738 967 779 1019 δ’
830 965 1253 1036 ἐπιτελουμένων
1316 966 1520 1029 οὐδεὶς,
1581 966 1779 1035 φησιν,

194 1061 419 1125 ἔϐλεπε,
451 1061 543 1113 καὶ
566 1061 741 1124 οὐδεὶς
766 1059 1030 1121 κατενόει,
1054 1059 1162 1111 τῶν
1185 1058 1586 1130 παχυνθέντων,
1617 1058 1776 1129 δῆλον

192 1152 239 1203 δ’
271 1153 356 1205 ὅτι
383 1153 482 1223 τὴν
507 1151 751 1222 καρδίαν,
773 1151 867 1203 καὶ
888 1150 995 1204 τῶν
1015 1150 1300 1221 μυσάντων
1324 1151 1448 1213 τοὺς
1472 1149 1781 1220 ὀφθαλμοὺς

189 1243 293 1296 τοῦ
331 1243 407 1313 μὴ
455 1243 688 1312 βλέπειν,
721 1242 856 1313 πρὸς
910 1240 1003 1304 οὓς
1032 1242 1099 1294 τὰ
1142 1241 1271 1311 ἑξῆς
1307 1240 1405 1310 τῆς
1442 1242 1777 1311 προφητείας

190 1334 438 1404 λέγεται,
470 1336 537 1389 τὰ
569 1336 673 1389 ἀπὸ
706 1333 817 1388 τοῦ·
856 1353 873 1385 ι
926 1332 1116 1404 Ὑμεῖς
1142 1334 1196 1386 δὲ
1241 1334 1620 1405 προσαγάγετε
1654 1326 1777 1399 ὧδε,

190 1429 303 1481 υἱοὶ
328 1428 542 1499 ἄνομοι,
574 1427 795 1499 σπέρμα
828 1425 1029 1497 μοιχῶν
1054 1427 1147 1479 καὶ
1182 1427 1404 1497 πόρνης.
1444 1444 1462 1476 ι

613 1540 678 1611 (ί.
716 1540 801 1607 59)
838 1539 1230 1592 ΚΕΦΑΛΑῘΟΝ
1272 1540 1359 1591 A'.

271 1652 291 1684 ι
314 1632 429 1686 Kal.
445 1631 838 1702 φοϐηθήσονται
860 1632 907 1682 οἰ
931 1629 1035 1683 ἀπὸ
1056 1628 1272 1700 δυσμῶν
1287 1629 1347 1682 τὸ
1367 1628 1537 1698 ὄνομα
1550 1627 1778 1700 Κυρίου,

188 1722 289 1775 καὶ
334 1723 386 1775 οἰ
414 1723 505 1774 ἀπ’
539 1720 812 1774 ἀνατολῶν
837 1720 985 1793 ἡλίου
1023 1720 1084 1773 τὸ
1114 1720 1285 1789 ὄνομα
1308 1719 1368 1771 τὸ
1398 1717 1633 1783 ἔνδοξον·
1659 1718 1779 1789 ἥξει

188 1815 303 1887 γὰρ
337 1815 415 1877 ὡς
460 1813 699 1884 ποταμὸς
736 1812 907 1883 βίαιος
935 1814 968 1885 ἡ
996 1812 1132 1883 ὀργὴ
1176 1811 1324 1882 παρὰ
1359 1811 1566 1882 Κυρίου
1588 1852 1601 1874 ,
1656 1809 1777 1881 ἥξει

1884 606 1980 667 ait,
2022 604 2366 668 auferuntur,
2400 624 2421 658 ι
2472 609 2567 677 qui
2618 615 2672 663 et
2722 609 2827 679 ipsi
2878 617 3007 663 sunt
3046 612 3221 665 sancti
3253 608 3459 667 Chrisli

1884 698 2139 767 apostoli,
2173 699 2557 770 mirabilesque
2604 700 2723 769 ejus
2758 708 3045 772 martyres,
3097 704 3188 773 qui
3236 704 3461 771 justitize

1884 788 2004 856 ejus
2034 774 2449 858 participatione
2481 800 2533 846 et
2572 791 2675 861 ipsi
2700 791 2835 860 justi
2867 791 3041 846 eil‘ecti
3077 801 3222 851 sunt.
3254 792 3459 848 liorum

1882 894 2011 933 vero
2047 879 2411 948 perfectorum
2456 882 2661 945 nullus,
2698 884 2793 947 ait,
2839 882 2995 947 vidit,
3033 886 3325 955 nullusque
3367 901 3457 942 re-

1884 972 2093 1041 putavit
2146 982 2369 1043 propter
2414 974 2599 1029 cordis
2651 977 3097 1039 crassitudinem,
3139 979 3458 1033 oculorum-

1884 1080 1989 1133 que
2018 1063 2306 1119 obductam
2348 1065 2653 1135 caliginem,
2692 1067 2757 1121 ad
2794 1084 2934 1137 quos
2962 1070 3171 1139 reliqua
3210 1078 3459 1139 spectant

1884 1155 2202 1224 prophetia),
2245 1141 2455 1209 scilicet
2477 1155 2544 1210 ab
2577 1155 2661 1211 his
2697 1154 2880 1213 verbis
2910 1177 2922 1213 :
2956 1178 2974 1209 ι
3006 1158 3115 1215 Vos
3150 1170 3333 1216 autem
3364 1177 3458 1217 ac-

1884 1245 2057 1298 cedite
2082 1245 2205 1311 huc,
2234 1246 2327 1300 ﬁlii
2358 1248 2742 1316 auguratricis,
2782 1264 2966 1304 semen
3003 1251 3235 1307 adulteri
3263 1263 3318 1309 et
3352 1253 3460 1308 for-

1884 1353 2124 1392 tttcartm.
2158 1356 2177 1389 ι

2450 1532 2681 1588 CAPUT
2722 1533 2889 1591 XXX.

1960 1642 1980 1675 ι
2014 1621 2079 1676 Et
2109 1622 2411 1689 timebunt,
2447 1626 2540 1696 qui
2574 1625 2643 1679 ab
2672 1626 2960 1681 occidente
2983 1668 2998 1692 ,
3036 1645 3239 1685 nomen
3276 1628 3459 1687 Domi-

1885 1716 1973 1781 ni,
2006 1725 2059 1771 et
2094 1718 2184 1787 qui
2216 1718 2284 1772 ab
2306 1726 2427 1772 ortu
2460 1718 2631 1782 solis,
2662 1720 2892 1790 gloriam
2922 1720 3061 1787 ejus.
3088 1719 3287 1779 Veniet
3313 1727 3458 1781 enim

1886 1810 2044 1880 quasi
2096 1810 2293 1865 ﬂuvius
2348 1812 2622 1868 violentus
2673 1814 2754 1867 ira
2806 1812 3056 1877 Domini,
3102 1816 3284 1871 veniet
3332 1832 3457 1871 cum

191 1878 337 1975 μετᾶ
375 1904 568 1975 θυμοῦ.
603 1878 746 1957 ’Καὶν
769 1902 887 1974 ἥξει
916 1878 1266 1955 ἕνεκεν-Σιὼν
1291 1903 1319 1954 6
1352 1878 1643 1973 ῥυόμενος,
1680 1878 1772 1951 καὶ

1883 1878 2185 1960 iracundia.
2233 1903 2299 1957 Et
2350 1905 2532 1960 Veniet
2584 1904 2716 1960 Sion
2755 1906 3088 1976 redemptor,
3139 1916 3193 1963 et
3239 1909 3320 1964 eis
3362 1910 3459 1981 qui

185 1996 527 2067 ἀποστρέψει
574 1996 825 2060 ἀσεϐείας
854 1996 961 2049 ἀπὸ
992 1992 1206 2061 Ἰακὼϐ,
1250 1989 1369 2046 εἶπε
1409 1991 1632 2064 Κύριος.
1665 1990 1774 2043 Καὶ

186 2087 331 2158 αῦτη
353 2090 537 2152 αὐτοῖς
566 2091 599 2160 ή
623 2090 750 2160 παρ’
774 2088 906 2159 ἐμοῦ
927 2086 1180 2158 διαθήκη*
1204 2086 1276 2139 Τὸ
1292 2084 1515 2155 Πνεῦμα
1536 2083 1595 2137 τὸ
1618 2083 1772 2154 ἐμὸν,

185 2184 213 2234 6
239 2185 394 2237 ἐστιν
416 2184 509 2236 ἐπὶ
543 2184 643 2247 σοὶ,
672 2182 851 2237 καὶτὰ
876 2182 1094 2253 ῥήματα
1113 2221 1126 2243 ,
1150 2179 1184 2234 ἀ
1213 2178 1390 2232 ἔδωκα
1416 2180 1493 2241 εἰς
1515 2177 1574 2229 τὸ
1600 2177 1774 2246 στόμα

189 2294 285 2330 σου
304 2317 318 2339 ,
355 2276 416 2328 οὐ
452 2275 524 2347 μὴ
557 2275 783 2349 ἐκλείπῃ
813 2275 877 2326 ἐκ
908 2272 999 2326 τοῦ
1025 2270 1293 2342 στόματός
1323 2287 1415 2323 σου
1437 2309 1451 2333 ,
1476 2269 1568 2321 καὶ
1590 2270 1654 2321 ἐκ
1680 2266 1773 2320 τοῦ

189 2369 463 2439 στόματος
496 2367 589 2421 τοῦ
626 2366 934 2439 σπέρματός
966 2383 1057 2418 σου
1083 2405 1097 2426 ,
1121 2358 1241 2417 εἷπε
1273 2360 1477 2432 Κύριος
1498 2400 1511 2422 ,
1541 2359 1648 2413 ἀπὸ
1680 2358 1773 2411 τοῦ

185 2461 284 2515 νῦν
316 2462 413 2514 καὶ
459 2462 537 2524 εἰς
568 2459 659 2512 τὸν
688 2458 877 2513 αἰῶνα.
899 2477 918 2510 ι
980 2456 1145 2511 Πάλιν
1175 2456 1242 2509 τά
1274 2455 1372 2525 τῆς
1400 2453 1646 2523 κλήσεως
1673 2452 1777 2521 τῆς

185 2554 278 2608 διὰ
308 2554 406 2607 τοῦ
428 2551 677 2623 Σωτῆρος
698 2550 853 2622 ἡμῶν
876 2550 1150 2619 συστάσης
1172 2548 1229 2613 ἐξ
1252 2545 1419 2599 ἐθνῶν
1446 2543 1774 2613 Ἐκκλησίας

187 2645 285 2696 καὶ
314 2642 405 2695 διὰ
433 2639 636 2693 τούτων
663 2640 692 2692 6
716 2636 874 2707 λόγος
909 2636 1258 2709 προφητεύει.
1307 2634 1463 2697 Τίνες
1492 2633 1600 2703 γάρ
1628 2633 1774 2687 ἄλλοι

188 2731 299 2787 εἶεν
324 2734 376 2786 οἱ
405 2731 684 2802 λεγόμενοι
719 2750 737 2781 ι
767 2729 875 2783 ἀπὸ
899 2728 1116 2800 δυσμῶν
1138 2770 1152 2794 ,
1180 2748 1197 2779 ι
1234 2728 1266 2798 ἢ
1292 2726 1378 2779 διὰ
1410 2725 1553 2790 τίνος
1580 2724 1778 2795 ἐφοϐή-

188 2823 368 2895 θησαν
408 2821 468 2873 τὸ
505 2821 674 2891 ὄνομα
707 2818 913 2889 Κυρίου
941 2818 1012 2871 τὰ
1044 2817 1357 2872 παντοδαπά
1395 2816 1520 2886 ἔθνη
1546 2854 1560 2878 ,
1588 2813 1657 2867 τά
1688 2813 1778 2867 διὰ

183 2914 290 2983 τῆς
330 2912 506 2983 Ἰησοῦ
539 2909 881 2973 διδασκαλίας
911 2908 1307 2979 καταλείψαντα
1338 2908 1433 2979 μὲν
1454 2906 1550 2978 τὴν
1579 2906 1775 2977 προτέ-

190 3024 294 3078 ραν
356 3002 450 3057 τοῦ
484 3002 623 3058 κατά
655 3003 753 3074 τὴν
788 3002 1009 3072 ἄγνοιαν
1044 3002 1268 3063 σκότους
1302 2999 1508 3069 πλάνην
1532 3039 1546 3063 ,
1582 2999 1674 3050 ἐπὶ¹
1720 2996 1776 3049 δὲ

187 3101 280 3153 τὸν
300 3098 411 3151 τῶν
430 3097 564 3151 ὅλων
587 3096 718 3149 Θεὸν
742 3093 1218 3163 καταπεφευγότα;
1246 3092 1341 3155 Τίς
1357 3091 1401 3143 δ’
1419 3093 1447 3144 6
1474 3088 1624 3161 ἥξειν
1651 3107 1777 3163 προ-

1879 1995 2109 2050 redeunt
2156 1989 2236 2050 δι)
2286 1996 2577 2066 iniquitate
2632 1996 2690 2050 in
2738 1995 2909 2051 Jacob
2966 1999 3100 2052 dicit
3153 1998 3454 2057 Dominus:

1877 2086 1993 2141 Hoc
2033 2086 2212 2142 fmdus
2244 2102 2426 2142 meum
2455 2102 2580 2142 cum
2618 2088 2733 2154 eis,
2773 2088 2907 2144 dicit
2945 2088 3244 2147 Dominus:
3284 2091 3461 2164 Spiri-

1877 2190 1965 2237 tus
1998 2197 2186 2247 meus,
2216 2181 2308 2251 qui
2340 2188 2424 2236 est
2455 2182 2510 2237 in
2541 2188 2595 2238 te
2618 2223 2634 2247 ,
2693 2190 2749 2238 et
2809 2184 2972 2238 verba
3010 2200 3129 2239 mea
3151 2227 3165 2249 ,
3201 2201 3323 2256 quae
3356 2201 3457 2257 po-

1878 2273 1963 2329 sui
1998 2276 2051 2327 in
2081 2288 2175 2328 ore
2219 2280 2335 2336 tuo,
2365 2290 2473 2329 non
2520 2273 2774 2329 recedent
2809 2273 2875 2329 de
2891 2290 2985 2329 ore
3012 2283 3126 2341 tuo,
3162 2286 3217 2331 et
3254 2277 3321 2331 de
3361 2292 3458 2331 ore

1878 2363 2101 2419 seminis
2129 2363 2246 2429 tui,
2279 2371 2333 2418 et
2378 2363 2444 2420 de
2469 2380 2563 2420 ore
2624 2363 2849 2420 seminis
2886 2364 3114 2420 seminis
3161 2366 3277 2431 tui,
3324 2366 3457 2421 dicit

1878 2457 2182 2521 Dominus,
2238 2458 2434 2512 amodo
2485 2465 2539 2513 et
2592 2475 2767 2528 usque
2804 2461 2861 2513 in
2901 2460 3299 2530 sempiternum
3338 2460 3378 2515 ⁸.
3427 2478 3447 2510 ι

1880 2548 2093 2605 Rursus
2142 2550 2209 2605 de
2263 2551 2503 2621 gentium
2560 2551 2865 2616 electione,
2905 2551 2988 2607 vel
3029 2550 3305 2619 Ecclesia,
3357 2567 3457 2622 per

1880 2640 2220 2696 Salvatorem
2256 2649 2503 2696 nostrum
2548 2642 2904 2713 propheticus
2926 2644 3220 2697 annuntiat
3250 2658 3452 2699 sermo.

1876 2731 2112 2798 Quinam
2153 2732 2301 2787 enim
2346 2733 2436 2786 alii
2487 2741 2673 2787 essent
2702 2734 2795 2803 qui
2832 2733 2921 2787 hic
2954 2752 2973 2784 ι
3010 2734 3077 2788 ab
3116 2733 3398 2789 occidente
3430 2755 3449 2786 ι

1877 2832 2163 2890 vocantur,
2214 2826 2300 2880 vel
2350 2826 2704 2895 quamobrem
2758 2840 2957 2880 nomen
2993 2826 3207 2880 Domini
3252 2826 3453 2882 timue-

1878 2918 1988 2969 rint
2020 2917 2202 2971 omnis
2238 2919 2456 2987 generis
2489 2926 2680 2988 gentes
2701 2957 2715 2982 ,
2748 2933 2869 2988 qua:
2896 2915 3025 2972 Jesu
3056 2917 3308 2971 doctrina
3340 2917 3456 2988 pri-

1878 3010 2081 3066 stinum
2144 3025 2431 3073 errorem,
2499 3026 2718 3080 suaeque
2781 3010 3105 3081 ignorantiae
3162 3009 3453 3079 caliginem

1877 3103 2152 3172 reliquere
2176 3112 2342 3171 atque
2375 3101 2443 3156 ad
2472 3103 2716 3156 omnium
2754 3102 2921 3157 Deum
2960 3102 3300 3173 confugere?
3329 3103 3453 3173 quis

187 3192 564 3263 φητευόμενος
582 3191 645 3241 ἐκ
668 3187 827 3251 Σιὼν,
859 3187 1150 3272 ῥυσόμενος
1177 3185 1268 3238 καὶ
1291 3182 1647 3255 ἀποστρέψων
1672 3182 1772 3253 τῆς

1879 3204 2058 3248 autem
2109 3203 2377 3251 venturus
2422 3209 2545 3249 esse
2584 3193 2995 3264 prophetizatus
3029 3194 3097 3249 de
3135 3192 3306 3258 Sion,
3357 3193 3453 3264 qui

189 3284 466 3355 προτέρας
495 3280 745 3344 ἀσεϐείας
768 3280 856 3333 τὸν
898 3278 1089 3332 Ἰακὼϐ
1109 3318 1123 3342 ,
1152 3278 1185 3349 ἦ
1212 3279 1240 3330 6
1271 3277 1439 3331 σῶσαι
1468 3275 1772 3347 παραγενό-

1879 3284 2170 3339 redimeret
2197 3292 2251 3339 et
2284 3300 2312 3338 a
2350 3285 2584 3354 pristina
2617 3284 2908 3353 iniquitate
2937 3284 3227 3340 reduceret
3256 3284 3449 3349 Jacob,

190 3393 355 3447 μενος
377 3375 446 3427 τὰ
471 3373 781 3427 ἀπολωλότα
807 3372 899 3425 καὶ
920 3373 975 3423 ἐν
998 3368 1221 3439 ἀσεϐείᾳ
1240 3368 1499 3437 γεγονότα
1521 3367 1771 3437 πρόϐατα

186 3470 342 3521 οἴκου
387 3464 636 3537 Ἰσραὴλ,
678 3461 758 3527 οἷς
803 3462 1151 3534 διαθήσεσθαί
1200 3478 1331 3529 φησι
1362 3460 1423 3512 τὸ
1457 3461 1515 3513 ἐν
1554 3458 1773 3530 Χριστῷ

184 3561 416 3629 Πνεῦμα
438 3558 530 3612 τοῦ
557 3556 691 3611 Θεοῦ
732 3558 947 3629 ῥήματα
978 3556 1077 3625 τῆς
1104 3554 1321 3608 αἰωνίου
1355 3551 1530 3621 ζωῆς,
1565 3549 1601 3604 ἂ
1622 3550 1776 3603 δέδω-

187 3672 283 3707 κεν
306 3653 336 3704 6
363 3654 551 3724 Πατὴρ
576 3654 655 3715 εἰς
679 3652 739 3705 τὸ
774 3650 867 3703 τοῦ
891 3648 1021 3702 Υίοῦ
1053 3647 1227 3717 στόμα
1245 3664 1258 3676 ο
1287 3646 1322 3701 δι
1354 3644 1444 3698 καί
1472 3660 1604 3712 φησι
1631 3643 1770 3714 μήτε

188 3746 246 3813 ἐξ
289 3745 454 3799 αὐτοῦ
474 3785 488 3808 ,
528 3746 662 3815 μήτε
693 3742 800 3814 μὴν
832 3744 895 3795 ἐκ
928 3740 1021 3794 τοῦ
1050 3740 1313 3811 στόματος
1336 3737 1428 3791 τοῦ
1462 3739 1774 3808 σπέρματος

183 3838 355 3894 αὑτοῦ
384 3837 674 3907 διαλείψειν
708 3836 816 3889 ἀπὸ
848 3834 941 3888 τοῦ
971 3835 1063 3887 νῦν
1094 3834 1187 3886 καὶ
1219 3833 1299 3896 εἰς
1326 3832 1417 3885 τὸν
1450 3829 1618 3886 αἰῶνα
1645 3830 1772 3900 χρό-

184 3950 276 3986 νον
300 3948 315 3997 ;
349 3930 533 3984 Ταῦτα
562 3931 606 3983 δ’
632 3930 697 3983 ἂν
732 3929 815 4000 εἴη
844 3928 913 3981 τὰ
942 3930 1162 4001 ῥήματα
1190 3925 1281 3980 τοῦ
1309 3926 1642 3995 Εὐαγγελίου
1671 3927 1772 3999 τῆς

184 4026 400 4095 Καινῆς
432 4022 723 4095 Διαθήκης,
749 4022 806 4085 ἃ,
842 4021 1015 4074 καίτοι
1048 4020 1313 4074 τοσούτων
1350 4020 1769 4074 ἐπιϐουλευσάν-

183 4136 295 4171 των
330 4134 390 4169 τε
425 4115 590 4169 πάλαι
624 4117 717 4169 καὶ
743 4115 822 4167 ἔτι
850 4114 942 4167 νῦν
976 4113 1431 4167 ἐπιϐουλευόντων
1455 4114 1638 4177 αὐτοῖς
1664 4154 1678 4177 ,
1706 4115 1767 4166 οὐ

182 4211 471 4273 διέλειπεν,
503 4208 623 4262 οὒδέ
650 4208 753 4280 μὴν
783 4208 1047 4277 ἐπιλείψει
1072 4209 1133 4260 ἐκ
1161 4207 1254 4260 τοῦ
1284 4207 1548 4278 στόματος
1578 4208 1677 4279 τῆς
1704 4209 1769 4261 ἐκ

182 4304 279 4356 τοῦ
303 4301 521 4371 λογικοῦ
543 4303 635 4355 καὶ
654 4300 843 4373 νοητοῦ
875 4300 1185 4372 σπέρματος
1203 4298 1297 4352 τοῦ
1319 4298 1554 4371 Χριστοῦ
1580 4301 1769 4354 συστά-

186 4412 289 4467 σης
337 4395 661 4465 Ἐκκλησίας
682 4411 695 4425 ’
738 4390 856 4447 εἷπε
892 4394 1002 4466 γὰρ
1032 4394 1232 4464 Κύριος
1259 4393 1353 4446 καὶ
1384 4392 1767 4462 ἀποπέφανται

181 4488 280 4542 τοῦ
308 4488 383 4559 μὴ
410 4487 709 4557 ἐξαλείφειν
735 4486 872 4539 αὑτά
905 4486 1012 4539 ἀπὸ
1041 4486 1133 4538 τοῦ
1168 4484 1260 4541 νῦν
1283 4486 1377 4538 καὶ
1406 4487 1485 4549 εἰς
1512 4485 1602 4539 τὸν
1634 4486 1766 4540 αίῶ-

1876 3378 1959 3432 vel
1993 3377 2383 3447 superveniens
2413 3377 2653 3446 perditas
2686 3376 2923 3430 salvaret
2957 3386 3119 3445 atque
3163 3377 3218 3429 in
3262 3379 3455 3446 impie.

1877 3478 1985 3524 tate
2018 3470 2338 3538 provolutas
2374 3484 2503 3523 oves
2534 3469 2730 3525 domus
2770 3469 2937 3523 israel
2960 3509 2975 3533 ,
3012 3469 3211 3539 quibus
3244 3470 3453 3525 consti-

1877 3569 2123 3615 tuturum
2159 3576 2217 3615 se
2253 3561 2307 3614 in
2333 3560 2552 3615 Christo
2578 3558 2816 3628 Spiritus
2844 3557 2936 3615 Dei
2969 3560 3258 3630 pollicetur
3286 3560 3452 3615 verba

1877 3654 1999 3708 vita:
2058 3660 2276 3708 aeterna:
2304 3692 2319 3717 ,
2353 3668 2474 3723 quae
2515 3651 2664 3707 dedit
2698 3651 2860 3707 Pater
2899 3652 2952 3706 in
2996 3668 3091 3707 ore
3122 3650 3288 3719 Filii;
3331 3668 3454 3723 quas

1874 3754 1928 3802 et
1957 3746 2088 3801 dicit
2119 3761 2296 3816 neque
2335 3746 2403 3801 de
2441 3761 2536 3800 ore
2578 3746 2699 3814 ejus
2720 3786 2734 3807 ,
2781 3761 2959 3815 neque
2993 3745 3059 3800 de
3090 3760 3187 3799 ore
3221 3745 3451 3800 seminis

1873 3840 1993 3907 ejus
2036 3854 2313 3908 nunquam
2347 3853 2635 3893 recessura
2675 3838 2872 3893 amodo
2898 3846 2953 3895 et
3004 3854 3177 3910 usque
3211 3840 3264 3893 in
3308 3855 3453 3895 sem-

1874 3932 2196 4002 piternum?
2252 3930 2378 3985 Haec
2437 3931 2657 4002 quidem
2710 3939 2895 3987 essent
2945 3932 3111 3986 verba
3171 3931 3449 4001 Evangelii

1872 4025 2010 4081 Novi
2042 4025 2411 4088 Testamenti,
2446 4042 2600 4097 quae,
2639 4026 2741 4082 etsi
2796 4033 2877 4080 tot
2909 4026 2991 4081 eis
3031 4027 3159 4081 olim
3205 4026 3451 4082 insidiati

1873 4122 1981 4176 sint
2011 4130 2065 4176 et
2095 4136 2243 4175 nunc
2274 4136 2448 4191 usque
2487 4120 2847 4185 insidientur,
2880 4136 3162 4191 nunquam
3193 4119 3450 4175 deficient

1870 4228 2048 4282 neque
2114 4212 2370 4267 recedent
2424 4212 2491 4266 de
2538 4226 2633 4266 ore
2698 4211 2981 4267 rationalis
3040 4211 3451 4280 spiritualisque

1872 4304 2100 4359 seminis
2129 4302 2331 4358 Christi
2376 4301 2656 4357 Ecclesiae.
2709 4300 2856 4355 Dixit
2884 4303 3029 4355 enim
3089 4299 3350 4355 Dominus
3392 4306 3450 4353 et

1871 4397 2187 4467 praedicavit
2213 4411 2277 4451 ea
2309 4410 2420 4449 non
2451 4393 2733 4450 defectura
2766 4410 2833 4450 ex
2869 4394 2973 4449 hoc
3003 4408 3151 4449 nunc
3189 4400 3243 4447 et
3272 4402 3449 4461 usque

1870 4490 1926 4544 in
1980 4488 2259 4543 saeculum.
2312 4486 2547 4558 Ideoque
2590 4487 2749 4557 juxta
2789 4486 3051 4541 Joannem
3107 4504 3126 4535 ι
3180 4492 3445 4539 aeternum

182 4598 275 4634 ναο
306 4558 386 4633 διδ
414 4581 507 4633 καὶ
535 4579 676 4633 κατά
699 4579 789 4631 τὸν
816 4579 1067 4647 Ἰωάννην
1099 4596 1117 4629 ι
1142 4577 1356 4632 αἰώνιον
1381 4578 1713 4647 Εὐαγγέλιον
1741 4600 1759 4632 ι

1879 4580 2226 4652 Evangelium
2275 4580 2452 4636 visum
2507 4589 2591 4635 est
2644 4582 2732 4646 ’,ι
2767 4578 2969 4634 Christi
3022 4576 3231 4631 scilicet
3275 4573 3447 4629 Evan-

179 4673 380 4744 ὁρᾶται
407 4672 468 4724 τὸ
494 4672 587 4725 τοῦ
621 4671 857 4743 Χριστοῦ
889 4670 1237 4738 Εὑαγγέλιον.

692 4764 1087 4818 ΚΕΦΑᾹᾹΙΟΝ
1142 4764 1270 4816 AA’.

262 4875 282 4910 ι
306 4855 528 4927 Πνεῦμα
554 4856 758 4928 Κυρίου
786 4856 869 4907 ἐπ’
901 4854 1021 4926 ἐμὲ,
1052 4846 1112 4906 οὗ
1138 4854 1322 4907 ἕνεκεν
1349 4853 1532 4925 ἔχρισέ
1561 4872 1625 4925 με
1646 4872 1660 4885 ’
1697 4856 1764 4924 Χ

183 4948 391 5022 Κύριος
427 4946 876 5017 εὐαγγελίσασθαι
899 4950 1129 5017 πτωχοῖς
1155 4946 1461 5000 ἀπέσταλκὲ
1488 4964 1553 5018 με
1570 4987 1584 5010 ,
1612 4947 1766 5001 ἰάσα-

187 5041 312 5096 σθαι
356 5042 483 5105 τοὺς
536 5041 1025 5114 συντετριμμένους
1062 5040 1159 5111 τὴν
1206 5040 1462 5111 καρδίαν,
1527 5040 1763 5113 κηρύξαι

184 5136 550 5209 αἰχμαλώτοις
574 5137 786 5205 ἄφεσιν,
820 5135 913 5188 καὶ
941 5133 1159 5203 τυφλοῖς
1190 5132 1501 5202 ἀνάϐλεψιν,
1537 5135 1761 5188 καλέσαι

173 5228 429 5291 ἐνιαυτὸν
450 5229 653 5300 Κυρίου
670 5227 875 5292 δεκτὸν,
904 5228 1000 5281 καὶ
1026 5227 1239 5299 ἡμέραν
1259 5226 1663 5289 ἀνταποδόσεως
1694 5230 1761 5298 ζ(

194 5320 265 5392 τῷ
283 5319 404 5391 Θεῷ
423 5322 455 5392 ἡ
464 5319 578 5392 μῶν
596 5337 609 5351 ·
641 5320 1017 5392 παρακαλέσαι
1039 5319 1244 5382 πάντας
1268 5320 1391 5383 τοὺς
1412 5318 1762 5386 πενθοῦντας,

186 5412 404 5485 δοθῆναι
424 5416 533 5476 τοῖς
556 5411 807 5466 πενθοῦσι
835 5411 975 5464 Σιὼν
998 5414 1154 5480 δόξαν
1177 5412 1297 5465 ἀντί⁵
1327 5412 1545 5477 σποδοῦ,
1577 5414 1765 5485 ἀλειμ-

185 5523 265 5576 μα
290 5504 625 5578 εὐφροσύνης
646 5509 756 5569 τοῖς
789 5505 1060 5570 πενθοῦσι,
1096 5505 1426 5577 καταστολὴν
1452 5506 1607 5579 δόξης
1640 5509 1761 5563 ἀντὶ

190 5596 491 5666 πνεύματος
515 5597 786 5669 ιάκηδίας’
831 5598 926 5651 καὶ
959 5597 1317 5669 κληθήσονται
1349 5599 1532 5667 γενεαὶ
1560 5598 1760 5655 δικαιο-

187 5685 371 5758 σύνης,
408 5687 659 5759 φύτευμα
692 5690 894 5761 Κυρίου
920 5691 997 5753 εἰς
1023 5689 1195 5756 δόξαν.
1230 5710 1247 5742 ι
1292 5693 1349 5742 '0
1383 5693 1445 5745 ἐκ
1476 5690 1575 5762 τῆς
1606 5692 1760 5763 ῥίζης

258 5844 276 5874 ⁸
318 5840 420 5901 lla.
457 5858 585 5908 ιιι,
626 5844 807 5899 ιο-ειι.
887 5847 903 5877 ¹
945 5846 1112 5921 Aput.
1150 5864 1259 5912 Juv,
1297 5847 1347 5902 6.

1872 4672 2090 4743 gelium.

2416 4762 2647 4819 CAPUT
2689 4760 2881 4817 XXXI.

1950 4878 1967 4910 ι
2002 4857 2242 4928 Spiritus
2288 4856 2505 4912 Domini
2553 4872 2720 4927 super
2764 4870 2886 4919 me,
2934 4868 3001 4910 eo
3038 4850 3185 4924 quod
3226 4849 3447 4907 unxerit

1870 4950 2135 5007 Dominus
2189 4966 2316 5006 me:
2371 4950 2438 5005 ad
2490 4946 2927 5005 annuntiandum
2976 4944 3244 5001 mendicis
3296 4941 3447 4997 misit

1872 5060 1990 5111 me,
2035 5050 2095 5097 ut
2140 5043 2391 5099 mederer
2436 5042 2690 5097 contritis
2735 5039 2935 5105 corde,
2984 5047 3038 5093 et
3089 5035 3444 5107 prazdicarem

1869 5136 2099 5207 captivis
2140 5135 2568 5207 indulgentiam,
2606 5141 2661 5189 et
2701 5132 2909 5187 clausis
2954 5129 3337 5200 apertionem;
3384 5132 3445 5177 ut

1870 5229 2224 5299 pra-dicarem
2273 5243 2477 5281 annum
2526 5223 2847 5297 placabilem
2898 5220 3168 5285 Domino,
3215 5226 3270 5275 et
3299 5217 3441 5272 diem

1869 5320 2097 5375 ultionis
2138 5318 2249 5373 Deo
2294 5325 2517 5384 nostro;
2559 5324 2621 5371 ut
2660 5315 2977 5370 consolarer
3020 5322 3211 5368 omnes
3256 5310 3446 5381 lugeno

1869 5419 1991 5477 tes;
2022 5420 2084 5466 ut
2112 5426 2368 5483 ponerem
2401 5409 2715 5481 lugentibus
2746 5406 2878 5463 Sion
2918 5414 2973 5463 et
3003 5406 3190 5461 darem
3233 5404 3314 5459 eis
3352 5416 3447 5457 co-

1870 5520 2061 5559 ronam
2093 5520 2193 5575 pro
2222 5505 2442 5569 cinere,
2490 5504 2672 5558 oleum
2720 5500 2903 5571 gaudii
2946 5514 3046 5572 pro
3092 5499 3280 5559 luctu,
3324 5495 3443 5565 pal-

1868 5599 2000 5655 lium
2033 5599 2210 5656 laudis
2239 5615 2338 5670 pro
2366 5599 2565 5670 spiritu
2600 5597 2893 5652 maeroris:
2928 5600 2983 5650 et
3012 5593 3355 5649 vocabuntur
3382 5591 3441 5645 in

1867 5707 1931 5748 ea
1966 5691 2136 5751 fortes
2159 5692 2390 5764 justitiaa
2410 5733 2425 5763 ,
2458 5689 2726 5763 plantatio
2758 5688 2975 5745 Domini
3008 5687 3076 5744 ad
3118 5684 3444 5758 gloriﬁcan-
