3974 6498
589 393 726 446 1255

1275 389 1540 446 EUSEBII
1579 386 2054 443 CIESARIENSIS
2090 385 2238 441 OPP.
2282 383 2459 438 PARS
2496 382 2582 438 Ill.
2615 414 2669 424 —
2726 383 3132 442 EXEGETICA.

3669 393 3784 446 {355

581 506 712 563 dum
747 507 784 562 '.
818 526 837 559 ι
870 506 969 573 Qui
1000 505 1066 560 de
1095 504 1275 559 radice
1305 504 1460 560 Jesse
1483 517 1636 560 ortus
1667 515 1749 560 est
1779 503 1938 560 Jesus
1970 503 2120 559 Chri-

2248 501 2438 553 Ἰεσσαὶ
2479 487 2753 571 προελθὼν
2801 500 3006 571 Ἰησοῦς
3057 502 3086 553 6
3119 499 3351 573 Χριστὸς
3381 500 3479 555 τοῦ
3510 502 3647 555 Θεοῦ
3671 543 3685 566 ,
3712 508 3783 573 ἐφ’

584 609 702 654 stus
743 597 868 660 Dci,
903 603 954 650 in
1000 612 1160 666 quem
1209 596 1593 666 requieverunt
1635 605 1844 667 septem
1889 596 1983 652 Dei
2020 599 2133 667 spi-

581 690 752 750 ritus,
783 689 1050 755 justitiam
1084 689 1175 757 qui
1210 687 1432 751 dilexit,
1480 689 1702 758 oditque
1747 689 2131 758 iniquitatem,

584 784 778 830 unctus
810 784 892 830 est
924 791 952 828 a
984 775 1094 831 Deo
1126 786 1178 831 et
1208 776 1368 831 Patre
1408 777 1527 846 ejus
1575 779 1846 847 spirituali
1888 781 2132 833 exsulta-

578 869 746 921 tionis
776 867 931 935 oleo;
971 868 1063 937 qui
1098 878 1151 922 et
1196 877 1418 937 accepto
1459 869 1734 939 quondam
1781 871 1834 924 in
1879 872 2132 925 manibus

581 959 732 1014 Isaia}
768 961 939 1022 libro.
977 969 1221 1029 tempore
1251 975 1358 1032 quo
1390 961 1564 1014 factus
1599 969 1715 1014 erat
1749 962 1913 1015 homo
1937 1002 1952 1025 ,
1986 964 2132 1016 hunc

578 1052 694 1120 ipse
742 1052 868 1120 legit
897 1053 1122 1106 citatum
1157 1053 1329 1106 locum
1377 1070 1390 1104 :
1449 1071 1468 1102 ‹
1511 1051 1714 1108 Claude
1738 1055 1970 1130 librum,
2020 1055 2131 1117 ait,

577 1143 736 1197 hodie
762 1144 977 1211 impleta
1006 1151 1088 1198 est
1115 1144 1226 1197 lucc
1257 1142 1535 1212 Scriptura
1567 1145 1585 1174 ²
1612 1160 1626 1208 ;
1655 1163 1673 1195 ι
1694 1128 1809 1214 ipse
1836 1146 1977 1199 enim
2012 1160 2135 1200 vere

577 1245 692 1289 erat
737 1251 768 1287 a
822 1233 984 1287 Patre
1027 1234 1263 1297 missus,
1313 1236 1686 1304 evangelizare
1719 1252 1942 1306 regnum
1969 1237 2135 1291 ecclo-

576 1343 694 1381 rum
723 1327 1051 1397 pauperibus
1083 1327 1278 1395 spiritu
1298 1367 1312 1392 ,
1341 1327 1542 1396 quibus
1571 1327 1744 1381 dixit:
1773 1346 1791 1378 ι
1821 1327 1971 1382 Beati
2000 1342 2134 1397 pau-

575 1435 732 1489 peres
784 1419 1020 1488 spiritu,
1077 1419 1204 1486 quia
1256 1418 1500 1487 ipsorum
1545 1426 1629 1472 est
1683 1434 1908 1488 regnum
1961 1419 2132 1475 coelo-

577 1529 693 1565 rum
731 1512 793 1578 ³;
837 1531 854 1562 ι
897 1519 949 1566 et
976 1530 993 1561 ι
1029 1509 1230 1565 mederi
1279 1510 1531 1566 contritis
1579 1510 1742 1565 corde
1771 1531 1788 1563 ι
1820 1511 1887 1565 de
1934 1511 2134 1581 quibus

574 1602 776 1656 dictum
807 1610 891 1658 est
927 1622 939 1656 :
972 1622 989 1652 c
1023 1601 1129 1655 Cor
1159 1602 1453 1657 contritum
1473 1610 1526 1656 et
1569 1602 1937 1667 humiliatum,
1962 1603 2126 1668 Dcus,

574 1710 682 1748 non
713 1693 980 1762 despicies
1015 1693 1055 1747 ‘.
1097 1713 1114 1745 ι
1141 1693 1405 1749 Praeterea
1457 1703 1510 1749 et
1556 1697 1936 1749 annuntiatum
1987 1697 2134 1751 venit

573 1793 918 1855 peccatorum
965 1787 1338 1840 remissionem
1379 1786 1445 1840 iis
1485 1787 1577 1856 qui
1621 1788 1773 1855 prius
1819 1788 1922 1843 sub
1970 1788 2131 1857 spiri-

2236 591 2293 643 ὃν
2326 590 2701 644 ἀναπέπαυται
2735 590 2803 644 τά
2827 593 2965 644 ἑπτά
2994 591 3086 644 τοῦ
3114 583 3247 644 Θεοῦ
3273 593 3582 662 πνεύματα,
3610 594 3783 648 anato-

2238 681 2400 750 σύνην
2434 683 2720 754 ἀγαπήσας
2752 685 2843 735 καὶ
2885 685 3117 753 μισήσας
3150 685 3408 754 ἀνομίαν,
3446 686 3670 757 ἐχρίσθη
3700 688 3785 740 ὑπὸ

2233 771 2327 824 τοῦ
2353 773 2485 826 Θεοῦ
2515 774 2605 826 καὶ
2628 774 2838 846 [ἰατρὸς
2867 775 3030 827 αὐτοῦ
3059 775 3136 844 τῷ
3159 774 3431 846 λεγομένῳ
3454 779 3782 848 πνευματωιῴ

2232 863 2332 933 τῆς
2362 864 2726 932 ἀγαλλιάσεως
2754 865 2942 935 ἐλαίῳ’
2975 865 3032 928 ὃς
3054 865 3147 917 καὶ
3170 864 3346 918 λαϐὼν
3371 883 3502 920 ποτε
3531 867 3669 935 μετὰ
3695 872 3784 937 χείο

2238 975 2335 1028 ρας
2377 958 2466 1010 τὸν
2510 959 2734 1010 Ἡσαΐαν
2772 958 2889 1010 καθ’
2927 959 2984 1011 ὃν
3023 960 3117 1011 καὶ
3157 959 3565 1030 ἐνηνθρωπήκει
3599 961 3781 1031 χρόνον,

2235 1049 2500 1116 ἀναγνούς
2533 1066 2590 1103 τε
2631 1048 2726 1120 τὴν
2759 1050 3124 1120 προκειμένην
3156 1049 3460 1120 περικοπὴν
3480 1090 3494 1113 ,
3561 1069 3578 1100 ι
3607 1051 3782 1114 πτύξας

2233 1140 2293 1191 τὸ
2348 1140 2584 1210 βιϐλίσν,
2629 1142 2780 1211 φησι,
2823 1142 3069 1212 Σήμερον
3117 1141 3470 1211 πεπλήρωται
3525 1141 3560 1210 ἡ
3618 1141 3782 1211 Γραφὴ

2233 1229 2389 1300 αῦτη.
2423 1250 2440 1279 ι
2501 1231 2670 1295 Αὐτὸς
2707 1234 2814 1302 γὰρ
2839 1228 2907 1302 ἦν
2931 1232 3005 1295 ὡς
3035 1231 3249 1303 άληθῶς
3281 1234 3309 1284 6
3336 1232 3443 1284 ἀπὸ
3467 1231 3566 1284 τοῦ
3599 1233 3783 1302 [ἰατρὸς

2232 1324 2552 1388 ἀποσταλεὶς
2605 1324 3053 1392 εὐαγγελίσασθαι
3082 1325 3179 1396 τὴν
3210 1325 3486 1394 βασιλείαν
3513 1323 3625 1377 τῶν
3648 1325 3784 1396 ούρα-

2231 1414 2336 1467 νῦν
2356 1419 2466 1478 τοῖς
2486 1415 2561 1486 τῷ
2584 1416 2850 1486 πνεύματι
2875 1420 3129 1486 πτωχοῖς,
3155 1417 3287 1488 πρὸς
3307 1415 3401 1479 οῦς
3423 1418 3519 1469 καί⁵
3539 1418 3780 1484 ἔφασκεν

2239 1530 2254 1561 ι
2283 1510 2554 1579 Μακάριοι
2594 1510 2644 1560 οἱ
2694 1509 2755 1578 (f.
2785 1508 2852 1563 59
2885 1507 2970 1580 νο)
3018 1509 3222 1578 πτωχοὶ
3268 1509 3346 1578 τῷ
3378 1509 3685 1578 πνεύματι,
3717 1513 3783 1562 ὅτι

2233 1603 2407 1656 αὐτῶν
2452 1604 2596 1655 ἐστιν
2629 1602 2662 1671 ή
2695 1599 2935 1669 βασιλεία
2964 1599 3072 1651 τῶν
3100 1600 3339 1671 οὐρανῶν
3359 1617 3371 1628 ·
3401 1619 3419 1649 ι
3448 1601 3546 1652 καὶ
3583 1619 3601 1651 ‹
3630 1600 3782 1653 ἰᾶσθαι

2232 1697 2356 1759 τοὺς
2382 1695 2479 1766 τὴν
2521 1693 2746 1765 καρδίαν
2778 1694 3294 1764 συντετριμμένους,
3320 1711 3336 1743 ι
3373 1694 3505 1764 περὶ
3550 1687 3627 1745 ὧν
3657 1693 3782 1765 είρη·

2232 1802 2344 1839 ται⁶
2393 1804 2411 1836 ι
2437 1784 2678 1855 Καρδίαν
2707 1784 3166 1855 συντετριμμένην
3207 1784 3300 1837 καὶ
3331 1786 3782 1856 τεταπεινωμένην

573 1878 734 1932 tualis
813 1876 1311 1932 Nabuchodonosor
1383 1878 1671 1948 tyrannide
1726 1879 2120 1948 premebantur.

2231 1880 2258 1929 6
2281 1877 2412 1939 Θεὸς
2441 1878 2542 1930 οὐκ
2571 1875 2930 1940 ἐξουδενώσει.
2956 1896 2974 1925 ι
3024 1875 3166 1945 Πρὸς
3189 1875 3394 1938 τούτοις
3421 1876 3479 1928 δὲ
3507 1878 3605 1928 καὶ
3632 1877 3779 1947 κηρύ-

573 1963 802 2032 Ideoque
830 1963 1144 2020 confortans
1193 1965 1329 2020 dixit
1362 1967 1659 2037 paralytico
1685 1986 1697 2020 :
1729 1987 1746 2019 ι
1775 1966 1875 2022 Fili
1897 2009 1912 2034 ,
1943 1971 2120 2024 remit-

2231 1966 2314 2031 Ezt
2340 1967 2528 2035 ἄφεσιν
2557 1965 2833 2037 ἁμαρτιῶν
2859 1964 3080 2036 ἐλήλυθε
3109 1969 3218 2028 τοῖς
3247 1965 3350 2017 ὑπὸ
3376 1964 3488 2016 τῶν
3518 1964 3655 2032 (τοῦ)
3679 1983 3781 2035 νοη-

571 2063 758 2109 tuntur
799 2055 896 2108 tibi
929 2064 1148 2124 peccata
1177 2058 1218 2120 ⁵,
1254 2077 1272 2108 ι
1303 2057 1400 2112 sed
1447 2065 1502 2113 et
1544 2058 1654 2114 illis
1687 2059 1888 2128 quibus
1926 2061 2120 2116 mentis

2226 2057 2332 2111 τῶν
2369 2057 2504 2128 (τοῦ)
2545 2056 3008 2128 Ναϐουχοδονόσορ
3049 2055 3410 2126 αἰχμαλώτοις
3447 2056 3643 2126 ἄφεσιν
3672 2059 3779 2126 (sic)

568 2147 948 2201 oculiocclusi
977 2156 1139 2215 sunt,
1169 2149 1371 2218 quique
1422 2165 1451 2203 a
1500 2143 1880 2220 spiritualibus
1929 2152 2128 2207 alieni-

567 2237 719 2306 genis
737 2245 790 2291 et
813 2236 1124 2309 Babyloniis
1152 2240 1294 2294 sicut
1315 2238 1545 2295 Samson
1568 2249 1622 2296 et
1654 2239 1913 2296 Sedecias
1935 2242 2124 2296 (necati

568 2334 726 2392 sunt,
768 2329 946 2382 visum
987 2330 1134 2384 venit
1179 2331 1510 2385 redditurus.
1552 2330 1610 2384 ln
1655 2345 1883 2385 numero
1933 2346 2124 2386 eorum

565 2421 658 2490 qui
690 2422 865 2474 curati
892 2430 1022 2477 sunt
1050 2424 1118 2478 ab
1147 2440 1212 2480 eo
1239 2425 1598 2494 corporaliter
1626 2427 1751 2480 caeci
1781 2434 1939 2481 erant
1960 2466 1974 2491 ,
2004 2427 2123 2496 qui-

566 2518 668 2568 bus
696 2514 875 2568 visum
923 2514 1198 2579 restituit,
1243 2522 1526 2586 postquam
1560 2517 1616 2570 in
1649 2533 1710 2572 se
1737 2517 2121 2581 crediderunt,

567 2611 619 2656 et
649 2619 779 2658 voce
820 2619 1014 2675 magna
1063 2607 1370 2662 clamabant
1400 2627 1412 2662 :
1445 2625 1464 2657 ι
1499 2607 1756 2665 Miserere
1804 2610 2001 2676 nobis,
2047 2612 2121 2664 [ili

562 2694 734 2748 David
763 2697 802 2752 °.
836 2715 855 2748 ο
884 2695 982 2750 Hic
1009 2709 1094 2752 est
1123 2698 1267 2752 enim
1296 2700 1388 2770 qui
1415 2701 1628 2757 vocavit
1654 2719 1674 2754 ‹
1705 2717 1907 2757 annum
1935 2703 2123 2772 placa-

564 2787 723 2840 bilem
765 2787 1040 2852 Domini,»
1082 2805 1241 2859 quem
1261 2793 1584 2848 annuntiare
1631 2795 1834 2865 erepit,
1876 2795 2123 2864 conjecto

563 2879 618 2930 in
649 2894 925 2935 carcerem
971 2879 1212 2948 Joanne;
1245 2883 1336 2953 qui
1368 2892 1422 2939 et
1459 2885 1680 2940 edocuit
1723 2902 1948 2958 regnum
1982 2885 2120 2955 Dei,

556 2968 933 3039 judicinmque
976 2978 1220 3026 nostrum
1242 3013 1257 3038 ,
1292 2975 1345 3028 in
1378 2991 1486 3044 quo
1525 2978 1784 3033 reddetur
1826 2979 2122 3048 unicuique

559 3077 626 3115 ex
675 3061 856 3116 verbis
905 3072 958 3117 et
1009 3064 1284 3132 operibus.
1337 3064 1567 3137 Insuper
1615 3071 1762 3123 venit
1809 3071 1877 3124 ad
1918 3085 2120 3128 conso-

561 3152 752 3206 landos
779 3168 969 3209 omnes
999 3155 1146 3210 luctu
1179 3170 1362 3210 coram
1403 3157 1515 3214 Deo
1557 3168 1783 3231 accepto
1827 3163 2114 3232 lugentes;

559 3259 698 3314 quos
731 3250 784 3298 et
812 3243 1000 3299 beatos
1046 3245 1340 3317 praedicat,
1387 3247 1615 3307 dicens:
1647 3269 1665 3302 ι
1688 3208 1846 3307 lBeati
1887 3208 1983 3324 lqui
2027 3208 2115 3309 lu:
2145 3213 2188 3274 Ο

559 3342 722 3406 gent,
752 3337 1005 3406 quoniam
1036 3338 1140 3408 ipsi
1171 3339 1602 3396 consolabuntur
1626 3344 1668 3396 ⁷.
1703 3362 1722 3396 ›
1751 3342 1914 3400 Venit
1947 3345 2114 3400 etiam

561 3434 621 3482 ut
663 3427 816 3484 daret
841 3447 862 3480 ι
892 3429 1202 3498 lugentibus
1249 3428 1378 3485 Sion
1419 3432 1666 3503 gloriam.
1698 3453 1717 3488 ι
1743 3434 1974 3502 Quinam
2018 3451 2114 3491 au-

559 3525 667 3571 tem
697 3526 884 3574 essent
912 3520 1023 3585 illi,
1059 3520 1165 3574 nisi
1199 3522 1292 3590 qui
1325 3521 1573 3592 ipsorum
1601 3527 1836 3594 patriam
1867 3542 2115 3597 quaeren-

557 3617 658 3673 tes,
684 3611 1028 3680 cmicstisque
1048 3605 1284 3670 civitatis
1308 3614 1361 3668 in
1386 3615 1776 3686 sempiternum
1798 3620 2112 3674 memoriam

556 3703 910 3758 revocantes?
959 3704 1147 3768 Qualis
1193 3713 1310 3760 erat
1358 3707 1481 3772 ille,
1529 3706 1645 3777 qui,
1694 3710 1956 3778 praescius
2003 3727 2114 3767 suae

557 3796 700 3864 apud
731 3795 980 3853 homines
1013 3802 1492 3867 commorationis,
1523 3802 1862 3858 exclamabat
1890 3823 1903 3858 :
1942 3823 1959 3855 ι
1997 3804 2110 3861 Heu

554 3887 725 3950 mihi,
762 3887 890 3957 quia
933 3888 1202 3946 incolatus
1234 3908 1387 3948 meus
1429 3894 1777 3964 prolongatus
1804 3903 1888 3950 est
1916 3896 1976 3950 '!
2011 3915 2030 3950 ι
2059 3906 2112 3952 et

557 3981 611 4035 hi
659 3996 915 4051 quoque,
956 3983 1048 4052 qui
1101 3999 1265 4054 super
1293 3985 1518 4041 ﬂumina
1564 3987 1860 4060 Babylonis
1911 3990 2112 4046 ﬂebant

554 4088 680 4127 cum
727 4074 1146 4130 recordarentur
1173 4075 1304 4132 Sion
1333 4079 1379 4131 ’.
1415 4078 1508 4134 His
1539 4081 1682 4135 enim
1707 4081 1960 4138 Christus
2008 4083 2106 4140 Dei

553 4165 923 4221 consolatione
951 4165 1176 4237 fungens
1201 4184 1363 4239 quam
1391 4170 1699 4240 lugentibus
1745 4172 2106 4242 promiserat,

553 4256 700 4310 luctu
722 4257 1000 4312 exsolutos
1025 4257 1342 4328 gloriﬁcabit
1357 4299 1372 4324 ,
1400 4267 1453 4315 et
1476 4275 1571 4329 pro
1593 4261 1775 4316 cinere
1797 4278 1906 4332 quo
1931 4263 2108 4332 sparsi

551 4358 708 4403 erant
736 4350 790 4404 in
825 4349 926 4404 hac
961 4350 1070 4404 vita
1112 4351 1390 4419 lugentes,
1426 4352 1624 4407 laetitiae
1654 4353 1833 4408 oleum
1878 4363 2105 4424 praesta-

553 4441 666 4505 bit,
726 4457 933 4512 ungens
975 4451 1031 4497 et
1081 4457 1175 4496 eos
1223 4444 1600 4500 exsultationis
1655 4446 1812 4516 oleo,
1867 4457 1928 4500 ut
1976 4446 2107 4499 ﬁant

552 4533 864 4590 chrismatis
890 4543 945 4589 et
975 4536 1122 4603 regni
1155 4536 1239 4588 sui
1271 4537 1560 4606 participes
1581 4578 1594 4602 ,
1624 4536 1782 4607 juxta
1813 4537 1928 4592 hinc
1955 4536 2101 4607 Apo-
2142 4569 2184 4622 Β

552 4627 678 4680 stoli
719 4627 883 4680 verba
928 4643 941 4678 :
975 4643 994 4675 ι
1025 4625 1324 4695 Participes
1361 4627 1505 4681 enim
1546 4628 1751 4682 Christi
1793 4628 1970 4684 eliecti
2013 4643 2108 4684 su-

553 4731 676 4771 mus
703 4716 766 4772 ¹⁰.
800 4735 818 4769 ι
849 4716 1112 4773 Praeterea
1149 4717 1456 4788 lugentibus
1484 4715 1612 4772 Sion
1643 4718 1792 4771 dabit
1816 4717 2069 4774 Christus
2089 4759 2103 4782 ,

547 4809 703 4878 juxta
723 4809 1058 4879 prophetiam
1076 4849 1090 4872 ,
1133 4827 1151 4860 ι
1174 4809 1396 4879 pallium
1425 4808 1600 4863 laudis
1626 4822 1722 4878 pro
1743 4808 1936 4877 spiritu
1975 4824 2110 4864 mm-

554 4902 730 4965 roris,
763 4920 781 4954 ι
808 4901 856 4956 si
895 4915 983 4956 res
1021 4900 1144 4954 vitae
1183 4901 1552 4970 neglexerint,
1607 4899 1884 4952 hominum
1927 4901 2110 4969 operi-

553 4992 657 5047 bus
684 4989 986 5061 despectis;
1019 4997 1072 5045 et
1105 4990 1193 5046 hic
1220 4991 1453 5045 maxime
1485 4990 1762 5060 lugentes,
1795 5005 1904 5044 non
1942 4991 2104 5060 modo

550 5084 807 5154 quoniam
833 5083 1024 5156 procul
1066 5082 1160 5139 Dei
1201 5083 1466 5153 promissa
1505 5082 1782 5146 viderent,
1813 5081 1906 5137 sed
1946 5090 2001 5137 et
2038 5097 2102 5138 eo

551 5178 727 5248 quod,
759 5187 976 5249 propter
1006 5176 1396 5232 humanitatem
1428 5182 1482 5231 et
1512 5174 1901 5246 benignitatem
1943 5190 2096 5231 suam

549 5285 737 5326 eorum
779 5268 1016 5324 miseriis
1045 5277 1100 5323 et
1125 5267 1405 5323 doloribus
1435 5273 1872 5336 compaterentur
1902 5276 1957 5322 et
1995 5269 2102 5321 hoc

550 5361 726 5416 solum
771 5359 1066 5430 apostolica
1113 5374 1247 5414 voce
1291 5358 1657 5413 exclamantes
1687 5376 1701 5412 :
1734 5375 1753 5408 ι
1783 5357 1917 5423 Quis
1949 5357 2105 5412 inlir-

551 5460 731 5507 matur
758 5460 811 5509 et
841 5466 940 5522 ego
967 5465 1076 5505 non
1111 5451 1355 5506 inﬁrmor
1376 5489 1391 5514 ,
1425 5449 1548 5520 quis
1580 5448 2014 5514 scandalizatur,
2049 5456 2106 5504 et

547 5557 651 5612 ego
678 5558 782 5598 non
812 5559 940 5598 uror
972 5545 1012 5575 ¹¹
1037 5543 1060 5595 ?
1086 5561 1104 5592 ι

627 5695 640 5723 ⁸
679 5693 784 5749 lsa.
817 5711 904 5751 th
928 5737 941 5756 .
978 5697 1090 5752 1-5.
1161 5697 1182 5726 ‘
1220 5694 1352 5750 Luc.
1388 5712 1460 5758 Iv,
1489 5696 1578 5753 21.

551 5763 572 5796 '
612 5762 798 5819 Matth.
833 5782 884 5831 v,
917 5767 971 5822 4.
1044 5769 1067 5800 ³
1102 5763 1244 5822 Psal.
1275 5781 1435 5832 CXIX,
1466 5765 1517 5821 5.

2228 2149 2394 2204 πάλαι
2425 2149 2806 2219 γεγενημένος
2830 2165 2844 2180 ·
2880 2147 2960 2200 διὸ
2985 2149 3078 2200 καὶ
3108 2148 3323 2218 θαρρῶν
3344 2148 3498 2217 ἔλεγε
3525 2150 3604 2220 τῷ
3625 2168 3779 2221 παρα-

2226 2237 2454 2307 λυτικῴο
2498 2257 2516 2288 ι
2545 2238 2767 2301 Τέκνον,
2800 2235 3072 2305 ἀφέωνταί
3100 2253 3180 2288 σοι
3208 2239 3261 2289 αἱ
3283 2237 3552 2309 ἁμαρτίαι
3576 2256 3589 2267 ·
3616 2258 3634 2291 ι
3665 2239 3778 2292 ἀλλὰ

2225 2329 2317 2380 καὶ
2365 2330 2473 2391 τοῖς
2504 2329 2601 2398 τῆς
2631 2328 2864 2390 διανοίας
2901 2327 3209 2398 ὀφθαλμοὺς
3239 2327 3666 2399 βεϐλαμμένοις,
3697 2332 3777 2384 καὶ

2224 2419 2327 2471 ὑπὸ
2365 2419 2471 2472 τῶν
2515 2420 2718 2490 νοητῶν
2742 2419 3050 2488 ἀλλοφύλων
3083 2421 3176 2472 καὶ
3203 2419 3560 2474 Βαϐυλωνίων
3600 2424 3776 2492 ὁμοίως

2223 2511 2298 2580 τῷ
2325 2509 2559 2581 Σαμψὼν
2593 2511 2686 2564 καὶ
2718 2510 2795 2581 τῷ
2821 2511 3043 2581 Σεδεκίᾳ
3072 2511 3491 2580 ἐκτυφλωθείσιν
3511 2552 3525 2572 ,
3568 2513 3774 2567 ἀνάϐλε-

2222 2601 2313 2672 ψιν
2353 2600 2574 2673 ἐλήλυθε
2608 2601 2885 2672 παρέξων·
2936 2604 2993 2654 ἐν
3039 2603 3192 2673 μέρει
3245 2603 3303 2656 δὲ
3353 2603 3459 2657 τῶν
3503 2605 3596 2656 ὑπ’
3631 2605 3770 2658 αὑτοῦ

2223 2693 2671 2765 θεραπευομένων
2722 2690 2860 2765 ἦσαν
2889 2697 2980 2748 καὶ
3010 2697 3057 2746 oi
3098 2696 3397 2764 σωματικοὶ
3431 2696 3650 2765 τυφλοὶ,
3691 2696 3770 2758 οὓς

2221 2785 2514 2854 ἀναϐλέψαι
2545 2785 2810 2856 πεποίηκε
2841 2787 3232 2842 πιστεύσαντας
3255 2790 3332 2850 είς
3357 2789 3541 2854 αὑτὸν,
3569 2793 3658 2844 καὶ
3688 2810 3764 2862 με·

2219 2878 2288 2930 τὰ
2339 2876 2464 2948 βοῆς
2515 2878 2826 2948 εἰρηκότας·
2889 2897 2907 2929 ι
2945 2879 3193 2950 Ἐλέησον
3221 2882 3401 2950 ἡμᾶς,
3437 2882 3518 2934 υἱέ
3547 2884 3762 2936 Δαυὶδη

2220 2962 2372 3033 οὗτος
2412 2971 2469 3023 δέ
2508 2971 2652 3023 ἐστιν
2683 2973 2711 3024 6
2743 2971 2977 3035 καλέσας
3023 2990 3042 3022 ι
3069 2971 3160 3026 τὸν
3205 2971 3389 3025 δεκτὸν
3421 2975 3662 3028 ἐνιαυτὸν
3688 2976 3766 3029 τοῦ

2219 3061 2423 3133 Κυρίου
2448 3103 2463 3128 ,
2491 3081 2508 3112 ι
2561 3062 2620 3116 ὃν
2659 3063 2888 3134 ἐκήρυξε
2919 3065 3056 3135 μετὰ
3091 3066 3188 3138 τὴν
3227 3068 3303 3130 εἰς
3334 3067 3396 3120 τὸ
3421 3068 3768 3142 δεσμωτήριον

2219 3153 2312 3206 τοῦ
2355 3153 2599 3207 Ἰωάννου
2644 3155 2917 3225 κάθειρξιν
2939 3197 2952 3222 ,
3007 3159 3099 3211 καὶ
3131 3158 3159 3209 ὁ
3189 3160 3404 3225 διδάξας
3433 3162 3501 3215 τὰ
3535 3163 3768 3234 περὶτῆς

2227 3244 2499 3314 βασιλείας
2521 3243 2613 3298 τοῦ
2648 3245 2781 3299 Θεοῦ
2807 3286 2821 3310 ,
2855 3249 2949 3302 καὶ
2971 3248 3039 3302 τὰ
3077 3251 3202 3321 περὶ
3230 3251 3331 3321 τῆς
3356 3255 3626 3325 ἡμετέρας
3661 3256 3768 3325 κρίο

2225 3351 2360 3397 σεως
2383 3373 2396 3397 ,
2428 3337 2484 3387 ἐν
2571 3337 2781 3407 ἑκάστῳ
2821 3337 2926 3390 τῶν
2973 3342 3372 3412 πεπραγμένων
3404 3345 3438 3414 ἡ
3486 3347 3605 3399 κατ’
3631 3346 3767 3411 ἀξίαν

2221 3426 2606 3498 ἀποδοθήσεται
2634 3428 2777 3500 δίκη.
2811 3430 2955 3502 Πρὸς
2978 3431 3182 3496 τούτοις
3215 3434 3258 3486 δ’
3280 3435 3502 3506 ἐλήλυθε
3541 3455 3768 3508 παρακα-

2220 3516 2370 3569 λέσαι
2410 3517 2533 3581 τοὺς
2575 3518 2901 3584 πενθοῦντας
2924 3521 2984 3574 τὸ
3011 3523 3150 3577 κατὰ
3186 3525 3316 3578 Θεὸν
3345 3529 3622 3583 ἐπαινετὸν
3653 3531 3768 3582 πένο

2221 3611 2310 3674 θος
2329 3626 2342 3640 ⁶
2396 3605 2475 3674 οἷς
2509 3611 2600 3664 καὶ
2645 3614 2990 3685 μακαρισμὸν
3021 3617 3353 3687 ἐπήγγελται
3377 3619 3544 3671 εἰπών
3563 3637 3576 3650 ·
3620 3640 3636 3670 ι
3663 3623 3767 3674 Μα-

2220 3701 2396 3770 κάριοι
2429 3701 2476 3754 οί
2523 3700 2841 3764 πενθοῦντες
2863 3740 2877 3761 .
2911 3703 2992 3756 ὃτι
3021 3705 3174 3757 αὐτοὶ
3207 3707 3722 3779 παρακληθήσονται.
3746 3731 3762 3761 ι

2217 3789 2385 3845 Ἦλθε
2437 3793 2491 3846 δὲ
2535 3795 2626 3848 ἐπὶ
2671 3794 2877 3858 τούτοις
2905 3797 2997 3849 καὶ
3043 3797 3182 3868 ὑπὲρ
3229 3799 3324 3851 τοῦ
3357 3800 3569 3871 δοθῆναι
3627 3823 3643 3853 ι
3669 3807 3766 3866 τοῖς

2219 3884 2472 3938 πενθοῦσι
2512 3885 2646 3939 Σιὼν
2681 3886 2858 3954 δόξαν.
2886 3906 2904 3938 ι
2941 3889 3096 3952 Τίνες
3132 3889 3175 3941 δ’
3206 3889 3272 3943 ἂν
3296 3887 3403 3944 εἷεν
3426 3896 3516 3953 καὶ
3548 3890 3765 3966 οῦτοι,ῆ

2216 3977 2264 4027 οἱ
2293 3975 2388 4046 τὴν
2413 3976 2617 4031 ἑαυτῶν
2641 3978 2873 4050 πατρίδα
2894 3978 3198 4050 ζητοῦντες,
3228 3981 3322 4034 καὶ
3344 3983 3442 4052 τῆς
3464 3986 3766 4055 ἐπουρανίου

2218 4067 2421 4130 πόλεως
2469 4069 2640 4122 εἰσαεὶ
2670 4069 2767 4140 τὴν
2800 4073 3015 4143 μνήμην
3042 4071 3552 4145 άναζωπυροῦντες;
3587 4073 3690 4140 οἶος
3708 4072 3766 4147 ἦν

2216 4160 2420 4224 ἐκεῖνος
2439 4203 2453 4226 ,
2483 4161 2540 4224 ὃς
2588 4162 2847 4233 πάροικον
2887 4165 2980 4217 καὶ
3008 4165 3383 4237 παρεπίδημον
3429 4168 3521 4220 ἐπὶ
3549 4169 3644 4239 τῆς
3673 4170 3764 4236 γῆς

2215 4253 2403 4308 ἐαυτὸν
2429 4255 2805 4326 ἐπιστάμενος,
2836 4257 2928 4310 καὶ
2940 4258 2998 4310 τὸ
3018 4278 3035 4310 ι
3060 4259 3238 4330 Οίμοι,
3262 4279 3280 4312 ι
3298 4262 3630 4332 ἀνοιμὼζων,
3651 4283 3667 4314 ι
3694 4265 3761 4316 ὅτι

2213 4349 2245 4416 ὴ
2283 4349 2539 4418 παροικία
2570 4365 2668 4418 μου
2696 4349 3008 4421 ἐμακρύνθη
3029 4368 3042 4380 ·
3071 4370 3089 4402 ›
3128 4351 3209 4404 ἔτι
3239 4370 3296 4406 τε
3333 4356 3379 4406 οἱ
3425 4357 3515 4408 ἐπὶ
3545 4359 3644 4409 τῶν
3677 4372 3760 4408 πο-

2212 4439 2400 4509 ταμῶν
2421 4440 2733 4506 Βαϐυλῶνος
2759 4443 3032 4507 κλαίοντες
3063 4445 3122 4497 ἐν
3147 4445 3223 4516 τῷ
3254 4446 3552 4518 μνησθῆναι
3584 4451 3761 4510 αὐτοὺς

2211 4530 2310 4600 τῆς
2332 4530 2493 4583 Σιών·
2520 4531 2725 4596 τούτοις
2762 4531 2870 4602 γάρ
2913 4529 3004 4586 οὖν
3031 4535 3058 4587 6
3092 4533 3324 4606 Χριστὸς
3352 4537 3443 4590 τοῦ
3475 4539 3605 4592 Θεοῦ
3633 4541 3758 4610 πλη-

2215 4623 2342 4693 ρῶν,
2371 4622 2435 4691 ἣν
2483 4626 2594 4685 τοῖς
2641 4622 2894 4676 πενθοῦσι
2927 4625 3189 4696 ὑπέσχετο
3217 4629 3588 4700 παράκλησιν,
3617 4630 3758 4697 δόξαν

2215 4713 2477 4766 ἀποδώσει
2506 4711 2858 4783 ἀπαλλαγεῖσι
2886 4715 2978 4768 τοῦ
3003 4716 3247 4780 πένθους,
3274 4719 3366 4771 καὶ
3388 4720 3505 4772 ἀντὶ
3527 4721 3618 4791 τῆς
3639 4735 3757 4772 οπο·

2206 4803 2302 4857 δοῦ
2318 4800 2383 4874 ἦς
2405 4805 2710 4859 ἐκονίσαντο
2730 4805 2868 4860 κατὰ
2887 4806 2978 4860 τὸν
2997 4808 3226 4862 ἐνταῦθα
3251 4809 3364 4878 βίον
3389 4812 3752 4883 πενθήσει-ντες,

2205 4895 2442 4968 ἄλειμμα
2462 4898 2792 4970 εὐφροσύνης
2811 4900 3056 4973 παρέξει,
3079 4903 3244 4973 χρίων
3271 4905 3365 4957 καὶ
3387 4906 3580 4968 αὐτοὺς
3603 4905 3755 4973 ἐλαίῳ

2204 4988 2588 5055 ἀγαλλιάσεως,
2613 4991 2697 5044 ἵνα
2716 4991 2978 5059 γένωνται
2998 4994 3096 5064 τῆς
3123 4994 3284 5048 αὑτοῦ
3309 4997 3521 5066 μέτοχοι
3542 4995 3754 5067 χρίσεῶς

2200 5096 2259 5132 τε
2293 5081 2384 5134 καὶ
2414 5081 2707 5151 βασιλείας,
2741 5083 2878 5137 ῶστε
2912 5087 3005 5139 καὶ
3042 5087 3236 5150 αὐτοὺς
3264 5089 3433 5142 εἰπεῖν
3457 5105 3470 5117 ·
3507 5090 3751 5157 ιΜὲτοχοι

2201 5170 2307 5241 γὰρ
2335 5171 2427 5224 τοῦ
2457 5173 2692 5244 Χριστοῦ
2719 5175 3040 5246 γεγόναμεν.
3073 5195 3090 5226 ι
3125 5176 3242 5229 Ἔτι
3278 5176 3412 5246 πρὸς
3434 5176 3632 5239 τούτοις
3659 5174 3750 5227 δῶ-

2201 5278 2312 5314 σειν
2335 5263 2363 5313 6
2385 5263 2617 5332 Χριστὸς
2639 5267 2749 5329 τοῖς
2776 5266 3026 5319 πενθοῦσι
3051 5266 3187 5320 Σιὼν
3208 5267 3599 5338 προφητεύεται
3625 5287 3640 5318 ι
3661 5285 3748 5319 κα-

2199 5353 2460 5424 ταστολὴν
2494 5355 2682 5426 δόξης,
2714 5357 2835 5411 ἀντὶ⁵
2877 5356 2969 5410 τοῦ
3001 5357 3304 5427 πνεύματος
3328 5358 3426 5424 τῆς
3455 5359 3699 5429 ἀκηδῐας,
3723 5377 3738 5404 ι

2200 5447 2292 5499 ἐπὶ
2324 5447 2413 5520 (εὶ)
2448 5452 2557 5512 τοῖς
2588 5449 2680 5502 τοῦ
2715 5449 2827 5521 βίου
2858 5451 3171 5521 πράγμασιν
3207 5450 3539 5521 ὴκηδίασαν,
3572 5451 3741 5515 ῶσπερ

2201 5537 2683 5613 δυσαρεστούμενοι
2726 5545 2845 5605 ταῖς
2885 5540 2994 5594 τῶν
3024 5538 3320 5612 ἀνθρώπων
3359 5543 3612 5614 πράξεσιο
3654 5539 3741 5595 καὶ

1674 5696 1694 5727 ³
1735 5695 1920 5750 Matth.
1951 5711 2003 5757 v,
2039 5696 2091 5749 '5.
2128 5763 2135 5764 ί
2169 5694 2192 5728 δ
2230 5694 2373 5752 Psal.
2408 5715 2473 5757 ι..
2517 5701 2601 5752 17.
2678 5703 2698 5733 ⁸
2741 5699 2928 5757 Matth.
2965 5721 3055 5764 ix.
3084 5705 3138 5762 2.
3215 5707 3236 5736 ‘
3274 5704 3460 5761 Matth.
3492 5718 3591 5763 xx,
3621 5699 3704 5756 3|.

1618 5769 1638 5800 ’
1678 5765 1820 5821 Psal.
1853 5781 2046 5823 cxxxvi
2069 5805 2082 5832 ,
2117 5763 2167 5819 1.

2248 5767 2292 5798 ¹⁰
2333 5767 2493 5825 Hebr.
2534 5787 2626 5836 ιιι,
2667 5773 2750 5829 14.
2828 5775 2869 5804 ¹¹
2913 5774 2953 5827 ΙΙ
2985 5777 3112 5830 Cor.
3146 5791 3236 5841 xI,
3274 5777 3360 5831 29.
