3974 6520
254 378 279 429 1
294 377 403 430 Ξὲῖ
1289 367 1574 430 ECLOGA}
1614 370 1829 429 PROPIi

1934 371 2093 429 ισλῑ.
2131 405 2194 415 --
2240 373 2364 430 LIB.
2406 372 2496 429 IV.
3373 377 3514 430 1258

250 489 432 559 ταύτῃ
463 487 695 558 μαλιστα
724 485 1060 552 πενθοῦντες,
1089 488 1147 540 ου
1177 489 1332 559 μόνον
1351 486 1438 540 διὰ
1467 487 1526 539 τὸ
1555 486 1834 558 πόρρωθεν
1882 487 2105 558 θεωρεῖν
2132 485 2235 549 τὰς
2265 484 2356 538 τοῦ
2411 482 2544 536 Θεοῦ
2583 483 2914 554 ἐπαγγελίας
2939 523 2952 544 ,
2993 483 3129 539 ἀλλὰ
3179 486 3274 539 καὶ
3309 486 3397 540 διὰ
3448 490 3514 546 τὸ.

251 587 546 656 συμπαθὲς
569 585 663 638 καὶ
692 584 1068 657 φιλάνθρωπον
1097 585 1498 654 συμπάσχοντες
1526 584 1620 636 καὶ
1650 582 2039 651 συναλγοῦντες
2054 586 2171 646 τοῖς
2210 579 2526 634 ἀσθενοῦσιν
2589 580 2790 636 ἑαυτῶν
2828 579 3034 650 μέλεσι,
3087 583 3179 639 καὶ
3226 587 3512 656 μονονουχὶ

252 680 493 749 βοῶντες
529 683 589 751 τῇ
619 680 711 733 τοῦ
747 681 1066 734 Ἀποστόλου
1099 680 1348 742 διαθέσει,
1370 679 1476 750 τῷ,
1513 699 1532 732 ι
1557 679 1650 742 Τίς
1672 679 1904 745 ἀσθενεῖ,
1939 681 2032 733 καὶ
2059 681 2158 732 οὐκ
2189 677 2426 742 ἀσθενῶ;
2475 677 2559 739 τίς
2621 675 3027 741 σκανδαλίζεται
3104 679 3196 732 καὶ
3246 680 3344 733 οὑκ
3399 679 3511 749 ἐγὼ

252 788 572 842 πυρουμαις
604 791 621 822 ι

773 829 1166 921 ΚΕΦΛΛᾸΙΟΝ
1201 870 1320 924 ΛΒ’.

2482 861 2710 917 CAPUT
2749 861 2964 917 XXXII.

337 973 354 1003 ι
380 955 748 1022 ’Δγαλιιιάσυω
783 959 815 1026 ἡ
847 956 990 1028 ψυχή
1023 975 1120 1027 μου
1151 958 1241 1011 ἐπὶ
1267 957 1347 1029 τῷ
1367 959 1583 1028 Κυρίῳ·
1621 957 1834 1010 ἐνέδυσε

253 1047 367 1116 γάρ
424 1064 490 1116 με
539 1047 752 1116 ἱμάτιον
792 1049 1078 1119 σωτηρίου,
1111 1051 1203 1102 καὶ
1236 1049 1434 1121 χιτῶνα
1464 1049 1831 1120 εὐφροσύνης·

251 1139 555 1211 περιέθηκέ
609 1157 696 1210 μοι
741 1140 815 1202 ὡς
847 1142 1063 1212 νυμφίῳ
1099 1143 1315 1214 μίτραν,
1355 1143 1448 1195 καὶ
1493 1142 1568 1205 ὡς
1619 1141 1835 1214 νύμφην

250 1231 639 1301 κατεκόσμησέ
667 1248 733 1300 με
765 1232 968 1302 κόσμῳ.
994 1234 1104 1286 Καὶ
1133 1235 1209 1296 ὡς
1234 1234 1336 1304 γῆν
1361 1233 1627 1298 αὔξουσαν
1659 1233 1718 1285 τὸ
1739 1235 1833 1288 ἇν-

250 1321 347 1383 οος
379 1323 571 1392 αὐτῆς,
603 1322 696 1374 καὶ
722 1323 797 1385 ὡς
822 1324 995 1394 κῆπος
1027 1323 1096 1376 τὰ
1122 1325 1407 1397 σπέρματα
1429 1326 1592 1397 αὐτοῦ
1623 1327 1835 1380 ἀνατέλ-

247 1410 359 1476 λει,
391 1411 564 1476 οῦτως
594 1413 837 1466 ἁνατελεῖ
865 1414 1063 1486 Κύριος
1108 1416 1308 1487 Κύριος
1351 1395 1713 1490 δικαιοσύνην,
1742 1421 1834 1472 καὶ

247 1503 576 1575 ἁγαλλίαμα
607 1506 844 1560 ἐναντίον
877 1507 1090 1560 πάντων
1119 1509 1225 1560 τῶν
1254 1508 1441 1562 ἐθνῶν.
1475 1530 1492 1560 ›
1513 1511 1576 1562 ἸΙ
1607 1510 1700 1562 τοῦ
1726 1512 1835 1562 Κια-

251 1595 378 1664 ρίου
413 1595 570 1666 ἡμῶν
606 1597 780 1667 Ἰησοῦ
826 1599 1058 1669 Χριστοῦ
1099 1601 1264 1672 ψυχὴ,
1301 1603 1426 1674 περὶ
1451 1598 1518 1674 ἦς
1551 1603 1700 1672 ἔλεγε
1733 1605 1792 1656 τό
1815 1621 1829 1633 ο

253 1708 272 1737 ι
313 1689 620 1759 Περίλυπός
646 1691 791 1744 ἐστιν
818 1693 850 1761 ἡ
875 1691 1016 1763 ψυχή
1045 1711 1166 1764 μου,
1194 1714 1212 1744 ι
1246 1696 1338 1748 καὶ
1371 1696 1430 1748 τό
1449 1713 1461 1724 ο
1499 1717 1516 1746 ‹
1548 1697 1660 1749 Νῦν
1686 1700 1717 1768 ἡ
1740 1697 1834 1767 giu-

247 1781 323 1851 χή
356 1797 457 1850 μου
491 1781 841 1852 τετάρακται,
868 1801 886 1835 ι
926 1786 1011 1836 ἐπ’
1047 1785 1221 1838 οὐδενὶ
1253 1787 1359 1839 τῶν
1398 1788 1638 1860 γενητῶν
1666 1790 1833 1857 ἀγαλ-

246 1868 346 1940 λιᾷ
375 1870 472 1922 καὶ
495 1871 860 1941 εὐφραίνεται,
889 1873 922 1944 ἢ
951 1875 1042 1926 ἐπί
1075 1875 1220 1945 μόνῳ
1261 1876 1337 1947 τῷ
1379 1877 1553 1948 Πατρ“ι
1585 1879 1678 1930 καὶ
1724 1881 1832 1930 Ku-

250 1960 358 2030 ρίῳ
377 1977 392 1989 ο
426 1961 639 2013 ἐνέδυσε
667 1961 771 2033 γάρ
812 1979 893 2014 τοι
939 1964 1100 2015 αὐτὸν
1128 1964 1187 2015 τὸ
1207 1964 1305 2034 τῆς
1329 1965 1576 2037 θεότητος
1599 1967 1829 2037 ἱμάτιον,

247 2053 350 2104 καὶ
377 2051 469 2104 τὸν
497 2052 594 2123 τῆς
625 2052 856 2125 ἀληθοῦς
882 2055 972 2107 καὶ
1003 2055 1213 2118 τελείας
1245 2057 1581 2127 εὐφροσύνης
1610 2057 1826 2128 χιτῶνα·

245 2140 394 2194 ἀλλὰ
432 2143 525 2195 καὶ
564 2145 596 2213 ἡ
631 2143 698 2213 (ὁ)
737 2145 836 2214 μὲν
868 2145 1098 2215 νυμφίος
1131 2146 1339 2217 ὑπῆρχε
1371 2147 1465 2217 τῆς
1501 2147 1574 2217 μὴ
1604 2147 1831 2219 ἐχούσης

247 2233 447 2285 σπῖλον
489 2235 521 2304 ἢ
565 2236 746 2306 ῥυτίδα
778 2236 993 2308 νύμφης
1026 2237 1367 2306 Ἐκκλησίας,
1401 2238 1475 2301 ὡς
1505 2239 1717 2309 νυμφίῳ
1750 2240 1835 2310 μί-

247 2343 390 2396 τραν
419 2327 553 2396 αὐτῇ
587 2327 672 2397 (ᾧ)
708 2328 1052 2401 περιέθηκεν,
1079 2331 1111 2400 ἡ
1150 2329 1206 2382 δὲ
1236 2330 1419 2400 νύμφη
1446 2330 1544 2400 τῆς
1576 2331 1834 2384 ἀνωτάτω

243 2415 348 2466 τοῦ
379 2414 548 2483 ψόγου
569 2415 836 2489 θεότητος,
859 2419 922 2489 ἣν
952 2418 1027 2482 ὡς
1057 2420 1271 2490 νύμφην
1300 2420 1468 2491 αὐτὴν
1489 2421 1831 2491 κατεκόσμη-

249 2524 315 2559 σε
368 2506 446 2576 τῴ
481 2508 739 2578 πρέποντι
785 2509 1053 2580 πνεύματι
1083 2511 1381 2582 Κυρίῳ(ου)
1430 2511 1647 2582 κόσμῳ*
1700 2511 1835 2564 ἀλλὰ

250 2599 349 2651 καὶ
382 2598 458 2661 ὡς
496 2598 724 2670 εὔφορον
775 2600 866 2653 καὶ
895 2602 1106 2674 ἀγαθὴν
1135 2604 1236 2673 γῆν
1264 2604 1612 2673 ἐγεώργησεν
1641 2603 1829 2673 αὐτὴν,

248 2690 336 2743 ἔτι
367 2707 426 2742 τε
452 2689 528 2754 ὡς
556 2691 730 2761 κῆπον
758 2691 990 2758 αὔξοντα
1021 2695 1114 2747 καὶ
1139 2693 1397 2747 θάλλοντα
1440 2697 1549 2757 τοῖς
1583 2695 1640 2748 ἐν
1687 2694 1833 2765 αὐτῷ

250 2781 622 2852 βλαστήμασι,
651 2778 732 2846 οἷς
780 2785 874 2837 καὶ
922 2787 950 2837 ὁ
1000 2786 1166 2856 μέγας
1198 2785 1292 2839 τοῦ
1337 2785 1470 2839 Θεοῦ
1511 2785 1833 2856 παράδεισος

249 2875 770 2942 καταπεφυτεῦσθαι
815 2875 1255 2944 λέγεται.’¹Εσται
1300 2875 1356 2928 δὲ
1404 2874 1598 2939 ταῦτα,
1647 2876 1828 2945 φησὶν,

251 2967 382 3020 ἐπεὶ
406 2965 609 3029 δίκαιος
632 2967 706 3019 ῶν
734 2967 958 3038 Κύριος,
991 2969 1084 3022 καὶ
1105 2970 1163 3022 ού
1194 2969 1349 3040 μόνον
1381 2969 1666 3032 Ἰουδαίων,
1699 2971 1831 3023 ἀλλὰ

253 3059 352 3111 καὶ
385 3058 553 3111 ἐθνῶν
577 3060 833 3130 ὑπάρχων
855 3061 1005 3123 Θεὸς,
1026 3061 1262 3113 ἀνέτειλε
1290 3062 1388 3132 τὴν
1417 3061 1608 3116 ἑαυτοῦ
1633 3061 1833 3114 δικαιο-

258 3152 447 3222 σύνην,
480 3151 620 3204 τοῦτ’
653 3152 768 3205 ἐστι
804 3152 893 3205 τὸν
929 3152 1158 3225 Χριστὸν
1201 3154 1386 3216 αὐτοῦ,
1425 3154 1662 3209 ἐναντίον
1691 3155 1830 3207 πάν-

250 3261 364 3295 των
393 3243 500 3295 τῶν
527 3243 591 3295 δι’
619 3244 781 3296 αὐτοῦ
813 3245 1172 3297 πιστευόντων
1199 3244 1386 3298 ἐθνῶν.

763 3338 1156 3392 ΚΕΦΑΛΑΙΟΝ
1197 3339 1317 3392 AF'.

335 3428 569 3499 «Ἄρατε
603 3428 877 3500 σύσσημον
923 3433 1003 3494 εἰς
1045 3432 1114 3484 τὰ
1140 3430 1285 3501 ἐθνη.
1306 3432 1436 3484 Ἰδοὺ
1467 3433 1592 3501 γὰρ,
1631 3433 1830 3504 Κύριος

253 3522 509 3591 ἐποίησεν
542 3521 803 3574 ἀκουστὸν
845 3521 946 3585 ἓως
981 3523 1207 3592 ἐσχάτου
1237 3524 1335 3592 τῆς
1367 3525 1488 3594 γῆς.
1525 3523 1729 3576 Εἴπατε
1763 3529 1825 3595 τῇ

253 3615 485 3686 θυγατρὶ
515 3613 652 3667 Σιών
677 3633 689 3644 ·
734 3614 862 3666 Ἰδού
892 3632 973 3668 σοι
1005 3618 1033 3687 ῤ
1059 3615 1248 3686 Σωτὴρ
1284 3615 1653 3686 παραγέγονεν
1689 3616 1827 3686 ἔχων

253 3708 346 3759 τὸν
393 3706 586 3760 ἑαυτοῦ
641 3707 827 3776 μισθὸν
859 3708 976 3777 μετ’
1010 3708 1194 3773 αὑτοῦ,
1229 3707 1322 3760 καὶ
1372 3708 1433 3760 τὺ
1479 3708 1637 3780 ἔργον
1664 3708 1825 3761 αὐτοῦ

254 3794 363 3864 πρὸ
394 3792 680 3864 προσώπου
713 3793 876 3847 αὐτοῦ
897 3812 910 3824 ·
946 3795 1038 3847 καὶ
1073 3796 1286 3848 καλέσει
1315 3796 1474 3849 αὐτὸν
1499 3795 1626 3850 λαὸν
1652 3797 1823 3866 ἅγιον,

254 3883 659 3955 λελυτρωμένον
688 3885 791 3938 ὑπὸ
820 3886 1023 3956 Κυρίου
1043 3903 1056 3915 ·
1089 3887 1152 3938 σὺ
1177 3886 1233 3939 δὲ
1271 3887 1515 3960 κληθήσῃ
1541 3888 1826 3958 ἐπιζητου-

256 3972 394 4044 μένη
416 3973 588 4037 πόλις,
618 3975 711 4026 καὶ
725 3976 822 4027 οὐκ
851 3975 1542 4049 ἐγκαταλελειμμένη.ι-ι
1569 3979 1662 4040 Τίς
1678 3975 1827 4043 οὗτος

251 4067 282 4118 ὁ
299 4065 740 4137 παραγενόμενος
757 4065 1028 4138 ἐξἙδὼμ,
1056 4067 1305 4140 ἐρύθημα
1337 4070 1564 4140 ἱματίων
1577 4071 1739 4124 αὐτοῦ
1764 4077 1826 4124 ἐκ

252 4155 457 4225 Βοσόρς
486 4154 670 4218 Οὕτως
690 4156 889 4227 ὡραῖος
905 4159 960 4209 ἐν
979 4162 1136 4229 στολῇ
1155 4160 1339 4224 αὑτοῦ,
1356 4160 1444 4232 βίᾳ
1461 4161 1596 4231 μετὰ
1615 4163 1824 4232 ίσχύος;

265 4245 408 4313 Ἐγὼ
428 4247 741 4318 διαλέγομαι
757 4248 1096 4319 δικαιοσύνην
1120 4250 1212 4303 καὶ
1237 4251 1411 4320 κρίσιν
1430 4269 1715 4322 σωτηριου.
1733 4254 1828 4306 Διὰ

250 4339 306 4391 τί
333 4356 422 4390 σου
453 4338 658 4410 ἐρυθρὰ
683 4339 751 4393 τὰ
783 4341 990 4411 ἱμάτια,
1012 4343 1105 4394 καὶ
1129 4342 1197 4396 τὰ
1219 4344 1490 4414 ἐνδύματὰ
1514 4361 1604 4396 σου
1630 4345 1704 4408 ὡς
1723 4346 1827 4398 ἀπὸ

253 4429 496 4498 πατητοῦ
530 4430 728 4500 ληνοῦ;
761 4432 978 4501 Πλήρης
1007 4433 1555 4504 καταπεπατημένης,
1590 4433 1680 4486 καὶ
1720 4434 1827 4485 τῶν

251 4519 423 4572 ἐθνῶν
445 4519 542 4571 οὐκ
568 4520 712 4572 ἐστιν
746 4521 885 4590 ἀνὴρ
921 4524 1035 4591 μετ’
1067 4521 1222 4591 ἐμοῦ,
1242 4523 1335 4575 καὶ
1365 4524 1713 4594 κατεπάτησα
1734 4523 1829 4576 αύ-

249 4616 379 4674 τοὺς
404 4615 460 4665 ἐν
491 4611 645 4682 θυμῷ
690 4630 811 4683 μου.
837 4634 854 4663 ›
892 4613 1056 4666 Πάλιν
1085 4615 1317 4667 ἐνταῦθα
1339 4618 1372 4685 ἡ
1399 4616 1696 4686 προφητεία
1725 4634 1831 4669 πα-

253 4702 604 4775 ρακελεύεται
637 4703 818 4756 λαϐεῖν
854 4704 1129 4775 σύσσημον
1155 4706 1282 4777 περὶ
1309 4707 1403 4775 τῆς
1439 4706 1496 4771 ἐξ
1525 4706 1690 4758 ἐθνῶν
1707 4708 1827 4759 Ἐκ-

250 4797 503 4866 γλησίας,
541 4797 942 4868 ὑπισχνουμένη
987 4797 1307 4861 ἐξάκουστόν
1355 4816 1404 4850 τι
1455 4800 1699 4869 ποιήσειν
1737 4799 1827 4851 τὸν

2013 975 2030 1007 ι
2067 955 2310 1012 Gaudeat
2334 957 2513 1012 anima
2537 971 2655 1010 mea
2681 955 2735 1010 in
2770 955 2997 1011 Domino
3026 975 3037 1010 :
3067 956 3193 1026 quia
3218 957 3395 1013 induit
3420 977 3504 1016 me

1935 1048 2274 1104 vestimentis
2315 1049 2509 1103 salutis
2535 1066 2548 1101 :
2579 1055 2634 1102 et
2663 1047 2980 1102 indumento
3013 1032 3242 1117 justitia:
3267 1049 3504 1105 circum-

1935 1137 2084 1193 dedit
2108 1155 2211 1202 me,
2237 1139 2392 1209 quasi
2409 1153 2668 1209 sponsum
2687 1137 3001 1193 decoratum
3018 1153 3239 1203 corona,
3265 1148 3318 1194 et
3344 1142 3500 1210 quasi

1937 1246 2191 1300 sponsam
2218 1239 2468 1286 ornatam
2504 1230 2798 1285 monilibus
2831 1230 2966 1285 suis.
2999 1228 3151 1284 Sicut
3171 1230 3316 1286 enim
3356 1239 3502 1287 terra

1934 1319 2141 1391 profert
2170 1336 2389 1390 germen
2422 1333 2581 1375 suum
2600 1358 2615 1383 ,
2647 1328 2700 1374 et
2729 1320 2874 1375 sicut
2907 1319 3100 1374 hortus
3127 1334 3314 1374 semen
3341 1333 3502 1374 suum

1934 1413 2237 1483 germinat,
2265 1413 2347 1467 sic
2377 1411 2642 1468 Dominus
2672 1411 2814 1466 Deus
2845 1412 3170 1482 germinabit
3191 1412 3462 1482 justitiam
3484 1452 3500 1478 ,

1935 1512 1989 1560 et
2036 1503 2250 1558 laudem
2305 1519 2492 1558 coram
2544 1503 2816 1558 universis
2867 1503 3122 1573 gentibus
3164 1506 3202 1556 ⁸.
3237 1523 3256 1556 ι
3286 1503 3499 1558 Domini

1935 1595 2257 1653 nostriJcsu
2275 1594 2481 1650 Christi
2523 1596 2736 1658 anima,
2792 1595 2857 1649 de
2902 1610 3009 1665 qua
3054 1595 3190 1649 dixit
3216 1615 3228 1650 :
3259 1613 3277 1646 ‹
3307 1594 3502 1651 Tristis

1934 1696 2018 1744 est
2061 1688 2242 1744 anima
2286 1703 2407 1742 mea
2444 1691 2490 1753 ⁵⁸,
2525 1707 2543 1739 ι
2575 1696 2667 1742 et:
2701 1707 2718 1737 ι
2751 1685 2907 1741 Nunc
2929 1687 3108 1742 anima
3147 1701 3265 1743 mea
3284 1686 3503 1741 turbata

1934 1787 2018 1832 est
2055 1779 2099 1843 ³,
2131 1799 2149 1831 ›
2178 1779 2232 1832 in
2273 1778 2423 1834 nulla
2464 1783 2841 1831 creaturarum
2887 1777 3088 1846 gaudet
3129 1785 3186 1830 et
3235 1776 3500 1838 exsultat,

1935 1868 2038 1922 nisi
2076 1869 2129 1921 in
2165 1868 2283 1923 solo
2314 1866 2472 1920 Patre
2500 1874 2554 1920 et
2583 1865 2833 1922 Domino.
2880 1865 3059 1922 Induit
3088 1867 3235 1921 enim
3263 1882 3388 1922 eum
3418 1867 3502 1920 di-

1933 1958 2176 2012 vinitatis
2208 1958 2555 2020 vestimento,
2586 1971 2835 2026 veraeque
2882 1967 2936 2011 et
2979 1956 3234 2026 perfectae
3275 1957 3505 2026 iustitiae

1933 2049 2276 2105 indumento.
2312 2049 2418 2104 Sed
2449 2056 2502 2105 et
2533 2063 2769 2119 sponsus
2793 2049 3005 2104 exstitit
3027 2064 3201 2119 neque
3233 2051 3502 2105 maculam

1939 2158 2116 2212 neque
2155 2157 2342 2213 rugam
2371 2141 2620 2195 habentis
2649 2155 2866 2210 sponsae
2894 2139 3150 2197 Ecclesiae
3170 2182 3186 2206 ,
3218 2156 3339 2212 quae
3376 2156 3500 2196 eum

1866 2221 1910 2275 Β
1938 2236 2092 2304 quasi
2124 2250 2326 2290 corona
2373 2233 2766 2298 circumdedit,
2811 2247 3011 2304 sponsa
3051 2249 3182 2289 vero
3215 2235 3503 2306 integerri-

1936 2342 2037 2381 mm
2064 2327 2400 2392 divinitatis,
2431 2341 2595 2398 quam
2630 2325 2776 2380 velut
2803 2341 3061 2395 sponsam
3106 2327 3368 2397 praeclaro
3398 2326 3503 2380 Do-

1936 2419 2069 2473 mini
2122 2420 2318 2491 spiritu
2375 2420 2672 2475 decoravit.
2733 2421 3006 2477 Prazterea
3061 2420 3206 2476 sicut
3265 2419 3504 2475 fertilem

1934 2509 2313 2579 egregiamque
2337 2516 2540 2563 terram
2568 2509 2810 2564 excoluit
2836 2524 2954 2564 eam
2975 2549 2991 2574 ,
3017 2518 3179 2592 atque
3206 2507 3350 2563 sicut
3377 2506 3503 2559 hor-

1935 2610 2048 2654 tum
2093 2601 2490 2671 germinantem
2536 2609 2590 2656 et
2630 2600 2971 2672 germinibus
3019 2601 3134 2655 suis
3182 2597 3500 2658 ﬂorentem,

1934 2693 2133 2761 quibus
2166 2699 2219 2746 et
2251 2708 2481 2764 magnus
2511 2691 2605 2747 Dei
2637 2691 2925 2762 paradisus
2963 2701 3188 2746 ornatus
3218 2690 3386 2746 fuisse
3415 2689 3502 2742 di-

1935 2785 2098 2839 citur.
2131 2783 2256 2840 Haec
2278 2794 2463 2851 erunt,
2497 2786 2606 2850 ait,
2657 2792 2944 2856 postquam
2981 2784 3164 2853 justus
3197 2783 3455 2839 Dominus
3482 2781 3498 2846 ,

1935 2893 2035 2932 nec
2089 2875 2250 2930 modo
2301 2874 2612 2931 Iudaeorum
2665 2876 2757 2932 sed
2807 2881 2862 2928 et
2910 2875 3149 2944 gentium
3195 2873 3504 2929 dominator

1933 2969 2099 3034 Deus,
2129 2985 2281 3024 suam
2307 2970 2692 3041 germinaverit
2706 2969 2998 3039 justitiam,
3028 2968 3081 3020 id
3109 2973 3194 3023 est
3221 2965 3501 3021 Christum

1934 3077 2128 3126 suum,
2173 3075 2358 3116 coram
2401 3061 2670 3117 universis
2718 3073 2839 3130 qua:
2882 3057 2936 3111 in
2973 3073 3098 3112 cum
3145 3054 3498 3112 crediderunt

1932 3156 2206 3225 gentibus.

2462 3331 2691 3387 CAPUT
2731 3331 2967 3387 XXXIII.

2004 3443 2023 3475 «
2063 3421 2280 3506 Elevate
2309 3423 2523 3493 signum
2558 3424 2624 3476 ad
2655 3424 2906 3493 populos.
2941 3423 3080 3477 Ecce
3112 3420 3376 3478 Dominus
3405 3435 3500 3477 au-

1930 3515 2101 3568 ditum
2123 3513 2250 3569 fecit
2272 3513 2326 3567 in
2353 3514 2610 3568 extremis
2627 3521 2803 3568 terras.
2829 3512 3000 3567 Dicite
3023 3512 3146 3567 ﬁliae
3169 3512 3299 3567 Sion
3323 3529 3337 3566 :
3363 3510 3503 3567 Ecce

1933 3605 2183 3659 Salvator
2211 3613 2336 3659 tuus
2364 3608 2511 3659 venit
2542 3623 2556 3659 :
2585 3619 2714 3660 ecce
2745 3619 2956 3660 merces
3003 3603 3122 3673 ejus
3168 3619 3292 3659 cum
3323 3619 3418 3670 eo,
3449 3612 3503 3658 et

1931 3713 2066 3768 opus
2096 3697 2216 3767 ejus
2236 3711 2418 3752 coram
2441 3697 2552 3752 illo.
2583 3696 2649 3750 Et
2679 3698 2951 3752 vocabunt
2971 3711 3087 3762 eos,
3118 3697 3350 3766 populus
3370 3712 3502 3753 san-

1931 3800 2072 3852 ctus,
2109 3788 2373 3858 redempti
2431 3803 2462 3842 a
2517 3787 2764 3844 Domino.
2822 3786 2905 3843 Tu
2945 3796 3124 3842 autem
3169 3787 3498 3843 vocaberis:

1919 3880 2164 3947 .Quaasita
2194 3880 2386 3936 civitas
2436 3886 2490 3937 et
2521 3896 2632 3936 non
2684 3881 2940 3937 derelicta
2961 3883 3002 3939 ⁸.
3044 3901 3062 3935 ›
3100 3913 3166 3923 -
3201 3902 3220 3936 ι
3255 3881 3388 3949 Quis
3418 3895 3503 3940 est

1930 3976 2031 4030 iste
2056 3975 2149 4046 qui
2178 3968 2324 4029 venit
2357 3975 2424 4030 de
2460 3974 2622 4030 Edom
2647 4012 2664 4042 ,
2703 3975 2889 4030 tinctis
2923 3977 3164 4032 vestibus
3208 3977 3274 4032 de
3299 3977 3504 4032 Bosra?

1929 4063 2035 4120 Iste
2069 4064 2340 4118 formosus
2369 4065 2421 4118 in
2456 4065 2593 4120 stola
2623 4079 2743 4129 sua,
2778 4065 3032 4136 gradiens
3066 4066 3119 4120 in
3155 4066 3502 4121 multitudine

1929 4153 2260 4210 fortitudinis
2281 4140 2432 4209 suae?
2455 4153 2565 4228 Ego
2589 4155 2680 4224 qui
2710 4155 2899 4224 loquor
2915 4154 3206 4223 justitiam,
3228 4165 3280 4210 et
3297 4171 3500 4225 propu-

1928 4255 2118 4316 gnator
2149 4262 2268 4300 sum
2303 4229 2370 4299 ad
2415 4247 2752 4301 salv'andum.
2783 4245 2961 4311 Quare
3001 4261 3130 4317 ergo
3159 4250 3384 4303 rubrum
3419 4261 3503 4304 est

1930 4337 2308 4412 indumentum
2335 4320 2520 4401 tt'tuni,
2539 4343 2611 4392 ‘et
2642 4337 2962 4392 vestimenta
2991 4347 3081 4390 tua
3112 4338 3253 4392 sicut
3281 4341 3500 4394 calcan-

1929 4430 2063 4482 tium
2099 4429 2152 4482 in
2188 4415 2789 4484 t’orc‘ulai'if'Tdrcular
2837 4429 3038 4483 calcavi
3090 4431 3270 4494 solus,
3327 4440 3380 4487 et
3434 4435 3502 4489 de

1932 4522 2180 4592 gentibus
2202 4537 2310 4574 non
2342 4507 2524 4576 e‘stvir
2557 4536 2770 4576 mecum
2804 4540 2817 4574 :
2854 4521 3058 4575 calcavi
3089 4537 3183 4577 eos
3230 4525 3282 4578 in
3319 4524 3502 4581 furore

1929 4614 2107 4668 meo”.
2144 4631 2164 4665 ›
2193 4611 2388 4668 Iterum
2423 4613 2510 4666 hic
2539 4612 2821 4682 prophetia
2845 4612 2998 4682 jubet
3024 4614 3270 4684 accipere
3287 4615 3499 4687 signum

1929 4704 1996 4758 de
2022 4705 2260 4775 gentium
2297 4693 2559 4768 EcClesia,
2588 4705 2910 4774 promittens
2937 4705 3082 4775 quod
3108 4705 3370 4765 Dominus
3404 4726 3502 4764 au-

1930 4796 2103 4851 ditum
2135 4796 2294 4851 faciet
2327 4813 2499 4866 usque
2528 4797 2595 4850 ad
2627 4804 2869 4853 extrema
2915 4805 3108 4866 terrae;
3141 4801 3284 4871 quod
3315 4809 3369 4857 et
3400 4803 3502 4856 im-

248 4887 458 4959 Κύριον
502 4888 606 4951 ’έως
650 4888 876 4958 ἐσχάτου
923 4889 1020 4957 τῆς
1065 4889 1165 4959 γῆς
1188 4906 1201 4919 ·
1235 4889 1263 4941 ὂ
1291 4891 1381 4942 καὶ
1413 4888 1584 4960 πέρας
1615 4888 1827 4961 εἴληχεν

1934 4890 2134 4960 pletum
2150 4891 2546 4946 estSaIvatoris
2569 4891 2739 4946 nostri
2760 4889 3169 4962 Jesujadventu,
3204 4894 3257 4949 in
3285 4911 3498 4950 omnem

251 4979 396 5052 (φεν)
426 4980 518 5032 ἐπὶ
537 4983 601 5051 τῇ
629 4980 719 5033 τοῦ
750 4981 1000 5052 Σωτῆρος
1026 4981 1181 5051 ἡμῶν
1226 4981 1396 5051 Ἰησοῦ
1428 4984 1716 5054 παρουσία,
1748 4985 1827 5045 εἰς

250 5076 432 5127 πᾶσαν
463 5073 560 5144 τὴν
596 5073 698 5144 γῆν
730 5074 1035 5140 ἐξελθόντος
1067 5074 1158 5127 τοῦ
1199 5073 1435 5143 φθόγγου
1464 5075 1571 5128 τῶν
1600 5077 1825 5130 ἀποστό-

247 5168 360 5220 λων
387 5164 574 5229 αὑτοῦ,
610 5170 703 5220 καὶ
748 5168 828 5229 είς
871 5166 940 5219 τὰ
985 5167 1192 5239 πέρατα
1226 5169 1322 5238 τῆς
1367 5171 1690 5241 οἰκουμένης
1717 5171 1824 5224 τῶν

253 5257 513 5329 ῥημάτων
546 5257 741 5311 αὐτῶν.
760 5258 918 5329 Ἑξῆς
940 5261 1151 5332 εἴρηται
1172 5277 1185 5290 ο
1229 5278 1246 5311 ι
1275 5261 1475 5314 Εἴπατε
1506 5266 1622 5325 ταῖς
1657 5263 1824 5332 θυγα-

1114 5352 1137 5372 P
1167 5352 1232 5372 1A,
1261 5352 1357 5372 3",_Q

249 5458 343 5496 ται
379 5441 488 5512 γάρ
518 5459 600 5494 τοι
626 5442 919 5514 θυγατέρες
944 5443 1009 5496 ἂν
1042 5441 1151 5498 εἷεν
1183 5445 1280 5513 τῆς
1307 5446 1626 5517 ἐπουρανίου
1655 5446 1790 5500 Σιὼν
1811 5487 1825 5511 ,

256 5553 278 5585 ‹
303 5535 425 5605 ἥτις
471 5536 586 5587 ἐστὶ
634 5537 816 5606 μήτηρ
860 5536 1014 5606 ἡμῶν
1060 5557 1078 5588 ι
1129 5537 1268 5592 κατὰ
1307 5538 1397 5590 τὸν
1433 5538 1826 5612 ’Λπόστολονὴ

257 5648 277 5680 ι
300 5628 430 5681 Ἰδού
465 5645 544 5680 σοι
570 5630 598 5680 ὁ
632 5628 820 5698 Σωτὴρ
847 5628 1201 5699 παραγίνεται
1232 5631 1372 5702 ἔχων
1403 5632 1495 5684 τὸν
1522 5630 1710 5684 ἑαυτοῦ
1734 5648 1825 5703 μι·

329 5746 346 5819 ξ
389 5743 490 5800 Isa.
527 5759 650 5819 ex],
685 5745 769 5811 10,
816 5746 899 5798 Η.
977 5748 995 5776 ¹
1037 5747 1226 5804 Matth.
1263 5766 1420 5819 xxvr,
1457 5751 1545 5807 58.

257 5817 276 5847 ⁸
308 5815 427 5871 Gai.
469 5833 542 5879 tv,
579 5815 668 5868 ‘26.

496 5908 767 5968 PATBOL.
801 5906 916 5966 Gn.
945 5905 1150 5970 XXII.

1663 5752 1684 5783 ³
1724 5751 1880 5808 Joan.
1913 5767 1991 5806 xu
2011 5750 2120 5818 ,27.

1933 4991 2133 5048 terram
2169 4983 2364 5038 dill‘usa
2389 4985 2758 5054 apostolorum
2799 4985 2918 5055 ejus
2956 4985 3359 5055 praedicatione,
3377 5004 3502 5042 ver-

1931 5075 2123 5146 bisque
2167 5091 2352 5132 eorum
2403 5076 2471 5130 ad
2521 5085 2761 5131 extrema
2817 5084 2996 5131 terrae.
3049 5076 3182 5132 Dein
3225 5077 3427 5133 dicitur
3487 5100 3498 5134 :

1937 5187 1954 5219 ι
1991 5168 2164 5224 Dicite
2191 5167 2404 5223 ﬁliabus
2445 5166 2574 5222 Sion
2607 5187 2625 5220 ›
2661 5168 2920 5238 (gentium
2964 5168 3174 5224 scilicet
3207 5168 3497 5225 Ecclesiis:

1931 5261 2060 5330 ipsa:
2074 5261 2217 5316 enim
2246 5261 2368 5314 lilia:
2392 5267 2519 5315 sunt
2551 5259 2792 5314 caelestis
2837 5258 2987 5326 Sion,
3023 5279 3041 5312 ι
3072 5277 3192 5333 ηοω
3215 5269 3300 5318 est
3330 5271 3503 5317 mater

1929 5362 2138 5419 nostra,
2181 5374 2200 5406 ι
2228 5354 2384 5424 juxta
2413 5353 2731 5424 Apostolum
2757 5351 2834 5425 ‘):
2869 5373 2888 5405 ι
2930 5353 3066 5410 Ecce
3096 5354 3342 5410 Salvator
3373 5363 3501 5411 tuus

1929 5448 2097 5511 venit,
2126 5463 2251 5503 ecce
2282 5461 2491 5501 merces
2513 5446 2632 5516 ejus
2659 5461 2782 5500 cum
2815 5461 2899 5511 eo,
2937 5465 2955 5498 ›
2981 5454 3034 5502 et
3056 5448 3501 5520 reliqua,quibus

1929 5537 2233 5594 ostenditur
2285 5537 2560 5594 secundus
2606 5535 2810 5592 Christi
2840 5538 3126 5603 adventus,
3160 5555 3284 5594 cum
3331 5541 3500 5612 judex

1929 5633 2126 5698 veniet,
2200 5630 2429 5687 reddens
2491 5630 2779 5700 unicuique
2822 5629 2986 5700 hujus
3060 5632 3183 5688 vita
3229 5633 3497 5690 factorum

2223 5743 2274 5782 δ’
2305 5763 2384 5804 sa.
2434 5761 2551 5821 LXII
2577 5786 2590 5813 ,
2626 5746 2728 5811 I0,
2783 5746 2868 5802 II.
2979 5746 3001 5777 ⁵
3035 5744 3138 5802 Isa.
3173 5765 3307 5807 um
3331 5794 3344 5820 ,
3379 5751 3494 5808 1—3.

3059 5912 3134 5975 ιο
