3974 6478
519 337 545 393 ί
555 337 660 393 ὶ59

1219 331 1487 388 EUSEBII
1523 329 2004 387 CESARIENSIS
2037 331 2186 388 OPP.
2225 331 2405 387 PARS
2443 330 2531 387 Ill.
2571 358 2641 372 -—
2677 327 3086 387 EXEGETICA.

3641 335 3774 390 ’ἱειῆ

517 454 860 518 mercedem,
932 452 1365 524 ﬂagitiorumque
1432 467 1554 524 qua:
1610 452 1737 524 quis
1813 452 2064 509 admiseri

2198 455 2340 520 σθδν,
2371 475 2388 508 ι
2423 456 2519 509 καὶ⁵
2561 453 2628 508 τὰ
2659 453 2867 517 τούτοις
2897 453 3043 524 ἑξῆς,
3075 452 3142 505 δι’
3175 445 3250 506 ῶν
3283 451 3538 524 δηλοῦται
3587 458 3621 526 ἡ
3663 457 3776 510 δευ-

516 563 755 621 pmnem.
783 547 914 602 Dein
943 547 1288 617 interrogans
1309 546 1498 616 adjicit
1533 562 1713 603 sermo
1738 567 1751 603 :
1793 565 1812 600 ι
1854 548 1988 615 Quis
2011 557 2094 605 est

516 641 620 696 iste
647 639 741 711 qui
773 640 919 693 venit
940 637 1006 692 de
1032 637 1225 702 Edom,
1249 639 1434 694 tinctis
1469 639 1708 696 vestibus
1754 640 1823 696 de
1856 640 2036 712 Bosraj
2070 660 2088 693 ι

497 733 680 808 ⁸((ιιιοιι
709 731 1096 800 interpretatur
1152 731 1484 802 terrestris),
1517 749 1535 782 ι
1576 733 1676 788 iste
1708 731 1981 790 formosus
2036 735 2090 789 in

516 825 656 879 stola
684 823 822 878 sua?
850 843 868 875 ι
917 821 1031 877 Hoc
1082 821 1293 878 videtur
1325 824 1505 880 dicere
1532 833 1586 880 et
1613 833 1735 896 post
1757 825 2092 881 incarnatio-

513 930 657 979 nem,
676 921 729 968 et
758 923 879 984 post
899 915 1350 979 exinanitionem,
1373 925 1426 972 et
1458 916 1514 970 in
1543 923 1688 972 terra
1705 919 2087 972 commoratio-

510 1021 655 1070 nem,
688 1014 742 1061 et
775 1007 1080 1076 passionem
1108 1051 1123 1074 ,
1178 1018 1232 1064 et
1265 1008 1332 1062 ad
1362 1017 1609 1066 mortuos
1655 1009 2085 1077 descensionem,

509 1096 807 1151 admiratus
862 1097 1319 1176 pulchritudinem
1374 1106 1429 1154 et
1486 1099 1739 1155 decorem
1787 1097 2086 1156 Salvatoris

509 1189 628 1244 sine
666 1189 773 1242 ulla
795 1181 1193 1255 commistione,
1228 1205 1403 1265 neque
1434 1207 1646 1263 rugam,
1677 1207 1853 1263 neque
1903 1209 2089 1248 macu-

506 1280 636 1344 lam,
665 1298 840 1352 neque
887 1283 1282 1338 deformitatem
1329 1299 1359 1338 e
1411 1285 1656 1340 terrestri
1703 1286 2085 1357 corporalique

505 1372 838 1429 habitatione
882 1376 1088 1430 medias
1122 1375 1259 1430 inter
1318 1391 1405 1432 res
1441 1376 1720 1431 hominum
1775 1379 2078 1434 consecuti.

505 1463 616 1543 lmo
651 1465 1021 1522 fortitudinem
1067 1468 1186 1536 ejus
1231 1484 1558 1539 magnopere
1611 1470 1950 1537 admiratur,
1986 1474 2078 1543 qui

502 1541 718 1613 om’nem
751 1559 948 1613 diaboli
979 1560 1275 1615 exercitum
1315 1563 1625 1620 debellavit.
1661 1566 1825 1621 Addit
1866 1541 2075 1638 igitur:

507 1669 524 1700 ι
557 1647 690 1715 Quis
717 1650 821 1704 iste
851 1651 1126 1706 formosus
1165 1651 1221 1706 in
1257 1653 1395 1708 stola
1419 1669 1536 1717 sua.
1570 1655 1827 1726 gradiens
1858 1658 1911 1712 in
1945 1659 2081 1712 mul-

501 1746 731 1799 titudine
754 1745 1090 1802 fortitudinis
1117 1747 1271 1802 sum?
1305 1766 1323 1800 ι
1357 1746 1437 1800 Ad
1483 1763 1645 1817 quam
1692 1748 2078 1820 interrogatio-

2194 548 2326 620 τέρα
2349 547 2442 601 τοῦ
2472 545 2707 618 Χριστοῦ
2738 545 3029 616 παρουσία,
3067 545 3154 597 ὅτε
3185 546 3378 616 κριτὴς
3416 545 3538 616 ἣξει
3565 547 3771 600 ἀποδώ-

2195 656 2300 691 σων
2333 640 2545 709 ἑκάστῳ
2571 637 2680 690 τῶν
2728 638 2819 690 ἐπὶ
2859 634 2951 688 τοῦ
2990 636 3256 706 παρόντος
3303 637 3480 689 πόνων
3532 637 3661 700 τοὺς
3693 656 3775 707 μι-

2194 730 2372 794 σθοὺς,
2403 731 2494 784 καὶ
2540 723 2612 782 ὧν
2663 729 2892 790 ἕκαστος
2922 726 3138 796 φαύλων
3184 727 3479 796 εἰργάσατο
3536 727 3634 780 νῦν
3682 728 3773 790 τὰς

2190 820 2438 891 ἀμοιϐάς.
2457 821 2611 891 Ἑξῆς
2635 819 2840 882 τούτοις
2865 819 3027 871 οἱονεὶ
3057 818 3347 888 ἐπερωτῶν
3373 821 3401 870 6
3429 817 3599 884 λόγος
3625 821 3768 888 ergi-

2196 935 2213 968 ι
2241 916 2336 980 Τίς
2367 909 2563 978 οῦτοςό
2587 913 3020 985 παραγινόμενος
3047 911 3107 976 ἐξ
3133 909 3333 982 Ἐδὼμ,
3363 911 3625 982 ἐρύθημα
3649 915 3770 983 ίμα-

2188 1008 2334 1072 τίων,
2383 1028 2400 1061 ι
2436 1008 2504 1078 (ὃ
2531 1005 2890 1078 ἑρμηνεύεται
2929 1004 3181 1076 irritat-qu
3216 1003 3515 1076 «ἐρύθημα
3545 1007 3773 1076 ἱματίων

2186 1101 2251 1154 ἐκ
2278 1101 2445 1172 Βοσόρ
2465 1119 2476 1131 ’
2512 1099 2682 1162 οὕτως
2715 1099 2912 1170 ὡραῖος
2949 1099 3004 1150 ἐν
3025 1097 3088 1169 (f.
3113 1096 3182 1150 60
3208 1097 3290 1168 νο)
3325 1097 3522 1169 στολῇ;
3558 1119 3576 1149 ι
3606 1099 3772 1153 Τοῦτο

2184 1192 2241 1246 δὲ
2275 1192 2445 1246 ἔοικεν
2489 1191 2766 1264 εἰρηκέναι
2800 1189 3204 1261 ἀποθαυμάζων
3250 1189 3310 1242 τὸ
3356 1191 3450 1242 καὶ
3495 1192 3639 1261 μετὰ.
3676 1191 3770 1262 τὴν

2183 1284 2592 1356 ἐνανθρὼπησιν
2622 1284 2714 1336 καὶ
2773 1283 2870 1355 τὴν
2899 1283 3147 1348 κένωσιν,
3179 1284 3272 1337 καὶ
3296 1285 3392 1355 τὴν
3415 1284 3508 1336 ἐπὶ
3533 1284 3638 1353 γῆς
3660 1285 3771 1337 δια-

2180 1376 2392 1448 τριϐὴν,
2427 1377 2520 1429 καὶ
2557 1364 2704 1445 ’μετὰ
2745 1374 2806 1427 τὸ
2849 1373 3015 1437 πάθος
3065 1375 3159 1427 καὶ
3183 1373 3279 1445 τὴν
3307 1373 3532 1427 κάθοδον
3566 1374 3663 1444 τὴν
3694 1377 3767 1438 εἰς

2180 1469 2425 1539 νεκροὺς,
2457 1468 2655 1540 ὡραῖον
2688 1466 2782 1520 καὶ
2814 1466 3062 1538 λαμπρὸν
3111 1465 3204 1518 τοῦ
3249 1466 3478 1529 κάλλους
3527 1465 3623 1518 τοῦ
3657 1467 3765 1519 Σω-

2177 1560 2342 1632 τῆρος
2383 1561 2439 1612 ἐν
2479 1559 2667 1630 μηδενὶ
2700 1557 3078 1628 συγχυθέντος,
3113 1558 3249 1627 μηδέ
3277 1557 3446 1628 ῥύπον
3485 1559 3628 1628 μήτε
3665 1558 3765 1628 μὴν

2178 1650 2370 1720 κηλῖδα
2397 1650 2488 1702 καὶ
2513 1649 2697 1702 σπῖλον
2724 1650 2831 1702 ἀπὸ
2857 1649 2953 1719 τῆς
2987 1647 3173 1718 ὑλικῆς
3199 1649 3291 1702 καὶ
3324 1647 3648 1717 σωματικῆς
3677 1665 3762 1698 κα·

2175 1741 2486 1804 ταστάσεως
2519 1740 2624 1792 τῶν
2654 1757 2711 1792 τε
2743 1740 2945 1810 γηΐνων
2986 1740 3079 1793 καὶ
3121 1739 3473 1810 ἀνθρωπείων
3511 1739 3764 1809 πραγμάο

499 1853 620 1890 nem
643 1835 889 1892 Salvator
907 1853 991 1892 res
1000 1837 1425 1907 pondet,docens
1443 1839 1565 1908 quis
1583 1839 2051 1911 esset,dicensque

2183 1849 2289 1882 των
2311 1830 2706 1901 ἀναδεξαμένου
2731 1847 2744 1861 ο
2782 1831 2861 1884 ἔτι
2889 1831 2945 1884 δὲ
2973 1831 3065 1882 καὶ
3090 1829 3185 1901 τὴν
3220 1833 3370 1901 ἰσχὺν
3400 1830 3571 1884 αὑτοῦ
3601 1847 3763 1884 κατα-

503 1947 522 1979 ‹
556 1928 665 1998 Ego
693 1929 784 2000 qui
813 1929 1004 2000 loquor
1037 1929 1328 1998 justitiam,
1361 1939 1413 1987 et
1451 1943 1823 2003 propugnator
1861 1949 1981 1988 sum
2011 1932 2064 1987 ac‘

2179 1923 2562 1995 πληττόμενος.
2592 1926 2689 1994 τὴν
2715 1926 2889 1977 πᾶσαν
2929 1923 3022 1976 τοῦ
3062 1923 3306 1978 διάϐολου
3341 1925 3608 1996 στρατιὰν
3630 1941 3758 1976 κατ-

497 2021 836 2074 salvandum.
878 2040 895 2072 ι
935 2019 1256 2092 Rursusque
1288 2022 1353 2076 ad
1385 2038 1509 2077 eum
1546 2039 1726 2078 sermo
1754 2025 1908 2094 quasi
1955 2041 2064 2095 pro'

2177 2015 2602 2084 αγωνισαμένου.
2639 2014 2916 2084 Ἑπιφέρει
2949 2013 3030 2077 τὸ,
3067 2033 3084 2064 ι
3116 2013 3301 2077 Οῦτως
3327 2015 3529 2085 ὡραῖος
3563 2018 3619 2067 ἐν
3647 2029 3759 2067 στο-

497 2119 612 2178 pter
640 2110 949 2180 passionem
979 2109 1111 2164 dicit
1139 2130 1151 2164 :
1185 2129 1204 2162 ι
1232 2111 1408 2176 Quare
1441 2125 1570 2179 ergo
1600 2113 1824 2168 rubrum
1861 2121 1942 2168 est
1990 2115 2064 2166 in-

2175 2104 2262 2175 λῇ,
2283 2106 2375 2178 βίᾳ
2410 2105 2548 2176 μετά
2584 2106 2798 2176 ἰσχύος;
2828 2126 2846 2157 ι
2873 2107 3010 2178 πρὸς
3037 2107 3101 2177 ἣν
3133 2105 3324 2160 πεῦσιν
3351 2109 3380 2159 6
3408 2107 3603 2178 Σωτὴρ
3630 2107 3757 2159 ἀπο-

493 2198 807 2252 (iumentum
842 2199 1036 2252 tuum?
1074 2217 1092 2250 ι
1120 2206 1173 2253 et
1201 2215 1321 2267 qua:
1351 2209 1674 2270 sequuntur.
1722 2202 1890 2270 Quasi
1929 2205 2074 2258 enim

492 2289 679 2358 Agnus
705 2289 818 2349 Dei.
846 2291 1042 2346 tollens
1091 2291 1145 2346 in
1175 2293 1412 2362 scipsutn
1453 2302 1673 2365 peccata
1709 2295 1918 2358 mundi,
1950 2312 2066 2366 pec-

493 2381 628 2436 catis
658 2384 864 2436 nostris
892 2383 1055 2436 rubra
1100 2383 1277 2438 induit
1328 2386 1672 2442 vestimenta.
1729 2387 2074 2458 Quapmpter

491 2481 543 2526 ct
571 2473 624 2526 in
658 2473 923 2540 Zacharja
956 2475 1215 2545 propheta
1252 2477 1490 2532 dicitur:
1527 2497 1545 2529 ι
1573 2477 1732 2534 Jesus
1766 2490 1883 2535 erat
1912 2482 2072 2534 indu-

489 2569 578 2620 tus
609 2566 850 2620 vestibus
890 2567 1124 2623 sordids
1157 2568 1196 2620 ί.
1245 2589 1263 2620 ι
1302 2568 1425 2624 llaec
1455 2571 1600 2625 enim
1635 2581 1790 2625 erant
1817 2580 2071 2640 pccrato-

487 2667 607 2709 tum
642 2665 950 2709 nostrorum
983 2657 1322 2714 indumenta.
1356 2659 1478 2714 Ideo
1513 2661 1674 2730 paulo
1702 2663 1955 2730 superius
1985 2662 2070 2716 di-

489 2754 634 2799 ctum
670 2757 825 2802 erat:
865 2767 882 2799 ι
917 2747 1014 2803 llic
1047 2749 1363 2819 iniquitates
1412 2760 1630 2807 nostras
1679 2753 1831 2816 tulit,
1877 2762 1931 2807 ct
1969 2769 2068 2823 pro

489 2837 644 2891 nobis
671 2853 865 2908 passus
895 2846 996 2894 est.
1048 2859 1066 2892 ι
1102 2841 1220 2910 Ipse
1248 2841 1392 2896 enim
1423 2861 1441 2892 ι
1472 2842 1811 2912 iniquitatem
1854 2859 1960 2898 non
1989 2843 2063 2899 fe-

486 2928 582 2990 cit,
612 2945 786 2999 neque
811 2931 1065 2987 inventus
1085 2941 1168 2990 est
1193 2934 1350 2990 dolus
1372 2933 1426 2988 in
1453 2951 1548 2990 ore
1566 2935 1688 3004 ejus
1717 2938 1757 2987 ³.
1805 2954 1823 2986 ι
1865 2935 2062 2991 lterum

488 3017 738 3074 Salvator
791 3022 1202 3092 interrogationi
1233 3028 1590 3093 respondens,
1623 3025 1763 3079 unde
1788 3027 1952 3080 rubra
1985 3028 2063 3082 fa-

484 3121 570 3167 cta
601 3114 710 3167 sint
745 3113 1065 3168 vestimenta
1120 3130 1220 3170 sua
1259 3115 1418 3170 docet
1471 3117 1658 3172 dicens
1692 3136 1704 3171 :
1745 3137 1763 3169 (
1816 3117 1857 3170 Ε
1885 3121 2060 3190 genti-

2175 2198 2438 2268 κρίνεται,
2467 2199 2730 2252 διδάσκων
2763 2199 2911 2263 ὅστις
2940 2200 3071 2253 ποτέ
3102 2201 3209 2270 εἴη,
3243 2200 3333 2253 καί
3366 2217 3594 2270 (pr,wa
3619 2197 3751 2266 Ἐγὼ

2172 2289 2485 2362 διαλέγομαι
2511 2292 2875 2365 δικαιοσύνην,
2912 2294 3006 2347 καὶ
3035 2298 3206 2366 κρῖμα
3235 2294 3559 2366 σωτηρίου.»
3593 2293 3749 2346 Πάλιν

2172 2382 2228 2434 δὲ
2250 2384 2385 2455 πρὸς
2408 2385 2570 2438 αὑτὸν
2600 2389 2628 2439 6
2667 2386 2830 2454 λόγος
2851 2386 2924 2449 ὼς
2949 2385 3038 2439 διὰ
3065 2387 3126 2439 τὸ
3153 2370 3323 2449 πάθος
3349 2387 3502 2456 φησί’
3539 2405 3556 2436 ι
3588 2385 3685 2438 Διά
3702 2385 3750 2438 τί

2173 2476 2266 2529 σοῦ
2296 2477 2504 2548 ἐρυθρά
2528 2481 2596 2532 τά
2634 2480 2823 2550 ἱμάτια
2844 2497 2860 2546 ;
2894 2499 2910 2531 ι
2931 2481 3025 2532 καὶ
3047 2479 3116 2532 τά
3141 2479 3287 2550 ἐξῆς.
3317 2475 3419 2532 Οἷα
3436 2477 3546 2549 γάρ
3563 2476 3748 2547 Ἀμνδς

2168 2568 2262 2621 τοῦ
2293 2569 2450 2633 Θεοῦ,
2480 2570 2616 2642 ἄρας
2645 2573 2724 2634 εἰς
2757 2573 2944 2625 ὲαδτὸν
2969 2571 3069 2635 τὰς
3099 2571 3372 2642 ἁμαρτίας
3399 2570 3494 2623 τοῦ
3520 2570 3744 2639 κόσμου,

2169 2663 2232 2714 ἐκ
2263 2662 2368 2715 τῶν
2396 2663 2675 2734 ἡμετέρων
2709 2663 2993 2734 ἁμαρτιῶν
3043 2662 3250 2734 ἐρυθρά
3276 2661 3346 2715 τὰ
3379 2662 3570 2731 ἱμάτια
3594 2678 3745 2732 περιο

2169 2753 2422 2807 εϐάλετοο
2469 2754 2545 2816 ὡς
2566 2753 2655 2807 διὰ
2696 2751 2854 2807 τοῦτο
2895 2755 2988 2807 καὶ
3015 2754 3072 2806 ἐν
3106 2753 3350 2823 Ζαχαρία
3384 2751 3464 2820 τῷ
3495 2753 3744 2822 προφήτῃ

2166 2845 2417 2913 λέγεσθαι
2459 2845 2556 2899 τό*
2600 2865 2619 2897 ι
2650 2845 2757 2898 Καὶ
2802 2846 3008 2916 Ἰησοῦς
3055 2842 3121 2916 ἦν
3167 2845 3511 2916 ἐνδεδυμένος
3559 2845 3741 2913 ἱμάτια

2167 2939 2388 3009 ῥυπαρά
2434 2957 2452 2988 ι
2492 2937 2676 2990 Ταῦτα
2701 2939 2744 2991 δ’
2767 2934 2834 3010 ἧν
2864 2938 2933 2990 τὰ
2962 2940 3022 2990 ἐκ
3049 2937 3156 2990 τῶν
3183 2937 3466 3008 ἡμετέρων
3498 2937 3743 3006 ἁμαρτη-

2167 3029 2351 3100 μάτων
2373 3029 2641 3100 ἐνδύματα
2661 3047 2674 3061 ·
2699 3030 2766 3083 δι’
2783 3031 2818 3084 ἀ
2847 3030 3027 3102 μικρῷ
3061 3029 3293 3102 πρόσθεν
3325 3029 3544 3096 ἐλέγετο
3567 3046 3580 3060 ο
3605 3047 3623 3078 ι
3644 3023 3741 3082 Uia-

2162 3140 2253 3185 τος
2284 3121 2380 3186 τὰς
2413 3123 2684 3194 ἁμαρτίας
2712 3124 2867 3194 ἡμῶν
2899 3123 3072 3194 φέρει,
3106 3125 3197 3176 καὶ
3221 3122 3350 3194 περὶ
3377 3122 3536 3192 ἡμῶν
3557 3121 3739 3173 ὀδυνᾶ-

484 3207 606 3261 bus.
647 3225 665 3257 ι
701 3204 847 3273 Quas
881 3207 1097 3276 quidem
1129 3215 1337 3278 gentes,
1385 3210 1534 3264 nullo
1571 3209 1850 3266 hominum
1882 3213 1932 3268 ei
1967 3229 2061 3267 au-

2166 3233 2270 3268 ται.
2305 3234 2323 3266 ι
2352 3193 2651 3288 Αύτὸςγάρ
2685 3193 2763 3268 τοι
2809 3234 2826 3266 ι
2857 3216 3128 3286 ἁμαρτίαν
3170 3216 3270 3270 ούκ
3302 3193 3595 3286 ἐποίησεν,
3624 3214 3738 3288 οὐδὲ

483 3297 726 3359 xiliante,
753 3297 902 3353 solus
939 3298 1250 3364 constituit,
1303 3300 1537 3354 refracta
1570 3303 1931 3373 malignorum
1963 3305 2058 3360 ad-

477 3389 950 3459 versariorumque
979 3389 1270 3460 spirituum
1300 3392 1554 3448 universa
1588 3403 1876 3463 potestate.

2161 3307 2358 3376 εὑρέθη
2385 3307 2532 3369 δόλος
2565 3308 2621 3359 ἐν
2649 3305 2726 3376 τῷ
2758 3307 2986 3377 στόματι
3026 3305 3209 3359 αὑτοῦ.
3242 3325 3260 3358 ι
3308 3306 3478 3358 Πάλιν
3503 3306 3548 3372 δ’
3571 3307 3600 3358 6
3629 3307 3738 3358 Σω-

2156 3399 2261 3471 τὴρ
2294 3399 2650 3470 ἀμειϐόμενος
2677 3399 2776 3472 τὴν
2804 3398 3092 3471 ἐρώτησιν,
3119 3400 3240 3453 ὅθεν
3289 3398 3493 3471 ἐρυθρά
3532 3399 3736 3467 γένοιτο

478 3484 641 3538 αὐτοῦ
671 3485 740 3538 τά
789 3485 979 3556 ἱμάτια
1024 3486 1260 3540 διδάσκει
1286 3486 1479 3556 λέγων,
1514 3507 1532 3541 ι
1571 3489 1666 3542 Ἐκ
1691 3489 1798 3543 τῶν
1831 3489 2022 3544 ἐθνῶν.
2055 3510 2072 3544 ι
2114 3493 2292 3565 Ἂπερ
2321 3493 2468 3566 ἔθνη,
2504 3494 2730 3566 μηδενὸς
2783 3492 3083 3567 ἀνθρώπων
3119 3493 3266 3565 αύτῷ
3327 3493 3734 3566 συνεργοῦντος,

480 3583 640 3652 μόνος
669 3582 952 3647 ὑπέταξεν,
984 3584 1377 3654 καταπατήσας
1411 3584 1508 3654 τὴν
1567 3585 1948 3658 ἀντικειμένην
2001 3591 2182 3644 πᾶσαν
2232 3590 2461 3662 δύναμιν
2502 3592 2610 3645 τῶν
2658 3590 2932 3664 πολεμίων
2967 3590 3116 3663 αὐτῷ
3171 3591 3422 3664 πονηρῶν
3490 3591 3733 3661 πνευμά-

476 3695 605 3734 των.

1001 3791 1226 3848 CAPUT
1285 3792 1524 3852 XXXIV.

553 3903 570 3936 ι
610 3885 676 3940 Et
700 3885 1017 3941 recordatus
1045 3896 1127 3941 est
1152 3885 1362 3941 dierum
1394 3903 1716 3943 swcurorum
1750 3907 1763 3941 :
1798 3889 1890 3959 qui
1922 3888 2054 3944 edu-

474 3979 552 4034 xit
581 3994 612 4034 e
639 3988 780 4033 terra
821 3986 1095 4049 pastorem
1129 3980 1312 4034 ovium
1345 3996 1599 4051 magnum
1625 4021 1642 4046 ,
1676 3982 1964 4052 posuitque
1994 3983 2048 4037 in

472 4071 652 4128 medio
680 4087 866 4126 eorum
909 4071 1168 4143 Spiritum
1201 4081 1451 4128 sanctum
1493 4089 1653 4130 suum
1682 4075 1722 4131 ³.
1762 4095 1780 4126 ι
1829 4074 1893 4128 Ει
1922 4076 2047 4145 quis

469 4165 610 4219 alius
639 4175 781 4220 esset
805 4179 835 4217 a
865 4163 1094 4220 Domino
1125 4166 1193 4222 de
1222 4175 1366 4222 terra
1416 4167 1646 4223 eductus
1706 4175 1892 4236 pastor
1948 4166 2043 4224 Dei

467 4259 670 4325 ovium,
697 4259 803 4314 nisi
838 4258 1084 4316 Salvator
1113 4268 1321 4325 noster,
1362 4261 1456 4331 qui
1496 4259 1646 4315 venit
1678 4261 1747 4315 ad
1801 4260 2041 4331 perditas

467 4364 596 4406 oves
627 4351 817 4408 domus
844 4351 1049 4408 Israel?
1099 4352 1198 4408 llic
1251 4360 1332 4408 est
1377 4353 1552 4408 bonus
1581 4359 1790 4423 pastor,
1822 4352 1914 4423 qui
1944 4367 2041 4421 po-

2669 3793 3064 3848 ΚΕΦΑΛΑΙΟΝ
3104 3795 3223 3848 AA'.

2234 3908 2252 3940 ι
2284 3890 2392 3942 Καὶ
2422 3886 2665 3958 ἐμνήσθη
2705 3885 2907 3958 Κύριος
2937 3886 3156 3958 ⁴ἡμερῶν
3185 3886 3446 3938 αἰωνίων⁶
3476 3890 3505 3940 6
3539 3889 3722 3942 ἀναϐι-

2154 3982 2324 4046 ϐάσας
2359 3984 2422 4034 ἐκ
2443 3981 2542 4050 τῆς
2566 3981 2668 4051 γῆς
2689 3980 2778 4032 τὸν
2804 3979 3036 4049 ποιμένα
3065 3977 3174 4030 τῶν
3203 3979 3488 4050 προϐάτων
3515 3981 3608 4034 τὸν
3634 3983 3725 4051 μὲ-

2150 4092 2272 4143 γαν,
2307 4077 2333 4128 6
2366 4075 2475 4137 θεὶς
2507 4075 2565 4125 ἐν
2592 4075 2772 4136 αὐτοῖς
2797 4073 2858 4126 τὸ
2898 4071 3122 4143 Πνεῦμα
3149 4071 3209 4124 τὸ
3245 4074 3415 4140 ἆγιον.
3449 4091 3466 4123 ι
3504 4075 3616 4126 Καὶ
3643 4075 3720 4139 τίς

2146 4165 2210 4218 ἂν
2239 4164 2394 4228 ἄλλος
2425 4164 2508 4236 εἴη
2536 4167 2564 4218 6
2589 4163 2693 4216 ὑπὸ
2721 4163 2814 4216 τοῦ
2844 4163 3052 4232 Κυρίου
3097 4162 3486 4227 ἀναϐιϐασθεὶς
3525 4167 3590 4218 ἐκ
3626 4167 3717 4235 τῆς

2147 4257 2250 4326 γῆς
2273 4257 2473 4328 ποιμὴν
2493 4256 2601 4309 τῶν
2625 4254 2717 4309 τοῦ
2743 4254 2875 4308 Θεοῦ
2901 4255 3208 4327 προϐάτων,
3227 4255 3302 4326 ἢὸ
3330 4255 3711 4327 Σωτὴρὴμῶν,

2144 4350 2172 4401 6
2202 4346 2368 4402 ἐλθὼν
2416 4348 2509 4401 ἐπὶ
2553 4349 2618 4401 τὰ
2667 4345 2979 4401 ἀπολωλότα
3009 4346 3256 4418 πρόϐατα
3285 4348 3433 4400 οἴκου
3465 4349 3708 4420 Ἰσραήλς

466 4442 577 4497 suit
601 4443 835 4498 animam
865 4460 1019 4499 suam
1048 4461 1147 4516 pro
1174 4444 1390 4504 ovibus.
1412 4461 1575 4517 quem
1607 4443 1768 4499 Pater
1789 4445 2041 4498 eductum

2166 4435 2310 4506 )ὗτος
2364 4441 2465 4512 γάρ
2507 4442 2653 4494 ἐστιν
2683 4441 2712 4492 6
2742 4439 2904 4504 καλὸς
2934 4439 3157 4510 ποιμὴν,
3190 4441 3219 4492 6
3249 4439 3362 4502 θεὶς
3401 4438 3500 4511 τὴν
3540 4441 3709 4511 ψυχὴν

466 4533 530 4588 de
549 4542 695 4588 terra
721 4535 997 4599 cxaltavit,
1027 4554 1047 4587 ι
1083 4544 1137 4590 et
1176 4534 1400 4590 donavit
1428 4535 1509 4612 illi
1551 4551 1749 4591 nomen
1773 4533 1919 4605 quod
1961 4543 2046 4590 est

464 4640 627 4692 super
651 4641 810 4682 omne
841 4642 1038 4683 nomen
1069 4627 1109 4682 ⁵.
1143 4646 1161 4679 ι

1002 4806 1229 4862 CAPUT
1263 4805 1480 4862 XXXV.

537 4914 557 4946 ι
589 4896 796 4952 Civitas
825 4895 1008 4953 Sancti
1034 4899 1112 4954 tui
1143 4898 1284 4954 facta
1333 4907 1419 4954 est
1466 4899 1682 4955 deserta
1707 4939 1722 4963 ,
1776 4899 1907 4954 Sion
1951 4900 2041 4956 de-

2145 4534 2306 4588 αὑτοῦ
2353 4533 2492 4604 ὑπὲρ
2535 4533 2642 4586 τῶν
2691 4532 2999 4605 προϐάτων,
3029 4532 3086 4585 6v
3110 4534 3138 4585 6
3162 4531 3351 4603 Πατὴρ
3380 4533 3709 4595 ἀναϐιϐάσας

2143 4627 2206 4678 ἐκ
2228 4625 2324 4696 τῆς
2353 4625 2456 4695 γῆς
2478 4624 2824 4696 ύπερύψωσε,
2849 4644 2866 4676 ι
2889 4627 3253 4697 χαρισάμενος
3279 4624 3428 4696 αὐτῷ
3466 4625 3528 4679 τὸ
3545 4626 3706 4696 ὄνομα

2142 4716 2203 4770 τὸ
2227 4717 2366 4789 ὑπὲρ
2395 4719 2501 4771 πᾶν
2528 4717 2713 4788 ὄνομα.
2740 4737 2758 4768 ›

2657 4808 3052 4860 ΚΕΦΛΛΑΙΟΝ
3091 4808 3213 4860 ΛΕ’.

2216 4921 2234 4950 ι
2267 4901 2426 4964 Πόλις
2465 4900 2558 4953 τοῦ
2599 4898 2780 4967 Ἀγίου
2825 4916 2915 4951 σου
2961 4898 3190 4970 ἐγενηθη
3221 4898 3443 4969 ἔρημος,
3475 4897 3609 4951 Σιὼν
3631 4897 3703 4960 ὠς

461 4995 608 5042 serta
656 4987 799 5042 facta
853 4997 971 5050 est,
1032 4988 1333 5045 Jerusalem
1385 4992 1628 5046 desolata
1675 5002 1776 5047 est.
1837 4991 2038 5048 Domus

2170 5010 2341 5065 ρημος
2371 4992 2619 5064 ἐγενηθη,
2637 4989 2985 5062 Ἰερουσαλὴμ
3015 4991 3094 5052 είς
3119 4991 3361 5060 κατάραν
3379 5007 3393 5020 ·
3423 4992 3453 5042 6
3482 4985 3622 5051 οἶκος
3643 4989 3702 5040 τὸ

461 5075 910 5134 sanctiﬁcationis
972 5093 1209 5145 nostrre,
1285 5089 1339 5136 et
1400 5084 1585 5152 gloria:
1647 5092 1877 5150 nostris,
1942 5084 2034 5140 ubi

2138 5086 2290 5154 ἆγιον
2319 5085 2497 5155 ἡμῶν,
2527 5085 2620 5138 καὶ
2656 5085 2688 5152 ὴ
2731 5083 2876 5148 δόξα,
2907 5083 2972 5153 ἢν
3023 5081 3328 5153 ηὐλόγησαν
3371 5084 3417 5134 οἱ
3474 5081 3700 5150 πατέρες

463 5166 817 5223 laudaveram
848 5179 898 5224 te
922 5179 1104 5240 patres
1134 5174 1340 5237 nostri,
1384 5172 1527 5228 facta
1570 5185 1654 5230 est
1701 5176 1755 5228 in
1790 5177 2034 5230 exustio-

2178 5177 2312 5248 μῶν,
2355 5177 2582 5249 ἐγενήθη
2633 5176 3022 5248 πυρίκαυστος,
3055 5176 3148 5229 καὶ
3192 5176 3366 5228 πάντα
3394 5175 3460 5228 τὰ
3486 5173 3696 5236 ἐπίδοξα

459 5273 584 5312 nem
624 5257 765 5330 ignis
793 5299 808 5324 ,
857 5268 910 5316 et
955 5263 1136 5316 omnia
1195 5263 1583 5321 desiderabilia
1645 5274 1834 5321 nostra
1874 5283 2032 5322 versa

461 5358 588 5404 sunt
617 5350 670 5404 in
702 5353 910 5408 ruinas.
944 5352 1197 5409 Nuntmid
1249 5373 1412 5427 super
1456 5359 1543 5415 his
1583 5360 1895 5415 continebis
1946 5369 2031 5426 te,

2139 5271 2170 5337 ἡ
2180 5267 2294 5339 μῶν
2310 5269 2433 5320 συνέ
2443 5285 2503 5320 πε
2513 5283 2627 5321 σανσ
2647 5267 2739 5322 καὶ
2754 5267 2846 5319 ἐπὶ
2858 5268 2989 5320 πᾶσι
3006 5266 3211 5330 τούτοις
3240 5267 3488 5336 ἀνέσχου,
3509 5265 3694 5335 Κύριε,

2139 5359 2233 5412 καὶ⁸
2250 5358 2586 5431 ἐσιώπησας·
2607 5359 2700 5412 καὶ
2729 5358 3099 5422 ἐταπείνωσας
3124 5360 3266 5429 ἡμᾶς
3295 5357 3400 5420 ἕως
3429 5357 3648 5426 σφόδρα.
3672 5374 3688 5403 ι

459 5438 716 5496 Domine:
753 5446 957 5501 tacebis
999 5455 1053 5500 et
1091 5446 1293 5518 aﬂligcs
1322 5464 1425 5505 nos
1448 5451 1795 5505 vehementer
1817 5452 1876 5504 5?
1914 5470 1932 5503 ι
1963 5481 2034 5489 —

2166 5483 2202 5491 —
2223 5471 2240 5502 ι
2265 5451 2542 5522 Ἐμφεωὴς
2563 5449 2826 5522 ἐγενήθην
2848 5450 2960 5514 τοῖς
2983 5450 3084 5520 ἐμὲ
3113 5449 3187 5521 μὴ
3209 5447 3555 5520 ἐπερωτῶσιν
3575 5463 3587 5475 ·
3612 5445 3692 5496 εύ-

463 5551 484 5586 ι
523 5532 843 5594 Manifestus
868 5537 1045 5595 factus
1075 5557 1193 5596 sum
1220 5542 1287 5597 iis
1311 5543 1405 5614 qui
1427 5559 1537 5598 non
1566 5555 1692 5600 ante
1726 5545 2027 5614 interroga-

456 5624 587 5682 bant
614 5643 729 5684 mc:
767 5631 1092 5688 invenerunt
1115 5633 1208 5703 qui
1233 5649 1341 5689 non
1373 5636 1707 5706 quaesierunt
1736 5652 1824 5692 me
1849 5655 1864 5692 :
1887 5636 2027 5691 dixi:

526 5783 544 5814 ⁸
581 5781 745 5841 Zacb.
780 5799 874 5850 tu,
907 5787 962 5844 4.
1038 5790 1058 5820 ²
1097 5786 1263 5844 lPett
1331 5806 1406 5856 ιι,
1436 5790 1525 5849 22.
1607 5795 1631 5828 ³
1670 5793 1773 5850 lsa.
1813 5805 1979 5860 Lxut,
2018 5792 2064 5847 ll

2185 5791 2208 5826 ⁸
2245 5790 2385 5850 Phil.
2422 5807 2495 5861 tl,
2525 5791 2580 5850 9.

2139 5543 2298 5614 ρέθην
2344 5546 2453 5606 τοῖς
2487 5543 2586 5613 ἐμὲ
2619 5541 2692 5613 μὴ
2724 5539 3005 5612 ζητοῦσιν·
3036 5537 3192 5594 εἶπαι
3233 5538 3359 5594 Ἰδού
3401 5540 3517 5610 εἰμι
3559 5536 3690 5589 ἔθνει

2132 5635 2181 5687 οἳ
2205 5635 2305 5688 οὐκ
2331 5634 2726 5689 ἐπεκαλέσαντὸ
2761 5652 2860 5706 μου
2895 5635 2954 5687 τὸ
2982 5635 3180 5704 δνομα’
3207 5633 3299 5686 ἐπὶ
3328 5631 3384 5685 δὲ
3426 5631 3484 5684 σὲ
3512 5627 3693 5696 ὲξεπέη

2715 5807 2822 5851 isa.
2858 5809 3006 5861 utv,
3043 5790 3226 5848 10-12.
