3974 6512
258 419 396 477 1ἓ61

1450 407 1538 463 DE
1577 407 1760 463 VlTlS
1797 405 2023 462 PROPH
2033 404 2337 461 ETARUM.

3375 405 3512 459 1'262

252 551 400 591 τασα
423 532 519 596 τὰς
542 530 728 603 χεῖράς
753 542 852 601 μου
872 525 1002 600 ὃλην
1025 528 1124 601 τὴν
1149 528 1361 599 ἡμέραν
1385 528 1518 599 πρὸς
1538 528 1664 581 λαῦν
1687 527 1834 579 ἁπει·

1940 525 2076 580 Ecce
2118 541 2218 595 ego
2273 523 2338 578 ad
2384 533 2598 595 gentem
2632 539 2753 594 qua:
2818 539 2926 577 non
2972 523 3259 579 invocabat
3311 542 3516 580 nomen

255 624 459 679 Θοῦντα
480 623 573 676 καὶ
596 621 960 689 ἀντιλέγοντα,
981 619 1028 671 οἳ
1054 619 1152 672 οῦκ
1183 617 1555 688 ἐπορεύθησαν
1585 615 1686 686 ὁδῷ
1705 617 1835 686 ἀλη-

256 716 402 786 Θινῇ,
420 715 533 768 ἀλλ’
553 713 726 766 ὀπίσω
749 712 856 764 τῶν
886 710 1167 782 ἁμαρτιῶν
1188 709 1388 762 αὐτῶν.
1418 728 1436 759 ι
1467 709 1575 760 Καὶ
1604 704 1836 760 ἐνταῦθα

254 805 729 879 προφητευθείσης
758 804 1020 874 πρότερον
1053 802 1152 871 τῆς
1176 800 1270 853 τοῦ
1300 799 1513 870 Ἰσραὴλ
1541 797 1832 866 ἀποϐολῆς,

255 900 390 970 ἑξῆς
415 897 736 968 σημαίνεται
761 895 920 968 ἡτῶν
949 894 1116 948 ἐθνῶν
1148 893 1345 964 ἐκλογὴ
1375 892 1463 945 διὰ
1483 890 1576 943 τοῦ
1600 889 1834 962 Χριστοῦ

255 991 525 1061 γενομένη
549 1007 561 1020 ο
599 991 661 1042 ὲκ
695 988 982 1059 προσώπου
1014 987 1216 1056 γάρτοι
1248 985 1342 1038 τοῦ
1369 985 1498 1036 λαοῦ
1528 983 1691 1052 εὐχὴν
1708 983 1836 1034 ἁναο

254 1083 577 1154 πέμψαντος
611 1080 703 1134 τοῦ
749 1080 1050 1150 προφήτου,
1086 1080 1114 1130 ὁ
1139 1076 1199 1138 (1³.
1234 1075 1326 1146 61)
1347 1075 1516 1143 Λόγος
1545 1071 1835 1142 ἀποκρίνε-

253 1191 346 1228 ται
391 1174 486 1245 τὴν
522 1171 782 1243 σκληρίαν
810 1171 902 1223 καὶ
930 1170 990 1222 τὸ
1015 1169 1235 1232 ἀπειθὲς
1275 1166 1366 1220 τοῦ
1396 1167 1660 1236 προτέρου
1709 1161 1836 1215 λαοῦ

253 1266 571 1335 διελέγχων,
597 1265 690 1316 καὶ
718 1263 778 1315 τὸ
810 1259 1184 1334 φιλάνθρωπον
1211 1258 1272 1312 τὸ
1306 1256 1499 1311 ἑαυτοῦ
1543 1255 1832 1326 παριστὰς.

256 1356 386 1419 Πῶς
415 1357 542 1426 γὰρ,
571 1355 722 1425 φησὶ,
753 1353 925 1407 ταῦτά
947 1371 1099 1422 φατε,
1118 1352 1192 1414 ῶς
1222 1350 1353 1421 ἐμοῦ
1389 1349 1524 1421 πρὸς
1555 1348 1614 1401 τὸ
1645 1345 1838 1409 σώζειν

254 1448 406 1518 ὑμᾶς
449 1445 765 1511 όκνοῦντος;
811 1445 920 1498 Καὶ
946 1443 1050 1515 μὴν
1089 1443 1316 1504 καὶτοῖς
1360 1440 1433 1512 μὴ
1464 1437 1839 1512 ὲπερωτήσασί

257 1555 353 1609 με,
395 1537 529 1608 μηδὲ
570 1537 866 1606 ζητήσασιν
916 1534 1173 1605 ἐμφανῶς
1221 1533 1453 1603 ἐμαυτὸν
1499 1531 1836 1602 παρέστησα.

252 1631 371 1683 Καὶ
411 1629 476 1700 δὴ
507 1628 770 1698 πρόδηλον
800 1628 944 1689 ὅπως
975 1628 1002 1679 ὀ
1028 1625 1122 1678 τοῦ
1172 1624 1304 1676 Θεοῦ
1340 1622 1532 1689 Λόγος,
1563 1621 1622 1673 τὸ
1651 1620 1843 1692 πρότε-

258 1737 358 1792 ρον
385 1719 744 1790 ἀγνοούμενος
773 1721 880 1781 τοῖς
906 1717 1134 1778 ἔθνεσιν,
1158 1716 1251 1768 ἐπὶ
1278 1713 1554 1782 συντελείᾳ
1582 1713 1688 1765 τῶν
1710 1712 1841 1764 αἰώ-

252 1829 369 1866 νων
404 1811 698 1883 ἁγαθότητι
732 1811 824 1863 καὶ
851 1807 1225 1879 φιλανθρωπίᾳ
1246 1806 1339 1859 τοῦ
1363 1804 1574 1875 Πατρός
1597 1803 1690 1856 καὶ
1707 1801 1840 1854 Θεοῦ

252 1904 370 1957 τῶν
403 1904 539 1957 ὅλων
569 1901 810 1974 ἐμφανὴς
857 1901 1038 1963 αὐτοῖς
1071 1898 1323 1968 ἐγενήθη,
1357 1895 1717 1968 μηδεπώποτε
1743 1894 1841 1945 αὑ-

252 1994 353 2048 τὸν
382 1995 449 2047 δι’
479 1996 546 2065 ἢν
581 1991 725 2064 εἶχον
764 1991 986 2062 περὶτὰ
1008 1990 1198 2043 εἴδωλα
1233 1990 1436 2056 πλάνην
1464 1987 1590 2056 ’περὶ¹
1623 1979 1698 2038 ὧν
1727 1985 1831 2038 ἐδέ-

253 2102 382 2139 οντο
422 2087 749 2156 ὲρωτήσασι,
783 2084 976 2156 εὑρέθη
1020 2099 1075 2134 τε
1118 2083 1249 2152 ἡμῖν
1286 2082 1396 2142 τοῖς
1429 2079 1500 2149 μὴ
1544 2077 1841 2148 ζητήσασιν

257 2177 448 2241 αὐτὸν,
483 2176 618 2230 ἀλλὰ
643 2177 735 2230 καὶ
777 2175 850 2247 μὴ
875 2173 1357 2242 ἐπικαλεσαμένοις
1392 2168 1556 2223 αὑτοῦ
1586 2169 1647 2222 τὸ
1669 2169 1841 2239 ὖνομα

258 2268 689 2339 ὲνανθρωπὴσας
714 2267 1064 2338 ἀπεκρίνατο,
1092 2264 1371 2336 μονονουχὶ
1398 2262 1536 2332 βοῶν
1564 2262 1624 2314 τό
1645 2280 1687 2312 ³(
1711 2261 1840 2314 Ἰδοὺ

258 2360 517 2430 πάρειμι.
552 2377 570 2409 ι
609 2358 792 2410 Ταῦτα
821 2357 920 2427 μὲν
951 2351 1042 2408 οῦν
1071 2354 1196 2424 περὶ
1238 2354 1338 2423 τῆς
1374 2351 1483 2405 τῶν
1519 2351 1683 2405 ἐθνῶν
1714 2350 1844 2422 κλή-

262 2467 404 2513 σεως
450 2448 632 2517 σαφῶς
663 2451 692 2502 ὀ
728 2449 884 2516 λόγος
914 2446 1262 2518 προφητεύει·
1289 2444 1414 2516 ἑξῆς
1449 2444 1506 2497 δὲ
1537 2439 1692 2506 αὖθις
1719 2443 1845 2496 δυσ-

261 2540 670 2612 ωπητικῶτατα
703 2541 837 2611 πρὸς
884 2539 973 2592 τὸν
1010 2537 1118 2590 τῶν
1157 2535 1424 2589 Ἰουδαίων
1454 2535 1614 2602 λόγον
1656 2533 1845 2602 ἐπιφέ-

266 2649 353 2704 ρει
404 2631 576 2699 λέγων
598 2649 610 2661 ·
649 2650 667 2682 ι
691 2632 812 2683 Ἐπὶ
840 2631 894 2683 δὲ
926 2631 982 2683 σὲ
1010 2629 1312 2696 ἐξεπέτασα
1346 2626 1443 2689 τὰς
1483 2625 1670 2696 χεῖράς
1721 2643 1842 2695 μου,

263 2723 405 2795 πρὸς
439 2723 564 2775 λαὸν
597 2722 922 2776 ἀπειθοῦντα
944 2722 1039 2775 καὶ
1064 2719 1433 2787 ἀντιλέγοντα.
1474 2736 1492 2769 ι
1523 2717 1754 2772 Δύναταί
1782 2733 1844 2784 γε

265 2813 375 2885 μὴν
408 2813 496 2866 διὰ
529 2813 729 2866 τούτων
762 2815 854 2866 καὶ⁸
880 2813 940 2866 τὸ
975 2813 1160 2883 σχῆμα
1185 2811 1277 2863 τοῦ
1306 2809 1445 2864 κατὰ
1488 2809 1579 2862 τὸν
1615 2808 1846 2880 σταυρὸν

263 2903 474 2968 πάθους
502 2905 669 2958 αὑτοῦ
699 2903 1080 2976 σημαίνεσθαι.

337 2999 589 3051 Τοσαῦτα
611 3001 705 3052 καὶ
724 2998 796 3049 τὰ
815 2997 920 3050 ἀπὸ
943 2994 1034 3049 τοῦ
1055 2995 1274 3048 Ἡσαΐου
1301 3011 1311 3021 ο
1330 2991 1492 3046 Ἀλλὰ
1519 2991 1626 3063 γὰρ
1653 2993 1708 3046 ὲν
1727 2992 1849 3044 τέτ-

263 3110 425 3164 ταρσι
457 3092 549 3144 καὶ
576 3091 672 3161 τὴν
687 3090 793 3142 τῶν
809 3087 1098 3158 Ἐκλογῶν
1125 3087 1378 3140 ὑπόθεσιν
1393 3087 1459 3138 -ὲν
1487 3083 1563 3154 τῷ
1584 3084 1680 3155 τῆς
1702 3085 1850 3137 Καθ-

265 3186 417 3239 όλου
450 3182 867 3251 στοιχειώδους
909 3177 1241 3249 εἰσαγωγῆς
1291 3177 1464 3247 ὲνάτῳ
1514 3175 1688 3244 τούτῳ
1718 3190 1847 3266 συγ-
1877 3209 1919 3266 C

266 3275 558 3347 γράμματι
583 3273 1039 3346 περιγράψαντες,
1057 3272 1113 3324 ὲν
1137 3269 1213 3342 τῷ
1235 3269 1444 3340 δεκάτῳ
1469 3271 1580 3331 τοῖς
1610 3266 1717 3320 ἀπὸ
1738 3265 1846 3318 τῶν

266 3367 450 3421 ἀθέων
478 3368 740 3438 αἱρέσεων
769 3366 860 3419 τὸν
891 3362 1149 3435 λογισμὸν
1175 3359 1715 3430 καταϐεϐλαμμένοις
1735 3356 1850 3410 ἑτέ·

268 3475 374 3532 ραν
399 3459 772 3530 ἁρμόττουσαν
807 3457 991 3527 ἔφοδον
1023 3457 1320 3528 παρασχεῖν
1358 3448 1752 3522 πειρασόμεθα.

1939 633 2139 673 meum.
2176 616 2418 687 Expandi
2451 631 2647 671 manus
2688 629 2837 670 meas
2875 623 2988 669 tota
3016 615 3104 671 die
3135 617 3201 670 ad
3252 618 3519 688 populum

1937 709 2274 764 incredulum
2297 748 2312 772 ,
2344 708 2432 776 qui
2467 708 2712 778 graditur
2745 709 2798 761 in
2822 707 2914 764 via.
2939 724 3048 762 non
3076 709 3216 764 bona
3260 719 3382 780 post
3425 726 3516 765 co-

1938 802 2226 871 gitationes
2258 817 2384 856 suas
2420 800 2458 857 ¹.
2514 821 2532 853 ι
2567 800 2666 855 Hic
2696 817 2912 871 quoque
2964 801 3335 871 prophetizata
3364 804 3519 874 prius

1938 894 2100 948 lsrael
2165 895 2548 963 reprobatione
2578 933 2594 958 ,
2645 896 2906 949 continuo
2954 896 3227 949 indicatur
3275 900 3516 966 gentium

1938 987 2129 1040 electio
2156 1002 2276 1054 quae
2311 1001 2406 1055 per
2432 985 2708 1040 Christum
2739 985 2880 1040 facta
2909 993 3012 1042 est.
3046 986 3086 1039 E
3120 1002 3350 1056 persona
3375 991 3517 1042 cnim

1939 1078 2121 1148 populi
2153 1094 2342 1147 preces
2374 1079 2652 1132 emittente
2677 1078 2958 1148 propheta,
3000 1079 3292 1148 respondet
3326 1078 3518 1135 Sermo

1941 1167 2375 1223 incredulitatem
2413 1168 2839 1237 etiniquitatem
2884 1169 3082 1237 prioris
3121 1171 3303 1239 populi
3341 1171 3519 1224 incre-

1941 1274 2098 1328 pans,
2133 1259 2516 1329 propriamque
2554 1264 2607 1313 in
2643 1276 2737 1315 eos
2776 1261 3161 1330 benignitatem
3197 1279 3522 1318 commemo-

1941 1365 2092 1405 rans.
2118 1349 2401 1416 Quomodo
2429 1353 2594 1417 enim,
2621 1356 2724 1416 ait,
2761 1354 2872 1408 haec
2897 1355 3102 1418 dicitis,
3133 1357 3288 1425 quasi
3313 1373 3397 1412 me
3433 1373 3523 1413 sa-

1941 1442 2107 1496 lutem
2134 1454 2371 1498 vestram
2415 1445 2757 1514 negligente?
2806 1445 3069 1515 Equidem
3112 1449 3221 1504 illis
3267 1449 3360 1520 qui
3411 1466 3519 1504 non

1944 1531 2353 1602 interrogabant
2414 1549 2498 1587 me
2546 1549 2649 1587 nec
2693 1535 3008 1603 quaerebant
3057 1536 3321 1606 meipsum
3357 1538 3524 1590 mani-

1947 1625 2158 1680 festavi.
2193 1625 2336 1679 Sane
2385 1625 2550 1694 igitur
2612 1626 2956 1680 manifestum
2999 1627 3143 1696 quod
3176 1626 3267 1683 Dei
3333 1627 3520 1696 Filius,

1943 1717 2196 1786 gentibus
2223 1717 2350 1771 olim
2392 1714 2636 1786 ignOtus,
2682 1717 2735 1770 in
2780 1720 3252 1774 consummatione
3295 1721 3524 1775 saeculo-

1947 1821 2090 1869 rum,
2125 1807 2454 1876 benignitate
2488 1815 2541 1860 et
2570 1808 2944 1862 benevolentia
2974 1807 3152 1864 Patris
3180 1809 3383 1878 Deique
3405 1826 3524 1866 om-

1877 1877 1917 1930 Β
1947 1899 2095 1951 nium
2140 1914 2343 1962 rerum,
2373 1896 2692 1953 manifestus
2718 1899 2799 1953 eis
2830 1898 3006 1955 factus
3068 1907 3172 1964 est,
3239 1903 3331 1971 qui
3383 1917 3526 1955 nun-

1943 2006 2104 2061 quam
2156 1989 2622 2060 interrogaverant
2662 2006 2784 2045 eum
2815 1992 2942 2044 dum
2994 1991 3262 2045 idolorum
3299 2007 3524 2047 suorum

1942 2081 2223 2136 erroribus
2253 2082 2420 2134 vincti
2456 2088 2670 2147 essent;
2711 2081 3078 2151 inventusque
3104 2082 3264 2136 nobis
3293 2091 3396 2145 est,
3430 2083 3524 2152 qui

1943 2189 2051 2227 non
2093 2174 2486 2243 quaesieramus
2541 2188 2663 2226 eum
2690 2212 2705 2237 ,
2761 2172 2855 2228 sed
2889 2181 2943 2228 et
2985 2189 3092 2228 non
3143 2173 3528 2230 invocantibus

1945 2273 2141 2319 nomen
2181 2265 2300 2334 ejus
2333 2265 2649 2318 incarnatus
2679 2265 2995 2334 respondit,
3030 2267 3408 2320 tantummodo
3430 2281 3526 2320 ex»

1945 2358 2224 2412 clamans:
2263 2375 2281 2408 ι
2323 2356 2461 2411 Ecce
2521 2356 2733 2411 adsum.
2774 2378 2792 2410 ι
2831 2357 2956 2412 llazc
2995 2359 3160 2429 igitur
3184 2359 3251 2413 de
3283 2359 3524 2430 gentium

1945 2451 2229 2504 vocatione
2280 2450 2568 2506 manifeste
2630 2450 2912 2520 Scriptura
2969 2452 3331 2523 prophetizat.
3391 2449 3524 2505 Dein

1946 2543 2208 2597 acerrime
2233 2543 2526 2598 confutatis
2569 2542 2879 2597 Judmorum
2928 2545 3140 2608 verbis,
3191 2543 3411 2613 subjieit
3445 2544 3527 2597 di.

1946 2647 2116 2686 cens:
2161 2650 2179 2682 ι
2223 2631 2464 2702 Expandi
2508 2649 2702 2688 manus
2758 2649 2906 2688 meas
2947 2634 3013 2688 ad
3044 2635 3131 2699 te,
3173 2635 3238 2688 ad
3269 2636 3524 2706 populum

1949 2722 2284 2778 incredulum
2314 2731 2367 2777 et
2404 2724 2807 2780 adversantem.
2845 2744 2862 2776 ι
2899 2724 3082 2780 Potest
3129 2726 3262 2780 illud
3309 2742 3526 2797 quoque

1949 2814 2016 2869 de
2034 2815 2289 2884 passione
2319 2829 2379 2869 ac
2410 2831 2574 2870 cruce
2605 2817 2724 2886 ejus
2746 2817 2991 2888 intelligi.

2023 2992 2147 3048 limo
2182 3002 2311 3048 sunt
2361 3011 2481 3064 qua:
2530 2995 2599 3050 ab
2632 2995 2770 3049 lsaia
2793 3010 3084 3065 excerpere
3120 2993 3296 3048 libuit.
3322 2992 3528 3049 Verum

1952 3085 2254 3150 enimvero,
2293 3088 2348 3140 in
2381 3087 2485 3141 hoc
2514 3103 2660 3142 nono
2685 3086 2956 3140 Generalis
2978 3088 3329 3141 elementaria:
3360 3086 3528 3140 intro-

1953 3177 2216 3231 ductionis
2269 3179 2410 3234 libro
2443 3179 2542 3249 (1),
2581 3179 2740 3233 ﬁnem
2770 3178 3006 3248 Eclogis,
3061 3194 3198 3250 quas
3240 3180 3293 3232 in
3332 3178 3530 3247 hoc,et

1955 3270 2128 3324 tribus
2155 3273 2590 3340 praacedentibus
2624 3274 2944 3337 evolvimus,
2971 3274 3335 3342 imponentes,
3379 3271 3524 3324 aliud

1955 3359 2442 3416 demonstrationis
2472 3379 2663 3432 genus,
2686 3364 2794 3417 illis
2821 3365 3150 3418 conveniens
3181 3363 3274 3432 qui
3299 3363 3529 3416 rationis

1956 3449 2422 3518 perturbationem
2456 3454 2525 3508 ab
2551 3454 2735 3524 impiis
2766 3455 3064 3510 hazresibus
3111 3455 3441 3516 sustinuere,
3471 3454 3528 3508 in

267 3549 377 3606 hoc
426 3551 638 3607 decimo
669 3552 830 3616 libro,
867 3557 1132 3620 quantum
1174 3551 1230 3602 in
1263 3546 1423 3600 nobis
1453 3545 1578 3608 erit,
1614 3540 2028 3612 usurpabimus.

348 3686 364 3718 ³
405 3685 508 3742 lsa.
546 3703 672 3752 va,
707 3690 732 3742 1
756 3729 773 3756 ,
805 3689 842 3742 2

337 3817 352 3880 _(
360 3815 408 3880 1)
433 3817 550 3866 lnde
577 3818 872 3867 concludere
897 3822 975 3880 est
1003 3812 1200 3880 Eclogas
1219 3809 1522 3880 propheticus
1547 3813 1808 3880 excerptas
1826 3819 1945 3880 esse
1970 3818 2034 3880 ex
2067 3815 2230 3880 opere.
2263 3803 2530 3880 grandiori,
2549 3805 2996 3880 puris-deperdita.
3019 3807 3102 3880 rut
3141 3808 3355 3880 titulus“;
3367 3807 3530 3880 ,θεησ-

270 3865 722 3931 ταὶίδέιξηιοιιιιηέῖα
749 3876 1064 3928 lntroductio.
1092 3865 1248 3936 H'uju's
1273 3865 1420 3938 pauca
1447 3865 1721 3934 fragmenta
1743 3870 1882 3918 dedit
1907 3866 2165 3917 cardinahs
2191 3865 2282 3914 Mai
2311 3867 2454 3928 (infra
2487 3868 2580 3915 col.
2624 3865 2799 3930 1271),
2834 3870 2917 3930 qui
2946 3865 3234 3932 Eclogarum
3260 3867 3529 3918 editionem

273 3943 894 4007 Oxoniensemiguoravit.
917 3942 1050 3990 Enrr.
1087 3939 1238 3988 Pun.

759 4053 3509 4082 W

682 4065 1240 4320 ausas”
1323 4139 1502 4252 DE

1586 4137 1983 4254 VlTlS
2062 4138 3118 4254 PBOPHETARUM

1545 4310 2292 4403 FRAGMENTA.

274 4536 362 4594 Ea:
392 4537 716 4602 Pra’latrone
743 4525 970 4587 Ioannis
1009 4529 1354 4604 συνίει-ἤρα-
1376 4528 1443 4604 D.
1489 4524 1750 4604 Joannenm
1799 4523 2253 4604 Rupifucaldium,
2290 4526 2517 4604 Majoris
2571 4527 2880 4604 Monasterii
2911 4525 3170 4604 abbatem,
3197 4531 3533 4604 Procopii

345 4595 594 4676 sophistae
618 4604 908 4676 Christiani
938 4603 1201 4676 vqriarum
1239 4602 1300 4676 in_
1323 4600 1530 4676 [auiam
1555 4595 1858 4666 prophetam
1888 4595 2398 4652 Commentationum
2427 4599 2670 4668 epitome.
2701 4630 2772 4639 -—
2808 4600 3053 4666 Parisiis,
3086 4595 3225 4671 apud
3248 4595 3528 4659 Nicolaum

344 4671 654 4739 Cliesneau,
695 4675 852 4736 1580,
887 4673 1088 4736 in-fol.,
1121 4687 1242 4742 pag.
1273 4671 1342 4724 24
1381 4686 1485 4738 seq.
1532 4686 1544 4721 :

348 4808 363 4822 .
409 4810 422 4822 .
467 4809 480 4822 .
513 4787 531 4819 ι
565 4767 749 4838 Adjeci
783 4775 1040 4838 praeterea
1074 4772 1127 4820 et
1155 4765 1542 4838 prophetarum
1570 4761 1812 4816 omnium
1845 4760 2011 4838 Vitas,
2036 4779 2345 4838 quas,icum
2374 4767 2648 4821 nonnullis
2683 4766 2823 4829 aliis,
2861 4766 3092 4822 Eusebio
3113 4767 3402 4838 ascriptas,
3437 4769 3533 4822 ha-

275 4840 439 4895 bebat
466 4848 621 4894 vetus
644 4831 910 4890 Maréhali
942 4835 1107 4889 codex
1135 4831 1383 4907 {partim
1417 4835 1632 4905 quidem
1685 4840 1742 4884 ut
1778 4847 1854 4907 ex
1875 4831 2176 4907 fragmento
2202 4837 2463 4890 haberent
2502 4838 3000 4892 ecclesiasticorum
3035 4831 3364 4907 scriptorum
3388 4831 3530 4893 'sIu-

274 4911 417 4966 diOSi
449 4909 592 4964 unde
619 4924 758 4979 opus
791 4908 993 4977 ipsum,
1033 4921 1097 4960 ex
1123 4902 1232 4979 quo
1263 4902 1597 4976 deprompta:
1628 4911 1777 4979 sunt,
1811 4902 2108 4979 siquando
2147 4908 2200 4959 in
2239 4923 2427 4961 eorum
2475 4923 2669 4961 manus
2704 4909 2940 4969 incidat,
2975 4902 3235 4978 tanquam
3285 4910 3531 4977 ἀναγνω-

278 4981 419 5052 ρισει
445 4981 593 5051 justa
626 4972 932 5048 probat—um,
976 4972 1184 5045 parenti
1213 4991 1314 5030 suo
1335 4972 1414 5030 'et
1466 4972 1699 5044 posteris
1746 4972 2099 5031 restituerent
2129 4995 2140 5030 :
2177 4979 2372 5046 partim
2411 4993 2559 5043 vero,
2591 4987 2648 5032 ut
2681 4993 2800 5046 qua:
2831 4987 3018 5032 tantus
3062 4972 3254 5032 auctor
3293 4980 3359 5032 de
3401 4972 3412 4977 ’
3443 4994 3534 5030 ro-

278 5051 455 5102 nhetis
485 5050 818 5102 adnotasset.
845 5047 1111 5102 tantisner
1143 5054 1441 5102 exstarent.
1485 5045 1615 5098 dum
1661 5043 1713 5098 in
1759 5043 1933 5096 lucem
1970 5047 2288 5102 melioribus
2337 5049 2522 5102 forsan
2567 5049 2829 5102 auspiciis
2870 5064 3008 5102 onus
3057 5049 3238 5102 ipsum
3291 4995 3532 5102 prodiret

274 5043 463 5132 plietis
485 5043 818 5114 adnotasset,
845 5043 1111 5117 tanti—sper
1143 5054 1441 5109 exstarent,
1467 5043 1615 5098 idum
1661 5043 1713 5098 in
1759 5043 1933 5096 lucem
1970 5043 2288 5102 melioribus
2337 5049 2522 5104 forsan
2567 5043 2829 5119 auspiciis
2870 5064 3008 5119 Opus
3057 5049 3238 5118 ipsum
3291 5043 3532 5118 prodiret

276 5122 570 5192 integrum.
607 5138 625 5170 ι

811 5321 1388 5454 EUSEBIU.S
1462 5319 1608 5406 DE
1682 5319 2016 5410 VITIS
2089 5317 3025 5410 PBOPHETABUM.

296 5563 385 5619 Ex
417 5563 534 5616 τῶν
587 5559 881 5614 Εὐσεόἰου
935 5559 1040 5612 τοῦ
1082 5558 1396 5626 Παμφίλου
1428 5554 1566 5626 περὶ
1595 5553 1840 5626 τίῆςτοῦ

1948 5551 1996 5606 E
2023 5551 2232 5626 scriptis
2281 5547 2512 5626 Eusebii
2549 5548 2626 5626 ἄρ’
2658 5547 3079 5626 ρνορὴειὶροηιηι
3101 5546 3382 5626 ⁵ἰείη-(κιιιηι
3434 5561 3500 5613 ap

340 5635 583 5700 βιϐλίου
621 5629 738 5683 τῶν
760 5628 1079 5698 προφητῶν
1093 5624 1419 5698 ὀνομασίας
1477 5624 1574 5679 καὶ
1607 5624 1724 5680 ἀπὸ
1741 5624 1846 5694 μέ-

341 5722 492 5774 ρους
519 5703 576 5757 τί
604 5701 857 5770 περιέχει
887 5700 1160 5764 ἕκαστος.

909 5785 1105 5853 ΩΣΗΕ,
1130 5791 1208 5842 Δ’.

347 5885 602 5954 Γεγόνασι
631 5885 726 5955 μὲν
755 5884 847 5939 καὶ
891 5883 996 5953 πρὸ
1051 5881 1240 5936 τούτου
1277 5883 1590 5953 προφῆται·
1624 5879 1715 5933 ἐπὶ
1743 5877 1842 5950 μὲν

2021 5621 2388 5692 pellatianibus
2419 5629 2469 5674 et
2502 5617 2626 5690 quid
2657 5620 2963 5674 summatim
3021 5617 3238 5689 quisque
3301 5628 3497 5686 compte
3524 5647 3529 5654 -

2023 5701 2217 5749 ctatur.

2606 5778 2801 5836 OSEE.
2833 5777 2875 5835 ι.

2609 5822 2875 5848 νυ-μ,η

2026 5874 2268 5933 Fuerunt
2291 5891 2420 5932 vero
2466 5881 2520 5930 et
2568 5881 2692 5929 ante
2734 5873 2897 5928 istum
2924 5870 3199 5941 oronhetm
3230 5887 3244 5926 :
3285 5868 3390 5926 sub
3422 5865 3527 5933 Qa-
