3974 6504
509 367 650 424 1⁵265

1251 363 1519 420 EUSEBll
1557 361 2032 456 CEESAIHENSIS
2071 359 2096 416 (

2207 403 2224 420 .
2261 361 2444 416 PARS
2486 361 2571 416 ΙΙΙ.
2613 393 2681 402 --
2717 359 3128 420 EXEGETICA.

3600 379 3710 436 ιξιιι

509 487 632 541 ride
687 484 904 554 quidem
957 481 1195 554 Samuel.
1239 479 1474 545 Nathan,
1509 479 1664 546 Gad;
1707 481 1809 536 sub
1847 478 2090 534 Roboam

2203 479 2286 532 τοῦ
2320 479 2502 543 Δαυῒδ,
2537 479 2786 550 Σαμουὴλ
2799 480 2892 532 καὶ
2923 479 3132 545 Νάθαν,
3169 481 3264 534 καὶ
3301 481 3406 536 res
3427 501 3438 514 °
3472 485 3552 540 ἐπὶ
3573 489 3710 549 δὲτοῦ

505 594 639 636 Vero
682 587 735 632 et
783 578 916 632 Abia
952 583 1005 630 et
1049 575 1179 640 Asa,
1229 574 1432 630 Achias
1484 575 1775 638 Silonites,
1827 573 2098 630 Samaias.

2218 571 2450 642 Ῥοϐοάμ
2499 572 2592 624 καὶ
2629 571 2780 624 Ἀϐιά
2808 573 2902 625 καὶ
2967 573 3118 636 Ἀσά,
3169 573 3354 644 ’Δχίας
3385 577 3411 629 ὁ
3447 579 3708 657 Σελωνίτης,

511 672 705 736 Addo,
744 671 1005 732 Azarias,
1061 669 1280 733 Anani;
1339 669 1444 723 sub
1489 667 1753 737 Josaphat
1811 675 1992 722 autem
2048 676 2096 721 et

2204 663 2298 716 ml.
2327 663 2592 732 Σαμαῖας,
2627 665 2721 716 καὶ
2757 657 2942 727 Ἀὂδὼ,
2965 663 3056 716 καὶ
3092 663 3364 734 Ἀζαρίας,
3394 669 3482 722 καὶ
3521 672 3708 729 Ἀνανεί·

513 763 719 826 Achab,
754 761 924 826 Elius,
965 761 1212 826 Eliszeus,
1259 768 1314 814 et
1354 761 1448 830 qui
1503 761 1788 815 victoriam
1831 759 1898 814 de
1951 757 2102 830 Syris

513 854 734 908 Achabo
788 853 1060 922 praedixit,
1101 855 1303 924 quique
1350 853 1453 908 sibi
1501 853 1602 923 ipsi
1645 853 1843 908 vulnus
1885 851 2098 916 inﬁixit,

513 954 566 998 et
597 946 689 1015 qui
721 946 1005 1002 Achabum
1037 945 1410 1016 reprehendit,
1441 953 1494 999 ct
1542 944 1680 998 Jehu
1725 945 1866 998 ﬁlius
1901 944 2100 1008 Anani,

522 1046 578 1092 ct
610 1037 758 1092 Oziel
795 1046 850 1094 et
889 1036 1116 1090 Eliada:
1159 1053 1392 1106 quorum
1437 1036 1584 1090 nulla
1624 1045 1838 1092 exstant
1881 1038 2098 1106 propria

514 1129 738 1197 scripta,
769 1126 866 1181 sed
905 1141 1190 1181 sermones
1225 1133 1436 1180 tantum
1483 1126 1753 1190 nonnulli,
1787 1127 1881 1196 qui
1909 1128 1962 1180 in
1993 1124 2099 1181 Re-

513 1237 638 1292 gum
689 1229 741 1276 et
795 1219 1250 1290 Paralipomenon
1314 1219 1558 1274 historiis
1621 1219 1890 1288 leguntur.
1953 1218 2097 1273 lnter

513 1331 608 1370 eos
641 1323 846 1377 autem,
879 1313 972 1384 qui
1001 1313 1198 1368 litteris
1225 1311 1550 1365 mandarunt
1579 1309 1804 1380 aliquid,
1839 1324 2096 1380 quorum-

513 1424 617 1478 que
652 1407 856 1477 scripta
882 1414 1118 1470 exstant,
1149 1405 1306 1475 primi
1339 1411 1466 1458 sunt
1498 1401 1636 1457 Osce
1665 1412 1718 1457 et
1757 1402 1946 1457 Isaias.
1981 1401 2094 1457 Sub

515 1497 706 1554 iisdem
734 1497 880 1552 enim
909 1493 1061 1549 Iudae
1093 1495 1312 1564 regibus
1343 1491 1495 1556 Ozia,
1531 1491 1804 1552 Joatham,
1833 1492 2013 1546 Achas
2043 1502 2095 1546 et

513 1591 808 1656 Ezechias;
844 1589 946 1645 sub
987 1586 1309 1641 llieroboam
1343 1586 1503 1641 etiam
1551 1583 1678 1638 Joas
1723 1585 1853 1648 lilio,
1886 1585 1977 1654 qui
2007 1601 2093 1640 rc-

513 1685 697 1755 gnavit
749 1683 804 1736 in
853 1679 1040 1744 Israel,
1095 1679 1510 1750 prophetarunt.
1554 1675 1752 1730 Factus
1798 1685 1881 1731 est
1915 1687 2094 1732 autem

512 1789 692 1829 sermo
725 1771 936 1828 Domini
968 1771 1035 1824 ad
1062 1785 1210 1831 eum.
1247 1777 1298 1824 et
1327 1769 1654 1822 vaticinatus
1685 1777 1767 1822 cst
1815 1769 1868 1820 in
1907 1783 2092 1822 sacer-

2202 755 2292 808 ὲπὶ
2343 755 2398 807 δὲ
2449 754 2540 807 τοῦ
2605 753 2868 824 Ἰωσαφὰθ
2922 755 3015 809 καὶ
3051 756 3144 809 τοῦ
3200 758 3418 828 Ἀχαΐαϐ,
3461 763 3618 830 Ἠλίας
3641 769 3710 823 καὶ

2213 847 2492 910 ςΕλισαῖος,
2527 848 2619 899 καὶ
2667 848 2696 898 ὁ
2739 849 3121 918 προφητεύσας
3154 850 3232 921 τῷ
3289 851 3482 924 Ἀχαὰὸ
3511 859 3620 928 περὶ
3637 863 3712 933 τῆς

2201 938 2418 1009 Συρίας,
2449 938 2540 991 καὶ
2567 941 2595 992 ὁ
2621 937 2860 1004 πατάξας
2892 941 3082 995 ἑαυτὸν
3103 943 3398 1014 τραύματι,
3431 949 3516 1001 καὶ
3533 949 3710 1019 ἐλέγξας

2198 1031 2288 1082 τὸν
2324 1031 2545 1100 Ἀχαά6,
2580 1033 2672 1084 καὶ
2707 1032 2808 1084 ‘Iob
2839 1035 2868 1085 ὁ
2889 1033 2983 1086 τοῦ
3014 1035 3186 1104 Ἀμεὶ,
3231 1035 3380 1108 [nota
3418 1039 3468 1092 in
3495 1045 3710 1113 margine,

2211 1121 2412 1192 Ἀνανὶ]
2449 1123 2542 1174 καὶ
2603 1122 2806 1194 Ὀζιὴλ,
2851 1123 2944 1176 καὶ
2985 1125 3232 1178 Ἐλιαδά·
3285 1128 3396 1180 ἀλλ’
3437 1132 3494 1184 οὐ
3534 1134 3711 1204 φέρεται

2201 1213 2403 1265 τούτων
2459 1213 2564 1266 ἴδια
2617 1213 3026 1285 συγγράμματα
3052 1233 3064 1246 ·
3110 1219 3157 1270 εί
3197 1219 3272 1289 μὴ
3321 1221 3471 1290 μόνον
3521 1225 3562 1275 οἱ
3600 1225 3713 1295 λόγοι

2202 1304 2379 1358 αὐτῶν
2431 1308 2488 1358 ἐν
2535 1307 2656 1366 ταῖς
2703 1305 3006 1370 Βασιλείαις
3053 1309 3144 1361 καὶ
3203 1312 3322 1372 ταῖς
3361 1313 3712 1388 Παραλειπομέ-

2197 1411 2333 1456 ναις.
2378 1394 2465 1446 Ἐν
2496 1393 2552 1446 δὲ
2585 1397 2699 1456 τοῖς
2747 1395 3146 1470 συγγράψασιν,
3170 1391 3245 1450 ὧν
3276 1400 3368 1452 καὶ
3394 1401 3460 1454 τὰ
3487 1409 3714 1478 συγγράμρ

2199 1503 2344 1556 ματα
2392 1488 2638 1558 φέρεται,
2673 1487 2877 1556 πρῶτοι
2919 1489 3204 1556 γεγόνασιν
3255 1485 3423 1546 οὗτοι·
3475 1495 3610 1566 Ὠσηὲ
3644 1501 3713 1552 καὶ

2209 1578 2458 1640 Ἡσαΐας.
2525 1579 2646 1630 Ἐπὶ
2699 1579 2807 1646 γὰρ
2845 1579 2953 1631 τῶν
2999 1579 3177 1634 αὐτῶν
3233 1582 3508 1652 βασιλέων,
3543 1587 3630 1639 τῶν
3667 1605 3712 1642 τε

2207 1669 2376 1721 Ἰούδα
2405 1669 2601 1733 Ὀζίου,
2635 1672 2729 1724 καὶ
2769 1670 3027 1742 Ἰωάθαμ,
3061 1673 3354 1744 καὶἋχὰς,
3383 1677 3474 1728 καὶ
3509 1675 3710 1748 Ἐζηκίου

2198 1762 2460 1830 βασιλέων
2524 1761 2722 1827 Ἰούδα,
2775 1767 2870 1818 καὶ
2921 1766 2978 1818 ὲν
3025 1767 3262 1838 ἡμέραις
3329 1769 3588 1841 Ἰεροόοᾶμ
3626 1773 3713 1826 υἱοῦ

511 1865 690 1928 dotes,
740 1865 794 1917 in
847 1861 1032 1926 Israel,
1079 1862 1132 1914 in
1192 1861 1413 1914 domum
1457 1861 1622 1930 regis,
1653 1859 1825 1929 deque
1874 1860 2094 1914 interitu

2209 1854 2356 1917 Ἰώας
2391 1853 2650 1923 βασιλέως
2711 1853 2921 1926 Ἰσραὴλ
2967 1857 3404 1928 ἐπροφήτευσαν.
3443 1860 3714 1928 Ἐγένετοᾶ

514 1955 793 2011 Samaria.
859 1951 1156 2022 Postquam
1212 1951 1380 2006 etiam
1443 1949 1866 2020 reprehensione
1928 1967 2092 2016 usus,

511 2065 804 2106 mansuros
851 2047 1163 2102 incredulos
1194 2060 1318 2101 esse
1365 2043 1666 2110 conclusit;
1703 2043 1998 2100 Ecclesium
2031 2045 2097 2100 de

510 2143 764 2215 gentibus
793 2157 859 2198 eo
887 2148 1138 2195 coactum
1173 2139 1238 2192 iri
1279 2137 1603 2208 signiﬁcavit
1628 2178 1642 2202 ,
1671 2137 1816 2206 quod
1855 2147 2096 2190 scortum

511 2239 616 2294 sibi
648 2237 704 2291 in
747 2249 972 2290 uxorem
1019 2231 1335 2302 assumpsit,
1369 2244 1532 2299 quam
1566 2231 1632 2283 ad
1665 2230 1788 2283 vitm
1831 2229 2096 2284 sobrieta-

508 2337 620 2384 tem
645 2328 1058 2396 castitatemque
1087 2322 1379 2378 revocavit.
1411 2319 1748 2376 Vaticinatus
1775 2336 1904 2376 vero
1933 2320 2095 2375 etiam

509 2433 596 2481 est
624 2423 692 2478 de
725 2419 1026 2476 Salvatoris
1061 2409 1320 2472 adventu.

1137 2686 1344 2753 AMOS,
1383 2686 1473 2748 Ill.

587 2805 731 2862 Vixit
780 2813 834 2862 et
891 2806 982 2861 hic
1029 2806 1220 2862 eodem
1269 2813 1540 2876 tempore,
1597 2804 1690 2861 sed
1739 2802 1926 2868 initio,
1972 2817 2095 2858 cum

511 2900 651 2957 Osee
698 2906 753 2954 et
815 2899 988 2964 lsaia,
1035 2898 1163 2954 Ozia
1225 2898 1379 2955 Iuda:
1432 2909 1486 2955 et
1537 2899 1866 2954 Hieroboam
1912 2894 2096 2952 lsraeli

513 2990 942 3062 imperantibus,
983 2998 1109 3045 ante
1137 2990 1486 3046 duosannos
1525 2997 1684 3044 terrae
1717 2998 1913 3044 motus.
1948 2987 2095 3043 Vidit

514 3094 692 3138 autem
729 3097 1033 3147 sermones,
1065 3091 1120 3136 et
1147 3083 1482 3137 vaticinatur
1529 3081 1792 3137 adversus
1839 3080 2095 3135 Hierusa-

514 3178 616 3231 lem
645 3215 660 3240 ,
718 3175 980 3256 adversqs
1033 3173 1285 3230 lsraelem
1334 3183 1389 3232 et
1439 3173 1781 3238 Samariam,
1833 3173 2094 3228 adversus

515 3279 701 3339 gentes
751 3270 937 3333 etiam.
989 3269 1334 3334 Damascum,
1369 3265 1593 3332 Gazam,
1645 3267 1899 3332 Ascalon,
1955 3265 2095 3320 Azo-

515 3373 648 3426 tum,
699 3364 970 3428 Accaron,
1015 3361 1240 3434 Tyrum,
1273 3359 1585 3426 ldumazam,
1639 3361 1916 3424 Thaeman,
1959 3360 2098 3416 ﬁlios

510 3455 780 3520 Ammon,
826 3463 880 3510 et
927 3453 1118 3520 Moab;
1152 3469 1291 3524 quos
1338 3468 1529 3509 omnes
1569 3465 1599 3505 a
1632 3467 1691 3507 se
1737 3452 2099 3524 reprehensos

513 3546 760 3602 inﬁdeles
787 3562 910 3602 esse
938 3545 1234 3601 concludit.
1271 3544 1459 3614 Neque
1489 3560 1638 3610 vero,
1685 3560 1809 3600 cum
1847 3553 1993 3601 esset
2031 3546 2099 3600 ab

512 3639 736 3693 Amazia
771 3637 1054 3694 sacerdote
1090 3637 1276 3693 Bethel
1320 3637 1532 3692 delatus
1582 3637 1724 3708 apud
1751 3653 1931 3708 regem
1971 3637 2100 3693 Hie-

514 3729 764 3795 roboam,
791 3737 1051 3799 tanquam
1071 3729 1166 3799 qui
1197 3727 1462 3783 adversus
1488 3725 1790 3781 Samariam
1818 3727 2100 3797 populum-

515 3837 622 3892 que
667 3821 893 3886 faceret,
948 3820 1066 3890 ipse
1114 3819 1410 3889 quidquam
1463 3817 1530 3873 de
1581 3815 1798 3872 dicendi
1850 3817 2099 3872 libertate

516 3913 765 3978 remisit,
811 3913 903 3967 sed
947 3912 1236 3966 vaticinari
1285 3925 1515 3982 pergens
1560 3909 1628 3964 de
1667 3907 1967 3963 Salvatoris
1997 3907 2096 3962 ad-

513 4014 680 4062 ventu
715 4005 928 4060 locutus
953 4014 1056 4062 est.

1059 4203 1410 4270 MICHIEAS,
1442 4204 1531 4268 VL

590 4319 877 4375 Secundus
911 4319 999 4374 hic
1037 4321 1256 4391 quidem
1294 4336 1326 4374 a
1379 4322 1756 4392 superioribus
1797 4321 1922 4388 fuit,
1965 4339 2100 4393 quo-

515 4414 662 4469 niam
709 4425 832 4485 post
877 4413 1024 4468 Ozias
1069 4422 1310 4484 tempora
1349 4416 1678 4472 vaticinatus
1712 4423 1796 4472 est
1827 4435 1841 4469 :
1874 4417 1968 4472 sed
2008 4431 2100 4472 ea-

516 4506 638 4562 dem
666 4521 790 4560 cum
823 4506 932 4562 illis
961 4516 1118 4562 aetate
1149 4507 1333 4562 ﬂoruit
1363 4527 1376 4562 :
1408 4509 1536 4578 quia
1559 4515 1612 4562 et
1641 4509 1756 4578 ipse
1784 4507 2094 4574 Joathamo,

2198 1945 2350 2013 λόγος
2382 1946 2515 2016 πρὸς
2547 1947 2708 1999 αὐτὸν
2753 1948 2849 2000 καὶ
2877 1949 3210 2020 προφητεύει
3235 1943 3388 2016 οὗτος
3425 1953 3510 2005 ἐπὶ
3541 1956 3715 2016 caligis-

2200 2037 2348 2108 ρέας,
2387 2037 2481 2090 καὶ
2513 2038 2606 2090 ἐπὶ
2629 2039 2720 2090 ὠν
2763 2038 2996 2112 Ἰσραὴλ,
3028 2041 3121 2094 καὶ
3145 2043 3240 2094 ἐπὶ
3267 2042 3358 2096 τὸν
3388 2039 3522 2098 οἷκον
3545 2046 3622 2098 τοῦ
3642 2045 3714 2117 βαρ

2200 2129 2408 2192 σιλέως,
2447 2131 2698 2202 καὶπερὶ
2732 2133 2830 2203 τῆς
2860 2131 3132 2196 ἀπωλείας
3173 2134 3278 2205 τῆς
3310 2136 3618 2208 Σαμαρείας
3646 2139 3716 2192 καὶ

2198 2221 2438 2290 ἐλέγξας,
2465 2224 2558 2276 καὶ
2594 2223 2919 2292 συγκλείσας
2943 2225 3140 2289 αὐτοὺς
3163 2227 3245 2289 εἰς
3267 2227 3525 2294 ἀπειθίαν,
3573 2229 3717 2301 σημαί-

2198 2333 2274 2368 νει
2313 2317 2411 2386 τὴν
2449 2315 2505 2382 ἐξ
2543 2315 2714 2370 ἐθνῶν
2767 2317 3116 2387 Ἐκκλησίαν,
3149 2320 3222 2374 δι’
3255 2314 3330 2374 ὧν
3367 2321 3512 2376 ἔλαϐε
3559 2323 3716 2397 πόρνην

2198 2409 2450 2472 γυναῖκα,
2482 2409 2549 2479 ἣν
2583 2411 2677 2462 καὶ
2705 2409 2886 2464 λαϐὼν
2923 2413 3330 2484 ἐσωφρόνησεν,
3361 2415 3558 2485 ἀνάγων
3585 2417 3715 2488 αὐτὴν

2199 2499 2333 2572 πρὸς
2357 2501 2564 2554 ἑαυτόν.
2602 2503 2942 2574 Προφητεύει
2969 2504 3027 2557 δὲ
3063 2507 3156 2558 καὶ
3190 2509 3321 2578 περὶ
3349 2509 3441 2582 τῆς
3469 2509 3550 2563 τοῦ
3577 2511 3717 2583 Σωτῆ-

2198 2607 2291 2663 ρος
2329 2591 2649 2662 παρουσίας.

2832 2705 3041 2772 ΑΜΩΣ,
3067 2710 3140 2764 Γ’.

2269 2821 2380 2876 Καὶ
2403 2816 2558 2886 οὗτος
2615 2826 2960 2896 συνεχρόνισε
2988 2827 3130 2882 κατὰ
3166 2829 3266 2900 τὴν
3289 2831 3457 2902 ἀρχὴν
3474 2832 3542 2903 τῷ
3577 2831 3714 2905 Ὠσηὲ,

2199 2915 2293 2968 καὶ
2321 2914 2397 2986 τῷ
2442 2915 2661 2987 Ἡσαΐᾳ,
2711 2917 2805 2970 ἐπὶ
2850 2918 3025 2982 ὐζίου
3065 2920 3332 2991 βασιλέως
3377 2925 3548 2989 Ἰούδα,
3581 2927 3716 2980 καὶέν

2197 3009 2433 3080 ἡμέραις
2474 3009 2756 3082 Ἱεροϐοὰμ
2773 3011 2865 3064 τοῦ
2920 3011 3073 3078 Ἰωὰς
3105 3014 3370 3085 βασιλέως
3411 3017 3619 3088 Ἰσραὴλ,
3645 3016 3714 3085 γὲο

2197 3118 2318 3170 γονε
2360 3103 2466 3174 πρὸ
2501 3102 2595 3156 δύο
2623 3103 2759 3158 ὲτῶν
2798 3105 2892 3159 τοῦ
2929 3108 3174 3180 σεισμοῦ.
3205 3109 3412 3180 Λόγους
3436 3109 3488 3163 δὲ
3511 3105 3616 3173 εἶδε,
3648 3109 3715 3162 καὶ

2199 3196 2532 3267 προφητεύει
2574 3197 2713 3251 κατὰ
2767 3200 2866 3270 τῆς
2929 3200 3308 3274 Ἰερουσαλὴμ,
3353 3203 3442 3256 καὶ
3489 3202 3608 3254 κατᾶ
3643 3199 3710 3252 τοῦ

2213 3287 2450 3360 Ἰσραὴλ,
2497 3290 2590 3343 καὶ
2622 3291 2723 3362 τῆς
2753 3291 3091 3362 Σαμαρείας,
3141 3294 3233 3346 καὶ
3279 3293 3416 3348 κατὰ
3452 3294 3548 3347 τῶν
3567 3293 3712 3358 ἐθνῶν,

2201 3379 2514 3450 Δαμασκοῦ,
2546 3380 2744 3454 Γάζης,
2779 3383 3134 3447 Ἀσκάλωνος,
3179 3384 3432 3450 Ἀζώτου,
3471 3387 3711 3458 ’Δκκάρων,

2201 3469 2399 3540 Τύρου,
2452 3470 2774 3541 Ἰδουμαίας,
2827 3471 3056 3542 Θαμαᾶν
3095 3473 3250 3544 [nota
3292 3476 3348 3530 in
3387 3476 3620 3546 margine,
3657 3474 3709 3526 τε.

2198 3557 2457 3630 Θαιμὰν],
2485 3560 2614 3613 υἱῶν
2657 3563 2901 3633 Ἀμμὼν,
2927 3565 3018 3618 καὶ
3065 3566 3243 3618 Μωάϐ
3266 3583 3278 3596 ’
3313 3567 3404 3620 καὶ
3425 3566 3576 3630 οὕτως
3597 3563 3712 3632 ἐλέγ-

2197 3665 2302 3720 χει,
2355 3651 2450 3703 καὶ
2506 3651 2780 3719 συγκλείει
2812 3655 3017 3720 πάντας
3061 3658 3141 3720 είς
3173 3659 3446 3717 ἀπειθίαν.
3489 3659 3622 3712 Ἀλλὰ
3643 3658 3712 3710 καὶ

2211 3741 2470 3811 Ἀμασίου
2499 3743 2593 3796 τοῦ
2630 3745 2824 3816 ἱερέως
2857 3747 3059 3820 Βαιθὴλ
3102 3748 3446 3814 διαϐαλόντος
3487 3751 3622 3804 αὐτὸν

2199 3827 2407 3899 βασιλεί
2443 3831 2724 3904 ’Ῑεροῦοὰμ
2767 3834 2840 3898 ὡς
2865 3835 3094 3905 λέγοντα
3126 3839 3272 3892 κατὰ
3305 3843 3400 3912 τῆς
3437 3839 3708 3911 Σαμαρείας,

2199 3923 2293 3975 καὶ
2325 3925 2465 3978 κατὰ
2494 3923 2589 3976 τοῦ
2628 3925 2781 3994 λαοῦ,
2818 3929 2980 3994 αὐτὸς
3011 3930 3161 3983 οὐδὲν
3189 3927 3354 4004 ἧττον
3373 3933 3468 3986 οὐκ
3491 3931 3709 3985 ἐπαύσατο

2199 4014 2727 4088 παρρησιαζόμενος,
2765 4021 2859 4073 καὶ
2899 4021 3072 4076 λέγων
3109 4024 3176 4078 τά
3209 4025 3364 4096 λόγια
3395 4025 3480 4079 καὶ
3507 4021 3710 4095 περὶτῆς

2201 4108 2501 4178 παρουσίας
2523 4109 2615 4162 τοῦ
2639 4111 2910 4184 Σωτῆρος.

2775 4228 3102 4298 ΜῐΧΑΙΑΣ,
3121 4234 3209 4298 ς’.

2269 4335 2526 4405 Δεύτερος
2557 4336 2653 4406 μὲν
2689 4337 2796 4388 τῶν
2825 4340 3238 4410 προειρημένων
3263 4340 3590 4410 γέγονενιότι
3611 4329 3710 4386 utra

2212 4425 2390 4489 Ὀζίαν
2419 4429 2812 4498 ὲπροφήτευσε.
2843 4431 3155 4502 Συνεχρόνει
3180 4432 3240 4488 δὲ
3263 4434 3460 4502 ὠτυίς.
3505 4433 3628 4488 Ἐπεὶ
3643 4430 3709 4484 καί

2200 4516 2360 4579 αὐτὸς
2389 4516 2482 4568 ἐπὶ
2497 4515 2736 4588 Ἰωαθάμ
2755 4517 2848 4571 καὶ
2866 4518 3029 4589 Ἀχὰζ
3045 4521 3142 4576 καὶ
3171 4521 3412 4588 Ἐζεκίου
3429 4525 3603 4596 ἤρξατο
3619 4535 3710 4590 προ-

517 4597 756 4662 Achazo,
812 4605 866 4652 et
917 4597 1148 4653 Ezechia
1206 4598 1426 4668 regibus
1487 4597 1846 4668 prophetandi
1899 4613 2096 4652 munus

2204 4607 2476 4678 φητεύειν,
2514 4583 2761 4676 Ἐγένετο
2775 4609 2830 4661 δὲ
2846 4583 3048 4681 ὁελύγος
3075 4615 3210 4685 πρὸς
3231 4583 3392 4670 αὑτὸν
3423 4583 3706 4684 *σοῦ’Κυρίου,

519 4704 808 4758 aggressus
847 4697 952 4744 est.
984 4689 1184 4744 Factus
1218 4701 1301 4745 est
1323 4698 1504 4745 autem
1537 4689 1604 4744 ad
1634 4704 1756 4744 eum
1783 4703 1963 4744 sermo
1995 4687 2100 4742 Do-

518 4779 674 4843 mini,
709 4788 762 4833 ct
796 4779 1125 4836 vaticinatus
1165 4789 1250 4835 est
1295 4781 1350 4835 in
1395 4780 1756 4846 Hierusalem,
1806 4779 1860 4834 in
1909 4779 2099 4833 Sama-

519 4871 677 4940 riam,
713 4873 766 4926 in
792 4874 1087 4944 prophetas
1117 4890 1212 4929 eos
1240 4876 1334 4945 qui
1361 4876 1620 4946 populum
1649 4875 1706 4928 in
1747 4889 1985 4929 errorem
2017 4873 2100 4926 in-

517 4967 824 5035 tluccbant;
872 4968 928 5022 in
959 4967 1242 5022 Achabum
1285 4968 1538 5038 denique.
1581 4965 1841 5020 Praediin
1882 4973 1936 5020 et
1977 4963 2098 5018 Sal—

517 5059 721 5114 vatoris
773 5059 1100 5126 adventum,
1153 5060 1244 5113 ubi
1303 5059 1593 5128 postremis
1635 5058 1826 5112 diebus
1871 5055 2098 5111 manife-

519 5163 663 5209 stum
693 5151 908 5208 Domini
941 5160 1179 5207 montem
1215 5152 1332 5207 fore
1358 5151 1648 5222 signiﬁcat.

1169 5263 1355 5326 JOEL,
1397 5263 1464 5319 ll.

593 5357 786 5413 Sermo
821 5355 1036 5412 Domini
1073 5355 1248 5410 factus
1287 5363 1372 5411 est
1407 5355 1474 5408 ad
1513 5355 1713 5426 ipsum,
1741 5354 2096 5427 praedixitque

521 5451 832 5507 senioribus
861 5450 1226 5520 omnibusque
1252 5453 1346 5519 qui
1389 5457 1594 5504 terram
1623 5449 1950 5516 incolebant,
1979 5450 2097 5519 ejus

519 5541 814 5608 excidium,
857 5551 912 5598 et
953 5541 1060 5596 alia
1103 5558 1226 5611 qua:
1279 5542 1382 5612 ipsi
1425 5541 1773 5612 contigerunt
1819 5542 2097 5596 servitutis

521 5641 785 5702 tempore.
815 5631 1156 5688 Vaticinatur
1202 5649 1331 5688 vero
1375 5633 1538 5689 etiam
1582 5633 1647 5688 de
1695 5632 1932 5704 Spiritus
1969 5648 2097 5686 san-

521 5723 593 5775 cti
623 5723 798 5792 gratia
839 5723 894 5778 in
945 5740 1136 5779 omnes
1169 5725 1262 5795 qui
1295 5727 1396 5780 sub
1431 5725 1712 5780 Salvatore
1751 5725 1916 5780 futuri
1949 5737 2096 5790 sunt,

519 5812 864 5870 effundenda.
913 5814 1287 5870 Concinnatur
1339 5815 1572 5886 denique
1619 5817 1687 5874 de
1745 5815 1985 5887 jejunio,
2031 5816 2098 5870 de

2200 4701 2294 4751 καὶ
2321 4698 2650 4770 προφητεύει
2679 4699 2771 4753 ἐπὶ
2787 4699 3159 4776 Ἰερουσαλὴμ,
3183 4708 3276 4760 καὶ
3301 4725 3366 4761 πε
3375 4709 3425 4780 pl.
3442 4703 3707 4776 Σαμαρείας.

2202 4790 2292 4841 καὶ
2313 4790 2402 4842 ἐπὶ
2423 4791 2550 4853 τοὺς
2577 4793 2860 4864 προφήτας
2883 4797 3008 4859 τοὺς
3045 4797 3362 4864 πλανῶντας
3391 4799 3474 4851 τὸν
3501 4797 3620 4858 λαὸν,
3643 4791 3709 4844 καὶ

2203 4883 2342 4935 κατὰ
2357 4883 2450 4935 τοῦ
2487 4884 2710 4956 Ἀχαὰϐ.
2735 4889 3108 4960 Προσημαίνει
3135 4891 3193 4944 δὲ
3227 4891 3319 4945 καὶ
3345 4891 3438 4964 τὴν
3469 4885 3708 4960 παρουσίαν

2200 4974 2292 5028 τοῦ
2309 4976 2561 5052 Σωτῆρος
2571 4980 2786 5050 ,λέγων’
2805 4983 2891 5036 Ἐν
2918 4986 3038 5048 ταῖς
3053 4985 3308 5054 ἐσχάταις
3336 4985 3548 5057 ἡμέραις
3571 4983 3707 5050 iii?“

2205 5067 2290 5131 νὲς
2321 5068 2474 5124 ἔσται
2505 5074 2566 5126 τὸ
2587 5073 2710 5144 ὅρος
2738 5073 2832 5128 τοῦ
2861 5075 3089 5148 Κυρίου.

2835 5279 2992 5331 ιΩΗΑ
3017 5319 3031 5344 ,
3074 5279 3148 5334 B'.

2275 5361 2444 5430 Λόγος
2471 5363 2674 5436 Κυρίου
2712 5369 2927 5436 ἐγένετο
2955 5373 3092 5444 πρὸς
3123 5373 3282 5427 αὐτὸν
3314 5373 3402 5426 καὶ.
3437 5359 3706 5438 προφητεύει

2204 5457 2312 5517 τοῖς
2337 5454 2724 5528 πρεσϐυτέροις
2777 5462 2868 5513 zeal.
2897 5464 3029 5515 πᾶσι
3057 5466 3170 5527 τοῖς
3194 5457 3482 5517 κατοικοῦσι
3509 5459 3590 5528 τὴν
3611 5451 3703 5519 γῆνν

2205 5545 2333 5615 περὶ
2362 5545 2462 5615 τῆς
2487 5545 2737 5613 ἁλώσεως
2763 5549 2864 5620 τῆς
2891 5552 3018 5622 γῆς,
3041 5553 3260 5608 καὶτῶν
3289 5555 3345 5608 ὲν
3368 5553 3510 5622 αὐτῇ.
3534 5559 3704 5617 προφη.

2204 5638 2350 5690 τεύει
2377 5637 2433 5690 δὲ
2462 5639 2556 5693 καὶ
2589 5642 2714 5711 περὶ
2751 5641 2850 5712 τῆς
2879 5643 2972 5697 τοῦ
3013 5645 3168 5713 ἁγίου
3210 5643 3504 5714 Πνεύματσς
3531 5639 3704 5710 χάριτος

2205 5731 2300 5801 τῆς
2335 5732 2415 5794 εἰς
2447 5733 2655 5797 ’πάντας
2681 5735 3040 5807 γενησόμενος
3083 5737 3222 5810 [lege
3249 5725 3598 5806 γενησομένης]
3625 5719 3704 5775 ὑπὸ

2205 5819 2296 5872 τοῦ
2331 5823 2596 5894 Σωτῆρος.
2627 5825 2900 5895 Κηρύττει
2928 5827 2984 5880 δὲ
3017 5830 3106 5882 καὶ
3133 5828 3257 5899 περὶ
3285 5824 3514 5896 νηστείας
3533 5819 3610 5872 καὶ
3629 5829 3702 5881 με·
