3974 6486
125 3725 172 3772 σ

229 458 372 516 1265

1441 455 1527 508 nr:
1572 453 1752 511 vms
1789 455 2332 512 ruonmnnuu.
2371 437 2376 442 ’

3355 461 3490 515 1263

225 573 596 646 τανοίας.,,καὶ
624 575 752 646 περὶ
785 573 882 645 τῆς
923 573 1014 627 τοῦ
1053 575 1302 646 Σωτῆρος
1334 577 1663 645 παρουσίας,
1710 578 1802 629 καὶ

1941 577 2242 639 mnitentia,
2277 577 2344 630 de
2375 576 2684 632 Salvatoris-
2698 579 2964 641 adventu,
3001 578 3142 633 etde
3173 578 3342 650 signis
3372 595 3492 648 quae

225 665 338 719 τῶν
375 665 468 718 ιτιι
502 663 593 718 τοῦ
634 665 866 736 σταυροῦ
898 666 1202 735 γενομένων
1234 667 1492 736 σημέιων.

829 779 1096 842 ΑΒΔΙΟΥ,
1137 778 1208 832 Δ’.

304 869 535 941 Ὀρασιν
565 869 898 939 ἀπαγγέλλει
924 871 1063 924 κατὰ
1091 872 1189 942 τῆς
1231 871 1554 941 Ἰδουμαίας,
1590 887 1684 922 και
1714 871 1806 922 τού

225 961 419 1025 τέλους
458 963 653 1034 αὐτῆς·
691 963 784 1016 καὶ
819 963 959 1017 κατὰ
994 962 1100 1016 τῶν
1133 962 1300 1016 ἐθνῶν
1339 962 1446 1015 τῶν
1477 965 1808 1033 ἐμπαροινη-

231 1055 445 1108 σάντων
483 1055 559 1125 τῷ
604 1056 838 1127 Ἰσραήλ.
901 1055 1364 1126 Ἀναλωοήσεσθαι
1407 1055 1515 1126 γὰρ
1541 1055 1630 1107 τδν
1662 1053 1808 1108 οἶκον

245 1147 418 1200 Ἡσαῦ
453 1148 558 1200 ὑπὸ
586 1147 677 1200 τοῦ
725 1147 917 1200 Ἰακὼϐ
949 1149 1329 1220 προσημαίνει.

851 1327 1051 1379 ΙΩΝΑΣ
1067 1369 1080 1390 ,
1117 1327 1190 1380 E'.

303 1418 476 1487 Λόγος
532 1418 734 1490 Κυρίου
799 1419 1012 1487 ἐγένετο
1069 1419 1208 1490 πρὸς
1244 1418 1403 1472 αὑτὸν
1441 1417 1694 1471 ἀπελθεῖν
1733 1419 1812 1479 εἰς

225 1511 434 1581 Νινευὴ
464 1511 559 1564 καὶ
592 1510 822 1582 κηρῦξαι
853 1513 910 1564 ἐν
940 1511 1097 1582 αὐτῇ,
1126 1512 1206 1564 ὅτι
1232 1511 1312 1564 ἔτι
1337 1514 1484 1581 τρεῖς
1507 1511 1580 1580 (I)
1605 1510 1810 1580 ἡμέραι

226 1602 328 1657 καὶ
352 1603 864 1673 καταστραφήσεται
893 1603 924 1672 ἡ
952 1602 999 1654 Ν
1006 1603 1174 1672 ινευή.
1217 1601 1353 1654 Ἀλλ’
1388 1603 1569 1664 Ἰωνᾶς
1596 1600 1812 1668 φεύγων

222 1694 291 1747 τὸ
329 1695 614 1765 κήρυγμα,
658 1694 822 1766 ἀνέϐη
873 1696 952 1756 εἰς
987 1693 1047 1746 τὸ
1080 1694 1280 1748 πλοῖον.
1331 1692 1614 1763 Χειμῶνός
1644 1691 1719 1761 (2)
1753 1707 1810 1742 τε

225 1788 524 1859 γενομένου
553 1788 836 1859 ἐξεϐλήθη,
871 1788 965 1841 καὶ
996 1787 1268 1858 κατεπόθη
1302 1788 1406 1840 ὑπὸ
1431 1789 1594 1858 κήτου
1622 1786 1814 1840 Θαλασ-

226 1880 371 1934 σίου.
406 1876 539 1933 Εἶτα
569 1880 707 1951 μετὰ
735 1882 881 1951 τρεῖς
938 1881 1148 1952 ἡμέρας
1184 1869 1399 1944 ἐξέϐαλε
1438 1879 1496 1932 τὺ
1531 1879 1693 1949 κῆτος
1720 1877 1809 1930 τὸν

240 1973 430 2026 Ἰωνὰν
457 1972 652 2037 ζῶντα.
685 1973 797 2027 Καὶ
839 1973 998 2027 πάλιν
1041 1976 1104 2027 ἐκ
1130 1973 1385 2044 δευτέρας
1414 1973 1566 2041 λόγος
1607 1970 1810 2042 Κυρίου

227 2067 451 2135 ἐγένετο
481 2065 616 2137 πρὸς
647 2066 827 2120 αὐτόν.
874 2068 983 2119 Καὶ
1027 2065 1273 2119 ἀπελθὼν
1317 2067 1578 2137 ἐκήρυξεν
1614 2066 1692 2126 είς
1717 2064 1814 2131 τὴν

223 2161 457 2232 Νινευὴ,
497 2160 692 2214 ἐκεῖνοί
718 2177 775 2212 τε
803 2151 1131 2222 ἀκούσαντες
1160 2157 1653 2229 ἐμετανόησαν,κα“ι
1679 2174 1818 2226 παρ-

227 2253 412 2326 ήγαγε
457 2252 657 2323 Κύριος
712 2251 808 2322 τὴν
855 2251 1024 2323 ὀργὴν
1067 2252 1162 2304 ἀπ’
1217 2250 1416 2304 αὐτῶν.
1478 2249 1590 2319 Τῆς
1638 2249 1818 2319 μέντοι

230 2343 540 2415 παρουσίας
576 2343 670 2397 τοῦ
707 2343 958 2414 Σωτῆρος
1002 2345 1225 2414 σημεῖον
1269 2342 1428 2404 αὐτὸς
1469 2341 1679 2409 γέγονε,
1727 2339 1820 2390 καὶ

232 2435 566 2501 καταποθεὶς
595 2435 699 2488 ὑπὸ
727 2435 820 2488 τοῦ
849 2437 1067 2506 κήτους,
1108 2435 1201 2488 καὶ
1241 2432 1526 2505 ἐκϐληθεὶς
1555 2431 1819 2501 ἀϐλαϐής.

490 2549 736 2602 ΝΑΟΥΜ
782 2550 823 2603 Ο
869 2547 1008 2600 ΤΟΥ
1052 2545 1462 2609 ΕΛΚΕΣΑΙΟΥ,
1501 2545 1572 2598 Z'.

304 2640 516 2710 Λῆμμα
564 2638 694 2710 περὶ
743 2639 842 2709 τῆς
887 2637 1160 2701 ἀπωλείας
1206 2637 1404 2708 Νινευῆ
1449 2635 1572 2707 (sic)
1623 2634 1824 2705 βιϐλίον

233 2731 503 2802 ὁράσεως.
539 2731 879 2804 Προφητεύει
909 2731 1004 2784 καὶ
1032 2730 1291 2802 κηρύττει
1319 2730 1416 2800 μὲν
1441 2729 1684 2800 καὶπερὶ
1708 2725 1826 2798 ἐορ-

234 2825 355 2894 τῆς.
390 2824 762 2897 Προσημαίνει
794 2824 850 2876 δὲ
882 2825 939 2876 ἐν
977 2825 1115 2894 αὐτῇ
1149 2824 1276 2894 περὶ
1304 2821 1397 2875 τοῦ
1427 2820 1700 2891 Σωτῆρος,
1731 2820 1826 2871 καὶ

239 2914 308 2967 τὰ
345 2913 508 2968 λοιπὰ
556 2915 732 2967 πάντα
779 2914 916 2967 κατὰ
961 2915 1061 2984 τῆς
1105 2913 1345 2984 Νινευῆ,
1391 2909 1609 2964 καὶτοῦ
1642 2909 1826 2972 τέλους

240 3007 430 3078 αὐτῆς,
458 3004 680 3059 καὶτῶν
714 3006 921 3077 ἐχθρῶν
943 3004 1036 3058 τοῦ
1072 3005 1286 3076 Ἰσραὴλ
1308 3001 1692 3073 παραγγέλλει.

757 3117 1171 3179 ΑΜΒΑΧΟΥΜ,
1224 3116 1310 3170 II'.

313 3208 520 3280 Λῆμμα
531 3209 624 3262 καὶ
637 3208 798 3272 αὐτὸς
812 3203 968 3261 εἶδενο
985 3205 1574 3280 προφητεύειδεόμενος
1593 3205 1690 3274 μὲν
1704 3203 1829 3274 περὶ

240 3302 339 3373 τῆς
363 3277 616 3364 ἁλώσεως
635 3301 734 3370 τῆς
765 3277 1133 3371 Ἰερουσαλήμ.
1167 3297 1561 3370 Προσημαίνων
1603 3295 1658 3348 δέ
1693 3295 1820 3365 περὶ
1847 3277 1890 3335 (ἶ

240 3391 345 3459 τῆς
371 3390 669 3461 παρουσίας
685 3390 778 3442 τοῦ
799 3390 1068 3460 Σωτῆρος.
1095 3390 1257 3457 Λέγει
1286 3389 1344 3440 δὲ
1373 3389 1466 3440 καὶ
1490 3385 1820 3457 προφητεύει

243 3481 388 3538 κατὰ
408 3482 516 3534 τῶν
535 3481 978 3554 καταφρονητῶν.
1007 3479 1138 3535 Εἶτα
1173 3479 1374 3550 μεταξὺ
1407 3479 1680 3548 προσευχὴ
1710 3480 1821 3530 ἐστι

242 3573 338 3627 τοῦ
369 3575 645 3646 προφήτου
682 3575 796 3645 μετ’
831 3573 993 3643 ᾠδῆς.
1025 3572 1133 3624 Καὶ
1160 3571 1287 3642 τρία
1315 3569 1821 3639 διαψὰλματὰἐστιν

245 3670 304 3720 ἐν
323 3669 387 3737 τῇ
405 3665 670 3738 λεγομένῃ
698 3663 806 3735 ᾠδῇ
824 3664 1040 3734 ᾅδοντος
1059 3662 1223 3715 αὑτοῦ
1251 3663 1377 3733 περὶ
1399 3663 1496 3732 τῆς
1526 3661 1823 3730 παρουσίας

245 3757 341 3813 τοῦ
366 3759 634 3830 Σωτῆρος,
661 3757 876 3827 καὶτῆς
897 3756 1036 3809 κατὰ
1057 3755 1282 3810 Θανάτου
1304 3755 1476 3825 νίκης.

533 3962 866 4015 ΣΟΦΟΝΙΑΣ
909 3962 950 4014 Ο
985 3961 1122 4018 ΤΟΥ
1159 3960 1428 4023 ΧΟΥΣΕΙ,
1464 3961 1540 4014 Θ’.

244 4067 250 4074 ·
321 4049 490 4119 υῦτος
517 4055 610 4109 καὶ
655 4054 923 4125 Ἱερεμίας
957 4053 1350 4123 συνεχρόνησαν
1383 4051 1650 4122 ἀλλήλοις.
1694 4053 1826 4123 Ἀμ-

249 4151 470 4221 φότεροι
492 4148 599 4221 γὰρ
623 4148 714 4200 ἐπὶ
741 4147 835 4202 τοῦ
876 4147 1055 4200 Ἰωσία
1083 4145 1347 4216 βασιλέως
1387 4145 1552 4198 Ἰούδα
1585 4146 1826 4217 ἐπροφή-

249 4260 468 4299 τευσαν.
517 4243 686 4310 Λόγος
726 4241 782 4293 δὲ
814 4240 1018 4312 Κυρίου
1069 4239 1286 4308 ἐγένετο
1334 4237 1469 4308 πρὸς
1514 4238 1696 4301 αὑτὸν,
1735 4237 1828 4290 καὶ

250 4333 586 4406 προφητεύει
618 4335 676 4386 ἐν
701 4335 768 4404 τῇ
798 4332 1170 4404 Ἰερουσαλὴμ,
1203 4332 1296 4385 καὶ
1326 4331 1486 4383 παντὶ
1514 4329 1702 4401 Ἰούδᾳ·
1737 4331 1827 4382 καὶ

252 4425 508 4497 προλέγει
535 4425 663 4496 περὶ
694 4425 904 4496 ἡμέρας
928 4425 1192 4495 ἐσομένης
1217 4423 1479 4494 μεγάλης,
1506 4422 1644 4475 ὥστε
1670 4421 1831 4492 ἐξαρ-

253 4520 415 4591 θῆναι
441 4519 617 4573 πάντα
645 4518 713 4572 τὰ
744 4517 955 4581 εἴδωλα,
989 4517 1084 4570 καὶ
1113 4517 1180 4578 τὰ
1207 4515 1365 4583 ἄλση.
1396 4514 1491 4567 καὶ
1516 4513 1681 4566 πολὺν
1708 4513 1831 4584 Θρῆ-

1912 669 1966 722 in
2005 684 2168 723 cruce
2203 678 2328 722 sunt
2356 669 2521 722 edita.

2513 779 2776 847 ABDIAS,
2805 780 2889 834 IV.

1983 868 2261 927 V’isionem
2302 871 2587 926 denuntiat
2618 871 2880 926 adversus
2910 870 3222 938 Idunmam,
3253 882 3306 930 et
3333 892 3491 944 quem

1915 960 2073 1014 ﬁnem
2133 961 2323 1016 eadem
2379 961 2451 1016 sit
2513 961 2786 1016 habitura.
2831 961 3173 1018 Vaticinatur
3218 967 3378 1020 etiam
3437 967 3491 1020 in

1915 1063 2103 1122 gentes
2151 1069 2271 1123 qua:
2324 1054 2508 1111 Israeli
2565 1058 2919 1113 insultarunt.
2968 1057 3104 1114 Fore
3156 1060 3317 1114 etiam
3357 1076 3496 1130 pra:-

1909 1145 2064 1209 dixit,
2099 1156 2155 1201 ut
2197 1145 2338 1203 Esau
2377 1149 2591 1215 domus,
2628 1152 2695 1206 ab
2738 1167 2799 1206 ea
2841 1167 2959 1222 qua:
2993 1151 3177 1206 Jacobi
3214 1160 3317 1216 est,
3367 1155 3497 1207 sub-

1913 1247 2174 1294 vertatur.

2540 1332 2774 1402 .IONAS,
2806 1335 2870 1389 ν.

1986 1422 2175 1478 Sermo
2202 1423 2415 1480 Domini
2451 1425 2627 1481 factus
2676 1438 2759 1483 est
2808 1428 2873 1482 ad
2907 1429 3104 1498 ipsum.
3145 1437 3203 1484 ut
3243 1430 3495 1484 Ninivam

1913 1513 2189 1583 profectus
2230 1516 2284 1570 in
2333 1532 2396 1572 ea
2427 1518 2666 1582 doceret,
2709 1520 2884 1575 tribus
2930 1528 3139 1576 tantum
3185 1521 3377 1576 diebus
3407 1537 3499 1573 ur-

1913 1605 2034 1661 bem
2058 1621 2175 1659 eam
2209 1607 2276 1661 ab
2299 1607 2521 1662 interitu
2550 1610 2761 1664 abesse.
2793 1608 2898 1663 Sed
2930 1626 3050 1664 cum
3079 1610 3318 1665 mandati
3356 1627 3498 1666 onus

1915 1696 2235 1763 declinaret,
2266 1700 2493 1771 contigit
2518 1709 2576 1754 ut
2603 1717 2759 1767 nave,
2803 1701 2856 1755 in
2889 1718 3052 1773 quam
3079 1700 3496 1768 conscenderat,

1915 1788 2329 1857 tempestatibus
2375 1790 2598 1859 agitata,
2636 1791 2691 1844 in
2742 1807 2892 1846 mare
2939 1793 3147 1861 ejectus
3201 1808 3231 1846 a
3274 1793 3498 1862 pistrice

1914 1877 2348 1933 absorberetur:
2393 1897 2514 1950 qua:
2569 1883 2816 1938 eumdem
2891 1883 3068 1938 triduo
3122 1892 3246 1953 post
3315 1886 3492 1938 vivum

1914 1969 2172 2022 evomuit.
2203 1967 2398 2025 Iterato
2435 1971 2632 2026 deinde
2670 1969 2739 2025 ad
2789 1987 2912 2025 eum
2958 1971 3172 2027 Domini
3221 1990 3496 2035 sermone.

1915 2055 2165 2112 Ninivam
2225 2060 2506 2129 appulsus,
2563 2061 2746 2131 ibique
2802 2063 3185 2130 concionatus,
3234 2065 3382 2119 cives
3431 2065 3498 2117 ad

1917 2149 2351 2220 resipiscentiam
2403 2152 2657 2219 adduxit,
2703 2164 2758 2210 et
2808 2155 2943 2209 iram
2993 2155 3205 2211 Domini
3250 2156 3319 2211 ab
3365 2156 3499 2226 ipsis

1920 2241 2135 2296 avertit.
2171 2241 2295 2296 Fuit
2321 2245 2538 2312 quidem
2583 2253 2730 2300 certe
2763 2244 3060 2302 Salvatoris
3105 2247 3304 2318 imago,
3336 2262 3496 2317 quem

1921 2333 2116 2402 pistrix
2155 2333 2380 2389 illaesum
2415 2336 2688 2408 absorpsit
2716 2346 2770 2394 et
2798 2341 3059 2393 evomuit.

2147 2538 2428 2608 NAIIUM,
2473 2542 2788 2598 ELCES/EI
2828 2542 3088 2610 FILIUS,
3130 2543 3240 2599 VII.

1992 2625 2444 2702 Assumptidnem
2476 2635 2542 2690 de
2577 2635 2803 2692 interitu
2833 2635 3043 2692 Ninivaa
3075 2637 3305 2692 visionis
3335 2638 3502 2708 hujus

1925 2723 2064 2778 liber
2085 2726 2489 2795 complectitur.
2514 2727 2862 2784 Vaticinatur
2878 2737 2933 2784 et
2959 2729 3320 2786 concionatur
3335 2733 3499 2786 etiam

1925 2813 1993 2869 de
2027 2813 2187 2870 festo.
2221 2815 2477 2873 Praedieit
2526 2829 2708 2875 autem
2763 2821 2820 2875 in
2863 2835 2926 2875 ea
2971 2821 3038 2876 de
3089 2819 3394 2885 Salvatore,
3434 2822 3504 2876 de

1927 2908 2142 2963 caeteris
2175 2910 2452 2979 omnibus,
2482 2928 2605 2983 quae
2643 2913 2913 2970 adversus
2942 2913 3196 2968 Ninivain
3230 2922 3391 2977 sunt,
3435 2915 3504 2969 de

1927 2999 2048 3068 ejus
2083 2999 2189 3056 line
2217 3001 2455 3073 denique
2482 3012 2537 3059 et
2563 3005 2786 3062 lsraelis
2815 3006 3080 3061 hostium.

2439 3117 2709 3175 ABBACU
2720 3118 2766 3172 Μ
2788 3161 2804 3185 ,
2845 3117 2983 3175 VIII.

2004 3203 2448 3276 Assumptionem
2500 3218 2554 3264 et
2603 3210 2692 3264 hic
2751 3210 2986 3266 intuitus
3020 3221 3124 3268 est.
3164 3211 3504 3266 Vaticinatur

1927 3305 2109 3352 autem
2144 3298 2281 3354 fusis
2309 3299 2529 3370 quidem
2569 3303 2823 3371 precibus
2854 3301 3362 3375 Ilierosnlymitanzc
3409 3319 3501 3355 ur-

1930 3390 2015 3445 bis
2037 3391 2258 3445 nomine
2288 3409 2300 3443 :
2334 3390 2429 3446 sed
2458 3391 2526 3445 de
2550 3390 2852 3448 Salvatoris
2887 3394 3125 3450 adventu
3163 3394 3502 3465 pronuntiat.

1930 3481 2072 3536 Dicit
2101 3497 2232 3536 vero
2258 3491 2312 3537 et
2341 3499 2463 3554 quae
2494 3486 2883 3554 spernentibus
2898 3495 3160 3542 eventura
3178 3495 3326 3543 sunt.
3347 3487 3505 3540 Post-

1931 3589 1992 3628 ea
2039 3585 2346 3644 sequuntur
2391 3591 2582 3646 preces
2641 3592 2766 3632 cum
2797 3579 3037 3644 cantico,
3070 3580 3126 3632 in
3157 3595 3264 3650 quo
3289 3580 3395 3632 tria
3418 3593 3508 3635 re—

1933 3667 2113 3735 perias
2141 3667 2418 3738 propheta:
2434 3669 2820 3740 diapsalmata,
2850 3670 3154 3725 Salvatoris
3185 3671 3502 3734 adventum,

1931 3769 1984 3815 et
2013 3777 2176 3830 quam
2225 3763 2292 3816 de
2325 3773 2499 3818 morte
2546 3765 2831 3819 victoriam
2876 3764 3108 3834 adeptus
3150 3774 3258 3829 est,
3303 3768 3506 3821 decan-

1933 3853 2118 3908 tantis.

2187 3967 2576 4024 SOPIIONIAS
2613 3967 2822 4024 CHUSI
2865 3968 3123 4034 FILIUS,
3168 3969 3257 4024 IX.

2007 4062 2205 4118 Iisdem
2263 4063 2366 4117 iste
2401 4071 2457 4117 et
2502 4061 2804 4118 Hieremias
2837 4064 3093 4118 vixerunt
3142 4063 3504 4132 temporibus.

1935 4154 2108 4208 Ambo
2133 4154 2280 4210 enim
2311 4154 2595 4210 vaticinati
2629 4163 2779 4217 sunt,
2813 4170 2936 4208 cum
2969 4153 3124 4207 Judae
3152 4169 3379 4223 regnum
3416 4153 3510 4205 Jo-

1936 4247 2046 4302 sias
2076 4255 2304 4302 teneret.
2339 4245 2540 4300 Factus
2589 4254 2673 4300 est
2724 4253 2904 4300 autem
2954 4261 3135 4300 sermo
3182 4244 3396 4300 Domini
3441 4245 3509 4299 ad

1935 4341 2152 4410 ipsum,
2206 4355 2518 4410 munusque
2565 4353 2725 4394 suum
2772 4338 2827 4392 in
2863 4338 3228 4401 Hierusalem,
3286 4344 3510 4406 totoque

1937 4429 2074 4485 Juda
2109 4431 2265 4485 obiit.
2318 4429 2578 4484 Praedixit
2624 4431 2789 4485 etiam
2849 4429 2915 4484 de
2967 4439 3201 4485 venturo
3260 4429 3368 4492 die,
3415 4428 3511 4498 qui

1939 4540 2170 4595 magnus
2202 4523 2425 4588 dicitur,
2450 4540 2561 4594 quo
2591 4523 2732 4578 idola
2758 4523 2942 4578 omnia
2970 4522 3187 4592 lucique
3219 4521 3508 4585 tollentur;

251 4630 344 4667 νον
393 4613 488 4665 καὶ
515 4610 743 4664 κοπετὸν
775 4609 1076 4679 γίγνεσθαι.
1111 4609 1158 4660 II
1168 4605 1451 4678 ροφητεύει
1491 4605 1547 4657 δὲ
1580 4606 1674 4657 καὶ
1702 4607 1823 4676 περῖ

1941 4618 2084 4672 unde
2119 4618 2298 4672 luctus
2328 4624 2381 4672 et
2411 4617 2682 4671 clamores
2714 4615 2870 4670 multi
2922 4614 3116 4669 futuri.
3170 4611 3515 4669 Vaticinatur

251 4704 349 4759 τοῦ
371 4703 643 4774 Σωτῆρος,
680 4703 773 4756 καὶ
803 4703 902 4772 τῆς
924 4701 1287 4762 ἀναστάσεως,
1319 4699 1382 4768 ἢν
1405 4697 1470 4749 δι’
1505 4700 1536 4768 ἡ
1546 4698 1650 4767 μᾶς
1672 4701 1828 4750 ποιεῖ.

255 4799 369 4852 Καὶ
411 4795 553 4850 κατὰ
575 4795 752 4865 Γάζης
779 4795 873 4848 καὶ
907 4792 1263 4855 Ἀσκάλωνος,
1311 4792 1402 4843 καὶ
1435 4788 1687 4854 Ἀζώτου,
1741 4791 1836 4844 καὶ

256 4892 358 4961 τῆς
402 4889 704 4960 Ἀκκάρων,
741 4888 834 4941 καὶ
873 4886 1014 4940 κατὰ
1060 4883 1256 4946 Μωὰϐ,
1305 4883 1397 4936 καὶ
1450 4881 1693 4953 Ἀμμὼν,
1744 4882 1836 4934 κα¹ι⁹

259 4981 404 5036 κατὰ
435 4980 746 5052 Δαμασκοῦ,
783 4982 876 5034 καὶ
910 4975 1052 5032 κατὰ
1079 4978 1301 5046 Νινευῆ,
1327 4975 1420 5028 καὶ
1455 4975 1595 5028 κατὰ
1617 4975 1724 5027 τῶν
1747 4975 1839 5026 Αἰ-

261 5076 485 5131 Θιόπων.

847 5188 1155 5250 ΛΓΓΛΙΟΣ,
1196 5187 1252 5238 I'.

332 5275 502 5346 Οὗτος
537 5283 673 5353 μετὰ
701 5282 800 5353 τὴν
827 5279 1204 5353 αἰχμαλωσίαν
1233 5281 1288 5331 ὲν
1318 5282 1384 5348 τῇ
1415 5277 1655 5349 ἐπανὸδῳ
1683 5281 1738 5331 ἐν
1772 5281 1835 5349 τῇ

273 5375 646 5447 Ἰερουσαλὴμ,
674 5376 766 5427 ἐπὶ
785 5374 1010 5446 Δαρείου
1032 5372 1294 5444 βασιλέως
1315 5373 1558 5442 Περσῶν,
1589 5372 1836 5441 δευτέρου

263 5468 420 5533 ἔτους
457 5471 642 5533 αὑτοῦ,
689 5469 764 5538 τῷ
800 5468 941 5538 ἕκτῳ
977 5467 1106 5538 μηνὶ
1143 5467 1384 5535 γέγονεν.
1424 5467 1592 5533 Λόγος
1634 5465 1836 5536 Κυρίου

265 5561 480 5630 ἐγένετο
510 5564 565 5615 ἐν
595 5563 739 5633 χειρὶ
767 5561 950 5625 αὑτοῦ,
987 5562 1081 5612 καὶ
1122 5560 1450 5630 προφητεύει
1495 5560 1569 5630 τῷ
1604 5559 1838 5630 20906.1-

267 5655 380 5720 ϐελ,
426 5656 519 5709 καὶ
561 5655 637 5724 τῷ
695 5653 869 5725 Ἰησοῦ
913 5653 990 5723 τῷ
1030 5652 1123 5705 τοῦ
1179 5653 1443 5716 Ἰωσεδὲκ,
1488 5655 1577 5706 καὶ
1623 5653 1699 5724 τῷ
1728 5651 1839 5721 λαῴ

344 5837 418 5905 (l)
462 5834 722 5906 Sequitur
773 5836 1038 5892 Eusebius
1107 5837 1630 5907 interpretationem
1664 5833 1838 5902 LXX;

271 5906 480 5964 Ilebraai
508 5905 634 5964 vero
658 5907 1010 5978 quadraginta
1040 5905 1265 5964 habent.
1294 5908 1505 5964 \‘idesis
1530 5906 1584 5962 S.
1606 5905 1838 5973 August.

1938 4727 2067 4766 vero
2121 4712 2282 4765 etiam
2312 4710 2380 4765 de
2412 4711 2531 4781 ipso
2563 4707 2870 4772 Salvatore,
2906 4708 3082 4778 deque
3111 4707 3232 4777 ejus
3260 4709 3312 4760 in
3349 4708 3510 4760 vitam

1939 4804 2140 4866 reditu,
2177 4803 2272 4873 qui
2309 4803 2379 4857 ab
2409 4818 2475 4856 eo
2503 4803 2678 4858 nostri
2727 4817 2896 4856 causa
2929 4801 3106 4857 factus
3146 4809 3250 4858 est.
3289 4800 3428 4854 Sunt
3462 4806 3514 4851 et

1937 4899 2057 4968 ejus
2087 4898 2344 4952 vaticinia
2374 4897 2430 4951 in
2461 4896 2685 4962 Gazam,
2714 4896 2768 4950 in
2796 4896 3143 4956 Ascalonem,
3175 4896 3228 4948 in
3258 4896 3510 4952 Azotum,

1938 4994 1992 5045 in
2029 4992 2299 5054 Accaron,
2336 4991 2388 5043 in
2427 4990 2606 5057 Moab,
2638 4990 2693 5044 in
2722 4990 2977 5054 Ammon,
3006 4990 3058 5043 in
3085 4989 3431 5052 Damascum,
3461 4987 3514 5038 in

1941 5080 2217 5144 Ninivam,
2251 5080 2305 5133 in
2339 5078 2647 5148 Etliiopas.

2465 5212 2470 5220 -
2511 5187 2846 5253 AGG/EISS,
2882 5188 2950 5244 Χ.

2015 5280 2141 5335 Fuit
2175 5281 2276 5336 iste
2309 5291 2430 5350 post
2463 5281 2860 5351 captivitatem,
2895 5296 3018 5336 cum
3053 5281 3286 5350 populus
3321 5278 3518 5334 Ilieru-

1947 5373 2116 5428 salem
2146 5372 2424 5437 rediisset,
2462 5371 2607 5425 Darii
2666 5373 2812 5442 regis
2861 5388 3006 5426 anno
3037 5372 3297 5430 secundo,
3331 5386 3519 5425 mense

1945 5474 2118 5521 sexto.
2160 5464 2360 5520 Factus
2400 5476 2484 5520 est
2513 5472 2693 5517 autem
2738 5479 2920 5518 sermo
2963 5462 3175 5516 Domini
3237 5464 3290 5516 in
3353 5478 3517 5515 manu

1945 5558 2140 5628 ipsius,
2172 5557 2616 5626 vaticinatusth
2656 5563 2740 5612 est
2774 5556 3118 5616 Zorobabeli,
3161 5564 3216 5611 et
3263 5553 3389 5610 Jesu
3424 5555 3543 5611 Jo-'

1945 5650 2125 5706 sedcci
2188 5649 2320 5713 ﬁlio,
2374 5650 2682 5719 populoque
2732 5649 2832 5716 ipsi
2889 5649 2958 5701 dc
3014 5632 3540 5719 Hierosolymorum"

1943 5832 2022 5886 De
2061 5831 2268 5884 civitate
2301 5828 2416 5883 Dei.
2449 5827 2542 5882 lib.
2577 5843 2729 5892 xviii,
2762 5843 2789 5881 c
2844 5827 2932 5880 Μ.

2017 5903 2090 5970 (2)
2136 5901 2274 5956 Edit.
2303 5898 2535 5955 Curterii
2562 5898 2797 5966 χιμῶνος
2829 5899 3006 5954 liabet.
3050 5896 3205 5952 linit.
3240 5895 3483 5952 Ρλτηυι..
