3974 6508
521 455 657 513 1267

518 577 943 639 instauratione,
976 573 1043 628 de
1086 572 1407 628 umbrarum
1442 570 1571 627 item
1605 566 1869 633 transitu,
1916 562 2091 633 deque
2119 558 2167 617 Α

520 673 764 744 gentium
789 667 1097 725 vocatione.

767 841 1161 899 ZACIIARIAS
1200 838 1429 896 SADDO
1467 837 1725 906 FILIUS,
1762 834 1857 890 XI.

591 936 933 992 Vaticinatus
955 943 1040 990 est
1068 942 1121 988 et
1143 934 1243 989 iste
1261 947 1403 987 anno
1434 930 1576 983 Darii
1603 928 1864 989 secundo.
1892 942 2098 983 mense-

522 1047 626 1101 que
639 1041 832 1086 octavo
857 1028 1036 1083 factus
1062 1035 1143 1082 est
1163 1040 1347 1081 sermo
1366 1023 1578 1077 Domini
1603 1023 1669 1077 ad
1694 1022 1871 1092 ipsum
1893 1040 1905 1074 ε
1929 1022 1985 1075 in
2005 1035 2100 1075 eo-

521 1139 629 1194 que
646 1121 862 1177 Domini
879 1122 1096 1193 locutus
1111 1125 1197 1175 est
1224 1117 1472 1188 angelus.
1502 1115 1701 1187 Dirigit
1720 1129 1884 1185 porro
1911 1113 1977 1167 ad
2003 1127 2092 1183 pa-

523 1223 637 1273 tres
657 1215 996 1270 Hierusalem
1017 1213 1259 1268 visiones
1292 1225 1423 1266 suas
1442 1224 1580 1279 quas
1602 1208 1805 1262 multas
1832 1221 1896 1260 ac
1918 1206 2099 1259 varias

521 1313 694 1367 videt.
725 1311 953 1367 Disserit
978 1315 1160 1362 autem
1184 1305 1397 1377 prolixa
1421 1303 1668 1359 oratione
1697 1301 1765 1357 de
1797 1300 2098 1362 Salvatore,

521 1418 577 1465 et
605 1405 877 1478 signiﬁcat
903 1400 1155 1458 eumdem
1184 1399 1352 1454 asinae
1389 1397 1620 1467 ejusque
1668 1396 1817 1465 pullo
1858 1393 2102 1449 insiden-

522 1509 632 1559 tem
668 1505 959 1555 venturum
994 1510 1136 1548 esse.

1017 1579 1416 1638 MALACIIIAS
1435 1622 1450 1644 ,
1490 1577 1608 1633 XII.

568 1680 722 1737 .Fuit
753 1688 808 1735 et
850 1678 956 1735 iste
1001 1677 1166 1732 etiam
1212 1683 1336 1746 post
1382 1672 1754 1743 captivitatem
1810 1667 1976 1721 Dario
2018 1681 2105 1719 re—

523 1779 744 1838 guaute.
782 1768 1129 1824 Vaticinatur
1160 1775 1343 1819 autem
1378 1761 1805 1831 assumptionem
1832 1757 2104 1814 sermonis

525 1863 739 1921 Domini
767 1862 821 1915 in
854 1876 1018 1914 manu
1051 1858 1228 1928 angeli
1260 1857 1342 1911 sui
1376 1899 1389 1910 .
1425 1855 1479 1909 in
1512 1868 1621 1925 qua
1650 1853 1829 1923 arguit
1850 1850 2102 1907 Israelem

527 1953 1031 2025 transgressionum
1063 1951 1302 2011 nomine,
1329 1957 1382 2004 et
1410 1956 1654 2010 accusat,
1685 1944 1828 2016 quod
1862 1943 2104 1998 decima-

526 2064 649 2105 rum
681 2056 735 2102 et
763 2059 1066 2117 pauperum
1090 2058 1277 2098 curam
1302 2056 1413 2095 non
1430 2040 1649 2094 habeat.
1683 2037 1915 2093 Disserit
1939 2036 2105 2090 etiam
2160 2050 2163 2053 ‘

527 2139 596 2196 de
653 2139 741 2194 die
790 2137 1026 2208 judicii,
1071 2136 1139 2191 de
1200 2132 1501 2188 Salvatoris
1561 2129 1872 2201 splendore,
1932 2126 2106 2197 deque

527 2231 659 2291 Elia:
692 2237 818 2285 ante
847 2230 969 2300 ejus
1001 2228 1297 2284 adventum
1326 2223 1608 2280 missione.

947 2481 1171 2538 ISAlAS
1211 2478 1440 2536 FILIUS
1476 2475 1686 2531 AMOS.

600 2579 707 2635 Iste
738 2585 793 2632 et
817 2575 957 2632 Osee
992 2575 1157 2647 (sicut
1182 2588 1214 2628 a
1245 2588 1332 2626 me
1359 2570 1567 2624 dictum
1591 2576 1673 2622 est
1698 2564 1882 2632 antea)
1912 2563 2105 2619 iisdem

531 2670 837 2724 ﬂoruerunt
868 2666 1230 2736 temporibus.
1272 2660 1420 2715 Vixit
1453 2661 1600 2715 enim
1654 2658 1746 2711 hic
1785 2655 1937 2721 Ozia,
1982 2653 2110 2709 Joa-

533 2763 742 2825 tliamo,
775 2760 1016 2822 Aehazo,
1050 2764 1104 2812 et
1132 2755 1365 2810 Ezecliia
1393 2751 1594 2807 Iudaea:
1641 2764 1866 2820 regnum
1915 2754 2109 2803 tenen-

535 2854 701 2909 tibus.
735 2850 1016 2905 Visionem
1049 2856 1232 2902 autem
1262 2845 1517 2905 intuitus,
1550 2840 1881 2895 vaticinatus
1910 2848 1992 2893 est
2016 2835 2112 2890 ad-

532 2958 729 2998 versus
790 2940 1030 2995 Judmam
1091 2948 1142 2993 et
1194 2936 1561 2991 Hierusalem.
1604 2932 1805 2986 Factus
1866 2939 1951 2985 est
1983 2943 2112 2983 vero

535 3051 722 3092 sermo
748 3033 969 3087 Domini
1003 3031 1070 3085 ad
1110 3031 1288 3101 ipsum
1321 3030 1576 3098 bonaque
1608 3027 1780 3096 ipsius
1816 3024 2113 3094 preplietia':

539 3142 669 3198 pars
700 3125 929 3180 nuntius
948 3132 1031 3179 est
1062 3121 1286 3192 quidam
1317 3120 1384 3175 de
1414 3119 1574 3174 Verbi
1602 3118 1693 3173 Dei
1723 3118 1982 3177 adventu,
2018 3114 2115 3169 de-

538 3235 646 3290 que
681 3217 748 3271 iis
783 3232 904 3288 qua:
924 3224 1116 3272 nostro
1148 3216 1370 3270 nomine
1402 3228 1598 3283 passus
1630 3220 1733 3268 est.
1772 3210 2115 3265 Vaticinatur
2142 3234 2184 3291 ο

538 3316 719 3362 autem
749 3306 817 3361 de
848 3305 1106 3376 gentibus
1153 3320 1276 3375 quze
1320 3309 1627 3374 sequuntur
1660 3319 1674 3355 :
1710 3301 1975 3356 adversus
2006 3301 2077 3354 Ba

536 3399 818 3469 bylonem;
842 3395 896 3452 in
918 3397 1271 3467 alienigenas,
1305 3402 1359 3450 et
1384 3393 1650 3450 adversus
1678 3392 2029 3453 Damascum,
2059 3391 2111 3444 in

541 3489 860 3560 Egyptum,
910 3487 965 3542 in
1007 3486 1324 3546 Idumaeam,
1372 3484 1426 3537 in
1466 3484 1659 3539 vallem
1695 3483 1901 3545 Sionis,
1935 3482 1989 3535 in
2016 3481 2116 3551 Ty-

536 3597 684 3648 rum,
720 3590 844 3653 post
884 3596 1007 3651 quae
1041 3580 1293 3650 sequitur
1325 3578 1464 3635 visio
1498 3576 1936 3648 quadrupedum,
1995 3589 2115 3644 quae

540 3677 754 3732 suntin
796 3690 1002 3731 eremo.
1044 3672 1246 3728 Narrat
1275 3680 1328 3728 et
1367 3671 1760 3727 Senuacberim
1812 3668 2116 3740 expeditio-

539 3785 686 3832 nem,
733 3777 786 3823 et
822 3770 1082 3838 Rapsacae
1120 3765 1500 3837 jactationem,
1536 3763 1991 3834 exeidionemque
2020 3777 2114 3817 eo-

539 3874 684 3921 rum,
717 3864 772 3913 et
802 3856 1104 3912 interitum.
1123 3856 1286 3910 Addit
1303 3863 1357 3909 et
1380 3854 1623 3909 Ezechiae
1656 3855 1927 3916 morbum,
1949 3861 2119 3922 utque

543 3949 705 4001 morti
748 3946 1053 4017 proximus,
1088 3944 1225 4000 fusis
1258 3945 1326 3999 ad
1357 3943 1527 3999 Deum
1552 3944 1833 4015 precibus,
1867 3944 1922 3997 in
1952 3943 2117 4013 quin-

544 4041 723 4103 decim
781 4054 957 4093 annos
981 4038 1103 4092 vitae
1153 4036 1258 4091 sibi
1289 4037 1731 4107 prorogationem
1782 4034 2117 4105 impetravit.

550 4132 895 4187 l'alicinatur
926 4145 1090 4201 porro
1121 4128 1414 4193 eunuchis,
1443 4136 1497 4184 et
1539 4128 1814 4199 gentibus,
1847 4126 2030 4181 addito
2053 4125 2120 4180 ad

551 4226 711 4281 liuent
741 4223 846 4278 diei
869 4222 1096 4291 judicio.

824 4311 1199 4368 HIEREMIAS
1235 4310 1555 4367 ΟΙΙΕιςιίΕ
1596 4308 1844 4374 FILIUS,

1098 4404 1146 4458 E
1172 4403 1553 4459 sacerdotibus.

617 4501 746 4566 Iste,
776 4500 924 4570 quod
952 4499 1103 4569 prius
1137 4497 1270 4563 dixi,
1306 4504 1359 4551 et
1388 4494 1722 4565 Sophonias,
1749 4493 1942 4549 iisdem
1974 4493 2123 4549 vixe-

1210 444 1479 502 EUSEBII
1516 434 1997 501 CESARIENSIS
2033 429 2189 489 OPP.
2231 428 2415 485 PARS
2451 426 2612 484 lll.—
2642 420 3054 481 EXEGETICA.

2192 556 2320 627 περὶ
2343 558 2442 628 τῆς
2471 552 2760 623 οἰκοδομῆς
2785 551 2885 621 τῆς
2929 544 3297 618 Ἰερουσαλήμ·
3338 545 3631 616 προφητεύει
3653 548 3696 601 δὲ

2193 649 2286 702 καὶ
2319 648 2447 719 περὶ
2476 649 2574 718 τῆς
2608 641 2985 715 παρελεύοεως
3016 637 3126 692 τῶν
3155 635 3341 702 σκιῶν,
3373 646 3462 692 και
3491 638 3599 707 περὶ
3623 641 3696 709 τῆς

2193 741 2436 812 κλήσεως
2474 738 2579 792 τῶν
2609 732 2793 789 ἐθνῶν.

3588 424 3695 479 1268

2498 825 2838 880 ΖΑΧΑΡΙΑΣ
2874 823 3034 878 ΥΙΟΣ
3071 820 3307 880 ΣΑΔΔΩ,
3344 821 3441 874 IA'.

2265 922 2377 975 Kal.
2407 915 2558 983 οὗτος
2588 918 2668 990 τῷ
2709 917 2945 990 δευτέρῳ
2988 914 3097 969 ἔτει
3141 912 3363 985 Δαρείου
3403 912 3697 985 προρητεύει.

2211 1015 2369 1069 Ἀλλὰ
2413 1013 2490 1086 τῷ
2530 1012 2699 1083 ὀγδόῳ
2744 1011 2875 1082 μηνὶ
2914 1009 3070 1078 λόγος
3118 1005 3322 1078 Κυρίου
3367 1006 3560 1073 ἐγένετο
3598 1007 3702 1077 πρὸς

2199 1108 2380 1172 αὐτὸν,
2412 1106 2507 1160 καὶ
2532 1103 2758 1174 ἄγγελος
2787 1101 2991 1173 Κυρίου
3015 1099 3191 1154 ἐλάλει
3222 1099 3278 1150 ὲν
3311 1097 3472 1167 αὐτῷ,
3494 1097 3576 1149 καὶ
3605 1114 3704 1169 προ-

2200 1197 2423 1269 φητεύει
2456 1196 2592 1267 πρὸς
2634 1196 2760 1257 τοὺς
2798 1193 3081 1265 πατέρας,
3121 1191 3214 1244 καὶ
3254 1191 3352 1261 τὴν
3394 1190 3701 1261 Ἰερουσαλήμ.

2201 1287 2410 1351 Πολλὰς
2441 1286 2497 1340 δὲ
2524 1287 2619 1340 καὶ
2660 1284 2908 1348 ποικίλας
2946 1283 3164 1355 ὁράσεις
3193 1281 3398 1352 βλέπει,
3424 1282 3510 1335 καὶ
3538 1299 3704 1353 προφη-

2200 1378 2347 1433 τεύει
2378 1379 2506 1450 περὶ
2542 1376 2635 1432 τοῦ
2669 1377 2919 1448 Σωτῆρος
2950 1375 3040 1430 διὰ
3075 1373 3321 1437 πολλῶν,
3356 1375 3447 1427 καί
3483 1374 3706 1444 σημαίνων

2204 1472 2364 1526 αὐτὸν
2388 1468 2643 1542 ἔρχεσθαι
2674 1469 2766 1522 ἐπὶ
2801 1468 2918 1521 δνον
2948 1468 3042 1521 καὶ
3076 1466 3261 1519 πῶλον
3294 1463 3587 1533 ὑποζυγίου.

2725 1560 3085 1616 ΜΑΛΑΧῘΑΣ
3104 1599 3119 1623 ,
3154 1558 3253 1612 IB'.

2274 1656 2383 1708 Καὶ
2432 1645 2586 1717 οὗτος
2646 1651 2783 1725 μετὰ
2834 1651 2934 1722 τὴν
2988 1650 3365 1722 αἰχμαλωσίαν
3413 1649 3607 1717 γέγονεν
3644 1648 3710 1700 ἐπὶ

2204 1746 2426 1820 Δαρείου
2514 1746 2707 1818 λῆμμα
2736 1746 2793 1798 δὲ
2821 1746 2979 1814 λόγου
3022 1744 3228 1816 Κυρίου
3269 1748 3326 1798 ὲν
3354 1744 3490 1815 χειρὶ
3530 1742 3710 1811 ἀγγέλου

2207 1837 2369 1907 αὑτοῦ
2412 1837 2507 1891 ἐπὶ
2531 1837 2625 1890 τὸν
2663 1835 2879 1908 Ἰσραὴλ
2908 1835 3257 1906 προφητεύει.
3307 1832 3560 1897 Ὀνειδίζει
3582 1833 3625 1886 δὲ
3645 1832 3713 1886 τὸν

2217 1929 2432 2002 Ἰσραὴλ
2460 1929 2552 1981 ἐπὶ
2579 1932 2698 1993 ταῖς
2729 1927 3070 2000 παραϐάσεσι
3090 1966 3106 1990 ,
3151 1926 3249 1980 καὶ
3273 1926 3530 1998 μέμφεται
3558 1926 3631 1978 ἐπὶ
3662 1926 3711 1997 τῇ

2205 2021 2434 2095 ἀμελείᾳ
2456 2021 2566 2074 τῶν
2590 2020 2830 2074 δεκὰτων
2850 2060 2865 2085 ,
2901 2020 2996 2074 καὶ
3041 2019 3141 2089 τῆς
3174 2018 3315 2090 πρὸς
3358 2017 3477 2077 τοὺς
3522 2017 3713 2086 πτωχοὺς

2206 2113 2507 2177 κοινωνίας·
2551 2110 2881 2186 προφητεύει
2912 2111 2967 2164 δὲ
3002 2108 3253 2183 περὶτῆς
3294 2108 3492 2181 ἡμέρας
3518 2106 3600 2177 τῆς
3622 2105 3711 2177 κρί-

2209 2225 2380 2272 σεως,
2425 2207 2519 2262 καὶ
2562 2206 2663 2276 τῆς
2713 2204 2807 2258 τοῦ
2841 2205 3090 2276 Σωτῆρος
3122 2202 3493 2273 ὲπιλάμψεως,
3528 2200 3606 2254 καὶ
3638 2199 3714 2270 πρδ

2206 2302 2304 2372 τῆς
2329 2300 2627 2372 παρουσίας
2645 2298 2739 2352 τοῦ
2765 2298 3014 2369 Σωτῆρος
3040 2294 3457 2350 ἀποστέλλεσθαι
3479 2293 3559 2346 τὸν
3578 2291 3714 2345 Ἠλίαν

2212 2392 2487 2464 σημαίνει.

2652 2481 2899 2534 ΗΣΑΙΑΣ
2936 2479 3093 2532 ΥΙΟΣ
3131 2477 3342 2532 ΑΜΩΣ.

2284 2569 2452 2638 Οὗτος
2485 2572 2581 2626 καὶ
2626 2572 2815 2642 Ὠσηὲ,
2858 2570 3002 2622 καθὰ
3050 2573 3314 2642 προεῖπον
3335 2608 3349 2632 ,
3390 2564 3719 2636 συνεχρόνησαν

2212 2666 2495 2739 ἀλλήλοιςο
2534 2665 2629 2720 καὶ⁵
2668 2663 2778 2734 γὰρ
2825 2662 2918 2717 καὶ⁵
2952 2656 3105 2725 οὗτος
3145 2662 3241 2714 ἐπὶ
3275 2659 3463 2725 ὐζίου,
3499 2656 3577 2711 καὶ
3615 2656 3719 2708 Ἰωα-

2213 2760 2345 2830 θὰμ,
2374 2757 2469 2812 καὶ
2502 2753 2668 2827 Ἀχὰζ
2686 2795 2702 2820 ,
2735 2754 2831 2808 καὶ
2871 2752 3110 2829 Ἐζεκίου
3157 2751 3417 2825 βασιλέων
3453 2748 3621 2811 Ἰούδα,
3651 2746 3718 2814 γέ-

2214 2867 2404 2921 γονεν’
2440 2850 2632 2919 ὅρασιν
2678 2846 2735 2900 δὲ
2786 2842 3046 2915 ἑωρακὼς
3123 2842 3451 2915 προφητεύει
3495 2840 3615 2894 κατὰ
3647 2837 3719 2907 τῆς

2225 2941 2506 3005 Ἰουδαίας,
2537 2939 2630 2995 καὶ
2666 2937 2805 2993 κατὰ
2847 2935 3219 3009 Ἰερουσαλήμ.
3267 2936 3376 2989 Καὶ
3411 2930 3615 3002 λόγοςᾶ
3638 2930 3720 2981 Κυ-

2222 3036 2331 3107 ρίου
2366 3033 2504 3106 πρὸς
2540 3032 2701 3087 αὐτὸν
2737 3030 2927 3099 γέγονε
2948 3046 2962 3060 ’
3002 3028 3096 3083 καὶ
3138 3028 3201 3080 τὸ
3236 3027 3475 3080 πλεῖστον
3508 3023 3590 3093 τῆς
3620 3033 3720 3091 προ-

2218 3125 2443 3197 φητείας
2477 3123 2643 3177 αὑτοῦ
2695 3124 2842 3177 ἐστιν
2876 3118 3169 3188 εὐαγγελία
3225 3119 3352 3189 περὶ
3384 3116 3476 3185 τῆς
3515 3111 3719 3180 Evotipr

2222 3218 2522 3289 παρουσίας
2550 3215 2645 3269 τοῦ
2695 3214 2869 3283 Λόγου
2903 3211 2997 3266 τοῦ
3028 3210 3193 3274 Θεοῦ,
3237 3210 3331 3265 καὶ
3365 3202 3437 3261 ὧν
3462 3207 3521 3261 ἂν
3559 3201 3720 3267 ἐδέξατο

2220 3307 2285 3360 δι’
2320 3310 2466 3377 ἡμᾶς
2500 3304 2709 3360 ﬂoream.
2739 3302 3075 3375 Προφητεύει
3100 3302 3157 3355 δὲ
3186 3303 3283 3355 καὶ
3310 3300 3399 3353 ἐπὶ
3429 3297 3542 3366 ἔθνη
3563 3292 3719 3347 ταῦτα’

2224 3401 2363 3454 κατὰ
2416 3399 2731 3462 Βαϐυλῶνος
2753 3439 2769 3464 ,
2815 3399 2908 3451 ἐπὶ
2946 3398 3075 3460 τοὺς
3111 3393 3468 3463 ἀλλοφύλους,
3506 3386 3624 3442 κατὰ
3647 3387 3721 3436 Aa-

2229 3492 2460 3563 μασκοῦ,
2495 3493 2688 3565 ὅρασιν
2731 3490 3040 3560 Αἰγύπτου,
3088 3489 3276 3559 ὅραμα
3318 3484 3415 3554 τῆς
3453 3476 3720 3550 Ἰδουμαίας,

2223 3589 2405 3659 ὅραμα
2438 3588 2539 3657 τῆς
2581 3587 2864 3655 φάραγγος
2914 3580 3084 3645 Σιὼν,
3141 3582 3327 3653 ὅραμα
3356 3576 3549 3648 Τύρου,
3583 3573 3722 3659 ὅρασιν

2224 3658 2339 3736 τῶν
2359 3678 2703 3752 τετραπόδων
2746 3677 2851 3731 τῶν
2872 3679 2929 3730 ὲν
2959 3678 3026 3747 τῇ
3064 3675 3281 3746 ἐρήμῳ.
3309 3671 3566 3742 Διηγείται
3589 3664 3635 3717 δὲ
3655 3658 3722 3753 καὶ
3762 3707 3786 3753 ο

2224 3777 2322 3847 τὴν
2348 3772 2532 3843 ἔφοδον
2579 3770 2965 3842 Σεμναχηρεὶμ
2986 3809 3001 3833 ,
3034 3767 3130 3821 καὶ
3162 3765 3430 3834 Ῥαψὰκου
3455 3760 3544 3830 τὴν
3577 3751 3721 3847 M0-

2226 3868 2364 3931 νίαν,
2393 3866 2493 3939 τήν
2526 3881 2586 3917 τε
2632 3862 2841 3915 πτῶσιν
2884 3861 2978 3915 καὶ
3027 3858 3305 3914 ἀπώλειαν
3339 3853 3531 3911 αὐτῶν·
3564 3849 3638 3904 καὶ
3665 3845 3722 3898 ὅτι

2227 3935 2457 4031 νοσήσας
2493 3956 2771 4021 Ἐζεκίας,
2809 3954 2902 4007 καὶ
2951 3951 3157 4023 μέλλων
3206 3947 3582 4018 ἀποθνήσκειν,
3607 3935 3722 4031 εὐξα-

2232 4029 2389 4122 μενος
2419 4047 2737 4121 προσθήκην
2766 4045 2923 4116 ἔσχεν
2955 4043 3088 4097 ἐτῶν
3113 4042 3426 4096 δεκαπέντε.
3453 4029 3722 4122 Προφητεύει

2227 4119 2282 4197 δὲ
2316 4142 2410 4197 καὶ
2438 4119 2711 4210 εύνούχοις
2730 4177 2744 4202 ,
2779 4138 2876 4193 καὶ
2902 4140 3011 4201 τοῖς
3036 4136 3213 4189 ἔθνεσι
3265 4136 3325 4188 ὲν
3366 4130 3441 4203 τῷ
3480 4128 3603 4182 τέλει
3632 4119 3723 4191 περὶ

2227 4237 2327 4306 τῆς
2356 4232 2567 4305 ἡμέρας
2602 4230 2703 4300 τῆς
2735 4230 2988 4302 κρίσεως.

2538 4322 2865 4379 ΙΕΡΕΜΙΑΣ
2919 4322 2960 4374 Ο
3001 4320 3136 4373 ΤΟΥ
3171 4316 3492 4379 ΧΕΛΧΙΟΥ,

2770 4415 2865 4467 Ἐκ
2896 4410 3016 4466 τῶν
3045 4409 3267 4478 ἱερέων.

2305 4505 2493 4574 Οὗτος,
2524 4507 2668 4564 καθὰ
2693 4508 2971 4578 προεῖπον,
3006 4503 3101 4556 καὶ
3133 4502 3391 4572 Σοφονίας
3414 4492 3724 4567 συνεχρόνισαν

548 4602 677 4650 runt
730 4592 1093 4663 temporibus,
1157 4590 1250 4645 sed
1308 4589 1511 4644 mansit
1560 4587 1862 4643 Hieremias
1903 4585 1969 4640 ad
2006 4583 2118 4641 Joa-

2232 4606 2443 4665 ἑαυτοῖς
2463 4617 2476 4631 ⁸
2513 4598 2812 4671 παρέμεινε
2846 4596 2904 4650 δὲ
2934 4587 3089 4659 οὗτος
3124 4594 3230 4659 ἕως
3271 4591 3527 4660 Ἰωακεὶμ,
3552 4589 3629 4640 καὶ
3650 4581 3724 4639 ἕως

548 4686 750 4741 cimum
791 4700 984 4753 usque,
1017 4692 1071 4739 et
1105 4683 1453 4737 undecimum
1490 4679 1729 4737 Sedeciae
1777 4680 1947 4756 Iudae
1981 4680 2125 4749 regis

551 4790 778 4838 annum,
831 4774 884 4829 id
918 4781 1002 4831 est
1034 4774 1102 4828 ad
1149 4773 1333 4844 pepuli
1366 4790 1541 4844 usque
1574 4772 1965 4843 captivitatem.
2024 4769 2128 4824 Fa-

551 4877 700 4925 ctum
725 4876 810 4926 est
837 4876 1018 4923 autem
1064 4868 1290 4921 verbum
1327 4868 1542 4921 Domini
1584 4868 1651 4921 ad
1681 4881 1829 4931 eum,
1859 4874 1913 4921 et
1941 4864 2129 4919 multis

554 4960 1057 5033 Hierosolymorum
1081 4960 1399 5035 iniquitates
1430 4960 1632 5032 arguit,
1667 4961 1840 5029 deque
1886 4960 2043 5030 ipsis,
2078 4966 2132 5012 et

555 5052 623 5108 de
650 5053 899 5109 siccitate
936 5053 1270 5108 vaticinatus
1300 5064 1404 5110 est.
1449 5053 1710 5108 Praedixit
1750 5054 1876 5107 item
1906 5052 1975 5108 de
2006 5051 2132 5106 Ela-

558 5148 712 5204 mitis
738 5148 1016 5220 gentibus,
1068 5146 1294 5218 fereque
1326 5156 1383 5201 ut
1412 5146 1686 5218 Egyplus
1719 5161 1750 5199 a
1800 5162 1927 5217 rege
1958 5145 2133 5217 Baby-

556 5244 706 5298 lonio
732 5243 1167 5298 exscinderetur.
1200 5242 1423 5297 Addidit
1449 5251 1504 5297 et
1543 5242 1884 5313 prophetiam
1937 5243 1991 5296 in
2030 5240 2134 5295 Ba-

558 5339 833 5406 bylonem,
865 5346 920 5393 et
952 5351 1261 5393 sermonem
1294 5350 1455 5409 quem
1489 5333 1682 5389 habuit
1704 5333 1862 5403 jussu
1894 5331 2131 5395 Domini,

558 5434 627 5488 ad
660 5430 907 5486 Saraiam
942 5431 1113 5485 Neria:
1167 5431 1359 5493 tilium,
1406 5429 1472 5483 ad
1520 5428 1833 5490 ldummam,
1885 5425 1954 5480 ad
1996 5425 2134 5480 Iilios

562 5525 820 5586 Ammon,
852 5531 907 5579 et
929 5522 995 5578 ad
1021 5521 1199 5578 Cedar
1220 5523 1463 5593 reginam
1493 5521 1632 5574 aula:
1662 5533 1827 5589 quam
1861 5518 2136 5588 percussit

560 5614 1034 5684 Nabugodonosor
1064 5633 1156 5670 rex
1199 5615 1515 5684 Babylonis.
1568 5612 1879 5681 Alloquitur
1922 5621 1977 5666 et
2025 5609 2133 5664 Da-

562 5722 831 5770 mascum,
851 5718 904 5762 et
935 5707 1091 5761 Moab
1121 5716 1174 5761 et
1200 5704 1559 5766 Hierusalem,
1588 5715 1642 5758 et
1677 5701 1897 5766 Judam,
1927 5710 1982 5757 et
2004 5699 2139 5756 Rhe-

565 5800 873 5855 cabitarum
910 5799 1194 5863 familiam,
1230 5805 1284 5853 et
1328 5798 1565 5850 ﬁliorum
1610 5793 1883 5859 Jonadab,
1931 5805 1986 5851 et
2042 5793 2139 5849 Ju-

566 5891 739 5959 6:905,
787 5891 877 5963 qui
954 5898 1153 5946 terram
1210 5888 1448 5961 Egypli,
1504 5887 1599 5959 qui
1654 5886 1981 5959 Magalalum,
2044 5887 2138 5962 qui

2230 4695 2513 4750 ἑνδεκάτου
2540 4692 2694 4756 ἔτους
2713 4690 2959 4744 Σεδεκίου
2990 4687 3250 4759 βασιλέως
3265 4686 3446 4751 Ἰούδα,
3463 4683 3555 4744 ἕως
3577 4680 3725 4746 allud-

2230 4788 2431 4849 λωσίας
2457 4782 2551 4838 τοῦ
2581 4783 2731 4837 λαοῦ.
2774 4781 2953 4852 Ῥῆμα
2972 4781 3029 4835 δὲ
3054 4779 3189 4833 Θεοῦ
3213 4779 3424 4848 ἐγένετο
3450 4774 3568 4845 πρὸς
3586 4764 3723 4823 αὑτὸν,

2230 4879 2304 4941 ὼς
2350 4875 2610 4946 ἐγεννήθη
2658 4872 2813 4941 λόγος
2839 4869 3043 4941 Κυρίου
3075 4868 3212 4941 πρὸς
3248 4866 3402 4921 αὐτόν
3423 4881 3435 4894 ·
3460 4862 3542 4917 καί⁵
3569 4855 3724 4921 ἐλέγχει

2232 4969 2330 5032 τὰς
2377 4967 2589 5030 ἀδικίας
2633 4965 2732 5035 τῆς
2771 4961 3123 5033 Ἰερουσαλὴμ
3166 4959 3255 5013 διὰ
3304 4954 3525 5011 πολλῶν
3563 4957 3725 5017 προφη-

2232 5060 2379 5113 τεύει
2420 5058 2477 5112 δὲ
2517 5059 2609 5111 ἐπὶ
2641 5054 3026 5126 Ἰερουσαλὴμ,
3053 5052 3147 5105 καὶ
3190 5051 3316 5122 περὶ
3362 5049 3456 5117 τῆς
3490 5035 3722 5126 ἀϐροχίῆΐ

2234 5154 2326 5206 καί
2354 5151 2444 5204 ἐπὶ
2474 5150 2542 5204 τὰ
2573 5149 2699 5219 ἔθνη
2717 5122 2904 5218 suae
2937 5122 3035 5199 ᾆξαι
3060 5141 3152 5197 τοῦ
3180 5141 3352 5195 ἐλθεῖν
3379 5133 3572 5210 βασιλέα
3595 5122 3728 5219 nate

2234 5246 2436 5307 λῶνος,
2484 5241 2577 5295 τοῦ
2626 5240 2853 5311 ὲκκὸιζαι
2915 5238 3014 5310 τὴν
3065 5236 3170 5307 γῆν
3214 5232 3503 5302 Αἰγύπτουο
3545 5220 3621 5277 καὶ

2242 5336 2564 5391 Βαϐυλῶνα·
2621 5333 2715 5388 καὶ
2788 5333 2942 5399 λόγος
2965 5371 2979 5394 ,
3042 5329 3100 5383 ὃν
3133 5325 3426 5383 ἐνετείλατο
3462 5316 3633 5387 Κύριος

2246 5431 2486 5505 Ἱερεμίᾳ
2536 5429 2708 5481 εἰπεῖν
2747 5425 2824 5497 τῷ
2870 5412 3079 5494 Σαραία
3125 5420 3227 5491 υἱῷ
3282 5416 3509 5488 Νηρίου,
3556 5395 3724 5505 XII-Sil

2267 5484 2275 5486 ⁷
2302 5484 2305 5485 ⁷
2326 5484 2341 5505 Ι
2366 5484 2373 5485 ί
2390 5484 2401 5503 ι
2460 5488 2473 5502 ο
2796 5484 2807 5497 ι
2954 5484 2964 5494 .
3199 5484 3209 5491 ,
3355 5484 3380 5488 η
3447 5496 3450 5499 Δ

2252 5519 2523 5591 Ἰδουμαίᾳ
2550 5559 2566 5585 ,
2607 5517 2701 5570 καὶ
2732 5518 2843 5577 τοῖς
2895 5514 3029 5575 υἱοῖς
3066 5509 3318 5581 Ἀμμὼν,
3359 5505 3448 5559 καὶ
3487 5501 3542 5568 τῇ
3583 5484 3726 5559 Κηδάρ

2244 5581 2676 5687 βασιλίσσίῃῖτῆς
2714 5606 2915 5677 αὐλῆς,
2960 5605 3026 5675 ἢν
3067 5601 3294 5665 ἐπάταξε
3337 5581 3725 5687 Ναϐουχέθδξὶλδξξ

2862 5661 2965 5749 ’καὶ
2983 5661 3054 5765 τῇ
3086 5661 3373 5763 Δαμασκῷ,
3394 5661 3725 5777 καὶ.τῇΜῲῗῖ

2244 5765 2336 5849 Ξςαι
2367 5792 2460 5847 ἐπὶ
2495 5787 2866 5858 Ἰερουσαλὴμ,
2896 5786 2989 5838 καὶ
3023 5784 3115 5837 ἐπὶ
3170 5779 3383 5839 Ἰούδαν,
3420 5771 3502 5824 καὶ
3528 5765 3593 5826 είς
3616 5765 3725 5858 οἷκον

2258 5882 2571 5955 Ῥηχαδεὶμ,
2608 5879 2701 5939 καὶ
2753 5878 2857 5932 τῶν
2902 5876 3030 5931 υἱῶν
3085 5868 3328 5930 Ἰωναδὰὸ
3350 5907 3364 5933 ,
3410 5864 3510 5923 τοῖς
3544 5871 3590 5909 τε
3625 5850 3723 5901 ’ῐῡυο
