3974 6490
208 453 366 509 1269

1415 466 1512 521 DE’
1548 469 1724 525 viris
1762 460 2301 535 PROPHETARUM.

3336 490 3467 546 £270

204 572 422 636 δαίοις,
456 577 570 639 τοίς
615 579 960 634 κατοικοῦσιν
987 583 1044 635 ὲν
1081 587 1150 655 γῇ
1201 586 1502 654 Αἰγύπτου⁸
1538 591 1630 643 καὶ
1680 594 1786 656 τοῖς

1899 595 2173 667 Taphnas,
2223 601 2427 674 quique
2489 602 2757 661 Patnures
2800 606 3076 678 regionem
3123 609 3463 676 incolenant;

210 663 556 734 καθημένοις
589 669 644 720 ἐν
678 669 950 743 Μαγδάλῳ
989 675 1083 727 καὶ
1115 677 1206 730 ἐπὶ
1231 676 1450 748 Ταφνᾶς
1471 720 1484 744 ,
1513 681 1605 734 καὶ
1637 682 1693 734 ἐν
1726 686 1796 754 γῇ

207 755 530 828 Παθουρῆς.
563 760 705 830 Πρός
747 779 807 815 τε
850 763 940 817 τὸν
997 766 1228 840 Βαροὺχ,
1286 770 1375 824 ὅτε
1421 772 1626 844 ἔγραψε
1675 777 1799 838 τοὺς

205 847 412 939 λόγους
440 850 664 916 τούτους
690 856 748 907 ὲν
772 854 850 925 τῷ
879 855 1066 928 βιϐλίῳ
1093 860 1200 914 ἀπὸ
1226 863 1491 933 στόματος
1513 867 1796 939 Ἱερεμίου.

207 936 472 1009 Περιέχει
505 939 562 992 δὲ
612 941 672 994 τὸ
707 942 909 1012 βιϐλίον
957 947 1048 999 ἐπὶ
1093 947 1279 1013 τέλους
1301 994 1313 1018 ,
1363 953 1444 1006 ὅτι
1475 955 1526 1007 οἰ
1559 936 1796 1012 νίουδιίἴοι

206 1029 663 1096 ἐπιϐουλεύοντες
692 1035 769 1106 τῷ
801 1040 1074 1112 προφήτῃ,
1102 1040 1330 1114 ἔρριψαν
1366 1046 1526 1099 αὑτὸν
1553 1050 1632 1112 εἰς
1668 1049 1799 1104 λάκ-

208 1139 313 1176 κον
343 1121 623 1194 βορϐόρου,
643 1129 1072 1204 καὶἈϐδεμέλεχ
1092 1134 1282 1205 Αἰθίοψ
1311 1139 1582 1210 ἀνήγαγεν
1614 1143 1792 1196 αὐτόν.

431 1265 536 1320 Διὰ
562 1267 618 1320 τί
647 1268 856 1340 Βαροὺχ
885 1271 1191 1343 ἑπιπράφει
1217 1275 1282 1329 τὸ
1309 1277 1592 1345 ﬁrmior;

298 1356 519 1429 Ἐπειδὴ
583 1353 737 1423 οὗτος
785 1363 1002 1433 γράψας
1051 1366 1157 1418 ἀπὸ
1209 1367 1474 1439 στόματος
1529 1373 1794 1444 Ἰερεμίου

201 1448 341 1512 τοὺς
373 1451 431 1502 ἐν
461 1449 536 1520 τῷ
570 1449 756 1522 βιϐλίῳ
787 1453 976 1524 λόγους
998 1495 1012 1518 ,
1057 1459 1264 1527 ἀνέγνω
1299 1464 1408 1524 τοῖς
1438 1463 1494 1514 ὲν
1519 1465 1583 1534 τῇ
1617 1464 1792 1518 Βαϐυ-

201 1537 345 1593 λῶνι
379 1543 881 1611 αἰχμαλωτισθείσι,
921 1550 1410 1622 παραμυθούμενος
1441 1555 1668 1621 αὐτοὺς,
1702 1559 1796 1610 καὶ

201 1633 684 1705 ἐπαγγελλόμενος
707 1637 890 1701 αὐτοῖς
912 1641 1012 1710 τὴν
1041 1643 1189 1712 παρά
1217 1643 1350 1696 Θεοῦ
1388 1645 1594 1700 ὲλπίδα.

426 1729 528 1780 Διά
556 1729 612 1781 τί
639 1729 838 1800 Θρῆνοι
865 1732 1172 1802 ἐπιγράφει
1203 1735 1267 1788 τὸ
1290 1738 1565 1803 βίϐλιολιη

298 1817 520 1890 Ἐπειδὴ
548 1822 672 1885 τοὺς
700 1823 890 1891 λόγους
928 1825 1149 1889 τούτους
1190 1826 1488 1900 ὲθρήνησεν
1527 1832 1790 1902 Ἱερεμίας

1901 687 2112 745 Barucli
2136 693 2390 764 denique,
2421 711 2546 750 cum
2574 697 2676 752 ista
2707 698 2774 753 ab
2799 713 2894 754 ore
2915 699 3200 757 Hieremiae
3218 713 3463 774 excepta,

1848 822 1856 829 .
1902 778 1956 832 in
1994 781 2133 837 libro
2166 785 2521 841 describeret.
2558 785 2754 843 Narrat
2789 805 2955 861 porro
3007 793 3110 848 sub
3155 793 3315 849 ﬁnem
3357 811 3469 866 quo

1902 882 2062 943 pacto
2083 886 2369 946 exceptum
2416 894 2511 948 per
2544 880 2775 937 insidias
2823 883 3140 954 prophetam
3192 886 3248 941 in
3282 902 3470 943 coeno-

1904 981 2023 1021 sum
2064 967 2242 1023 lacum
2285 970 2639 1040 projccerint,
2677 976 2822 1030 unde
2848 985 2930 1031 est
2976 992 3073 1047 per
3102 978 3467 1036 Abdemelech

1903 1059 2215 1132 Ethiopem
2245 1071 2542 1123 extractus.

2241 1283 2351 1341 Cur
2387 1285 2602 1342 Baruch
2641 1287 2834 1341 librum
2861 1288 3143 1343 inscribit?

1973 1376 2109 1443 Quia
2143 1393 2268 1448 qua:
2301 1377 2606 1434 Hieremias
2633 1379 2888 1443 dictarat,
2920 1381 2977 1434 in
3019 1381 3160 1434 libro
3194 1395 3224 1434 a
3271 1397 3329 1437 se
3379 1381 3470 1438 de-

1900 1471 2108 1541 scripta
2136 1471 2374 1541 captivis
2407 1471 2548 1542 apud
2587 1469 2916 1542 Babylonem
2969 1473 3239 1538 recitavit,
3272 1487 3470 1530 conso-

1900 1561 2016 1618 lans
2049 1578 2145 1618 eos
2172 1570 2226 1618 et
2254 1563 2444 1617 auxilii
2474 1578 2624 1633 spem
2653 1578 2683 1616 a
2710 1562 2820 1618 Deo
2851 1563 3108 1619 nuntians

2089 1742 2264 1806 Quare
2305 1740 2748 1797 Lamentationes
2785 1741 2975 1796 librum
3015 1743 3296 1798 inscribit?

1973 1833 2111 1900 Quia
2145 1835 2334 1889 verbis
2364 1835 2487 1889 istis
2518 1833 3016 1907 Hierosolymorum
3063 1846 3114 1890 et
3169 1838 3351 1908 populi
3378 1839 3469 1908 qui

203 1906 346 1976 περὶ
371 1907 469 1978 τῆς
508 1909 878 1984 Ἰερουσαλὴμ,
920 1915 1007 1967 ὅτε
1051 1915 1220 1981 ἑάλω,
1258 1919 1351 1971 καὶ
1390 1921 1786 1995 αἰχμαλωτίσθη

1900 1928 2152 1997 captivus
2184 1938 2304 1983 erat
2338 1929 2593 1984 miserias
2619 1929 2947 1988 lamentatus
2977 1942 3081 1987 est.

200 1998 235 2050 ὁ
261 1997 414 2062 λαός.

422 2092 526 2146 Διά
557 2094 615 2147 τί
659 2095 940 2168 Ἐπιστολὴ
979 2097 1238 2170 Ἰερεμίου
1269 2105 1567 2169 καλεῖται;

297 2182 519 2256 Ἐπειδὴ
574 2186 776 2258 ταύτην
834 2188 1068 2260 ἔγραψεν
1119 2193 1384 2264 Ἱερεμίας
1445 2199 1556 2262 τοῖς
1619 2201 1676 2252 ὲν
1726 2203 1790 2270 τῇ

200 2277 592 2349 αἰχμαλωσίᾳ,
629 2279 772 2333 κατὰ
801 2281 908 2333 τῶν
960 2283 1191 2338 εἰδώλων
1220 2287 1652 2359 ἀσφαλιζόμενος
1699 2292 1794 2344 αύ-

199 2367 374 2431 τοὺς,
429 2369 516 2421 ἵνα
552 2371 646 2442 μὴ,
690 2370 978 2441 βλέποντες
1030 2376 1201 2442 αύτά,
1251 2382 1635 2452 συναπαχθῶσι
1683 2386 1794 2447 τοῖς

201 2458 529 2529 σεϐομένοις
561 2463 718 2516 αὐτὰ.

406 2572 746 2627 ἸΕΣΕΚῘΗΛ
775 2574 895 2646 (sic)
937 2576 1092 2630 ΥΙΟΣ
1133 2580 1330 2636 ΒΟΥΖΙ
1362 2583 1620 2638 ΙΕΡΕΩΣ.

285 2678 454 2747 Οὗτος
485 2684 542 2736 ἐν
567 2687 630 2755 τῇ
652 2687 993 2760 αἰχμαλωσίᾳ
1022 2691 1212 2758 γέγονε
1242 2693 1378 2764 μετά
1413 2695 1678 2767 Ἰερεμίαν
1703 2699 1795 2752 καὶ

196 2771 288 2844 τῷ
319 2773 555 2845 πέμπτῳ
591 2776 698 2828 ἔτει
739 2779 838 2849 τῆς
862 2782 1239 2851 αἰχμαλωσίας
1290 2784 1544 2856 Ἰωακεὶμ
1592 2787 1794 2860 ἤρξατο

200 2865 596 2936 προφητεύειν.
653 2871 817 2937 Λόγος
843 2870 897 2924 δὲ
928 2873 1130 2944 Κυρίου
1177 2876 1390 2944 ἐγένετο
1425 2879 1560 2951 πρὸς
1592 2883 1752 2936 αὐτόν
1776 2900 1789 2914 ·

200 2958 306 3011 καὶ
344 2959 532 3028 ὅρασιν
579 2961 674 3030 μὲν
703 2962 936 3034 ἐξαρχῆς
984 2963 1122 3028 ζὼου
1156 2969 1616 3041 τετραπροσώπου
1663 2972 1791 3028 θαυ-

206 3049 426 3118 μαστὴν
475 3049 568 3101 καὶ
613 3051 1131 3127 ὲκπληκτικωτάτην
1196 3060 1292 3112 καὶ
1362 3060 1793 3134 δυσερμήνευτον

199 3140 334 3209 ὁρᾷ.
356 3139 695 3211 Προφητεύει
739 3144 795 3196 δὲ
834 3146 925 3198 ἐπὶ
966 3149 1081 3210 τοὺς
1110 3151 1393 3222 προφήτας
1421 3153 1516 3206 τοῦ
1557 3155 1791 3227 Ἰσραὴλ,

2195 2103 2306 2158 Cur
2343 2105 2585 2175 Epistola
2615 2105 2902 2162 Hieremiae
2932 2107 3174 2163 dicitur?

1972 2194 2110 2262 Quia
2151 2195 2324 2266 ipsam
2365 2195 2588 2267 scripsit
2621 2194 2922 2252 Hieremias
2953 2197 3020 2253 ad
3059 2198 3332 2267 captivum
3372 2213 3469 2268 po-

1899 2288 2118 2357 pulum,
2175 2295 2234 2340 ut
2283 2285 2534 2342 eumdem
2572 2286 2834 2344 adversus
2889 2288 3034 2343 idola
3084 2291 3467 2358 conlirmaret,

1896 2397 1965 2436 ne
2013 2381 2106 2450 qui
2153 2381 2269 2450 ipsa
2317 2381 2696 2447 intuebantur,
2736 2381 2802 2436 ad
2837 2397 3027 2437 eorum
3068 2383 3310 2448 cultum,
3341 2395 3467 2438 cum

1898 2473 1965 2528 iis
1999 2487 2029 2526 a
2063 2473 2273 2543 quibus
2307 2475 2650 2538 colebantur,
2688 2483 3013 2544 raperentur

2044 2587 2382 2644 EZECHIEL
2419 2589 2577 2647 Βυδί
2614 2588 3045 2646 SACERDOTIS
3080 2589 3325 2647 FILIUS.

1971 2700 2093 2757 Fuit
2149 2702 2238 2756 hic
2287 2703 2620 2773 captivitatis
2651 2712 2893 2775 tempore
2942 2713 3064 2776 post
3112 2704 3464 2776 Hieremiam,

1897 2809 2152 2865 annoque
2192 2797 2385 2865 quinto
2421 2794 2651 2851 Joacimi
2691 2799 3024 2868 captivitatis
3075 2800 3240 2869 carpit
3279 2799 3468 2854 vatici-

1899 2889 2041 2943 nari.
2079 2887 2276 2944 Facuis
2305 2899 2388 2945 est
2419 2897 2598 2945 autem
2642 2905 2857 2954 sermo,
2895 2889 3036 2944 facta
3081 2891 3205 2945 item
3249 2889 3464 2946 Domini

1896 2998 2092 3036 manus
2146 2982 2212 3035 ad
2259 2997 2404 3046 eum,
2455 2980 2828 3052 visionemque
2861 2983 3015 3036 initio
3078 2982 3468 3052 quadriformis

1898 3072 2154 3126 animalis
2208 3072 2342 3126 vidit
2402 3071 2705 3127 mirabilem
2760 3073 3105 3142 maximeque
3167 3073 3468 3129 formidan-

1897 3164 2022 3218 dam
2047 3203 2060 3228 ,
2094 3170 2149 3218 et
2185 3163 2554 3234 explicatione
2580 3163 2873 3220 dillicilem.
2911 3163 3256 3219 Vaticinatur
3286 3174 3466 3221 autem

202 3232 306 3283 καὶ
324 3233 451 3301 περὶ
467 3232 560 3286 τοῦ
581 3233 736 3297 ξύλου
765 3237 860 3308 τῆς
882 3238 1150 3308 ἀμπέλου,
1176 3243 1268 3295 καὶ
1284 3241 1526 3316 διήγημα
1553 3248 1786 3319 περὶτοῦ

1900 3257 1954 3310 in
2009 3232 2304 3326 prophetas
2355 3254 2556 3316 Israel,
2603 3257 2778 3326 deque
2818 3257 2968 3327 ligno
3006 3258 3152 3312 vitis.
3198 3259 3362 3312 Addit
3414 3265 3468 3313 et

205 3319 393 3384 ἀετοῦ,
425 3323 516 3374 καὶ
561 3323 988 3397 διαμαρτύρεται
1051 3332 1106 3401 τῇ
1156 3331 1505 3406 Ἰερουσαλὴμ
1538 3334 1636 3399 τὰς
1665 3338 1789 3389 ἀνο-

205 3412 365 3482 μίας,
401 3414 493 3466 καὶ
518 3414 616 3478 τὰς
649 3417 918 3487 ἁμαρτίας
980 3422 1180 3493 αὐτῆς·
1231 3424 1359 3494 περί
1384 3443 1443 3477 τε
1482 3427 1578 3496 τῆς
1614 3445 1792 3498 παροι-

206 3503 394 3572 ϐολῆς,
438 3502 506 3578 ἦς
547 3507 749 3574 ἔλεγον,
781 3512 828 3562 οἱ
860 3513 1090 3583 πατέρες
1133 3513 1332 3583 ἔφαγον
1353 3517 1594 3587 ὄμφακα,
1622 3520 1714 3572 καὶ
1739 3522 1788 3573 ol.

204 3597 422 3662 ὀδόντες
446 3599 552 3653 τῶν
585 3603 794 3655 τέκνων
825 3605 1153 3674 ἐμωδίασαν.
1198 3609 1306 3661 Καὶ
1334 3613 1445 3674 τοῖς
1489 3614 1623 3677 υἰοῖς
1658 3615 1790 3684 Ἀμ-

210 3688 355 3761 μὼν,
387 3692 480 3744 καὶ
521 3694 650 3765 περὶ
681 3695 779 3764 τῆς
819 3696 1022 3759 Ὀολᾶς,
1049 3699 1140 3750 καί
1167 3699 1263 3768 τῆς
1303 3700 1536 3767 Ὀλιϐἄς.
1562 3706 1670 3758 Καὶ
1695 3705 1787 3758 ἐπὶ

207 3781 353 3852 Eon
379 3781 593 3854 θρῆνον,
624 3785 718 3837 καὶ
742 3786 833 3838 ἐπὶ
864 3787 1086 3853 Σιδῶνα,
1126 3791 1219 3843 καὶ
1245 3792 1372 3863 περὶ
1419 3794 1632 3866 ἡμέρας
1676 3799 1787 3850 Κυ-

211 3875 352 3948 ρίου,
387 3877 480 3929 καὶ
531 3877 606 3948 τῷ
637 3878 833 3950 Φαραὼ
868 3881 1076 3951 βασιλεῖ
1102 3885 1375 3952 Αἰγύπτου
1405 3927 1419 3952 ,
1469 3889 1562 3941 καὶ
1595 3889 1788 3962 θρῆνον

208 3967 303 4018 ἐπὶ
357 3967 575 4038 Φαραὼ,
615 3971 704 4022 καί
732 3971 829 4043 τὴν
867 3973 1156 4043 Αἴγυπτον,
1186 3978 1279 4029 καὶ
1305 3978 1398 4031 ἐπὶ
1433 3979 1558 4051 ὅρος
1589 3982 1780 4055 Σηεὶρ,

208 4060 304 4111 καὶ
325 4060 576 4130 περὶτῶν
609 4062 809 4116 ὀστέων
836 4065 942 4118 τῶν
965 4066 1372 4140 ἀναζησόιντων,
1405 4072 1499 4124 καὶ
1521 4073 1615 4125 ἐπὶ
1641 4073 1781 4143 Γὼγ,

207 4150 305 4201 καὶ
355 4150 451 4221 τὴν
495 4154 599 4223 γῆν
637 4154 728 4207 τοῦ
759 4156 1005 4226 Μαγώγο
1036 4158 1114 4230 τῷ
1139 4177 1196 4212 τε
1220 4162 1439 4233 ἄρχοντι
1476 4165 1651 4238 Τύρου
1690 4170 1784 4221 καὶ

207 4241 407 4314 θρῆνον
463 4246 584 4298 κατ’
626 4247 812 4313 αὐτοῦ,
852 4251 945 4303 καὶ
993 4256 1104 4315 τοῖς
1151 4256 1284 4318 υίοῖς
1315 4255 1404 4309 τοῦ
1435 4257 1565 4311 λαοῦ
1597 4260 1780 4327 αὐτοῦ,

204 4335 304 4388 καὶ
365 4337 456 4389 ἐπὶ
513 4339 639 4402 τοὺς
691 4336 956 4412 ποιμένας
987 4343 1078 4397 τοῦ
1117 4347 1360 4418 Ἰσραήλ’
1401 4351 1495 4404 καὶ
1520 4352 1580 4404 τὸ
1601 4353 1784 4406 τελευ-

202 4431 356 4482 ταῖον
385 4430 486 4499 τὴν
537 4431 821 4505 οἰκοδομὴν
863 4433 956 4487 τοῦ
987 4435 1137 4501 ναοῦ,
1173 4439 1267 4492 καὶ
1296 4439 1396 4510 τῆς
1430 4442 1783 4517 Ἰερουσαλὴμ

202 4520 523 4593 διαγράφων
548 4526 897 4595 προφητεύει.

602 4617 704 4670 Διά
739 4619 795 4671 τί
821 4620 1018 4690 Δανιὴλ
1053 4622 1352 4688 amicitur;

289 4705 507 4778 Ἐπειδὴ
538 4709 629 4760 καὶ
660 4709 820 4773 αὐτὸς
846 4713 903 4764 ἐν
926 4715 991 4783 τῇ
1019 4715 1364 4787 αἰχμαλωσίᾳ
1393 4719 1648 4789 γεγονὼς,
1678 4723 1782 4788 ἕως

200 4793 297 4847 τοῦ
328 4795 590 4865 βασιλέως
639 4798 823 4870 Κύρου
851 4798 944 4852 τοῦ
980 4801 1210 4872 Πέρσου,
1252 4802 1322 4855 τὰ
1356 4806 1452 4874 μὲν
1485 4807 1625 4861 κατά
1655 4810 1783 4862 Σου-

204 4885 404 4938 σάνναν
456 4889 628 4958 κρίνει
661 4889 846 4956 αὐτὸς,
895 4895 989 4946 καὶ
1027 4895 1341 4965 κατακρίνει
1379 4899 1506 4962 τοὺς
1544 4902 1782 4972 πρεσϐυ-

200 4979 394 5049 τέρους
425 4980 498 5043 ὡς
549 4985 888 5052 συκοφάντας
912 5002 927 5016 ο
960 4985 1027 5038 τὰ
1057 4985 1112 5038 δὲ
1149 4986 1241 5038 τοῦ
1270 4987 1532 5057 βασιλέως
1558 4991 1780 5045 ἐνύπνια

199 5071 366 5134 αὐτὸς
417 5073 746 5141 ἀπαγγέλλει
777 5094 835 5130 τε
880 5077 973 5132 καί
1018 5078 1304 5148 ἐρμηνεύει
1329 5097 1342 5109 θ
1379 5081 1564 5151 βλέπει
1599 5083 1655 5136 δὲ
1686 5087 1780 5138 καὶ

199 5162 421 5235 ὁράσεις
450 5165 692 5230 τελείαςο
727 5170 855 5241 περὶ
903 5171 999 5240 μὲν
1036 5170 1144 5223 τῶν
1181 5169 1465 5244 βασιλειῶν
1507 5175 1620 5238 δύο,
1654 5179 1780 5249 περί

197 5255 258 5310 δὲ
306 5255 406 5326 τῆς
455 5257 549 5311 τοῦ
585 5260 838 5332 Σωτῆρος
881 5263 1200 5334 παρουσίας,
1245 5265 1339 5318 καὶ
1385 5269 1778 5334 καταπαύσεως

199 5349 300 5418 τῆς
355 5350 728 5423 Ἰερουσαλὴμ,
781 5355 1006 5428 καὶτῆς
1065 5358 1430 5427 Ἀντιχρίστου
1480 5363 1778 5435 παρουσίας

198 5447 313 5500 δύο.
367 5449 642 5519 Διηγεῖται
695 5450 748 5502 δὲ
780 5452 905 5521 περί
952 5455 1250 5528 μαρτυρίου
1289 5455 1514 5527 Σεδράχ,
1554 5458 1775 5528 Μησάχ,

212 5539 544 5610 Ἀϐδεναγὼ,
593 5543 687 5595 καί
727 5543 835 5596 τῶν
883 5543 1064 5616 ὓμνων
1094 5548 1306 5602 αύτῶνο
1353 5551 1447 5602 καὶ
1505 5552 1585 5604 ὅτι
1625 5553 1776 5607 αὐτοὶ

204 5630 303 5702 μὲν
347 5632 702 5706 διεσώθησαν,
747 5637 794 5688 οἰ
841 5636 895 5689 δὲ
937 5639 1284 5706 ὑποκαίοντες
1313 5645 1778 5716 κατεφλέχθησαν,

199 5722 296 5775 καὶ
363 5724 606 5792 μετέγνω
640 5725 888 5795 βασιλεύς
909 5745 921 5756 ·
958 5729 1051 5782 καὶ
1097 5731 1177 5783 ὃτι
1215 5733 1378 5797 αὐτὸς
1411 5733 1662 5806 διεϐλήθη
1696 5739 1775 5800 εἰς

197 5813 290 5866 τὸν
315 5813 514 5868 λάκκον
531 5816 638 5870 τῶν
660 5817 886 5872 λεόντων
911 5836 923 5849 °
954 5821 1013 5872 τὸ
1044 5821 1140 5892 μὲν
1179 5823 1412 5894 πρῶτον,
1454 5825 1636 5898 ἐπειδὴ
1670 5828 1775 5880 τῶν

203 5904 556 5960 Βαϐυλωνίων
604 5911 1049 5982 προσευχομένων
1077 5914 1286 5984 Δαρείῳ
1317 5916 1394 5985 τῷ
1423 5914 1651 5986 βασιλεῖ,
1679 5919 1772 5986 μό-

1897 3349 2269 3402 narrationem
2312 3346 2379 3401 de
2409 3348 2587 3418 aquila
2608 3388 2624 3412 ,
2654 3349 3066 3420 insectaturque
3095 3351 3248 3403 urbis
3278 3349 3466 3404 Hiero-

1898 3436 2233 3506 solymorum
2286 3437 2604 3506 iniquitates
2657 3445 2707 3492 et
2751 3446 2993 3508 peccata.
3057 3438 3290 3494 Disserit
3331 3440 3464 3494 item

1895 3526 1962 3580 de
2025 3527 2385 3582 similitudine
2437 3545 2598 3598 quam
2638 3513 3042 3600 usurpabant,
3101 3547 3226 3585 cum
3281 3539 3466 3602 patres

1895 3632 2028 3673 suos
2061 3617 2290 3673 acerbas
2326 3633 2457 3674 uvas
2493 3620 2829 3684 comedisse,
2867 3621 2960 3676 sed
2997 3622 3190 3676 dentes
3227 3621 3332 3677 sibi
3353 3615 3465 3678 'ob-

1896 3712 2175 3782 stupuisse
2207 3711 2474 3770 dicerent.
2509 3715 2763 3787 Disputat
2791 3717 2953 3773 etiam
2985 3718 3052 3774 de
3092 3717 3224 3774 Oola
3244 3761 3258 3785 ,
3289 3719 3465 3790 deque

1895 3803 2088 3871 Oliba,
2140 3814 2195 3862 et
2241 3805 2488 3878 adjungit
2529 3808 2712 3863 ﬂetum
2762 3811 2816 3864 in
2871 3808 2999 3875 Sur,
3057 3811 3110 3865 in
3162 3810 3460 3880 Sidonem;

1893 3898 2322 3968 disputationem
2355 3899 2422 3957 de
2451 3900 2540 3955 die
2587 3900 2832 3966 Domini,
2886 3903 2955 3958 de
3004 3902 3290 3961 Pharaone
3336 3920 3464 3976 rege

1892 3987 2154 4060 :Egypti,
2217 4005 2339 4044 cum
2401 3991 2575 4060 ipsius
2632 3999 2686 4046 et
2742 3993 2890 4064 regni
2947 3995 3336 4049 lamentatione
3395 3996 3463 4049 de

1893 4089 2075 4136 monte
2112 4081 2273 4148 Seir;
2331 4081 2398 4138 de
2452 4084 2673 4140 ossibus
2719 4101 2908 4140 eorum
2963 4087 3056 4156 qui
3106 4088 3460 4154 revixerunt;

1889 4174 1956 4226 de
1992 4173 2105 4244 Gug
2128 4215 2142 4238 ,
2184 4176 2251 4230 de
2289 4183 2434 4230 terra
2476 4176 2699 4249 Magog,
2735 4180 2801 4234 de
2833 4179 2960 4249 Tyri
2993 4181 3266 4250 principe,
3301 4196 3460 4249 quem

1889 4282 2012 4322 cum
2057 4267 2185 4323 ﬁliis
2236 4271 2422 4341 populi
2478 4269 2562 4325 sui
2621 4270 2974 4333 lamentatur.
3030 4271 3097 4326 de
3146 4271 3461 4342 pastoribus

1890 4357 2073 4414 Israel.
2110 4359 2454 4416 Vaticinatur
2480 4361 2716 4430 denique
2747 4361 2814 4415 de
2846 4361 3031 4432 templi
3076 4370 3130 4416 et
3175 4363 3328 4417 urbis
3377 4362 3463 4416 in-

1890 4452 2226 4507 stauratione
2257 4469 2420 4522 quam
2453 4452 2717 4524 depingit.

2329 4630 2506 4697 Quare
2541 4629 2727 4709 Daniel
2758 4634 3021 4687 vocatur-.7

1962 4721 2099 4788 Quia
2135 4731 2188 4778 et
2223 4723 2340 4793 ipse
2374 4723 2428 4776 in
2460 4721 2778 4791 captivitate
2816 4722 2917 4776 fuit
2951 4723 3018 4776 ad
3052 4721 3253 4794 Cyrum
3285 4739 3461 4796 usque

1884 4813 2172 4868 Persarum
2219 4830 2419 4884 regem.
2465 4814 2732 4871 Susanna:
2769 4815 2988 4886 quidem
3021 4831 3242 4871 causam
3264 4859 3278 4882 ,
3313 4817 3460 4873 dam-

1886 4908 2030 4962 natis
2074 4908 2364 4964 calumniae
2386 4925 2549 4980 pinna
2593 4910 2933 4973 senioribus,
2973 4911 3274 4980 judicavit:
3313 4912 3457 4982 regis

1885 5007 2069 5054 autem
2102 5005 2314 5057 somnia
2343 5003 2564 5067 retulit,
2606 5013 2660 5057 et
2709 5004 3104 5073 interpretatus
3153 5012 3258 5058 est.
3310 5001 3458 5058 Vidit

1887 5110 2052 5165 perro
2096 5095 2339 5151 visiones
2374 5099 2623 5153 eximias.
2666 5097 2739 5152 De
2785 5100 2968 5169 regnis
3010 5099 3230 5169 quidem
3277 5099 3453 5163 duas;

1884 5186 2022 5239 duas
2038 5186 2168 5241 item
2198 5186 2262 5241 de
2281 5185 2581 5243 Salvatoris
2595 5188 2852 5254 adventu,
2874 5189 3048 5260 deque
3070 5189 3457 5264 Hierosolymac

1884 5280 2091 5348 requie,
2143 5287 2195 5335 et
2240 5282 2572 5336 Antecln-isti
2624 5299 2870 5338 accessu.
2925 5283 3120 5338 Narrat
3182 5291 3455 5354 praeterea

1885 5370 2211 5441 martyrium
2242 5371 2510 5444 Sydrach,
2547 5373 2752 5428 Misach
2804 5381 2858 5429 et
2891 5373 3205 5445 Abdenago,
3242 5390 3458 5429 eorum-

1883 5475 1988 5528 que
2015 5462 2288 5516 canticnm
2318 5481 2330 5515 :
2367 5471 2533 5532 utque
2562 5462 2792 5518 servatis
2821 5463 2975 5532 ipsis,
3011 5462 3311 5516 combustis
3355 5477 3454 5514 au-

1883 5562 1993 5606 tem
2054 5554 2147 5623 qui
2215 5554 2397 5624 ignem
2464 5553 2876 5616 succedebant,
2938 5569 3118 5623 regem
3179 5553 3449 5623 pmnituil.

1879 5643 2070 5698 Narral
2118 5646 2284 5699 etiam
2332 5653 2391 5697 ut
2417 5645 2578 5700 estin
2635 5645 2851 5699 leonum
2905 5645 3078 5698 lacum
3125 5645 3451 5713 conjectus;

1881 5738 2112 5806 primum
2153 5737 2371 5807 quidem
2420 5739 2564 5807 quod
2597 5738 2818 5792 Darium
2866 5756 3044 5809 regem
3095 5739 3454 5796 adorantiliul‘.

1878 5828 2188 5900 Babyloniis
2239 5830 2529 5891 omnibus,
2585 5829 2738 5884 solus
2792 5831 2907 5900 ipse
2952 5829 3118 5885 Deum
3153 5830 3446 5895 adoraret:

1879 5920 2072 5977 deinde
2107 5938 2234 5978 vero
2270 5923 2412 5992 quod
2446 5923 2537 5976 Bel
2576 5930 2632 5979 et
2675 5923 2967 5980 draconem
3005 5925 3108 5980 sub
3140 5923 3282 5997 Cyro
3326 5938 3449 5997 rege
