3974 6548
336 467 482 513 ἽΣἩ)

1503 469 1818 527 CANONES
1855 471 2416 532 EVANGELIORUM.

3436 485 3572 539 ηπ

336 575 493 646 ’παρὰ
525 574 586 630 τὸ
617 577 854 649 καθῆκον
880 580 1150 652 λαθραίως
1174 585 1449 658 ἐπιχειρῇ⁹
1491 589 1583 641 καὶ
1611 588 1747 660 αὕτη
1787 592 1843 645 δὲ
1877 594 1909 662 ἡ

2030 611 2118 664 lue
2146 597 2382 661 animus,
2411 598 2503 666 qui
2536 611 2643 652 non
2667 614 2820 669 aeque
2847 607 2930 655 est
2947 600 3172 656 aﬂ‘ectus
3200 617 3327 671 erga
3358 602 3460 657 sibi
3483 603 3577 657 be-

331 669 573 724 ἑγάστου
613 672 868 739 διάθεσις,
915 676 989 747 μὴ
1036 679 1234 748 ὁμοίως
1279 680 1617 753 διακειμένου
1667 686 1802 758 πρός
1853 704 1910 739 τε

337 763 469 826 τοὺς
517 763 935 834 εὐεργετοῦντας
977 769 1071 822 καὶ
1121 771 1256 842 πρὸς
1295 774 1420 836 τοὺς
1465 773 1715 843 βλάπτειν
1751 778 1909 830 αὑτὸν

339 854 787 925 ἐπιχειροῦντας
837 859 1148 930 αὐτομαθὴς
1191 862 1504 928 διδάσκαλος
1547 866 1750 935 γίνεται
1783 869 1909 922 ἐκά-

344 963 459 1016 στῳ
490 949 589 1018 τῆς
623 949 752 1019 περὶ
782 950 1000 1019 ἀγαθῶν
1047 951 1138 1006 καὶ
1176 953 1358 1008 κακῶν
1391 957 1716 1026 ἐπιστήμης,
1753 959 1780 1010 ὁ
1809 960 1906 1028 τῆς

2024 688 2265 752 nevolos,
2293 697 2455 759 atque
2484 689 2748 746 adversus
2773 707 2866 746 eos
2900 695 2993 762 qui
3023 695 3125 748 sibi
3156 709 3352 749 nocere
3375 709 3578 748 conan-

2016 787 2124 834 tur.
2166 778 2332 850 Igitur
2386 792 2685 851 spontanea
2746 786 3005 855 magistra
3055 787 3345 856 unicuique
3397 794 3481 840 est
3510 789 3575 838 ad

2012 870 2139 924 boni
2170 872 2403 941 malique
2432 872 2714 927 scientiam
2742 874 2827 929 lex
2867 885 3104 942 naturaz,
3133 877 3258 929 dum
3292 884 3436 931 velat
3475 892 3575 931 nos

2011 961 2233 1016 cuilibet
2264 962 2462 1027 facere,
2490 964 2631 1032 quod
2661 979 2761 1018 nos
2789 966 2856 1018 ab
2894 966 3014 1021 aliis
3049 967 3158 1035 pati
3181 967 3468 1020 nollemus.

341 1038 563 1107 φύσεως
635 1041 815 1112 νόμος,
877 1043 1047 1098 ταῦτά
1099 1063 1249 1109 τινας
1318 1047 1448 1119 δρᾷν
1495 1049 1702 1120 ἑτέροις
1764 1052 2139 1123 ἀπαγορεύων,
2193 1054 2336 1126 ἅπερ
2379 1073 2463 1117 τις
2516 1055 2676 1119 αὐτὸς
2721 1059 2847 1127 παρ’
2917 1057 3115 1128 ἑτέρων
3167 1058 3266 1110 οὐκ
3298 1056 3362 1110 ἂν
3406 1055 3579 1110 ἕλοιτο

342 1129 559 1185 παθεῖν.

454 1224 542 1294 ιβ’.
578 1227 874 1280 Εὐσεϐίου
903 1228 972 1281 ἐκ
1000 1228 1109 1282 τοῦ
1138 1237 1170 1283 ι’
1203 1229 1312 1298 τῆς
1343 1238 1394 1284 α’
1435 1233 1800 1302 Εἰσαγωγῆς.

431 1384 733 1456 Ἐνδέχεται
781 1387 896 1458 μὲν,
945 1382 988 1439 ὧ
1031 1388 1260 1452 παιδίον,
1295 1388 1470 1456 λέγειν
1519 1389 1613 1459 μὲν
1646 1384 1727 1451 εὖ,
1771 1390 1909 1458 φαῦ-

344 1475 437 1528 λον
482 1477 537 1530 δὲ
583 1478 878 1550 ὑπάρχειν’
934 1479 1241 1551 πράσσοντα
1277 1481 1330 1532 δὲ
1370 1475 1450 1544 εὖ,
1513 1480 1709 1548 φαῦλον
1751 1479 1908 1542 εἶναι,

343 1568 624 1622 ἀδύνατον.

421 1668 506 1729 ιγ’.
539 1663 834 1718 Εὐσεϐιου
862 1665 929 1716 ἐκ
960 1663 1064 1717 τοῦ
1096 1672 1146 1719 α’
1177 1665 1284 1733 τῆς
1306 1664 1837 1734 α’Ἐπιστολνῆς-(ί).

418 1752 520 1805 Βία
555 1751 673 1824 Θεῷ
704 1756 764 1806 οὐ
798 1755 1106 1826 πρόσεστιν.

419 1907 603 1982 (_l)_lta
649 1925 876 1982 prorsus
931 1913 1191 1968 scribitur
1221 1913 1275 1966 in
1329 1914 1421 1967 illo
1446 1914 1633 1968 codice
1666 1911 1787 1968 Vat.
1832 1913 1908 1982 (p.

345 1977 451 2032 H9
477 1978 552 2044 h),
573 1977 715 2034 unde
743 1997 843 2054 nos
877 1984 1209 2054 sumpsimus
1238 1983 1445 2037 Leontii
1475 1993 1528 2054 et
1551 1983 1780 2054 Joannis
1809 1977 1911 2038 Siz-

342 2063 561 2120 crarum
593 2065 765 2104 rerum
790 2053 1013 2116 librum,
1047 2053 1242 2120 Script.
1273 2064 1368 2108 vet.
1397 2061 1436 2107 t.
1474 2053 1580 2107 VII.
1619 2054 1796 2119 Quare
1827 2069 1912 2109 se-

341 2119 536 2187 quitur
559 2129 618 2172 ut
641 2120 1016 2179 existimemus
1053 2119 1330 2180 exstitisse
1377 2124 1629 2179 volumen
1658 2123 1913 2193 cpistola-

2015 1234 2100 1288 12.
2128 1233 2338 1287 Eusebii
2365 1249 2428 1288 ea:
2455 1235 2652 1289 decimo
2685 1233 3099 1357 Iliifroductionis
3119 1236 3304 1291 urimw
3328 1246 3575 1306 tanquam

2640 1323 2672 1357 a
2774 1315 2940 1357 atoue.

2640 1323 2672 1358 a
2703 1315 2940 1360 Platone.

2082 1396 2408 1468 Contingere
2441 1407 2636 1466 potest,
2662 1413 2694 1452 0
2725 1416 2876 1470 puer,
2912 1407 2967 1452 ut
2999 1401 3194 1470 aliquis
3222 1401 3357 1456 bene
3391 1402 3575 1467 dicat,

2014 1505 2136 1543 cum
2167 1490 2342 1544 malus
2372 1489 2477 1554 sit;
2511 1501 2880 1544 verumtamen
2911 1492 3142 1561 aliquem
3175 1492 3311 1548 bene
3359 1493 3538 1550 facere
3560 1532 3576 1558 ,

2013 1579 2106 1649 qui
2141 1594 2342 1648 pravus
2365 1578 2455 1641 sit,
2491 1578 2843 1648 impossibile.

2127 1670 2208 1724 1'5.
2232 1669 2443 1722 Eusebii
2463 1685 2526 1721 ea:
2549 1670 2716 1736 primo
2744 1669 2970 1737 capitulo
3001 1667 3249 1738 Epistola:
3267 1671 3470 1737 primae.

2087 1759 2244 1815 Nulla
2283 1760 2448 1814 Deum
2478 1761 2560 1815 vis
2592 1761 2755 1830 cogit.

2017 1932 2135 1970 rum
2176 1917 2230 1970 in
2274 1915 2454 1986 plures
2490 1917 2658 1971 libros
2708 1917 3054 1982 distinctum;
3109 1934 3336 1987 quarum
3390 1919 3580 1973 saltem

2017 1987 2306 2058 nonnullas
2341 1987 2411 2058 ob
2442 1988 2804 2058 prolixitatem
2837 1988 2987 2055 (puta
3028 1989 3094 2042 de
3125 1990 3287 2043 rebus
3321 1987 3569 2058 dogmati-

2018 2057 2121 2126 cis)
2145 2057 2517 2126 intercapilari
2547 2072 2683 2126 opus
2712 2056 2892 2113 fuerit.

344 2310 3472 2344 WW—

1035 2491 1789 2648 EUSEBII
1971 2491 2880 2648 PAMPHILI

1342 2774 2020 2858 C/ESABIENSIS
2091 2776 2560 2856 EPISCOPI

467 2959 1067 3073 CANONES
1127 2968 1565 3074 DECEM
1623 2965 2337 3076 HABMONUE
2395 2967 3455 3109 EVANGELIOBUM,

1371 3176 1706 3238 Prwmissa
1738 3177 1819 3237 ad
1854 3175 2239 3256 Carpianum
2273 3178 2561 3257 epistola.

1071 3335 1354 3399 (GALLAND.,
1391 3337 1622 3387 Veterum
1648 3339 1854 3386 Patrum
1881 3335 2128 3399 Biblioth.,
2153 3339 2214 3397 ll,
2240 3341 2349 3402 535,
2375 3344 2427 3388 et
2451 3339 2651 3401 Proieg.
2676 3354 2722 3402 p.
2749 3342 2864 3402 LIV.)

1945 3475 2012 3488 ...-

1661 3573 2277 3666 MONITUM.

745 3760 853 3830 (Ex
877 3761 1102 3816 Joannis
1138 3762 1298 3816 Mitlii
1327 3762 1724 3833 Prolegomenis
1757 3764 1826 3818 ad
1859 3763 2067 3820 Novum
2100 3765 2488 3820 Testamentum
2525 3763 2787 3830 Crwcum,
2819 3763 2879 3836 ἐξ
2907 3764 3190 3836 758-741.)

433 4052 451 4085 ι
483 4031 627 4087 Inter
656 4031 762 4086 alia
791 4031 1010 4087 Eusebii
1034 4047 1198 4102 opera
1229 4041 1410 4089 exstat
1442 4035 1670 4105 epistola
1701 4037 1822 4106 ejus
1850 4036 1920 4090 ad
1955 4045 1995 4102 Β
2023 4033 2437 4090 monstrandam
2502 4031 2803 4086 Diatessari
2863 4031 3027 4100 hujus
3091 4031 3477 4101 perfectionem
3535 4045 3585 4096 et

354 4126 713 4196 Carpianum,
748 4140 910 4193 quam
947 4141 1080 4180 mss.
1120 4125 1392 4196 plerisque
1422 4128 1707 4184 codicibus
1742 4131 1922 4183 Evan~

357 4220 622 4288 geliorum
667 4217 939 4286 praeﬁxam
982 4218 1166 4271 videre
1195 4226 1301 4282 est,
1343 4234 1451 4272 una
1495 4235 1617 4273 cum
1666 4219 1784 4288 ejus
1821 4219 1924 4274 Ca-

359 4325 512 4374 none,
551 4324 712 4378 quem
747 4315 966 4372 vocant,
994 4310 1108 4364 sive
1141 4310 1315 4363 decem
1347 4309 1562 4375 tabulis,
1593 4312 1645 4364 in
1671 4327 1809 4380 quas
1839 4329 1926 4366 re-

361 4403 486 4455 tulit
531 4416 790 4456 numeros
833 4401 1230 4456 Ammonianos.
1279 4401 1484 4456 Horum
1534 4412 1712 4459 autem
1753 4407 1925 4458 artiﬁ-

359 4494 529 4558 cium,
555 4509 825 4562 usumque
854 4508 1014 4562 quem
1045 4492 1286 4560 przebent
1321 4493 1609 4563 insignem,
1640 4494 1694 4548 in
1731 4509 1927 4565 reprae-

361 4587 626 4640 sentanda
687 4595 921 4657 quatuor
967 4585 1378 4654 Evangeliorum
1439 4586 1756 4650 harmonia,
1815 4586 1925 4656 jam

356 4677 596 4731 breviter
629 4676 1042 4746 explicabimus.
1079 4675 1216 4728 Ante
1249 4690 1422 4729 annos
1451 4686 1667 4730 centum
1703 4677 1927 4730 Ammo-

358 4769 484 4822 nius
521 4767 942 4828 Alexandrinus,
996 4765 1254 4835 singulari
1293 4773 1409 4821 arte
1439 4777 1598 4836 atque
1630 4769 1828 4829 studio,
1863 4785 1928 4822 ex

357 4867 598 4930 quatuor
629 4860 835 4914 nostris
869 4857 1179 4928 Evangeliis
1216 4858 1357 4912 inter
1384 4874 1442 4914 se
1481 4860 1715 4922 collatis,
1754 4860 1931 4914 confe-

359 4959 511 5007 cerat
569 4951 863 5021 ipsissimis
925 4950 1378 5019 evangelistarum
1433 4952 1612 5005 verbis
1664 4953 1928 5022 integram

359 5042 650 5115 quamdam
691 5043 974 5098 historiam
1008 5043 1397 5109 evangelicam,
1433 5058 1528 5097 seu
1561 5043 1927 5099 Diatessaron.

362 5135 500 5188 Cum
524 5134 756 5203 primum
781 5147 959 5190 autem
989 5135 1128 5188 hanc
1157 5133 1494 5203 digessissct,
1523 5137 1681 5190 etiam
1713 5138 1932 5191 univer-

360 5243 482 5280 sum
533 5213 946 5296 Evangeliorum
997 5235 1203 5280 textum
1252 5225 1304 5278 in
1357 5226 1626 5282 sectiones
1665 5231 1928 5297 quasdam

361 5317 570 5382 divisit,
605 5326 658 5374 et
703 5319 850 5372 notis
895 5317 1266 5372 numeralibus
1309 5317 1556 5372 distinxit
1591 5319 1644 5373 in
1685 5323 1931 5392 margine

2027 4127 2416 4197 integritatem.
2468 4124 2650 4194 Neque
2692 4123 2784 4178 alii
2829 4123 2922 4176 ulli
2967 4123 3144 4178 adhuc
3188 4126 3310 4179 usui
3339 4127 3585 4186 inservie

2027 4222 2118 4276 bat
2153 4240 2166 4275 :
2194 4220 2338 4274 unde
2367 4234 2467 4273 nec
2495 4216 2754 4273 credibile
2783 4223 2886 4282 est,
2923 4231 3183 4272 numeros
3222 4219 3356 4273 istos
3395 4237 3586 4293 propa.

2028 4325 2182 4386 gatos
2211 4313 2382 4368 fuisse
2411 4313 2551 4366 ultra
2585 4311 2756 4381 ipsius
2785 4310 3056 4363 Ammonii
3084 4312 3382 4381 exemplar.

2099 4407 2210 4460 lloc
2246 4420 2368 4459 cum
2419 4405 2475 4458 in
2519 4403 2780 4457 Caesareae
2819 4401 3144 4454 bibliotheca
3201 4403 3372 4459 aliave
3415 4405 3588 4476 aliqua

2029 4497 2329 4567 repositum
2361 4496 2654 4566 reperisset
2685 4493 2974 4556 Eusebius,
3004 4494 3058 4546 in
3109 4502 3339 4550 mentem
3373 4499 3475 4567 ipsi
3511 4516 3582 4556 ve

2029 4591 2140 4652 uit,
2182 4587 2479 4642 harmonia:
2519 4586 2712 4653 hujus,
2749 4600 3208 4654 numerorumque
3251 4586 3590 4644 Ammoniani

2033 4677 2448 4749 Evangeliorum
2485 4675 2692 4729 codicis
2720 4689 2842 4742 ope,
2873 4671 3083 4727 institui
3119 4688 3182 4727 ac
3214 4677 3589 4744 repraesentari

2035 4786 2195 4841 posse
2241 4770 2515 4838 integrum
2583 4775 2634 4820 ct
2704 4765 3003 4836 perfectum
3057 4763 3439 4834 Diatessaron,
3496 4784 3591 4819 σω-

2031 4862 2257 4932 ζομένου
2293 4859 2502 4914 καὶτοῦ
2534 4859 2640 4912 τῶν
2661 4856 3058 4927 ενῦαγγελιστῶν
3091 4857 3154 4910 δι’
3191 4857 3314 4910 ὅλου
3349 4857 3590 4928 σώματός

2031 4971 2089 5006 τε
2121 4953 2213 5006 καὶ
2242 4951 2457 5024 εἱρμοῦ,
2493 4959 2551 5005 ιιι
2582 4951 2800 5006 Eusebii
2833 4949 3011 5003 verbis
3053 4956 3194 5002 utar.
3224 4947 3448 5018 Nempe,
3485 4965 3581 5018 per

2033 5047 2282 5101 lustratis
2337 5045 2568 5115 singulis
2623 5044 2918 5098 harmonia:
2961 5044 3118 5097 istius
3169 5041 3436 5110 partibus,
3494 5056 3593 5094 una

2034 5157 2156 5195 cum
2192 5139 2436 5193 numeris
2463 5137 2618 5206 juxta
2649 5136 2841 5206 positis
2866 5137 2920 5188 in
2945 5135 3188 5204 margine
3217 5133 3361 5203 (nam
3389 5142 3444 5186 et
3467 5132 3594 5196 illic,

2035 5233 2238 5302 pariter
2265 5245 2328 5283 ac
2356 5231 2409 5282 in
2433 5230 2621 5282 codice
2647 5233 2766 5298 ejus
2787 5229 3098 5298 cvangelico
3120 5233 3408 5281 anuOtatos
3431 5224 3593 5279 fuisse

2036 5338 2198 5392 supra
2233 5319 2620 5390 ostendimus),
2651 5321 2940 5374 constabat
2972 5335 3161 5374 omnes
3201 5319 3425 5371 omnino
3455 5316 3595 5386 peri-

360 5411 448 5464 sui
502 5409 851 5478 exemplaris.
913 5407 1194 5463 Sectiones
1242 5407 1360 5461 istae
1421 5423 1531 5462 non
1583 5409 1702 5464 alia:
1751 5391 1929 5476 erant,
1959 5391 2000 5447 (ἶ
2035 5391 2201 5480 copas
2249 5410 2545 5481 evangelici
2595 5408 2801 5463 codicis
2860 5408 2928 5462 ad
2967 5409 3153 5462 decem
3211 5405 3433 5461 ordines
3487 5405 3596 5459 sive

361 5517 526 5574 quam
557 5516 694 5571 quas
733 5499 1000 5569 hodieque
1035 5500 1090 5554 in
1141 5503 1391 5556 codicum
1434 5512 1744 5556 nostrorum
1797 5519 1936 5558 mar-

363 5593 488 5661 gine
518 5589 765 5645 interiori
792 5590 1037 5660 adpictas
1071 5593 1317 5648 videmus
1344 5612 1355 5646 :
1381 5594 1641 5648 nimirum
1667 5595 1720 5648 in
1752 5595 1930 5649 Evan-
1981 5603 1985 5606 ’

361 5685 504 5755 gelio
547 5681 788 5737 Matthwi
836 5683 962 5746 555,
1019 5682 1196 5737 Marci
1231 5685 1358 5749 256,
1390 5683 1547 5739 Luca:
1591 5687 1716 5751 540,
1760 5686 1932 5741 Joan-

367 5778 448 5830 nis
479 5777 604 5831 252.
643 5775 967 5831 Divisionem
995 5786 1172 5832 autem
1218 5778 1360 5831 hanc
1401 5778 1541 5832 haud
1576 5780 1681 5832 alio
1721 5779 1823 5835 line
1856 5780 1932 5834 in-

367 5870 610 5924 stitutam
652 5869 718 5923 ab
754 5876 973 5923 auctore
1021 5884 1186 5938 supra
1229 5869 1486 5939 diximus,
1535 5887 1696 5941 quam
1748 5871 1814 5925 ad
1846 5872 1930 5928 de-

2035 5505 2240 5558 classes
2263 5503 2448 5558 reduci
2484 5502 2747 5571 potuisse.
2779 5499 2874 5554 νει
2898 5500 3042 5554 enim
3069 5497 3339 5566 ejusmodi
3368 5511 3511 5558 esse,
3545 5496 3595 5547 in

2037 5597 2234 5664 quibus
2288 5611 2478 5649 omnes
2532 5603 2768 5664 quatuor
2825 5590 3172 5660 evangelista:
3228 5587 3593 5642 conveniant:

2036 5689 2120 5743 vel
2159 5704 2223 5741 ex
2259 5688 2324 5741 iis
2357 5695 2468 5742 tres
2503 5694 2745 5750 tantum;
2790 5699 2981 5753 nempe
3020 5681 3159 5736 Mat.
3194 5681 3337 5735 Mar.
3373 5680 3501 5733 Luc.
3526 5707 3592 5718 —~

2036 5779 2172 5834 Mat.
2203 5779 2331 5833 Luc.
2359 5778 2517 5831 Joan.
2538 5776 2755 5830 —Mat.
2788 5775 2958 5828 Marc.
2989 5773 3148 5828 Joan.
3177 5789 3193 5826 :
3218 5773 3299 5827 vel
3321 5773 3430 5826 duo
3454 5772 3591 5824 dun-

2035 5881 2214 5940 taxat;
2266 5873 2396 5926 Mat.
2445 5869 2572 5925 Luc.
2606 5901 2671 5910 --
2700 5869 2832 5923 Mat.
2897 5867 3036 5922 Mar.
3063 5898 3129 5907 -—
3155 5865 3287 5921 Mat.
3333 5863 3493 5919 Joan.
3523 5888 3590 5905 -ι
