  <div class='ocr_page' id='page_1' title='image "/cluster/home/n/w/nwhite01/storage/ocr_20150623/22/hvd.32044020605168/667.png"; bbox 0 0 3974 6512; ppageno 0'>
   <div class='ocr_carea' id='block_1_1' title="bbox 508 443 3708 504">
    <p class='ocr_par' dir='ltr' id='par_1_1' title="bbox 508 443 3708 504">
     <span class='ocr_line' id='line_1_1' title="bbox 508 443 3708 504; baseline -0 0"><span class='ocrx_word' id='word_1_1' title='bbox 508 444 651 504; x_wconf 66' lang='lat' dir='ltr'><strong>i275</strong></span> <span class='ocrx_word' id='word_1_2' title='bbox 1197 444 1471 502; x_wconf 81' lang='lat' dir='ltr'><strong>EUSEBII</strong></span> <span class='ocrx_word' id='word_1_3' title='bbox 1502 445 1988 502; x_wconf 60' lang='lat' dir='ltr'><strong>CAESARIENSIS</strong></span> <span class='ocrx_word' id='word_1_4' title='bbox 2027 444 2176 504; x_wconf 86' lang='lat' dir='ltr'><strong>OPP.</strong></span> <span class='ocrx_word' id='word_1_5' title='bbox 2211 447 2388 502; x_wconf 80' lang='lat' dir='ltr'><strong>PARS</strong></span> <span class='ocrx_word' id='word_1_6' title='bbox 2427 445 2514 503; x_wconf 91' lang='grc'><strong>111.</strong></span> <span class='ocrx_word' id='word_1_7' title='bbox 2549 477 2618 487; x_wconf 92' lang='grc'><strong><em>-</em></strong></span> <span class='ocrx_word' id='word_1_8' title='bbox 2649 443 3058 500; x_wconf 74' lang='lat' dir='ltr'><strong>EXEGETICA.</strong></span> <span class='ocrx_word' id='word_1_9' title='bbox 3600 445 3708 503; x_wconf 62' lang='lat'><strong>5276</strong></span> 
     </span>
    </p>
   </div>
   <div class='ocr_carea' id='block_1_2' title="bbox 508 557 3706 635">
    <p class='ocr_par' dir='ltr' id='par_1_2' title="bbox 508 557 3706 635">
     <span class='ocr_line' id='line_1_2' title="bbox 508 557 3706 635; baseline -0.001 -15"><span class='ocrx_word' id='word_1_10' title='bbox 508 563 640 624; x_wconf 85' lang='lat' dir='ltr'><strong>Luc.</strong></span> <span class='ocrx_word' id='word_1_11' title='bbox 672 564 1024 621; x_wconf 64' lang='lat' dir='ltr'><strong>Man—Luc.</strong></span> <span class='ocrx_word' id='word_1_12' title='bbox 1051 562 1230 617; x_wconf 81' lang='lat' dir='ltr'><strong>Joan&#39;.</strong></span> <span class='ocrx_word' id='word_1_13' title='bbox 1253 565 1360 618; x_wconf 84' lang='lat' dir='ltr'><strong>:vel</strong></span> <span class='ocrx_word' id='word_1_14' title='bbox 1381 564 1617 634; x_wconf 91' lang='lat' dir='ltr'><strong>denique</strong></span> <span class='ocrx_word' id='word_1_15' title='bbox 1643 564 1912 635; x_wconf 87' lang='lat' dir='ltr'><strong>cujusque</strong></span> <span class='ocrx_word' id='word_1_16' title='bbox 1927 580 2092 620; x_wconf 83' lang='lat' dir='ltr'><strong>evan-</strong></span> <span class='ocrx_word' id='word_1_17' title='bbox 2119 571 2164 626; x_wconf 80' lang='grc' dir='ltr'><strong>Α</strong></span> <span class='ocrx_word' id='word_1_18' title='bbox 2194 565 2527 620; x_wconf 88' lang='lat' dir='ltr'><strong>conveniunt</strong></span> <span class='ocrx_word' id='word_1_19' title='bbox 2561 583 2574 619; x_wconf 87' lang='lat'>:</span> <span class='ocrx_word' id='word_1_20' title='bbox 2601 578 2795 633; x_wconf 82' lang='lat' dir='ltr'><strong>nempe</strong></span> <span class='ocrx_word' id='word_1_21' title='bbox 2817 561 2984 616; x_wconf 83' lang='lat' dir='ltr'><strong>Marci</strong></span> <span class='ocrx_word' id='word_1_22' title='bbox 3013 567 3077 624; x_wconf 84' lang='grc' dir='ltr'>ε’,</span> <span class='ocrx_word' id='word_1_23' title='bbox 3112 557 3274 614; x_wconf 61' lang='lat' dir='ltr'><strong>Lucae</strong></span> <span class='ocrx_word' id='word_1_24' title='bbox 3302 565 3392 628; x_wconf 78' lang='grc' dir='ltr'>ιγ’,</span> <span class='ocrx_word' id='word_1_25' title='bbox 3416 557 3618 617; x_wconf 78' lang='lat' dir='ltr'><strong>Joannis</strong></span> <span class='ocrx_word' id='word_1_26' title='bbox 3645 571 3706 618; x_wconf 83' lang='grc' dir='ltr'>ιε’.</span> 
     </span>
    </p>
   </div>
   <div class='ocr_carea' id='block_1_3' title="bbox 509 653 2078 730">
    <p class='ocr_par' dir='ltr' id='par_1_3' title="bbox 509 656 2078 730">
     <span class='ocr_line' id='line_1_3' title="bbox 509 656 2078 730; baseline -0.001 -17"><span class='ocrx_word' id='word_1_27' title='bbox 509 661 715 730; x_wconf 71' lang='lat' dir='ltr'><strong>gelistte</strong></span> <span class='ocrx_word' id='word_1_28' title='bbox 726 674 848 714; x_wconf 89' lang='lat' dir='ltr'><strong>esse</strong></span> <span class='ocrx_word' id='word_1_29' title='bbox 864 657 1113 728; x_wconf 85' lang='lat' dir='ltr'><strong>proprias</strong></span> <span class='ocrx_word' id='word_1_30' title='bbox 1127 662 1181 711; x_wconf 91' lang='lat' dir='ltr'><strong>et</strong></span> <span class='ocrx_word' id='word_1_31' title='bbox 1197 656 1522 726; x_wconf 81' lang='lat' dir='ltr'><strong>peculiares.</strong></span> <span class='ocrx_word' id='word_1_32' title='bbox 1535 656 1677 712; x_wconf 87' lang='lat' dir='ltr'><strong>Istas</strong></span> <span class='ocrx_word' id='word_1_33' title='bbox 1696 657 1861 728; x_wconf 89' lang='lat' dir='ltr'><strong>igitur</strong></span> <span class='ocrx_word' id='word_1_34' title='bbox 1874 658 2078 714; x_wconf 86' lang='lat' dir='ltr'><strong>univer-</strong></span> 
     </span>
    </p>
   </div>
   <div class='ocr_carea' id='block_1_4' title="bbox 2138 653 3707 730">
    <p class='ocr_par' dir='ltr' id='par_1_4' title="bbox 2199 653 3707 725">
     <span class='ocr_line' id='line_1_4' title="bbox 2199 653 3707 725; baseline -0.005 -12"><span class='ocrx_word' id='word_1_35' title='bbox 2199 657 2289 713; x_wconf 90' lang='lat' dir='ltr'><strong>Sic</strong></span> <span class='ocrx_word' id='word_1_36' title='bbox 2324 657 2514 713; x_wconf 81' lang='lat' dir='ltr'><strong>Matth.</strong></span> <span class='ocrx_word' id='word_1_37' title='bbox 2560 673 2617 720; x_wconf 87' lang='lat' dir='ltr'><strong>v,</strong></span> <span class='ocrx_word' id='word_1_38' title='bbox 2649 656 2743 720; x_wconf 73' lang='lat'><strong>27,</strong></span> <span class='ocrx_word' id='word_1_39' title='bbox 2790 656 2858 710; x_wconf 91' lang='lat' dir='ltr'><strong>ad</strong></span> <span class='ocrx_word' id='word_1_40' title='bbox 2903 657 3030 718; x_wconf 86' lang='lat' dir='ltr'><strong>ista,</strong></span> <span class='ocrx_word' id='word_1_41' title='bbox 3079 653 3395 714; x_wconf 84' lang='grc' dir='ltr'>Ἠκούσατε,</span> <span class='ocrx_word' id='word_1_42' title='bbox 3432 653 3511 705; x_wconf 83' lang='grc' dir='ltr'>ὅτι</span> <span class='ocrx_word' id='word_1_43' title='bbox 3547 656 3707 725; x_wconf 80' lang='grc' dir='ltr'>ἐρρέθη</span> 
     </span>
    </p>
   </div>
   <div class='ocr_carea' id='block_1_5' title="bbox 510 745 2079 822">
    <p class='ocr_par' dir='ltr' id='par_1_5' title="bbox 510 748 2079 820">
     <span class='ocr_line' id='line_1_5' title="bbox 510 748 2079 820; baseline -0.001 -14"><span class='ocrx_word' id='word_1_44' title='bbox 510 767 602 807; x_wconf 83' lang='lat' dir='ltr'><strong>sas</strong></span> <span class='ocrx_word' id='word_1_45' title='bbox 621 750 838 806; x_wconf 77' lang='lat' dir='ltr'><strong>reduxit</strong></span> <span class='ocrx_word' id='word_1_46' title='bbox 876 749 942 802; x_wconf 89' lang='lat' dir='ltr'><strong>ad</strong></span> <span class='ocrx_word' id='word_1_47' title='bbox 973 748 1160 802; x_wconf 89' lang='lat' dir='ltr'><strong>decem</strong></span> <span class='ocrx_word' id='word_1_48' title='bbox 1197 748 1759 820; x_wconf 82' lang='lat' dir='ltr'><strong>tabulaszpericopas</strong></span> <span class='ocrx_word' id='word_1_49' title='bbox 1784 750 1996 805; x_wconf 77' lang='lat' dir='ltr'><strong>scilicet</strong></span> <span class='ocrx_word' id='word_1_50' title='bbox 2036 750 2079 804; x_wconf 78' lang='lat' dir='ltr'><strong>in</strong></span> 
     </span>
    </p>
   </div>
   <div class='ocr_carea' id='block_1_6' title="bbox 2136 745 3705 822">
    <p class='ocr_par' dir='ltr' id='par_1_6' title="bbox 2192 745 3705 822">
     <span class='ocr_line' id='line_1_6' title="bbox 2192 745 3705 822; baseline -0.002 -18"><span class='ocrx_word' id='word_1_51' title='bbox 2192 755 2304 815; x_wconf 81' lang='grc' dir='ltr'>τοῖς</span> <span class='ocrx_word' id='word_1_52' title='bbox 2337 750 2605 822; x_wconf 79' lang='grc' dir='ltr'>ἀρχαίοις,</span> <span class='ocrx_word' id='word_1_53' title='bbox 2661 749 2736 803; x_wconf 87' lang='grc' dir='ltr'><strong>Οὐ</strong></span> <span class='ocrx_word' id='word_1_54' title='bbox 2763 746 3088 820; x_wconf 80' lang='grc' dir='ltr'><strong>μοιχεύσεις,</strong></span> <span class='ocrx_word' id='word_1_55' title='bbox 3143 753 3386 800; x_wconf 87' lang='lat' dir='ltr'><strong>notatum</strong></span> <span class='ocrx_word' id='word_1_56' title='bbox 3422 745 3641 801; x_wconf 80' lang='lat' dir='ltr'><strong>videmus</strong></span> <span class='ocrx_word' id='word_1_57' title='bbox 3658 748 3705 801; x_wconf 81' lang='lat' dir='ltr'><strong>ad</strong></span> 
     </span>
    </p>
   </div>
   <div class='ocr_carea' id='block_1_7' title="bbox 507 836 3711 914">
    <p class='ocr_par' dir='ltr' id='par_1_7' title="bbox 507 836 3711 914">
     <span class='ocr_line' id='line_1_7' title="bbox 507 836 3711 914; baseline -0.002 -17"><span class='ocrx_word' id='word_1_58' title='bbox 507 843 709 914; x_wconf 84' lang='lat' dir='ltr'><strong>quibus</strong></span> <span class='ocrx_word' id='word_1_59' title='bbox 728 849 963 912; x_wconf 89' lang='lat' dir='ltr'><strong>quatuor</strong></span> <span class='ocrx_word' id='word_1_60' title='bbox 993 839 1340 910; x_wconf 63' lang='lat' dir='ltr'><strong>evangelista:</strong></span> <span class='ocrx_word' id='word_1_61' title='bbox 1367 841 1722 905; x_wconf 86' lang='lat' dir='ltr'><strong>concordant,</strong></span> <span class='ocrx_word' id='word_1_62' title='bbox 1757 839 1824 893; x_wconf 89' lang='lat' dir='ltr'><strong>ad</strong></span> <span class='ocrx_word' id='word_1_63' title='bbox 1849 840 2091 895; x_wconf 87' lang='lat' dir='ltr'><strong>tabulam</strong></span> <span class='ocrx_word' id='word_1_64' title='bbox 2193 860 2344 901; x_wconf 88' lang='lat' dir='ltr'><strong>oram</strong></span> <span class='ocrx_word' id='word_1_65' title='bbox 2400 843 2610 899; x_wconf 80' lang='lat' dir='ltr'><strong>codicis</strong></span> <span class='ocrx_word' id='word_1_66' title='bbox 2669 841 2768 906; x_wconf 74' lang='grc' dir='ltr'>λζ’,</span> <span class='ocrx_word' id='word_1_67' title='bbox 2820 855 2944 896; x_wconf 90' lang='lat' dir='ltr'><strong>cum</strong></span> <span class='ocrx_word' id='word_1_68' title='bbox 2987 857 3003 892; x_wconf 88' lang='lat' dir='ltr'><strong>t</strong></span> <span class='ocrx_word' id='word_1_69' title='bbox 3056 837 3290 903; x_wconf 75' lang='lat' dir='ltr'><strong>suﬂixo;</strong></span> <span class='ocrx_word' id='word_1_70' title='bbox 3334 836 3475 907; x_wconf 91' lang='lat' dir='ltr'><strong>quod</strong></span> <span class='ocrx_word' id='word_1_71' title='bbox 3514 839 3711 892; x_wconf 84' lang='lat' dir='ltr'><strong>ostendit</strong></span> 
     </span>
    </p>
   </div>
   <div class='ocr_carea' id='block_1_8' title="bbox 509 928 3710 1008">
    <p class='ocr_par' dir='ltr' id='par_1_8' title="bbox 509 928 3710 1008">
     <span class='ocr_line' id='line_1_8' title="bbox 509 928 3710 1008; baseline -0.002 -20"><span class='ocrx_word' id='word_1_72' title='bbox 509 931 1241 1006; x_wconf 77' lang='lat' dir='ltr'><strong>primam;inquibusHat.</strong></span> <span class='ocrx_word' id='word_1_73' title='bbox 1280 931 1422 986; x_wconf 82' lang='lat' dir='ltr'><strong>Mar.</strong></span> <span class='ocrx_word' id='word_1_74' title='bbox 1444 931 1570 987; x_wconf 86' lang='lat' dir='ltr'><strong>Luc.</strong></span> <span class='ocrx_word' id='word_1_75' title='bbox 1591 930 2090 999; x_wconf 89' lang='lat' dir='ltr'><strong>adsecundam;in</strong></span> <span class='ocrx_word' id='word_1_76' title='bbox 2198 937 2486 1008; x_wconf 82' lang='lat' dir='ltr'><strong>pericopen</strong></span> <span class='ocrx_word' id='word_1_77' title='bbox 2555 937 2716 990; x_wconf 85' lang='lat' dir='ltr'><strong>istam</strong></span> <span class='ocrx_word' id='word_1_78' title='bbox 2774 933 2840 989; x_wconf 86' lang='lat' dir='ltr'><strong>ad</strong></span> <span class='ocrx_word' id='word_1_79' title='bbox 2890 931 3132 988; x_wconf 86' lang='lat' dir='ltr'><strong>tabulam</strong></span> <span class='ocrx_word' id='word_1_80' title='bbox 3189 929 3456 985; x_wconf 83' lang='lat' dir='ltr'><strong>decimam</strong></span> <span class='ocrx_word' id='word_1_81' title='bbox 3512 928 3710 991; x_wconf 81' lang='lat' dir='ltr'><strong>referri,</strong></span> 
     </span>
    </p>
   </div>
   <div class='ocr_carea' id='block_1_9' title="bbox 508 1022 3712 1099">
    <p class='ocr_par' dir='ltr' id='par_1_9' title="bbox 508 1022 3712 1099">
     <span class='ocr_line' id='line_1_9' title="bbox 508 1022 3712 1099; baseline -0.001 -20"><span class='ocrx_word' id='word_1_82' title='bbox 508 1026 708 1096; x_wconf 84' lang='lat' dir='ltr'><strong>quibus</strong></span> <span class='ocrx_word' id='word_1_83' title='bbox 731 1024 923 1078; x_wconf 77' lang='lat' dir='ltr'><strong>Matth.</strong></span> <span class='ocrx_word' id='word_1_84' title='bbox 946 1024 1078 1078; x_wconf 85' lang='lat' dir='ltr'><strong>Luc.</strong></span> <span class='ocrx_word' id='word_1_85' title='bbox 1100 1023 1262 1078; x_wconf 84' lang='lat' dir='ltr'><strong>Joan.</strong></span> <span class='ocrx_word' id='word_1_86' title='bbox 1289 1025 1352 1079; x_wconf 89' lang='lat' dir='ltr'><strong>ad</strong></span> <span class='ocrx_word' id='word_1_87' title='bbox 1374 1024 1621 1089; x_wconf 86' lang='lat' dir='ltr'><strong>tertiam;</strong></span> <span class='ocrx_word' id='word_1_88' title='bbox 1650 1025 1704 1078; x_wconf 92' lang='lat' dir='ltr'><strong>in</strong></span> <span class='ocrx_word' id='word_1_89' title='bbox 1735 1023 1935 1094; x_wconf 90' lang='lat' dir='ltr'><strong>quibus</strong></span> <span class='ocrx_word' id='word_1_90' title='bbox 1950 1022 2086 1080; x_wconf 81' lang='lat' dir='ltr'><strong>Mat.</strong></span> <span class='ocrx_word' id='word_1_91' title='bbox 2193 1029 2423 1099; x_wconf 89' lang='lat' dir='ltr'><strong>ideoque</strong></span> <span class='ocrx_word' id='word_1_92' title='bbox 2462 1027 2737 1098; x_wconf 87' lang='lat' dir='ltr'><strong>peculiare</strong></span> <span class='ocrx_word' id='word_1_93' title='bbox 2769 1023 3045 1096; x_wconf 78' lang='lat' dir='ltr'><strong>quoddam</strong></span> <span class='ocrx_word' id='word_1_94' title='bbox 3093 1029 3469 1091; x_wconf 78' lang='lat' dir='ltr'><strong>argumentum</strong></span> <span class='ocrx_word' id='word_1_95' title='bbox 3497 1028 3712 1085; x_wconf 75' lang='lat' dir='ltr'><strong>tractare,</strong></span> 
     </span>
    </p>
   </div>
   <div class='ocr_carea' id='block_1_10' title="bbox 512 1113 3712 1192">
    <p class='ocr_par' dir='ltr' id='par_1_10' title="bbox 512 1113 3712 1192">
     <span class='ocr_line' id='line_1_10' title="bbox 512 1113 3712 1192; baseline -0.002 -20"><span class='ocrx_word' id='word_1_96' title='bbox 512 1117 653 1173; x_wconf 78' lang='lat' dir='ltr'><strong>Mar.</strong></span> <span class='ocrx_word' id='word_1_97' title='bbox 671 1115 834 1173; x_wconf 81' lang='lat' dir='ltr'><strong>Joan.</strong></span> <span class='ocrx_word' id='word_1_98' title='bbox 856 1117 922 1171; x_wconf 90' lang='lat' dir='ltr'><strong>ad</strong></span> <span class='ocrx_word' id='word_1_99' title='bbox 944 1126 1194 1187; x_wconf 87' lang='lat' dir='ltr'><strong>quartam</strong></span> <span class='ocrx_word' id='word_1_100' title='bbox 1218 1118 1303 1183; x_wconf 82' lang='lat' dir='ltr'><strong>;in</strong></span> <span class='ocrx_word' id='word_1_101' title='bbox 1322 1116 1524 1187; x_wconf 90' lang='lat' dir='ltr'><strong>quibus</strong></span> <span class='ocrx_word' id='word_1_102' title='bbox 1543 1115 1680 1172; x_wconf 82' lang='lat' dir='ltr'><strong>Mat.</strong></span> <span class='ocrx_word' id='word_1_103' title='bbox 1698 1115 1826 1169; x_wconf 84' lang='lat' dir='ltr'><strong>Luc.</strong></span> <span class='ocrx_word' id='word_1_104' title='bbox 1843 1115 1910 1169; x_wconf 88' lang='lat' dir='ltr'><strong>ad</strong></span> <span class='ocrx_word' id='word_1_105' title='bbox 1932 1117 2092 1186; x_wconf 88' lang='lat' dir='ltr'><strong>quin-</strong></span> <span class='ocrx_word' id='word_1_106' title='bbox 2193 1122 2404 1176; x_wconf 61' lang='lat' dir='ltr'><strong>exteris</strong></span> <span class='ocrx_word' id='word_1_107' title='bbox 2438 1120 2796 1192; x_wconf 86' lang='lat' dir='ltr'><strong>evangelistis</strong></span> <span class='ocrx_word' id='word_1_108' title='bbox 2824 1119 3112 1172; x_wconf 89' lang='lat' dir='ltr'><strong>intactum.</strong></span> <span class='ocrx_word' id='word_1_109' title='bbox 3144 1113 3332 1184; x_wconf 83' lang='lat' dir='ltr'><strong>Neque</strong></span> <span class='ocrx_word' id='word_1_110' title='bbox 3371 1127 3494 1167; x_wconf 80' lang='lat' dir='ltr'><strong>vero</strong></span> <span class='ocrx_word' id='word_1_111' title='bbox 3543 1113 3712 1167; x_wconf 85' lang='lat' dir='ltr'><strong>miran-</strong></span> 
     </span>
    </p>
   </div>
   <div class='ocr_carea' id='block_1_11' title="bbox 508 1206 3712 1284">
    <p class='ocr_par' dir='ltr' id='par_1_11' title="bbox 508 1206 3712 1284">
     <span class='ocr_line' id='line_1_11' title="bbox 508 1206 3712 1284; baseline -0 -22"><span class='ocrx_word' id='word_1_112' title='bbox 508 1208 1090 1280; x_wconf 80' lang='lat' dir='ltr'><strong>tam;inquibusMat.</strong></span> <span class='ocrx_word' id='word_1_113' title='bbox 1125 1207 1351 1264; x_wconf 63' lang='grc' dir='ltr'><strong>Αἶαν.οά</strong></span> <span class='ocrx_word' id='word_1_114' title='bbox 1372 1208 1688 1272; x_wconf 80' lang='lat' dir='ltr'><strong>sextam;in</strong></span> <span class='ocrx_word' id='word_1_115' title='bbox 1730 1207 2087 1278; x_wconf 75' lang='lat' dir='ltr'><strong>quibusMat.</strong></span> <span class='ocrx_word' id='word_1_116' title='bbox 2192 1214 2366 1278; x_wconf 91' lang='lat' dir='ltr'><strong>dum,</strong></span> <span class='ocrx_word' id='word_1_117' title='bbox 2433 1214 2479 1268; x_wconf 90' lang='lat' dir='ltr'><strong>si</strong></span> <span class='ocrx_word' id='word_1_118' title='bbox 2532 1218 2850 1284; x_wconf 86' lang='lat' dir='ltr'><strong>argumenta</strong></span> <span class='ocrx_word' id='word_1_119' title='bbox 2909 1209 3120 1280; x_wconf 88' lang='lat' dir='ltr'><strong>singula</strong></span> <span class='ocrx_word' id='word_1_120' title='bbox 3179 1207 3436 1262; x_wconf 91' lang='lat' dir='ltr'><strong>distincta</strong></span> <span class='ocrx_word' id='word_1_121' title='bbox 3496 1206 3556 1260; x_wconf 87' lang='lat' dir='ltr'><strong>ad</strong></span> <span class='ocrx_word' id='word_1_122' title='bbox 3613 1223 3712 1263; x_wconf 83' lang='lat' dir='ltr'><strong>suas</strong></span> 
     </span>
    </p>
   </div>
   <div class='ocr_carea' id='block_1_12' title="bbox 505 1297 3712 1375">
    <p class='ocr_par' dir='ltr' id='par_1_12' title="bbox 505 1297 3712 1375">
     <span class='ocr_line' id='line_1_12' title="bbox 505 1297 3712 1375; baseline -0.002 -16"><span class='ocrx_word' id='word_1_123' title='bbox 505 1304 751 1359; x_wconf 85' lang='lat' dir='ltr'><strong>Joan.ad</strong></span> <span class='ocrx_word' id='word_1_124' title='bbox 770 1305 1154 1375; x_wconf 83' lang='lat' dir='ltr'><strong>septimam;in</strong></span> <span class='ocrx_word' id='word_1_125' title='bbox 1177 1305 1378 1375; x_wconf 80' lang='lat' dir='ltr'><strong>quibus</strong></span> <span class='ocrx_word' id='word_1_126' title='bbox 1398 1303 1530 1357; x_wconf 88' lang='lat' dir='ltr'><strong>Luc.</strong></span> <span class='ocrx_word' id='word_1_127' title='bbox 1551 1303 1694 1358; x_wconf 80' lang='lat' dir='ltr'><strong>Mar.</strong></span> <span class='ocrx_word' id='word_1_128' title='bbox 1723 1304 1788 1358; x_wconf 89' lang='lat' dir='ltr'><strong>ad</strong></span> <span class='ocrx_word' id='word_1_129' title='bbox 1802 1315 2086 1371; x_wconf 83' lang='lat' dir='ltr'><strong>octavam;</strong></span> <span class='ocrx_word' id='word_1_130' title='bbox 2193 1307 2410 1362; x_wconf 88' lang='lat' dir='ltr'><strong>tabulas</strong></span> <span class='ocrx_word' id='word_1_131' title='bbox 2444 1305 2587 1359; x_wconf 90' lang='lat' dir='ltr'><strong>haud</strong></span> <span class='ocrx_word' id='word_1_132' title='bbox 2633 1303 2903 1374; x_wconf 81' lang='lat' dir='ltr'><strong>redegerit</strong></span> <span class='ocrx_word' id='word_1_133' title='bbox 2934 1301 3221 1356; x_wconf 79' lang='lat' dir='ltr'><strong>Eusebius.</strong></span> <span class='ocrx_word' id='word_1_134' title='bbox 3257 1297 3445 1368; x_wconf 83' lang='lat' dir='ltr'><strong>Neque</strong></span> <span class='ocrx_word' id='word_1_135' title='bbox 3477 1299 3605 1353; x_wconf 86' lang='lat' dir='ltr'><strong>enim</strong></span> <span class='ocrx_word' id='word_1_136' title='bbox 3635 1299 3712 1354; x_wconf 86' lang='lat' dir='ltr'><strong>hoc</strong></span> 
     </span>
    </p>
   </div>
   <div class='ocr_carea' id='block_1_13' title="bbox 506 1390 3712 1468">
    <p class='ocr_par' dir='ltr' id='par_1_13' title="bbox 506 1390 3712 1468">
     <span class='ocr_line' id='line_1_13' title="bbox 506 1390 3712 1468; baseline -0.002 -16"><span class='ocrx_word' id='word_1_137' title='bbox 506 1399 561 1452; x_wconf 91' lang='lat' dir='ltr'><strong>in</strong></span> <span class='ocrx_word' id='word_1_138' title='bbox 590 1397 790 1467; x_wconf 89' lang='lat' dir='ltr'><strong>quibus</strong></span> <span class='ocrx_word' id='word_1_139' title='bbox 820 1395 950 1450; x_wconf 90' lang='lat' dir='ltr'><strong>Luc.</strong></span> <span class='ocrx_word' id='word_1_140' title='bbox 976 1395 1139 1452; x_wconf 81' lang='lat' dir='ltr'><strong>Joan.</strong></span> <span class='ocrx_word' id='word_1_141' title='bbox 1177 1397 1242 1451; x_wconf 87' lang='lat' dir='ltr'><strong>ad</strong></span> <span class='ocrx_word' id='word_1_142' title='bbox 1275 1412 1507 1450; x_wconf 89' lang='lat' dir='ltr'><strong>nonam:</strong></span> <span class='ocrx_word' id='word_1_143' title='bbox 1545 1397 1784 1466; x_wconf 88' lang='lat' dir='ltr'><strong>reliquas</strong></span> <span class='ocrx_word' id='word_1_144' title='bbox 1805 1412 2091 1467; x_wconf 74' lang='lat' dir='ltr'><strong>vero,quae</strong></span> <span class='ocrx_word' id='word_1_145' title='bbox 2193 1399 2312 1454; x_wconf 88' lang='lat' dir='ltr'><strong>sine</strong></span> <span class='ocrx_word' id='word_1_146' title='bbox 2369 1397 2604 1468; x_wconf 91' lang='lat' dir='ltr'><strong>plurium</strong></span> <span class='ocrx_word' id='word_1_147' title='bbox 2666 1396 2732 1450; x_wconf 89' lang='lat' dir='ltr'><strong>ad</strong></span> <span class='ocrx_word' id='word_1_148' title='bbox 2788 1395 3081 1465; x_wconf 90' lang='lat' dir='ltr'><strong>marginem</strong></span> <span class='ocrx_word' id='word_1_149' title='bbox 3130 1393 3436 1447; x_wconf 87' lang='lat' dir='ltr'><strong>sectionum</strong></span> <span class='ocrx_word' id='word_1_150' title='bbox 3487 1390 3712 1446; x_wconf 79' lang='lat' dir='ltr'><strong>additione</strong></span> 
     </span>
    </p>
   </div>
   <div class='ocr_carea' id='block_1_14' title="bbox 507 1481 3712 1560">
    <p class='ocr_par' dir='ltr' id='par_1_14' title="bbox 507 1481 3712 1560">
     <span class='ocr_line' id='line_1_14' title="bbox 507 1481 3712 1560; baseline -0.002 -20"><span class='ocrx_word' id='word_1_151' title='bbox 507 1488 707 1558; x_wconf 81' lang='lat' dir='ltr'><strong>cuique</strong></span> <span class='ocrx_word' id='word_1_152' title='bbox 731 1490 1075 1560; x_wconf 63' lang='lat' dir='ltr'><strong>evangelista:</strong></span> <span class='ocrx_word' id='word_1_153' title='bbox 1107 1495 1236 1543; x_wconf 90' lang='lat' dir='ltr'><strong>sunt</strong></span> <span class='ocrx_word' id='word_1_154' title='bbox 1267 1487 1589 1556; x_wconf 86' lang='lat' dir='ltr'><strong>peculiares,</strong></span> <span class='ocrx_word' id='word_1_155' title='bbox 1622 1485 1686 1540; x_wconf 91' lang='lat' dir='ltr'><strong>ad</strong></span> <span class='ocrx_word' id='word_1_156' title='bbox 1715 1485 2005 1541; x_wconf 88' lang='lat' dir='ltr'><strong>decimam.</strong></span> <span class='ocrx_word' id='word_1_157' title='bbox 2195 1487 2442 1560; x_wconf 71' lang='lat' dir='ltr'><strong>prtestari</strong></span> <span class='ocrx_word' id='word_1_158' title='bbox 2477 1494 2709 1558; x_wconf 88' lang='lat' dir='ltr'><strong>poterat.</strong></span> <span class='ocrx_word' id='word_1_159' title='bbox 2740 1483 2873 1539; x_wconf 90' lang='lat' dir='ltr'><strong>Illud</strong></span> <span class='ocrx_word' id='word_1_160' title='bbox 2914 1485 3014 1554; x_wconf 92' lang='lat' dir='ltr'><strong>ipsi</strong></span> <span class='ocrx_word' id='word_1_161' title='bbox 3046 1483 3258 1544; x_wconf 92' lang='lat' dir='ltr'><strong>datum,</strong></span> <span class='ocrx_word' id='word_1_162' title='bbox 3305 1490 3367 1534; x_wconf 92' lang='lat' dir='ltr'><strong>ut</strong></span> <span class='ocrx_word' id='word_1_163' title='bbox 3389 1481 3712 1537; x_wconf 85' lang='lat' dir='ltr'><strong>Ammonianis</strong></span> 
     </span>
    </p>
   </div>
   <div class='ocr_carea' id='block_1_15' title="bbox 581 1574 3711 1649">
    <p class='ocr_par' dir='ltr' id='par_1_15' title="bbox 581 1574 3711 1649">
     <span class='ocr_line' id='line_1_15' title="bbox 581 1574 3711 1649; baseline -0.001 -19"><span class='ocrx_word' id='word_1_164' title='bbox 581 1577 814 1648; x_wconf 86' lang='lat' dir='ltr'><strong>Digestis</strong></span> <span class='ocrx_word' id='word_1_165' title='bbox 865 1579 968 1634; x_wconf 89' lang='lat' dir='ltr'><strong>hoc</strong></span> <span class='ocrx_word' id='word_1_166' title='bbox 1001 1578 1168 1632; x_wconf 90' lang='lat' dir='ltr'><strong>modo</strong></span> <span class='ocrx_word' id='word_1_167' title='bbox 1223 1579 1278 1632; x_wconf 93' lang='lat' dir='ltr'><strong>in</strong></span> <span class='ocrx_word' id='word_1_168' title='bbox 1327 1580 1514 1632; x_wconf 86' lang='lat' dir='ltr'><strong>decem</strong></span> <span class='ocrx_word' id='word_1_169' title='bbox 1568 1577 1788 1632; x_wconf 90' lang='lat' dir='ltr'><strong>tabulas</strong></span> <span class='ocrx_word' id='word_1_170' title='bbox 1840 1577 2086 1635; x_wconf 88' lang='lat' dir='ltr'><strong>numeris</strong></span> <span class='ocrx_word' id='word_1_171' title='bbox 2191 1580 2456 1645; x_wconf 88' lang='lat' dir='ltr'><strong>numeris,</strong></span> <span class='ocrx_word' id='word_1_172' title='bbox 2507 1578 2698 1649; x_wconf 88' lang='lat' dir='ltr'><strong>quales</strong></span> <span class='ocrx_word' id='word_1_173' title='bbox 2748 1577 2950 1648; x_wconf 88' lang='lat' dir='ltr'><strong>adpicti</strong></span> <span class='ocrx_word' id='word_1_174' title='bbox 2983 1575 3195 1630; x_wconf 81' lang='lat' dir='ltr'><strong>fuerant</strong></span> <span class='ocrx_word' id='word_1_175' title='bbox 3247 1574 3313 1627; x_wconf 92' lang='lat' dir='ltr'><strong>ad</strong></span> <span class='ocrx_word' id='word_1_176' title='bbox 3364 1589 3510 1626; x_wconf 87' lang='lat' dir='ltr'><strong>oram</strong></span> <span class='ocrx_word' id='word_1_177' title='bbox 3548 1574 3711 1628; x_wconf 85' lang='lat' dir='ltr'><strong>codicis</strong></span> 
     </span>
    </p>
   </div>
   <div class='ocr_carea' id='block_1_16' title="bbox 503 1665 3711 1743">
    <p class='ocr_par' dir='ltr' id='par_1_16' title="bbox 503 1665 3711 1743">
     <span class='ocr_line' id='line_1_16' title="bbox 503 1665 3711 1743; baseline -0.002 -17"><span class='ocrx_word' id='word_1_178' title='bbox 503 1673 905 1735; x_wconf 83' lang='lat' dir='ltr'><strong>Ammonianis,</strong></span> <span class='ocrx_word' id='word_1_179' title='bbox 938 1687 1060 1726; x_wconf 78' lang='lat' dir='ltr'><strong>mox</strong></span> <span class='ocrx_word' id='word_1_180' title='bbox 1090 1672 1282 1727; x_wconf 88' lang='lat' dir='ltr'><strong>iisdem</strong></span> <span class='ocrx_word' id='word_1_181' title='bbox 1323 1670 1526 1726; x_wconf 64' lang='lat' dir='ltr'><strong>sumsit</strong></span> <span class='ocrx_word' id='word_1_182' title='bbox 1556 1671 1612 1724; x_wconf 90' lang='lat' dir='ltr'><strong>in</strong></span> <span class='ocrx_word' id='word_1_183' title='bbox 1641 1671 1886 1741; x_wconf 86' lang='lat' dir='ltr'><strong>margine</strong></span> <span class='ocrx_word' id='word_1_184' title='bbox 1907 1670 2086 1726; x_wconf 84' lang='lat' dir='ltr'><strong>Evan-</strong></span> <span class='ocrx_word' id='word_1_185' title='bbox 2189 1675 2330 1743; x_wconf 86' lang='lat' dir='ltr'><strong>ejus,</strong></span> <span class='ocrx_word' id='word_1_186' title='bbox 2388 1672 2670 1741; x_wconf 88' lang='lat' dir='ltr'><strong>adaplaret</strong></span> <span class='ocrx_word' id='word_1_187' title='bbox 2715 1686 2845 1726; x_wconf 85' lang='lat' dir='ltr'><strong>suos</strong></span> <span class='ocrx_word' id='word_1_188' title='bbox 2891 1669 3172 1735; x_wconf 89' lang='lat' dir='ltr'><strong>Canones;</strong></span> <span class='ocrx_word' id='word_1_189' title='bbox 3209 1668 3317 1721; x_wconf 81' lang='lat' dir='ltr'><strong>hoc.</strong></span> <span class='ocrx_word' id='word_1_190' title='bbox 3365 1675 3466 1730; x_wconf 88' lang='lat' dir='ltr'><strong>est,</strong></span> <span class='ocrx_word' id='word_1_191' title='bbox 3510 1665 3562 1726; x_wconf 83' lang='lat' dir='ltr'><strong>in</strong></span> <span class='ocrx_word' id='word_1_192' title='bbox 3598 1667 3711 1736; x_wconf 87' lang='lat' dir='ltr'><strong>ipsos</strong></span> 
     </span>
    </p>
   </div>
   <div class='ocr_carea' id='block_1_17' title="bbox 504 1759 3705 1840">
    <p class='ocr_par' dir='ltr' id='par_1_17' title="bbox 504 1759 3705 1840">
     <span class='ocr_line' id='line_1_17' title="bbox 504 1759 3705 1840; baseline -0.006 -21"><span class='ocrx_word' id='word_1_193' title='bbox 504 1764 770 1836; x_wconf 82' lang='lat' dir='ltr'><strong>geliorum</strong></span> <span class='ocrx_word' id='word_1_194' title='bbox 800 1780 961 1817; x_wconf 82' lang='lat' dir='ltr'><strong>unam</strong></span> <span class='ocrx_word' id='word_1_195' title='bbox 996 1763 1232 1833; x_wconf 84' lang='lat' dir='ltr'><strong>aliquam</strong></span> <span class='ocrx_word' id='word_1_196' title='bbox 1269 1779 1299 1818; x_wconf 90' lang='lat' dir='ltr'><strong>e</strong></span> <span class='ocrx_word' id='word_1_197' title='bbox 1327 1763 1519 1833; x_wconf 88' lang='lat' dir='ltr'><strong>primis</strong></span> <span class='ocrx_word' id='word_1_198' title='bbox 1558 1761 1754 1816; x_wconf 87' lang='lat' dir='ltr'><strong>litteris</strong></span> <span class='ocrx_word' id='word_1_199' title='bbox 1789 1762 2084 1833; x_wconf 87' lang='lat' dir='ltr'><strong>alphabeti,</strong></span> <span class='ocrx_word' id='word_1_200' title='bbox 2190 1769 2462 1840; x_wconf 70' lang='lat' dir='ltr'><strong>digereret</strong></span> <span class='ocrx_word' id='word_1_201' title='bbox 2488 1767 2702 1838; x_wconf 73' lang='lat' dir='ltr'><strong>singula</strong></span> <span class='ocrx_word' id='word_1_202' title='bbox 2735 1772 3076 1838; x_wconf 57' lang='lat' dir='ltr'><strong>argumenta,</strong></span> <span class='ocrx_word' id='word_1_203' title='bbox 3112 1777 3234 1834; x_wconf 63' lang='lat' dir='ltr'><strong>qua;</strong></span> <span class='ocrx_word' id='word_1_204' title='bbox 3271 1762 3419 1816; x_wconf 72' lang='lat' dir='ltr'><strong>mus</strong></span> <span class='ocrx_word' id='word_1_205' title='bbox 3450 1759 3705 1814; x_wconf 61' lang='lat' dir='ltr'><strong>Ammonia.</strong></span> 
     </span>
    </p>
   </div>
   <div class='ocr_carea' id='block_1_18' title="bbox 505 1851 3710 1928">
    <p class='ocr_par' dir='ltr' id='par_1_18' title="bbox 505 1851 3710 1928">
     <span class='ocr_line' id='line_1_18' title="bbox 505 1851 3710 1928; baseline -0.004 -11"><span class='ocrx_word' id='word_1_206' title='bbox 505 1872 626 1926; x_wconf 62' lang='lat' dir='ltr'><strong>quae</strong></span> <span class='ocrx_word' id='word_1_207' title='bbox 671 1856 1006 1926; x_wconf 72' lang='lat' dir='ltr'><strong>signiﬁcaret</strong></span> <span class='ocrx_word' id='word_1_208' title='bbox 1038 1856 1301 1918; x_wconf 70' lang='lat' dir='ltr'><strong>tabulam.</strong></span> <span class='ocrx_word' id='word_1_209' title='bbox 1336 1854 1402 1909; x_wconf 82' lang='lat' dir='ltr'><strong>ad</strong></span> <span class='ocrx_word' id='word_1_210' title='bbox 1447 1871 1608 1926; x_wconf 88' lang='lat' dir='ltr'><strong>quam</strong></span> <span class='ocrx_word' id='word_1_211' title='bbox 1660 1871 1924 1911; x_wconf 81' lang='lat' dir='ltr'><strong>numerus</strong></span> <span class='ocrx_word' id='word_1_212' title='bbox 1978 1856 2084 1911; x_wconf 85' lang='lat' dir='ltr'><strong>isle</strong></span> <span class='ocrx_word' id='word_1_213' title='bbox 2192 1863 2279 1916; x_wconf 88' lang='lat' dir='ltr'><strong>nis</strong></span> <span class='ocrx_word' id='word_1_214' title='bbox 2317 1861 2579 1916; x_wconf 90' lang='lat' dir='ltr'><strong>distincta</strong></span> <span class='ocrx_word' id='word_1_215' title='bbox 2609 1859 2830 1928; x_wconf 89' lang='lat' dir='ltr'><strong>reperit,</strong></span> <span class='ocrx_word' id='word_1_216' title='bbox 2874 1873 2984 1913; x_wconf 92' lang='lat' dir='ltr'><strong>non</strong></span> <span class='ocrx_word' id='word_1_217' title='bbox 3034 1855 3163 1913; x_wconf 91' lang='lat' dir='ltr'><strong>item</strong></span> <span class='ocrx_word' id='word_1_218' title='bbox 3200 1865 3263 1910; x_wconf 93' lang='lat' dir='ltr'><strong>ut</strong></span> <span class='ocrx_word' id='word_1_219' title='bbox 3309 1855 3443 1908; x_wconf 87' lang='lat' dir='ltr'><strong>alias</strong></span> <span class='ocrx_word' id='word_1_220' title='bbox 3470 1862 3612 1908; x_wconf 88' lang='lat' dir='ltr'><strong>notas</strong></span> <span class='ocrx_word' id='word_1_221' title='bbox 3637 1851 3710 1905; x_wconf 84' lang='lat' dir='ltr'><strong>ad-</strong></span> 
     </span>
    </p>
   </div>
   <div class='ocr_carea' id='block_1_19' title="bbox 505 1947 2975 2018">
    <p class='ocr_par' dir='ltr' id='par_1_19' title="bbox 505 1947 2975 2018">
     <span class='ocr_line' id='line_1_19' title="bbox 505 1947 2975 2018; baseline 0.001 -17"><span class='ocrx_word' id='word_1_222' title='bbox 505 1947 647 2004; x_wconf 75' lang='lat' dir='ltr'><strong>foret</strong></span> <span class='ocrx_word' id='word_1_223' title='bbox 676 1949 998 2004; x_wconf 82' lang='lat' dir='ltr'><strong>referendus</strong></span> <span class='ocrx_word' id='word_1_224' title='bbox 1026 1968 1038 2002; x_wconf 89' lang='lat'>:</span> <span class='ocrx_word' id='word_1_225' title='bbox 1066 1966 1100 2001; x_wconf 87' lang='grc' dir='ltr'><strong>α</strong></span> <span class='ocrx_word' id='word_1_226' title='bbox 1136 1948 1347 2004; x_wconf 84' lang='lat' dir='ltr'><strong>scilicet</strong></span> <span class='ocrx_word' id='word_1_227' title='bbox 1375 1949 1607 2018; x_wconf 89' lang='lat' dir='ltr'><strong>primam</strong></span> <span class='ocrx_word' id='word_1_228' title='bbox 1643 1948 1909 2010; x_wconf 88' lang='lat' dir='ltr'><strong>tabulam,</strong></span> <span class='ocrx_word' id='word_1_229' title='bbox 1936 1947 1965 2018; x_wconf 89' lang='grc' dir='ltr'>β</span> <span class='ocrx_word' id='word_1_230' title='bbox 1993 1963 2079 2002; x_wconf 89' lang='lat' dir='ltr'><strong>se-</strong></span> <span class='ocrx_word' id='word_1_231' title='bbox 2113 1963 2155 2018; x_wconf 76' lang='grc' dir='ltr'><strong>Β</strong></span> <span class='ocrx_word' id='word_1_232' title='bbox 2183 1955 2357 2010; x_wconf 80' lang='lat' dir='ltr'><strong>deret.</strong></span> <span class='ocrx_word' id='word_1_233' title='bbox 2397 1975 2414 2006; x_wconf 74' lang='grc' dir='ltr'>ι</span> <span class='ocrx_word' id='word_1_234' title='bbox 2451 1953 2727 2009; x_wconf 83' lang='lat' dir='ltr'><strong>Hactenus</strong></span> <span class='ocrx_word' id='word_1_235' title='bbox 2754 1953 2975 2007; x_wconf 83' lang='lat' dir='ltr'><strong>Millius.</strong></span> 
     </span>
    </p>
   </div>
   <div class='ocr_carea' id='block_1_20' title="bbox 502 2039 3710 2118">
    <p class='ocr_par' dir='ltr' id='par_1_20' title="bbox 502 2039 3710 2118">
     <span class='ocr_line' id='line_1_20' title="bbox 502 2039 3710 2118; baseline 0.001 -25"><span class='ocrx_word' id='word_1_236' title='bbox 502 2039 762 2104; x_wconf 83' lang='lat' dir='ltr'><strong>condam,</strong></span> <span class='ocrx_word' id='word_1_237' title='bbox 797 2057 831 2108; x_wconf 87' lang='grc' dir='ltr'><strong>γ</strong></span> <span class='ocrx_word' id='word_1_238' title='bbox 873 2041 1110 2100; x_wconf 87' lang='lat' dir='ltr'><strong>tertiam.</strong></span> <span class='ocrx_word' id='word_1_239' title='bbox 1162 2049 1216 2096; x_wconf 88' lang='lat' dir='ltr'><strong>et</strong></span> <span class='ocrx_word' id='word_1_240' title='bbox 1269 2041 1350 2097; x_wconf 90' lang='lat' dir='ltr'><strong>sic</strong></span> <span class='ocrx_word' id='word_1_241' title='bbox 1393 2041 1668 2112; x_wconf 87' lang='lat' dir='ltr'><strong>deinceps.</strong></span> <span class='ocrx_word' id='word_1_242' title='bbox 1708 2040 1820 2096; x_wconf 86' lang='lat' dir='ltr'><strong>Hoc</strong></span> <span class='ocrx_word' id='word_1_243' title='bbox 1857 2040 2080 2112; x_wconf 89' lang='lat' dir='ltr'><strong>quidem</strong></span> <span class='ocrx_word' id='word_1_244' title='bbox 2255 2049 2523 2105; x_wconf 52' lang='lat' dir='ltr'><strong>Carm-um</strong></span> <span class='ocrx_word' id='word_1_245' title='bbox 2574 2055 2688 2102; x_wconf 84' lang='lat' dir='ltr'><strong>tum</strong></span> <span class='ocrx_word' id='word_1_246' title='bbox 2732 2046 2996 2118; x_wconf 64' lang='lat' dir='ltr'><strong>epistolae,</strong></span> <span class='ocrx_word' id='word_1_247' title='bbox 3044 2054 3157 2098; x_wconf 89' lang='lat' dir='ltr'><strong>tum</strong></span> <span class='ocrx_word' id='word_1_248' title='bbox 3209 2042 3496 2098; x_wconf 89' lang='lat' dir='ltr'><strong>Canonum</strong></span> <span class='ocrx_word' id='word_1_249' title='bbox 3545 2049 3710 2094; x_wconf 80' lang='lat' dir='ltr'><strong>textum</strong></span> 
     </span>
    </p>
   </div>
   <div class='ocr_carea' id='block_1_21' title="bbox 502 2129 3709 2208">
    <p class='ocr_par' dir='ltr' id='par_1_21' title="bbox 502 2129 3709 2208">
     <span class='ocr_line' id='line_1_21' title="bbox 502 2129 3709 2208; baseline 0.002 -30"><span class='ocrx_word' id='word_1_250' title='bbox 502 2139 662 2198; x_wconf 84' lang='lat' dir='ltr'><strong>pacto</strong></span> <span class='ocrx_word' id='word_1_251' title='bbox 702 2131 883 2183; x_wconf 87' lang='lat' dir='ltr'><strong>statim</strong></span> <span class='ocrx_word' id='word_1_252' title='bbox 935 2129 1003 2184; x_wconf 92' lang='lat' dir='ltr'><strong>ad</strong></span> <span class='ocrx_word' id='word_1_253' title='bbox 1036 2131 1254 2185; x_wconf 92' lang='lat' dir='ltr'><strong>oculum</strong></span> <span class='ocrx_word' id='word_1_254' title='bbox 1305 2133 1735 2202; x_wconf 63' lang='lat' dir='ltr'><strong>repraesentavit,</strong></span> <span class='ocrx_word' id='word_1_255' title='bbox 1789 2132 1843 2184; x_wconf 91' lang='lat' dir='ltr'><strong>in</strong></span> <span class='ocrx_word' id='word_1_256' title='bbox 1879 2131 2081 2200; x_wconf 87' lang='lat' dir='ltr'><strong>quibus</strong></span> <span class='ocrx_word' id='word_1_257' title='bbox 2183 2141 2574 2204; x_wconf 64' lang='lat' dir='ltr'><strong>Eusebianum,</strong></span> <span class='ocrx_word' id='word_1_258' title='bbox 2626 2155 2690 2193; x_wconf 75' lang='lat' dir='ltr'><strong>ex</strong></span> <span class='ocrx_word' id='word_1_259' title='bbox 2725 2138 2986 2208; x_wconf 55' lang='lat' dir='ltr'><strong>praclara</strong></span> <span class='ocrx_word' id='word_1_260' title='bbox 3030 2135 3279 2206; x_wconf 86' lang='lat' dir='ltr'><strong>ejusdem</strong></span> <span class='ocrx_word' id='word_1_261' title='bbox 3328 2133 3476 2187; x_wconf 85' lang='lat' dir='ltr'><strong>Millii</strong></span> <span class='ocrx_word' id='word_1_262' title='bbox 3517 2133 3709 2188; x_wconf 84' lang='lat' dir='ltr'><strong>editione</strong></span> 
     </span>
    </p>
   </div>
   <div class='ocr_carea' id='block_1_22' title="bbox 502 2218 2071 2298">
    <p class='ocr_par' dir='ltr' id='par_1_22' title="bbox 502 2218 2071 2292">
     <span class='ocr_line' id='line_1_22' title="bbox 502 2218 2071 2292; baseline 0.003 -20"><span class='ocrx_word' id='word_1_263' title='bbox 502 2218 638 2274; x_wconf 87' lang='lat' dir='ltr'><strong>locis</strong></span> <span class='ocrx_word' id='word_1_264' title='bbox 681 2218 808 2284; x_wconf 90' lang='lat' dir='ltr'><strong>duo,</strong></span> <span class='ocrx_word' id='word_1_265' title='bbox 844 2229 976 2284; x_wconf 87' lang='lat' dir='ltr'><strong>tres,</strong></span> <span class='ocrx_word' id='word_1_266' title='bbox 1018 2222 1103 2276; x_wconf 90' lang='lat' dir='ltr'><strong>vel</strong></span> <span class='ocrx_word' id='word_1_267' title='bbox 1156 2232 1390 2292; x_wconf 88' lang='lat' dir='ltr'><strong>quatuor</strong></span> <span class='ocrx_word' id='word_1_268' title='bbox 1439 2223 1786 2292; x_wconf 56' lang='lat' dir='ltr'><strong>evangelista?</strong></span> <span class='ocrx_word' id='word_1_269' title='bbox 1831 2221 1974 2276; x_wconf 90' lang='lat' dir='ltr'><strong>inter</strong></span> <span class='ocrx_word' id='word_1_270' title='bbox 2022 2237 2071 2276; x_wconf 84' lang='lat' dir='ltr'><strong>se</strong></span> 
     </span>
    </p>
   </div>
   <div class='ocr_carea' id='block_1_23' title="bbox 2139 2218 3708 2298">
    <p class='ocr_par' dir='ltr' id='par_1_23' title="bbox 2183 2224 3708 2298">
     <span class='ocr_line' id='line_1_23' title="bbox 2183 2224 3708 2298; baseline -0.006 -12"><span class='ocrx_word' id='word_1_271' title='bbox 2183 2231 2319 2287; x_wconf 87' lang='lat' dir='ltr'><strong>Novi</strong></span> <span class='ocrx_word' id='word_1_272' title='bbox 2347 2229 2680 2286; x_wconf 86' lang='lat' dir='ltr'><strong>Testamenti</strong></span> <span class='ocrx_word' id='word_1_273' title='bbox 2720 2227 2892 2284; x_wconf 70' lang='lat' dir='ltr'><strong>Graeci</strong></span> <span class='ocrx_word' id='word_1_274' title='bbox 2921 2226 3331 2298; x_wconf 89' lang='lat' dir='ltr'><strong>desumpsimus</strong></span> <span class='ocrx_word' id='word_1_275' title='bbox 3355 2225 3430 2297; x_wconf 80' lang='grc' dir='ltr'><strong>(α)</strong></span> <span class='ocrx_word' id='word_1_276' title='bbox 3458 2243 3470 2278; x_wconf 88' lang='lat'><strong>:</strong></span> <span class='ocrx_word' id='word_1_277' title='bbox 3497 2224 3557 2279; x_wconf 91' lang='lat' dir='ltr'><strong>ad</strong></span> <span class='ocrx_word' id='word_1_278' title='bbox 3586 2237 3708 2294; x_wconf 77' lang='lat' dir='ltr'><strong>quem</strong></span> 
     </span>
    </p>
   </div>
   <div class='ocr_carea' id='block_1_24' title="bbox 500 2311 3710 2392">
    <p class='ocr_par' dir='ltr' id='par_1_24' title="bbox 500 2311 3710 2392">
     <span class='ocr_line' id='line_1_24' title="bbox 500 2311 3710 2392; baseline 0.002 -28"><span class='ocrx_word' id='word_1_279' title='bbox 500 2311 934 2379; x_wconf 78' lang='lat' dir='ltr'><strong>concordarent;</strong></span> <span class='ocrx_word' id='word_1_280' title='bbox 995 2314 1077 2369; x_wconf 86' lang='lat' dir='ltr'><strong>vel</strong></span> <span class='ocrx_word' id='word_1_281' title='bbox 1121 2315 1213 2369; x_wconf 89' lang='lat' dir='ltr'><strong>ubi</strong></span> <span class='ocrx_word' id='word_1_282' title='bbox 1274 2315 1519 2384; x_wconf 83' lang='lat' dir='ltr'><strong>ipsorum</strong></span> <span class='ocrx_word' id='word_1_283' title='bbox 1577 2316 1776 2384; x_wconf 91' lang='lat' dir='ltr'><strong>aliquis</strong></span> <span class='ocrx_word' id='word_1_284' title='bbox 1832 2315 2080 2384; x_wconf 66' lang='lat' dir='ltr'><strong>qumdam</strong></span> <span class='ocrx_word' id='word_1_285' title='bbox 2183 2324 2310 2378; x_wconf 77' lang='lat' dir='ltr'><strong>item</strong></span> <span class='ocrx_word' id='word_1_286' title='bbox 2360 2323 2638 2392; x_wconf 75' lang='lat' dir='ltr'><strong>exegimus</strong></span> <span class='ocrx_word' id='word_1_287' title='bbox 2695 2321 3012 2375; x_wconf 86' lang='lat' dir='ltr'><strong>eorumdcm</strong></span> <span class='ocrx_word' id='word_1_288' title='bbox 3073 2318 3363 2374; x_wconf 90' lang='lat' dir='ltr'><strong>Canonum</strong></span> <span class='ocrx_word' id='word_1_289' title='bbox 3416 2316 3710 2375; x_wconf 83' lang='lat' dir='ltr'><strong>versionem.</strong></span> 
     </span>
    </p>
   </div>
   <div class='ocr_carea' id='block_1_25' title="bbox 501 2403 3708 2489">
    <p class='ocr_par' dir='ltr' id='par_1_25' title="bbox 501 2403 3708 2489">
     <span class='ocr_line' id='line_1_25' title="bbox 501 2403 3708 2489; baseline -0.003 -32"><span class='ocrx_word' id='word_1_290' title='bbox 501 2403 746 2467; x_wconf 88' lang='lat' dir='ltr'><strong>haberet,</strong></span> <span class='ocrx_word' id='word_1_291' title='bbox 780 2421 896 2475; x_wconf 70' lang='lat' dir='ltr'><strong>quae</strong></span> <span class='ocrx_word' id='word_1_292' title='bbox 924 2421 1032 2459; x_wconf 90' lang='lat' dir='ltr'><strong>non</strong></span> <span class='ocrx_word' id='word_1_293' title='bbox 1057 2415 1241 2460; x_wconf 88' lang='lat' dir='ltr'><strong>essent</strong></span> <span class='ocrx_word' id='word_1_294' title='bbox 1281 2407 1335 2460; x_wconf 92' lang='lat' dir='ltr'><strong>in</strong></span> <span class='ocrx_word' id='word_1_295' title='bbox 1377 2406 1597 2477; x_wconf 84' lang='lat' dir='ltr'><strong>reliquis</strong></span> <span class='ocrx_word' id='word_1_296' title='bbox 1629 2407 1824 2462; x_wconf 90' lang='lat' dir='ltr'><strong>tribus.</strong></span> <span class='ocrx_word' id='word_1_297' title='bbox 1862 2405 1959 2460; x_wconf 79' lang='lat' dir='ltr'><strong>Ex.</strong></span> <span class='ocrx_word' id='word_1_298' title='bbox 1995 2422 2076 2476; x_wconf 72' lang='lat' dir='ltr'><strong>gr.</strong></span> <span class='ocrx_word' id='word_1_299' title='bbox 2183 2432 2345 2489; x_wconf 78' lang='lat' dir='ltr'><strong>quam</strong></span> <span class='ocrx_word' id='word_1_300' title='bbox 2385 2416 2527 2472; x_wconf 78' lang='lat' dir='ltr'><strong>inter</strong></span> <span class='ocrx_word' id='word_1_301' title='bbox 2576 2415 2634 2471; x_wconf 90' lang='lat' dir='ltr'><strong>S.</strong></span> <span class='ocrx_word' id='word_1_302' title='bbox 2691 2414 3006 2486; x_wconf 83' lang='lat' dir='ltr'><strong>Hieronymi</strong></span> <span class='ocrx_word' id='word_1_303' title='bbox 3048 2427 3213 2483; x_wconf 87' lang='lat' dir='ltr'><strong>opera</strong></span> <span class='ocrx_word' id='word_1_304' title='bbox 3270 2411 3487 2467; x_wconf 78' lang='lat' dir='ltr'><strong>edidere</strong></span> <span class='ocrx_word' id='word_1_305' title='bbox 3526 2408 3708 2462; x_wconf 61' lang='lat' dir='ltr'><strong>Martia.</strong></span> 
     </span>
    </p>
   </div>
   <div class='ocr_carea' id='block_1_26' title="bbox 500 2495 2069 2578">
    <p class='ocr_par' dir='ltr' id='par_1_26' title="bbox 500 2495 2069 2569">
     <span class='ocr_line' id='line_1_26' title="bbox 500 2495 2069 2569; baseline -0.001 -19"><span class='ocrx_word' id='word_1_306' title='bbox 500 2495 694 2550; x_wconf 75' lang='lat' dir='ltr'><strong>Matth.</strong></span> <span class='ocrx_word' id='word_1_307' title='bbox 732 2512 815 2557; x_wconf 90' lang='grc' dir='ltr'>ιιι,</span> <span class='ocrx_word' id='word_1_308' title='bbox 848 2495 935 2560; x_wconf 84' lang='grc'><strong>16,</strong></span> <span class='ocrx_word' id='word_1_309' title='bbox 973 2496 1039 2550; x_wconf 88' lang='lat' dir='ltr'><strong>ad</strong></span> <span class='ocrx_word' id='word_1_310' title='bbox 1081 2498 1266 2561; x_wconf 89' lang='lat' dir='ltr'><strong>verba,</strong></span> <span class='ocrx_word' id='word_1_311' title='bbox 1302 2498 1413 2551; x_wconf 76' lang='lat' dir='ltr'><strong>Kal</strong></span> <span class='ocrx_word' id='word_1_312' title='bbox 1445 2497 1762 2568; x_wconf 77' lang='grc' dir='ltr'><strong>βαπτισθεὶς</strong></span> <span class='ocrx_word' id='word_1_313' title='bbox 1796 2499 1824 2551; x_wconf 86' lang='grc' dir='ltr'>ὁ</span> <span class='ocrx_word' id='word_1_314' title='bbox 1877 2497 2069 2569; x_wconf 78' lang='grc' dir='ltr'>Ἰησοῦς</span> 
     </span>
    </p>
   </div>
   <div class='ocr_carea' id='block_1_27' title="bbox 2138 2495 3707 2578">
    <p class='ocr_par' dir='ltr' id='par_1_27' title="bbox 2184 2500 3707 2578">
     <span class='ocr_line' id='line_1_27' title="bbox 2184 2500 3707 2578; baseline -0.007 -16"><span class='ocrx_word' id='word_1_315' title='bbox 2184 2524 2335 2564; x_wconf 75' lang='lat' dir='ltr'><strong>meus</strong></span> <span class='ocrx_word' id='word_1_316' title='bbox 2358 2509 2431 2578; x_wconf 76' lang='grc' dir='ltr'><strong>(ιι)</strong></span> <span class='ocrx_word' id='word_1_317' title='bbox 2464 2516 2519 2562; x_wconf 94' lang='lat' dir='ltr'><strong>et</strong></span> <span class='ocrx_word' id='word_1_318' title='bbox 2549 2505 2852 2562; x_wconf 86' lang='lat' dir='ltr'><strong>Vallarsius</strong></span> <span class='ocrx_word' id='word_1_319' title='bbox 2877 2507 2948 2577; x_wconf 91' lang='lat' dir='ltr'><strong>(c)</strong></span> <span class='ocrx_word' id='word_1_320' title='bbox 2983 2525 2995 2561; x_wconf 94' lang='lat'>:</span> <span class='ocrx_word' id='word_1_321' title='bbox 3031 2506 3125 2562; x_wconf 90' lang='lat' dir='ltr'><strong>sed</strong></span> <span class='ocrx_word' id='word_1_322' title='bbox 3155 2521 3221 2560; x_wconf 76' lang='lat' dir='ltr'><strong>ex</strong></span> <span class='ocrx_word' id='word_1_323' title='bbox 3254 2505 3538 2559; x_wconf 87' lang='lat' dir='ltr'><strong>collatione</strong></span> <span class='ocrx_word' id='word_1_324' title='bbox 3573 2500 3707 2556; x_wconf 71' lang='lat' dir='ltr'><strong>Graeci</strong></span> 
     </span>
    </p>
   </div>
   <div class='ocr_carea' id='block_1_28' title="bbox 499 2587 2068 2668">
    <p class='ocr_par' dir='ltr' id='par_1_28' title="bbox 499 2587 2068 2661">
     <span class='ocr_line' id='line_1_28' title="bbox 499 2587 2068 2661; baseline 0.001 -19"><span class='ocrx_word' id='word_1_325' title='bbox 499 2587 665 2660; x_wconf 78' lang='grc' dir='ltr'>ἀνέϐη</span> <span class='ocrx_word' id='word_1_326' title='bbox 715 2587 874 2652; x_wconf 72' lang='grc' dir='ltr'>εὐθὺς</span> <span class='ocrx_word' id='word_1_327' title='bbox 919 2589 1025 2642; x_wconf 77' lang='grc' dir='ltr'>ἀπὸ</span> <span class='ocrx_word' id='word_1_328' title='bbox 1069 2589 1164 2642; x_wconf 79' lang='grc' dir='ltr'>τοῦ</span> <span class='ocrx_word' id='word_1_329' title='bbox 1214 2589 1424 2656; x_wconf 77' lang='grc' dir='ltr'>ὓδατος,</span> <span class='ocrx_word' id='word_1_330' title='bbox 1475 2591 1782 2661; x_wconf 86' lang='lat' dir='ltr'><strong>appositum</strong></span> <span class='ocrx_word' id='word_1_331' title='bbox 1827 2590 1978 2645; x_wconf 83' lang='lat' dir='ltr'><strong>vides</strong></span> <span class='ocrx_word' id='word_1_332' title='bbox 2024 2591 2068 2644; x_wconf 81' lang='lat' dir='ltr'><strong>in</strong></span> 
     </span>
    </p>
   </div>
   <div class='ocr_carea' id='block_1_29' title="bbox 2140 2587 3709 2668">
    <p class='ocr_par' dir='ltr' id='par_1_29' title="bbox 2183 2595 3709 2668">
     <span class='ocr_line' id='line_1_29' title="bbox 2183 2595 3709 2668; baseline -0.007 -14"><span class='ocrx_word' id='word_1_333' title='bbox 2183 2606 2366 2654; x_wconf 80' lang='lat' dir='ltr'><strong>textus</strong></span> <span class='ocrx_word' id='word_1_334' title='bbox 2401 2597 2627 2652; x_wconf 82' lang='lat' dir='ltr'><strong>Milliani</strong></span> <span class='ocrx_word' id='word_1_335' title='bbox 2667 2599 2950 2668; x_wconf 90' lang='lat' dir='ltr'><strong>complura</strong></span> <span class='ocrx_word' id='word_1_336' title='bbox 3001 2597 3194 2652; x_wconf 87' lang='lat' dir='ltr'><strong>menda</strong></span> <span class='ocrx_word' id='word_1_337' title='bbox 3249 2595 3582 2658; x_wconf 88' lang='lat' dir='ltr'><strong>sustulimus,</strong></span> <span class='ocrx_word' id='word_1_338' title='bbox 3618 2606 3709 2661; x_wconf 74' lang='lat' dir='ltr'><strong>qua</strong></span> 
     </span>
    </p>
   </div>
   <div class='ocr_carea' id='block_1_30' title="bbox 500 2673 3710 2760">
    <p class='ocr_par' dir='ltr' id='par_1_30' title="bbox 500 2673 3710 2760">
     <span class='ocr_line' id='line_1_30' title="bbox 500 2673 3710 2760; baseline -0.003 -16"><span class='ocrx_word' id='word_1_339' title='bbox 500 2681 748 2751; x_wconf 74' lang='lat' dir='ltr'><strong>margine</strong></span> <span class='ocrx_word' id='word_1_340' title='bbox 776 2696 1062 2736; x_wconf 70' lang='lat' dir='ltr'><strong>numerum</strong></span> <span class='ocrx_word' id='word_1_341' title='bbox 1105 2682 1184 2745; x_wconf 77' lang='grc' dir='ltr'><strong>ιδ’,</strong></span> <span class='ocrx_word' id='word_1_342' title='bbox 1221 2698 1344 2737; x_wconf 86' lang='lat' dir='ltr'><strong>cum</strong></span> <span class='ocrx_word' id='word_1_343' title='bbox 1377 2701 1412 2737; x_wconf 85' lang='grc' dir='ltr'><strong>α</strong></span> <span class='ocrx_word' id='word_1_344' title='bbox 1439 2685 1750 2753; x_wconf 87' lang='lat' dir='ltr'><strong>Subscripto</strong></span> <span class='ocrx_word' id='word_1_345' title='bbox 1778 2702 1790 2736; x_wconf 93' lang='lat'>:</span> <span class='ocrx_word' id='word_1_346' title='bbox 1821 2681 1965 2753; x_wconf 84' lang='lat' dir='ltr'><strong>quod</strong></span> <span class='ocrx_word' id='word_1_347' title='bbox 1993 2683 2080 2735; x_wconf 85' lang='lat' dir='ltr'><strong>in-</strong></span> <span class='ocrx_word' id='word_1_348' title='bbox 2185 2691 2238 2744; x_wconf 91' lang='lat' dir='ltr'><strong>in</strong></span> <span class='ocrx_word' id='word_1_349' title='bbox 2266 2699 2553 2760; x_wconf 88' lang='lat' dir='ltr'><strong>utramque</strong></span> <span class='ocrx_word' id='word_1_350' title='bbox 2576 2673 3051 2759; x_wconf 65' lang='lat' dir='ltr'><strong>Hieronvmianam</strong></span> <span class='ocrx_word' id='word_1_351' title='bbox 3075 2687 3377 2742; x_wconf 90' lang='lat' dir='ltr'><strong>editionem</strong></span> <span class='ocrx_word' id='word_1_352' title='bbox 3401 2686 3710 2754; x_wconf 88' lang='lat' dir='ltr'><strong>irrepserunt,</strong></span> 
     </span>
    </p>
   </div>
   <div class='ocr_carea' id='block_1_31' title="bbox 499 2772 3708 2847">
    <p class='ocr_par' dir='ltr' id='par_1_31' title="bbox 499 2772 3708 2847">
     <span class='ocr_line' id='line_1_31' title="bbox 499 2772 3708 2847; baseline -0.001 -22"><span class='ocrx_word' id='word_1_353' title='bbox 499 2772 649 2826; x_wconf 81' lang='lat' dir='ltr'><strong>dicat</strong></span> <span class='ocrx_word' id='word_1_354' title='bbox 690 2773 967 2844; x_wconf 89' lang='lat' dir='ltr'><strong>pertinere</strong></span> <span class='ocrx_word' id='word_1_355' title='bbox 1017 2790 1306 2829; x_wconf 82' lang='lat' dir='ltr'><strong>numerum</strong></span> <span class='ocrx_word' id='word_1_356' title='bbox 1357 2776 1520 2829; x_wconf 92' lang='lat' dir='ltr'><strong>istum</strong></span> <span class='ocrx_word' id='word_1_357' title='bbox 1569 2776 1636 2828; x_wconf 90' lang='lat' dir='ltr'><strong>ad</strong></span> <span class='ocrx_word' id='word_1_358' title='bbox 1682 2775 1924 2829; x_wconf 86' lang='lat' dir='ltr'><strong>tabulam</strong></span> <span class='ocrx_word' id='word_1_359' title='bbox 1972 2775 2084 2845; x_wconf 89' lang='lat' dir='ltr'><strong>pri-</strong></span> <span class='ocrx_word' id='word_1_360' title='bbox 2186 2794 2244 2835; x_wconf 76' lang='lat' dir='ltr'><strong>ut</strong></span> <span class='ocrx_word' id='word_1_361' title='bbox 2272 2781 2498 2834; x_wconf 87' lang='lat' dir='ltr'><strong>cuilibet</strong></span> <span class='ocrx_word' id='word_1_362' title='bbox 2533 2779 2837 2835; x_wconf 83' lang='lat' dir='ltr'><strong>attendenti</strong></span> <span class='ocrx_word' id='word_1_363' title='bbox 2865 2785 3202 2847; x_wconf 89' lang='lat' dir='ltr'><strong>compertum</strong></span> <span class='ocrx_word' id='word_1_364' title='bbox 3238 2777 3352 2832; x_wconf 80' lang='lat' dir='ltr'><strong>(iet.</strong></span> <span class='ocrx_word' id='word_1_365' title='bbox 3387 2775 3615 2830; x_wconf 82' lang='lat' dir='ltr'><strong>Veterem</strong></span> <span class='ocrx_word' id='word_1_366' title='bbox 3641 2786 3708 2823; x_wconf 86' lang='lat' dir='ltr'><strong>au-</strong></span> 
     </span>
    </p>
   </div>
   <div class='ocr_carea' id='block_1_32' title="bbox 499 2863 3707 2940">
    <p class='ocr_par' dir='ltr' id='par_1_32' title="bbox 499 2863 3707 2940">
     <span class='ocr_line' id='line_1_32' title="bbox 499 2863 3707 2940; baseline 0 -24"><span class='ocrx_word' id='word_1_367' title='bbox 499 2878 666 2919; x_wconf 88' lang='lat' dir='ltr'><strong>mam.</strong></span> <span class='ocrx_word' id='word_1_368' title='bbox 701 2863 786 2931; x_wconf 79' lang='lat' dir='ltr'><strong>Eo,</strong></span> <span class='ocrx_word' id='word_1_369' title='bbox 806 2873 986 2920; x_wconf 89' lang='lat' dir='ltr'><strong>autem</strong></span> <span class='ocrx_word' id='word_1_370' title='bbox 1022 2866 1076 2919; x_wconf 91' lang='lat' dir='ltr'><strong>in</strong></span> <span class='ocrx_word' id='word_1_371' title='bbox 1107 2866 1209 2920; x_wconf 91' lang='lat' dir='ltr'><strong>hac</strong></span> <span class='ocrx_word' id='word_1_372' title='bbox 1233 2867 1416 2921; x_wconf 87' lang='lat' dir='ltr'><strong>tabula</strong></span> <span class='ocrx_word' id='word_1_373' title='bbox 1458 2868 1700 2930; x_wconf 87' lang='lat' dir='ltr'><strong>invento,</strong></span> <span class='ocrx_word' id='word_1_374' title='bbox 1727 2867 1884 2937; x_wconf 77' lang='lat' dir='ltr'><strong>juxta</strong></span> <span class='ocrx_word' id='word_1_375' title='bbox 1917 2882 2084 2939; x_wconf 87' lang='lat' dir='ltr'><strong>appa-</strong></span> <span class='ocrx_word' id='word_1_376' title='bbox 2185 2881 2291 2925; x_wconf 91' lang='lat' dir='ltr'><strong>tem</strong></span> <span class='ocrx_word' id='word_1_377' title='bbox 2345 2870 2595 2925; x_wconf 89' lang='lat' dir='ltr'><strong>Latinam</strong></span> <span class='ocrx_word' id='word_1_378' title='bbox 2649 2869 2905 2940; x_wconf 61' lang='lat' dir='ltr'><strong>Epistola</strong></span> <span class='ocrx_word' id='word_1_379' title='bbox 2953 2869 3276 2926; x_wconf 72' lang='lat' dir='ltr'><strong>Eusebiante</strong></span> <span class='ocrx_word' id='word_1_380' title='bbox 3332 2871 3616 2924; x_wconf 84' lang='lat' dir='ltr'><strong>versionem</strong></span> <span class='ocrx_word' id='word_1_381' title='bbox 3657 2875 3707 2918; x_wconf 77' lang='lat' dir='ltr'><strong>et</strong></span> 
     </span>
    </p>
   </div>
   <div class='ocr_carea' id='block_1_33' title="bbox 498 2957 2977 3035">
    <p class='ocr_par' dir='ltr' id='par_1_33' title="bbox 498 2957 2977 3035">
     <span class='ocr_line' id='line_1_33' title="bbox 498 2957 2977 3035; baseline 0.003 -27"><span class='ocrx_word' id='word_1_382' title='bbox 498 2965 624 3010; x_wconf 88' lang='lat' dir='ltr'><strong>rent</strong></span> <span class='ocrx_word' id='word_1_383' title='bbox 652 2957 771 3012; x_wconf 83' lang='lat' dir='ltr'><strong>loca</strong></span> <span class='ocrx_word' id='word_1_384' title='bbox 816 2957 1150 3028; x_wconf 83' lang='lat' dir='ltr'><strong>reliquorum</strong></span> <span class='ocrx_word' id='word_1_385' title='bbox 1181 2958 1625 3032; x_wconf 84' lang='lat' dir='ltr'><strong>Evangeliorum,</strong></span> <span class='ocrx_word' id='word_1_386' title='bbox 1662 2977 1784 3031; x_wconf 72' lang='lat' dir='ltr'><strong>qua:</strong></span> <span class='ocrx_word' id='word_1_387' title='bbox 1805 2976 1930 3016; x_wconf 93' lang='lat' dir='ltr'><strong>cum</strong></span> <span class='ocrx_word' id='word_1_388' title='bbox 1961 2962 2080 3032; x_wconf 88' lang='lat' dir='ltr'><strong>ipso</strong></span> <span class='ocrx_word' id='word_1_389' title='bbox 2183 2963 2436 3018; x_wconf 83' lang='lat' dir='ltr'><strong>Fabricio</strong></span> <span class='ocrx_word' id='word_1_390' title='bbox 2459 2961 2534 3035; x_wconf 80' lang='grc' dir='ltr'><strong>(ά)</strong></span> <span class='ocrx_word' id='word_1_391' title='bbox 2565 2960 2977 3031; x_wconf 90' lang='lat' dir='ltr'><strong>descripsimus.</strong></span> 
     </span>
    </p>
   </div>
   <div class='ocr_carea' id='block_1_34' title="bbox 593 3111 1692 3240">
    <p class='ocr_par' dir='ltr' id='par_1_34' title="bbox 593 3111 1692 3240">
     <span class='ocr_line' id='line_1_34' title="bbox 593 3111 1692 3240; baseline 0.007 -75"><span class='ocrx_word' id='word_1_392' title='bbox 593 3113 647 3178; x_wconf 82' lang='grc' dir='ltr'>α)</span> <span class='ocrx_word' id='word_1_393' title='bbox 685 3111 847 3195; x_wconf 42' lang='lat' dir='ltr'><strong>Mill...</strong></span> <span class='ocrx_word' id='word_1_394' title='bbox 875 3113 1012 3170; x_wconf 82' lang='lat' dir='ltr'><strong>Nov.</strong></span> <span class='ocrx_word' id='word_1_395' title='bbox 1047 3115 1186 3198; x_wconf 71' lang='lat' dir='ltr'><strong>Test.</strong></span> <span class='ocrx_word' id='word_1_396' title='bbox 1366 3131 1488 3187; x_wconf 80' lang='lat' dir='ltr'><strong>pag.</strong></span> <span class='ocrx_word' id='word_1_397' title='bbox 1516 3116 1541 3169; x_wconf 84' lang='grc'><strong>1</strong></span> <span class='ocrx_word' id='word_1_398' title='bbox 1576 3131 1692 3240; x_wconf 58' lang='lat' dir='ltr'><strong>seq.</strong></span> 
     </span>
     <span class='ocr_line' id='line_1_35' title="bbox 598 3183 1688 3240; baseline 0.006 -5"><span class='ocrx_word' id='word_1_399' title='bbox 598 3185 648 3240; x_wconf 81' lang='lat' dir='ltr'><strong>bl</strong></span> <span class='ocrx_word' id='word_1_400' title='bbox 693 3183 972 3240; x_wconf 79' lang='lat' dir='ltr'><strong>Martian..</strong></span> <span class='ocrx_word' id='word_1_401' title='bbox 1022 3187 1153 3240; x_wconf 83' lang='lat' dir='ltr'><strong>Cdll.</strong></span> <span class='ocrx_word' id='word_1_402' title='bbox 1202 3185 1426 3240; x_wconf 81' lang='lat' dir='ltr'><strong>Hieron.</strong></span> <span class='ocrx_word' id='word_1_403' title='bbox 1469 3195 1601 3240; x_wconf 89' lang='lat' dir='ltr'><strong>tom.</strong></span> <span class='ocrx_word' id='word_1_404' title='bbox 1673 3229 1688 3240; x_wconf 91' lang='lat'><strong>.</strong></span> 
     </span>
    </p>
   </div>
   <div class='ocr_carea' id='block_1_35' title="bbox 499 3183 2080 3309">
    <p class='ocr_par' dir='ltr' id='par_1_35' title="bbox 499 3183 2080 3309">
     <span class='ocr_line' id='line_1_36' title="bbox 499 3183 2080 3309; baseline 0.004 -73"><span class='ocrx_word' id='word_1_405' title='bbox 499 3185 648 3309; x_wconf 42' lang='grc' dir='ltr'><strong>Ηἐῶ)</strong></span> <span class='ocrx_word' id='word_1_406' title='bbox 693 3183 972 3250; x_wconf 78' lang='lat' dir='ltr'><strong>Martian.,</strong></span> <span class='ocrx_word' id='word_1_407' title='bbox 1022 3187 1153 3241; x_wconf 92' lang='lat' dir='ltr'><strong>edit.</strong></span> <span class='ocrx_word' id='word_1_408' title='bbox 1202 3183 1601 3243; x_wconf 51' lang='lat' dir='ltr'><strong>Hieroiiftom.</strong></span> <span class='ocrx_word' id='word_1_409' title='bbox 1647 3183 1688 3250; x_wconf 85' lang='grc'><strong>1,</strong></span> <span class='ocrx_word' id='word_1_410' title='bbox 1721 3201 1879 3259; x_wconf 84' lang='lat' dir='ltr'><strong>pagg.</strong></span> <span class='ocrx_word' id='word_1_411' title='bbox 1913 3184 2080 3242; x_wconf 71' lang='grc'><strong>1429·</strong></span> 
     </span>
    </p>
   </div>
   <div class='ocr_carea' id='block_1_36' title="bbox 2256 3113 3706 3242">
    <p class='ocr_par' dir='ltr' id='par_1_36' title="bbox 2256 3113 3706 3242">
     <span class='ocr_line' id='line_1_37' title="bbox 2256 3113 3706 3242; baseline -0.007 -68"><span class='ocrx_word' id='word_1_412' title='bbox 2256 3121 2323 3242; x_wconf 46' lang='grc' dir='ltr'><strong>(ἢ</strong></span> <span class='ocrx_word' id='word_1_413' title='bbox 2366 3118 2630 3181; x_wconf 78' lang='lat' dir='ltr'><strong>Vallars.,</strong></span> <span class='ocrx_word' id='word_1_414' title='bbox 2653 3119 2784 3202; x_wconf 75' lang='lat' dir='ltr'><strong>edit.</strong></span> <span class='ocrx_word' id='word_1_415' title='bbox 2808 3118 3033 3175; x_wconf 83' lang='lat' dir='ltr'><strong>Hieron.</strong></span> <span class='ocrx_word' id='word_1_416' title='bbox 3058 3126 3192 3173; x_wconf 92' lang='lat' dir='ltr'><strong>tom.</strong></span> <span class='ocrx_word' id='word_1_417' title='bbox 3220 3117 3294 3180; x_wconf 80' lang='grc' dir='ltr'><strong>Χ,</strong></span> <span class='ocrx_word' id='word_1_418' title='bbox 3315 3133 3470 3188; x_wconf 78' lang='lat' dir='ltr'><strong>pagg.</strong></span> <span class='ocrx_word' id='word_1_419' title='bbox 3493 3115 3582 3171; x_wconf 80' lang='lat'><strong>671</strong></span> <span class='ocrx_word' id='word_1_420' title='bbox 3610 3113 3706 3167; x_wconf 71' lang='lat'><strong>68:.</strong></span> 
     </span>
     <span class='ocr_line' id='line_1_38' title="bbox 2258 3187 3436 3242; baseline 0.002 -2"><span class='ocrx_word' id='word_1_421' title='bbox 2258 3195 2270 3239; x_wconf 71' lang='grc' dir='ltr'>ι</span> <span class='ocrx_word' id='word_1_422' title='bbox 2321 3193 2335 3242; x_wconf 80' lang='grc' dir='ltr'>ι</span> <span class='ocrx_word' id='word_1_423' title='bbox 2377 3189 2565 3242; x_wconf 84' lang='lat' dir='ltr'><strong>Fabr..</strong></span> <span class='ocrx_word' id='word_1_424' title='bbox 2598 3190 2739 3242; x_wconf 74' lang='lat' dir='ltr'><strong>Bibl.</strong></span> <span class='ocrx_word' id='word_1_425' title='bbox 2770 3188 2863 3242; x_wconf 82' lang='lat' dir='ltr'><strong>Gr.</strong></span> <span class='ocrx_word' id='word_1_426' title='bbox 2900 3198 3032 3242; x_wconf 90' lang='lat' dir='ltr'><strong>tom.</strong></span> <span class='ocrx_word' id='word_1_427' title='bbox 3066 3187 3154 3242; x_wconf 77' lang='lat' dir='ltr'><strong>Vl.</strong></span> <span class='ocrx_word' id='word_1_428' title='bbox 3186 3205 3314 3242; x_wconf 72' lang='lat' dir='ltr'><strong>nae.</strong></span> <span class='ocrx_word' id='word_1_429' title='bbox 3346 3189 3436 3242; x_wconf 80' lang='lat'><strong>97.</strong></span> 
     </span>
    </p>
   </div>
   <div class='ocr_carea' id='block_1_37' title="bbox 2258 3187 3436 3263">
    <p class='ocr_par' dir='ltr' id='par_1_37' title="bbox 2258 3187 3436 3263">
     <span class='ocr_line' id='line_1_39' title="bbox 2258 3187 3436 3263; baseline 0.001 -21"><span class='ocrx_word' id='word_1_430' title='bbox 2258 3187 2335 3263; x_wconf 64' lang='lat' dir='ltr'><strong>td)</strong></span> <span class='ocrx_word' id='word_1_431' title='bbox 2377 3189 2565 3256; x_wconf 82' lang='lat' dir='ltr'><strong>Fabr.,</strong></span> <span class='ocrx_word' id='word_1_432' title='bbox 2598 3190 2739 3244; x_wconf 81' lang='lat' dir='ltr'><strong>Bibl.</strong></span> <span class='ocrx_word' id='word_1_433' title='bbox 2770 3188 2863 3244; x_wconf 81' lang='lat' dir='ltr'><strong>Gr.</strong></span> <span class='ocrx_word' id='word_1_434' title='bbox 2900 3198 3032 3245; x_wconf 93' lang='lat' dir='ltr'><strong>tom.</strong></span> <span class='ocrx_word' id='word_1_435' title='bbox 3066 3187 3154 3255; x_wconf 78' lang='lat' dir='ltr'><strong>Vl,</strong></span> <span class='ocrx_word' id='word_1_436' title='bbox 3186 3187 3436 3260; x_wconf 81' lang='lat' dir='ltr'><strong>pag.97.</strong></span> 
     </span>
    </p>
   </div>
   <div class='ocr_carea' id='block_1_38' title="bbox 1228 3557 3021 3690">
    <p class='ocr_par' dir='ltr' id='par_1_38' title="bbox 1228 3557 3021 3690">
     <span class='ocr_line' id='line_1_40' title="bbox 1228 3557 3021 3690; baseline 0.004 -8"><span class='ocrx_word' id='word_1_437' title='bbox 1228 3557 1853 3688; x_wconf 88' lang='lat' dir='ltr'><strong>EUSEBII</strong></span> <span class='ocrx_word' id='word_1_438' title='bbox 1951 3559 3021 3690; x_wconf 54' lang='lat' dir='ltr'><strong>CAESABIENSIS</strong></span> 
     </span>
    </p>
   </div>
   <div class='ocr_carea' id='block_1_39' title="bbox 1819 3813 2403 3907">
    <p class='ocr_par' dir='ltr' id='par_1_39' title="bbox 1819 3813 2403 3907">
     <span class='ocr_line' id='line_1_41' title="bbox 1819 3813 2403 3907; baseline 0 -2"><span class='ocrx_word' id='word_1_439' title='bbox 1819 3813 2403 3907; x_wconf 88' lang='lat' dir='ltr'><strong>EPISTOLA</strong></span> 
     </span>
    </p>
   </div>
   <div class='ocr_carea' id='block_1_40' title="bbox 1075 3948 3109 4080">
    <p class='ocr_par' dir='ltr' id='par_1_40' title="bbox 1147 4005 3109 4080">
     <span class='ocr_line' id='line_1_42' title="bbox 1147 4005 3109 4080; baseline 0.004 -15"><span class='ocrx_word' id='word_1_440' title='bbox 1147 4005 1229 4066; x_wconf 87' lang='lat' dir='ltr'><strong>IN</strong></span> <span class='ocrx_word' id='word_1_441' title='bbox 1299 4006 1905 4080; x_wconf 85' lang='lat' dir='ltr'><strong>SUBSEQUENTES</strong></span> <span class='ocrx_word' id='word_1_442' title='bbox 1993 4008 2359 4071; x_wconf 85' lang='lat' dir='ltr'><strong>CANONES</strong></span> <span class='ocrx_word' id='word_1_443' title='bbox 2450 4009 3109 4073; x_wconf 81' lang='lat' dir='ltr'><strong>EVANGELIORUM.</strong></span> 
     </span>
    </p>
   </div>
   <div class='ocr_carea' id='block_1_41' title="bbox 619 4248 2188 4331">
    <p class='ocr_par' dir='ltr' id='par_1_41' title="bbox 619 4248 2188 4331">
     <span class='ocr_line' id='line_1_43' title="bbox 619 4248 2188 4331; baseline 0.003 -25"><span class='ocrx_word' id='word_1_444' title='bbox 619 4248 989 4306; x_wconf 83' lang='lat' dir='ltr'><strong>EUSEBIUS</strong></span> <span class='ocrx_word' id='word_1_445' title='bbox 1051 4249 1468 4331; x_wconf 41' lang='lat' dir='ltr'><strong>saginatae&quot;</strong></span> <span class='ocrx_word' id='word_1_446' title='bbox 1501 4250 1775 4308; x_wconf 71' lang='lat' dir='ltr'><strong>mum</strong></span> <span class='ocrx_word' id='word_1_447' title='bbox 1864 4253 1950 4308; x_wconf 84' lang='lat' dir='ltr'><strong>IN</strong></span> <span class='ocrx_word' id='word_1_448' title='bbox 2095 4258 2188 4318; x_wconf 81' lang='lat' dir='ltr'><strong>Cl</strong></span> 
     </span>
    </p>
   </div>
   <div class='ocr_carea' id='block_1_42' title="bbox 2129 4248 3698 4331">
    <p class='ocr_par' dir='ltr' id='par_1_42' title="bbox 2129 4255 3698 4331">
     <span class='ocr_line' id='line_1_44' title="bbox 2129 4255 3698 4331; baseline 0.003 -22"><span class='ocrx_word' id='word_1_449' title='bbox 2129 4255 2544 4317; x_wconf 63' lang='lat' dir='ltr'><strong>mmemor</strong></span> <span class='ocrx_word' id='word_1_450' title='bbox 2605 4255 3396 4331; x_wconf 47' lang='lat' dir='ltr'><strong>gAEQI§ﬂQ__A§AHHTQ</strong></span> <span class='ocrx_word' id='word_1_451' title='bbox 3454 4259 3698 4329; x_wconf 59' lang='lat' dir='ltr'><strong>“meo</strong></span> 
     </span>
    </p>
   </div>
   <div class='ocr_carea' id='block_1_43' title="bbox 1074 4321 2643 4394">
    <p class='ocr_par' dir='ltr' id='par_1_43' title="bbox 1074 4321 2642 4376">
     <span class='ocr_line' id='line_1_45' title="bbox 1074 4321 2642 4376; baseline 0.001 -2"><span class='ocrx_word' id='word_1_452' title='bbox 1074 4321 1380 4376; x_wconf 78' lang='lat' dir='ltr'><strong>DOMINO</strong></span> <span class='ocrx_word' id='word_1_453' title='bbox 1431 4322 1490 4376; x_wconf 92' lang='lat' dir='ltr'><strong>S.</strong></span> <span class='ocrx_word' id='word_1_454' title='bbox 2596 4327 2642 4376; x_wconf 79' lang='grc' dir='ltr'><em>Ε</em></span> 
     </span>
    </p>
   </div>
   <div class='ocr_carea' id='block_1_44' title="bbox 1750 4321 3319 4394">
    <p class='ocr_par' dir='ltr' id='par_1_44' title="bbox 2596 4321 3319 4394">
     <span class='ocr_line' id='line_1_46' title="bbox 2596 4321 3319 4394; baseline 0.007 -18"><span class='ocrx_word' id='word_1_455' title='bbox 2596 4326 2696 4376; x_wconf 79' lang='grc' dir='ltr'><strong>ΕΝ</strong></span> <span class='ocrx_word' id='word_1_456' title='bbox 2724 4326 2776 4376; x_wconf 82' lang='grc' dir='ltr'><strong><em>Κ</em></strong></span> <span class='ocrx_word' id='word_1_457' title='bbox 2786 4321 2964 4394; x_wconf 71' lang='grc' dir='ltr'><strong>ΥΡΙῼ</strong></span> <span class='ocrx_word' id='word_1_458' title='bbox 2989 4327 3319 4381; x_wconf 79' lang='grc' dir='ltr'><strong>ΧΑΙΡΕῙΝ.</strong></span> 
     </span>
    </p>
   </div>
   <div class='ocr_carea' id='block_1_45' title="bbox 564 4413 2133 4494">
    <p class='ocr_par' dir='ltr' id='par_1_45' title="bbox 564 4413 2067 4487">
     <span class='ocr_line' id='line_1_47' title="bbox 564 4413 2067 4487; baseline 0.003 -19"><span class='ocrx_word' id='word_1_459' title='bbox 564 4413 883 4469; x_wconf 84' lang='lat' dir='ltr'><strong>Ammonius</strong></span> <span class='ocrx_word' id='word_1_460' title='bbox 933 4414 1151 4484; x_wconf 84' lang='lat' dir='ltr'><strong>quidem</strong></span> <span class='ocrx_word' id='word_1_461' title='bbox 1191 4414 1615 4481; x_wconf 83' lang='lat' dir='ltr'><strong>Alexandrinus,</strong></span> <span class='ocrx_word' id='word_1_462' title='bbox 1650 4433 1847 4487; x_wconf 85' lang='lat' dir='ltr'><strong>magno</strong></span> <span class='ocrx_word' id='word_1_463' title='bbox 1885 4417 2067 4472; x_wconf 90' lang='lat' dir='ltr'><strong>studio</strong></span> 
     </span>
    </p>
   </div>
   <div class='ocr_carea' id='block_1_46' title="bbox 2127 4413 3696 4494">
    <p class='ocr_par' dir='ltr' id='par_1_46' title="bbox 2254 4414 3696 4494">
     <span class='ocr_line' id='line_1_48' title="bbox 2254 4414 3696 4494; baseline 0.003 -25"><span class='ocrx_word' id='word_1_464' title='bbox 2254 4415 2559 4488; x_wconf 80' lang='grc' dir='ltr'><strong>Ἀμμώνιος</strong></span> <span class='ocrx_word' id='word_1_465' title='bbox 2600 4415 2699 4485; x_wconf 81' lang='grc' dir='ltr'><strong>μὲν</strong></span> <span class='ocrx_word' id='word_1_466' title='bbox 2749 4418 2778 4468; x_wconf 84' lang='grc' dir='ltr'>ὁ</span> <span class='ocrx_word' id='word_1_467' title='bbox 2827 4414 3230 4490; x_wconf 72' lang='grc' dir='ltr'>Ἀλεξανδρεὺς,</span> <span class='ocrx_word' id='word_1_468' title='bbox 3265 4421 3462 4494; x_wconf 75' lang='grc' dir='ltr'>πολλὴν</span> <span class='ocrx_word' id='word_1_469' title='bbox 3487 4422 3555 4486; x_wconf 89' lang='grc' dir='ltr'>ὠς</span> <span class='ocrx_word' id='word_1_470' title='bbox 3583 4420 3696 4482; x_wconf 75' lang='grc' dir='ltr'>εἰκὸς</span> 
     </span>
    </p>
   </div>
   <div class='ocr_carea' id='block_1_47' title="bbox 491 4504 2060 4582">
    <p class='ocr_par' dir='ltr' id='par_1_47' title="bbox 491 4504 2060 4578">
     <span class='ocr_line' id='line_1_49' title="bbox 491 4504 2060 4578; baseline 0.001 -18"><span class='ocrx_word' id='word_1_471' title='bbox 491 4515 655 4576; x_wconf 86' lang='lat' dir='ltr'><strong>atque</strong></span> <span class='ocrx_word' id='word_1_472' title='bbox 685 4504 953 4560; x_wconf 89' lang='lat' dir='ltr'><strong>industria</strong></span> <span class='ocrx_word' id='word_1_473' title='bbox 974 4521 1141 4558; x_wconf 86' lang='lat' dir='ltr'><strong>unum</strong></span> <span class='ocrx_word' id='word_1_474' title='bbox 1174 4505 1336 4560; x_wconf 89' lang='lat' dir='ltr'><strong>nobis</strong></span> <span class='ocrx_word' id='word_1_475' title='bbox 1366 4521 1464 4576; x_wconf 92' lang='lat' dir='ltr'><strong>pro</strong></span> <span class='ocrx_word' id='word_1_476' title='bbox 1497 4515 1736 4576; x_wconf 88' lang='lat' dir='ltr'><strong>quatuor</strong></span> <span class='ocrx_word' id='word_1_477' title='bbox 1762 4507 2060 4578; x_wconf 79' lang='lat' dir='ltr'><strong>Evangeliis</strong></span> 
     </span>
    </p>
   </div>
   <div class='ocr_carea' id='block_1_48' title="bbox 2126 4504 3695 4582">
    <p class='ocr_par' dir='ltr' id='par_1_48' title="bbox 2169 4507 3695 4582">
     <span class='ocr_line' id='line_1_50' title="bbox 2169 4507 3695 4582; baseline 0.001 -20"><span class='ocrx_word' id='word_1_478' title='bbox 2169 4508 2482 4579; x_wconf 74' lang='grc' dir='ltr'><strong>φιλοπονίαν</strong></span> <span class='ocrx_word' id='word_1_479' title='bbox 2507 4510 2601 4561; x_wconf 76' lang='grc' dir='ltr'><strong>καὶ</strong></span> <span class='ocrx_word' id='word_1_480' title='bbox 2627 4507 2862 4580; x_wconf 84' lang='grc' dir='ltr'>σπουδὴν</span> <span class='ocrx_word' id='word_1_481' title='bbox 2888 4507 3241 4581; x_wconf 76' lang='grc' dir='ltr'>εἰσαγηοχὼς,</span> <span class='ocrx_word' id='word_1_482' title='bbox 3273 4513 3334 4566; x_wconf 85' lang='grc' dir='ltr'><strong>τὸ</strong></span> <span class='ocrx_word' id='word_1_483' title='bbox 3361 4513 3445 4566; x_wconf 73' lang='grc' dir='ltr'>διὰ</span> <span class='ocrx_word' id='word_1_484' title='bbox 3463 4513 3695 4582; x_wconf 77' lang='grc' dir='ltr'>τεσσάρων</span> 
     </span>
    </p>
   </div>
   <div class='ocr_carea' id='block_1_49' title="bbox 490 4596 2059 4676">
    <p class='ocr_par' dir='ltr' id='par_1_49' title="bbox 490 4596 2059 4670">
     <span class='ocr_line' id='line_1_51' title="bbox 490 4596 2059 4670; baseline 0.001 -16"><span class='ocrx_word' id='word_1_485' title='bbox 490 4598 801 4668; x_wconf 88' lang='lat' dir='ltr'><strong>dereliquit.</strong></span> <span class='ocrx_word' id='word_1_486' title='bbox 877 4596 1122 4668; x_wconf 89' lang='lat' dir='ltr'><strong>Namque</strong></span> <span class='ocrx_word' id='word_1_487' title='bbox 1167 4598 1334 4652; x_wconf 89' lang='lat' dir='ltr'><strong>trium</strong></span> <span class='ocrx_word' id='word_1_488' title='bbox 1399 4599 1814 4670; x_wconf 84' lang='lat' dir='ltr'><strong>Evangeliorum</strong></span> <span class='ocrx_word' id='word_1_489' title='bbox 1870 4615 2059 4656; x_wconf 83' lang='lat' dir='ltr'><strong>sensus</strong></span> 
     </span>
    </p>
   </div>
   <div class='ocr_carea' id='block_1_50' title="bbox 2125 4596 3694 4676">
    <p class='ocr_par' dir='ltr' id='par_1_50' title="bbox 2172 4600 3694 4676">
     <span class='ocr_line' id='line_1_52' title="bbox 2172 4600 3694 4676; baseline 0.001 -22"><span class='ocrx_word' id='word_1_490' title='bbox 2172 4603 2301 4673; x_wconf 78' lang='grc' dir='ltr'>ἡμῖν</span> <span class='ocrx_word' id='word_1_491' title='bbox 2347 4600 2738 4654; x_wconf 78' lang='grc' dir='ltr'><strong>καταλέλοιπεν</strong></span> <span class='ocrx_word' id='word_1_492' title='bbox 2768 4601 3117 4671; x_wconf 79' lang='grc' dir='ltr'>Εὐαγγέλιον,</span> <span class='ocrx_word' id='word_1_493' title='bbox 3157 4604 3234 4676; x_wconf 76' lang='grc' dir='ltr'>τῷ</span> <span class='ocrx_word' id='word_1_494' title='bbox 3280 4607 3420 4659; x_wconf 84' lang='grc' dir='ltr'>κατὰ</span> <span class='ocrx_word' id='word_1_495' title='bbox 3466 4605 3694 4660; x_wconf 78' lang='grc' dir='ltr'>Ματθαῐον</span> 
     </span>
    </p>
   </div>
   <div class='ocr_carea' id='block_1_51' title="bbox 488 4692 2057 4771">
    <p class='ocr_par' dir='ltr' id='par_1_51' title="bbox 488 4692 2057 4764">
     <span class='ocr_line' id='line_1_53' title="bbox 488 4692 2057 4764; baseline 0.001 -16"><span class='ocrx_word' id='word_1_496' title='bbox 488 4701 770 4762; x_wconf 78' lang='lat' dir='ltr'><strong>exceptos,</strong></span> <span class='ocrx_word' id='word_1_497' title='bbox 793 4706 985 4747; x_wconf 90' lang='lat' dir='ltr'><strong>omnes</strong></span> <span class='ocrx_word' id='word_1_498' title='bbox 1007 4693 1212 4748; x_wconf 88' lang='lat' dir='ltr'><strong>similes</strong></span> <span class='ocrx_word' id='word_1_499' title='bbox 1239 4700 1526 4748; x_wconf 78' lang='lat' dir='ltr'><strong>contextus</strong></span> <span class='ocrx_word' id='word_1_500' title='bbox 1552 4692 1783 4747; x_wconf 71' lang='lat' dir='ltr'><strong>Mattlnei</strong></span> <span class='ocrx_word' id='word_1_501' title='bbox 1817 4692 2057 4764; x_wconf 79' lang='lat' dir='ltr'><strong>Evange-</strong></span> 
     </span>
    </p>
   </div>
   <div class='ocr_carea' id='block_1_52' title="bbox 2124 4692 3693 4771">
    <p class='ocr_par' dir='ltr' id='par_1_52' title="bbox 2165 4692 3693 4771">
     <span class='ocr_line' id='line_1_54' title="bbox 2165 4692 3693 4771; baseline 0.001 -25"><span class='ocrx_word' id='word_1_502' title='bbox 2165 4696 2263 4758; x_wconf 75' lang='grc' dir='ltr'>τὰς</span> <span class='ocrx_word' id='word_1_503' title='bbox 2297 4692 2610 4764; x_wconf 59' lang='grc' dir='ltr'>ὁμοφώνους</span> <span class='ocrx_word' id='word_1_504' title='bbox 2646 4693 2754 4747; x_wconf 83' lang='grc' dir='ltr'><strong>τῶν</strong></span> <span class='ocrx_word' id='word_1_505' title='bbox 2783 4693 2983 4747; x_wconf 86' lang='grc' dir='ltr'>λοιπῶν</span> <span class='ocrx_word' id='word_1_506' title='bbox 3009 4696 3406 4764; x_wconf 73' lang='grc' dir='ltr'>εὐαγγε).ιπῶν</span> <span class='ocrx_word' id='word_1_507' title='bbox 3436 4697 3693 4771; x_wconf 72' lang='grc' dir='ltr'>περικοπὰς</span> 
     </span>
    </p>
   </div>
   <div class='ocr_carea' id='block_1_53' title="bbox 492 4784 2061 4862">
    <p class='ocr_par' dir='ltr' id='par_1_53' title="bbox 492 4784 2061 4860">
     <span class='ocr_line' id='line_1_55' title="bbox 492 4784 2061 4860; baseline 0.004 -24"><span class='ocrx_word' id='word_1_508' title='bbox 492 4785 565 4838; x_wconf 93' lang='lat' dir='ltr'><strong>lio</strong></span> <span class='ocrx_word' id='word_1_509' title='bbox 597 4785 756 4854; x_wconf 90' lang='lat' dir='ltr'><strong>quasi</strong></span> <span class='ocrx_word' id='word_1_510' title='bbox 806 4784 872 4860; x_wconf 87' lang='lat' dir='ltr'><strong>ad</strong></span> <span class='ocrx_word' id='word_1_511' title='bbox 901 4800 1069 4838; x_wconf 90' lang='lat' dir='ltr'><strong>unum</strong></span> <span class='ocrx_word' id='word_1_512' title='bbox 1103 4794 1414 4854; x_wconf 86' lang='lat' dir='ltr'><strong>congestos,</strong></span> <span class='ocrx_word' id='word_1_513' title='bbox 1449 4787 1748 4840; x_wconf 82' lang='lat' dir='ltr'><strong>annexuit:</strong></span> <span class='ocrx_word' id='word_1_514' title='bbox 1783 4787 1856 4840; x_wconf 91' lang='lat' dir='ltr'><strong>ita</strong></span> <span class='ocrx_word' id='word_1_515' title='bbox 1889 4794 1945 4840; x_wconf 93' lang='lat' dir='ltr'><strong>ut</strong></span> <span class='ocrx_word' id='word_1_516' title='bbox 1972 4803 2061 4842; x_wconf 91' lang='lat' dir='ltr'><strong>eo-</strong></span> 
     </span>
    </p>
   </div>
   <div class='ocr_carea' id='block_1_54' title="bbox 2124 4784 3693 4862">
    <p class='ocr_par' dir='ltr' id='par_1_54' title="bbox 2166 4786 3693 4862">
     <span class='ocr_line' id='line_1_56' title="bbox 2166 4786 3693 4862; baseline 0.002 -25"><span class='ocrx_word' id='word_1_517' title='bbox 2166 4786 2453 4858; x_wconf 71' lang='grc' dir='ltr'>παραθεὶς,</span> <span class='ocrx_word' id='word_1_518' title='bbox 2487 4786 2561 4850; x_wconf 79' lang='grc' dir='ltr'>ὡς</span> <span class='ocrx_word' id='word_1_519' title='bbox 2595 4787 2652 4852; x_wconf 81' lang='grc' dir='ltr'>ἐξ</span> <span class='ocrx_word' id='word_1_520' title='bbox 2679 4786 2924 4857; x_wconf 76' lang='grc' dir='ltr'><strong>ἀνάγκης</strong></span> <span class='ocrx_word' id='word_1_521' title='bbox 2955 4790 3224 4860; x_wconf 65' lang='grc' dir='ltr'>συμϐῆναι</span> <span class='ocrx_word' id='word_1_522' title='bbox 3250 4791 3343 4846; x_wconf 88' lang='grc' dir='ltr'><strong>τὸν</strong></span> <span class='ocrx_word' id='word_1_523' title='bbox 3378 4793 3473 4862; x_wconf 72' lang='grc' dir='ltr'>τῆς</span> <span class='ocrx_word' id='word_1_524' title='bbox 3510 4791 3693 4844; x_wconf 80' lang='grc' dir='ltr'>ἀκολου-</span> 
     </span>
    </p>
   </div>
   <div class='ocr_carea' id='block_1_55' title="bbox 489 4875 2058 4953">
    <p class='ocr_par' dir='ltr' id='par_1_55' title="bbox 489 4875 2058 4946">
     <span class='ocr_line' id='line_1_57' title="bbox 489 4875 2058 4946; baseline 0.003 -18"><span class='ocrx_word' id='word_1_525' title='bbox 489 4875 761 4940; x_wconf 89' lang='lat' dir='ltr'><strong>rumdem,</strong></span> <span class='ocrx_word' id='word_1_526' title='bbox 795 4887 1059 4946; x_wconf 92' lang='lat' dir='ltr'><strong>quantum</strong></span> <span class='ocrx_word' id='word_1_527' title='bbox 1095 4875 1161 4929; x_wconf 89' lang='lat' dir='ltr'><strong>ad</strong></span> <span class='ocrx_word' id='word_1_528' title='bbox 1202 4883 1447 4930; x_wconf 89' lang='lat' dir='ltr'><strong>tenorem</strong></span> <span class='ocrx_word' id='word_1_529' title='bbox 1490 4879 1728 4946; x_wconf 89' lang='lat' dir='ltr'><strong>pertinet</strong></span> <span class='ocrx_word' id='word_1_530' title='bbox 1784 4879 2058 4944; x_wconf 89' lang='lat' dir='ltr'><strong>lectionis,</strong></span> 
     </span>
    </p>
   </div>
   <div class='ocr_carea' id='block_1_56' title="bbox 2121 4875 3690 4953">
    <p class='ocr_par' dir='ltr' id='par_1_56' title="bbox 2167 4877 3690 4953">
     <span class='ocr_line' id='line_1_58' title="bbox 2167 4877 3690 4953; baseline 0 -23"><span class='ocrx_word' id='word_1_531' title='bbox 2167 4877 2287 4942; x_wconf 76' lang='grc' dir='ltr'>θεας</span> <span class='ocrx_word' id='word_1_532' title='bbox 2326 4879 2512 4950; x_wconf 77' lang='grc' dir='ltr'>εἱρμὸν</span> <span class='ocrx_word' id='word_1_533' title='bbox 2560 4879 2667 4931; x_wconf 81' lang='grc' dir='ltr'><strong>τῶν</strong></span> <span class='ocrx_word' id='word_1_534' title='bbox 2714 4879 2880 4952; x_wconf 75' lang='grc' dir='ltr'>τριιῖιν</span> <span class='ocrx_word' id='word_1_535' title='bbox 2927 4880 3306 4953; x_wconf 71' lang='grc' dir='ltr'>δ;α;ρθαρῆναι,</span> <span class='ocrx_word' id='word_1_536' title='bbox 3359 4887 3478 4938; x_wconf 78' lang='grc' dir='ltr'>ὅσον</span> <span class='ocrx_word' id='word_1_537' title='bbox 3520 4884 3600 4935; x_wconf 78' lang='grc' dir='ltr'>ἐπὶ</span> <span class='ocrx_word' id='word_1_538' title='bbox 3634 4878 3690 4948; x_wconf 78' lang='grc' dir='ltr'><strong>τῷ</strong></span> 
     </span>
    </p>
   </div>
   <div class='ocr_carea' id='block_1_57' title="bbox 488 4970 2057 5046">
    <p class='ocr_par' dir='ltr' id='par_1_57' title="bbox 488 4970 2057 5042">
     <span class='ocr_line' id='line_1_59' title="bbox 488 4970 2057 5042; baseline 0.001 -17"><span class='ocrx_word' id='word_1_539' title='bbox 488 4987 724 5040; x_wconf 88' lang='lat' dir='ltr'><strong>sequens</strong></span> <span class='ocrx_word' id='word_1_540' title='bbox 775 4970 889 5040; x_wconf 90' lang='lat' dir='ltr'><strong>jam</strong></span> <span class='ocrx_word' id='word_1_541' title='bbox 948 4972 1124 5042; x_wconf 78' lang='lat' dir='ltr'><strong>stylus</strong></span> <span class='ocrx_word' id='word_1_542' title='bbox 1186 4970 1524 5040; x_wconf 87' lang='lat' dir='ltr'><strong>interruptus</strong></span> <span class='ocrx_word' id='word_1_543' title='bbox 1604 4985 1727 5025; x_wconf 86' lang='lat' dir='ltr'><strong>esse</strong></span> <span class='ocrx_word' id='word_1_544' title='bbox 1792 4971 2057 5027; x_wconf 83' lang='lat' dir='ltr'><strong>videatur.</strong></span> 
     </span>
    </p>
   </div>
   <div class='ocr_carea' id='block_1_58' title="bbox 2117 4970 3686 5046">
    <p class='ocr_par' dir='ltr' id='par_1_58' title="bbox 2165 4970 3686 5046">
     <span class='ocr_line' id='line_1_60' title="bbox 2165 4970 3686 5046; baseline -0.001 -23"><span class='ocrx_word' id='word_1_545' title='bbox 2165 4970 2288 5040; x_wconf 68' lang='grc' dir='ltr'>ὕφει</span> <span class='ocrx_word' id='word_1_546' title='bbox 2331 4971 2430 5041; x_wconf 75' lang='grc' dir='ltr'><strong>τῆς</strong></span> <span class='ocrx_word' id='word_1_547' title='bbox 2478 4971 2857 5040; x_wconf 74' lang='grc' dir='ltr'>ἀναγνώσεως.</span> <span class='ocrx_word' id='word_1_548' title='bbox 2896 4972 3012 5026; x_wconf 81' lang='grc' dir='ltr'>Ἵνα</span> <span class='ocrx_word' id='word_1_549' title='bbox 3055 4973 3108 5026; x_wconf 85' lang='grc' dir='ltr'><strong>δὲ</strong></span> <span class='ocrx_word' id='word_1_550' title='bbox 3153 4974 3454 5046; x_wconf 80' lang='grc' dir='ltr'>σωζομένου</span> <span class='ocrx_word' id='word_1_551' title='bbox 3495 4975 3578 5028; x_wconf 78' lang='grc' dir='ltr'><strong>κάὶ</strong></span> <span class='ocrx_word' id='word_1_552' title='bbox 3614 4970 3686 5024; x_wconf 74' lang='grc' dir='ltr'>τοῦ</span> 
     </span>
    </p>
   </div>
   <div class='ocr_carea' id='block_1_59' title="bbox 490 5062 2059 5141">
    <p class='ocr_par' dir='ltr' id='par_1_59' title="bbox 490 5062 2059 5132">
     <span class='ocr_line' id='line_1_61' title="bbox 490 5062 2059 5132; baseline 0.001 -17"><span class='ocrx_word' id='word_1_553' title='bbox 490 5063 689 5118; x_wconf 80' lang='lat' dir='ltr'><strong>Verum</strong></span> <span class='ocrx_word' id='word_1_554' title='bbox 733 5072 793 5118; x_wconf 92' lang='lat' dir='ltr'><strong>ut</strong></span> <span class='ocrx_word' id='word_1_555' title='bbox 848 5064 999 5118; x_wconf 87' lang='lat' dir='ltr'><strong>salvo</strong></span> <span class='ocrx_word' id='word_1_556' title='bbox 1055 5077 1284 5132; x_wconf 89' lang='lat' dir='ltr'><strong>corpore</strong></span> <span class='ocrx_word' id='word_1_557' title='bbox 1345 5062 1458 5117; x_wconf 90' lang='lat' dir='ltr'><strong>sive</strong></span> <span class='ocrx_word' id='word_1_558' title='bbox 1519 5070 1688 5125; x_wconf 77' lang='lat' dir='ltr'><strong>textu,</strong></span> <span class='ocrx_word' id='word_1_559' title='bbox 1738 5073 2059 5116; x_wconf 65' lang='lat' dir='ltr'><strong>ca&#39;terorum</strong></span> 
     </span>
    </p>
   </div>
   <div class='ocr_carea' id='block_1_60' title="bbox 2118 5062 3687 5141">
    <p class='ocr_par' dir='ltr' id='par_1_60' title="bbox 2160 5062 3687 5141">
     <span class='ocr_line' id='line_1_62' title="bbox 2160 5062 3687 5141; baseline -0.003 -23"><span class='ocrx_word' id='word_1_560' title='bbox 2160 5063 2268 5118; x_wconf 83' lang='grc' dir='ltr'><strong>τῶν</strong></span> <span class='ocrx_word' id='word_1_561' title='bbox 2298 5063 2495 5116; x_wconf 79' lang='grc' dir='ltr'>λοιπῶν</span> <span class='ocrx_word' id='word_1_562' title='bbox 2537 5063 2603 5116; x_wconf 85' lang='grc' dir='ltr'><strong>δι’</strong></span> <span class='ocrx_word' id='word_1_563' title='bbox 2631 5063 2752 5116; x_wconf 79' lang='grc' dir='ltr'>ὅλου</span> <span class='ocrx_word' id='word_1_564' title='bbox 2796 5062 3044 5135; x_wconf 80' lang='grc' dir='ltr'>σώματός</span> <span class='ocrx_word' id='word_1_565' title='bbox 3078 5083 3136 5118; x_wconf 81' lang='grc' dir='ltr'><strong>τε</strong></span> <span class='ocrx_word' id='word_1_566' title='bbox 3174 5069 3265 5120; x_wconf 79' lang='grc' dir='ltr'><strong>καὶ</strong></span> <span class='ocrx_word' id='word_1_567' title='bbox 3293 5067 3499 5141; x_wconf 81' lang='grc' dir='ltr'>εἰρμοῦ,</span> <span class='ocrx_word' id='word_1_568' title='bbox 3527 5066 3687 5119; x_wconf 76' lang='grc' dir='ltr'>εἰδέναι</span> 
     </span>
    </p>
   </div>
   <div class='ocr_carea' id='block_1_61' title="bbox 487 5148 2056 5228">
    <p class='ocr_par' dir='ltr' id='par_1_61' title="bbox 487 5153 2056 5228">
     <span class='ocr_line' id='line_1_63' title="bbox 487 5153 2056 5228; baseline -0.002 -18"><span class='ocrx_word' id='word_1_569' title='bbox 487 5157 908 5228; x_wconf 86' lang='lat' dir='ltr'><strong>Evangeliorum</strong></span> <span class='ocrx_word' id='word_1_570' title='bbox 940 5155 1157 5225; x_wconf 90' lang='lat' dir='ltr'><strong>propria</strong></span> <span class='ocrx_word' id='word_1_571' title='bbox 1191 5163 1244 5210; x_wconf 90' lang='lat' dir='ltr'><strong>et</strong></span> <span class='ocrx_word' id='word_1_572' title='bbox 1280 5154 1570 5208; x_wconf 74' lang='lat' dir='ltr'><strong>familiaria</strong></span> <span class='ocrx_word' id='word_1_573' title='bbox 1599 5155 1740 5218; x_wconf 89' lang='lat' dir='ltr'><strong>loca,</strong></span> <span class='ocrx_word' id='word_1_574' title='bbox 1767 5155 1823 5208; x_wconf 92' lang='lat' dir='ltr'><strong>in</strong></span> <span class='ocrx_word' id='word_1_575' title='bbox 1858 5153 2056 5224; x_wconf 88' lang='lat' dir='ltr'><strong>quibus</strong></span> 
     </span>
    </p>
   </div>
   <div class='ocr_carea' id='block_1_62' title="bbox 2118 5148 3687 5228">
    <p class='ocr_par' dir='ltr' id='par_1_62' title="bbox 2161 5148 3687 5226">
     <span class='ocr_line' id='line_1_64' title="bbox 2161 5148 3687 5226; baseline -0.003 -18"><span class='ocrx_word' id='word_1_576' title='bbox 2161 5155 2304 5226; x_wconf 79' lang='grc' dir='ltr'>ἔχοις</span> <span class='ocrx_word' id='word_1_577' title='bbox 2317 5157 2442 5213; x_wconf 77' lang='grc' dir='ltr'>τοὺς</span> <span class='ocrx_word' id='word_1_578' title='bbox 2457 5154 2686 5219; x_wconf 72' lang='grc' dir='ltr'>οἰκείους</span> <span class='ocrx_word' id='word_1_579' title='bbox 2699 5156 2927 5210; x_wconf 80' lang='grc' dir='ltr'>ἑκάστου</span> <span class='ocrx_word' id='word_1_580' title='bbox 2947 5157 3329 5225; x_wconf 76' lang='grc' dir='ltr'>εὐαγγελιστοῦ</span> <span class='ocrx_word' id='word_1_581' title='bbox 3347 5161 3545 5220; x_wconf 80' lang='grc' dir='ltr'>τόπους,</span> <span class='ocrx_word' id='word_1_582' title='bbox 3565 5158 3611 5208; x_wconf 86' lang='grc' dir='ltr'>ὲν</span> <span class='ocrx_word' id='word_1_583' title='bbox 3624 5148 3687 5215; x_wconf 75' lang='grc' dir='ltr'>εἷς</span> 
     </span>
    </p>
   </div>
   <div class='ocr_carea' id='block_1_63' title="bbox 483 5244 2052 5322">
    <p class='ocr_par' dir='ltr' id='par_1_63' title="bbox 483 5247 2052 5318">
     <span class='ocr_line' id='line_1_65' title="bbox 483 5247 2052 5318; baseline -0.001 -14"><span class='ocrx_word' id='word_1_584' title='bbox 483 5247 674 5304; x_wconf 91' lang='lat' dir='ltr'><strong>eadem</strong></span> <span class='ocrx_word' id='word_1_585' title='bbox 729 5248 1097 5315; x_wconf 88' lang='lat' dir='ltr'><strong>similiterque</strong></span> <span class='ocrx_word' id='word_1_586' title='bbox 1141 5247 1423 5308; x_wconf 78' lang='lat' dir='ltr'><strong>dixerunt,</strong></span> <span class='ocrx_word' id='word_1_587' title='bbox 1455 5247 1596 5302; x_wconf 89' lang='lat' dir='ltr'><strong>scire</strong></span> <span class='ocrx_word' id='word_1_588' title='bbox 1633 5247 1814 5318; x_wconf 92' lang='lat' dir='ltr'><strong>possis</strong></span> <span class='ocrx_word' id='word_1_589' title='bbox 1839 5262 1902 5302; x_wconf 90' lang='lat' dir='ltr'><strong>ac</strong></span> <span class='ocrx_word' id='word_1_590' title='bbox 1933 5264 2052 5303; x_wconf 85' lang='lat' dir='ltr'><strong>vere</strong></span> 
     </span>
    </p>
   </div>
   <div class='ocr_carea' id='block_1_64' title="bbox 2114 5244 3683 5322">
    <p class='ocr_par' dir='ltr' id='par_1_64' title="bbox 2161 5244 3683 5322">
     <span class='ocr_line' id='line_1_66' title="bbox 2161 5244 3683 5322; baseline -0.003 -22"><span class='ocrx_word' id='word_1_591' title='bbox 2161 5249 2299 5302; x_wconf 77' lang='grc' dir='ltr'>κατὰ</span> <span class='ocrx_word' id='word_1_592' title='bbox 2325 5247 2432 5302; x_wconf 82' lang='grc' dir='ltr'>τῶν</span> <span class='ocrx_word' id='word_1_593' title='bbox 2448 5247 2672 5321; x_wconf 72' lang='grc' dir='ltr'>[αὐτῶν]</span> <span class='ocrx_word' id='word_1_594' title='bbox 2708 5248 3009 5319; x_wconf 74' lang='grc' dir='ltr'>ἠνέχθησαν</span> <span class='ocrx_word' id='word_1_595' title='bbox 3026 5249 3332 5322; x_wconf 67' lang='grc' dir='ltr'>φιλαλήθως</span> <span class='ocrx_word' id='word_1_596' title='bbox 3347 5253 3526 5314; x_wconf 82' lang='grc' dir='ltr'>εἰπεῖν,</span> <span class='ocrx_word' id='word_1_597' title='bbox 3546 5250 3598 5300; x_wconf 78' lang='grc' dir='ltr'>ὲκ</span> <span class='ocrx_word' id='word_1_598' title='bbox 3612 5244 3683 5298; x_wconf 72' lang='grc' dir='ltr'>τοῦ</span> 
     </span>
    </p>
   </div>
   <div class='ocr_carea' id='block_1_65' title="bbox 484 5337 2053 5415">
    <p class='ocr_par' dir='ltr' id='par_1_65' title="bbox 484 5337 2053 5409">
     <span class='ocr_line' id='line_1_67' title="bbox 484 5337 2053 5409; baseline -0.002 -16"><span class='ocrx_word' id='word_1_599' title='bbox 484 5339 778 5402; x_wconf 85' lang='lat' dir='ltr'><strong>disserere,</strong></span> <span class='ocrx_word' id='word_1_600' title='bbox 817 5347 1041 5409; x_wconf 84' lang='lat' dir='ltr'><strong>accepta</strong></span> <span class='ocrx_word' id='word_1_601' title='bbox 1068 5339 1359 5394; x_wconf 87' lang='lat' dir='ltr'><strong>occasione</strong></span> <span class='ocrx_word' id='word_1_602' title='bbox 1387 5354 1453 5393; x_wconf 75' lang='lat' dir='ltr'><strong>ex</strong></span> <span class='ocrx_word' id='word_1_603' title='bbox 1500 5338 1745 5408; x_wconf 66' lang='lat' dir='ltr'><strong>prmdieti</strong></span> <span class='ocrx_word' id='word_1_604' title='bbox 1780 5337 1884 5392; x_wconf 82' lang='lat' dir='ltr'><strong>viri</strong></span> <span class='ocrx_word' id='word_1_605' title='bbox 1935 5344 2053 5392; x_wconf 89' lang='lat' dir='ltr'><strong>stu-</strong></span> 
     </span>
    </p>
   </div>
   <div class='ocr_carea' id='block_1_66' title="bbox 2113 5337 3682 5415">
    <p class='ocr_par' dir='ltr' id='par_1_66' title="bbox 2161 5339 3682 5415">
     <span class='ocr_line' id='line_1_68' title="bbox 2161 5339 3682 5415; baseline -0.001 -23"><span class='ocrx_word' id='word_1_606' title='bbox 2161 5341 2292 5410; x_wconf 83' lang='grc' dir='ltr'>πονή</span> <span class='ocrx_word' id='word_1_607' title='bbox 2303 5357 2468 5410; x_wconf 78' lang='grc' dir='ltr'>ματος</span> <span class='ocrx_word' id='word_1_608' title='bbox 2492 5339 2585 5394; x_wconf 80' lang='grc' dir='ltr'>τοῦ</span> <span class='ocrx_word' id='word_1_609' title='bbox 2630 5341 3026 5412; x_wconf 84' lang='grc' dir='ltr'>προειρημένου</span> <span class='ocrx_word' id='word_1_610' title='bbox 3069 5343 3260 5415; x_wconf 74' lang='grc' dir='ltr'>ἀνδρὸς</span> <span class='ocrx_word' id='word_1_611' title='bbox 3286 5341 3512 5413; x_wconf 57' lang='grc' dir='ltr'>εἰληφὼς</span> <span class='ocrx_word' id='word_1_612' title='bbox 3543 5341 3682 5406; x_wconf 49' lang='lat' dir='ltr'><strong>drap-</strong></span> 
     </span>
    </p>
   </div>
   <div class='ocr_carea' id='block_1_67' title="bbox 483 5428 2052 5504">
    <p class='ocr_par' dir='ltr' id='par_1_67' title="bbox 483 5428 2052 5489">
     <span class='ocr_line' id='line_1_69' title="bbox 483 5428 2052 5489; baseline 0.003 -10"><span class='ocrx_word' id='word_1_613' title='bbox 483 5429 597 5489; x_wconf 88' lang='lat' dir='ltr'><strong>dio,</strong></span> <span class='ocrx_word' id='word_1_614' title='bbox 645 5430 751 5484; x_wconf 91' lang='lat' dir='ltr'><strong>alia</strong></span> <span class='ocrx_word' id='word_1_615' title='bbox 816 5431 1027 5484; x_wconf 81' lang='lat' dir='ltr'><strong>ratione</strong></span> <span class='ocrx_word' id='word_1_616' title='bbox 1073 5428 1260 5484; x_wconf 88' lang='lat' dir='ltr'><strong>decem</strong></span> <span class='ocrx_word' id='word_1_617' title='bbox 1319 5444 1674 5484; x_wconf 89' lang='lat' dir='ltr'><strong>numerorum</strong></span> <span class='ocrx_word' id='word_1_618' title='bbox 1721 5428 1818 5483; x_wconf 92' lang='lat' dir='ltr'><strong>tibi</strong></span> <span class='ocrx_word' id='word_1_619' title='bbox 1870 5429 2052 5483; x_wconf 83' lang='lat' dir='ltr'><strong>titulos</strong></span> 
     </span>
    </p>
   </div>
   <div class='ocr_carea' id='block_1_68' title="bbox 2111 5428 3680 5504">
    <p class='ocr_par' dir='ltr' id='par_1_68' title="bbox 2162 5428 3680 5504">
     <span class='ocr_line' id='line_1_70' title="bbox 2162 5428 3680 5504; baseline -0.003 -18"><span class='ocrx_word' id='word_1_620' title='bbox 2162 5433 2287 5502; x_wconf 70' lang='grc' dir='ltr'>μὰς,</span> <span class='ocrx_word' id='word_1_621' title='bbox 2319 5431 2440 5485; x_wconf 81' lang='grc' dir='ltr'>καθ’</span> <span class='ocrx_word' id='word_1_622' title='bbox 2473 5431 2667 5504; x_wconf 81' lang='grc' dir='ltr'>ἑτέραν</span> <span class='ocrx_word' id='word_1_623' title='bbox 2702 5431 2918 5503; x_wconf 76' lang='grc' dir='ltr'>μέθοδον</span> <span class='ocrx_word' id='word_1_624' title='bbox 2945 5434 3176 5498; x_wconf 76' lang='grc' dir='ltr'>κανόνας</span> <span class='ocrx_word' id='word_1_625' title='bbox 3207 5435 3334 5488; x_wconf 82' lang='grc' dir='ltr'>δέκα</span> <span class='ocrx_word' id='word_1_626' title='bbox 3366 5435 3450 5486; x_wconf 75' lang='grc' dir='ltr'><strong>τὸν</strong></span> <span class='ocrx_word' id='word_1_627' title='bbox 3489 5428 3680 5501; x_wconf 78' lang='grc' dir='ltr'>ἀριθμὸν</span> 
     </span>
    </p>
   </div>
   <div class='ocr_carea' id='block_1_69' title="bbox 485 5519 2054 5598">
    <p class='ocr_par' dir='ltr' id='par_1_69' title="bbox 485 5522 2054 5596">
     <span class='ocr_line' id='line_1_71' title="bbox 485 5522 2054 5596; baseline 0.001 -20"><span class='ocrx_word' id='word_1_628' title='bbox 485 5522 787 5592; x_wconf 81' lang='lat' dir='ltr'><strong>designavi.</strong></span> <span class='ocrx_word' id='word_1_629' title='bbox 823 5523 1064 5592; x_wconf 84' lang='lat' dir='ltr'><strong>Quorum</strong></span> <span class='ocrx_word' id='word_1_630' title='bbox 1109 5527 1320 5596; x_wconf 89' lang='lat' dir='ltr'><strong>primus</strong></span> <span class='ocrx_word' id='word_1_631' title='bbox 1363 5535 1598 5596; x_wconf 91' lang='lat' dir='ltr'><strong>quatuor</strong></span> <span class='ocrx_word' id='word_1_632' title='bbox 1625 5525 1682 5579; x_wconf 91' lang='lat' dir='ltr'><strong>in</strong></span> <span class='ocrx_word' id='word_1_633' title='bbox 1717 5541 1777 5581; x_wconf 87' lang='lat' dir='ltr'><strong>se</strong></span> <span class='ocrx_word' id='word_1_634' title='bbox 1814 5527 2054 5580; x_wconf 89' lang='lat' dir='ltr'><strong>continet</strong></span> 
     </span>
    </p>
   </div>
   <div class='ocr_carea' id='block_1_70' title="bbox 2111 5519 3680 5598">
    <p class='ocr_par' dir='ltr' id='par_1_70' title="bbox 2156 5519 3680 5598">
     <span class='ocr_line' id='line_1_72' title="bbox 2156 5519 3680 5598; baseline -0.001 -22"><span class='ocrx_word' id='word_1_635' title='bbox 2156 5524 2450 5596; x_wconf 80' lang='grc' dir='ltr'>διεχάραξά</span> <span class='ocrx_word' id='word_1_636' title='bbox 2485 5543 2563 5578; x_wconf 82' lang='grc' dir='ltr'><strong>σοι</strong></span> <span class='ocrx_word' id='word_1_637' title='bbox 2590 5527 2714 5589; x_wconf 78' lang='grc' dir='ltr'>τοὺς</span> <span class='ocrx_word' id='word_1_638' title='bbox 2743 5526 3244 5595; x_wconf 72' lang='grc' dir='ltr'>ὑποτεταγμένουςο</span> <span class='ocrx_word' id='word_1_639' title='bbox 3281 5521 3353 5580; x_wconf 84' lang='grc' dir='ltr'>ὦν</span> <span class='ocrx_word' id='word_1_640' title='bbox 3387 5529 3412 5580; x_wconf 89' lang='grc' dir='ltr'><strong>ὀ</strong></span> <span class='ocrx_word' id='word_1_641' title='bbox 3445 5527 3533 5598; x_wconf 80' lang='grc' dir='ltr'><strong>μὲν</strong></span> <span class='ocrx_word' id='word_1_642' title='bbox 3559 5519 3680 5592; x_wconf 69' lang='grc' dir='ltr'>πρῶ·</span> 
     </span>
    </p>
   </div>
   <div class='ocr_carea' id='block_1_71' title="bbox 485 5613 2054 5698">
    <p class='ocr_par' dir='ltr' id='par_1_71' title="bbox 485 5618 2052 5689">
     <span class='ocr_line' id='line_1_73' title="bbox 485 5618 2052 5689; baseline 0.002 -21"><span class='ocrx_word' id='word_1_643' title='bbox 485 5631 762 5683; x_wconf 88' lang='lat' dir='ltr'><strong>numeros,</strong></span> <span class='ocrx_word' id='word_1_644' title='bbox 790 5619 844 5672; x_wconf 91' lang='lat' dir='ltr'><strong>in</strong></span> <span class='ocrx_word' id='word_1_645' title='bbox 875 5621 1076 5689; x_wconf 89' lang='lat' dir='ltr'><strong>quibus</strong></span> <span class='ocrx_word' id='word_1_646' title='bbox 1107 5620 1306 5674; x_wconf 85' lang='lat' dir='ltr'><strong>similia</strong></span> <span class='ocrx_word' id='word_1_647' title='bbox 1331 5619 1400 5673; x_wconf 91' lang='lat' dir='ltr'><strong>ab</strong></span> <span class='ocrx_word' id='word_1_648' title='bbox 1431 5619 1706 5675; x_wconf 88' lang='lat' dir='ltr'><strong>universis</strong></span> <span class='ocrx_word' id='word_1_649' title='bbox 1731 5618 1874 5673; x_wconf 85' lang='lat' dir='ltr'><strong>dicta</strong></span> <span class='ocrx_word' id='word_1_650' title='bbox 1902 5627 2052 5686; x_wconf 90' lang='lat' dir='ltr'><strong>sunt,</strong></span> 
     </span>
    </p>
   </div>
   <div class='ocr_carea' id='block_1_72' title="bbox 2109 5613 3678 5698">
    <p class='ocr_par' dir='ltr' id='par_1_72' title="bbox 2109 5613 3678 5695">
     <span class='ocr_line' id='line_1_74' title="bbox 2109 5613 3678 5695; baseline -0.019 -1"><span class='ocrx_word' id='word_1_651' title='bbox 2109 5645 2128 5695; x_wconf 86' lang='lat'><strong>)</strong></span> <span class='ocrx_word' id='word_1_652' title='bbox 2157 5633 2246 5679; x_wconf 64' lang='grc' dir='ltr'><strong>τος</strong></span> <span class='ocrx_word' id='word_1_653' title='bbox 2273 5619 2514 5688; x_wconf 74' lang='grc' dir='ltr'>περιέχει</span> <span class='ocrx_word' id='word_1_654' title='bbox 2545 5617 2809 5688; x_wconf 73' lang='grc' dir='ltr'>ἀριθμοὺς</span> <span class='ocrx_word' id='word_1_655' title='bbox 2838 5619 2896 5670; x_wconf 67' lang='grc' dir='ltr'><strong>ἐν</strong></span> <span class='ocrx_word' id='word_1_656' title='bbox 2925 5613 3003 5682; x_wconf 76' lang='grc' dir='ltr'>οἷς</span> <span class='ocrx_word' id='word_1_657' title='bbox 3027 5619 3092 5670; x_wconf 69' lang='grc' dir='ltr'><strong>τὰ</strong></span> <span class='ocrx_word' id='word_1_658' title='bbox 3129 5619 3470 5692; x_wconf 68' lang='grc' dir='ltr'>παραπλήσια</span> <span class='ocrx_word' id='word_1_659' title='bbox 3496 5615 3678 5687; x_wconf 66' lang='grc' dir='ltr'>εἰρήκει</span> 
     </span>
    </p>
   </div>
   <div class='ocr_carea' id='block_1_73' title="bbox 485 5705 2054 5785">
    <p class='ocr_par' dir='ltr' id='par_1_73' title="bbox 485 5707 2050 5780">
     <span class='ocr_line' id='line_1_75' title="bbox 485 5707 2050 5780; baseline 0.002 -20"><span class='ocrx_word' id='word_1_660' title='bbox 485 5707 760 5774; x_wconf 68' lang='lat' dir='ltr'><strong>Matthaao,</strong></span> <span class='ocrx_word' id='word_1_661' title='bbox 791 5710 991 5772; x_wconf 82' lang='lat' dir='ltr'><strong>Marco,</strong></span> <span class='ocrx_word' id='word_1_662' title='bbox 1026 5709 1193 5773; x_wconf 87' lang='lat' dir='ltr'><strong>Luca,</strong></span> <span class='ocrx_word' id='word_1_663' title='bbox 1223 5709 1455 5765; x_wconf 81' lang='lat' dir='ltr'><strong>Joanne.</strong></span> <span class='ocrx_word' id='word_1_664' title='bbox 1492 5708 1802 5773; x_wconf 86' lang='lat' dir='ltr'><strong>Secundus,</strong></span> <span class='ocrx_word' id='word_1_665' title='bbox 1838 5711 1892 5764; x_wconf 90' lang='lat' dir='ltr'><strong>in</strong></span> <span class='ocrx_word' id='word_1_666' title='bbox 1926 5709 2050 5780; x_wconf 90' lang='lat' dir='ltr'><strong>qui-</strong></span> 
     </span>
    </p>
   </div>
   <div class='ocr_carea' id='block_1_74' title="bbox 2105 5705 3674 5785">
    <p class='ocr_par' dir='ltr' id='par_1_74' title="bbox 2157 5705 3674 5785">
     <span class='ocr_line' id='line_1_76' title="bbox 2157 5705 3674 5785; baseline -0.002 -23"><span class='ocrx_word' id='word_1_667' title='bbox 2157 5726 2242 5762; x_wconf 88' lang='grc' dir='ltr'><strong>σιν</strong></span> <span class='ocrx_word' id='word_1_668' title='bbox 2273 5711 2321 5763; x_wconf 88' lang='grc' dir='ltr'>οἱ</span> <span class='ocrx_word' id='word_1_669' title='bbox 2353 5711 2634 5780; x_wconf 80' lang='grc' dir='ltr'>τέσσαρες,</span> <span class='ocrx_word' id='word_1_670' title='bbox 2665 5711 2962 5775; x_wconf 67' lang='grc' dir='ltr'>Ματθαὶος,</span> <span class='ocrx_word' id='word_1_671' title='bbox 2994 5715 3237 5785; x_wconf 81' lang='grc' dir='ltr'>Μάρκος,</span> <span class='ocrx_word' id='word_1_672' title='bbox 3276 5713 3498 5777; x_wconf 76' lang='grc' dir='ltr'>Λουκᾶς,</span> <span class='ocrx_word' id='word_1_673' title='bbox 3534 5705 3674 5760; x_wconf 76' lang='grc' dir='ltr'><strong>Ἰωάν-</strong></span> 
     </span>
    </p>
   </div>
   <div class='ocr_carea' id='block_1_75' title="bbox 487 5796 2056 5877">
    <p class='ocr_par' dir='ltr' id='par_1_75' title="bbox 487 5799 2050 5868">
     <span class='ocr_line' id='line_1_77' title="bbox 487 5799 2050 5868; baseline 0.001 -15"><span class='ocrx_word' id='word_1_674' title='bbox 487 5799 589 5856; x_wconf 79' lang='lat' dir='ltr'><strong>bus</strong></span> <span class='ocrx_word' id='word_1_675' title='bbox 636 5809 768 5865; x_wconf 88' lang='lat' dir='ltr'><strong>tres,</strong></span> <span class='ocrx_word' id='word_1_676' title='bbox 803 5799 1108 5865; x_wconf 76' lang='lat' dir='ltr'><strong>Matthznus,</strong></span> <span class='ocrx_word' id='word_1_677' title='bbox 1168 5800 1406 5868; x_wconf 81' lang='lat' dir='ltr'><strong>Marcus,</strong></span> <span class='ocrx_word' id='word_1_678' title='bbox 1463 5799 1658 5857; x_wconf 85' lang='lat' dir='ltr'><strong>Lucas.</strong></span> <span class='ocrx_word' id='word_1_679' title='bbox 1714 5800 1954 5865; x_wconf 87' lang='lat' dir='ltr'><strong>Tertius,</strong></span> <span class='ocrx_word' id='word_1_680' title='bbox 1993 5801 2050 5855; x_wconf 94' lang='lat' dir='ltr'><strong>in</strong></span> 
     </span>
    </p>
   </div>
   <div class='ocr_carea' id='block_1_76' title="bbox 2103 5796 3672 5877">
    <p class='ocr_par' dir='ltr' id='par_1_76' title="bbox 2157 5796 3672 5877">
     <span class='ocr_line' id='line_1_78' title="bbox 2157 5796 3672 5877; baseline -0.001 -21"><span class='ocrx_word' id='word_1_681' title='bbox 2157 5821 2273 5874; x_wconf 83' lang='grc' dir='ltr'>νης.</span> <span class='ocrx_word' id='word_1_682' title='bbox 2314 5803 2370 5855; x_wconf 83' lang='grc' dir='ltr'>Ὀ</span> <span class='ocrx_word' id='word_1_683' title='bbox 2405 5802 2670 5875; x_wconf 68' lang='grc' dir='ltr'>δεύτερος,</span> <span class='ocrx_word' id='word_1_684' title='bbox 2701 5806 2758 5856; x_wconf 81' lang='grc' dir='ltr'><strong>ἐν</strong></span> <span class='ocrx_word' id='word_1_685' title='bbox 2871 5806 2920 5856; x_wconf 85' lang='grc' dir='ltr'>οἱ</span> <span class='ocrx_word' id='word_1_686' title='bbox 2947 5808 3112 5877; x_wconf 78' lang='grc' dir='ltr'>τρεῖς,</span> <span class='ocrx_word' id='word_1_687' title='bbox 3149 5805 3435 5869; x_wconf 78' lang='grc' dir='ltr'>Ματθαῖος,</span> <span class='ocrx_word' id='word_1_688' title='bbox 3468 5804 3672 5872; x_wconf 66' lang='grc' dir='ltr'>Μάρκος.</span> 
     </span>
    </p>
   </div>
   <div class='ocr_carea' id='block_1_77' title="bbox 489 5889 2058 5966">
    <p class='ocr_par' dir='ltr' id='par_1_77' title="bbox 489 5894 2048 5962">
     <span class='ocr_line' id='line_1_79' title="bbox 489 5894 2048 5962; baseline 0.003 -14"><span class='ocrx_word' id='word_1_689' title='bbox 489 5894 688 5955; x_wconf 74' lang='lat' dir='ltr'><strong>quibus</strong></span> <span class='ocrx_word' id='word_1_690' title='bbox 741 5903 872 5960; x_wconf 90' lang='lat' dir='ltr'><strong>tres,</strong></span> <span class='ocrx_word' id='word_1_691' title='bbox 911 5895 1212 5957; x_wconf 75' lang='lat' dir='ltr'><strong>Matthteus,</strong></span> <span class='ocrx_word' id='word_1_692' title='bbox 1244 5894 1442 5961; x_wconf 85' lang='lat' dir='ltr'><strong>Lucas,</strong></span> <span class='ocrx_word' id='word_1_693' title='bbox 1485 5895 1738 5952; x_wconf 83' lang='lat' dir='ltr'><strong>Joannes.</strong></span> <span class='ocrx_word' id='word_1_694' title='bbox 1786 5895 2048 5962; x_wconf 80' lang='lat' dir='ltr'><strong>Quartus,</strong></span> 
     </span>
    </p>
   </div>
   <div class='ocr_carea' id='block_1_78' title="bbox 2099 5889 3668 5966">
    <p class='ocr_par' dir='ltr' id='par_1_78' title="bbox 2161 5889 3668 5966">
     <span class='ocr_line' id='line_1_80' title="bbox 2161 5889 3668 5966; baseline -0.004 -18"><span class='ocrx_word' id='word_1_695' title='bbox 2161 5895 2392 5958; x_wconf 77' lang='grc' dir='ltr'>Λουκᾶς.</span> <span class='ocrx_word' id='word_1_696' title='bbox 2426 5894 2484 5948; x_wconf 89' lang='grc' dir='ltr'>Ὀ</span> <span class='ocrx_word' id='word_1_697' title='bbox 2507 5895 2706 5966; x_wconf 84' lang='grc' dir='ltr'>τρίτος,</span> <span class='ocrx_word' id='word_1_698' title='bbox 2735 5896 2791 5949; x_wconf 78' lang='grc' dir='ltr'><strong>ὲν</strong></span> <span class='ocrx_word' id='word_1_699' title='bbox 2819 5889 2862 5964; x_wconf 80' lang='grc' dir='ltr'>ᾧ</span> <span class='ocrx_word' id='word_1_700' title='bbox 2884 5897 2932 5948; x_wconf 82' lang='grc' dir='ltr'>οἱ</span> <span class='ocrx_word' id='word_1_701' title='bbox 2966 5899 3133 5964; x_wconf 81' lang='grc' dir='ltr'>τρεῖς,</span> <span class='ocrx_word' id='word_1_702' title='bbox 3161 5898 3445 5959; x_wconf 75' lang='grc' dir='ltr'>Ματθαῐος.</span> <span class='ocrx_word' id='word_1_703' title='bbox 3476 5893 3668 5950; x_wconf 74' lang='grc' dir='ltr'>Λουκᾶς.</span> 
     </span>
    </p>
   </div>
  </div>
