3974 6546
276 459 322 516 Ι
331 458 440 514 277

1443 453 1764 511 CANONES
1801 451 2364 510 EVANGELIORUM.

3397 456 3539 516 £9.73

292 576 578 645 Ἰωάννης.
609 574 666 628 '0
688 573 964 644 τέταρτος,
993 572 1051 624 ὲν
1071 563 1115 640 ᾧ
1133 573 1182 624 οἱ
1207 573 1370 644 τρεῖς,
1396 571 1690 636 Ματθαῖος,
1715 570 1857 640 Μάρ-

1970 568 2024 623 ἰη
2046 569 2391 639 quibustres,
2410 568 2719 633 Mattheus,
2738 568 2975 633 Marcus,
2998 567 3255 627 Joannes.
3278 569 3537 640 Quintus,

280 687 410 732 κος,
452 667 723 738 Ἰωάννης.
765 667 822 720 '0
861 667 1129 737 πέμπτος,
1163 668 1220 719 ὲν
1336 667 1383 718 οἱ
1416 663 1526 728 δύο,
1569 661 1864 727 Ματθαίος,

273 761 530 823 Λουκᾶς.
569 759 626 812 '0
658 758 838 822 ἕκτος,
868 759 926 811 ὲν
1045 759 1094 810 οἱ
1136 757 1248 820 δύο,
1282 756 1578 819 Ματθαῖος,
1619 755 1863 826 Μάρκος.

291 850 362 905 Ὅ
409 850 656 921 ἕϐδομος,
704 852 762 903 ὲν
892 850 942 902 οἱ
991 848 1104 912 δύο,
1152 848 1448 911 Ματθαίος,
1491 846 1761 916 Ἰωάννης.
1809 846 1866 899 Ὀ

275 942 495 1010 ὄγδοος,
521 944 578 995 ὲν
608 935 652 1010 ᾧ
677 945 726 995 οἱ
759 943 872 1006 δύο,
905 942 1150 1012 Μάρκος,
1175 942 1407 1002 Λουκᾶς.
1448 940 1506 991 '0
1541 938 1779 1002 ἔννατος,
1807 940 1866 992 ὲν

274 1027 331 1101 ᾧ
358 1035 409 1086 οἱ
436 1035 549 1098 δύο,
591 1035 826 1099 Λουκᾶς,
871 1034 1143 1105 Ἰωάννης.
1180 1035 1238 1085 '0
1267 1033 1508 1094 δέκατος.
1553 1032 1610 1085 ὲν
1653 1025 1697 1100 ᾧ
1738 1031 1864 1100 περὶ

271 1124 450 1177 τίνων
476 1123 706 1188 ἕκαστος
732 1125 910 1180 αὐτῶν
945 1125 1091 1189 ἰδίως
1114 1124 1436 1197 ἀνέγραψεν.
1464 1123 1611 1194 Αὕτη
1643 1123 1740 1194 μὲν
1771 1118 1864 1176 οὖν

275 1215 318 1284 ἠ
345 1213 458 1266 τῶν
497 1215 954 1287 ὑποτεταγμένων
999 1217 1235 1269 κανόνων
1277 1215 1564 1278 ὑπόθεσις·
1601 1216 1634 1285 ἡ
1672 1214 1729 1267 δὲ
1769 1230 1865 1266 σασ

275 1306 392 1376 φὴς
433 1306 612 1359 αὐτῶν
657 1306 930 1377 διήγησις,
973 1306 1119 1359 ἐστιν
1163 1306 1275 1376 ἦδε.
1319 1307 1430 1376 Ἐφ’
1496 1307 1709 1376 ἑκάστῳ
1756 1305 1863 1358 τῶν

273 1399 564 1471 τεσσάρων
606 1399 951 1468 Εὐαγγελίων
993 1399 1224 1470 ἀριθμός
1270 1416 1354 1462 τις
1394 1399 1677 1470 πρόκειται
1724 1397 1863 1450 κατά

277 1490 474 1561 μέρος,
523 1491 822 1562 ἀρχόμενος
872 1491 978 1544 ἀπὸ
1019 1491 1114 1544 τοῦ
1162 1489 1398 1561 πρώτου,
1439 1486 1558 1543 εἶτα
1587 1490 1861 1560 δευτέρου,

274 1581 377 1634 καὶ
417 1582 623 1651 τρίτου,
667 1582 761 1635 καὶ
794 1581 1026 1652 καθεξῆς
1068 1579 1270 1650 προῖὼν
1310 1581 1378 1634 δι’
1408 1581 1530 1634 ὅλου
1571 1581 1730 1652 μέχρι
1768 1579 1860 1632 τοῦ

270 1671 468 1734 τέλους
496 1672 590 1724 τοῦ
620 1671 846 1743 βιϐλίου.
875 1672 1010 1725 Καθ’
1035 1673 1265 1726 ἕκαστον
1289 1673 1345 1725 δὲ
1381 1671 1614 1745 ἀριθμὸν
1653 1672 1860 1740 ὑποση-

277 1763 509 1834 μείωσις
535 1763 623 1817 διὰ
647 1763 1015 1834 κινναϐάρεως
1036 1757 1346 1835 πρόκειται,
1377 1762 1610 1834 δηλοῦσα
1642 1763 1699 1815 ὲν
1724 1762 1860 1816 ποίω

268 1853 388 1907 τῶν
414 1855 546 1908 δέκα
578 1856 815 1908 κανόνων
841 1872 1091 1926 κειμενος
1119 1859 1146 1908 ὁ
1167 1855 1398 1927 ἀριθμὸς
1428 1855 1704 1924 τυγχάνει.
1735 1847 1860 1905 Οἷον

1969 662 2025 717 in
2056 662 2257 732 quibus
2281 661 2411 728 duo,
2445 659 2752 729 Mattbzeus,
2781 660 2978 717 Lucas.
3003 659 3222 728 Sextus,
3255 663 3309 718 in
3338 664 3537 735 quibus

1969 753 2099 819 duo,
2136 751 2444 820 blattbaeus,
2477 752 2714 808 Marcus.
2760 752 3059 825 Septimus,
3090 755 3146 809 in
3179 755 3378 825 quibus
3402 756 3533 821 duo,

1968 843 2277 912 Mattheus,
2304 843 2566 900 Joannes.
2603 843 2864 911 Octavus,
2901 847 2959 900 in
2999 848 3199 916 quibus
3233 847 3364 912 duo,
3394 847 3538 902 Mar-

1967 952 2089 1000 cus,
2121 935 2321 993 Lucas.
2348 936 2556 1002 Nonus,
2580 937 2635 992 in
2669 938 2871 1008 quibus
2901 939 3028 1004 duo,
3047 937 3244 1003 Lucas,
3274 937 3532 996 Joannes.

1965 1029 2242 1096 Decimus,
2269 1030 2324 1084 in
2371 1029 2569 1099 quibus
2613 1030 2813 1100 singuli
2863 1030 2931 1085 de
2958 1030 3285 1100 quibusdam
3317 1031 3538 1102 proprie

1968 1123 2329 1192 scripserunt,
2365 1120 2430 1175 Et
2490 1122 2707 1192 quidem
2759 1122 3132 1191 subiectorum
3167 1122 3447 1177 titulorum
3483 1123 3535 1177 id

1964 1226 2048 1270 est
2079 1224 2459 1284 argumentum
2505 1233 2518 1269 :
2554 1217 2701 1269 clara
2735 1231 2865 1270 vero
2917 1231 3105 1269 eorum
3144 1215 3388 1270 narratio
3421 1216 3536 1270 ham:

1965 1313 2068 1360 est.
2096 1305 2307 1362 Etenim
2345 1323 2439 1378 per
2462 1307 2672 1376 singula
2703 1307 2817 1361 loca
2854 1307 3269 1377 Evangeliorum
3307 1308 3533 1378 quidam

1965 1418 2228 1457 numerus
2265 1401 2482 1456 videtur
2514 1402 2820 1471 appositus,
2876 1401 3136 1470 paulatim
3194 1402 3462 1470 incipiens
3503 1417 3536 1456 τι

1965 1494 2162 1561 primo,
2210 1493 2408 1548 deinde
2462 1491 2723 1558 secundo,
2783 1500 3061 1562 postremo
3120 1493 3302 1557 tertio,
3336 1501 3389 1548 et
3439 1507 3536 1564 per

1962 1585 2207 1639 ordinem
2231 1585 2494 1638 librorum
2530 1583 2598 1637 ad
2631 1583 2788 1639 ﬁnem
2823 1601 2994 1654 usque
3019 1585 3388 1655 progrediens.
3424 1584 3535 1638 Ita-

1963 1692 2066 1745 que
2097 1692 2192 1746 per
2211 1677 2455 1746 singulos
2474 1691 2733 1732 numeros
2761 1677 3095 1745 supputatio,
3122 1694 3214 1746 per
3235 1678 3389 1732 lineae
3415 1677 3533 1734 dis-

1963 1769 2278 1823 tinctionem
2296 1769 2570 1822 invenitur
2586 1769 2813 1830 inserta,
2835 1768 3150 1838 signiﬁcans
3163 1769 3247 1823 cui
3264 1769 3329 1824 de
3341 1770 3529 1825 decem

1964 1858 2134 1912 titulis
2147 1858 2428 1927 appositus
2442 1873 2702 1913 numerus
2715 1856 3226 1928 assigneturNeluti
3248 1860 3293 1914 si
3313 1859 3531 1929 quidem

270 1946 326 2000 ei
357 1947 458 2017 μὲν
483 1947 721 2019 α’,δῆλον
757 1949 832 2012 ὡς
857 1951 914 2002 ἐν
935 1948 1012 2019 τῷ
1042 1948 1242 2020 πρώτῳ
1262 1966 1275 1978 ·
1305 1951 1353 2002 εἰ
1385 1949 1440 2002 δὲ
1467 1949 1530 2018 β’,
1553 1951 1610 2000 ὲν
1637 1947 1714 2017 τῷ
1739 1946 1857 1998 δευ-

1969 1952 2224 2018 primum,
2247 1957 2456 2003 certum
2483 1957 2567 2004 est
2587 1949 2639 2002 in
2660 1950 2857 2018 primo.
2889 1947 2946 2002 Si
2971 1965 3101 2004 vero
3125 1951 3448 2014 secundum,
3478 1952 3529 2006 in

270 2038 422 2109 τέρῳ
439 2055 452 2069 ·
485 2039 580 2092 καὶ
603 2039 744 2092 οὕτω
768 2039 1004 2110 καθεξῆς
1033 2041 1193 2110 μέχρι
1220 2040 1328 2093 τῶν
1353 2040 1504 2094 δέκα.
1533 2040 1596 2092 Εἰ
1618 2034 1710 2092 οὖν
1737 2038 1860 2090 ἀνα-

275 2129 490 2194 πτύξας
513 2129 571 2183 ἕν
595 2147 647 2183 τι
667 2129 775 2182 τῶν
791 2132 1068 2202 τεσσάρων
1090 2131 1434 2200 Εὐαγγελίων
1455 2128 1854 2200 ὁποιονδήποτε,

273 2219 593 2293 βουληθείης
639 2221 924 2292 ἐπιστῆναί
963 2239 1069 2275 τινι
1114 2217 1157 2290 ᾧ
1195 2222 1372 2293 βούλει
1412 2221 1716 2291 κεφαλαίῳ,
1763 2220 1857 2273 καὶ

272 2311 480 2382 γνῶναι
512 2313 656 2378 τινες
689 2313 759 2368 τὰ
800 2314 1158 2386 παραπλήσια
1201 2316 1476 2386 εἰρήκασι,
1506 2313 1601 2367 καὶ
1627 2315 1753 2376 τοὺς
1779 2314 1858 2365 οἰ·

272 2405 458 2467 κείους
483 2407 540 2458 ὲν
565 2405 781 2476 ἑκάστῳ
804 2406 999 2469 τόπους
1021 2408 1222 2478 εὑρεῖν,
1261 2408 1318 2459 ὲν
1345 2401 1426 2470 οἷς
1457 2407 1598 2459 κατά
1623 2404 1730 2458 τῶν
1759 2405 1856 2456 αὐ-

271 2492 383 2545 τῶν
411 2494 736 2566 ἠνέχθησαν,
769 2491 837 2568 ἧς
865 2497 1079 2567 ἐπέχεις
1119 2498 1425 2569 περικοπῆς
1455 2495 1736 2550 ἀναλαϐὼν
1762 2496 1854 2548 τὸν

271 2586 635 2656 προκείμενον
665 2587 915 2658 ἀριθμὸν,
947 2589 1281 2662 ἐπιζητήσας
1321 2609 1382 2644 τε
1415 2592 1578 2645 αὑτὸν
1609 2592 1756 2645 ἔνδον
1796 2594 1853 2644 ὲν

269 2676 353 2746 τῷ
387 2679 588 2738 κανόνι,
623 2679 682 2732 ὃν
710 2681 742 2750 ἡ
779 2681 868 2735 διά
901 2683 994 2736 τοῦ
1039 2683 1408 2754 κινναϐάρεως
1445 2685 1854 2755 ὑποσημείωσις

274 2773 828 2847 ὐποδέδληκεν,.εἱ’σῃ
867 2777 965 2848 μὲν
1008 2777 1169 2840 εὐθὺς
1216 2779 1280 2830 ὲκ
1316 2776 1424 2829 τῶν
1458 2777 1549 2829 ἐπὶ
1598 2776 1850 2847 μετώπου

269 2863 366 2919 τοῦ
406 2866 628 2931 κανόνος
662 2870 1017 2941 προγραφῶν,
1050 2871 1236 2924 ὁπόσοι
1267 2869 1360 2922 καὶ
1397 2869 1540 2931 τίνες
1576 2867 1644 2921 τά
1675 2886 1851 2939 παρα-

271 2956 481 3028 ⁴πλήσια
511 2961 814 3030 εἰρήκασιν.
852 2963 1183 3033 Ἐπιστήσας
1229 2961 1287 3015 δὲ
1329 2963 1423 3015 καὶ
1464 2964 1578 3025 τοῖς
1610 2960 1718 3015 τῶν
1744 2961 1851 3014 λοι-

270 3047 396 3101 πῶν
423 3049 769 3118 Εὐαγγελίων
802 3051 1054 3124 ἀριθμοῖς
1072 3055 1185 3116 τοῖς
1227 3056 1284 3106 ὲν
1319 3052 1398 3123 τῷ
1451 3053 1636 3108 κανόνι
1675 3046 1719 3120 ᾧ
1753 3055 1850 3106 ἐπ-

274 3135 420 3206 έχεις
452 3140 668 3212 ἀριθμῷ
693 3143 1135 3214 παρακειμένοις,
1182 3144 1519 3214 ἐπιζητήσας
1545 3161 1605 3196 τε
1652 3145 1848 3206 αὐτοὺς

272 3228 420 3282 ἔνδον
450 3232 508 3283 ὲν
541 3236 652 3296 τοῖς
684 3233 904 3298 οἰκείοις
933 3235 1162 3288 ἑκάστου
1178 3235 1511 3305 Εὐαγγελίου
1543 3237 1749 3302 τόποις,
1776 3234 1845 3288 τὰ

272 3322 628 3395 παραπλήσια
661 3325 914 3394 λέγοντας
938 3328 1206 3400 εὑρήσεις.

376 3537 442 3588 Α.
483 3536 721 3592 ΚΑΝΩΝ
759 3537 1023 3592 ΠΡΩΤΟΣ
1064 3540 1151 3593 ΕΝ
1189 3541 1230 3610 ῼ
1269 3543 1334 3594 OI
1370 3541 1734 3596 ΤΕΣΣΑΡΕΣ.

407 3653 530 3709 MT.
797 3655 916 3708 ΜΡ.
1209 3657 1276 3712 Λ.
1587 3658 1673 3712 ΙΩ.

409 3783 470 3890 IL
805 3767 839 3890 ἓ
1195 3767 1228 3890 ξ
1590 3787 1616 3890 ὲ

415 3854 470 3890 ια
805 3854 834 3890 ο
1203 3856 1220 3890 ι
1590 3858 1629 3903 ς

413 3925 468 3960 ια
803 3907 833 3959 δ
1202 3927 1220 3961 ι
1591 3910 1644 3961 ι6
1660 3935 1672 3943 -

414 3993 468 4031 ια
803 3975 834 4029 6
1199 3996 1216 4031 t
1582 3980 1629 4032 ιδ

413 4064 466 4100 ια
807 4045 837 4099 6
1204 4066 1220 4100 ι
1572 4066 1644 4120 κη

413 4136 461 4189 ιδ
800 4153 829 4190 ε
1201 4156 1254 4204 ιγ
1589 4159 1634 4193 ιε

413 4223 485 4274 κγ
800 4206 882 4276 Ικζ
1200 4209 1253 4272 ιζ
1580 4229 1661 4282 μς·

410 4292 482 4344 κγ
803 4277 872 4350 κς
1192 4278 1252 4330 λδ
1574 4299 1654 4350 μς·

408 4363 480 4468 ἔτ
799 4347 869 4468 ἒξ
1187 4365 1260 4483 i2
1576 4347 1657 4487 i2?

410 4511 486 4586 πζ
806 4508 900 4586 ρλθ
1186 4529 1248 4563 σν
1589 4531 1703 4586 ρμα

409 4583 480 4655 im
799 4585 883 4655 μς
1191 4589 1286 4648 ρις·
1580 4583 1650 4655 px

406 4653 478 4726 δ’δη
798 4652 878 4726 ἵης
1194 4669 1290 4722 ρις
1578 4652 1668 4726 Pw

407 4723 479 4794 μη
797 4723 876 4794 HC
1185 4739 1282 4792 ρις·
1577 4723 1617 4794 μ

406 4792 477 4860 ιιη
801 4793 880 4854 LL?
1192 4809 1288 4864 ρις
1576 4792 1674 4867 ρκθ

405 4883 506 4976 5:1.
796 4884 879 4976 ξιξ
1194 4899 1290 4976 εις
1577 4886 1678 4976 ei“

405 4950 506 5020 ρλγ
796 4949 860 5013 λζ
1191 4949 1253 5028 ὸς
1570 4949 1634 5028 to

407 5035 519 5090 ρμα
796 5038 824 5073 ν
1195 5023 1244 5076 ιθ
1570 5023 1632 5078 νθ

406 5106 436 5161 ρ
442 5095 515 5159 μῆ
797 5109 863 5144 να
1187 5109 1260 5146 κα
1574 5095 1630 5148 λε

406 5177 511 5284 ff."
793 5160 865 5284 Si
1181 5167 1268 5284 ,ίιέ
1584 5165 1655 5284 fi“

404 5253 500 5321 pic,
795 5253 865 5305 πδ
1181 5253 1248 5320 ιδδ
1583 5254 1631 5319 ιζ

401 5320 508 5391 ρξς
791 5323 865 5374 πϐ
1183 5324 1250 5389 ιδ
1569 5326 1626 5380 οδ

403 5391 464 5442 σο
796 5392 882 5462 ριθ
1184 5395 1275 5446 σλδ
1581 5415 1612 5468 ρ

402 5477 490 5514 σια
794 5479 898 5534 ρκα
1183 5465 1281 5534 σλη
1570 5487 1642 5522 κα

403 5546 468 5586 σκ
794 5533 896 5603 ρκϐ
1193 5533 1286 5588 σλθ
1585 5539 1648 5604 οξ

404 5637 470 5675 σκ
797 5625 896 5695 ρκθ
1184 5627 1294 5764 σὲΰ
1577 5647 1647 5683 πε

399 5708 508 5817 iis
789 5695 901 5817 ἕῖξ
1183 5715 1281 5817 ἕνα

401 5778 507 5827 cito
789 5778 883 5836 ρΑυ
1183 5787 1244 5821 σν
1588 5787 1699 5842 ρμα

401 5831 506 5914 σμὲ
789 5835 883 5906 ρλθ
1181 5856 1248 5914 σπι
1581 5859 1701 5914 ρμς

408 5901 496 5958 σοδ
789 5901 902 5974 ⁷ρνς
1183 5908 1248 5979 σξ
1581 5901 1630 5969 ’κ

1962 2043 2228 2108 secundo,
2253 2050 2306 2096 et
2331 2042 2519 2097 eodem
2545 2042 2707 2095 modo
2738 2057 2912 2112 usque
2944 2043 3010 2096 ad
3035 2046 3242 2098 decem.
3279 2042 3335 2096 Si
3366 2045 3527 2114 igitur

1959 2137 2176 2192 evoluto
2209 2150 2315 2189 uno
2344 2135 2716 2204 qualicunque
2750 2151 2874 2189 cum
2929 2144 3164 2205 quatuor
3198 2135 3527 2205 Evangeliis,

1958 2229 2179 2283 cuilibet
2201 2228 2441 2297 capitulo
2457 2228 2590 2282 velis
2620 2227 2895 2291 insistere,
2929 2235 2982 2282 et
3015 2228 3217 2283 rescire
3247 2226 3339 2298 qui
3372 2226 3528 2280 simi-

1957 2319 2026 2373 lia
2049 2318 2314 2384 dixerint,
2346 2327 2398 2374 et
2420 2320 2538 2372 loca
2573 2317 2794 2388 prepria
2825 2333 3124 2387 agnoscere
3159 2319 3524 2389 singulm-um,

1956 2411 2243 2481 inquibus
2303 2412 2493 2466 eadem
2545 2417 2673 2465 sunt
2721 2411 2989 2481 prolocuti
3046 2411 3291 2480 ejusdem
3329 2424 3529 2468 sensus

1955 2520 2114 2574 quem
2149 2511 2340 2569 tenes;
2372 2503 2621 2572 relegens
2656 2504 2994 2574 propositum
3031 2519 3341 2566 numerum,
3371 2520 3526 2573 qua:-

1955 2597 2226 2666 situmque
2255 2611 2377 2650 eum
2409 2595 2465 2650 in
2492 2595 2651 2649 titulo
2675 2610 2835 2665 quem
2862 2595 3198 2649 demonstrat
3221 2594 3362 2648 tituli
3395 2594 3527 2650 sub-

1953 2690 2182 2753 notatio,
2207 2689 2469 2743 continuo
2492 2688 2635 2743 scire
2653 2697 2809 2756 potes
2837 2703 2900 2742 ex
2934 2686 3520 2756 suprascriptionibns,

1951 2798 2088 2852 quas
2119 2782 2173 2837 in
2237 2781 2416 2836 fronte
2453 2788 2671 2836 notatas
2711 2780 2991 2844 invenies,
3017 2779 3110 2850 qui
3163 2789 3255 2833 aut
3290 2785 3423 2848 quot
3457 2779 3525 2833 de

1951 2875 2037 2930 his
2066 2890 2184 2945 qua:
2220 2875 2475 2944 inquiris,
2508 2873 2707 2929 similia
2751 2871 3009 2927 dixerint.
3061 2870 3298 2926 Veniens
3355 2871 3522 2926 etiam

1951 2967 2016 3021 ad
2043 2968 2250 3036 reliqua
2299 2965 2587 3035 Evangelia
2627 2980 2724 3034 per
2755 2963 3004 3019 eumdem
3037 2976 3323 3016 numerum
3355 2975 3520 3032 quem

1950 3059 2251 3123 continent,
2283 3057 2494 3111 videbis
2526 3055 2805 3124 appositos
2830 3069 2926 3124 per
2955 3054 3197 3122 singulos
3234 3068 3518 3114 numeros.

1949 3158 2112 3219 atque
2146 3163 2242 3203 eos
2275 3148 2344 3215 in
2378 3145 2494 3202 suis
2525 3144 2872 3215 propriisque
2923 3145 3058 3200 lo‘cis
3087 3142 3285 3199 similia
3315 3142 3522 3198 dixisse

1952 3240 2211 3309 reperies.

1871 3548 1912 3601 C
1979 3535 2232 3593 INCIPIT
2271 3533 2502 3591 CANON
2540 3531 2800 3587 PRIMUS
2837 3530 2904 3585 IN
2943 3530 3086 3597 QUO
3123 3527 3480 3595 QUATUOR.

2015 3760 2108 3812 viii
2408 3756 2444 3809 ii
2802 3754 2876 3810 vii
3198 3770 3230 3807 x

2012 3831 2064 3883 xi
2403 3827 2456 3881 iv
2801 3841 2834 3878 x
3195 3824 3248 3876 vi

2011 3900 2065 3954 xi
2403 3898 2457 3951 iv
2801 3911 2831 3946 x
3196 3895 3269 3947 xii

2012 3970 2066 4022 xi
2402 3967 2456 4021 iv
2800 3981 2831 4018 x
3115 3965 3119 3970 ’
3191 3964 3284 4018 xiv

2012 4041 2067 4093 xi
2402 4038 2454 4092 iv
2799 4052 2832 4090 x
3190 4037 3353 4091 xxviii

2011 4132 2103 4186 xiv
2405 4148 2437 4183 ν
2803 4128 2897 4183 xiii
3193 4144 3263 4181 xv

2012 4204 2146 4258 xxiii
2403 4200 2544 4255 xxvii
2805 4197 2913 4251 xvii
3193 4199 3301 4252 xlvi

2012 4274 2143 4328 xxiii
2403 4272 2546 4324 xxvii
2804 4268 2968 4321 xxxiv
3191 4270 3298 4322 xlvi

2011 4345 2144 4398 xxiii
2402 4341 2550 4394 xxvii
2805 4340 2894 4392 xlv
3192 4340 3300 4391 xlvi

2009 4415 2102 4467 lxx
2404 4425 2472 4462 xx
2803 4410 2986 4462 xxxvii
3194 4409 3402 4466 xxxviii

2011 4509 2098 4562 lxx
2109 4508 2215 4562 xvii
2406 4503 2604 4558 cxxxix
2819 4503 2900 4555 ccl
3201 4503 3307 4555 cxli

2012 4579 2176 4632 xeviii
2403 4575 2525 4629 xcvi
2817 4575 2942 4628 cxvi
3201 4589 3304 4626 cxx

2013 4649 2174 4703 xcviii
2402 4645 2522 4699 xcvi
2817 4645 2936 4698 cxvi
3201 4643 3288 4696 cxi

2012 4721 2172 4774 xcviii
2403 4716 2524 4769 xcvi
2816 4717 2936 4768 cxvi
3201 4716 3255 4766 xl

2010 4789 2172 4845 xcviii
2400 4786 2522 4839 xcvi
2816 4786 2936 4838 cxvi
3199 4801 3260 4837 ex
3273 4786 3362 4842 xix

2005 4885 2170 4939 xcviii
2408 4879 2527 4935 xcvi
2813 4881 2935 4932 cxvi
3210 4880 3361 4934 txxxi

2004 4955 2206 5009 cxxxiii
2407 4949 2593 5005 xxxvii
2809 4949 2972 5003 lxxvii
3201 4953 3287 5003 (six

2005 5027 2108 5080 cxli
2405 5024 2420 5076 I
2808 5021 2900 5074 xix
3202 5023 3273 5073 lix

2003 5097 2134 5150 «xlii
2403 5092 2439 5146 li
2807 5091 2896 5143 xxi
3204 5105 3348 5146 xxxv

2005 5167 2167 5222 cxlvii
2403 5164 2512 5218 lxiv
2807 5161 2935 5214 xciii
3201 5163 3314 5218 xlix

2008 5258 2151 5313 clxvi
2404 5253 2589 5308 lxxxiv
2810 5253 2934 5305 xciv
3201 5253 3308 5306 xvii

2006 5328 2150 5383 clxvi
2409 5325 2580 5378 lxxxii
2807 5323 2931 5375 xciv
3199 5323 3346 5377 lxxiv

2005 5393 2126 5452 ccix
2403 5396 2527 5449 cxix
2807 5393 3039 5446 ccxxxiv
3194 5410 3223 5446 c

2004 5471 2125 5523 ccxi
2403 5466 2525 5519 cxxi
2807 5464 3074 5518 ccxxxviii
3193 5464 3283 5517 xxi

2007 5555 2150 5611 ccxx.
2401 5537 2548 5591 cxxii
2806 5535 3034 5588 ccxxxix
3195 5535 3359 5589 lxxvii
3379 5567 3392 5579 ι

2005 5645 2142 5684 ccxx
2401 5626 2565 5682 cxxix
2806 5627 2966 5680 ccxlii
3194 5629 3356 5682 Ixxxv

2005 5715 2137 5754 ccxx
2401 5698 2544 5753 cxxii
2770 5713 2777 5721 ·
2807 5698 2948 5751 cclxi
3193 5697 3419 5758 lxxxviii

2001 5771 2178 5825 ccxliv
2399 5772 2598 5825 cxxxix
2805 5770 2888 5821 ccl
3192 5769 3299 5822 (εχιί

1999 5842 2175 5894 ccxliv
2398 5845 2592 5897 cxxxix
2804 5840 2884 5892 ccl
3193 5839 3335 5900 cxlvi

1999 5913 2210 5971 cclxxiv
2397 5912 2501 5968 civi
2797 5910 2914 5969 cclx
3193 5925 3264 5965 xx
