3974 6528
267 382 400 439 150⁵1

1015 512 1064 570 Ν

297 616 554 692 __l\'atalem
597 619 971 692 Christiﬂiocum
1006 626 1303 677 Bethlehem
1338 627 1442 677 {ore
1464 630 1636 692 psalml
1673 634 1840 678 aucto-

263 679 419 728 ritate
448 679 703 743 probatur,
750 683 855 734 188.

328 760 512 834 Iﬁatura
532 764 695 834 divina
727 769 969 834 quomodo
1005 770 1218 834 putanda
1261 773 1326 821 sit
1348 774 1511 821 omnia
1548 778 1834 834 penetrare,

262 823 501 889 ordinare
539 833 688 889 alque
721 823 981 889 perﬁcere,
1005 823 1130 881 '168.
1169 832 1397 882 Naturam
1437 823 1647 883 divinam
1692 823 1839 883 variis

263 887 686 947 appellationibus
723 887 924 941 Hebraei
966 887 1260 954 Signiﬁcant,
1297 894 1403 943 105.

333 967 593 1019 Nazarqu
631 973 746 1033 quid
792 976 1170 1037 interpretatum
1210 975 1474 1041 signiﬁcet,
1512 978 1622 1028 549.

330 1048 529 1109 Ninive,
557 1051 769 1115 Assyriae
793 1055 927 1117 urbs,
971 1057 1079 1107 520.

292 1131 521 1205 .i‘iomen
564 1136 687 1205 illud
729 1148 937 1205 quatuor
973 1141 1249 1205 litterarum
1281 1143 1409 1204 quod
1431 1143 1586 1191 Judaei
1625 1142 1835 1191 inenun-

265 1192 582 1267 iiabile‘esse
607 1192 777 1248 dicunt
801 1208 861 1267 ei
875 1202 936 1267 de
959 1204 1065 1267 solo
1096 1204 1213 1267 Deo
1232 1192 1455 1267 et‘Patre
1488 1217 1727 1265 usurpare
1754 1219 1837 1254 so-

264 1255 552 1331 ienitirF
592 1273 788 1331 quoque
827 1261 919 1331 Dei
961 1263 1043 1312 ubi
1080 1265 1275 1331 deejus
1298 1264 1555 1331 divinitate
1578 1255 1759 1329 agitur,
1785 1269 1833 1315 in

261 1318 419 1365 sacris
460 1317 644 1368 litteris
686 1317 925 1372 tributum
966 1317 1258 1385 ostenditur,
1300 1328 1407 1376 455.

325 1398 537 1471 Nomine
558 1403 700 1471 __Sion
729 1410 817 1471 aut
845 1406 1156 1457 Hierusalem
1182 1409 1378 1469 quando
1421 1408 1580 1459 anima
1598 1409 1719 1471 justi
1742 1409 1831 1457 de-

263 1457 387 1510 beat
424 1464 687 1525 appellari,
728 1468 837 1515 505.

327 1542 453 1592 Novi
487 1545 791 1595 Testamenti
834 1547 1036 1597 verbum
1077 1551 1318 1599 descensu
1355 1551 1530 1601 Christi
1568 1554 1618 1600 in
1655 1559 1835 1601 terram

262 1605 323 1653 ad
372 1619 546 1655 omnes
587 1610 812 1657 homines
850 1621 1138 1671 penetrasse
1179 1612 1475 1673 declaratur,
1518 1614 1626 1662 278.

321 1684 701 1759 Nubendiratio
726 1705 811 1740 cur
835 1696 1129 1759 contractior
1149 1698 1211 1743 sit
1240 1704 1460 1759 tempore
1493 1696 1619 1759 legis
1643 1699 1832 1759 gratiae,

255 1760 408 1809 quam
450 1751 602 1800 fuerit
646 1759 868 1813 tempore
907 1754 1033 1817 legis
1071 1764 1262 1807 natura)
1306 1751 1380 1807 vel
1410 1751 1671 1819 Mosaicae,"
1694 1760 1770 1807 50.

1033 1926 1086 1986 Ο

327 2058 835 2131 Odorisfragrantiam
859 2067 906 2131 in
932 2067 1118 2131 templo
1142 2068 1360 2131 incensis
1409 2073 1463 2117 et
1501 2067 1834 2131 fumigationi-

258 2118 356 2168 bus
388 2118 727 2172 excitari'cur
778 2127 973 2190 legibus
1013 2118 1113 2177 suis
1153 2130 1314 2178 Moses
1331 2132 1578 2189 statuerit,
1606 2118 1711 2179 172.

327 2201 442 2251 Olei
464 2216 574 2278 quae
597 2207 661 2278 sit
678 2211 847 2278 natura
869 2215 1017 2269 atque
1043 2215 1336 2278 proprietas,
1360 2212 1464 2259 175.
1490 2212 1615 2278 Oieo
1639 2212 1834 2278 quando

260 2272 575 2325 comparetur
592 2266 752 2317 divina
772 2266 1010 2319 natura—et
1025 2266 1216 2333 quando
1236 2266 1508 2334 unguento,
1531 2274 1635 2321 174.
1658 2266 1834 2324 Oleum

261 2326 362 2375 Dei
404 2326 520 2378 quid
566 2331 716 2377 sacris
760 2332 939 2378 litteris
983 2335 1188 2378 mvstice
1228 2335 1476 2378 designet-
1522 2334 1624 2378 172.

404 2334 520 2387 quid
566 2334 716 2377 sacris
760 2334 939 2380 litteris
983 2335 1188 2393 mystice
1228 2335 1476 2397 designet,
1522 2334 1624 2382 172.

328 2407 655 2475 Omnipotens
694 2410 849 2471 Deus,
887 2416 1294 2475 quemadmodum
1318 2418 1610 2466 conﬁteatur
1632 2430 1689 2467 se
1714 2419 1833 2467 mis-

260 2483 392 2529 sum,
438 2480 492 2519 ut
536 2472 725 2522 auferat
767 2487 824 2523 ea
865 2472 976 2537 quas
1025 2478 1198 2526 vitiosa
1234 2484 1367 2538 sunt,
1409 2479 1517 2527 282.

326 2551 549 2603 Oraculis
566 2557 868 2618 propheticis
885 2559 1247 2610 demonstratur
1263 2562 1527 2610 adventum
1548 2561 1724 2612 Christi
1744 2562 1834 2612 sub

260 2613 417 2684 ﬁnem
454 2613 621 2666 mundi
658 2613 903 2684 'l'uturum,
928 2622 1035 2669 276.
1083 2622 1287 2673 Oracula
1320 2624 1538 2684 quaedam
1559 2625 1621 2672 de
1644 2624 1835 2674 Christo

263 2687 329 2745 ex
373 2676 580 2745 deorum
606 2683 857 2745 responsis
892 2676 1101 2732 auctore
1141 2676 1431 2745 Porphyrio,
1472 2685 1578 2734 154.
1609 2684 1835 2735 Oraculis

261 2743 317 2783 et
360 2740 577 2809 auguriis
617 2740 863 2809 daemones
901 2746 1057 2809 malos
1093 2759 1149 2795 ac
1170 2740 1329 2796 omnis
1351 2740 1586 2809 nequitiae
1609 2753 1836 2796 auctores

262 2798 520 2858 prasinisse
562 2804 856 2863 ostenditur,
900 2805 1009 2855 204.

268 2951 290 2994 ι
293 2881 471 3004 uario:
477 2981 489 2993 .
504 2886 683 2947 triplex
729 2886 947 2937 divinum
994 2890 1179 2941 cultum
1221 2892 1557 2953 proﬁtentium
1598 2891 1835 2943 describi-

265 3024 559 3137 mtilrigenis
580 3033 692 3078 octo
714 3028 958 3081 volumina
982 3037 1149 3083 contra
1173 3033 1303 3085 Celsi
1327 3032 1599 3085 orationem
1632 3036 1833 3098 scripta,

326 3167 572 3239 Oriiarum
612 3172 755 3233 regio
797 3171 881 3222 ubi
905 3187 1048 3239 aerea:
1068 3179 1241 3239 petras,
1275 3188 1424 3239 arena
1447 3189 1595 3237 terea,
1630 3188 1828 3239 quoque

274 3230 371 3293 ipsi
409 3230 545 3280 tluvii
586 3230 805 3282 ram‘enta
843 3238 955 3284 aeris
995 3230 1279 3293 devolvunt,
1305 3238 1415 3287 527.

330 3308 524 3362 Osanna
565 3314 682 3375 quid
728 3318 1106 3378 interpretatum
1129 3320 1393 3382 signiﬁcet,
1438 3319 1545 3369 459.

327 3397 455 3469 Osai
480 3400 798 3469 temporibps
819 3408 967 3454 terras
990 3413 1174 3455 motum
1194 3406 1373 3456 factum
1396 3406 1598 3469 Josephi
1620 3407 1833 3455 auctori-

266 3463 373 3510 tate
414 3460 667 3523 probatur,
716 3465 826 3515 291.

327 3540 498 3609 Ovium
519 3546 717 3609 nomine
736 3547 985 3609 Scriptura
1014 3561 1120 3597 eam
1142 3550 1192 3597 in
1217 3548 1433 3598 Ecclesia
1468 3551 1832 3600 multitudinem

258 3603 395 3655 nolet
434 3607 736 3669 exprimere,
776 3603 887 3671 quae
925 3617 1119 3660 constat
1141 3623 1203 3659 ex
1244 3610 1707 3673 imperfectioribus,
1752 3612 1808 3662 71

1030 3737 1077 3796 P

328 3882 466 3946 Pacis
483 3883 712 3945 princeps
734 3894 821 3931 cur
844 3880 1061 3946 Christus
1082 3882 1289 3946 dicatur,
1314 3881 1423 3931 545.
1446 3882 1586 3932 Pacis
1612 3888 1833 3946 tempore

261 3956 351 3992 cur
387 3943 608 3994 Christus
650 3943 779 3994 nasci
809 3945 1038 4003 voluerit,
1085 3943 1189 3993 159.

325 4025 571 4076 Passionis
593 4034 812 4089 tempore
831 4040 940 4087 quae
959 4026 1131 4089 fueriti
1149 4032 1363 4074 omnium
1391 4026 1703 4076 afﬂictionum
1726 4040 1836 4088 quae

267 4101 384 4136 eum
412 4088 707 4151 premebant
726 4090 951 4142 maxima,
975 4089 1079 4151 592.
1108 4088 1273 4151 Passio
1294 4088 1471 4151 Christi
1494 4090 1551 4136 ad
1577 4101 1833 4147 vesperam

265 4149 424 4198 nocte
455 4151 749 4199 adventante
792 4156 869 4198 est
906 4149 1174 4206 celebrata,
1206 4150 1313 4198 492.
1343 4149 1586 4198 Passionis
1613 4158 1832 4211 tempora

264 4225 378 4272 quae
414 4211 605 4261 Christo
640 4213 923 4261 acciderunt
963 4212 1250 4273 prOphetico
1286 4214 1566 4260 testimonio
1592 4221 1833 4273 eventure

263 4275 562 4334 ostenditur.
607 4274 714 4323 491.
741 4274 986 4322 Passionis
1025 4272 1247 4334 tempore
1273 4287 1359 4321 cur
1382 4274 1530 4323 fuerit
1567 4272 1785 4323 Christus
1806 4287 1834 4322 a

267 4333 420 4383 Patre
469 4336 661 4384 caelesti
705 4336 995 4393 derelictus,
1024 4334 1132 4383 495.

334 4414 567 4465 Pastores
612 4423 714 4466 tres
753 4430 849 4465 uno
892 4422 1113 4478 tempore
1146 4418 1400 4478 prophetae
1441 4419 1720 4466 testimonio
1744 4418 1833 4468 sub

261 4476 532 4586 iggentum
555 4478 732 4529 Christi
760 4479 941 4528 Judzeis
963 4476 1349 4540 auferendi,'qui
1372 4480 1471 4528 sint
1497 4481 1831 4542 intelligendi,

328 4621 478 4669 Pater
517 4624 735 4672 cmlestis
777 4618 1022 4683 Christum
1057 4634 1257 4682 semper
1287 4622 1507 4683 exaudit,
1534 4620 1637 4670 497.
1685 4623 1833 4671 Pater

261 4698 359 4731 non
388 4684 637 4731 locutione
664 4690 805 4732 tenus
828 4682 875 4731 in
915 4682 1093 4732 divinis
1119 4684 1268 4731 Pater
1309 4692 1403 4742 est,
1434 4682 1519 4732 sed
1547 4684 1755 4732 veritate
1780 4691 1834 4734 et

265 4747 428 4806 reipsa
454 4747 693 4805 unigeniti
740 4746 848 4793 Filii
889 4745 1055 4802 Pater,
1086 4745 1130 4793 4.
1160 4745 1309 4793 Pater
1330 4747 1379 4793 in
1421 4746 1600 4795 divinis
1623 4759 1709 4795 cur
1735 4760 1833 4795 non

262 4809 434 4868 plures
474 4807 566 4857 sibi
614 4814 884 4855 coaeternos
923 4807 1049 4854 ﬁlios
1086 4809 1335 4867 genuerit,
1380 4807 1483 4855 155.

326 4889 502 4938 Patres
531 4890 730 4938 Veteris
770 4890 1071 4938 Testamenti
1100 4891 1236 4937 initio
1265 4890 1463 4950 quidem
1495 4891 1653 4939 astatis
1675 4890 1832 4940 soboli

261 4951 520 5011 augenda.
548 4949 867 5013 conjugioque
894 4959 1141 5009 vacarunt,
1163 4952 1251 4999 sed
1282 4949 1485 4999 ’mature
1518 4952 1833 5003 abstinebant

264 5020 419 5072 atque
469 5012 755 5065 cessabant.
788 5012 872 5061 55.
924 5012 1151 5062 Patribus
1190 5015 1403 5073 antiquis
1448 5014 1689 5063 Christum
1733 5029 1830 5063 non

264 5076 428 5121 minus
461 5076 706 5134 cngnitum
741 5076 890 5123 fuisse
915 5089 1059 5134 quam
1090 5074 1247 5133 nobis,
1273 5088 1515 5124 sacrarum
1554 5076 1830 5125 litterarum

263 5138 558 5185 auctoritate
604 5137 854 5197 probatur,
899 5137 971 5185 11.

324 5217 595 5281 Peccatum
612 5231 671 5266 ex
694 5224 977 5280 contemptu
1001 5218 1244 5280 quomodo
1270 5216 1468 5281 purgari
1506 5218 1736 5267 debuerit
1764 5232 1827 5267 ex

262 5280 395 5343 legis
439 5278 624 5328 veteris
649 5278 965 5333 instituto.‘4.
1000 5278 1671 5343 Peccatum'exo'ignorantia
1696 5283 1829 5343 quali

262 5342 421 5405 hostia
464 5343 545 5405 lex
584 5343 956 5405 vetusﬂexpiari
996 5344 1305 5405 praeceperit,
1347 5342 1390 5389 4.
1441 5342 1830 5405 Ρθςωῐιιηιηιιε

261 5404 457 5451 ratione
496 5403 685 5450 dicatur
721 5404 937 5453 Christus
978 5402 1065 5464 pro
1100 5402 1237 5451 nobis
1278 5402 1448 5461 factus,
1486 5404 1594 5451 467.
1624 5402 1829 5454 Peccala

262 5470 430 5513 nostra
474 5464 667 5525 quando
703 5464 882 5513 dicitur
906 5464 1125 5515 Christus
1168 5467 1343 5513 fecisse
1376 5480 1480 5521 sua,
1514 5465 1622 5514 467.

324 5548 676 5597 Persecutores
707 5548 939 5597 Ecclesia!
963 5549 1238 5608 perdendos
1262 5560 1372 5597 esse
1398 5546 1692 5597 testimoniis
1715 5561 1829 5608 pro-

260 5612 523 5673 phetarum
566 5612 888 5679 convincitur,
916 5610 995 5656 8'2.

323 5691 648 5740 Personarum
690 5692 960 5740 divinarum
1009 5692 1221 5741 dualitas
1262 5691 1339 5740 bis
1387 5689 1671 5751 planissime
1717 5694 1827 5739 sine

261 5754 381 5814 ullis
424 5754 689 5802 involucris
731 5752 1011 5814 theologice
1054 5768 1078 5801 a
1106 5754 1235 5802 lliose
1286 5754 1671 5806 commendatur.
1716 5755 1823 5801 252.

261 5813 586 5863 Personarum
635 5813 918 5862 divinarum
940 5815 1242 5869 dualitatem.
1302 5815 1458 5862 Patris
1504 5814 1735 5863 videlicet
1776 5820 1828 5862 et

263 5874 396 5939 Filii,
422 5888 469 5951 et
496 5890 665 5925 eorum
684 5878 891 5925 alterum
919 5878 1135 5927 universi
1159 5876 1384 5938 opiﬁcem
1409 5877 1556 5926 lsaias
1596 5881 1826 5937 testatur,

1494 392 1709 449 INDEX
1744 386 2138 445 ANALYTICU
2148 389 2206 445 S.

3358 385 3503 443 1302

1942 505 2052 558 251.
2095 507 2421 559 Personarum
2462 505 2735 557 divinarum
2775 506 2987 556 dualitas
3010 505 3283 556 Psalmtsta
3299 507 3513 556 auctori-

1942 574 2046 617 tate
2084 568 2335 630 probatur,
2380 566 2490 618 249.
3015 582 3022 589 ·

1998 650 2292 714 Pestilentia
2312 649 2372 700 ab
2392 650 2652 714 Apollonio
2662 650 2868 714 Ephesis
2890 649 3080 714 sedata,
3088 650 3197 714 528.
3212 648 3503 714 Pestilentia

1937 708 2200 771 Apollonio
2225 714 2322 761 visa
2349 708 2448 761 sub'
2464 712 2628 761 habitu
2652 708 2789 761 se'nis
2824 714 3045 774 pannosi,
3066 708 3176 760 528.
3214 710 3505 761 Pestilentia

1941 778 2018 821 est
2039 776 2286 834 corruptio
2326 774 2599 822 circumfusi
2628 776 2776 833 aeris,
2811 773 3080 833 vitiumque
3114 786 3173 834 ex
3210 774 3404 834 putrido
3426 786 3509 822 va-

1941 842 2114 895 poratu
2134 833 2194 883 in
2211 834 2483 883 morbosam
2504 833 2791 898 qualitatem
2815 836 3086 896 vergentis,
3112 833 3221 883 528.
3540 850 3545 857 ’

2000 916 2179 990 Petrus
2202 919 2449 990 apostolus
2471 930 2532 966 ex
2558 918 2703 990 nimia
2718 918 2999 990 reverentia
3019 915 3271 990 indignum
3296 928 3351 964 se
3380 917 3510 990 resil-

1936 981 2085 1040 rnavit
2106 992 2187 1039 qui
2219 978 2531 1040 Evangelium
2553 978 2807 1040 scriberet,
2829 978 2934 1027 120.
2960 979 3136 1026 Petrus
3162 978 3327 1025 Romae
3349 978 3509 1038 capite

1936 1038 1985 1101 in
2016 1038 2194 1088 terram
2217 1038 2370 1088 versd
2382 1042 2511 1088 cruci
2535 1040 2763 1101 amgitur,
2787 1038 2891 1087 111.
2908 1040 3053 1101 Petri
3079 1042 3392 1101 negationem
3422 1052 3510 1087 cur

1938 1100 2129 1150 Marcus
2150 1108 2246 1150 tam
2274 1107 2449 1150 exacte
2474 1100 2810 1163 descripserit,
2836 1100 2939 1149 121.

1999 1206 2303 1255 Philalethes
2325 1207 2568 1256 Hieroclis
2591 1206 2702 1255 libri
2719 1205 2911 1268 quibus
2935 1204 3190 1266 Tyaneum
3212 1204 3332 1254 Jesu
3368 1204 3509 1255 Chri-

1935 1271 2013 1316 sto
2031 1270 2333 1330 aaquiparare
2354 1270 2621 1327 contendit,
2648 1266 2753 1316 511.

1996 1350 2247 1402 Philolaus
2273 1354 2597 1415 Pythagoreas
2618 1352 2852 1410 doctrinae
2874 1349 3189 1413 conscriptor,
3214 1349 3324 1399 519.

1999 1433 2322 1482 Philostratus
2353 1435 2402 1482 in
2446 1434 2689 1495 Apollonii
2728 1434 3158 1495 consortiovixit,
3201 1432 3339 1491 cujus
3382 1429 3507 1495 facta

1935 1496 2183 1555 memoriae
2207 1495 2468 1550 mandavit,
2493 1492 2599 1543 512.
2629 1494 2954 1542 Philostratus
2976 1494 3231 1555 Apollonii
3260 1494 3405 1540 vitam
3448 1492 3510 1541 ab

1934 1554 2248 1617 incunabulis
2272 1557 2330 1605 ad
2356 1558 2544 1605 exitum
2558 1568 2713 1617 usque
2742 1553 3153 1617 contexuit,'_515,
3181 1553 3509 1617 Philostratus

1933 1616 2181 1678 tApollonii
2222 1624 2425 1665 strenue
2470 1615 2647 1677 nugax'
2672 1616 2922 1678 defensor,
2959 1615 3065 1663 550.
3103 1615 3413 1663 Philostratis
3457 1620 3512 1663 et

1933 1675 2149 1727 Damidis
2194 1680 2447 1728 mendacia
2487 1675 2790 1740 deteguntur
2827 1675 3004 1740 quibus
3056 1690 3282 1726 asserere
3329 1688 3510 1726 conan-

1935 1744 2016 1787 tur
2040 1741 2352 1801 Apollonium
2377 1738 2641 1791 αὐτοδίδατῶ
2662 1739 2831 1798 fuisse,
2850 1738 2956 1787 518.

1994 1822 2201 1885 Pietatis
2225 1836 2340 1885 erga
2366 1822 2532 1885 Deum
2550 1822 2835 1885 imitandum
2865 1822 3055 1871 cunctis
3099 1822 3387 1885 exemplum
3416 1822 3510 1873 Job

1933 1883 2218 1933 evhibuisse
2241 1882 2491 1946 probatur,
2517 1882 2590 1932 16.

1995 1965 2345 2015 Pincernarum
2369 1966 2496 2028 apud
2538 1965 2683 2015 Indos
2712 1978 2837 2028 quos
2861 1965 2984 2014 vidit
3011 1964 3326 2027 Apollonius,
3348 1970 3513 2016 motus

1933 2034 2039 2077 erat
2062 2031 2296 2090 magicos,
2317 2027 2427 2077 551.

1996 2108 2188 2173 Pisatus
2207 2115 2357 2173 nocte
2380 2110 2429 2173 in
2467 2110 2705 2173 templum
2734 2108 2830 2159 Dei
2861 2113 3030 2159 contra
3051 2106 3120 2159 fas
3142 2109 3381 2173 imagines
3403 2108 3509 2159 Ce-

1932 2172 2054 2220 saris
2076 2169 2301 2219 intulisse
2326 2169 2700 2230 probatur,‘405.

1994 2251 2265 2315 Plagiarius
2284 2252 2557 2311 Hierocles,
2583 2252 2691 2301 511.

1995 2336 2135 2384 P'alo
2158 2336 2309 2385 multa
2334 2349 2361 2384 e
2380 2334 2715 2384 sacerdotibus
2740 2334 2980 2396 [Egyptiis
3001 2337 3052 2382 et
3070 2329 3325 2394 prophetis
3345 2333 3506 2396 audita

1933 2410 1987 2445 et
2013 2399 2135 2446 lecta
2176 2397 2319 2446 libris
2361 2399 2461 2445 suis
2500 2399 2728 2455 inseruit,
2770 2394 2879 2445 54οζ
2928 2395 3069 2443 Plato
3120 2407 3266 2442 unum
3310 2394 3505 2455 tandem

1932 2458 2092 2507 Deum
2128 2473 2300 2521 magna
2338 2472 2445 2521 cum
2486 2459 2774 2521 diliicultate
2810 2469 3127 2519 cognoscens,
3168 2457 3221 2504 in
3258 2454 3507 2516 publicum

1934 2520 2116 2569 eﬁ‘erre
2140 2519 2234 2569 non
2259 2519 2488 2578 audebat,
2512 2519 2617 2567 129.

1996 2602 2173 2669 Pinnas
2206 2602 2527 2651 inevitabiles
2562 2614 2658 2669 cur
2696 2598 2919 2669 Christus
2969 2596 3511 2669 impiis_descripserii,

1929 2664 2083 2774 itbsztis
2121 2677 2238 2713 vero
2261 2670 2493 2713 aeternam
2514 2677 2543 2712 a
2561 2664 2669 2713 Deo
2721 2665 2865 2712 vitam
2894 2659 3108 2725 promitti
3130 2659 3373 2722 docuerit,
3400 2659 3512 2725 106,

1994 2808 2299 2870 Potestatem
2343 2821 2488 2858 unam
2527 2806 2919 2870 divinamsupra
2961 2819 3108 2855 omne
3132 2806 3377 2868 opiﬁcium
3400 2809 3513 2856 uni-

1932 2867 2312 2942 versi'a‘dmirari
2330 2876 2417 2942 est
2441 2882 2719 2942 necessum,
2743 2867 3180 2942 149I_Potestatem
3202 2881 3313 2916 esse
3338 2882 3513 2942 quani-

1933 2931 2042 2980 dam
2074 2931 2166 2980 Dei
2206 2932 2465 2988 inimicam,
2499 2932 2549 2979 in
2589 2944 2684 2991 qua
2725 2932 2808 2992 qui
2844 2931 3137 2989 dominatur,
3175 2942 3319 2977 omne
3353 2931 3512 2980 homi-

1933 3006 2050 3041 num
2074 3006 2231 3055 genus
2254 2994 2529 3055 seduxerit,
2552 2992 2847 3051 declaratur,
2872 2992 2979 3041 158.
3009 2992 3302 3055 Potestates
3330 2992 3513 3042 divina

1934 3053 2547 3126 innunie‘rabiiesquidem
2585 3059 2777 3126 creatae.
2804 3060 2944 3126 sunt...
2979 3066 3072 3124 una
3112 3053 3514 3126 verondun‘taitat

1934 3115 2220 3227 ἓξὲξ]ςᾶἓῆ
2243 3116 2337 3165 Dei
2360 3112 2562 3178 propter
2585 3128 2730 3177 quam
2765 3116 3011 3164 inducitur
3043 3116 3203 3177 imago
3234 3112 3330 3163 Dei
3354 3115 3515 3165 Patris

2054 3213 2067 3237 ,
3324 3218 3325 3221 η

1996 3280 2249 3340 Praecpta
2269 3280 2398 3341 legis
2418 3278 2642 3328 Mosaicae
2660 3291 2805 3341 quam
2828 3277 3011 3328 fuerint
3048 3276 3292 3328 universis
3327 3278 3512 3328 Judmis

1933 3349 2130 3391 servatu
2154 3339 2387 3399 difﬁcilia,
2411 3341 2458 3389 5.

1998 3424 2351 3472 Przedicatores
2370 3429 2423 3471 et
2447 3422 2674 3484 doctores
2700 3423 2750 3472 in
2771 3423 2996 3473 Ecclesia
3017 3433 3105 3471 cur
3123 3422 3373 3484 sejunctos
3396 3432 3511 3472 esse

1933 3490 2159 3548 oporteat
2180 3498 2207 3532 a
2229 3497 2285 3533 re
2309 3485 2498 3544 uxoria,
2524 3483 2602 3532 51.

1995 3566 2250 3678 .Przelgto;l
2271 3564 2508 3616 Ecclesiae
2530 3564 2781 3629 Scriptura
2823 3564 2973 3616 boum
3006 3568 3205 3617 nomine
3248 3566 3380 3615 solet
3412 3578 3509 3615 ex-

1995 3641 2119 3677 imer
2157 3665 2169 3678 .
2258 3665 2269 3676 .

1933 3641 2169 3692 primere,
2194 3641 2269 3678 71.

1998 3709 2333 3771 Praestigiator
2362 3707 2543 3770 quibus
2564 3708 2755 3758 indiciis
2781 3710 2986 3771 agnosci
3025 3713 3192 3771 queat,
3232 3707 3338 3757 125.
3374 3708 3509 3771 Prte-

1934 3771 2238 3881 stigizitztgem
2275 3769 2427 3819 fuisse
2449 3771 2689 3822 Christum
2728 3769 3068 3821 arbitrantium
3101 3784 3240 3820 error
3263 3770 3510 3823 convinci-

1957 3846 2031 3890 ur,
2147 3870 2159 3880 .

1994 3912 2322 3977 Praestigiosis
2354 3914 2577 3964 foliorum
2607 3914 2925 3976 quorumdam
2957 3912 3372 3977 inscriptionibus,
3418 3920 3504 3963 aut

1934 3976 2582 4087 herblarultnigiiadicumque
2616 3976 3085 4039 suil‘umigationibus
3123 3976 3393 4027 Christiano
3437 3976 3509 4025 uti

1934 4052 2031 4087 non
2070 4051 2146 4087 tce
2175 4075 2186 4087 .
2303 4075 2315 4087 .

2174 4075 2315 4098 ,.-..

1994 4121 2510 4192 Primogenitam_llei
2543 4122 2798 4192 virtutem.
2822 4124 3048 4192 quamet
3079 4118 3372 4192 sapientiam
3412 4122 3507 4192 Dei

1934 4182 2228 4257 appellatet
2266 4184 2487 4255 ejusdem
2511 4184 2747 4244 sobolem,
2769 4183 3176 4243 quemadmodum
3200 4182 3431 4231 Salomon
3454 4182 3506 4232 in

1934 4246 2217 4295 Proverbiis
2238 4246 2486 4307 desngnet,
2511 4244 2619 4292 211.

1992 4330 2346 4379 Promissorum
2369 4327 2641 4376 divinorum
2684 4331 2862 4376 eventa
2885 4340 2980 4374 non
3018 4327 3068 4375 in
3102 4339 3296 4375 omnem
3336 4326 3506 4375 Judai-

1932 4405 2038 4441 cam
2059 4390 2391 4501 g§ntemé3sed
2424 4391 2471 4439 in
2505 4402 2681 4452 paucos
2719 4402 2889 4437 eorum
2915 4389 3150 4437 duntaxat
3185 4394 3500 4450 perventura,

1933 4461 2075 4501 osten
2114 4461 2227 4501 itur.
2314 4490 2326 4501 .

1933 4461 2227 4513 ostenditur,
2248 4461 2326 4501 55.

1995 4537 2291 4598 Prophetam
2316 4548 2370 4583 se
2392 4535 2739 4598 suscitaturum
2764 4547 2851 4581 cur
2873 4533 3007 4582 Deus
3035 4534 3224 4598 Judaeis
3256 4533 3503 4598 pollicitus

1932 4596 2109 4646 fueritf
2125 4597 2231 4645 415.
2258 4597 2521 4658 Ρι-ορῒιριτε
2542 4596 2857 4644 Hebraeorum
2881 4608 3090 4656 quonam
3116 4596 3258 4658 modo
3282 4597 3427 4643 simul
3450 4604 3503 4644 et

1932 4674 2042 4722 quae
2063 4660 2222 4722 futura
2254 4657 2683 4722 esse’nt_cauebant
2704 4666 2757 4704 et
2774 4659 2922 4722 solam
2942 4671 3104 4722 veram
3127 4657 3420 4722 theologiam
3440 4658 3501 4705 il-

1932 4719 2223 4778 lustrabant,
2265 4721 2373 4768 202.
2414 4719 2767 4780 Prophetarum
2799 4719 3007 4777 habitus,
3034 4719 3109 4767 14.
3147 4719 3499 4779 Prophetarum

1933 4784 2332 4831 comminationes
2366 4782 2598 4830 adversus
2621 4780 2817 4829 Judaeos
2840 4787 3041 4841 propter
3065 4780 3367 4830 Salvatorem
3405 4794 3496 4829 no-

1932 4853 2085 4894 strum
2108 4844 2347 4895 Christum
2372 4852 2423 4891 et
2444 4850 2553 4904 post
2585 4843 2692 4901 ejus
2722 4843 2985 4890 adventum
3021 4842 3256 4904 accidisse
3278 4843 3500 4890 ostendi—

1933 4912 2030 4964 tur,
2055 4907 2134 4953 65.
2171 4902 2523 4967 PrOphetarum
2543 4904 2746 4967 oracula
2780 4905 3040 4967 adventum
3066 4902 3240 4953 Christi
3269 4910 3501 4967 spectan-

1932 4970 1997 5016 tia
2038 4980 2126 5016 cur
2149 4970 2244 5016 alia
2271 4965 2475 5029 quidem
2509 4966 2781 5025 obscurius,
2811 4965 2905 5014 alia
2939 4973 3102 5013 autem
3132 4967 3350 5027 apertius
3373 4965 3501 5015 dicta

1930 5031 2266 5088 inveniantur,
2295 5029 2402 5077 257.

1992 5112 2319 5160 Providentiae
2353 5107 2672 5171 gubernantis
2710 5109 3064 5170 sapientissima
3100 5108 3300 5157 decreta
3337 5114 3499 5157 custo-

1932 5174 2074 5223 diunt
2098 5181 2151 5223 et
2172 5180 2423 5222 asservant
2443 5174 2689 5231 universa,
2711 5171 2819 5220 515.

1991 5259 2209 5319 Pygmaei
2252 5263 2305 5305 et
2327 5255 2754 5319 Anthropophagi,
2792 5260 2844 5302 et
2884 5252 3150 5319 Sciopodes
3186 5253 3313 5319 apud
3356 5253 3501 5303 indos

1931 5313 2196 5381 Apolronio
2229 5320 2337 5381 visi,
2368 5313 2718 5381 555,.APygmaSi
2750 5328 2927 5378 specus
2958 5313 3306 5364 subterraneos
3346 5329 3499 5379 prope

1931 5378 2149 5443 Gangem
2176 5379 2415 5437 habitant,
2438 5378 2547 5428 525.

1991 5457 2293 5517 Pythagoras
2321 5455 2475 5517 Magis
2498 5458 2814 5503 conversatus
2845 5450 3034 5501 nullam
3062 5448 3234 5514 magia:
3261 5451 3504 5513 suspicio-

1930 5531 2041 5567 nem
2066 5519 2288 5573 incurrit,
2313 5517 2419 5565 540.

1994 5580 2295 5641 Pythagoras
2325 5580 2534 5639 Samius,
2559 5576 2667 5625 520.

2698 5686 2737 5746 8

1990 5811 2327 5861 Sandaracinse
2349 5811 2692 5871 aquaaputeus
2723 5808 2848 5871 apud
2876 5805 3216 5864 Brachmanos,
3242 5802 3350 5852 558.

1993 5871 2348 5924 Sandaracinus
2371 5875 2567 5933 puteus,
2593 5868 2699 5918 525.
