4004 6328
189 375 243 443 IX
1190 362 1201 369 “
1611 382 1999 447 ΡΒΕΕΑἸΊΟ,
3399 398 3446 456 x

190 506 265 562 est
292 496 452 580 illis,
505 515 590 561 ne
636 496 1085 580 fructuslectu
1108 497 1360 580 debitus
1386 497 1837 579 intercipiatur
1869 520 1885 560 :
1912 501 2051 580 jam
2087 515 2216 562 non
2247 516 2477 579 parum
2507 503 2732 566 utilem
2763 506 2985 569 tulisse
3018 508 3259 573 laboris
3292 513 3441 574 frti-

189 588 335 639 ctum
356 579 466 659 ille
492 577 817 659 putandus
845 578 948 651 sit,
981 579 1091 657 qui
1123 578 1203 639 ad
1230 582 1466 641 novam
1499 599 1576 641 ex
1609 577 1862 659 integro
1888 577 2233 642 editionem
2249 577 2706 645 exornandam
2740 585 2916 647 vires
2945 604 3170 651 omnes
3199 602 3442 654 contu-

187 660 329 729 lerit,
354 657 465 719 sed
488 657 627 720 rem
649 659 1018 735 praestitisse
1036 677 1181 737 quas
1200 659 1266 720 in
1286 677 1447 721 usus
1486 659 1666 721 cedat
1686 657 2166 737 utilitatemque
2206 660 2659 735 litteratorum,
2680 665 2962 726 maxime
2983 673 3412 734 necessariam

186 742 299 822 Age
332 755 490 822 vero
525 737 949 822 editionesad
985 739 1045 799 id
1084 756 1292 822 usque
1323 739 1625 822 temporis
1653 740 2026 822 elaboratas
2059 740 2434 822 invenustas
2465 760 2608 804 esse
2639 745 2880 822 passim
2911 750 2977 805 et
3007 746 3294 822 maneas,
3337 752 3438 815 fa-

185 816 286 901 cile
325 817 628 901 quisquis
661 816 994 901 intelliget,
1031 819 1144 901 qui
1188 836 1319 880 non
1349 816 1539 897 plane
1560 819 1949 901 oscitantem
1987 819 2277 901 animum
2304 820 2586 901 adjiciat.
2619 816 2779 884 Cum
2815 824 2898 884 sit
2918 826 3094 887 enim
3121 816 3291 892 utile
3312 833 3439 891 im—
3553 858 3567 881 ι

182 896 384 977 primis
415 904 480 960 et
504 896 934 987 commodum,
962 899 1202 987 scripta
1232 896 1429 977 penes
1458 916 1526 987 se
1557 898 1797 987 habere
1822 898 2045 987 omnia
2074 899 2265 987 simul
2290 896 2581 987 collecta,
2616 919 2763 980 qua)
2789 905 2873 965 ab
2904 920 3039 965 uno
3069 907 3426 987 eodemque

181 986 424 1062 auctore
456 977 753 1062 profecta
784 982 968 1051 sunt,
1009 979 1210 1041 multa
1248 996 1310 1062 _e
1355 979 1679 1062 contrario
1724 977 1794 1038 in
1833 978 2343 1062 hieronymianis
2391 977 2874 1054 desiderantur,
2905 1001 3113 1062 eaque
3142 977 3431 1049 omnium

182 1057 298 1119 fere
327 1057 890 1136 prasstantissima,
918 1074 1066 1136 quas
1095 1077 1177 1120 ex
1207 1058 1348 1121 aliis
1370 1059 1592 1139 iisque
1616 1057 1855 1139 diversi
1889 1057 2163 1121 instituti
2193 1058 2374 1122 libris
2407 1067 2699 1139 repetere
2734 1080 2865 1123 non
2890 1057 3030 1125 sine
3057 1068 3238 1139 gravi
3270 1074 3439 1128 tem-

211 1139 334 1222 oris
360 1138 644 1222 jactura,
673 1141 734 1197 et
760 1154 1137 1222 comparare
1170 1154 1298 1222 non
1327 1138 1747 1222 sinemagnis
1779 1138 2091 1222 impensis
2120 1138 2510 1222 necessesit’.
2539 1141 2705 1201 Nihil
2736 1142 2881 1203 dico
2907 1142 2985 1203 de
3014 1138 3268 1222 aliquot
3292 1149 3431 1209 ine-

174 1158 334 1277 sons
360 1158 644 1216 jacmra,
673 1158 734 1197 et
760 1158 1137 1215 comparare
1170 1158 1298 1200 non
1327 1158 1466 1201 sine
1498 1158 1747 1216 magnis
1779 1158 2091 1278 imfensts
2120 1158 2382 1202 necesse
2410 1158 2510 1202 sit.
2540 1158 2705 1201 mnu
2736 1158 2881 1203 (ιιοο
2907 1158 2985 1203 ne
3014 1158 3268 1222 aliquot
3292 1158 3428 1209 ine-

207 1218 305 1299 _itis
335 1219 982 1299 antea,_quorum_ab
1004 1219 1371 1299 erasmiana
1397 1217 1784 1299 collectione
1809 1234 1851 1281 a
1932 1218 2101 1281 hanc
2127 1236 2335 1297 usque
2364 1220 2531 1282 diem
2558 1222 2736 1283 nulla
2764 1222 3021 1299 penitus
3053 1240 3386 1288 accessere
3413 1248 3428 1286 :

174 1297 294 1381 sive
322 1296 498 1375 quod
538 1296 651 1358 illa
680 1296 748 1381 in
775 1295 1215 1381 bibliothecis,
1244 1298 1310 1358 in
1341 1298 1577 1381 quibus
1612 1297 1901 1381 maximo
1918 1299 2012 1360 rei
2040 1295 2493 1381 ecclesiasticas
2512 1306 2577 1381 et
2604 1295 2963 1362 litterarum
2990 1302 3315 1381 impendio
3340 1307 3434 1368 la-

173 1377 397 1447 tebant,
435 1393 571 1462 non
603 1377 758 1438 satis
789 1376 996 1462 anxie
1015 1376 1254 1438 fuerint
1278 1377 1645 1462 conquisita
1668 1421 1683 1450 ,
1716 1378 1856 1441 sive
1891 1378 2065 1456 quod
2090 1376 2435 1462 effugerint
2459 1380 2882 1462 diligentiam.
2914 1376 3258 1445 Enimvero
3286 1386 3429 1462 ipsa

173 1473 301 1596 quae
325 1457 568 1534 saepius
602 1472 830 1519 recusa
853 1460 1029 1529 sunt,
1053 1474 1130 1519 ac
1152 1457 1586 1519 studiosorum
1610 1461 1912 1519 teruntur
1934 1457 2257 1531 manibus,
2286 1459 2461 1521 labes
2493 1457 2854 1522 deformant
2895 1457 3427 1540 quamplurimas:

191 1537 467 1596 alsaauue
492 1535 827 1596 lectiones.
851 1553 930 1596 ac
956 1536 1185 1596 menda
1208 1554 1340 1596 uua
1372 1543 1662 1596 veterum
1690 1538 2213 1596 amanuensium.
2250 1556 2382 1596 una
2415 1540 2766 1596 recentium
2798 1541 3427 1596 criticorum‘occnr-

191 1535 467 1614 'alsaaque
492 1535 827 1616 lectiones.
851 1553 930 1598 ac
956 1536 1185 1616 menda
1208 1554 1340 1613 qua
1372 1543 1662 1598 veterum
1690 1538 2213 1610 amanuensium,
2250 1556 2383 1616 qua
2415 1540 2766 1600 recentium
2798 1535 3429 1604 criticoru‘m‘occur-

174 1620 516 1701 runthuw
551 1615 906 1701 legentium
934 1614 1556 1701 profectui,_quanto
1586 1616 2049 1701 impedimento
2080 1618 2232 1701 sint,
2270 1614 2313 1678 ii
2350 1620 2551 1701 probe
2582 1624 2825 1701 norunt
2856 1620 2970 1701 qui
3010 1621 3074 1680 in
3107 1621 3423 1701 ejusmodi

174 1694 394 1778 studiis:
408 1694 907 1778 versantur.-Ad
931 1694 1065 1758 hinc
1087 1695 1213 1757 loci
1248 1696 1542 1778 plerique
1565 1695 1956 1778 difﬁciliores
1987 1697 2271 1778 tenebris
2293 1694 2411 1778 usq
2422 1716 2503 1758 ue
2523 1698 2710 1759 hodie
2738 1694 3426 1778 obsidenturIplures-

173 1792 287 1852 que
311 1774 423 1856 alii
454 1775 765 1856 lectorem
792 1774 871 1856 in_
894 1780 1337 1856 transversum
1366 1776 1651 1856 rapiunt,
1686 1777 1966 1856 maxime
1991 1794 2137 1837 cum
2171 1774 2447 1849 fuerint,
2478 1778 2738 1855 sintque
2766 1777 2927 1839 adeo
2956 1774 3275 1856 postrema
3308 1783 3430 1843 hac

175 1858 341 1935 aetate
369 1854 665 1935 homines
707 1853 877 1915 haud
907 1854 1253 1928 illitterati,
1288 1855 1401 1933 qui
1426 1872 1680 1917 errores
1711 1855 2130 1935 Hieronymo,
2164 1872 2330 1933 quos
2362 1859 2499 1934 ipse
2528 1853 2792 1919 minime
2819 1853 3109 1919 omnium
3134 1860 3427 1934 admisit,

174 1932 878 2070 audaeanuimpingfre,
915 1939 978 1996 et
1028 1932 1323 1997 nondum
1369 1940 1647 2015 purgata
1704 1936 1932 2014 culpa,
1961 1932 2109 1996 'imo
2161 1932 2421 1999 sublata
2469 1937 2834 2011 calumnia,
2865 1936 3200 1999 doctorum
3237 1932 3431 2019 vulgo

194 2028 260 2070 Ol‘
326 2031 432 2070 sse
458 2029 722 2070 imnona
757 2056 774 2070 .

194 2013 432 2075 ’ortasse
458 2013 774 2075 imponat.

239 2031 432 2075 rtasse
458 2031 545 2072 1m
594 2031 774 2073 onat.

239 2091 295 2151 3.
342 2031 591 2174 Quibug
631 2091 705 2153 de
739 2091 957 2174 causis
1002 2110 1228 2154 novam
1273 2092 1606 2174 editionem
1648 2092 2376 2174 aggrediamur.——-Htec
2404 2112 2561 2174 ego,
2605 2113 2686 2156 ne
2736 2096 2884 2172 quis
2925 2114 3027 2157 me
3063 2098 3420 2169 existimet,

176 2169 573 2256 incommoda
622 2171 940 2256 replicare
989 2189 1069 2256 ea
1114 2189 1366 2256 causa,
1397 2177 1470 2233 ut
1517 2169 1902 2235 doctissimis
1950 2173 2111 2256 viris
2137 2174 2300 2256 ,‘qui
2355 2175 2418 2233 in
2447 2169 3002 2256 recognoscendis
3053 2175 3430 2256 Hieronymi

172 2251 412 2329 scriptis
448 2251 877 2323 desudarunt,
912 2251 1165 2329 laudem
1195 2252 1600 2323 imminuam,
1633 2269 1781 2313 cum
1811 2259 1962 2312 ante
1993 2252 2110 2312 hos
2144 2250 2342 2311 ferme
2371 2250 2860 2328 septem'annos
2891 2253 3233 2313 admodum
3265 2250 3435 2316 ado-

172 2328 412 2393 lescens
429 2349 671 2393 eorum
701 2328 958 2394 lectiorii
989 2336 1158 2391 totus
1188 2331 1657 2401 incumberem,
1681 2346 1827 2390 meo
1856 2331 1993 2408 ipse
2019 2330 2311 2408 periculo
2337 2347 2481 2389 sum
2503 2337 2833 2408 expertus.
2858 2331 3037 2408 Saepe
3063 2334 3255 2394 etiam
3287 2353 3432 2395 cum

173 2408 356 2489 doctis
391 2411 583 2481 viris,
617 2410 733 2488 qui
767 2410 832 2469 in
862 2409 987 2489 hac
1012 2409 1352 2489 ipsagurbe
1379 2415 1533 2469 sunt
1568 2424 1806 2489 magna
1841 2426 2092 2489 mecum
2125 2409 2480 2489 studiorum
2513 2409 2816 2470 societate
2846 2410 3199 2489 conjuncti,
3235 2416 3432 2477 verba

172 2486 426 2569 iaciens,
461 2506 600 2567 quo
635 2486 823 2566 pacto
858 2487 1182 2569 loci_haud
1212 2503 1376 2569 sane
1391 2488 1585 2569 pauci
1621 2486 1875 2569 restitui
1906 2492 2188 2565 possent,
2223 2487 2637 2569 defectusque
2667 2486 2983 2566 suppleri,
3015 2496 3084 2551 ut
3122 2491 3249 2551 illis
3280 2495 3434 2569 qui—

173 2566 292 2650 dem
327 2565 715 2638 videbatur,
747 2583 877 2627 non
910 2565 1250 2650 infeliciter
1274 2566 1571 2650 iudicavi.
1616 2567 1779 2650 Hinc
1809 2584 1963 2628 vero
1994 2582 2226 2650 novam
2272 2565 2616 2650 editionem
2649 2572 2719 2650 ut
2744 2565 3159 2650 aggrederer,
3196 2578 3257 2631 et
3288 2565 3434 2650 qum

173 2648 236 2708 ad
258 2648 444 2709 illam
480 2665 650 2725 opus
682 2650 903 2726 essent
927 2645 1323 2726 conferrem,
1357 2645 1870 2726 adhortabantur
1899 2665 1914 2704 :
1945 2646 2228 2707 maxime
2264 2664 2410 2708 cum
2445 2645 3047 2724 deprehendisse-nt,
3088 2645 3330 2726 passim
3367 2655 3430 2712 in

172 2726 352 2790 Italia
396 2724 811 2788 bibliothecis
842 2724 1190 2786 desiderari
1220 2725 1619 2803 exemplaria
1659 2743 1883 2786 eorum
1916 2728 2183 2802 operum
2205 2769 2222 2792 ,
2256 2743 2402 2803 quae
2430 2732 2571 2803 post
2606 2727 3032 2788 Parisiensem
3065 2724 3174 2789 PP.
3209 2731 3424 2793 Bene-

172 2806 547 2868 dictinorum
589 2804 939 2884 editionem
971 2822 1084 2882 per
1114 2803 1311 2884 ferme
1340 2822 1548 2867 annos
1578 2803 2011 2884 quadraginta
2047 2805 2274 2865 nullibi
2322 2822 2555 2868 recusa
2591 2813 2780 2878 sunt;
2814 2825 2937 2868 nec
2965 2808 3076 2868 illa
3108 2814 3323 2870 tamen
3358 2817 3429 2870 ut

173 2887 404 2978 absque
444 2883 904 2978 _examinemac
950 2884 1160 2976 studio
1202 2883 1744 2978 describerentur,
1781 2883 1928 2962 quas
1963 2884 2220 2945 sordida
2269 2886 2821 2978 typographorum
2872 2888 3122 2978 aliquot
3165 2889 3431 2978 ignavia

177 2973 288 3037 est,
320 2964 749 3027 sustinerent.
782 2964 1261 3042 Tergiversanti
1302 2969 1519 3026 autem
1548 2964 1702 3023 mihi
1726 3008 1741 3034 ,
1774 2981 2138 3041 causasque
2168 2964 2446 3025 nectenti
2478 2983 2559 3025 ex
2590 2967 2805 3026 causis
2826 3011 2842 3037 ,
2880 2966 3001 3027 hoc
3042 2971 3110 3026 ut
3147 2964 3226 3027 ne
3268 2967 3434 3028 face-

171 3061 314 3118 rem,
349 3044 640 3106 occurrit
660 3043 1164 3123 illustrissimus
1192 3043 1585 3104 Veronensis
1618 3044 1908 3105 ecclesiae
1939 3043 2462 3123 archipresbyter
2503 3045 2788 3106 Joannes
2824 3046 3215 3106 Franctscus
3276 3046 3421 3107 Mu-

172 3124 379 3186 sellius
401 3168 421 3197 ,
451 3124 568 3201 qui
601 3120 679 3183 ad
706 3123 990 3200 reliquas
1019 3122 1243 3184 laudes
1274 3123 1574 3184 eximiam
1603 3122 1683 3183 ad
1712 3123 2181 3200 promovendas
2214 3120 2485 3196 litteras,
2519 3128 2716 3201 atque
2744 3123 3090 3185 adversum
3120 3125 3432 3189 litteratos

170 3201 444 3265 favorem
473 3219 552 3265 ac
580 3203 1040 3283 benignitatem
1068 3202 1381 3281 adjungit,
1414 3207 1674 3283 tamque
1703 3203 1858 3263 utile
1888 3202 2384 3283 propositumin
2404 3204 2688 3283 nihilum
2718 3204 2952 3264 resolvi
2988 3204 3249 3265 minime
3276 3224 3424 3283 pas-

171 3299 294 3355 sus,
320 3282 642 3362 quidquid
672 3281 934 3362 necesse
963 3286 1153 3352 esset,
1187 3298 1317 3358 qua
1337 3281 1629 3362 consilio,
1661 3300 1792 3359 qua
1820 3283 2079 3360 upibus,
2107 3297 2240 3359 qua
2269 3282 2477 3362 libris,
2516 3299 2646 3361 qua
2677 3284 3082 3358 auctoritate,
3116 3281 3435 3362 praestitu-

170 3379 306 3423 rum
349 3380 420 3424 se
460 3361 635 3424 ultro
680 3361 1004 3440 pollicitus
1027 3404 1042 3431 ,
1068 3362 1256 3437 coepit
1289 3361 1597 3422 continuo
1637 3362 1967 3423 exhibere.
2014 3362 2219 3422 Jussit
2262 3361 2370 3421 ille
2410 3363 2564 3421 mihi
2588 3406 2604 3433 ,
2639 3367 2703 3422 et
2735 3379 2867 3439 qua
2896 3368 2997 3424 est
3032 3361 3433 3426 humanitate

169 3443 577 3504 vehementer
610 3441 804 3503 etiam
836 3440 1212 3501 adhortatus
1243 3444 1372 3511 est,
1410 3441 1474 3500 in
1518 3458 1618 3501 me
1655 3459 1877 3502 curam
1909 3457 2163 3501 omnem
2194 3457 2385 3502 novre
2413 3441 2709 3502 editionis
2741 3441 3141 3503 adornanda
3168 3448 3242 3502 ut
3273 3461 3412 3504 sus-

169 3522 469 3599 ciperem,
508 3525 644 3583 tum
676 3521 757 3593 ii,
787 3537 1067 3598 quorum
1096 3520 1406 3582 intererat
1428 3519 1898 3599 Hieronymum
1928 3520 2260 3597 splendido
2290 3526 2523 3581 ornatu
2548 3521 2809 3598 prodire
2829 3565 2843 3594 ,
2872 3522 2972 3582 vel
3014 3538 3179 3598 quos
3208 3522 3435 3599 aliqua

168 3598 380 3663 rerum
426 3618 720 3695 mearum
748 3617 914 3695 eum
955 3601 1257 3695 tangebat
1275 3643 1307 3695 ,_
1331 3617 1425 3695 ne‘
1440 3598 1909 3695 dei'nandata‘m‘
1926 3600 2329 3691 provinciam
2378 3616 2792 3695 respnerem‘,
2827 3601 2985 3695 mihi
3031 3616 3433 3695 magnopere

170 3686 464 3743 auctores
503 3685 714 3743 erant.
748 3680 998 3738 Horum
1029 3677 1247 3755 itaque
1290 3678 1649 3739 hortatibus
1696 3679 2022 3751 incitatus,
2053 3678 2335 3737 maxime
2378 3697 2530 3739 vero
2571 3696 2684 3755 spe
2728 3678 2980 3739 illectus
3009 3677 3313 3756 prasidii,
3343 3699 3428 3743 ex

170 3777 293 3839 quo
327 3760 624 3823 futurum
662 3757 1071 3839 confiderem,
1110 3762 1180 3839 ut
1208 3776 1334 3817 non
1367 3757 1681 3833 exiguum
1711 3758 1789 3818 ad
1816 3758 2184 3816 Ecclesiam
2233 3759 2567 3839 bonasque
2599 3759 2845 3818 litteras
2892 3758 3427 3831 emolumentum,

171 3835 247 3900 ad
272 3840 333 3900 S.
364 3840 573 3902 Patris
600 3856 757 3901 vero
777 3837 1134 3898 doctrinam
1166 3837 1280 3897 lux
1304 3840 1501 3912 atque
1523 3842 1793 3895 ornatus
1818 3842 2033 3911 posset
2060 3835 2388 3905 accedere,
2414 3835 2665 3896 tantum
2692 3853 2884 3907 onus,
2908 3854 3044 3895 non
3075 3839 3231 3896 meis
3258 3844 3432 3897 certe

174 3936 281 3995 par
307 3918 625 3990 humeris,
653 3918 870 3979 subire
897 3922 1108 3979 tamen
1137 3914 1336 3995 alacri
1363 3915 1579 3995 animo
1608 3932 1735 3995 non
1757 3912 2073 3995 dubitavi.
2100 3912 2594 3995 Enimveropro
2622 3914 2793 3995 virili
2816 3913 3434 3995 studiosorumpro-

178 3989 357 4060 tectui
392 3989 745 4060 occurrere
770 4002 865 4059 est
889 3995 1173 4064 animus,
1211 3994 1449 4071 quibus
1487 3993 1539 4051 si
1571 3992 1783 4068 opella
1815 3991 1936 4071 hac
1966 3994 2191 4071 nostra
2220 3990 2468 4071 aliquid
2501 3989 2805 4071 prodesse
2836 3990 3193 4071 potuimus,
3232 3989 3437 4053 liben-

176 4079 413 4139 tissime
442 4077 862 4150 devovimus;
895 4076 995 4137 sin
1023 4068 1277 4146 minus,
1308 4071 1666 4133 doctiorum
1699 4070 2031 4130 hominum
2061 4068 2361 4148 ingenia,
2394 4074 2466 4131 ut
2498 4069 2768 4131 meliora
2800 4068 3139 4132 conferant
3174 4072 3436 4135 excita—

177 4174 471 4220 ierimus.

245 4237 305 4298 Ιι.
341 4237 632 4317 Hujusce
651 4234 1054 4317 prafetionis
1090 4249 1246 4312 pars
1285 4230 1545 4317 triplex.
1582 4266 1652 4276 ——
1679 4232 1822 4317 1am
1863 4245 2020 4317 vero
2055 4235 2404 4317 antequam
2433 4228 2574 4317 dico
2593 4229 2804 4317 ,__quid
2845 4228 3016 4317 illud
3046 4231 3291 4317 laboris
3321 4232 3435 4317 sit,

176 4317 337 4394 quod
364 4308 524 4378 mihi
552 4318 626 4378 in
651 4308 1034 4392 hac'Sparta
1063 4308 1438 4394 exornanda
1472 4310 1801 4389 preposui,
1828 4308 2120 4387 quasdam
2150 4309 2552 4394 enucleatius
2576 4308 2849 4394 dicenda
2875 4314 3026 4394 sunt
3049 4311 3128 4372 de
3157 4312 3437 4389 antiqui-

176 4387 248 4457 tis
273 4398 762 4460 collectionibus
784 4387 921 4455 tum
953 4393 1030 4454 iis
1062 4410 1207 4469 quae
1232 4393 1297 4451 in
1322 4387 1487 4451 Mss.
1514 4397 1964 4461 asservantur,
1999 4393 2134 4469 tum
2163 4387 2540 4469 aliisimulto
2571 4388 3036 4466 insignioribus
3057 4429 3075 4460 ,
3102 4407 3249 4466 quas
3294 4387 3437 4467 post

178 4477 701 4555 typographicam
724 4479 931 4555 artem
961 4467 1339 4555 progerunt
1369 4490 1383 4529 :
1419 4469 1900 4555 notandumque
1929 4467 2152 4546 paucis
2181 4468 2333 4545 quid
2353 4474 2504 4555 ante
2532 4483 2651 4555 nos
2683 4469 2791 4555 alii
2825 4469 3258 4555 praestiterint.
3286 4469 3433 4547 Ipsa

179 4496 200 4535 ι
240 4496 316 4554 p0
364 4496 701 4555 rapnlcam
724 4496 931 4536 artem
961 4496 1339 4551 promerui".
1369 4496 1383 4529 :
1421 4496 1900 4546 "manuumque
1931 4496 2152 4546 puucrs
2181 4496 2333 4545 1|qu
2353 4496 2504 4528 dum
2536 4496 2651 4553 nos
2683 4496 2791 4527 mu
2825 4496 3258 4544 prwsuwruu.
3286 4496 3433 4547 Ipsa

179 4496 394 4618 dyeinge
409 4554 801 4634 explicanda
822 4552 1068 4634 indoles
1086 4550 1740 4634 Hieronymianorum
1766 4565 2059 4634 Operurn,
2077 4560 2437 4634 eorumque
2452 4545 2793 4607 delibanda
2812 4548 3063 4634 notitia,
3088 4564 3233 4634 quis
3250 4564 3359 4634 rea
3368 4568 3438 4634 p-

180 4652 240 4695 se
269 4625 775 4698 interciderunt:
808 4632 1014 4709 deque
1042 4632 1187 4693 aliis
1222 4625 1514 4708 pluribus
1536 4625 1854 4707 agendum
1888 4628 2081 4705 paulo
2113 4625 2523 4709 fusius,_quw
2554 4626 2889 4709 communi
2913 4627 3169 4703 quidem
3187 4625 3432 4709 judicio

181 4722 485 4790 putantur
525 4715 819 4777 eamdem
863 4704 1137 4772 subiisse
1170 4704 1527 4790 fortunam,
1568 4704 1831 4790 minime
1861 4704 2019 4790 vero
2051 4706 2236 4790 nobis
2266 4704 2565 4767 videntur
2601 4705 2798 4766 fuisse
2832 4704 3434 4790 elucubrataLHinc

183 4784 340 4879 enim
368 4796 516 4873 plus
544 4794 823 4855 fortasse
850 4791 1011 4879 lucis
1040 4789 1296 4879 accedet
1328 4784 2428 4879 a_tque_utilit_atiseditioni-nostras,
2457 4801 2603 4877 quin
2621 4786 3163 4879 toturn_q.uidquid
3191 4787 3435 4847 Hiero—

65 4917 69 4923 .
184 4864 550 4952 nymiauum
581 4879 700 4944 est,
735 4868 1062 4949 expendat
1087 4874 1151 4929 et
1170 4864 1656 4952 complectatur.
1713 4867 2008 4952 Denique
2022 4864 2274 4952 quibus
2302 4880 2419 4952 nos
2444 4864 2654 4952 simus
2674 4865 2938 4952 auxiliis
2982 4866 3103 4937 usi,
3132 4882 3437 4952 quo_pro-

182 4944 410 5029 pbsito,
444 4971 583 5033 quo
619 4944 889 5033 ordine,
920 4965 1130 5033 quave
1160 4944 1467 5033 mettion
1484 4948 1557 5033 in
1586 4952 1770 5033 tequ
1802 4962 1880 5008 ac
1898 4945 2073 5033 notis
2106 4944 2568 5033 profecerimus
2588 4989 2604 5017 ,
2640 4945 2925 5033 breviter
2952 4945 3430 5033 exponendum.

447 5023 654 5095 PARS
696 5023 960 5094 PRIMK
978 5028 1155 5088 -—-1n
1178 5045 1303 5107 qua
1328 5027 1403 5088 de
1429 5028 1590 5090 Mss.
1622 5025 1811 5107 deque
1840 5025 2025 5087 editis
2056 5023 2777 5107 co_ll_cctionibus_qgitur
2806 5024 3201 5107 singillatim.

254 5110 311 5173 5.
341 5113 812 5192 Manuscriptw
840 5109 1119 5192 Operam
1147 5103 1520 5192 Hieronym.
1552 5103 2050 5192 cottictioms.—
2070 5104 2138 5165 Id
2164 5103 2372 5192 fet-me
2390 5109 2490 5192 est
2510 5103 3033 5192 Hieronymianis
3061 5104 3430 5192 scriptioni-

188 5191 293 5254 bus
330 5182 701 5273 peculiare;
728 5195 800 5252 ut
828 5182 1383 5275 cum_avidis_sime
1400 5182 1917 5275 exciperentur,
1961 5189 2179 5275 essent
2206 5182 2475 5275 studiosi
2520 5182 2935 5275 homines_eo
2965 5184 3106 5275 ipso
3150 5190 3435 5275 tgnpore

186 5287 304 5346 quo
329 5263 815 5341 scribebantur,
844 5267 1047 5329 inscio
1071 5271 1337 5328 auctore
1365 5263 1670 5346 curarent
1698 5264 1946 5346 sedulo,
1978 5264 2306 5342 publicam
2334 5264 2402 5324 in
2430 5265 2637 5346 lucem
2667 5269 2738 5322 ut
2767 5263 3131 5346 ederentur.
3175 5263 3436 5346 Episto~

188 5342 243 5410 la
267 5352 329 5413 in
356 5360 581 5415 nostra
609 5349 989 5413 recensione
1014 5346 1298 5408 XLVIII.
1326 5345 1405 5407 ad
1428 5345 1929 5417 Pammachium,
1969 5360 2166 5422 quam
2197 5359 2315 5421 pro
2345 5344 2482 5405 suis
2528 5346 2751 5403 contra
2770 5342 3201 5422 Iovinianum
3252 5343 3433 5402 libris

189 5426 243 5488 S.
269 5432 501 5495 Doctor
540 5429 908 5512 inscripsit,
957 5428 1125 5512 hane
1149 5443 1419 5512 suorum
1448 5425 1603 5512 ipse
1626 5421 2362 5512 opernmcelebritatem
2394 5423 2460 5483 in
2484 5423 2715 5512 vulgus
2747 5421 2898 5512 dum
2928 5422 3161 5512 nartim
3188 5423 3435 5512 amico—

189 5524 320 5571 rum
345 5512 612 5583 studiis,
653 5499 892 5589 partim
919 5507 1296 5589 aemulorum
1331 5499 1596 5589 invidiae
1617 5499 1871 5574 tribuit,
1909 5502 2417 5589 luculentissime
2460 5499 2897 5563 contestatur:
2938 5499 3088 5562 Non
3115 5519 3276 5589 sum,
3312 5499 3435 5589 _in-

188 5591 334 5673 quit,
353 5601 546 5673 tanta:
559 5577 916 5673 fclicitatis,
933 5582 1678 5673 quantwpleriguclfujus
1695 5584 1989 5662 temporis
2011 5591 2404 5673 tractator”,
2429 5590 2496 5672 ut
2519 5598 2719 5673 nug‘as
2749 5580 3209 5673 meas'quando
3225 5577 3434 5673 colluc-

187 5654 295 5728 rt'm
320 5654 642 5733 cmenda'rc
659 5666 917 5749 possim.
934 5654 1162 5749 statim
1175 5654 1245 5725 ὗε
1271 5654 1518 5749 ᾳιίἱιιιὶά
1550 5654 1882 5749 scripsero,
1915 5670 2025 5749 aut
2050 5670 2354 5749 amatores
2377 5660 2531 5749 me},
2548 5654 2658 5749 mit
2683 5658 2886 5719 invidi
2915 5654 3434 5749 diversoquidcm

188 5750 407 5820 studio,
432 5751 539 5813 sed
560 5740 720 5831 pari
750 5744 1085 5807 certamine
1107 5744 1178 5804 in
1201 5740 1428 5831 uulgi}:
1455 5740 2121 5831 nostrn‘disscminnnf.
2156 5741 2390 5831 Eodem
2414 5740 2577 5831 _alinlii
2600 5755 2817 5831 sensu,
2852 5740 3110 5831 quinae
3134 5750 3282 5831 raro
3310 5752 3434 5831 oc-

117 5895 130 5904 .
190 5810 370 5916 eum;
390 5810 756 5916 meum
937 5840 1083 5916 qua
1108 5810 1472 5916 perat.
1505 5822 1742 5916 Pnblﬁci
1765 5822 1937 5916 iuris.
1962 5820 2307 5916 ιιι,
2329 5810 3229 5916 Ῐῗδὶ(9ιέίζιξὲἐίίζῗέἒ¹ἐῖίέἷῗ³.⁶ἷέ
3246 5814 3435 5916 aerea

188 5887 582 5976 Mhi-BI
597 5887 1020 5993 Iltutcrario
1053 5887 1351 5965 editio'nis
1376 5887 1615 5963 ho'n'orc
1634 5887 1806 5963 dole't
1830 5903 2116 5979 vulgata.
2145 5898 2306 5959 Vide
2328 5897 2396 5955 in
2426 5887 2593 5956 hanc
2610 5910 2746 5954 rem
2781 5887 3118 5964 epistolam
3141 5891 3220 5953 ad
3246 5892 3429 5954 Desi.
