4004 6328
292 399 452 459 XXIX
1720 399 2098 458 PREFATIO.
3393 400 3545 462 XXX

285 511 954 594 pepercitdtemporum
987 510 1744 594 inclementia,_injuriam
1769 517 2054 594 expertae
2085 528 2214 589 prae
2233 510 2484 594 creterris
2515 513 2666 594 sunt
2694 513 2980 594 epistolae
3005 557 3020 588 ,
3076 530 3355 594 quarum
3404 520 3539 580 an-

283 599 440 677 quot
452 591 546 652 sic
576 591 977 677 intercidere,
1006 591 1212 677 utvix
1241 590 1560 677 interdum
1583 593 1821 677 rescire
1847 590 2058 677 liceat_
2080 590 2267 677 qupd
2282 592 2531 677 scripta)
2553 675 2559 677 _
2569 591 2833 677 iuerint.
2887 590 3128 655 Earum
3172 597 3536 677 catalogum

281 670 475 754 magis
512 687 713 754 quam
757 671 1598 754 notitiam_instrui_mus,dut
1630 671 1680 732 si
1732 687 1930 754 quam
1977 689 2012 732 e
2043 670 2302 732 latebris
2343 671 2893 754 bibliothecarum
2915 691 3144 736 eruere
3191 670 3542 754 aliquando

283 751 639 829 contigerit,
669 769 754 820 ex
781 750 1195 828 inscriptione
1231 751 1458 811 saltem
1490 750 1863 812 innotescat.
1900 751 2125 828 Itaque
2173 753 2554 828 temporum,
2592 751 2829 828 quibus
2860 751 3023 813 datae
3072 759 3263 828 sunt,
3301 750 3539 818 ordine

279 830 486 912 quoad
518 829 662 912 fieri
688 836 896 912 potest
923 835 1198 903 servato,
1230 830 1452 912 primm
1485 834 1832 912 occurrunt
1857 829 1936 890 ad
1964 829 2352 912 Castorinam
2384 835 2817 905 materteram,
2835 847 3035 912 quas
3062 831 3200 910 ipse
3234 841 3378 912 post
3407 853 3541 898 an-

279 925 430 994 num
458 909 696 994 ingerit
723 909 959 994 denuo,
988 927 1063 972 ac
1092 914 1406 994 memorat
1435 909 1500 969 in
1546 910 1656 994 illa
1681 926 1826 988 qua:
1864 926 1996 970 una
2028 908 2106 971 ad
2136 909 2782 994 eamdemsuperest.
2833 908 2906 994 In
2950 908 3322 994 illis’pacém
3360 933 3544 994 quam

277 986 896 1078 reliquit—Dominus,
929 995 1000 1048 ut
1034 1008 1234 1078 secum
1266 987 1481 1078 habere
1508 986 1718 1078 vellet;
1740 1005 2132 1078 magnOpere
2159 986 2645 1078 deprecabatur,
2675 990 2894 1078 veteri,
2932 986 3126 1078 cujus
3153 986 3544 1078 tamenfcau-

277 1084 376 1150 sas
410 1067 815 1150 ignoramus,
861 1085 1128 1150 rancore
1171 1067 1474 1150 deposito.
1510 1067 2004 1150 _Ejnsd_em__fe_re
2034 1068 2346 1150 propositi
2396 1068 2634 1150 fuerint
2678 1069 2897 1150 decem
2907 1067 3091 1150 _illua,
3125 1086 3287 1150 quas
3327 1077 3388 1132 et
3422 1090 3540 1150 per

275 1145 436 1228 idem
465 1145 598 1207 fere
630 1151 909 1228 tempus,
944 1149 1078 1228 sive
1105 1148 1172 1208 in
1203 1145 1587 1228 arripiendae
1619 1147 1983 1228 solitudinis
2010 1147 2368 1228 procinctu,
2399 1148 2477 1208 ad
2507 1147 2852 1228 Antonium
2888 1145 3236 1228 IEmonaSl
3255 1145 3539 1214 vicinum

274 1224 498 1310 patriae
528 1244 672 1310 suae
686 1224 992 1310 oppidum
1018 1227 1142 1310 hoc
1171 1228 1324 1310 olim
1341 1224 1501 1306 erat)
1523 1227 1913 1310 monachum
1941 1226 2211 1303 scripsit.
2235 1228 2460 1310 Decem
2491 1227 2724 1310 (inquit
2748 1228 2934 1310 epist.
2957 1228 3102 1310 XII.
3120 1227 3203 1310 ad
3222 1224 3540 1310 eumdem)

261 1303 394 1382 jam
417 1305 552 1386 nisi
580 1303 1497 1386 fallo’rlepistolasplenastam
1548 1306 1766 1386 ofﬁcii,
1795 1323 2272 1386 quamprecum
2315 1303 2808 1386 misi.'Rursum‘
2842 1306 3012 1369 haud
3037 1307 3177 1386 scio
3221 1303 3542 1372 eademne

273 1401 416 1442 cum
440 1384 1094 1468 illis'censendaisint,
1110 1384 1270 1464 quas
1286 1384 1363 1446 ad
1391 1384 1677 1468 Virgines
1681 1384 1975 1468 ejusdem
1991 1385 2136 1468 loci,
2157 1385 2292 1446 sive
2308 1385 2753 1457 jEmonenses,
2772 1386 3007 1468 quibus
3027 1385 3209 1448 facile
3226 1388 3545 1468 Aptonius

272 1469 585 1540 praeerat,
623 1481 664 1527 a
714 1482 782 1525 se
825 1465 1093 1542 scriptas
1134 1463 1448 1542 memorat
1476 1483 1576 1541 ep.
1612 1465 1726 1524 XI.
1760 1463 1970 1542 iisque
1995 1463 2167 1524 dolet
2194 1481 2519 1542 nusquam
2558 1482 2899 1542 repensam
2941 1464 3144 1526 vicem
3174 1485 3192 1524 ι
3223 1464 3323 1528 Ne
3344 1464 3544 1528 unum

270 1542 540 1618 quidem,
574 1544 812 1621 inquit,
839 1541 1075 1623 apicem
1107 1543 1289 1604 toties
1314 1541 1488 1603 vobis
1521 1542 1826 1604 tribuenti
1854 1543 2129 1681 amotum
2148 1543 2562 1621 prwstitistis.
2592 1541 2776 1605 Certe
2802 1544 2854 1606 si
2887 1550 3245 1622 temporum
3270 1543 3571 1625 eﬂ'ugis—.

271 1626 412 1680 sent
444 1621 786 1681 iniuriam.
819 1639 950 1681 non
976 1622 1194 1681 dubito
1225 1622 1383 1681 uuin
1415 1621 1723 1681 praeclara
1753 1640 1836 1681 ex
1872 1622 1888 1680 i
1947 1623 1998 1681 is
2038 1621 2115 1681 ad
2157 1639 2379 1681 nacem
2427 1623 2876 1681 reducendam.
2923 1623 3544 1681 instaurandamuue

271 1626 412 1703 sent
442 1621 786 1703 injuriam,
819 1621 950 1703 non
976 1622 1194 1682 dubito
1225 1622 1383 1700 quin
1415 1621 1723 1700 praeclara
1753 1640 1836 1703 ex
1872 1621 1998 1703 i_ll_is
2038 1621 2115 1682 ad
2157 1639 2379 1700 pacem
2427 1623 2876 1703 reducendam,
2923 1621 3544 1703 instaurandamque

270 1699 626 1781 amicitiam
651 1702 950 1781 exempla
982 1719 1316 1778 possemus
1347 1699 1658 1781 repetere.
1691 1701 1783 1761 Ad
1813 1701 2144 1781 Didymum
2181 1719 2443 1781 quoque
2482 1702 2861 1781 magistrum
2908 1719 3120 1776 suum,
3166 1721 3358 1781 quem
3413 1699 3546 1767 non

270 1777 354 1858 ita
388 1779 646 1855 pridem
677 1780 744 1840 in
775 1777 1202 1843 alexandrina
1248 1777 1466 1842 schola
1501 1780 1834 1841 docentem
1869 1777 2244 1852 audiverat,
2283 1777 2620 1858 epistolam
2660 1781 2851 1853 dedit,
2885 1799 3028 1858 quae
3077 1777 3206 1842 non
3243 1783 3542 1845 habetur.

267 1855 382 1941 Illa
414 1876 579 1941 vero
609 1859 852 1941 passim
881 1859 1680 1941 invidiosetraducebatur
1714 1861 1796 1921 ab
1829 1859 2097 1941 ramulis,
2131 1859 2303 1936 quod
2321 1855 2485 1941 'v_iro
2516 1860 2768 1922 tametsi
2812 1855 3269 1941 eruditissimo,
3307 1863 3544 1941 Orige-

271 1936 696 2020 pi_§_dgg_m_ati
728 1938 1031 2020 impense
1071 1939 1326 2020 addicto
1372 1938 1598 2020 inisset
1652 1939 1982 2020 inscripta.
2002 1939 2218 2020 Quam
2247 2019 2253 2020 ί
2279 1939 2533 2020 culpam
2594 1943 2853 2020 sanctus
2910 1939 3132 2001 doctor
3169 1941 3232 2020 in
3273 1936 3545 2020 epistola

265 2013 634 2098 LXXXIV.
668 2016 747 2079 ad
773 2013 1231 2098 Pammachium
1249 2024 1322 2098 ret
1350 2017 1660 2098 Oceanum
1689 2013 1925 2098 purgat
1950 2017 2049 2078 his
2083 2019 2292 2098 verbis
2309 2038 2324 2077 :
2341 2013 2543 2098 Audet
2555 2018 2807 2098 quidam
2823 2021 3107 2098 proferre
3127 2013 3369 2082 litteras
3386 2041 3547 2083 mea:

265 2093 344 2153 ad
371 2095 746 2176 Didymum,
784 2097 964 2176 quasi
986 2096 1068 2158 ad
1093 2097 1490 2176 magistrum!
1539 2093 1788 2158 Grande
1820 2093 2064 2157 crimen
2093 2097 2410 2176 discipuli,
2441 2097 2499 2158 si
2521 2093 2840 2158 hbminem‘
2874 2093 3206 2167 eruditum,
3253 2108 3310 2160 et
3352 2120 3548 2162 senem

265 2175 650 2251 magistrum
679 2175 972 2235 discerim.
1000 2176 1095 2236 Et
1117 2175 1318 2236 tamen
1340 2177 1481 2237 volo
1501 2176 1803 2254 inspicere
1831 2178 2028 2254 ipsam
2055 2175 2396 2253 epistolam,
2449 2194 2582 2254 qua:
2605 2184 2778 2236 tanto
2796 2185 3064 2254 tempore
3080 2179 3146 2240 in
3177 2179 3548 2242 calumniam

263 2264 597 2334 reservata
623 2262 734 2334 est.
767 2255 950 2334 Nihil
977 2264 1206 2334 praeter
1238 2255 1536 2334 honorem
1584 2255 2124 2334 etusalutationem
2170 2255 2467 2334 continet.
2499 2254 2577 2334 Et
2603 2255 2760 2313 meri
2788 2255 3046 2334 quidem
3093 2255 3284 2316 ofﬁcii
3333 2260 3547 2321 minus

263 2347 433 2410 (egre
469 2333 741 2393 ferenda
765 2332 1021 2414 jactura
1051 2333 1380 2414 videatur;
1414 2333 1524 2392 sed
1553 2333 1799 2414 nullam
1833 2348 1952 2414 ego
1983 2332 2396 2414 majoricum
2422 2332 2749 2414 voluptate
2781 2333 3115 2409 epistolam
3155 2335 3457 2414 legerem,
3492 2340 3546 2400 si

261 2409 672 2488 superesset.
710 2409 920 2472 Aliam
954 2413 1173 2471 nescio
1205 2429 1400 2488 quam
1429 2427 1626 2487 penes
1657 2428 1724 2469 se
1752 2411 1993 2470 habere
2022 2410 2180 2468 dixit
2206 2409 2520 2480 Bullinus,
2547 2411 2610 2470 in
2649 2427 2778 2488 qua
2806 2417 3096 2473 sanctum
3137 2409 3546 2478 Ambrosium

258 2487 720 2570 Hieronymus
757 2490 1152 2570 suggillaret.
1183 2487 1421 2570 Nempe
1459 2489 1812 2570 cum_unde
1849 2489 2598 2570 quadragintahomilias
2643 2487 2937 2569 Origenis
2962 2491 3044 2570 in
3075 2492 3314 2554 Lucam
3347 2495 3546 2558 latine

256 2567 859 2646 interpretaretur,
894 2567 1245 2646 quemdam
1290 2569 1355 2628 in
1390 2567 1757 2646 praefatione
1784 2572 2162 2646 tractorem,
2197 2568 2378 2646 cujus
2413 2572 2625 2629 tamen
2662 2567 2894 2630 nomen
2939 2569 3336 2646 dissimulat,
3385 2575 3546 2637 dixit

255 2647 324 2706 in
358 2645 576 2708 simili
609 2665 806 2724 opere
833 2645 1032 2707 verbis
1062 2647 1272 2707 ludere
1314 2655 1372 2706 et
1395 2645 1728 2707 sententiis
1757 2645 2120 2705 dormitare.
2167 2645 2285 2707 His
2323 2646 2448 2724 peti
2481 2652 2715 2709 sanctae
2761 2650 3085 2711 memorias
3127 2645 3541 2716 Ambrosium

257 2727 656 2814 episcopum
700 2725 991 2814 Bullinus
1022 2729 1093 2784 ut
1142 2727 1367 2814 probet
1409 2724 1686 2814 secundo
1713 2724 2185 2814 Invectivarum
2215 2726 2404 2797 libro,
2433 2726 2841 2814 scitiinquit
2865 2773 2880 2801 ,
2914 2729 3020 2814 ille
3055 2729 3538 2814 (Hieronymus)

257 2802 347 2889 me
380 2803 638 2889 habere-
659 2802 986 2889 epistolam
1010 2802 1200 2872 suam,
1225 2805 1299 2889 in
1327 2822 1449 2889 qua
1482 2803 1612 2889 hoc
1624 2803 1827 2889 ipsum
1853 2803 1926 2863 de
1953 2804 2098 2865 aliis
2126 2805 2551 2889 e_.vcusans,_in
2577 2802 2754 2867 illum
2785 2802 3242 2889 (Ambrosium)
3280 2802 3544 2873 cancer-'-

261 2884 336 2943 tit
353 2882 840 2966 _s_uspicion_em.
886 2883 1102 2942 Verum
1128 2883 1275 2961 quia
1297 2883 1556 2966 epistoia
1589 2882 1701 2966 illa
1721 2883 1904 2966 etiam
1939 2884 2277 2966 secretiora
2297 2882 2896 2966 quadamcontinet,
2928 2907 3062 2966 qua:
3084 2882 3340 2950 interim
3358 2892 3541 2953 modo

258 2961 768 3046 publicari‘nolo
801 2969 944 3020 ante
973 2969 1244 3046 tempus,
1277 2961 1772 3046 ex_aliis_adhuc
1805 2961 1906 3046 his
1947 2962 2253 3046 similibus
2291 2961 2792 3046 upprobabimus.
2836 2961 2970 3027 Imb
3011 2985 3166 3029 vero
3224 2969 3276 3029 si
3322 2977 3544 3046 protu-

261 3041 468 3114 lisset,
494 3041 901 3126 haberemus
928 3042 1198 3126 gratiam
1225 3062 1240 3113 ;
1280 3040 1388 3102 sed
1413 3042 1602 3102 credo
1631 3042 1967 3103 calumnia:
1993 3040 2385 3126 instruendae:
2410 3044 2503 3126 illi
2536 3045 2738 3126 magis
2771 3045 3080 3126 intererat
3110 3040 3364 3126 silentio
3392 3067 3538 3126 pre-

261 3139 464 3212 mere.
494 3121 786 3216 Priorem
818 3121 896 3216 ad
922 3121 1361 3216 Augustinum,
1386 3138 1582 3216 quani
1609 3138 1742 3216 non
1773 3139 1890 3216 pro
1924 3123 2197 3216 receptis
2230 3123 2614 3216 litteris‘nsed
2636 3121 3132 3216 pro‘subscripta
3162 3121 3542 3216 salutatione

263 3200 434 3263 circa
479 3217 591 3261 an.
651 3199 793 3284 397,
820 3199 1440 3284 plenam‘epistolam
1467 3201 2035 3284 reddidittlaudat
2064 3199 2201 3278 ipse
2228 3199 2803 3284 Augustinirépist.
2848 3204 2926 3265 ad
2973 3199 3430 3284 Hieronymum
3472 3208 3537 3269 in

260 3289 494 3358 nostra
530 3279 914 3358 recensione
955 3279 1207 3352 LXVII,
1240 3283 1302 3340 et
1336 3279 1484 3358 quid
1520 3282 1611 3341 rei
1637 3280 1992 3342 contineret
2024 3299 2154 3340 non
2183 3279 2457 3343 obscure
2488 3279 2762 3353 indicat,
2787 3284 3037 3345 tametsi
3089 3279 3302 3345 doleat
3338 3285 3536 3348 fuisse

260 3355 615 3453 breviorem
652 3357 851 3417 multo
877 3405 905 3453 ,'
920 3377 1106 3449 guam
1134 3377 1306 3453 ex‘eo
1337 3355 1512 3450 vellet
1537 3361 1870 3453 suscipere,
1895 3360 2021 3453 _tali
2050 3360 2220 3434 viro,
2252 3380 2290 3420 a
2317 3379 2483 3453 φᾳθζ
2513 3369 2786 3453 tempora
2819 3361 3206 3453 quantalibet
3249 3375 3537 3453 occupet;

259 3437 486 3518 nullus
521 3455 718 3496 sermo
749 3437 1056 3518 prolixus
1083 3446 1190 3496 est.
1224 3438 1448 3500 Nescio
1469 3456 1631 3517 quas
1661 3437 1821 3501 alias
1852 3441 1933 3500 ab
1961 3444 2237 3516 utroque
2271 3437 2552 3501 vicissim
2583 3437 2761 3501 datas
2781 3485 2796 3511 ,
2825 3437 2990 3502 sunt
3039 3443 3152 3518 qui
3184 3443 3381 3505 velint
3402 3437 3540 3505 'in—

262 3516 623 3598 tercidisse,
657 3516 763 3576 sed
803 3516 932 3577 falli
963 3533 1072 3598 eos
1103 3523 1279 3594 puto,
1311 3516 1873 3596 quodtemporum
1905 3519 2187 3579 rationes
2211 3562 2226 3591 ,
2256 3520 2492 3596 quibus
2531 3521 2800 3598 singulas
2845 3516 3125 3582 exarataa
3170 3529 3359 3595 sunt,
3407 3541 3540 3586 non

264 3599 425 3679 satis
471 3597 1176 3679 benecomposuerint,
1209 3598 1308 3657 vel
1337 3598 1926 3679 animadverterint.
1958 3598 2194 3679 Utique
2214 3599 2292 3658 ad
2322 3597 2722 3679 Theophilum
2759 3600 3125 3679 etvicissim
3171 3601 3390 3679 plures
3439 3603 3534 3666 vi-

264 3674 548 3737 deantur
569 3675 832 3734 minime
864 3676 1083 3736 tulisse
1113 3681 1384 3749 aetatem,
1420 3677 1592 3754 quod
1623 3696 1705 3738 ex
1733 3694 1956 3738 earum
1987 3678 2154 3736 serie
2180 3674 2542 3738 innotescit.
2566 3677 2660 3736 Ad
2685 3678 3026 3740 Paulinum
3045 3674 3198 3741 vero
3239 3699 3370 3742 non
3413 3682 3539 3743 nisi

266 3770 469 3816 unam
502 3754 772 3838 indicari
808 3761 1002 3838 puto,
1040 3756 1294 3838 ubiitle
1324 3757 1618 3832 queritur
1671 3756 1942 3832 epistola
1969 3755 2293 3838 LXXXV,
2327 3755 2449 3815 sibi
2492 3757 2572 3816 ab
2599 3756 3007 3838 llieronymo
3041 3777 3278 3837 parvas
3326 3768 3383 3822 et
3425 3761 3540 3822 in—

270 3843 554 3912 comptus
593 3835 1109 3916 littgrulasmitti.
1131 3835 1471 3893 Enimvero
1483 3852 1696 3916 neque
1718 3837 1968 3916 breves,
1988 3833 2204 3916 neque;
2231 3833 2697 3916 incomptaidici
2716 3837 2848 3896 ullo
2861 3833 3066 3916 inodu
3078 3845 3367 3914 possunt,
3395 3857 3541 3916 quas

271 3919 627 3991 supersunt
645 3912 784 3973 LIII
806 3916 867 3971 et
886 3913 1105 3985 LVIII,
1141 3929 1420 3988 quarum
1440 3913 1642 3972 altera
1660 3913 2123 3991 scripturarum
2138 3912 2338 3991 libros
2359 3912 2798 3987 copiosissime
2823 3912 3138 3985 edisserit,
3165 3917 3366 3976 altera
3397 3912 3540 3979 vita)

271 3988 697 4053 sanctissimas
716 3991 1119 4052 instituenda;
1135 4007 1358 4050 norma
1374 3991 1723 4067 proposita,
1750 3989 1828 4048 ad
1845 3988 2207 4070 divinarum
2225 3989 2584 4070 litterarum
2615 3991 2823 4051 studia
2853 3993 3268 4068 antiquorum
3282 3999 3539 4070 patrum

271 4071 590 4148 exemplis
623 4071 872 4131 invitat.
903 4070 1047 4132 Alia
1077 4069 1294 4147 itaque
1320 4070 1600 4146 putanda
1631 4073 1762 4137 est,
1794 4083 1927 4144 qua
1955 4067 2031 4128 de
2066 4067 2274 4128 amico
2303 4068 2610 4148 Paulinus
2648 4067 3068 4148 conqueritur
3091 4115 3107 4143 ,
3141 4067 3361 4133 noster
3386 4075 3537 4134 cul-

271 4166 419 4227 pam
455 4145 862 4227 deprecatur.
893 4149 988 4208 Ad
1025 4145 1486 4209 Pammachium
1523 4153 1584 4209 et
1611 4148 2009 4227 Marcellam,
2044 4164 2188 4206 cum
2226 4145 2504 4224 priorem
2538 4147 2692 4208 anni
2727 4145 2866 4208 h01.
2917 4149 3289 4212 PasChalem
3326 4153 3535 4215 Theo-

271 4226 436 4310 phili
460 4226 800 4310 epistolam
830 4228 1025 4310 latine
1052 4229 1436 4310 explicatam
1462 4229 1776 4310 mitteret,
1788 4226 2083 4310 junxisse
2114 4227 2384 4310 litteras,
2409 4244 2491 4288 ex
2511 4243 2590 4310 eo
2616 4227 2806 4289 etiam
2820 4229 3387 4310 iverosimillimum
3414 4239 3534 4306 est,

271 4305 442 4385 quod
484 4308 888 4384 insequentis
931 4308 1085 4368 anni
1122 4307 1336 4368 itidem
1366 4307 1651 4385 paschali
1681 4306 1965 4384 epistolaa
2005 4305 2084 4368 ad
2130 4305 2385 4367 eosdem
2417 4305 2721 4383 praefatur
2759 4327 2772 4364 :
2808 4309 3080 4370 Rursum
3123 4308 3536 4373 Orientalibus

271 4405 378 4467 vos
422 4387 737 4466 locuplete
777 4385 1081 4467 mercibus
1117 4408 1138 4446 :
1165 4392 1243 4467 _et_
1273 4387 1472 4462 infra,
1513 4386 1796 4467 Accipite
1844 4395 1900 4467 et
1937 4403 2198 4464 grwcam
2240 4394 2296 4445 et
2337 4385 2808 4467 latinametiam
2834 4387 2948 4467 hoc
2979 4407 3144 4449 anno
3189 4390 3532 4467 epistolam.

229 4510 234 4514 .
272 4465 365 4528 Ea
406 4465 568 4527 vero
598 4467 654 4526 si
680 4469 985 4537 exstaret,
1014 4465 1184 4528 haud
1211 4465 1431 4526 dubito
1467 4467 1626 4543 quin
1661 4465 2051 4544 origenianaa
2076 4483 2286 4544 causa;
2315 4465 2686 4544 primordia,
2717 4465 3158 4544 factionesque
3180 4465 3324 4529 inde
3349 4487 3538 4530 exor-

272 4552 368 4606 tas
402 4545 628 4606 liceret
667 4544 1043 4622 imelligere.
1093 4545 1184 4604 Ad
1225 4544 1666 4607 Marcellinum
1694 4550 1756 4604 et
1776 4543 2237 4623 ’Anapsychiam
2270 4543 2399 4604 nOn
2423 4545 2544 4604 nisi
2575 4562 2708 4604 una
2736 4550 3031 4621 superest
3054 4543 3130 4606 in
3158 4548 3531 4611 recensione

274 4631 498 4685 nostra
543 4624 841 4704 CXXVI.
878 4624 977 4683 Ex
1003 4623 1131 4704 illa
1175 4629 1385 4704 tamen
1431 4625 1978 4704 plerasquealias
2029 4624 2251 4683 iisdem
2296 4625 2377 4704 ab
2413 4623 2542 4704 illo_
2571 4623 2765 4704 fuisse
2791 4623 3134 4703 inscriptas
3165 4627 3536 4704 planissime

275 4709 550 4774 constat,
586 4702 760 4781 quod
790 4702 927 4782 ejus
952 4703 1164 4762 statim
1194 4703 1376 4763 initio
1402 4747 1418 4776 ,
1444 4701 1600 4766 Non
1628 4721 1716 4762 me
1737 4749 1751 4770 ,
1785 4703 2026 4780 inquit,
2047 4703 2301 4781 pamitet
2328 4701 2724 4782 impudentia:
2753 4748 2768 4769 ,
2801 4720 2924 4781 qua
2954 4701 3301 4766 tacentibus
3330 4707 3527 4776 vobis,

276 4782 793 4864 epistolasdmeas
828 4781 1260 4864 'FnEQuENTen
1290 4782 1556 4864 ingessi,
1588 4790 1662 4841 ut
1721 4782 2089 4864 rescriptum
2154 4797 2436 4864 mererer.
2491 4781 2630 4864 Non
2689 4781 2982 4844 dissimili
3027 4793 3408 4864 argumento
3454 4806 3536 4848 ex

237 4887 240 4889 λ
277 4860 479 4923 tribus
519 4861 647 4922 illis
679 4861 1034 4922 Innocentii
1076 4879 1254 4939 papae
1295 4861 1612 4938 epistolis,
1649 4878 1812 4938 quas
1844 4860 2217 4940 primumrin
2254 4860 2894 4940 hieronymianarum
2915 4860 3178 4925 censum
3203 4867 3536 4927 transtuli-

276 4959 442 5023 mus,
471 4942 635 5023 alias
666 4941 1011 5023 nonnuilas
1037 4937 1118 5023 ad
1149 4937 1358 5023 ipsum
1391 4937 1955 5023 Innocentium,_et
1982 4939 2061 5023 ad
2088 4937 2414 5023 Aurelium
2443 4937 3013 5023 _carthag_inensem
3054 4945 3424 5023 episc0pum
3456 4946 3534 5007 de

277 5022 768 5100 pelagianorum
790 5019 1354 5100 violentiis,deque
1388 5019 1509 5100 sibi
1533 5019 1802 5100 suisque
1842 5018 2034 5100 illatis
2065 5018 2339 5100 caedibus
2373 5019 2602 5082 missas
2633 5018 2763 5082 a’S.
2794 5021 3068 5085 Doctore
3093 5018 3226 5084 non
3267 5018 3536 5086 dubita—

279 5097 587 5161 mus'tum
621 5117 777 5173 suo,
807 5105 942 5159 tum
967 5098 1297 5160 Eustochii
1320 5102 1380 5158 et
1402 5097 1680 5176 jnnioris
1712 5099 1924 5159 Paulae
1953 5098 2232 5160 nomine.
2263 5098 2503 5159 Earum
2545 5117 2796 5163 summa
2827 5100 3018 5164 fuerit
3056 5102 3133 5164 de
3161 5104 3536 5165 monasterii

278 5177 674 5258 direptione,
724 5183 920 5254 atque
947 5178 1290 5250 incendiis,
1323 5195 1468 5254 quae
1501 5179 1776 5255 primum
1816 5177 2081 5238 Aurelio
2121 5178 2406 5256 aperuit,
2432 5196 2563 5257 quo
2601 5178 3014 5258 deprecatore
3053 5183 3132 5244 ad
3214 5182 3536 5244 ontiticem

278 5273 432 5320 usus
461 5264 595 5321 est.
651 5262 714 5317 et
741 5258 924 5321 cuius
951 5275 1148 5321 onera
1190 5258 1474 5321 epistolae
1500 5257 1670 5318 ultro
1711 5258 2001 5321 citroque
2031 5256 2506 5319 deferebantur.
2548 5259 2781 5320 Notum
2821 5267 3129 5321 praeterea
3157 5201 3300 5321 Emit
3326 5263 3536 5321 lnno—

277 5256 432 5320 usus
461 5264 595 5333 est,
651 5262 714 5338 et
741 5258 924 5338 cujus
951 5275 1148 5335 Opera
1190 5258 1474 5338 epistolas
1500 5257 1670 5318 ultro
1711 5258 2001 5335 citroque
2031 5256 2506 5338 deferebantur.
2548 5256 2781 5320 Notum
2821 5267 3129 5338 praeterea
3157 5256 3300 5323 fecit
3326 5263 3537 5323 luno-

279 5339 510 5419 gentio,
543 5337 720 5415 quod
749 5337 886 5414 ejus
911 5355 1122 5419 usque
1145 5337 1486 5419 invisendi,
1519 5343 1580 5397 et
1605 5354 1822 5419 coram
1848 5336 2222 5419 consulendi
2255 5337 2536 5419 studium
2561 5336 2864 5400 Aurelius
2887 5341 3103 5402 animo
3129 5345 3532 5419 conceperat.

278 5415 481 5498 Tanta
523 5422 745 5498 autem
786 5415 1094 5498 modestia
1137 5416 1516 5498 gravissima
1561 5417 1643 5477 ab
1674 5416 2119 5478 haereticorum
2168 5416 2549 5498 satellitibus
2577 5419 2749 5498 mala
2775 5419 2909 5481 suis
2950 5421 3152 5493 illata,
3184 5426 3246 5481 et
3278 5415 3536 5498 quieti-

278 5497 507 5558 menda
532 5495 656 5558 sibi
684 5499 903 5556 essent
936 5496 1154 5573 pejora
1179 5496 1576 5574 deplorabat,
1609 5501 1680 5555 ut
1705 5498 1900 5574 probe
1936 5502 2159 5556 notum
2190 5497 2645 5573 persecutionis
2675 5505 3002 5560 auctorem
3027 5495 3328 5560 maluerit
3375 5496 3539 5556 reti-

279 5593 418 5638 cere
447 5575 733 5655 penitus,
771 5591 968 5651 quam
998 5576 1063 5634 in
1093 5593 1244 5643 eum,
1273 5574 1470 5636 videri
1501 5574 1739 5655 referre
1772 5576 2030 5637 talionis
2059 5576 2282 5637 vicem.
2317 5575 2548 5636 Ultimo
2580 5576 2722 5637 loco
2748 5577 2827 5638 ad
2861 5578 3139 5640 Firmum
3168 5574 3531 5655 epistolam,

277 5652 733 5739 cujus—Aiamen
781 5655 1167 5739 mentionem
1244 5655 1488 5739 nullam
1541 5654 1690 5739 facit
1741 5656 2236 5739 Ambrosianum
2300 5655 2674 5739 exemplar,
2739 5675 2822 5739 ex
2878 5657 2988 5718 illa
3061 5656 3137 5739 ad
3209 5652 3536 5739 Augusti-

276 5731 426 5796 num
452 5734 746 5805 CXXIV,
767 5734 1080 5814 scriptam
1123 5735 1558 5814 intelligimus.
1603 5736 1808 5812 Atque
1847 5735 1945 5801 hae,
1988 5731 2511 5813 hieronymiavnw'
2535 5734 2818 5811 epistolas
2855 5741 3007 5796 sunt
3032 5734 3220 5814 ,_im(_)
3261 5731 3534 5814 inuni-

278 5831 529 5891 versnm
557 5809 966 5894 scriptiones,
995 5829 1271 5894 quarum
1303 5809 1476 5877 c'erta
1497 5809 1750 5894 jactura
1777 5814 1855 5878 de
1882 5831 2134 5880 summa
2161 5809 2440 5880 utilitate
2465 5855 2484 5890 ,
2516 5809 2662 5891 qua:
2702 5814 2949 5892 percipi
2985 5827 3023 5872 e
3063 5809 3127 5872 S.
3180 5809 3384 5873 Patris
3433 5810 3537 5873 le—

271 5896 479 5958 ctione
508 5892 746 5976 potuit,
777 5893 1050 5956 multum
1083 5892 1487 5961 imminuant.
