4004 6328
520 375 678 439 xuu
1967 354 2357 414 PREFATIO.
3601 349 3762 406 πυτ

517 492 750 552 simum
789 488 1027 558 virum,
1076 480 1511 544 Marchionem
1555 476 1928 558 Scipionem
1958 470 2326 558 Maﬂejum,
2364 467 2693 558 singulare
2732 467 2954 558 patrius
2995 475 3230 527 nostrte
3274 465 3765 558 ornamentum,
3805 525 3810 529 ,

519 543 1384 645 ξίῖέῖἷῖςῶίίειὶιίιῃίευιρίι
1411 575 1545 645 non
1575 543 2128 645 tace.am._Nempe_
2146 543 2360 611 totum
2385 543 2501 645 me
2541 543 2829 645 laborem
2871 547 3051 645 hope
3093 546 3412 645 melum'et
3443 543 3768 645 pro‘tnovit

519 617 1558 724 Ea'éiiniiiﬁ'ﬁiieEeBiiBus'abietis,
1589 617 1651 695 et
1681 635 1825 694 licet
1842 617 2058 724 longe
2069 631 2326 718 absens,
2343 631 2407 724 et
2428 624 2811 685 desiderium
2833 625 2932 684 sui
2963 625 3074 684 diu
3101 624 3166 682 in
3187 620 3410 682 Galliis
3433 617 3765 696 proferens

518 707 871 784 continenti
901 721 1118 781 favore
1142 719 1578 796 prosequitur.
1611 729 1816 772 novus
1842 707 2099 784 Hieron;

1009 737 1118 780 ore
1142 719 1578 796 prosequitur.
1611 729 1816 772 novus
1842 707 2220 785 Hieronymi
2251 709 2586 776 ἐργοδιὼκτης.

1905 863 1920 866 -
1987 861 2038 866 ._
2133 859 2194 865 φ-
2221 858 2486 864 η...-νγν---
2583 856 2636 862 -_
2669 857 2680 861 _
2795 857 2848 861 .-.
2911 849 3767 902 ._¢--.-.-—“—~-—-—~E'

941 904 947 908 .
1528 899 1593 908 τικ-
1661 898 1747 907 ο--η
1993 897 2178 904 .____
2223 894 2786 904 -__—-m..—__.._
2809 891 3088 900 *θὼν--

1801 981 2424 1166 apruistis
3033 1166 3046 1174 .

1469 1254 2118 1374 nasus
2237 1187 2816 1366 Totus.
3555 1182 3559 1184 ᾗ
3747 1270 3769 1320 λ

1929 1473 1943 1487 ο
1971 1445 2340 1500 «WB,

531 1663 534 1666 .
594 1626 648 1678 1.
682 1619 1025 1692 Epistolarum
1070 1619 1130 1672 S.
1165 1616 1463 1685 Hieronymi
1493 1616 1652 1666 dotes.
1671 1641 1743 1653 --
1765 1611 1839 1665 Ex
1870 1612 2152 1666 illustrium
2183 1614 2418 1668 virorum
2441 1616 2654 1684 scriptis
2681 1615 2933 1684 Epistula:
2962 1616 3118 1684 longe
3144 1616 3356 1670 caeteris
3383 1614 3780 1684 prtestantiores

525 1715 842 1785 prudentum
900 1711 1176 1764 hominum
1223 1707 1423 1776 judicio
1466 1703 1844 1757 existimantur
1886 1718 1946 1756 ea
1993 1703 2328 1769 potissimum
2365 1704 2432 1758 de
2455 1720 2619 1758 causa
2649 1745 2663 1770 ,
2701 1705 2841 1775 quod
2892 1707 3002 1776 ipsa
3031 1707 3084 1760 iu
3118 1705 3221 1758 illis
3249 1705 3531 1760 scribentis
3557 1716 3781 1774 persona

525 1809 596 1860 ita
626 1805 844 1874 propius
869 1803 938 1855 ob
969 1801 1190 1869 legentis
1213 1799 1397 1851 oculos
1426 1804 1690 1856 versetur,
1718 1803 1774 1846 ut
1800 1793 1948 1862 quasi
1983 1791 2278 1846 redivivum
2309 1793 2576 1847 hominem
2607 1796 2886 1864 eomplecd
2913 1835 2927 1858 ,
2959 1796 3255 1866 faciemque
3287 1794 3454 1866 ipsam
3479 1796 3673 1849 intueri
3702 1794 3781 1848 vi-

527 1898 770 1952 deamur.
828 1894 974 1957 Haec,
1020 1891 1063 1944 si
1104 1889 1321 1942 alterius
1361 1887 1695 1955 cujusquam,
1744 1894 1827 1938 est
1863 1893 2008 1938 certe
2051 1883 2411 1952 Epistolarum
2453 1885 2762 1957 Hieronymi
2805 1889 3174 1956 praerogativa,
3200 1903 3423 1956 quarum
3453 1885 3783 1956 mutiapiccs

529 1994 749 2067 ingenii,
798 1993 1156 2058 virtutumque
1196 1987 1312 2054 ejus
1351 1983 1578 2052 effigiem
1623 1981 1861 2036 referunt
1882 2019 1897 2043 ,
1929 1993 2292 2048 arcanumque
2329 1981 2525 2034 mentis
2557 1980 2814 2043 habitum,
2845 1982 3125 2050 ignemque
3156 1981 3303 2034 illum
3330 1981 3563 2050 pectoris
3587 1995 3784 2047 reprtea

527 2063 760 2146 sentam,
800 2097 959 2151 quem
997 2081 1168 2148 ipsum
1207 2077 1382 2130 vivqu
1420 2088 1635 2140 corpus,
1682 2072 1726 2124 si
1752 2070 1985 2134 adesset,
2029 2084 2135 2123 non
2179 2070 2476 2125 exhiberet.
2517 2070 2620 2126 Sed
2664 2071 2750 2125 illa
2791 2072 2985 2141 Oppido
3027 2073 3197 2142 major
3223 2081 3308 2127 est
3349 2071 3601 2141 dignitas,
3645 2063 3809 2142 quod

527 2175 907 2228 Sanctissimus
943 2169 1132 2222 doctor
1173 2163 1423 2218 maximis
1471 2161 1794 2230 Reipublicae
1819 2159 2138 2213 Christiana:
2179 2161 2490 2215 muneribus
2534 2176 2660 2215 usus
2683 2201 2698 2224 ,
2728 2161 2866 2215 sicut
2896 2163 3005 2231 ipsa
3040 2178 3174 2232 pene
3203 2164 3254 2217 in
3281 2164 3642 2218 adolescentia
3677 2162 3788 2216 De-

526 2282 726 2318 mssum
768 2264 1010 2316 Romam:
1051 2258 1199 2312 Urbis
1253 2253 1565 2322 Epismpnm
1612 2253 1664 2304 in
1715 2249 1918 2304 Chnrtis
1967 2250 2341 2306 Ecclesiasticis
2378 2254 2604 2322 jnverat,
2645 2264 2692 2306 et
2738 2252 2961 2308 Orientis
3003 2265 3153 2326 atque
3184 2253 3474 2310 Occidentis
3515 2256 3788 2326 Synodicis

532 2349 983 2407 consultationibus
1007 2343 1340 2415 respondebat
1368 2340 1561 2414 (Epist.
1589 2339 1820 2411 CXXIII)
1844 2357 1857 2392 :
1893 2341 1963 2393 ita
2003 2340 2260 2411 deinceps
2291 2343 2456 2396 veluti
2486 2358 2769 2398 commune
2797 2346 2977 2400 saeculi
3006 2346 3282 2401 oraculum
3325 2349 3698 2403 consuleretur
3725 2349 3791 2404 do

529 2442 860 2512 gravissimis
884 2441 1040 2495 rebus
1066 2453 1128 2492 ac
1153 2435 1503 2499 difﬁcillimis,
1534 2431 1782 2503 quodque
1805 2433 1880 2486 rei
1908 2443 2067 2501 caput
2086 2443 2191 2499 est,
2219 2435 2287 2488 ab
2309 2435 2435 2500 illis,
2468 2436 2557 2504 qui
2586 2437 2668 2490 vel
2695 2440 2998 2503 sanctitate,
3029 2441 3109 2494 vel
3131 2442 3374 2508 scicntia,
3398 2443 3478 2497 vel
3509 2441 3790 2512 dignitate,

530 2527 731 2609 primas
762 2545 871 2588 tum
902 2531 1158 2599 temporis
1188 2529 1238 2582 in
1272 2527 1425 2595 longe
1455 2527 1613 2580 etiam
1644 2525 1846 2578 dissitis
1873 2525 2181 2594 regionibus
2207 2526 2536 2581 obtinebant.
2568 2528 2832 2597 Exemplo
2853 2541 2977 2585 sunt
3005 2546 3229 2601 magnus
3255 2533 3602 2603 Augustinus,
3633 2548 3794 2602 quem

539 2627 818 2680 nominare
843 2638 1002 2675 unum
1033 2621 1160 2672 satis
1185 2625 1348 2681 esset,
1377 2630 1444 2668 ex
1475 2615 1686 2669 Africa:
1716 2614 1987 2677 Lucinius,
2018 2615 2344 2683 Exsuperius
2363 2633 2429 2670 ex
2460 2617 2707 2686 HiSpania
2735 2637 2750 2673 ε
2781 2635 2812 2674 e
2836 2620 3020 2676 Galliis
3050 2622 3352 2685 Minervius,
3381 2633 3540 2692 atque
3566 2625 3796 2678 Alexan-

530 2722 650 2781 der,
682 2716 952 2785 Riparius,
979 2728 1041 2766 ac
1069 2711 1313 2764 ltusticus
1339 2721 1432 2762 :ex
1465 2707 1750 2761 remotiore
1766 2705 2048 2761 Germania
2074 2706 2295 2769 Sunnia,
2321 2721 2385 2761 ac
2413 2706 2640 2762 Fretella
2668 2726 2682 2763 :
2711 2725 2777 2762 ex
2802 2711 3022 2766 Oriente
3047 2711 3376 2780 Epiphanius
3401 2731 3414 2766 :
3448 2727 3512 2766 ex
3539 2711 3793 2783 Egypto,

533 2813 754 2880 ipsaque
785 2805 1139 2862 Alexandrina
1161 2799 1289 2856 sede
1318 2799 1666 2868 Theophilus,
1697 2807 1752 2851 ut
1773 2799 2044 2854 nemiuem
2075 2800 2274 2853 interea
2307 2813 2370 2852 ex
2402 2799 2569 2866 Italia,
2611 2816 2673 2854 ac
2704 2801 2955 2856 Romana:
2987 2805 3274 2858 nobilitatis
3306 2804 3638 2874 principibus
3671 2805 3796 2857 viris

536 2903 824 2972 proteram,
845 2914 1064 2967 quorum
1085 2897 1361 2949 innumera
1381 2900 1506 2946 sunt
1524 2907 1581 2946 ac
1601 2893 1796 2961 sa‘pius
1825 2891 2132 2961 augustiora
2158 2893 2394 2946 nomina.
2413 2893 2768 2959 Quamobrem
2803 2911 2905 2948 non
2939 2896 3126 2965 privati
3157 2895 3387 2949 hominis
3411 2896 3568 2949 modo
3589 2896 3797 2950 erudita

535 2994 743 3062 negotia
765 2991 880 3058 ejus
910 2989 1158 3059 Epistulae
1182 2985 1625 3054 complectuntur,
1655 2983 1748 3037 sed
1780 2982 2098 3052 insigniores
2128 2980 2238 3036 fere
2263 2985 2618 3051 qumstiones:
2650 2985 2841 3039 eximia
2867 2985 2935 3040 ad
2958 2985 3342 3054 Scripturarum
3366 2985 3797 3054 explanationem

531 3095 896 3146 minuiinenta,
933 3083 1036 3135 imo
1091 3081 1248 3133 etiam
1289 3086 1452 3131 totam
1494 3075 1662 3130 ferme
1705 3076 1822 3145 ejus
1866 3074 2046 3129 saeculi
2084 3073 2512 3130 Ecclesiasticam
2558 3075 2858 3142 historiam,
2899 3078 3168 3149 dogmata,
3213 3093 3404 3148 resque
3441 3087 3642 3148 gestas,
3681 3093 3798 3148 quas

521 3177 849 3253 eruditionis
907 3173 1067 3228 homo
1121 3169 1346 3240 cupidus
1410 3167 1455 3223 si
1498 3182 1566 3221 ex
1631 3164 1932 3236 purissimis
1979 3163 2214 3218 fontibus
2265 3165 2393 3219 velit
2437 3166 2723 3234 ediscere,
2791 3169 2910 3223 illas
2962 3167 3152 3224 sedulo
3195 3169 3523 3238 perscrutari
3576 3181 3799 3224 necesse

532 3270 742 3324 habeat.

602 3365 658 3417 9...
707 3363 934 3415 Veterum
980 3359 1274 3412 Editionnm
1315 3356 1367 3408 in
1412 3355 1476 3408 iis
1514 3350 1833 3406 recensendis
1873 3349 2129 3420 confusio.
2165 3378 2237 3389 —
2286 3349 2382 3403 Hic
2423 3351 2585 3420 igitur
2621 3351 2824 3406 fructus
2865 3352 3319 3407 cumulatissimus
3363 3353 3430 3406 ad
3461 3351 3716 3406 lectorem
3742 3361 3800 3406 ut

532 3457 734 3518 redeat.
785 3470 886 3508 non
916 3453 1086 3504 solum
1115 3452 1165 3502 in
1198 3449 1262 3502 iis
1298 3444 1636 3516 pi'mstattdis,
1679 3460 1796 3512 quze
1842 3443 1892 3495 in
1924 3442 2201 3510 superiore
2244 3441 2562 3498 Prtel‘atioue
2592 3445 2832 3513 exposui,
2879 3459 3060 3498 verum
3104 3446 3262 3499 etiam
3297 3445 3348 3498 itt
3377 3445 3638 3514 cujusque
3670 3445 3797 3514 Epi-

528 3549 684 3604 stula:
723 3547 1058 3611 recensione,
1111 3553 1167 3596 ut
1215 3543 1264 3594 iu
1316 3548 1516 3592 rectum
1560 3535 1803 3589 ordinem
1850 3551 1946 3601 pro
1989 3543 2286 3602 temporum
2325 3535 2532 3589 ratione
2566 3535 2999 3605 disponerentur,
3027 3551 3247 3605 operam
3285 3537 3544 3606 impendi.
3577 3537 3799 3592 Veteres

525 3656 724 3710 nempe
755 3639 998 3693 liditores
1028 3651 1143 3690 eam
1170 3631 1421 3686 exhibent
1463 3627 1824 3696 Epistolarum
1855 3624 2048 3679 seriem
2082 3640 2202 3695 quae
2233 3640 2338 3678 non
2369 3625 2436 3678 ad
2461 3626 2742 3694 temporis,
2765 3626 2860 3680 sed
2886 3626 2952 3681 ad
2986 3627 3330 3680 materiarum
3356 3628 3616 3682 rationem
3645 3635 3801 3695 apte-

533 3747 622 3790 tur
655 3735 852 3803 magis;
885 3743 1112 3799 cumque
1142 3726 1270 3779 varii
1315 3721 1451 3776 adeo
1494 3719 1790 3788 argumenti
1835 3717 2106 3786 Epistolas
2135 3717 2200 3771 ad
2234 3729 2342 3771 tres
2385 3728 2587 3771 tantum
2614 3719 2835 3781 classes,
2872 3733 2972 3772 nec
3002 3717 3131 3771 satis
3160 3727 3408 3773 accurate
3438 3717 3701 3786 redigant,
3735 3729 3798 3770 ea

534 3831 646 3898 ipsa
674 3830 726 3882 in
752 3823 1046 3882 meouomia
1078 3814 1493 3889 perturbationis
1520 3812 1647 3865 vitio
1675 3811 1936 3875 laborant,
1966 3819 2023 3862 ut
2057 3823 2201 3879 saepe
2251 3809 2526 3879 polemicis
2577 3809 2904 3876 laudatorise,
2947 3811 3238 3864 moralibus
3285 3811 3506 3875 criticae,
3537 3809 3800 3878 theologi-

532 3897 612 3976 cis
655 3918 939 3974 familiares
985 3911 1421 3982 permisceantur.
1474 3902 1650 3956 Edilio
1693 3914 1822 3954 vero
1867 3899 2209 3954 Beuedictina
2259 3899 2384 3953 dum
2431 3897 2555 3952 huic
2610 3900 2750 3954 malo
2778 3900 2975 3954 mederi
3006 3901 3183 3955 studet
3208 3901 3369 3971 (absit
3395 3901 3556 3954 verbo
3575 3900 3800 3967 invidia)

531 4011 710 4067 omnia
756 4007 925 4078 magis
973 4000 1269 4063 confundit,
1317 4011 1440 4052 nam
1479 4003 1534 4049 et
1572 3993 1877 4061 complures
1923 3992 2206 4062 Epistolas,
2245 4005 2380 4060 quas
2404 3990 2617 4046 criticas
2658 4000 2830 4057 vocat,
2862 4007 2893 4047 e
2919 3992 3080 4046 natali
3110 3993 3227 4047 solo
3260 4009 3354 4063 per
3383 3993 3485 4046 vim
3507 3992 3717 4046 avulsas
3747 3993 3801 4045 in

433 4141 477 4167 ο,
534 4103 766 4156 alienum
799 4094 1085 4155 transtulit,
1111 4101 1164 4146 et
1191 4105 1282 4160 per
1313 4097 1482 4141 totum
1513 4084 1820 4154 Hieronymi
1849 4097 2070 4151 operum
2101 4096 2294 4150 corpus
2319 4081 2441 4135 hinc
2471 4081 2594 4136 inde
2616 4082 2667 4136 in
2696 4098 3015 4153 unoquoque
3044 4093 3188 4139 tomo
3217 4083 3612 4140 commentariis
3639 4085 3803 4138 ίιηειι.

436 4173 474 4206 ί
534 4195 722 4256 seruit,
753 4201 911 4259 atque
936 4183 1207 4253 diSpersit.
1237 4180 1405 4248 Hujus
1437 4175 1789 4232 intolerandae
1819 4172 2148 4226 confusionis
2186 4173 2232 4224 si
2265 4171 2334 4224 ab
2353 4171 2556 4241 aliquot
2582 4173 2775 4227 litteris
2802 4189 2922 4243 qua:
2950 4174 3016 4228 ad
3041 4190 3201 4229 unum
3227 4173 3578 4242 eumdemque
3609 4173 3805 4228 Dama-

536 4301 654 4341 sum
686 4279 1047 4336 inscribuntur
1066 4313 1081 4338 ,
1108 4269 1412 4336 exemplum
1435 4267 1573 4319 sumi
1607 4264 1737 4317 velis
1763 4303 1778 4324 ,
1807 4276 1926 4331 qua:
1955 4260 2085 4313 Cain
2108 4259 2393 4314 vindictam
2422 4261 2692 4330 explanat,
2734 4263 2786 4317 in
2808 4265 3044 4318 secundo
3066 4274 3213 4320 tomo
3239 4273 3358 4334 post
3383 4263 3722 4330 Quaastioues
3745 4264 3802 4318 in

536 4375 808 4435 Ceuesim,
845 4381 965 4438 qua:
1005 4363 1073 4418 de
1111 4358 1390 4428 Seraphim
1435 4355 1563 4422 agit,
1613 4355 1666 4407 in
1720 4353 1878 4407 tertio
1923 4359 2041 4420 post
2066 4349 2492 4406 Commentarios
2519 4353 2570 4406 in
2601 4353 2812 4420 Isaiam,
2863 4371 2985 4425 quas,
3020 4371 3204 4411 vocem
3227 4357 3438 4411 osanna
3464 4357 3713 4425 explicat,
3749 4357 3804 4410 in

534 4473 721 4538 quarta
763 4460 942 4532 priore
967 4463 1136 4526 parte,
1166 4459 1220 4505 et
1247 4446 1473 4503 Mattluei
1514 4442 1832 4513 expositioni
1872 4441 2172 4495 subduutur
2201 4455 2216 4505 ;
2263 4449 2374 4495 tum
2399 4443 2517 4497 alite
2543 4442 2595 4497 id
2627 4459 2795 4513 genus
2822 4447 3035 4501 omissae
3059 4489 3073 4514 ,
3102 4448 3222 4500 alia:
3252 4461 3411 4501 suum
3438 4455 3588 4501 extra
3621 4446 3807 4500 locum

541 4532 747 4630 positae,
778 4564 835 4608 ut
860 4551 1020 4606 etiam
1051 4547 1103 4601 in
1129 4541 1343 4614 proprio
1367 4537 1565 4607 judicio
1591 4533 1881 4605 digerenda
1909 4532 2130 4630 materia
2160 4547 2350 4603 parum
2383 4533 2458 4588 illi
2483 4533 2720 4590 feliciter
2737 4536 2998 4592 accidisse
3025 4539 3363 4607 perSpicuum
3382 4536 3471 4592 sit.
3501 4536 3558 4591 ln
3583 4536 3809 4607 reliquis

541 4619 701 4720 porro
726 4643 994 4704 omnibus,
1022 4651 1154 4706 quas
1183 4636 1234 4688 in
1254 4629 1426 4702 quarti
1456 4627 1584 4681 tomi
1617 4635 1767 4696 parte
1797 4625 1964 4679 altera
1995 4621 2049 4677 in
2094 4639 2258 4678 unum
2289 4625 2520 4695 collegit,
2550 4628 2776 4683 consilio
2805 4619 3020 4698 quidem
3052 4629 3268 4700 egregio
3297 4643 3424 4684 usus
3450 4636 3554 4692 est,
3587 4643 3708 4683 cum
3737 4628 3808 4683 ad

547 4716 804 4807 ientporis
835 4735 978 4800 leges
1011 4727 1247 4796 singulas
1266 4722 1535 4791 exigeret,
1569 4733 1819 4773 successu
1845 4726 2022 4770 tamen
2053 4731 2156 4770 non
2185 4716 2382 4784 pariter
2413 4718 2547 4773 felici
2571 4759 2586 4783 ,
2617 4717 3045 4788 quandoquidem
3077 4736 3194 4789 quae
3223 4719 3388 4788 prima
3408 4721 3586 4773 statim
3615 4734 3810 4774 occur-

539 4833 611 4887 rit
636 4806 701 4882 ad
726 4823 990 4880 Bullinum
1021 4814 1285 4886 septennii
1313 4813 1520 4866 laborat
1541 4807 1977 4873 anachronismo,
2009 4806 2450 4872 etlunocentius,
2483 4808 2574 4878 qui
2601 4823 2660 4863 se
2688 4808 2896 4863 itineris
2923 4809 3172 4863 comitem
3202 4807 3525 4878 Hieronymo
3553 4809 3812 4876 praebuit,

541 4922 668 4979 huic
687 4919 796 4973 fato
820 4915 1032 4969 functus
1057 4908 1249 4963 dicitur
1276 4947 1291 4969 ,
1324 4913 1440 4972 post
1466 4901 1733 4957 sexdecim
1763 4901 1896 4954 alias
1925 4897 2305 4966 iuterjacentes
2333 4901 2595 4969 Epistolas
2621 4900 2773 4954 vivus
2799 4899 3174 4968 compellatur.
3221 4897 3391 4962 Quem
3415 4911 3656 4952 errorem
3680 4913 3812 4953 cum

538 5013 706 5068 volvit
729 5013 780 5065 iu
811 5000 1200 5078 prolegomenis
1241 4998 1416 5052 editor
1442 4994 1761 5060 emendare,
1810 5005 2038 5060 eamque
2081 4989 2146 5042 ad
2171 4989 2539 5047 Innocentium
2570 4991 2849 5061 epistolam
2872 4990 2941 5045 ad
2965 5004 3160 5043 annum
3189 4989 3295 5042 564
3336 4988 3637 5055 retrahere,
3665 5004 3813 5046 novo

543 5117 731 5159 errore
771 5094 1081 5153 cumulavit.
1131 5089 1336 5144 Exinde
1388 5097 1564 5139 autem
1609 5085 1840 5154 reliquas
1867 5083 2025 5151 hujus
2068 5083 2250 5152 primm
2295 5081 2492 5138 Classis
2535 5082 2601 5136 ad
2629 5083 2972 5154 hypothesin,
3003 5096 3159 5150 quam
3185 5081 3365 5135 animo
3391 5091 3714 5151 conceperat
3740 5097 3815 5136 ex

551 5191 890 5265 prscjudiCata
911 5185 1160 5255 Opinione
1187 5178 1623 5234 accommodavit.
1655 5176 1761 5230 Nec
1788 5177 1967 5228 minus
1995 5174 2113 5226 alite
2138 5171 2350 5227 Classes
2379 5181 2618 5242 peccant,
2646 5172 2908 5241 siquidem
2940 5185 3082 5239 sa'pe
3109 5172 3313 5239 priores
3343 5170 3596 5240 Epistolas
3622 5180 3814 5240 poste-

539 5262 772 5340 rioribus
824 5277 1137 5339 succedunt,
1184 5272 1425 5341 qtnedam
1477 5286 1599 5331 uno,
1646 5269 1764 5322 aliae
1812 5267 2057 5330 duobus,
2109 5275 2202 5320 aut
2250 5267 2416 5318 tribus
2465 5265 2655 5328 annis,
2705 5262 3022 5332 quandoque
3064 5262 3224 5316 etiam
3274 5262 3554 5332 pluribus,
3601 5273 3812 5318 comm

541 5392 703 5448 quam
735 5389 829 5445 par
857 5379 960 5436 est,
993 5367 1368 5439 prarl'eruutur,
1401 5363 1484 5416 vel
1513 5361 1915 5431 posthabentur,
1947 5373 2052 5412 non
2089 5355 2204 5412 siue
2244 5355 2440 5425 ingenti
2470 5354 2686 5409 lectoris
2723 5352 3096 5419 incommodo,
3122 5369 3284 5422 quem
3310 5355 3418 5420 ille,
3449 5355 3660 5425 quoties
3688 5369 3822 5425 per-
3873 5423 3884 5429 ᾗ

545 5445 768 5524 turbatis
803 5462 1018 5521 calculis
1051 5470 1350 5528 temporum
1382 5459 1614 5509 rationes
1640 5450 1934 5510 confundit,
1965 5451 2128 5502 toties
2157 5461 2338 5502 secum
2366 5462 2468 5499 una
2500 5455 2860 5499 transversum
2889 5445 3046 5512 rapit.

621 5565 674 5615 5.
731 5559 862 5614 Novi
885 5555 1078 5610 ordinis
1107 5551 1400 5610 necessitas,
1429 5557 1474 5613 et
1503 5545 1651 5597 ratio.
1679 5572 1749 5584 ——
1769 5541 2128 5608 Quamobrem
2155 5553 2274 5593 cum
2305 5551 2482 5606 neque
2503 5533 2896 5590 incommodam
2918 5544 3157 5591 veterum
3179 5538 3514 5593 sortitionem
3542 5546 3824 5610 repetere,

543 5670 646 5709 nec
674 5665 815 5722 saepe
843 5648 1010 5704 deviis
1036 5641 1282 5700 Μουκιιί
1333 5633 1660 5693 Benedictini
1691 5632 1928 5701 vestigiis
1955 5631 2142 5685 liceret
2193 5628 2443 5683 insistere
2467 5645 2480 5679 :
2500 5641 2799 5696 quanquam
2824 5625 2879 5682 in
2903 5627 3045 5684 votis
3070 5637 3217 5685 esset
3239 5627 3311 5684 ab
3335 5628 3596 5686 alterutro
3623 5631 3826 5702 vulga-

537 5757 720 5802 torum
749 5716 992 5799 ordinum
1023 5753 1127 5797 non
1156 5731 1459 5791 discedere,
1485 5741 1550 5782 ne
1575 5724 1781 5780 inducta
1814 5724 2038 5780 mutatio
2063 5719 2320 5781 studiosis
2343 5717 2534 5788 negotii
2560 5716 2754 5791 aliquid
2777 5718 3101 5778 lacesseret:
3142 5720 3424 5779 meliorem
3453 5730 3634 5782 tamen
3664 5721 3828 5780 ordia
