4004 6328
199 457 324 514 ΜΝ
1609 451 1780 510 ΡΒΑΕΙ

1879 451 1992 507 l‘lO.
3295 453 3460 514 XLVI

133 559 138 566 ’
198 589 310 629 nem
334 573 610 642 auspicari
637 613 652 637 ,
696 571 808 627 sive
836 572 1003 644 ipsum
1046 571 1486 642 chronologicum
1513 589 1578 627 ex
1604 573 1808 642 integro
1854 572 2168 638 reformare,
2202 573 2376 642 quoad
2406 574 2518 629 ﬁeri
2549 575 2719 644 potuit
2743 575 3146 630 accuratissime
3172 615 3186 639 ,
3217 575 3438 627 omnino

199 676 407 719 mcesse
436 663 558 718 fuit.
586 662 724 718 Nam
752 672 806 719 et
828 664 989 718 multa
1015 678 1046 718 e
1071 663 1303 734 vulgatis
1331 665 1683 734 Epistolarum
1718 664 2125 720 collectionibus
2152 666 2458 732 exturbare,
2485 667 2758 734 multaque
2776 665 2902 728 alia,
2928 679 3047 734 qua:
3073 663 3458 719 desideraban-

155 754 158 761 ’
198 766 292 822 tur,
323 754 579 810 sufﬁcere
601 756 837 824 Oportnit
865 756 919 810 in
945 756 1051 810 hac
1067 767 1284 820 nostra;
1317 765 1371 811 et
1391 765 1511 810 eum
1541 756 1709 811 semel
1735 765 1971 811 veterem
1999 771 2281 811 numerum
2312 756 2394 811 vel
2416 771 2629 827 augere,
2660 755 2746 810 vel
2777 755 3115 818 imminuere,
3144 768 3362 808 movere
3392 766 3459 807 eo
3526 787 3540 802 .

197 845 302 915 ipso
350 858 580 898 necesse
615 843 748 908 fuit;
778 859 880 900 nec
919 845 1018 899 nisi
1045 846 1280 915 graviori
1315 845 1598 914 legentium
1642 845 1898 901 cessisset
1947 845 2291 920 incommodo
2335 861 2550 902 servare
2588 847 2777 901 aliCubi
2833 843 3196 915 pra'scriptam
3233 843 3476 906 seriem,

193 935 376 990 alicubi
401 934 742 990 diverticulis
774 950 869 1004 pro
895 951 952 989 re
975 936 1137 1001 natis,
1167 937 1454 992 invertere.
1481 935 1657 991 Satius
1684 937 1845 1006 igitur
1871 937 2097 991 aliorum
2133 952 2343 1006 quoque
2369 937 2644 991 Editorqu
2679 936 2938 1004 exemplis
2958 934 3130 988 edocti
3159 973 3174 996 ,
3206 947 3326 987 esse
3355 948 3444 986 ar-

191 1028 412 1084 bitratus
444 1042 596 1094 sum,
629 1027 677 1082 si
705 1029 914 1082 usitatis
939 1029 1278 1098 superiorum
1306 1039 1598 1097 temporum
1621 1028 1965 1082 citationibus
1985 1028 2212 1082 studiosi
2235 1028 2311 1082 uti
2337 1039 2571 1097 possent,
2602 1039 2658 1081 et
2681 1044 2746 1081 ne
2768 1027 2882 1096 ejus
2901 1026 3122 1091 ordinis,
3150 1023 3446 1094 quodcum-

190 1133 287 1189 que
310 1119 528 1174 tandem
554 1127 644 1174 est
675 1159 692 1186 ,
724 1118 1008 1173 commodo
1053 1117 1458 1183 fraudarentur,
1499 1128 1807 1172 annotarem
1838 1119 1907 1173 ad
1940 1117 2358 1188 uniuscujusque
2385 1118 2636 1187 Epistula:
2664 1118 2892 1181 initium,
2915 1130 3073 1186 quem
3095 1115 3146 1170 in
3179 1113 3340 1168 veteri
3371 1107 3463 1167 re?

187 1211 440 1266 censione
489 1225 780 1266 numerum
830 1209 1157 1265 obtinerent.
1207 1208 1439 1265 Proinde
1488 1209 1721 1264 tabulam
1767 1225 1979 1279 quoque
2024 1209 2216 1264 instrui
2266 1210 2320 1263 in
2351 1209 2521 1264 fronte
2559 1209 2759 1279 aperis,
2782 1222 2891 1278 qua
2913 1221 3082 1261 novus
3119 1204 3252 1260 ordo
3282 1207 3452 1261 veteri

186 1315 548 1373 comparatur,
605 1305 827 1374 ipsaque
873 1301 1217 1358 Benedictina
1265 1302 1518 1368 editione,
1560 1302 1713 1372 cujus
1753 1303 1949 1358 seriem
1993 1317 2025 1356 e
2064 1303 2283 1371 regione
2320 1301 2565 1370 apposui,
2621 1310 2676 1354 ut
2713 1306 2870 1370 quem
2895 1300 3034 1354 inter
3053 1313 3114 1354 se
3150 1306 3459 1366 respectum

187 1395 434 1458 habeant,
463 1411 650 1466 quove
697 1396 885 1450 ordine
925 1409 1152 1466 quaeque
1188 1395 1530 1463 processerit,
1570 1393 1868 1463 intelligere
1920 1409 2027 1448 uno
2053 1401 2344 1462 conspectu
2374 1393 2547 1447 liceat.
2602 1393 2869 1446 Cmterum
2891 1407 2960 1446 ne
2982 1405 3182 1445 novum
3210 1388 3464 1444 ordinem

187 1485 361 1539 iniisse
381 1494 594 1540 temere
631 1485 685 1539 et
719 1484 922 1539 levibus
954 1483 1282 1552 argumentis
1311 1483 1508 1544 videar,
1537 1492 1806 1537 momenta
1835 1485 2100 1537 rationum
2131 1524 2145 1547 ,
2191 1483 2384 1552 quibus
2413 1481 2680 1537 adductus
2702 1497 2818 1536 sum
2839 1483 2906 1536 ad
2931 1497 3048 1536 eam
3079 1480 3275 1535 seriem
3305 1479 3454 1534 desi-

186 1576 469 1649 gnandam,
500 1585 562 1631 ut
581 1575 1321 1630 in.accuratioribusPatrum
1351 1575 1749 1630 recensionibus
1778 1570 2083 1638 lieriamat,
2115 1574 2342 1629 seorsim
2373 1574 2507 1628 infra
2532 1575 2810 1642 subueclo,
2841 1573 3070 1628 maxime
3098 1587 3218 1627 cum
3265 1571 3465 1625 multas

187 1687 300 1742 qua:
329 1684 583 1741 perzcgre
613 1671 962 1739 vagabantur,
982 1668 1146 1722 certis
1173 1668 1307 1722 locis
1334 1677 1496 1737 atque
1523 1668 1697 1734 annis,
1725 1668 2014 1738 plerasque
2039 1668 2159 1723 aliis
2184 1668 2250 1722 ab
2275 1668 2380 1733 his,
2409 1669 2597 1736 quibus
2627 1666 2945 1736 Chronologi
2977 1667 3133 1734 vulgo
3157 1663 3460 1726 aflixeraut,

189 1763 531 1818 asseruerim.
581 1761 719 1816 Tres
755 1777 897 1815 enim
935 1770 1061 1816 sunt
1108 1770 1316 1815 tantum
1360 1760 1630 1830 Epistolrc,
1659 1775 1778 1828 qua:
1822 1775 1927 1814 non
1981 1775 2153 1828 usque
2181 1760 2314 1814 adeo
2338 1769 2536 1814 certain
2566 1760 2818 1828 temporis
2847 1771 3046 1820 notam,
3070 1760 3175 1810 aut
3212 1754 3452 1809 historici

189 1853 406 1922 alicujus
452 1851 578 1906 facti
627 1855 941 1907 memoriam
987 1860 1222 1918 servant,
1278 1861 1336 1906 ut
1359 1851 1426 1906 ad
1471 1861 1674 1906 certum
1703 1865 1902 1904 annum
1935 1852 2174 1907 revocari
2205 1853 2430 1921 possint,
2463 1857 2660 1921 easque
2686 1851 2750 1904 ad
2788 1851 3012 1904 aliarum
3042 1849 3244 1903 calcem
3275 1847 3459 1917 rejeci,

191 1944 402 2010 ιιι-ιείίιο
446 1942 515 1996 ad
567 1943 776 2011 pagina:
820 1943 995 1996 alhnm
1050 1942 1150 1996 hoc
1179 1943 1446 2004 lemmate,
1487 1942 1663 1996 incerti
1696 1943 1952 2011 temporis,
2009 1957 2074 1996 ne
2099 1944 2430 1998 recentiores
2482 1944 2601 2012 quis
2631 1951 2806 2012 putet,
2837 1959 2902 1996 ex
2934 1955 3001 1996 eo
3052 1939 3194 2011 quod
3248 1941 3459 1994 caeteris

193 2041 608 2103 postponantur.
634 2036 882 2087 Attamen
924 2035 1091 2088 ferme
1118 2033 1248 2087 nihil
1277 2033 1342 2086 ad
1373 2033 1648 2087 historiam
1673 2032 1890 2098 faciunt,
1934 2042 1990 2086 ut
2014 2033 2225 2087 illarum
2256 2035 2428 2087 :elatis
2451 2033 2714 2102 ignoratio
2741 2033 2935 2103 aegrius
2957 2030 3178 2086 ferenda
3210 2029 3299 2083 sit.

252 2126 304 2179 tl.
328 2117 611 2178 Tractatus
632 2135 680 2178 et
701 2125 946 2195 opuscula
970 2141 1085 2178 cum
1113 2123 1504 2193 Prcfationibus
1529 2125 1749 2178 aliorum
1776 2140 1984 2193 operum
2010 2123 2559 2178 exclanmat—lam
2581 2138 2727 2187 vero,
2761 2133 2818 2177 ut
2844 2122 3057 2193 proprie
3083 2120 3464 2191 Epistolarum,

195 2216 567 2286 quod'nemini
595 2217 857 2271 hactenus
894 2218 946 2270 in
979 2228 1212 2270 mentem
1242 2216 1412 2280 venit,
1443 2217 1811 2270 collectionem
1837 2215 2180 2278 adornarem,
2217 2216 2445 2283 primum
2473 2214 2758 2268 Tractatus
2776 2224 2832 2269 et
2868 2213 3157 2282 prolixiora
3185 2214 3464 2283 opuscula,

193 2324 300 2378 quae
340 2309 426 2364 ab
450 2309 572 2379 ipso
623 2309 952 2379 Hieronymo
979 2309 1028 2360 in
1055 2307 1335 2377 Catalogo,
1366 2317 1527 2375 atque
1565 2307 1709 2368 alibi,
1743 2307 1786 2358 si
1813 2305 2028 2375 quando
2056 2320 2243 2359 eorum
2269 2307 2470 2359 mentio
2499 2305 2751 2370 occurrit,
2796 2305 2938 2358 inter
2960 2304 3128 2358 libros
3152 2313 3464 2367 censentur,

192 2399 304 2454 hinc
334 2404 462 2454 loco
486 2400 658 2464 movi,
694 2409 852 2467 atque
884 2399 1037 2473 alteri
1083 2409 1230 2451 l0l|l0
1289 2396 1579 2451 reservavi.
1627 2397 1764 2464 Quid
1809 2398 2086 2450 enimvero
2124 2411 2247 2450 cum
2291 2395 2545 2464 Epistolis
2572 2395 2856 2450 commune
2882 2395 3097 2460 habent,
3124 2405 3182 2450 ut
3204 2396 3255 2450 in
3281 2408 3468 2452 earum

191 2492 428 2546 ordinem
477 2490 806 2553 referantur,
854 2489 1014 2542 trium
1058 2489 1434 2542 MOINCIIOI‘UIII
1473 2488 1640 2550 Pauli,
1686 2488 1992 2552 Hilarionis,
2038 2496 2093 2540 et
2122 2486 2312 2540 Malchi
2343 2486 2498 2553 Viue,
2529 2487 2688 2542 Liber
2715 2487 2784 2542 de
2807 2487 3105 2541 lllustribus
3137 2486 3296 2552 Viris,
3327 2487 3466 2542 alius

191 2594 366 2638 contra
403 2582 744 2645 Helvidium,
775 2581 984 2648 duoque
1015 2580 1186 2634 multo
1213 2580 1526 2648 prolixiores
1565 2589 1747 2633 contra
1779 2578 2117 2633 Iovinianum
2143 2618 2158 2644 ,
2191 2577 2482 2633 Orthodoxi
2510 2588 2564 2632 et
2591 2578 2913 2632 Luciferiani
2945 2578 3210 2649 Dialogus,
3245 2579 3466 2650 tresque

191 2674 546 2746 cognomines
582 2680 770 2728 contra
813 2671 1079 2740 Pelagium
1132 2671 1272 2735 libri,
1315 2671 1521 2738 aliaque
1565 2671 1614 2723 id
1641 2685 1803 2739 genus
1837 2670 1974 2724 haud
2015 2671 2201 2740 pauca,
2233 2686 2350 2740 quae
2379 2669 2645 2726 diversam
2669 2670 2849 2726 sedem
2878 2686 2944 2726 ex
2973 2672 3090 2741 ipso
3112 2671 3464 2744 syntagmatis

190 2765 401 2835 ingenio
445 2762 731 2832 postulant
757 2762 780 2814 ?
810 2760 1024 2814 Exclusi
1051 2761 1250 2828 pariter
1269 2775 1334 2814 ex
1366 2761 1461 2814 hac
1486 2761 1626 2814 serie
1671 2761 1936 2828 Epistolas
1967 2761 2113 2828 illas,
2145 2778 2262 2832 qua:
2291 2762 2413 2817 aliis
2435 2762 2586 2818 libris
2612 2763 2947 2818 Praefationis
2975 2764 3090 2818 loco
3117 2773 3260 2829 sunt,
3292 2780 3474 2834 neque

187 2857 422 2912 indolem
457 2863 782 2908 eteterarnm
819 2861 1052 2917 servant,
1082 2861 1135 2906 et
1175 2851 1388 2906 diverso
1415 2853 1517 2907 ﬁne
1544 2863 1897 2907 exornantur.
1945 2853 2025 2908 Ex
2053 2870 2118 2909 eo
2143 2870 2340 2924 genere
2364 2864 2488 2910 Sunt
2527 2857 2712 2926 viginti
2735 2857 2860 2921 illae,
2891 2873 3023 2927 quas
3052 2857 3104 2911 in
3130 2856 3350 2912 totidem
3377 2851 3468 2912 sa-

186 2968 394 3007 crarum
429 2949 836 3017 Scripturarum
863 2947 1025 3002 libros
1052 2945 1108 3002 S.
1142 2947 1334 3000 Doctor
1363 2948 1710 3013 elucubravit,
1751 2947 1925 3019 iisque
1958 2951 2202 3018 prtnlixit,
2233 2967 2354 3006 cum
2383 2951 2450 3006 de
2478 2949 2574 3006 sua
2619 2953 3077 3022 interpretatione,
3113 2961 3271 3022 atque
3308 2967 3474 3022 opere

188 3057 529 3112 praemonere
560 3041 824 3094 lectorem
853 3039 1021 3092 voluit
1049 3057 1063 3094 :
1111 3039 1364 3093 Erasmus
1395 3055 1520 3092 vero
1548 3048 1604 3094 et
1642 3040 1909 3094 Victorius
1944 3040 2162 3110 reliquis
2189 3043 2240 3096 in
2289 3043 2400 3097 suis
2427 3044 2753 3099 editionibus
2773 3053 3184 3110 accensus-runt,
3215 3044 3355 3114 quod
3389 3047 3473 3100 vel

189 3134 306 3186 illos
351 3133 523 3186 libros
562 3131 907 3185 excudercin
931 3131 1108 3183 animo
1130 3144 1233 3182 non
1261 3127 1553 3197 haberent,
1596 3129 1680 3183 vel
1707 3131 1866 3185 etiam
1890 3143 2073 3187 extare
2097 3131 2335 3201 integros
2373 3150 2480 3187 non
2535 3143 2803 3204 putarent.
2862 3134 3032 3204 Hujus
3095 3149 3308 3204 quoque
3331 3126 3477 3192 modi

192 3238 330 3292 sum,
358 3241 498 3296 quas
532 3225 804 3280 recensuit
828 3225 1162 3278 M‘artiauams
1191 3225 1241 3277 in
1268 3232 1452 3277 octava
1479 3224 1681 3290 Classe,
1713 3225 2064 3294 praefationes
2107 3225 2364 3281 librorum
2408 3231 2629 3300 aliquot,
2663 3248 2798 3301 quos
2821 3232 2872 3288 iu
2901 3250 3121 3304 operum
3157 3238 3479 3298 collectione

194 3316 561 3386 przetermisit,
594 3315 646 3368 in
678 3330 900 3384 quarum
935 3315 1246 3368 recensione
1271 3313 1372 3367 hoc
1401 3313 1620 3383 insuper
1643 3313 1771 3368 vitio
1802 3328 2081 3387 peccatum
2109 3325 2210 3384 est,
2243 3318 2383 3387 quod
2416 3336 2518 3374 una
2541 3321 2785 3390 quaedam
2811 3339 2906 3392 pro
2930 3325 3343 3397 Hieronymiana
3372 3328 3474 3384 ob-

195 3407 444 3470 truditur,
474 3421 598 3461 cum
627 3405 914 3460 manifesto
939 3405 1006 3460 sit
1039 3405 1232 3460 Bullini
1255 3405 1308 3459 in
1339 3405 1583 3476 Origenis
1604 3407 1861 3463 Homilias
1889 3411 1941 3462 in
1972 3411 2128 3478 epist.
2157 3410 2304 3466 Pauli
2334 3413 2399 3466 ad
2431 3412 2702 3471 Romanos
2726 3417 2998 3485 Praefatio,
3028 3427 3087 3474 ut
3109 3435 3178 3475 ex
3203 3421 3316 3490 ipsa
3341 3435 3477 3476 con-

195 3511 298 3554 stat
343 3501 688 3570 peroratione
729 3499 1062 3554 translatoris
1089 3500 1140 3553 in
1172 3513 1355 3555 earum
1392 3499 1826 3568 explanatinnum
1868 3502 1992 3556 ﬁne.
2023 3502 2129 3556 Has
2172 3503 2350 3573 itaque
2379 3519 2567 3563 omnes
2588 3508 2698 3562 suis
2725 3523 2757 3564 e
2795 3509 3012 3565 sedibus
3037 3524 3135 3580 per
3161 3512 3267 3566 vim
3294 3510 3480 3567 divelli

195 3600 360 3656 ratus,
389 3592 436 3645 si
468 3591 575 3668 huc
605 3590 1016 3654 transferantur,
1044 3591 1159 3645 suis
1193 3605 1430 3659 quasque
1461 3589 1612 3645 libris
1634 3589 1775 3662 affigi
1800 3593 1999 3648 debere
2032 3594 2356 3657 existimavi,
2388 3607 2442 3650 et
2469 3599 2919 3666 quemadmodum
2948 3617 3080 3672 quas
3108 3613 3318 3660 veteres
3347 3603 3470 3660 edi-

199 3693 338 3737 tores
382 3685 438 3737 iu
485 3683 825 3753 Scripturam”
858 3681 1204 3738 Prasiationes
1243 3673 1639 3746 recen‘sheraut,
1674 3684 2016 3740 Martianreus
2052 3690 2396 3756 nonrecepit,
2437 3691 2578 3760 quod
2608 3691 2776 3763 ipsam
2815 3694 3146 3766 Scripturam
3171 3695 3472 3763 excudens,

199 3775 309 3829 suis
356 3775 477 3828 illas
522 3773 656 3828 locis
701 3774 1186 3843 reprarsentaverit,
1243 3773 1314 3828 ita
1350 3789 1483 3842 quas
1530 3774 1869 3829 Martianaeus
1918 3777 2034 3847 ipse
2083 3778 2135 3830 iu
2185 3777 2429 3833 diversos
2476 3782 2642 3837 libros
2695 3785 2830 3838 alios
2875 3797 3163 3857 utcumque
3208 3787 3475 3853 exhibuit,

200 3865 440 3919 exclusas
469 3864 615 3918 volui
647 3879 714 3917 ex
743 3863 840 3916 hac
868 3863 1030 3928 serie,
1081 3863 1222 3932 quod
1249 3863 1414 3917 libros
1437 3865 1580 3931 ipsos
1609 3863 1966 3929 cxhibiturus,
1994 3867 2160 3920 veluti
2179 3868 2353 3936 capita
2379 3869 2490 3924 suis
2519 3872 2745 3928 reddam
2765 3878 3105 3944 corporibus.

271 3958 325 4012 5.
367 3955 620 4026 Epistolas
646 3957 866 4026 quinque
892 3955 1116 4009 nondum
1145 3964 1294 4007 antea
1329 3953 1559 4024 Vulgata:
1579 3955 1857 4007 adduntur.
1880 3986 1950 3995 —
1972 3955 2167 4010 Verum
2202 3972 2234 4010 e
2260 3961 2532 4014 contrario
2567 3963 2780 4027 multas,
2809 3980 2929 4033 quae
2959 3967 3010 4019 in
3038 3967 3264 4036 vulgatis
3291 3966 3474 4023 hacte-

202 4064 300 4103 nus
326 4049 658 4104 editionibus
685 4046 1146 4110 desiderabantur,
1179 4045 1372 4115 adjeci,
1404 4053 1458 4100 et
1480 4045 1671 4102 fecisse
1703 4061 1881 4115 operte
1905 4047 2132 4115 pretium
2161 4048 2294 4102 mihi
2325 4050 2476 4105 visus
2509 4067 2646 4107 sum.
2680 4053 2816 4110 Sunt
2839 4056 2941 4110 illa:
2966 4057 3021 4111 in
3047 4059 3352 4114 universum
3380 4076 3482 4115 un-

203 4143 392 4206 decim,
426 4158 459 4197 e
488 4142 690 4211 quibus
717 4139 952 4209 quinque
983 4155 1088 4193 non
1128 4148 1282 4193 antea
1314 4138 1486 4193 lucem
1528 4151 1867 4208 aspexerant,
1899 4141 2119 4212 reliquae
2145 4142 2374 4199 diversis
2416 4160 2448 4200 e
2481 4146 2632 4202 libris
2669 4148 3058 4206 adsciscuntur.
3094 4153 3341 4209 Dicamus
3372 4156 3482 4225 pri-

205 4252 342 4292 mum
371 4237 439 4290 de
467 4239 759 4294 ἀναδόσεως.
791 4232 1027 4300 Quatuor
1053 4249 1172 4302 qua:
1202 4231 1300 4285 sub
1325 4233 1560 4287 numeris
1584 4231 1742 4286 XCII.
1774 4234 1841 4288 ad
1878 4233 2037 4290 XCV.
2072 4236 2433 4304 continentur,
2464 4255 2529 4295 ex
2559 4241 2925 4300 Ambrosianus
2955 4246 3320 4312 Bibliotheca,
3363 4265 3485 4320 qua:

204 4326 484 4381 llediolani
517 4333 623 4389 est,
655 4323 848 4378 codice
871 4323 1253 4390 manuscripto,
1283 4322 1408 4375 olim
1448 4321 1505 4376 S.
1537 4322 1850 4378 Columbani
1881 4325 1946 4380 de
1975 4325 2163 4392 Bobio,
2200 4344 2346 4384 num.
2378 4331 2467 4387 59.
2509 4341 2562 4388 et
2593 4333 2633 4387 Η
2662 4333 2837 4390 littera
2868 4347 3160 4405 praenotata
3198 4338 3485 4409 descripsi,

207 4428 519 4488 tantumque
545 4431 616 4471 ex
651 4415 761 4469 illis
785 4413 942 4483 pretii
973 4421 1168 4467 nostra:
1193 4412 1415 4467 editioni
1443 4415 1736 4470 accessisse
1769 4417 2002 4483 conﬁdo,
2037 4429 2093 4474 ut
2129 4421 2174 4476 si
2210 4430 2468 4492 praeterea
2505 4425 2642 4480 nihii
2668 4429 2963 4494 praestitum
2992 4445 3022 4483 a
3051 4446 3136 4484 me
3163 4441 3326 4497 esset,
3355 4447 3476 4488 esse

207 4517 376 4564 tamen
409 4520 616 4578 putem,
648 4520 746 4559 cur
772 4504 904 4559 satis
931 4504 1070 4558 bene
1104 4501 1170 4557 dc
1211 4502 1747 4576 Hieronymianorum
1774 4523 1994 4576 cperum
2024 4513 2351 4568 amatoribus
2391 4529 2622 4570 merear.
2666 4516 2844 4571 Prima
2890 4531 2974 4574 est
3012 4521 3362 4578 celeberrima
3396 4525 3482 4580 illa

205 4597 488 4668 Theophili
517 4607 709 4653 contra
743 4594 1025 4689 Origenem
1056 4593 1595 4689 ejusquesectatores
1621 4597 1885 4689 Synodiea
1921 4602 2175 4669 Epistula,
2209 4619 2274 4658 ex
2301 4621 2403 4675 qua
2431 4615 2594 4660 totam
2624 4607 2817 4673 ferme,
2849 4625 3073 4682 eamque
3103 4615 3297 4682 passim
3331 4618 3483 4689 igno-

212 4703 311 4746 tam
343 4691 689 4761 Origenianac
726 4702 902 4742 causa:
931 4687 1208 4740 historiam
1237 4686 1523 4742 ediscimus
1550 4707 1562 4743 :
1597 4697 1706 4742 tum
1734 4688 1937 4745 Isidoro
1962 4692 2166 4748 afﬁetas
2195 4695 2538 4764 gravissimus
2567 4702 2948 4763 accusationes,
2990 4702 3334 4762 Nitriensium
3355 4686 3484 4763 'Mo-
3563 4760 3566 4765 ,

210 4785 504 4838 nachorum
539 4781 749 4844 turbas,
780 4789 834 4833 et
860 4779 1129 4842 Fratrum,
1161 4779 1248 4848 qui
1279 4778 1445 4848 Longi
1471 4781 1630 4848 vulgo
1658 4781 1896 4847 audiunt,
1927 4785 2105 4850 exilia,
2136 4787 2344 4856 aliaque
2373 4788 2696 4856 hujusmodi,
2727 4808 2828 4861 qua
2861 4793 3234 4854 ha‘reticorum
3266 4802 3518 4867 seutenL,
3550 4800 3558 4808 ’

213 4873 296 4927 tiis
316 4871 488 4941 probe
513 4868 904 4938 intelligendis,
931 4883 1034 4938 qua
1061 4869 1223 4923 rebus
1251 4872 1499 4938 utrinque
1525 4871 1689 4938 gestis
1715 4886 1812 4926 suo
1840 4875 1941 4928 rite
1970 4876 2196 4943 tempori
2227 4878 2620 4948 consignandis,
2645 4883 2876 4937 maxime
2905 4891 3225 4953 necessaria,
3253 4908 3483 4963 quorum

213 4967 550 5035 ignoratione
580 4979 612 5017 a
641 4963 816 5018 doctis
855 4961 1156 5017 hominibus
1185 4962 1238 5016 in
1279 4962 1383 5017 illis
1427 4963 1788 5021 cdisserendis
1817 4969 2042 5024 subinde
2071 4982 2345 5041 peccatum
2396 4987 2499 5030 est.
2543 4978 2724 5032 Altera
2763 4979 2828 5032 ad
2856 4961 3304 5051 Tlicopliileusem
3337 4987 3490 5041 istam

215 5057 682 5130 Jerosolymitanae
714 5054 915 5126 Synodi
958 5055 1240 5122 responsio
1280 5063 1382 5120 est,
1423 5055 1610 5110 iisdem
1655 5056 1822 5113 ferme
1861 5060 2111 5116 insistens
2147 5066 2382 5136 vestigiis
2411 5085 2423 5120 :
2455 5067 2902 5137 quemadmodum
2934 5085 2986 5127 ct
3015 5090 3133 5138 qua:
3173 5076 3332 5131 tertio
3368 5079 3492 5136 loco

217 5149 478 5215 subditur,
510 5147 755 5218 Dionysii
788 5144 1064 5199 Liddensis
1093 5145 1159 5198 ad
1192 5145 1362 5214 ipsum
1391 5145 1768 5218 Theophilum,
1815 5164 1882 5204 ex
1924 5153 2114 5221 quibus
2144 5166 2401 5223 quantum
2439 5158 2542 5213 sibi
2582 5161 2882 5215 animorum
2925 5174 3198 5220 sumerent
3240 5168 3486 5238 Origeni-

221 5251 332 5308 stre,
358 5256 568 5314 quasve
595 5241 845 5306 regiones
886 5247 1317 5307 pervagarentur,
1347 5240 1540 5310 quibus
1570 5240 1782 5296 tandem
1812 5243 2015 5299 artibus
2043 5245 2402 5315 imponerent,
2430 5251 2706 5307 discimus.
2741 5255 2814 5309 Ea
2850 5269 2979 5310 vero
3005 5257 3256 5313 decausa
3286 5259 3339 5314 in
3371 5260 3495 5316 Hie-

217 5337 661 5407 ronymianarum
691 5330 1113 5425 lucubrationum
1141 5344 1356 5425 censum
1378 5333 1623 5398 veniunt,
1656 5336 1797 5404 quod
1832 5337 1926 5392 abs
1956 5338 2277 5412 Hieronymo
2303 5342 2589 5401 Latinitate
2613 5347 2990 5421 donatze,‘ejus
3020 5354 3233 5422 proprie
3262 5353 3369 5408 sint
3395 5357 3488 5425 ju-

218 5426 312 5481 ris.
339 5427 393 5481 ld
426 5437 615 5480 autem
645 5428 707 5476 ut
745 5435 902 5475 nemo
939 5421 1098 5485 ullus,
1129 5420 1218 5490 qui
1248 5429 1452 5478 tantum
1487 5440 1579 5480 eas
1610 5425 1815 5494 legerit,
1846 5427 1895 5481 in
1927 5429 2144 5483 dubium
2177 5447 2367 5486 vocare
2395 5436 2608 5500 audeat,
2641 5449 2802 5508 utque
2840 5420 2949 5512 ipsa
2979 5420 3101 5512 styli
3121 5420 3487 5512 elegantiavsc

219 5518 386 5572 statim
414 5515 638 5586 prodat,
682 5519 942 5566 consonet
983 5527 1160 5566 rerum
1205 5515 1390 5579 series,
1437 5532 1557 5585 qum
1604 5517 1989 5586 edissernntur,
2034 5524 2231 5577 codicis
2258 5540 2469 5595 quoque
2505 5525 2631 5582 Mss.
2678 5512 2966 5587 auctoritas
3009 5533 3260 5596 accedat,
3291 5543 3489 5601 prasto

225 5607 376 5660 etiam
407 5615 494 5688 est
524 5619 642 5660 sua:
671 5604 791 5671 ipse
818 5601 938 5657 ﬁdei
957 5601 1545 5677 jussogﬂi'eronymus,
1578 5608 1669 5676 qui
1702 5619 1888 5664 contra
1915 5611 2183 5668 Ruflluum
2213 5615 2515 5684 disputans,
2564 5619 2680 5674 illas
2709 5637 2768 5676 se
2795 5622 2981 5678 Latine
3008 5615 3492 5678 reddidisse‘lucu-

221 5696 512 5756 lentissime
539 5694 828 5769 proﬁtetur
855 5695 940 5749 his
966 5694 1142 5749 verbis
1177 5694 1269 5749 lib.
1299 5696 1354 5761 3,
1391 5699 1534 5754 Duas
1569 5701 1906 5769 Synodicam,
1942 5704 2322 5761 etPasc/mlem
2363 5707 2636 5777 Theophili
2675 5712 2935 5780 Epistolas
2974 5722 3152 5766 contra
3194 5709 3488 5783 Origencm,

221 5789 448 5863 illiusque
471 5787 760 5858 discipulos
786 5803 874 5855 per
896 5786 988 5839 Itoc
1013 5789 1167 5856 ferme
1194 5786 1454 5843 biennium
1479 5791 1842 5859 interpretatus
1866 5810 1998 5859 sum,
2040 5808 2086 5849 et
2125 5799 2177 5850 in
2210 5799 2598 5865 ludiﬁcationem
2632 5801 2874 5854 Ecclesia:
2912 5799 3147 5869 legendas
3182 5810 3367 5856 nostra
3390 5805 3492 5859 lin-

229 5898 339 5953 gue:
357 5883 652 5942 hominibus
683 5879 818 5934 dedi.
847 5877 916 5934 Et
941 5877 1004 5936 de
1025 5879 1144 5936 aliis
1169 5895 1380 5951 quoque
1413 5881 1509 5936 lib.
1542 5884 1593 5938 ι.
1625 5884 1724 5940 sub
1751 5885 1979 5962 initium,
2010 5887 2115 5955 ubi,
2152 5889 2233 5958 Si,
2265 5890 2453 5957 inquit,
2478 5890 2722 5959 quidquid
2750 5899 2926 5945 contra
2957 5890 3224 5964 Origencm
3250 5898 3300 5948 et
3321 5901 3492 5948 sectae
