4004 6328
509 437 693 494 xevu
1930 413 2317 503 ramento.
3551 449 3758 509 xum

507 563 639 606 tores
662 555 770 623 ejus
784 552 986 620 dicitur,
1007 553 1062 608 in
1075 562 1123 609 te
1143 555 1336 610 dictum
1351 565 1518 625 putas,
1538 575 1658 628 ergo
1678 567 1723 613 et
1746 556 1990 628 Epistolte
2009 557 2173 622 Papa
2202 556 2492 628 TlteOpltili,
2517 567 2564 612 et
2580 556 2881 630 Epipltanii,
2903 571 2949 614 et
2974 561 3194 616 aliorum
3221 559 3613 630 Episcoporum,
3637 581 3757 634 quas

503 658 666 712 nuper
684 643 808 713 ipsis
826 643 1109 710 iubentibus
1129 649 1383 706 transtuli.
1407 656 1453 702 te
1466 658 1661 719 petunt,
1689 659 1736 703 te
1756 651 1998 705 lacerant.
2024 652 2310 708 Enimvero
2331 666 2452 707 eum
2471 660 2666 720 praeter
2685 652 3034 722 Epiphaniam
3055 655 3190 708 alios
3211 653 3504 724 Episcopos
3520 655 3689 725 addit,
3710 661 3756 715 si

503 730 965 805 Jerosolymitante
991 737 1193 808 Synodi
1217 738 1422 805 Patres,
1447 747 1500 794 et
1522 739 1828 810 Dionysium
1855 741 2196 810 Liddensem,
2215 759 2440 814 quorum
2458 743 2711 809 epistolas
2740 744 2808 799 ad
2827 744 3174 820 Theophilum
3196 755 3379 801 contra
3401 745 3687 817 Origenem
3707 751 3757 804 in

504 819 682 878 lucem
696 823 924 892 edimus,
941 825 1294 900 Hieronymus
1305 843 1411 884 non
1427 828 1703 895 intellexit,
1716 828 1859 885 aliud
1872 835 2173 902 excogitare
2185 842 2614 905 argumentorum
2629 848 2796 904 genus
2807 833 2874 888 ad
2889 849 3071 889 earum
3083 835 3379 891 litterarum
3393 851 3514 892 eum
3535 837 3619 892 his
3630 855 3756 909 quas

503 914 864 987 Hieronymus
887 917 1106 984 indicat,
1127 920 1452 992 probandam
1472 936 1764 986 ταυτότητα,
1792 923 2020 978 otiosum
2047 927 2132 981 sit.
2157 926 2286 992 Quae
2311 942 2472 996 porro
2492 925 2578 982 bis
2603 926 2844 982 succedit
2870 926 3023 982 XCV.
3051 929 3316 982 Anastasii
3347 929 3506 1000 Papae
3527 931 3594 985 ad
3620 930 3758 986 Sim-

506 1007 812 1078 plicianum,
835 1011 977 1080 quod
996 1022 1144 1068 arcto
1168 1027 1286 1068 cum
1316 1016 1677 1084 superioribus
1698 1033 1835 1074 nexu
1853 1017 2034 1087 juncta
2056 1019 2126 1073 sit
2145 1027 2478 1083 etconserta,
2503 1019 2676 1074 locum
2696 1019 2819 1088 jure
2847 1033 2945 1074 suo
2965 1019 3104 1074 inter
3129 1019 3569 1092 Hieronymianas
3586 1037 3758 1093 expo-

511 1113 664 1153 scere
685 1101 796 1155 visa
819 1110 920 1156 est.
941 1101 1016 1158 De
1038 1102 1178 1159 illius
1195 1106 1566 1174 germanitate,
1588 1116 1748 1178 atque
1766 1108 1977 1179 ingenio
2000 1108 2116 1177 plus
2135 1108 2360 1162 fortasse
2387 1123 2544 1178 quam
2571 1108 2701 1163 satis
2722 1108 2774 1162 in
2793 1106 2944 1163 Notis
2969 1108 3250 1179 disputavi.
3285 1110 3378 1166 His
3404 1111 3564 1166 aliam
3591 1111 3761 1182 adjeci

505 1191 561 1244 in
596 1190 657 1246 V.
685 1192 869 1250 Classe
895 1195 996 1249 sub
1034 1212 1181 1250 num.
1208 1195 1437 1252 CXLIX.
1469 1199 1790 1269 exscriptam
1817 1214 1884 1255 ex
1923 1198 2094 1255 Vatic.
2124 1197 2254 1254 Cod.
2289 1199 2412 1256 042.
2450 1199 2590 1254 haud
2620 1200 2796 1269 magni
2841 1199 3053 1270 quidem
3092 1202 3236 1256 illam
3277 1204 3450 1272 pretii,
3488 1203 3587 1259 sed
3624 1203 3763 1274 quod

509 1281 908 1352 llieronymiani
931 1286 1179 1351 nominis,
1205 1289 1410 1342 tametsi
1430 1289 1689 1354 ementiti,
1709 1291 2052 1359 pmrogativa
2077 1290 2439 1357 insigniretur,
2473 1298 2591 1360 post
2606 1289 2740 1345 duas
2760 1291 2893 1345 alias
2905 1293 3238 1363 apocryphas
3259 1309 3362 1348 non
3387 1295 3755 1351 omittendam.

577 1373 632 1426 6.
674 1374 781 1428 Sex
805 1376 923 1429 alite
945 1377 1043 1430 huc
1068 1377 1284 1446 primunt
1313 1377 1537 1432 adscite.
1558 1408 1630 1418 -—
1651 1377 1695 1433 E
1720 1394 1815 1434 sex
1842 1379 1982 1443 aliis,
2009 1393 2142 1449 quas
2175 1381 2392 1435 aliunde
2435 1380 2664 1435 adscitas
2690 1379 3122 1452 Hieronymianis
3150 1399 3594 1453 annumeramus,
3623 1386 3764 1457 quod

504 1464 592 1517 vel
622 1463 690 1518 ad
720 1464 1095 1536 Hieronymum
1122 1469 1314 1536 ipsum,
1347 1471 1462 1524 sive
1488 1469 1556 1524 de
1583 1470 1869 1538 propositis
1896 1469 1962 1524 ad
1989 1485 2113 1525 eum
2137 1471 2523 1540 quaestionibus
2552 1471 2765 1540 scripta}
2819 1472 2948 1537 sint,
2979 1473 3062 1527 vel
3088 1472 3156 1526 ad
3192 1473 3308 1543 ejus
3339 1476 3613 1530 historiam
3645 1485 3762 1534 tota:

506 1555 826 1622 pertineant,
857 1565 964 1612 tres
989 1557 1296 1613 Innocentio
1320 1560 1580 1614 debentur
1611 1559 1873 1615 CXXXV.
1905 1569 1959 1615 et
1986 1561 2106 1615 duae
2142 1571 2448 1631 sequentes,
2499 1561 2826 1631 totidemque
2867 1564 3182 1634 Augustino,
3228 1565 3434 1620 scilicet
3469 1571 3764 1626 centesima

510 1646 780 1714 trigesima
807 1649 972 1716 prima
1004 1651 1339 1716 etsecunda,
1373 1661 1425 1704 et
1451 1649 1677 1706 CXLIV.
1725 1651 1800 1705 De
1826 1659 2094 1720 postrema
2137 1653 2240 1705 ista
2267 1649 2478 1721 praefari
2518 1650 2778 1705 nonnulla
2818 1653 3057 1717 interest,
3100 1652 3317 1722 reliqua:
3356 1655 3496 1710 enim
3528 1659 3766 1714 notiores

505 1747 654 1800 sunt,
684 1753 840 1808 quam
870 1753 1031 1809 opera
1060 1752 1238 1796 nostra
1265 1753 1322 1796 ut
1347 1743 1634 1812 indigeant.
1659 1741 1968 1798 lnscribitur
1996 1741 2082 1796 illa
2111 1743 2179 1795 ad
2208 1741 2450 1812 Optatum
2485 1743 2548 1798 de
2571 1753 2756 1800 natura
2779 1753 2826 1798 et
2856 1745 3050 1815 origine
3089 1745 3273 1798 anima:
3299 1761 3318 1798 :
3343 1744 3411 1800 de
3438 1745 3764 1820 Hieronymo

504 1837 684 1884 autem
718 1832 1027 1900 quaestionis
1051 1833 1170 1902 ejus
1190 1834 1390 1889 arbitro
1421 1835 1653 1905 loquitur
1675 1836 1743 1890 ad
1774 1834 1886 1890 fere
1921 1834 2174 1890 medium.
2216 1833 2348 1890 Cum
2384 1837 2824 1907 Augustinianam
2849 1837 3137 1893 editionem
3175 1837 3506 1894 Benedictiui
3535 1841 3760 1898 adorna-

505 1928 645 1984 rent,
675 1921 911 1976 nondum
951 1922 1041 1978 illa
1080 1924 1350 1994 prodierat
1374 1925 1424 1978 in
1456 1925 1649 1990 lucem,
1682 1941 1799 1995 qua:
1839 1940 1944 1979 non
1985 1927 2054 1978 ita
2087 1925 2288 1993 pridem
2322 1925 2373 1979 in
2420 1925 2744 1982 Monasterio
2786 1927 3134 1984 Gottwicensi
3177 1941 3387 1999 reperta.
3417 1931 3469 1984 in
3500 1947 3604 1986 ms.
3637 1933 3760 1988 cod.

505 2011 697 2066 decimi
725 2014 864 2068 tertii
894 2015 1109 2071 circiter
1144 2017 1324 2070 seaculi
1354 2031 1458 2070 una
1483 2030 1605 2072 cum
1635 2016 1737 2069 alia
1763 2031 1881 2085 qua:
1907 2016 1975 2069 ad
2006 2015 2214 2068 Petrum
2239 2025 2287 2070 et
2311 2015 2570 2071 Abraham
2605 2017 2934 2082 inscribitur,
2969 2018 3188 2073 Viennze
3215 2020 3452 2075 Austriae
3492 2022 3755 2090 superiori

505 2119 648 2159 anno
683 2105 840 2160 1732.
871 2107 1096 2176 primum
1129 2108 1266 2178 typis
1298 2117 1381 2162 est
1419 2107 1686 2177 evulgata.
1727 2106 1860 2178 Ejus
1883 2115 2188 2174 γνησιότητκ,
2217 2107 2284 2163 de
2315 2123 2419 2177 qua
2448 2107 2588 2164 datis
2615 2108 2682 2164 ad
2726 2125 2814 2166 me
2853 2109 3048 2165 litteris
3081 2110 3225 2164 docti
3263 2110 3468 2181 aliquot
3493 2113 3592 2168 viri
3627 2112 3766 2168 haud

505 2197 666 2268 plane
696 2198 887 2252 merito
910 2198 1336 2267 suspicabantur,
1368 2199 1478 2268 ipse
1507 2197 1750 2267 inprimis
1780 2197 2114 2251 monumenti
2144 2205 2428 2252 contextus
2456 2198 2663 2268 probat,
2688 2200 2773 2254 cui
2803 2200 2998 2253 mirum
3039 2200 3092 2253 iu
3123 2199 3338 2254 modum
3367 2202 3602 2256 concinit
3625 2218 3765 2273 quae-

505 2288 695 2341 stion‘s
733 2288 848 2358 ejus
877 2289 1118 2354 historia,
1163 2297 1219 2344 et
1245 2291 1590 2359 scriptionum
1631 2304 1693 2343 ea
1719 2287 1787 2342 de
1830 2303 1888 2343 re
1921 2287 2248 2357 Hieronymi,
2280 2289 2580 2358 Augustini,
2610 2299 2770 2359 atque
2813 2288 2992 2359 Optati
3035 2291 3223 2356 series,
3269 2299 3377 2344 tum
3411 2289 3658 2356 Possidii,
3704 2306 3768 2346 ac

512 2376 772 2446 Fulgentii
805 2379 1105 2433 temimonia
1128 2379 1435 2448 planissime
1457 2382 1731 2435 evincunt.
1755 2377 1886 2433 Nam
1911 2394 2032 2434 cum
2061 2392 2162 2432 una
2203 2380 2574 2435 tantummodo
2596 2381 2879 2451 Augustini
2908 2381 2975 2436 ad
3001 2381 3256 2451 Optatum
3284 2381 3506 2449 epistola
3539 2385 3770 2452 supersit

506 2467 562 2520 in
592 2467 751 2522 editis
791 2468 956 2534 libris,
987 2484 1107 2539 qua:
1149 2485 1426 2526 numerum
1457 2471 1661 2526 obtinet
1687 2469 1842 2526 CXC.
1883 2469 2018 2526 duas
2045 2469 2316 2526 Possidius
2361 2472 2416 2525 in
2445 2471 2681 2527 Indicqu
2718 2483 3016 2538 enumerat,
3059 2472 3371 2542 Fulgentius
3401 2489 3527 2530 vero
3566 2473 3668 2529 lib.
3710 2475 3764 2530 ὅ.

507 2559 577 2615 de
606 2555 826 2614 Veritate
859 2559 1327 2616 Prtedestinationis
1353 2578 1472 2634 cap.
1500 2563 1588 2618 18.
1621 2571 1728 2618 tres
1751 2563 1952 2618 laudat.
1985 2562 2093 2617 Nec
2121 2564 2356 2633 disputo,
2386 2564 2472 2617 cui
2514 2563 2686 2631 potior
2722 2562 3021 2618 adhibenda
3060 2563 3130 2617 sit
3162 2563 3327 2628 fides;
3357 2563 3452 2618 sed
3479 2563 3620 2633 quod
3645 2578 3770 2635 pro.

507 2651 741 2719 positum
767 2662 992 2722 spectat,
1015 2670 1178 2710 unum
1206 2671 1390 2725 urgeo,
1428 2672 1533 2710 non
1567 2657 1738 2710 solum
1760 2656 2061 2728 Fulgentio,
2089 2659 2183 2713 sed
2208 2655 2310 2726 ipsi
2333 2656 2492 2711 etiam
2516 2654 2777 2721 Possidio,
2799 2670 2957 2724 quem
2988 2667 3151 2724 penes
3179 2654 3353 2708 minor
3373 2668 3454 2710 est
3490 2671 3767 2720 numerus,

508 2743 649 2816 hanc
678 2743 840 2799 fuisse
863 2746 1150 2816 cognitam,
1182 2762 1302 2802 cum
1329 2748 1448 2803 illas
1483 2748 1627 2804 dicat
1651 2758 1826 2803 contra
1855 2747 2299 2812 Priscillianistas,
2341 2747 2456 2802 sive
2494 2745 2564 2800 de
2605 2746 2905 2800 animarum
2929 2745 3221 2815 quaestione
3260 2755 3528 2800 exaratas.
3564 2745 3672 2802 Sed
3716 2759 3770 2802 ut

509 2834 654 2888 nulla
680 2835 907 2905 amplius
931 2837 1204 2892 dubitandi
1231 2839 1463 2909 supersit
1491 2839 1646 2904 ratio,
1679 2837 1807 2894 facit
1849 2839 2074 2910 Eugypii
2117 2839 2337 2894 Abbatis
2367 2837 2676 2902 auctoritas,
2715 2836 2835 2905 ejus
2880 2851 3093 2905 nempe,
3121 2834 3211 2906 qui
3239 2835 3339 2890 sub
3363 2835 3537 2905 quinti
3587 2839 3772 2893 Stl'culi

511 2927 694 2992 linem,
723 2943 787 2982 ex
812 2928 1043 2996 aperibus
1071 2929 1134 2984 S.
1165 2931 1455 3004 Augustini,
1485 2940 1544 2986 ut
1567 2930 1872 2986 Cassiodori
1918 2931 2093 2984 verbis
2124 2938 2260 2995 utar,
2290 2929 2609 2999 qutestiones,
2636 2943 2696 2981 ac
2733 2928 3026 2992 sententias,
3054 2943 3115 2979 ac
3141 2927 3360 2980 diversas
3385 2943 3465 2979 res
3491 2927 3766 2995 deﬂoraus,

507 3020 562 3072 in
607 3035 708 3073 uno
749 3037 957 3090 corpore
996 3022 1215 3092 collegit.
1267 3023 1430 3091 Cujus
1473 3025 1674 3094 operis,
1714 3023 1829 3077 sive
1875 3032 1932 3075 ut
1973 3023 2025 3076 in
2075 3021 2399 3078 editionihus
2441 3020 2753 3083 Basileensi,
2800 3035 2865 3074 ac
2899 3018 3103 3075 Veneta
3151 3018 3475 3085 inscribitur,
3525 3017 3775 3074 Thesauri

510 3123 628 3178 cap.
661 3111 784 3164 545.
814 3110 1046 3182 (tametsi
1079 3113 1236 3166 modo
1269 3113 1514 3167 laudatus
1540 3111 1892 3166 Cassiodorus
1933 3112 2144 3166 nonnisi
2189 3111 2419 3164 trecentis
2449 3111 2657 3180 triginta
2699 3119 2811 3163 octo
2841 3117 3010 3163 totum
3041 3123 3175 3178 opus
3201 3108 3649 3175 comprehensum
3688 3109 3769 3164 di-

517 3200 624 3271 cat)
651 3201 720 3256 de
748 3218 812 3256 eo
839 3203 1134 3273 disputans,
1174 3203 1356 3259 Utrum
1385 3203 1682 3275 singillatim
1706 3219 1737 3256 a
1769 3200 1879 3256 Deo
1899 3213 2123 3256 creatore
2143 3202 2446 3255 lineamenta
2477 3204 2778 3271 formentur,
2804 3200 2937 3252 etde
2961 3201 3146 3251 anima:
3173 3198 3466 3267 qmcstione,
3499 3201 3772 3268 ingentem

515 3305 582 3343 ex
621 3289 720 3344 hac
750 3292 858 3362 ipsa
889 3294 1112 3364 epistola
1136 3294 1378 3348 laciniam
1405 3295 1471 3346 ab
1498 3301 1685 3348 octavo
1713 3306 1936 3348 numero
1969 3291 2036 3346 ad
2063 3291 2222 3346 finem
2246 3306 2414 3360 usque
2442 3289 2660 3344 totidem
2689 3289 2865 3344 verbis
2894 3290 2965 3343 ita
2993 3287 3265 3353 de~crihit,
3302 3299 3360 3343 ut
3381 3289 3518 3343 hanc
3546 3290 3773 3346 Gattwi-

517 3385 692 3437 censis
714 3385 810 3441 Ms.
835 3386 977 3441 illam
1009 3387 1176 3456 ipsam
1200 3401 1384 3441 revera
1405 3401 1544 3451 esse,
1567 3399 1728 3454 quam
1755 3383 2074 3453 lliponensis
2095 3383 2376 3453 episcopus
2395 3383 2460 3438 ad
2483 3381 2732 3453 Optatum
2757 3380 2926 3449 dedit,
2957 3383 3384 3437 manifestissime
3401 3383 3769 3437 concludatur.

516 3474 829 3540 Quinetiam
857 3478 963 3531 duo
984 3489 1074 3532 aut
1097 3489 1204 3533 tres
1233 3479 1332 3532 loci
1361 3487 1484 3531 sunt
1510 3479 1562 3530 in
1584 3475 1876 3545 archetypo
1897 3475 2009 3537 illo,
2036 3485 2090 3528 et
2114 3474 2508 3529 Vindobonensi
2530 3473 2763 3528 editione
2788 3473 3032 3528 nonnihil
3053 3476 3288 3543 corrupti
3310 3475 3602 3529 scribarum
3622 3476 3774 3530 incu-

513 3568 610 3632 ria,
645 3567 734 3638 qni
761 3586 826 3624 ex
857 3570 1165 3640 Eugypiano
1191 3583 1356 3638 opere
1386 3567 1540 3622 facile
1567 3566 1773 3622 restitui
1803 3565 2026 3634 possint,
2059 3573 2216 3635 atque
2245 3566 2362 3618 heic
2387 3565 2603 3634 quidem
2629 3574 2816 3618 auctor
2836 3579 2954 3618 sum
2981 3575 3037 3618 ιιι
3060 3565 3442 3630 restituantur;
3471 3580 3594 3620 eum
3624 3567 3770 3621 enim

509 3659 656 3714 illam
695 3660 972 3730 epistolam
1003 3658 1345 3730 typographis
1371 3657 1510 3720 dedi,
1535 3654 1922 3718 cxcudendam,
1954 3655 2186 3708 nondum
2216 3654 2440 3724 Eug‘ypii
2469 3653 2660 3707 librum
2688 3654 2823 3708 meis
2852 3655 2966 3722 ipse
3011 3655 3176 3708 oculis
3204 3656 3600 3710 consulueram.
3634 3655 3774 3712 Sunt

509 3761 687 3806 autem
706 3752 1128 3823 hujusmodieol.
1153 3750 1312 3806 1070.
1339 3763 1479 3803 vers.
1503 3749 1591 3803 ll.
1611 3761 1706 3818 pro
1729 3745 1909 3801 Utrum
1931 3747 2109 3799 horum
2124 3745 2203 3800 vis
2224 3754 2281 3799 ut
2295 3745 2642 3800 conﬁrmem?
2660 3743 2838 3798 malim
2857 3744 3221 3816 Eugypianum
3244 3761 3399 3799 unum
3417 3746 3616 3810 horum,
3639 3756 3772 3811 etc.,

509 3845 712 3915 absque
740 3843 1105 3916 interrogandi
1130 3851 1252 3897 nota
1283 3862 1295 3897 :
1319 3840 1452 3894 infra
1485 3855 1642 3896 versu
1670 3847 1858 3908 quarto
1878 3854 1909 3892 a
1931 3837 2054 3901 fine,
2087 3837 2264 3890 verbis
2287 3836 2489 3888 initium
2515 3851 2696 3897 nteant,
2725 3833 2848 3888 addi
2873 3845 2993 3904 post
3020 3834 3357 3903 parenthesin
3386 3837 3582 3889 utinam
3603 3846 3776 3889 tamen

507 3953 614 3991 non
645 3938 870 4004 initium,
905 3938 1112 3993 tametsi
1145 3950 1241 4006 pro
1271 3951 1371 3988 non
1413 3933 1590 3990 Ahbas
1619 3932 1710 3987 ille
1736 3931 1928 3986 vitiose
1948 3947 2080 3984 nunc
2101 3929 2238 4000 legat
2264 3946 2279 3995 ;
2303 3928 2531 3998 denique
2555 3927 2660 3982 col.
2685 3927 2844 3983 1072.
2868 3942 3010 3983 vers.
3037 3928 3124 3984 10.
3152 3928 3271 3983 loco
3296 3929 3495 3985 intuens
3515 3930 3771 3985 substituti

511 4037 736 4083 metuens
761 4049 774 4084 :
799 4038 993 4085 caetera
1025 4030 1077 4083 in
1102 4028 1294 4098 quibus
1330 4041 1360 4080 a
1395 4035 1599 4092 nostra,
1623 4031 1782 4094 atque
1805 4019 1939 4076 adeo
1977 4021 2076 4075 Ms.
2111 4020 2340 4074 lectione
2367 4016 2549 4073 ditfert
2572 4017 2862 4088 Eugypius,
2895 4028 2988 4072 aut
3013 4017 3084 4074 de
3121 4018 3288 4073 nihilo
3312 4027 3456 4087 sunt,
3484 4028 3577 4074 aut
3615 4019 3779 4074 libra-

511 4126 716 4179 riorum
741 4132 886 4190 sunt,
909 4133 1187 4196 σφάλματα.

581 4217 636 4270 7.
683 4216 912 4285 Quinque
948 4217 1276 4286 epistularum
1311 4213 1529 4280 Classes,
1560 4212 1890 4279 Argumenta,
1919 4206 2339 4277 Capitulationes,
2371 4212 2476 4258 etc.
2500 4232 2571 4244 -—
2595 4201 2715 4257 Jam
2743 4217 2872 4257 vero
2901 4203 3042 4274 quod
3067 4212 3149 4258 est
3176 4211 3435 4278 praeterea
3461 4217 3490 4256 a
3520 4217 3606 4258 me
3636 4219 3781 4272 prte-

520 4312 729 4375 stitom,
761 4310 944 4365 dicere
968 4309 1266 4378 expediam.
1292 4307 1582 4361 Universas
1606 4303 1872 4374 Epistolas
1901 4303 1971 4356 ita
1999 4300 2255 4354 collectas
2284 4300 2336 4353 in
2363 4299 2595 4369 quinque
2615 4295 2826 4351 Classes
2853 4295 3097 4358 distinxi.
3122 4311 3253 4366 quas
3276 4312 3307 4351 e
3333 4295 3618 4365 praecipuis
3645 4295 3784 4350 Hie-

510 4406 723 4478 ronymi
758 4405 888 4459 Vitae
915 4404 1225 4468 momentis,
1259 4414 1529 4469 nunquam
1559 4397 1850 4466 interrupta
1891 4409 2070 4450 rerum
2103 4392 2263 4458 serie,
2293 4405 2410 4444 sum
2440 4389 2767 4459 auspicatus.
2801 4387 2979 4442 Prima
3011 4388 3127 4442 illas
3156 4387 3390 4478 exhibet,
3420 4401 3560 4478 quas
3582 4385 3782 4478 Hiero-

515 4476 712 4572 nymus
740 4499 808 4553 ab
833 4513 973 4552 anno
1001 4497 1129 4562 570,
1165 4502 1450 4562 antequam
1476 4503 1712 4545 eremum
1739 4496 1964 4557 peteret,
1997 4483 2329 4555 potissimum
2365 4496 2493 4536 vero
2515 4481 2576 4535 in
2616 4480 2730 4550 ipsa
2759 4494 2941 4572 eremo
2971 4477 3273 4572 scripsitad
3306 4476 3642 4572 usque,
3667 4491 3783 4572 quo

517 4567 717 4646 dudum
760 4591 944 4646 relicta
987 4588 1296 4650 solitudine,
1338 4583 1612 4637 contendit
1639 4580 1886 4635 Romam.
1928 4578 1986 4632 ln
2027 4578 2193 4632 altera
2244 4575 2348 4629 illa:
2378 4571 2694 4636 succedunt,
2721 4585 2854 4640 quas
2883 4570 3068 4624 Romae
3095 4569 3244 4625 dedit
3281 4571 3348 4624 ab
3375 4583 3516 4623 anno
3543 4568 3672 4623 582.
3711 4567 3786 4624 ad

511 4683 652 4736 ultra
683 4681 916 4736 medium
947 4679 1071 4734 585.
1103 4691 1208 4746 quo
1246 4673 1470 4730 Romani
1501 4681 1760 4742 pertaesus
1787 4669 2068 4732 incolatus,
2097 4666 2366 4732 discessit,
2402 4675 2458 4720 et
2483 4662 2871 4733 Jerosolymam
2901 4659 3425 4731 navigavit.tExinde
3456 4660 3612 4714 tertia
3658 4658 3789 4714 illas

511 4775 908 4844 complectitur,
939 4787 1070 4841 quas
1099 4786 1129 4822 e
1151 4768 1448 4824 Bethleetni
1477 4765 1800 4820 monasterio
1827 4763 1894 4816 ab
1919 4775 2061 4816 anno
2089 4758 2211 4815 586.
2242 4758 2478 4826 scripsit,
2506 4769 2673 4824 usque
2698 4753 2762 4806 ad
2778 4752 2913 4844 1100.
2949 4767 3056 4844 quo
3081 4751 3296 4844 demum
3319 4751 3376 4844 in
3407 4749 3786 4844 Alexandrina

513 4838 732 4938 Synodo
761 4838 1017 4933 Origenes
1042 4862 1326 4916 damnatus
1352 4866 1453 4913 est.
1485 4859 1557 4912 Ea
1589 4869 1780 4924 nempe
1810 4854 2064 4922 temporis
2102 4850 2302 4904 notatio
2334 4847 2501 4902 ferme
2532 4855 2614 4938 est
2647 4842 2884 4938 omnium
2914 4839 3384 4938 utilissima-probe
3413 4838 3789 4908 intelligendis

513 4929 946 5027 Hieronymianis
974 4951 1250 5021 Epistolis.
1278 4965 1397 5020 qua:
1427 4951 1480 5004 in
1507 4946 1832 5010 Adamantii,
1861 4945 2080 5014 ejusque
2112 4943 2370 4995 fautorum
2403 4935 2678 4990 erroribus
2713 4931 3044 5027 exagitandis
3073 4942 3128 4984 ut
3157 4929 3787 5027 plurimumyersantur.

513 5021 861 5114 Quarta‘illas
906 5051 1272 5112 repraesentat,
1301 5056 1433 5112 quas
1471 5039 1540 5094 ab
1584 5054 1652 5094 eo
1691 5047 1948 5105 tempore,
1991 5035 2104 5088 sive
2146 5048 2287 5086 anno
2311 5030 2408 5084 401
2443 5030 2500 5083 S.
2542 5027 2729 5081 doctor
2762 5025 2827 5078 ad
2852 5025 2972 5076 vitae
3001 5036 3164 5126 usque
3194 5021 3376 5087 linem,
3419 5022 3532 5076 sive
3575 5037 3787 5126 annuus

535 5139 662 5194 4‘20.
705 5138 961 5192 exaravit.
1007 5137 1061 5191 lu
1111 5138 1347 5206 quintam
1387 5133 1620 5203 denique
1662 5133 1890 5186 classem
1941 5138 2048 5184 tres
2090 5128 2116 5180 il

2244 5123 2456 5192 redegi,
2505 5133 2728 5189 quarum
2772 5128 2979 5185 tempus
3035 5119 3209 5168 minus
3249 5125 3620 5182 compertum,
3682 5119 3790 5174 iis-

514 5247 620 5302 que
659 5240 769 5285 tres
816 5231 969 5292 alias,
1013 5228 1206 5283 minori
1248 5237 1422 5283 tamen
1463 5227 1773 5281 cbarac1ere
1819 5222 2096 5275 distinctas
2141 5217 2371 5278 subdidi,
2417 5232 2640 5285 quarum
2684 5219 2883 5270 Auctor
2927 5210 3160 5262 incertus
3197 5215 3298 5302 est.
3341 5206 3621 5263 Postremo
3663 5213 3791 5267 sin-

513 5299 759 5394 gharum
799 5333 1142 5394 argumenta,
1184 5337 1302 5391 quae
1348 5321 1572 5391 plurima
1611 5333 1679 5371 ex
1724 5315 1950 5368 Erasmo
1989 5312 2173 5366 Editur
2221 5309 2594 5364 Benedictinus
2639 5307 3029 5376 descripserat,
3071 5299 3345 5355 erroribus
3383 5309 3562 5394 autem
3601 5313 3794 5360 scate-

517 5392 666 5484 bunt,
700 5392 1118 5489 atque'historia:
1147 5417 1342 5486 saepius
1366 5410 1806 5470 adversabantur,
1849 5415 1940 5458 aut
1965 5419 2028 5458 ex
2062 5405 2266 5470 integro
2297 5401 2508 5464 excudi,
2555 5408 2647 5453 aut
2673 5407 2818 5452 certe
2845 5394 3030 5464 majori
3059 5407 3127 5489 ex
3158 5402 3308 5489 par-le
3351 5392 3632 5489 castigavi.
3673 5394 3791 5489 Ga-

516 5483 858 5584 pitulatioaes
883 5525 1046 5565 novas
1067 5509 1179 5565 fere
1205 5483 1392 5563 omnes
1421 5502 1602 5558 induxi
1629 5517 1641 5552 :
1669 5496 1900 5567 praefixis
1928 5497 2088 5549 etiam
2113 5491 2401 5546 numericis
2427 5491 2586 5556 notis,
2610 5502 2834 5559 quarum
2860 5500 2964 5556 ope
2989 5493 3043 5537 et
3065 5483 3289 5554 legentis
3313 5484 3572 5539 memoria
3601 5487 3788 5584 susti-

516 5577 697 5670 netur,
727 5615 782 5663 et
825 5607 1134 5662 citationum
1159 5617 1284 5657 usus
1309 5602 1464 5670 longe
1487 5605 1572 5652 est
1599 5592 1913 5661 expeditior.
1944 5588 2182 5657 Denique
2218 5603 2284 5642 ne
2308 5585 2543 5640 laborem
2571 5585 2685 5654 ipse
2711 5599 2887 5638 meum
2913 5589 3225 5652 arroganter
3255 5579 3534 5670 venditare
3562 5577 3788 5670 videar,

518 5647 1172 5769 liidileesvécgpulurarum,
1204 5707 1267 5746 ac
1292 5647 1470 5745 rerti’m
1500 5685 1608 5741 duo
1631 5697 1699 5738 ex
1724 5679 1910 5734 amicis
1935 5680 2132 5735 nostris
2152 5678 2398 5735 studiose
2431 5683 2893 5745 οοιηρτιηνεηιηι-
2922 5672 3200 5742 superﬁt:
3229 5669 3372 5740 ‘1“0d
3397 5669 3648 5740 Ρτοωίείι
3683 5683 3787 5726 η’

519 5791 690 5846 tiones
713 5789 1113 5859 ehronologicas
1139 5783 1409 5840 exhibere.
