  <div class='ocr_page' id='page_1' title='image "/cluster/home/n/w/nwhite01/storage/ocr_20150623/22/hvd.32044015471378/032.png"; bbox 0 0 4004 6328; ppageno 0'>
   <div class='ocr_carea' id='block_1_1' title="bbox 209 411 362 482">
    <p class='ocr_par' dir='ltr' id='par_1_1' title="bbox 209 411 362 482">
     <span class='ocr_line' id='line_1_1' title="bbox 209 411 362 482; baseline -0.013 0"><span class='ocrx_word' id='word_1_1' title='bbox 209 411 362 482; x_wconf 62' lang='lat' dir='ltr'><strong>xm</strong></span> 
     </span>
    </p>
   </div>
   <div class='ocr_carea' id='block_1_2' title="bbox 857 617 2861 695">
    <p class='ocr_par' dir='ltr' id='par_1_2' title="bbox 857 617 2861 695">
     <span class='ocr_line' id='line_1_2' title="bbox 857 617 2861 695; baseline 0.001 -4"><span class='ocrx_word' id='word_1_2' title='bbox 857 617 1603 692; x_wconf 84' lang='lat' dir='ltr'><strong>EPISTOLARUM</strong></span> <span class='ocrx_word' id='word_1_3' title='bbox 1644 617 1934 690; x_wconf 81' lang='lat' dir='ltr'><strong>ORDO</strong></span> <span class='ocrx_word' id='word_1_4' title='bbox 1977 620 2861 695; x_wconf 79' lang='lat' dir='ltr'><strong>CHBONOLOGICUS</strong></span> 
     </span>
    </p>
   </div>
   <div class='ocr_carea' id='block_1_3' title="bbox 1640 419 3491 495">
    <p class='ocr_par' dir='ltr' id='par_1_3' title="bbox 1640 419 3491 495">
     <span class='ocr_line' id='line_1_3' title="bbox 1640 419 3491 495; baseline -0.003 -17"><span class='ocrx_word' id='word_1_5' title='bbox 1640 419 2023 481; x_wconf 70' lang='lat' dir='ltr'><strong>PR/EFA’I‘IO.</strong></span> <span class='ocrx_word' id='word_1_6' title='bbox 3419 441 3460 495; x_wconf 62' lang='grc' dir='ltr'><strong>ι</strong></span> <span class='ocrx_word' id='word_1_7' title='bbox 3483 483 3491 491; x_wconf 46' lang='grc'><strong><em>,</em></strong></span> 
     </span>
    </p>
   </div>
   <div class='ocr_carea' id='block_1_4' title="bbox 2133 543 3409 569">
    <p class='ocr_par' dir='ltr' id='par_1_4' title="bbox 2133 543 3409 569">
     <span class='ocr_line' id='line_1_4' title="bbox 2133 543 3409 569; baseline -0.003 -13"><span class='ocrx_word' id='word_1_8' title='bbox 2133 543 3409 569; x_wconf 76' lang='lat'><strong>.____________________</strong></span> 
     </span>
    </p>
   </div>
   <div class='ocr_carea' id='block_1_5' title="bbox 3418 553 3453 572">
    <p class='ocr_par' dir='ltr' id='par_1_5' title="bbox 3418 553 3453 572">
     <span class='ocr_line' id='line_1_5' title="bbox 3418 553 3453 572; baseline 0 0"><span class='ocrx_word' id='word_1_9' title='bbox 3418 553 3453 572; x_wconf 41' lang='grc' dir='ltr'>ἢ</span> 
     </span>
    </p>
   </div>
   <div class='ocr_carea' id='block_1_6' title="bbox 1243 767 2469 834">
    <p class='ocr_par' dir='ltr' id='par_1_6' title="bbox 1243 767 2469 834">
     <span class='ocr_line' id='line_1_6' title="bbox 1243 767 2469 834; baseline 0.002 -5"><span class='ocrx_word' id='word_1_10' title='bbox 1243 767 1756 830; x_wconf 80' lang='lat' dir='ltr'><strong>ABGUMENTIS</strong></span> <span class='ocrx_word' id='word_1_11' title='bbox 1798 768 2469 834; x_wconf 76' lang='lat' dir='ltr'><strong>DEMONSTRATUR.</strong></span> 
     </span>
    </p>
   </div>
   <div class='ocr_carea' id='block_1_7' title="bbox 879 922 1782 1041">
    <p class='ocr_par' dir='ltr' id='par_1_7' title="bbox 879 922 1782 1036">
     <span class='ocr_line' id='line_1_7' title="bbox 879 922 1782 1036; baseline -0.004 0"><span class='ocrx_word' id='word_1_12' title='bbox 879 922 1782 1036; x_wconf 72' lang='lat' dir='ltr'><strong>EPISTOLE</strong></span> 
     </span>
    </p>
   </div>
   <div class='ocr_carea' id='block_1_8' title="bbox 1890 922 2777 1041">
    <p class='ocr_par' dir='ltr' id='par_1_8' title="bbox 1890 922 2777 1041">
     <span class='ocr_line' id='line_1_8' title="bbox 1890 922 2777 1041; baseline 0.012 -11"><span class='ocrx_word' id='word_1_13' title='bbox 1890 922 1992 1031; x_wconf 87' lang='grc' dir='ltr'>ι.</span> <span class='ocrx_word' id='word_1_14' title='bbox 2076 923 2777 1041; x_wconf 66' lang='grc' dir='ltr'><strong>αιιεειε</strong></span> 
     </span>
    </p>
   </div>
   <div class='ocr_carea' id='block_1_9' title="bbox 431 1110 3244 1182">
    <p class='ocr_par' dir='ltr' id='par_1_9' title="bbox 431 1110 3244 1182">
     <span class='ocr_line' id='line_1_9' title="bbox 431 1110 3244 1182; baseline -0.001 -8"><span class='ocrx_word' id='word_1_15' title='bbox 431 1129 602 1182; x_wconf 60' lang='lat' dir='ltr'><strong>quas</strong></span> <span class='ocrx_word' id='word_1_16' title='bbox 647 1127 1058 1171; x_wconf 68' lang='lat' dir='ltr'><strong>HIERONYMUS</strong></span> <span class='ocrx_word' id='word_1_17' title='bbox 1101 1126 1483 1170; x_wconf 68' lang='lat' dir='ltr'><strong>ronsswnm</strong></span> <span class='ocrx_word' id='word_1_18' title='bbox 1526 1127 1563 1169; x_wconf 71' lang='grc' dir='ltr'>ε</span> <span class='ocrx_word' id='word_1_19' title='bbox 1604 1125 1886 1169; x_wconf 80' lang='lat' dir='ltr'><strong>CALCIDIS</strong></span> <span class='ocrx_word' id='word_1_20' title='bbox 1931 1123 2148 1166; x_wconf 71' lang='lat' dir='ltr'><strong>annuo</strong></span> <span class='ocrx_word' id='word_1_21' title='bbox 2189 1123 2464 1169; x_wconf 78' lang='lat' dir='ltr'><strong>scntrsrr</strong></span> <span class='ocrx_word' id='word_1_22' title='bbox 2494 1127 2572 1169; x_wconf 59' lang='lat' dir='ltr'><strong>an</strong></span> <span class='ocrx_word' id='word_1_23' title='bbox 2615 1127 2782 1170; x_wconf 65' lang='lat' dir='ltr'><strong>uno</strong></span> <span class='ocrx_word' id='word_1_24' title='bbox 2823 1110 2940 1170; x_wconf 86' lang='lat'><strong>370</strong></span> <span class='ocrx_word' id='word_1_25' title='bbox 2985 1131 3066 1172; x_wconf 78' lang='lat' dir='ltr'><strong>AI)</strong></span> <span class='ocrx_word' id='word_1_26' title='bbox 3106 1113 3244 1174; x_wconf 84' lang='lat'><strong>380.</strong></span> 
     </span>
    </p>
   </div>
   <div class='ocr_carea' id='block_1_10' title="bbox 274 1245 1783 1320">
    <p class='ocr_par' dir='ltr' id='par_1_10' title="bbox 274 1245 1783 1320">
     <span class='ocr_line' id='line_1_10' title="bbox 274 1245 1783 1320; baseline -0.005 -15"><span class='ocrx_word' id='word_1_27' title='bbox 274 1253 312 1306; x_wconf 83' lang='lat' dir='ltr'><strong>I&#39;.</strong></span> <span class='ocrx_word' id='word_1_28' title='bbox 342 1253 552 1320; x_wconf 76' lang='lat' dir='ltr'><strong>Scripta</strong></span> <span class='ocrx_word' id='word_1_29' title='bbox 581 1251 707 1303; x_wconf 88' lang='lat' dir='ltr'><strong>circ.</strong></span> <span class='ocrx_word' id='word_1_30' title='bbox 740 1265 827 1302; x_wconf 88' lang='lat' dir='ltr'><strong>an.</strong></span> <span class='ocrx_word' id='word_1_31' title='bbox 857 1248 982 1302; x_wconf 88' lang='grc'>570.</span> <span class='ocrx_word' id='word_1_32' title='bbox 1023 1256 1111 1300; x_wconf 91' lang='lat' dir='ltr'><strong>aut</strong></span> <span class='ocrx_word' id='word_1_33' title='bbox 1149 1247 1272 1301; x_wconf 76' lang='grc'>571.</span> <span class='ocrx_word' id='word_1_34' title='bbox 1303 1275 1374 1285; x_wconf 94' lang='lat'><em>-</em></span> <span class='ocrx_word' id='word_1_35' title='bbox 1395 1245 1527 1300; x_wconf 80' lang='lat' dir='ltr'><strong>Huic</strong></span> <span class='ocrx_word' id='word_1_36' title='bbox 1555 1246 1783 1314; x_wconf 90' lang='lat' dir='ltr'><strong>primum</strong></span> 
     </span>
    </p>
   </div>
   <div class='ocr_carea' id='block_1_11' title="bbox 214 1335 1785 1410">
    <p class='ocr_par' dir='ltr' id='par_1_11' title="bbox 214 1335 1785 1410">
     <span class='ocr_line' id='line_1_11' title="bbox 214 1335 1785 1410; baseline -0.006 -14"><span class='ocrx_word' id='word_1_37' title='bbox 214 1343 262 1396; x_wconf 91' lang='lat' dir='ltr'><strong>in</strong></span> <span class='ocrx_word' id='word_1_38' title='bbox 308 1341 668 1410; x_wconf 88' lang='lat' dir='ltr'><strong>epistolarum</strong></span> <span class='ocrx_word' id='word_1_39' title='bbox 695 1339 836 1394; x_wconf 88' lang='lat' dir='ltr'><strong>serie</strong></span> <span class='ocrx_word' id='word_1_40' title='bbox 865 1338 1040 1392; x_wconf 87' lang='lat' dir='ltr'><strong>locum</strong></span> <span class='ocrx_word' id='word_1_41' title='bbox 1066 1337 1374 1401; x_wconf 89' lang='lat' dir='ltr'><strong>asserimus,</strong></span> <span class='ocrx_word' id='word_1_42' title='bbox 1401 1351 1518 1406; x_wconf 69' lang='lat' dir='ltr'><strong>qua:</strong></span> <span class='ocrx_word' id='word_1_43' title='bbox 1539 1335 1785 1390; x_wconf 87' lang='lat' dir='ltr'><strong>eumdem</strong></span> 
     </span>
    </p>
   </div>
   <div class='ocr_carea' id='block_1_12' title="bbox 212 1425 1786 1496">
    <p class='ocr_par' dir='ltr' id='par_1_12' title="bbox 212 1425 1786 1496">
     <span class='ocr_line' id='line_1_12' title="bbox 212 1425 1786 1496; baseline -0.005 -10"><span class='ocrx_word' id='word_1_44' title='bbox 212 1433 304 1486; x_wconf 89' lang='lat' dir='ltr'><strong>sibi</strong></span> <span class='ocrx_word' id='word_1_45' title='bbox 341 1432 562 1486; x_wconf 81' lang='lat' dir='ltr'><strong>videtur</strong></span> <span class='ocrx_word' id='word_1_46' title='bbox 593 1429 870 1484; x_wconf 86' lang='lat' dir='ltr'><strong>vindicare</strong></span> <span class='ocrx_word' id='word_1_47' title='bbox 913 1428 967 1482; x_wconf 94' lang='lat' dir='ltr'><strong>in</strong></span> <span class='ocrx_word' id='word_1_48' title='bbox 1014 1427 1234 1496; x_wconf 81' lang='lat' dir='ltr'><strong>reliquis</strong></span> <span class='ocrx_word' id='word_1_49' title='bbox 1271 1427 1431 1481; x_wconf 89' lang='lat' dir='ltr'><strong>etiam</strong></span> <span class='ocrx_word' id='word_1_50' title='bbox 1478 1425 1786 1496; x_wconf 82' lang='lat' dir='ltr'><strong>Hieronymi</strong></span> 
     </span>
    </p>
   </div>
   <div class='ocr_carea' id='block_1_13' title="bbox 211 1516 1786 1590">
    <p class='ocr_par' dir='ltr' id='par_1_13' title="bbox 211 1516 1786 1590">
     <span class='ocr_line' id='line_1_13' title="bbox 211 1516 1786 1590; baseline -0.005 -16"><span class='ocrx_word' id='word_1_51' title='bbox 211 1521 436 1590; x_wconf 76' lang='lat' dir='ltr'><strong>scriptis,</strong></span> <span class='ocrx_word' id='word_1_52' title='bbox 469 1522 540 1575; x_wconf 91' lang='lat' dir='ltr'><strong>iis</strong></span> <span class='ocrx_word' id='word_1_53' title='bbox 565 1521 764 1574; x_wconf 84' lang='lat' dir='ltr'><strong>saltem</strong></span> <span class='ocrx_word' id='word_1_54' title='bbox 793 1533 913 1588; x_wconf 66' lang='lat' dir='ltr'><strong>quae</strong></span> <span class='ocrx_word' id='word_1_55' title='bbox 941 1518 1040 1587; x_wconf 84' lang='lat' dir='ltr'><strong>legi</strong></span> <span class='ocrx_word' id='word_1_56' title='bbox 1069 1527 1256 1571; x_wconf 85' lang='lat' dir='ltr'><strong>auctor</strong></span> <span class='ocrx_word' id='word_1_57' title='bbox 1284 1531 1316 1569; x_wconf 84' lang='lat' dir='ltr'><strong>a</strong></span> <span class='ocrx_word' id='word_1_58' title='bbox 1341 1518 1572 1585; x_wconf 74' lang='lat' dir='ltr'><strong>posteris</strong></span> <span class='ocrx_word' id='word_1_59' title='bbox 1599 1516 1786 1578; x_wconf 87' lang='lat' dir='ltr'><strong>voluit,</strong></span> 
     </span>
    </p>
   </div>
   <div class='ocr_carea' id='block_1_14' title="bbox 212 1607 1784 1682">
    <p class='ocr_par' dir='ltr' id='par_1_14' title="bbox 212 1607 1784 1682">
     <span class='ocr_line' id='line_1_14' title="bbox 212 1607 1784 1682; baseline -0.007 -13"><span class='ocrx_word' id='word_1_60' title='bbox 212 1624 263 1670; x_wconf 82' lang='lat' dir='ltr'><strong>et</strong></span> <span class='ocrx_word' id='word_1_61' title='bbox 286 1614 348 1668; x_wconf 91' lang='lat' dir='ltr'><strong>ad</strong></span> <span class='ocrx_word' id='word_1_62' title='bbox 375 1629 475 1668; x_wconf 91' lang='lat' dir='ltr'><strong>nos</strong></span> <span class='ocrx_word' id='word_1_63' title='bbox 506 1628 680 1682; x_wconf 89' lang='lat' dir='ltr'><strong>usque</strong></span> <span class='ocrx_word' id='word_1_64' title='bbox 707 1612 1056 1666; x_wconf 88' lang='lat' dir='ltr'><strong>devenerunt.</strong></span> <span class='ocrx_word' id='word_1_65' title='bbox 1087 1608 1375 1663; x_wconf 73' lang='lat' dir='ltr'><strong>I’rolitetur</strong></span> <span class='ocrx_word' id='word_1_66' title='bbox 1401 1607 1580 1662; x_wconf 80' lang='lat' dir='ltr'><strong>statim</strong></span> <span class='ocrx_word' id='word_1_67' title='bbox 1614 1607 1784 1667; x_wconf 84' lang='lat' dir='ltr'><strong>initio.</strong></span> 
     </span>
    </p>
   </div>
   <div class='ocr_carea' id='block_1_15' title="bbox 213 1700 1789 1774">
    <p class='ocr_par' dir='ltr' id='par_1_15' title="bbox 213 1700 1789 1774">
     <span class='ocr_line' id='line_1_15' title="bbox 213 1700 1789 1774; baseline -0.006 -15"><span class='ocrx_word' id='word_1_68' title='bbox 213 1709 360 1761; x_wconf 84' lang='lat' dir='ltr'><strong>otium</strong></span> <span class='ocrx_word' id='word_1_69' title='bbox 383 1705 533 1774; x_wconf 82' lang='lat' dir='ltr'><strong>quasi</strong></span> <span class='ocrx_word' id='word_1_70' title='bbox 560 1705 836 1773; x_wconf 81' lang='lat' dir='ltr'><strong>quamdam</strong></span> <span class='ocrx_word' id='word_1_71' title='bbox 860 1702 1046 1773; x_wconf 79' lang='lat' dir='ltr'><strong>ingenii</strong></span> <span class='ocrx_word' id='word_1_72' title='bbox 1075 1701 1355 1771; x_wconf 79' lang='lat' dir='ltr'><strong>rubiginem</strong></span> <span class='ocrx_word' id='word_1_73' title='bbox 1380 1700 1646 1769; x_wconf 77' lang='lat' dir='ltr'><strong>parvulam</strong></span> <span class='ocrx_word' id='word_1_74' title='bbox 1677 1700 1789 1752; x_wconf 86' lang='lat' dir='ltr'><strong>licet</strong></span> 
     </span>
    </p>
   </div>
   <div class='ocr_carea' id='block_1_16' title="bbox 216 1792 1788 1869">
    <p class='ocr_par' dir='ltr' id='par_1_16' title="bbox 216 1792 1788 1869">
     <span class='ocr_line' id='line_1_16' title="bbox 216 1792 1788 1869; baseline -0.006 -17"><span class='ocrx_word' id='word_1_75' title='bbox 216 1799 406 1868; x_wconf 85' lang='lat' dir='ltr'><strong>pristini</strong></span> <span class='ocrx_word' id='word_1_76' title='bbox 440 1799 631 1869; x_wconf 75' lang='lat' dir='ltr'><strong>eloquii</strong></span> <span class='ocrx_word' id='word_1_77' title='bbox 654 1799 736 1852; x_wconf 88' lang='lat' dir='ltr'><strong>sui</strong></span> <span class='ocrx_word' id='word_1_78' title='bbox 762 1797 1053 1866; x_wconf 76' lang='lat' dir='ltr'><strong>facultatem</strong></span> <span class='ocrx_word' id='word_1_79' title='bbox 1094 1795 1343 1849; x_wconf 76' lang='lat' dir='ltr'><strong>siccaue:</strong></span> <span class='ocrx_word' id='word_1_80' title='bbox 1372 1801 1427 1847; x_wconf 91' lang='lat' dir='ltr'><strong>et</strong></span> <span class='ocrx_word' id='word_1_81' title='bbox 1456 1792 1615 1860; x_wconf 91' lang='lat' dir='ltr'><strong>paulo</strong></span> <span class='ocrx_word' id='word_1_82' title='bbox 1655 1793 1788 1844; x_wconf 85' lang='lat' dir='ltr'><strong>infra</strong></span> 
     </span>
    </p>
   </div>
   <div class='ocr_carea' id='block_1_17' title="bbox 214 1883 1789 1961">
    <p class='ocr_par' dir='ltr' id='par_1_17' title="bbox 214 1883 1789 1961">
     <span class='ocr_line' id='line_1_17' title="bbox 214 1883 1789 1961; baseline -0.009 -14"><span class='ocrx_word' id='word_1_83' title='bbox 214 1907 268 1947; x_wconf 87' lang='lat' dir='ltr'><strong>se</strong></span> <span class='ocrx_word' id='word_1_84' title='bbox 293 1893 534 1961; x_wconf 73' lang='lat' dir='ltr'><strong>queritur</strong></span> <span class='ocrx_word' id='word_1_85' title='bbox 577 1890 855 1951; x_wconf 80' lang='lat' dir='ltr'><strong>hominem,</strong></span> <span class='ocrx_word' id='word_1_86' title='bbox 885 1887 970 1957; x_wconf 85' lang='lat' dir='ltr'><strong>qui</strong></span> <span class='ocrx_word' id='word_1_87' title='bbox 1003 1902 1092 1940; x_wconf 85' lang='lat' dir='ltr'><strong>nec</strong></span> <span class='ocrx_word' id='word_1_88' title='bbox 1131 1884 1254 1938; x_wconf 85' lang='lat' dir='ltr'><strong>dum</strong></span> <span class='ocrx_word' id='word_1_89' title='bbox 1293 1883 1539 1938; x_wconf 79' lang='lat' dir='ltr'><strong>scalmum</strong></span> <span class='ocrx_word' id='word_1_90' title='bbox 1579 1883 1630 1936; x_wconf 87' lang='lat' dir='ltr'><strong>in</strong></span> <span class='ocrx_word' id='word_1_91' title='bbox 1673 1883 1789 1934; x_wconf 87' lang='lat' dir='ltr'><strong>lacu</strong></span> 
     </span>
    </p>
   </div>
   <div class='ocr_carea' id='block_1_18' title="bbox 214 1971 1791 2050">
    <p class='ocr_par' dir='ltr' id='par_1_18' title="bbox 214 1971 1791 2050">
     <span class='ocr_line' id='line_1_18' title="bbox 214 1971 1791 2050; baseline -0.006 -13"><span class='ocrx_word' id='word_1_92' title='bbox 214 1985 410 2043; x_wconf 75' lang='lat' dir='ltr'><strong>rexerit.</strong></span> <span class='ocrx_word' id='word_1_93' title='bbox 454 1983 646 2036; x_wconf 73' lang='lat' dir='ltr'><strong>Euxini</strong></span> <span class='ocrx_word' id='word_1_94' title='bbox 691 1982 849 2034; x_wconf 81' lang='lat' dir='ltr'><strong>maris</strong></span> <span class='ocrx_word' id='word_1_95' title='bbox 878 1980 1013 2033; x_wconf 84' lang='lat' dir='ltr'><strong>credi</strong></span> <span class='ocrx_word' id='word_1_96' title='bbox 1042 1977 1356 2050; x_wconf 75' lang='lat' dir='ltr'><strong>fragoribus;</strong></span> <span class='ocrx_word' id='word_1_97' title='bbox 1395 1975 1586 2044; x_wconf 62' lang='lat' dir='ltr'><strong>quibts</strong></span> <span class='ocrx_word' id='word_1_98' title='bbox 1615 1971 1791 2042; x_wconf 56' lang='lat' dir='ltr'><strong>prole.</strong></span> 
     </span>
    </p>
   </div>
   <div class='ocr_carea' id='block_1_19' title="bbox 213 2064 1786 2140">
    <p class='ocr_par' dir='ltr' id='par_1_19' title="bbox 213 2064 1786 2140">
     <span class='ocr_line' id='line_1_19' title="bbox 213 2064 1786 2140; baseline -0.008 -12"><span class='ocrx_word' id='word_1_99' title='bbox 213 2083 293 2128; x_wconf 87' lang='lat' dir='ltr'><strong>cto</strong></span> <span class='ocrx_word' id='word_1_100' title='bbox 319 2073 488 2126; x_wconf 88' lang='lat' dir='ltr'><strong>otium</strong></span> <span class='ocrx_word' id='word_1_101' title='bbox 520 2080 641 2140; x_wconf 89' lang='lat' dir='ltr'><strong>post</strong></span> <span class='ocrx_word' id='word_1_102' title='bbox 685 2083 904 2125; x_wconf 89' lang='lat' dir='ltr'><strong>romana</strong></span> <span class='ocrx_word' id='word_1_103' title='bbox 955 2067 1148 2127; x_wconf 88' lang='lat' dir='ltr'><strong>studia,</strong></span> <span class='ocrx_word' id='word_1_104' title='bbox 1194 2064 1567 2133; x_wconf 90' lang='lat' dir='ltr'><strong>induetamque</strong></span> <span class='ocrx_word' id='word_1_105' title='bbox 1629 2077 1786 2132; x_wconf 87' lang='lat' dir='ltr'><strong>pere-</strong></span> 
     </span>
    </p>
   </div>
   <div class='ocr_carea' id='block_1_20' title="bbox 213 2153 1790 2232">
    <p class='ocr_par' dir='ltr' id='par_1_20' title="bbox 213 2153 1790 2232">
     <span class='ocr_line' id='line_1_20' title="bbox 213 2153 1790 2232; baseline -0.008 -15"><span class='ocrx_word' id='word_1_106' title='bbox 213 2161 526 2232; x_wconf 84' lang='lat' dir='ltr'><strong>grinationis</strong></span> <span class='ocrx_word' id='word_1_107' title='bbox 553 2161 907 2216; x_wconf 72' lang='lat' dir='ltr'><strong>diuturnitate</strong></span> <span class='ocrx_word' id='word_1_108' title='bbox 953 2158 1248 2226; x_wconf 81' lang='lat' dir='ltr'><strong>rubiginem</strong></span> <span class='ocrx_word' id='word_1_109' title='bbox 1295 2170 1402 2208; x_wconf 90' lang='lat' dir='ltr'><strong>non</strong></span> <span class='ocrx_word' id='word_1_110' title='bbox 1448 2155 1676 2208; x_wconf 90' lang='lat' dir='ltr'><strong>obscure</strong></span> <span class='ocrx_word' id='word_1_111' title='bbox 1710 2153 1790 2205; x_wconf 86' lang='lat' dir='ltr'><strong>in-</strong></span> 
     </span>
    </p>
   </div>
   <div class='ocr_carea' id='block_1_21' title="bbox 211 2240 1790 2321">
    <p class='ocr_par' dir='ltr' id='par_1_21' title="bbox 211 2240 1790 2321">
     <span class='ocr_line' id='line_1_21' title="bbox 211 2240 1790 2321; baseline -0.01 -13"><span class='ocrx_word' id='word_1_112' title='bbox 211 2255 352 2319; x_wconf 90' lang='lat' dir='ltr'><strong>nuit;</strong></span> <span class='ocrx_word' id='word_1_113' title='bbox 384 2263 442 2308; x_wconf 90' lang='lat' dir='ltr'><strong>et</strong></span> <span class='ocrx_word' id='word_1_114' title='bbox 471 2253 597 2321; x_wconf 91' lang='lat' dir='ltr'><strong>quia</strong></span> <span class='ocrx_word' id='word_1_115' title='bbox 651 2249 885 2304; x_wconf 79' lang='lat' dir='ltr'><strong>necdum</strong></span> <span class='ocrx_word' id='word_1_116' title='bbox 916 2248 968 2300; x_wconf 93' lang='lat' dir='ltr'><strong>in</strong></span> <span class='ocrx_word' id='word_1_117' title='bbox 997 2247 1104 2300; x_wconf 88' lang='lat' dir='ltr'><strong>alio</strong></span> <span class='ocrx_word' id='word_1_118' title='bbox 1129 2259 1292 2313; x_wconf 86' lang='lat' dir='ltr'><strong>opere</strong></span> <span class='ocrx_word' id='word_1_119' title='bbox 1317 2243 1513 2312; x_wconf 78' lang='lat' dir='ltr'><strong>ingenii</strong></span> <span class='ocrx_word' id='word_1_120' title='bbox 1543 2241 1624 2294; x_wconf 89' lang='lat' dir='ltr'><strong>sui</strong></span> <span class='ocrx_word' id='word_1_121' title='bbox 1655 2240 1790 2309; x_wconf 84' lang='lat' dir='ltr'><strong>peri-</strong></span> 
     </span>
    </p>
   </div>
   <div class='ocr_carea' id='block_1_22' title="bbox 211 2334 1792 2408">
    <p class='ocr_par' dir='ltr' id='par_1_22' title="bbox 211 2334 1792 2408">
     <span class='ocr_line' id='line_1_22' title="bbox 211 2334 1792 2408; baseline -0.009 -10"><span class='ocrx_word' id='word_1_122' title='bbox 211 2343 385 2398; x_wconf 81' lang='lat' dir='ltr'><strong>culum</strong></span> <span class='ocrx_word' id='word_1_123' title='bbox 429 2343 642 2408; x_wconf 79' lang='lat' dir='ltr'><strong>fecerit,</strong></span> <span class='ocrx_word' id='word_1_124' title='bbox 686 2341 740 2394; x_wconf 92' lang='lat' dir='ltr'><strong>in</strong></span> <span class='ocrx_word' id='word_1_125' title='bbox 784 2340 884 2393; x_wconf 91' lang='lat' dir='ltr'><strong>hoc</strong></span> <span class='ocrx_word' id='word_1_126' title='bbox 923 2338 1237 2393; x_wconf 83' lang='lat' dir='ltr'><strong>exornando</strong></span> <span class='ocrx_word' id='word_1_127' title='bbox 1263 2335 1476 2388; x_wconf 87' lang='lat' dir='ltr'><strong>diflldit.</strong></span> <span class='ocrx_word' id='word_1_128' title='bbox 1518 2334 1636 2388; x_wconf 84' lang='lat' dir='ltr'><strong>.Iam</strong></span> <span class='ocrx_word' id='word_1_129' title='bbox 1664 2345 1792 2385; x_wconf 85' lang='lat' dir='ltr'><strong>vero</strong></span> 
     </span>
    </p>
   </div>
   <div class='ocr_carea' id='block_1_23' title="bbox 208 2420 1794 2502">
    <p class='ocr_par' dir='ltr' id='par_1_23' title="bbox 208 2420 1794 2502">
     <span class='ocr_line' id='line_1_23' title="bbox 208 2420 1794 2502; baseline -0.008 -17"><span class='ocrx_word' id='word_1_130' title='bbox 208 2448 373 2486; x_wconf 90' lang='lat' dir='ltr'><strong>annus</strong></span> <span class='ocrx_word' id='word_1_131' title='bbox 403 2447 515 2502; x_wconf 90' lang='lat' dir='ltr'><strong>quo</strong></span> <span class='ocrx_word' id='word_1_132' title='bbox 559 2432 676 2498; x_wconf 87' lang='lat' dir='ltr'><strong>ipsa</strong></span> <span class='ocrx_word' id='word_1_133' title='bbox 715 2426 942 2495; x_wconf 86' lang='lat' dir='ltr'><strong>epistola</strong></span> <span class='ocrx_word' id='word_1_134' title='bbox 967 2433 1182 2479; x_wconf 74' lang='lat' dir='ltr'><strong>exarata</strong></span> <span class='ocrx_word' id='word_1_135' title='bbox 1208 2432 1312 2486; x_wconf 89' lang='lat' dir='ltr'><strong>est,</strong></span> <span class='ocrx_word' id='word_1_136' title='bbox 1344 2421 1442 2476; x_wconf 89' lang='lat' dir='ltr'><strong>hac</strong></span> <span class='ocrx_word' id='word_1_137' title='bbox 1471 2423 1684 2475; x_wconf 80' lang='lat' dir='ltr'><strong>ratione</strong></span> <span class='ocrx_word' id='word_1_138' title='bbox 1714 2420 1794 2472; x_wconf 85' lang='lat' dir='ltr'><strong>in-</strong></span> 
     </span>
    </p>
   </div>
   <div class='ocr_carea' id='block_1_24' title="bbox 207 2509 1794 2592">
    <p class='ocr_par' dir='ltr' id='par_1_24' title="bbox 207 2509 1794 2592">
     <span class='ocr_line' id='line_1_24' title="bbox 207 2509 1794 2592; baseline -0.009 -16"><span class='ocrx_word' id='word_1_139' title='bbox 207 2524 518 2592; x_wconf 83' lang='lat' dir='ltr'><strong>vestigatur.</strong></span> <span class='ocrx_word' id='word_1_140' title='bbox 556 2519 906 2580; x_wconf 75' lang='lat' dir='ltr'><strong>Auxentium,</strong></span> <span class='ocrx_word' id='word_1_141' title='bbox 945 2514 1045 2568; x_wconf 85' lang='lat' dir='ltr'><strong>sub</strong></span> <span class='ocrx_word' id='word_1_142' title='bbox 1083 2513 1244 2582; x_wconf 83' lang='lat' dir='ltr'><strong>epist.</strong></span> <span class='ocrx_word' id='word_1_143' title='bbox 1273 2511 1454 2575; x_wconf 83' lang='lat' dir='ltr'><strong>finem,</strong></span> <span class='ocrx_word' id='word_1_144' title='bbox 1491 2509 1794 2563; x_wconf 81' lang='lat' dir='ltr'><strong>Mediolanis</strong></span> 
     </span>
    </p>
   </div>
   <div class='ocr_carea' id='block_1_25' title="bbox 207 2603 1790 2677">
    <p class='ocr_par' dir='ltr' id='par_1_25' title="bbox 207 2603 1790 2677">
     <span class='ocr_line' id='line_1_25' title="bbox 207 2603 1790 2677; baseline -0.013 -9"><span class='ocrx_word' id='word_1_145' title='bbox 207 2615 532 2668; x_wconf 84' lang='lat' dir='ltr'><strong>incubantem</strong></span> <span class='ocrx_word' id='word_1_146' title='bbox 571 2606 782 2677; x_wconf 79' lang='lat' dir='ltr'><strong>Evagrii</strong></span> <span class='ocrx_word' id='word_1_147' title='bbox 813 2604 1030 2659; x_wconf 68' lang='lat' dir='ltr'><strong>accubiis</strong></span> <span class='ocrx_word' id='word_1_148' title='bbox 1066 2603 1316 2671; x_wconf 88' lang='lat' dir='ltr'><strong>sepultum</strong></span> <span class='ocrx_word' id='word_1_149' title='bbox 1356 2615 1480 2669; x_wconf 82' lang='lat' dir='ltr'><strong>pene</strong></span> <span class='ocrx_word' id='word_1_150' title='bbox 1522 2609 1790 2664; x_wconf 83' lang='lat' dir='ltr'><strong>antequam</strong></span> 
     </span>
    </p>
   </div>
   <div class='ocr_carea' id='block_1_26' title="bbox 207 2692 1785 2771">
    <p class='ocr_par' dir='ltr' id='par_1_26' title="bbox 207 2692 1785 2771">
     <span class='ocr_line' id='line_1_26' title="bbox 207 2692 1785 2771; baseline -0.009 -13"><span class='ocrx_word' id='word_1_151' title='bbox 207 2716 462 2760; x_wconf 82' lang='lat' dir='ltr'><strong>mortuum</strong></span> <span class='ocrx_word' id='word_1_152' title='bbox 495 2712 702 2766; x_wconf 87' lang='lat' dir='ltr'><strong>narrat,</strong></span> <span class='ocrx_word' id='word_1_153' title='bbox 728 2703 918 2771; x_wconf 87' lang='lat' dir='ltr'><strong>quibus</strong></span> <span class='ocrx_word' id='word_1_154' title='bbox 943 2697 1162 2752; x_wconf 93' lang='lat' dir='ltr'><strong>omnino</strong></span> <span class='ocrx_word' id='word_1_155' title='bbox 1187 2696 1478 2750; x_wconf 78' lang='lat' dir='ltr'><strong>Romanam</strong></span> <span class='ocrx_word' id='word_1_156' title='bbox 1512 2692 1785 2762; x_wconf 83' lang='lat' dir='ltr'><strong>Synodum</strong></span> 
     </span>
    </p>
   </div>
   <div class='ocr_carea' id='block_1_27' title="bbox 208 2783 1786 2867">
    <p class='ocr_par' dir='ltr' id='par_1_27' title="bbox 208 2783 1786 2867">
     <span class='ocr_line' id='line_1_27' title="bbox 208 2783 1786 2867; baseline -0.011 -16"><span class='ocrx_word' id='word_1_157' title='bbox 208 2797 412 2867; x_wconf 75' lang='lat' dir='ltr'><strong>Evagrii</strong></span> <span class='ocrx_word' id='word_1_158' title='bbox 463 2793 647 2848; x_wconf 89' lang='lat' dir='ltr'><strong>studio</strong></span> <span class='ocrx_word' id='word_1_159' title='bbox 687 2793 951 2862; x_wconf 71' lang='lat' dir='ltr'><strong>pra-cipue</strong></span> <span class='ocrx_word' id='word_1_160' title='bbox 1003 2796 1376 2856; x_wconf 76' lang='lat' dir='ltr'><strong>congregatum</strong></span> <span class='ocrx_word' id='word_1_161' title='bbox 1423 2783 1685 2852; x_wconf 78' lang='lat' dir='ltr'><strong>designat,</strong></span> <span class='ocrx_word' id='word_1_162' title='bbox 1734 2783 1786 2834; x_wconf 87' lang='lat' dir='ltr'><strong>in</strong></span> 
     </span>
    </p>
   </div>
   <div class='ocr_carea' id='block_1_28' title="bbox 209 2873 1782 2955">
    <p class='ocr_par' dir='ltr' id='par_1_28' title="bbox 209 2873 1782 2955">
     <span class='ocr_line' id='line_1_28' title="bbox 209 2873 1782 2955; baseline -0.012 -14"><span class='ocrx_word' id='word_1_163' title='bbox 209 2903 301 2955; x_wconf 86' lang='lat' dir='ltr'><strong>qua</strong></span> <span class='ocrx_word' id='word_1_164' title='bbox 331 2885 627 2954; x_wconf 81' lang='lat' dir='ltr'><strong>nonaginta</strong></span> <span class='ocrx_word' id='word_1_165' title='bbox 660 2881 818 2935; x_wconf 92' lang='lat' dir='ltr'><strong>trium</strong></span> <span class='ocrx_word' id='word_1_166' title='bbox 842 2895 909 2934; x_wconf 74' lang='lat' dir='ltr'><strong>ex</strong></span> <span class='ocrx_word' id='word_1_167' title='bbox 944 2877 1089 2932; x_wconf 90' lang='lat' dir='ltr'><strong>Italia</strong></span> <span class='ocrx_word' id='word_1_168' title='bbox 1118 2885 1171 2930; x_wconf 90' lang='lat' dir='ltr'><strong>et</strong></span> <span class='ocrx_word' id='word_1_169' title='bbox 1194 2875 1366 2930; x_wconf 84' lang='lat' dir='ltr'><strong>Gallia</strong></span> <span class='ocrx_word' id='word_1_170' title='bbox 1393 2873 1782 2942; x_wconf 87' lang='lat' dir='ltr'><strong>Episcoporum</strong></span> 
     </span>
    </p>
   </div>
   <div class='ocr_carea' id='block_1_29' title="bbox 205 2963 1784 3046">
    <p class='ocr_par' dir='ltr' id='par_1_29' title="bbox 205 2963 1784 3046">
     <span class='ocr_line' id='line_1_29' title="bbox 205 2963 1784 3046; baseline -0.011 -16"><span class='ocrx_word' id='word_1_171' title='bbox 205 2979 400 3046; x_wconf 71' lang='lat' dir='ltr'><strong>judicio</strong></span> <span class='ocrx_word' id='word_1_172' title='bbox 427 2973 731 3030; x_wconf 76' lang='lat' dir='ltr'><strong>Auxentins</strong></span> <span class='ocrx_word' id='word_1_173' title='bbox 766 2971 1045 3025; x_wconf 89' lang='lat' dir='ltr'><strong>damnatus</strong></span> <span class='ocrx_word' id='word_1_174' title='bbox 1087 2974 1191 3022; x_wconf 86' lang='lat' dir='ltr'><strong>est.</strong></span> <span class='ocrx_word' id='word_1_175' title='bbox 1231 2965 1376 3018; x_wconf 83' lang='lat' dir='ltr'><strong>Hanc</strong></span> <span class='ocrx_word' id='word_1_176' title='bbox 1416 2974 1591 3016; x_wconf 88' lang='lat' dir='ltr'><strong>autem</strong></span> <span class='ocrx_word' id='word_1_177' title='bbox 1622 2963 1784 3014; x_wconf 82' lang='lat' dir='ltr'><strong>Baro-</strong></span> 
     </span>
    </p>
   </div>
   <div class='ocr_carea' id='block_1_30' title="bbox 211 3054 1778 3136">
    <p class='ocr_par' dir='ltr' id='par_1_30' title="bbox 211 3054 1778 3136">
     <span class='ocr_line' id='line_1_30' title="bbox 211 3054 1778 3136; baseline -0.009 -14"><span class='ocrx_word' id='word_1_178' title='bbox 211 3070 347 3135; x_wconf 91' lang='lat' dir='ltr'><strong>nius,</strong></span> <span class='ocrx_word' id='word_1_179' title='bbox 377 3077 542 3136; x_wconf 89' lang='lat' dir='ltr'><strong>atque</strong></span> <span class='ocrx_word' id='word_1_180' title='bbox 569 3064 878 3119; x_wconf 90' lang='lat' dir='ltr'><strong>Holstenius</strong></span> <span class='ocrx_word' id='word_1_181' title='bbox 898 3061 963 3115; x_wconf 92' lang='lat' dir='ltr'><strong>ad</strong></span> <span class='ocrx_word' id='word_1_182' title='bbox 991 3074 1188 3113; x_wconf 90' lang='lat' dir='ltr'><strong>annum</strong></span> <span class='ocrx_word' id='word_1_183' title='bbox 1213 3058 1445 3112; x_wconf 88' lang='lat' dir='ltr'><strong>referunt</strong></span> <span class='ocrx_word' id='word_1_184' title='bbox 1470 3055 1594 3110; x_wconf 85' lang='grc'>569.</span> <span class='ocrx_word' id='word_1_185' title='bbox 1623 3054 1778 3108; x_wconf 81' lang='lat' dir='ltr'><strong>Vale-</strong></span> 
     </span>
    </p>
   </div>
   <div class='ocr_carea' id='block_1_31' title="bbox 200 3146 1780 3213">
    <p class='ocr_par' dir='ltr' id='par_1_31' title="bbox 200 3146 1780 3213">
     <span class='ocr_line' id='line_1_31' title="bbox 200 3146 1780 3213; baseline -0.008 -1"><span class='ocrx_word' id='word_1_186' title='bbox 200 3159 314 3213; x_wconf 76' lang='lat' dir='ltr'><strong>sius</strong></span> <span class='ocrx_word' id='word_1_187' title='bbox 337 3158 402 3212; x_wconf 90' lang='lat' dir='ltr'><strong>ad</strong></span> <span class='ocrx_word' id='word_1_188' title='bbox 435 3158 566 3212; x_wconf 80' lang='grc'>570.</span> <span class='ocrx_word' id='word_1_189' title='bbox 593 3155 682 3210; x_wconf 91' lang='lat' dir='ltr'><strong>cui</strong></span> <span class='ocrx_word' id='word_1_190' title='bbox 718 3153 1007 3208; x_wconf 88' lang='lat' dir='ltr'><strong>concinunt</strong></span> <span class='ocrx_word' id='word_1_191' title='bbox 1047 3150 1150 3205; x_wconf 90' lang='lat' dir='ltr'><strong>Cll.</strong></span> <span class='ocrx_word' id='word_1_192' title='bbox 1182 3147 1420 3203; x_wconf 84' lang='lat' dir='ltr'><strong>Monachi</strong></span> <span class='ocrx_word' id='word_1_193' title='bbox 1449 3146 1780 3201; x_wconf 86' lang='lat' dir='ltr'><strong>Benedictini</strong></span> 
     </span>
    </p>
   </div>
   <div class='ocr_carea' id='block_1_32' title="bbox 208 3235 1779 3307">
    <p class='ocr_par' dir='ltr' id='par_1_32' title="bbox 208 3235 1779 3307">
     <span class='ocr_line' id='line_1_32' title="bbox 208 3235 1779 3307; baseline -0.01 -5"><span class='ocrx_word' id='word_1_194' title='bbox 208 3249 256 3301; x_wconf 90' lang='lat' dir='ltr'><strong>in</strong></span> <span class='ocrx_word' id='word_1_195' title='bbox 285 3247 403 3302; x_wconf 84' lang='lat' dir='ltr'><strong>Vita</strong></span> <span class='ocrx_word' id='word_1_196' title='bbox 443 3246 501 3301; x_wconf 91' lang='lat' dir='ltr'><strong>S.</strong></span> <span class='ocrx_word' id='word_1_197' title='bbox 541 3242 848 3307; x_wconf 82' lang='lat' dir='ltr'><strong>Athanasii,</strong></span> <span class='ocrx_word' id='word_1_198' title='bbox 896 3239 1101 3296; x_wconf 87' lang='lat' dir='ltr'><strong>tametsi</strong></span> <span class='ocrx_word' id='word_1_199' title='bbox 1149 3253 1269 3292; x_wconf 88' lang='lat' dir='ltr'><strong>cmn</strong></span> <span class='ocrx_word' id='word_1_200' title='bbox 1315 3236 1475 3306; x_wconf 85' lang='lat' dir='ltr'><strong>Pagio</strong></span> <span class='ocrx_word' id='word_1_201' title='bbox 1513 3235 1779 3300; x_wconf 83' lang='lat' dir='ltr'><strong>dubitent,</strong></span> 
     </span>
    </p>
   </div>
   <div class='ocr_carea' id='block_1_33' title="bbox 204 3327 1784 3404">
    <p class='ocr_par' dir='ltr' id='par_1_33' title="bbox 204 3327 1784 3404">
     <span class='ocr_line' id='line_1_33' title="bbox 204 3327 1784 3404; baseline -0.008 -10"><span class='ocrx_word' id='word_1_202' title='bbox 204 3339 475 3394; x_wconf 81' lang='lat' dir='ltr'><strong>diﬂ‘errine</strong></span> <span class='ocrx_word' id='word_1_203' title='bbox 519 3338 694 3392; x_wconf 88' lang='lat' dir='ltr'><strong>serius</strong></span> <span class='ocrx_word' id='word_1_204' title='bbox 731 3332 916 3404; x_wconf 88' lang='lat' dir='ltr'><strong>possit.</strong></span> <span class='ocrx_word' id='word_1_205' title='bbox 963 3330 1069 3386; x_wconf 86' lang='lat' dir='ltr'><strong>Sed</strong></span> <span class='ocrx_word' id='word_1_206' title='bbox 1126 3330 1273 3383; x_wconf 87' lang='lat' dir='ltr'><strong>nulla</strong></span> <span class='ocrx_word' id='word_1_207' title='bbox 1311 3343 1495 3383; x_wconf 84' lang='lat' dir='ltr'><strong>revera</strong></span> <span class='ocrx_word' id='word_1_208' title='bbox 1541 3336 1623 3382; x_wconf 85' lang='lat' dir='ltr'><strong>est</strong></span> <span class='ocrx_word' id='word_1_209' title='bbox 1666 3327 1784 3396; x_wconf 84' lang='lat' dir='ltr'><strong>ejus</strong></span> 
     </span>
    </p>
   </div>
   <div class='ocr_carea' id='block_1_34' title="bbox 203 3417 1780 3498">
    <p class='ocr_par' dir='ltr' id='par_1_34' title="bbox 203 3417 1780 3498">
     <span class='ocr_line' id='line_1_34' title="bbox 203 3417 1780 3498; baseline -0.008 -13"><span class='ocrx_word' id='word_1_210' title='bbox 203 3428 581 3498; x_wconf 53' lang='lat' dir='ltr'><strong>protrahenda!</strong></span> <span class='ocrx_word' id='word_1_211' title='bbox 603 3426 921 3486; x_wconf 81' lang='lat' dir='ltr'><strong>necessitas,</strong></span> <span class='ocrx_word' id='word_1_212' title='bbox 946 3435 1118 3492; x_wconf 90' lang='lat' dir='ltr'><strong>neque</strong></span> <span class='ocrx_word' id='word_1_213' title='bbox 1137 3419 1448 3474; x_wconf 87' lang='lat' dir='ltr'><strong>dilationem</strong></span> <span class='ocrx_word' id='word_1_214' title='bbox 1475 3417 1780 3487; x_wconf 73' lang='lat' dir='ltr'><strong>hu}usmodi</strong></span> 
     </span>
    </p>
   </div>
   <div class='ocr_carea' id='block_1_35' title="bbox 204 3507 1783 3589">
    <p class='ocr_par' dir='ltr' id='par_1_35' title="bbox 204 3507 1783 3589">
     <span class='ocr_line' id='line_1_35' title="bbox 204 3507 1783 3589; baseline -0.008 -15"><span class='ocrx_word' id='word_1_215' title='bbox 204 3520 391 3589; x_wconf 86' lang='lat' dir='ltr'><strong>probat</strong></span> <span class='ocrx_word' id='word_1_216' title='bbox 442 3519 508 3572; x_wconf 80' lang='lat' dir='ltr'><strong>S.</strong></span> <span class='ocrx_word' id='word_1_217' title='bbox 561 3515 743 3571; x_wconf 84' lang='lat' dir='ltr'><strong>Basilii</strong></span> <span class='ocrx_word' id='word_1_218' title='bbox 792 3512 1013 3581; x_wconf 89' lang='lat' dir='ltr'><strong>epistola</strong></span> <span class='ocrx_word' id='word_1_219' title='bbox 1062 3509 1190 3564; x_wconf 73' lang='lat'><strong>220.</strong></span> <span class='ocrx_word' id='word_1_220' title='bbox 1262 3509 1328 3562; x_wconf 90' lang='lat' dir='ltr'><strong>ad</strong></span> <span class='ocrx_word' id='word_1_221' title='bbox 1384 3510 1660 3562; x_wconf 86' lang='lat' dir='ltr'><strong>Damasum</strong></span> <span class='ocrx_word' id='word_1_222' title='bbox 1713 3507 1783 3562; x_wconf 83' lang='lat' dir='ltr'><strong>de</strong></span> 
     </span>
    </p>
   </div>
   <div class='ocr_carea' id='block_1_36' title="bbox 204 3597 1780 3681">
    <p class='ocr_par' dir='ltr' id='par_1_36' title="bbox 204 3597 1780 3681">
     <span class='ocr_line' id='line_1_36' title="bbox 204 3597 1780 3681; baseline -0.01 -17"><span class='ocrx_word' id='word_1_223' title='bbox 204 3608 418 3681; x_wconf 84' lang='lat' dir='ltr'><strong>Synodo</strong></span> <span class='ocrx_word' id='word_1_224' title='bbox 461 3617 649 3662; x_wconf 88' lang='lat' dir='ltr'><strong>contra</strong></span> <span class='ocrx_word' id='word_1_225' title='bbox 697 3607 925 3659; x_wconf 88' lang='lat' dir='ltr'><strong>Arianos</strong></span> <span class='ocrx_word' id='word_1_226' title='bbox 977 3598 1252 3670; x_wconf 75' lang='lat' dir='ltr'><strong>cogenda,</strong></span> <span class='ocrx_word' id='word_1_227' title='bbox 1298 3613 1418 3668; x_wconf 58' lang='lat' dir='ltr'><strong>quas</strong></span> <span class='ocrx_word' id='word_1_228' title='bbox 1461 3597 1528 3651; x_wconf 90' lang='lat' dir='ltr'><strong>ad</strong></span> <span class='ocrx_word' id='word_1_229' title='bbox 1581 3597 1780 3652; x_wconf 78' lang='lat' dir='ltr'><strong>exitum</strong></span> 
     </span>
    </p>
   </div>
   <div class='ocr_carea' id='block_1_37' title="bbox 205 3689 1782 3762">
    <p class='ocr_par' dir='ltr' id='par_1_37' title="bbox 205 3689 1782 3762">
     <span class='ocr_line' id='line_1_37' title="bbox 205 3689 1782 3762; baseline -0.008 -8"><span class='ocrx_word' id='word_1_230' title='bbox 205 3701 324 3755; x_wconf 88' lang='lat' dir='ltr'><strong>anni</strong></span> <span class='ocrx_word' id='word_1_231' title='bbox 353 3700 484 3755; x_wconf 79' lang='grc'>571.</span> <span class='ocrx_word' id='word_1_232' title='bbox 517 3697 704 3753; x_wconf 87' lang='lat' dir='ltr'><strong>referri</strong></span> <span class='ocrx_word' id='word_1_233' title='bbox 731 3695 868 3748; x_wconf 88' lang='lat' dir='ltr'><strong>solet</strong></span> <span class='ocrx_word' id='word_1_234' title='bbox 895 3709 908 3745; x_wconf 90' lang='lat'>:</span> <span class='ocrx_word' id='word_1_235' title='bbox 933 3690 1195 3762; x_wconf 86' lang='lat' dir='ltr'><strong>siquidem</strong></span> <span class='ocrx_word' id='word_1_236' title='bbox 1227 3689 1319 3744; x_wconf 82' lang='lat' dir='ltr'><strong>ille</strong></span> <span class='ocrx_word' id='word_1_237' title='bbox 1345 3689 1470 3742; x_wconf 91' lang='lat' dir='ltr'><strong>dum</strong></span> <span class='ocrx_word' id='word_1_238' title='bbox 1501 3690 1782 3752; x_wconf 87' lang='lat' dir='ltr'><strong>scriberet,</strong></span> 
     </span>
    </p>
   </div>
   <div class='ocr_carea' id='block_1_38' title="bbox 205 3777 1781 3856">
    <p class='ocr_par' dir='ltr' id='par_1_38' title="bbox 205 3777 1781 3856">
     <span class='ocr_line' id='line_1_38' title="bbox 205 3777 1781 3856; baseline -0.01 -11"><span class='ocrx_word' id='word_1_239' title='bbox 205 3805 476 3845; x_wconf 78' lang='lat' dir='ltr'><strong>romanam</strong></span> <span class='ocrx_word' id='word_1_240' title='bbox 505 3797 804 3842; x_wconf 87' lang='lat' dir='ltr'><strong>anteactam</strong></span> <span class='ocrx_word' id='word_1_241' title='bbox 843 3782 1108 3856; x_wconf 81' lang='lat' dir='ltr'><strong>synodum</strong></span> <span class='ocrx_word' id='word_1_242' title='bbox 1137 3780 1432 3851; x_wconf 85' lang='lat' dir='ltr'><strong>ignorabat.</strong></span> <span class='ocrx_word' id='word_1_243' title='bbox 1462 3777 1620 3848; x_wconf 83' lang='lat' dir='ltr'><strong>Igitur</strong></span> <span class='ocrx_word' id='word_1_244' title='bbox 1659 3793 1781 3832; x_wconf 90' lang='lat' dir='ltr'><strong>cum</strong></span> 
     </span>
    </p>
   </div>
   <div class='ocr_carea' id='block_1_39' title="bbox 207 3868 1780 3943">
    <p class='ocr_par' dir='ltr' id='par_1_39' title="bbox 207 3868 1780 3943">
     <span class='ocr_line' id='line_1_39' title="bbox 207 3868 1780 3943; baseline -0.01 -10"><span class='ocrx_word' id='word_1_245' title='bbox 207 3896 342 3936; x_wconf 82' lang='lat' dir='ltr'><strong>anno</strong></span> <span class='ocrx_word' id='word_1_246' title='bbox 373 3879 504 3943; x_wconf 83' lang='grc'>570,</span> <span class='ocrx_word' id='word_1_247' title='bbox 546 3874 896 3930; x_wconf 87' lang='lat' dir='ltr'><strong>adscribenda</strong></span> <span class='ocrx_word' id='word_1_248' title='bbox 944 3872 1034 3935; x_wconf 90' lang='lat' dir='ltr'><strong>sit,</strong></span> <span class='ocrx_word' id='word_1_249' title='bbox 1082 3872 1194 3939; x_wconf 83' lang='lat' dir='ltr'><strong>ipsa</strong></span> <span class='ocrx_word' id='word_1_250' title='bbox 1242 3869 1428 3923; x_wconf 64' lang='lat' dir='ltr'><strong>istltaae</strong></span> <span class='ocrx_word' id='word_1_251' title='bbox 1473 3868 1780 3936; x_wconf 86' lang='lat' dir='ltr'><strong>Hieronymi</strong></span> 
     </span>
    </p>
   </div>
   <div class='ocr_carea' id='block_1_40' title="bbox 207 3957 1783 4040">
    <p class='ocr_par' dir='ltr' id='par_1_40' title="bbox 207 3957 1783 4040">
     <span class='ocr_line' id='line_1_40' title="bbox 207 3957 1783 4040; baseline -0.009 -16"><span class='ocrx_word' id='word_1_252' title='bbox 207 3972 427 4040; x_wconf 81' lang='lat' dir='ltr'><strong>epistola</strong></span> <span class='ocrx_word' id='word_1_253' title='bbox 475 3977 601 4022; x_wconf 88' lang='lat' dir='ltr'><strong>ante</strong></span> <span class='ocrx_word' id='word_1_254' title='bbox 647 3967 797 4020; x_wconf 90' lang='lat' dir='ltr'><strong>illum</strong></span> <span class='ocrx_word' id='word_1_255' title='bbox 844 3978 1043 4018; x_wconf 86' lang='lat' dir='ltr'><strong>annum</strong></span> <span class='ocrx_word' id='word_1_256' title='bbox 1073 3960 1377 4029; x_wconf 86' lang='lat' dir='ltr'><strong>consignari</strong></span> <span class='ocrx_word' id='word_1_257' title='bbox 1423 3966 1673 4027; x_wconf 87' lang='lat' dir='ltr'><strong>nequeat.</strong></span> <span class='ocrx_word' id='word_1_258' title='bbox 1707 3957 1783 4010; x_wconf 79' lang='lat' dir='ltr'><strong>Ex</strong></span> 
     </span>
    </p>
   </div>
   <div class='ocr_carea' id='block_1_41' title="bbox 207 4047 1782 4132">
    <p class='ocr_par' dir='ltr' id='par_1_41' title="bbox 207 4047 1782 4132">
     <span class='ocr_line' id='line_1_41' title="bbox 207 4047 1782 4132; baseline -0.011 -16"><span class='ocrx_word' id='word_1_259' title='bbox 207 4063 554 4132; x_wconf 81' lang='lat' dir='ltr'><strong>sequentibus</strong></span> <span class='ocrx_word' id='word_1_260' title='bbox 587 4073 714 4113; x_wconf 90' lang='lat' dir='ltr'><strong>vero</strong></span> <span class='ocrx_word' id='word_1_261' title='bbox 745 4056 873 4110; x_wconf 88' lang='lat' dir='ltr'><strong>nul-li</strong></span> <span class='ocrx_word' id='word_1_262' title='bbox 905 4055 1035 4109; x_wconf 90' lang='lat' dir='ltr'><strong>satis</strong></span> <span class='ocrx_word' id='word_1_263' title='bbox 1059 4049 1340 4107; x_wconf 87' lang='lat' dir='ltr'><strong>commode</strong></span> <span class='ocrx_word' id='word_1_264' title='bbox 1369 4057 1542 4118; x_wconf 85' lang='lat' dir='ltr'><strong>potest</strong></span> <span class='ocrx_word' id='word_1_265' title='bbox 1574 4047 1782 4117; x_wconf 90' lang='lat' dir='ltr'><strong>illigari,</strong></span> 
     </span>
    </p>
   </div>
   <div class='ocr_carea' id='block_1_42' title="bbox 209 4142 1785 4210">
    <p class='ocr_par' dir='ltr' id='par_1_42' title="bbox 209 4142 1785 4210">
     <span class='ocr_line' id='line_1_42' title="bbox 209 4142 1785 4210; baseline -0.011 -4"><span class='ocrx_word' id='word_1_266' title='bbox 209 4155 304 4208; x_wconf 83' lang='lat' dir='ltr'><strong>nisi</strong></span> <span class='ocrx_word' id='word_1_267' title='bbox 348 4154 392 4207; x_wconf 92' lang='lat' dir='ltr'><strong>si</strong></span> <span class='ocrx_word' id='word_1_268' title='bbox 421 4152 558 4205; x_wconf 80' lang='lat' dir='ltr'><strong>Velis</strong></span> <span class='ocrx_word' id='word_1_269' title='bbox 587 4150 708 4204; x_wconf 82' lang='grc'>571.</span> <span class='ocrx_word' id='word_1_270' title='bbox 743 4147 927 4210; x_wconf 86' lang='lat' dir='ltr'><strong>initio;</strong></span> <span class='ocrx_word' id='word_1_271' title='bbox 975 4146 1042 4198; x_wconf 89' lang='lat' dir='ltr'><strong>ab</strong></span> <span class='ocrx_word' id='word_1_272' title='bbox 1087 4143 1190 4196; x_wconf 89' lang='lat' dir='ltr'><strong>hoc</strong></span> <span class='ocrx_word' id='word_1_273' title='bbox 1220 4142 1362 4196; x_wconf 90' lang='lat' dir='ltr'><strong>enim</strong></span> <span class='ocrx_word' id='word_1_274' title='bbox 1409 4154 1550 4192; x_wconf 91' lang='lat' dir='ltr'><strong>anno</strong></span> <span class='ocrx_word' id='word_1_275' title='bbox 1581 4154 1674 4207; x_wconf 90' lang='lat' dir='ltr'><strong>per</strong></span> <span class='ocrx_word' id='word_1_276' title='bbox 1705 4148 1785 4190; x_wconf 85' lang='lat' dir='ltr'><strong>to-</strong></span> 
     </span>
    </p>
   </div>
   <div class='ocr_carea' id='block_1_43' title="bbox 209 4230 1784 4310">
    <p class='ocr_par' dir='ltr' id='par_1_43' title="bbox 209 4230 1784 4310">
     <span class='ocr_line' id='line_1_43' title="bbox 209 4230 1784 4310; baseline -0.009 -14"><span class='ocrx_word' id='word_1_277' title='bbox 209 4253 312 4297; x_wconf 89' lang='lat' dir='ltr'><strong>tum</strong></span> <span class='ocrx_word' id='word_1_278' title='bbox 338 4256 512 4310; x_wconf 87' lang='lat' dir='ltr'><strong>usque</strong></span> <span class='ocrx_word' id='word_1_279' title='bbox 539 4240 664 4294; x_wconf 87' lang='grc'>575.</span> <span class='ocrx_word' id='word_1_280' title='bbox 715 4239 765 4290; x_wconf 94' lang='lat' dir='ltr'><strong>in</strong></span> <span class='ocrx_word' id='word_1_281' title='bbox 795 4236 1030 4291; x_wconf 78' lang='lat' dir='ltr'><strong>Orientis</strong></span> <span class='ocrx_word' id='word_1_282' title='bbox 1076 4233 1382 4301; x_wconf 76' lang='lat' dir='ltr'><strong>regionibus</strong></span> <span class='ocrx_word' id='word_1_283' title='bbox 1420 4230 1784 4299; x_wconf 81' lang='lat' dir='ltr'><strong>peregrinatus</strong></span> 
     </span>
    </p>
   </div>
   <div class='ocr_carea' id='block_1_44' title="bbox 206 4317 1786 4402">
    <p class='ocr_par' dir='ltr' id='par_1_44' title="bbox 206 4317 1786 4402">
     <span class='ocr_line' id='line_1_44' title="bbox 206 4317 1786 4402; baseline -0.009 -15"><span class='ocrx_word' id='word_1_284' title='bbox 206 4344 304 4400; x_wconf 79' lang='lat' dir='ltr'><strong>est,</strong></span> <span class='ocrx_word' id='word_1_285' title='bbox 351 4333 562 4402; x_wconf 82' lang='lat' dir='ltr'><strong>diuque,</strong></span> <span class='ocrx_word' id='word_1_286' title='bbox 591 4337 649 4383; x_wconf 91' lang='lat' dir='ltr'><strong>ut</strong></span> <span class='ocrx_word' id='word_1_287' title='bbox 687 4327 805 4396; x_wconf 84' lang='lat' dir='ltr'><strong>ejus</strong></span> <span class='ocrx_word' id='word_1_288' title='bbox 843 4325 1019 4379; x_wconf 86' lang='lat' dir='ltr'><strong>verbis</strong></span> <span class='ocrx_word' id='word_1_289' title='bbox 1068 4322 1121 4377; x_wconf 89' lang='lat' dir='ltr'><strong>iu</strong></span> <span class='ocrx_word' id='word_1_290' title='bbox 1153 4321 1325 4390; x_wconf 84' lang='lat' dir='ltr'><strong>Epist.</strong></span> <span class='ocrx_word' id='word_1_291' title='bbox 1360 4317 1448 4385; x_wconf 74' lang='lat' dir='ltr'><strong>IIl,</strong></span> <span class='ocrx_word' id='word_1_292' title='bbox 1481 4332 1694 4371; x_wconf 88' lang='lat' dir='ltr'><strong>utamur</strong></span> <span class='ocrx_word' id='word_1_293' title='bbox 1730 4317 1786 4372; x_wconf 85' lang='lat' dir='ltr'><strong>in</strong></span> 
     </span>
    </p>
   </div>
   <div class='ocr_carea' id='block_1_45' title="bbox 206 4407 1779 4486">
    <p class='ocr_par' dir='ltr' id='par_1_45' title="bbox 206 4407 1779 4486">
     <span class='ocr_line' id='line_1_45' title="bbox 206 4407 1779 4486; baseline -0.01 -11"><span class='ocrx_word' id='word_1_294' title='bbox 206 4428 392 4478; x_wconf 84' lang='lat' dir='ltr'><strong>incerto</strong></span> <span class='ocrx_word' id='word_1_295' title='bbox 434 4437 634 4486; x_wconf 88' lang='lat' dir='ltr'><strong>errans,</strong></span> <span class='ocrx_word' id='word_1_296' title='bbox 669 4417 959 4480; x_wconf 82' lang='lat' dir='ltr'><strong>Thraciam,</strong></span> <span class='ocrx_word' id='word_1_297' title='bbox 992 4413 1236 4475; x_wconf 86' lang='lat' dir='ltr'><strong>Pontum,</strong></span> <span class='ocrx_word' id='word_1_298' title='bbox 1278 4421 1427 4480; x_wconf 84' lang='lat' dir='ltr'><strong>atque</strong></span> <span class='ocrx_word' id='word_1_299' title='bbox 1466 4407 1779 4479; x_wconf 80' lang='lat' dir='ltr'><strong>Bithyniam,</strong></span> 
     </span>
    </p>
   </div>
   <div class='ocr_carea' id='block_1_46' title="bbox 206 4500 1784 4583">
    <p class='ocr_par' dir='ltr' id='par_1_46' title="bbox 206 4500 1784 4583">
     <span class='ocr_line' id='line_1_46' title="bbox 206 4500 1784 4583; baseline -0.01 -17"><span class='ocrx_word' id='word_1_300' title='bbox 206 4526 458 4583; x_wconf 87' lang='lat' dir='ltr'><strong>totumque</strong></span> <span class='ocrx_word' id='word_1_301' title='bbox 484 4510 724 4573; x_wconf 66' lang='lat' dir='ltr'><strong>Galatiaa,</strong></span> <span class='ocrx_word' id='word_1_302' title='bbox 746 4517 792 4560; x_wconf 89' lang='lat' dir='ltr'><strong>et</strong></span> <span class='ocrx_word' id='word_1_303' title='bbox 815 4505 1154 4574; x_wconf 68' lang='lat' dir='ltr'><strong>Cappadocia</strong></span> <span class='ocrx_word' id='word_1_304' title='bbox 1180 4503 1273 4556; x_wconf 83' lang='lat' dir='ltr'><strong>iter</strong></span> <span class='ocrx_word' id='word_1_305' title='bbox 1307 4510 1354 4554; x_wconf 88' lang='lat' dir='ltr'><strong>et</strong></span> <span class='ocrx_word' id='word_1_306' title='bbox 1383 4500 1596 4555; x_wconf 84' lang='lat' dir='ltr'><strong>Cilicum</strong></span> <span class='ocrx_word' id='word_1_307' title='bbox 1625 4510 1784 4552; x_wconf 84' lang='lat' dir='ltr'><strong>terras</strong></span> 
     </span>
    </p>
   </div>
   <div class='ocr_carea' id='block_1_47' title="bbox 210 4591 1781 4675">
    <p class='ocr_par' dir='ltr' id='par_1_47' title="bbox 210 4591 1781 4675">
     <span class='ocr_line' id='line_1_47' title="bbox 210 4591 1781 4675; baseline -0.013 -14"><span class='ocrx_word' id='word_1_308' title='bbox 210 4603 523 4675; x_wconf 88' lang='lat' dir='ltr'><strong>peragravit,</strong></span> <span class='ocrx_word' id='word_1_309' title='bbox 557 4601 728 4656; x_wconf 90' lang='lat' dir='ltr'><strong>donec</strong></span> <span class='ocrx_word' id='word_1_310' title='bbox 757 4601 812 4651; x_wconf 86' lang='lat' dir='ltr'><strong>in</strong></span> <span class='ocrx_word' id='word_1_311' title='bbox 839 4596 992 4666; x_wconf 85' lang='lat' dir='ltr'><strong>Syria</strong></span> <span class='ocrx_word' id='word_1_312' title='bbox 1015 4604 1252 4659; x_wconf 84' lang='lat' dir='ltr'><strong>tanquam</strong></span> <span class='ocrx_word' id='word_1_313' title='bbox 1276 4593 1333 4644; x_wconf 12' lang='lat' dir='ltr'><strong>in.</strong></span> <span class='ocrx_word' id='word_1_314' title='bbox 1359 4591 1604 4654; x_wconf 82' lang='lat' dir='ltr'><strong>ﬁdissimo</strong></span> <span class='ocrx_word' id='word_1_315' title='bbox 1634 4601 1781 4659; x_wconf 86' lang='lat' dir='ltr'><strong>portu</strong></span> 
     </span>
    </p>
   </div>
   <div class='ocr_carea' id='block_1_48' title="bbox 209 4679 1782 4749">
    <p class='ocr_par' dir='ltr' id='par_1_48' title="bbox 209 4679 1782 4749">
     <span class='ocr_line' id='line_1_48' title="bbox 209 4679 1782 4749; baseline -0.012 -1"><span class='ocrx_word' id='word_1_316' title='bbox 209 4693 461 4748; x_wconf 85' lang='lat' dir='ltr'><strong>constitit.</strong></span> <span class='ocrx_word' id='word_1_317' title='bbox 491 4691 573 4746; x_wconf 84' lang='lat' dir='ltr'><strong>Ad</strong></span> <span class='ocrx_word' id='word_1_318' title='bbox 603 4691 717 4743; x_wconf 69' lang='lat' dir='ltr'><strong>hmc</strong></span> <span class='ocrx_word' id='word_1_319' title='bbox 748 4686 1106 4749; x_wconf 87' lang='lat' dir='ltr'><strong>Innocentius,</strong></span> <span class='ocrx_word' id='word_1_320' title='bbox 1147 4683 1232 4736; x_wconf 91' lang='lat' dir='ltr'><strong>cui</strong></span> <span class='ocrx_word' id='word_1_321' title='bbox 1280 4681 1500 4749; x_wconf 86' lang='lat' dir='ltr'><strong>epistola</strong></span> <span class='ocrx_word' id='word_1_322' title='bbox 1533 4679 1782 4733; x_wconf 82' lang='lat' dir='ltr'><strong>inscribi-</strong></span> 
     </span>
    </p>
   </div>
   <div class='ocr_carea' id='block_1_49' title="bbox 211 4768 1778 4854">
    <p class='ocr_par' dir='ltr' id='par_1_49' title="bbox 211 4768 1778 4854">
     <span class='ocr_line' id='line_1_49' title="bbox 211 4768 1778 4854; baseline -0.011 -15"><span class='ocrx_word' id='word_1_323' title='bbox 211 4793 307 4846; x_wconf 91' lang='lat' dir='ltr'><strong>tur,</strong></span> <span class='ocrx_word' id='word_1_324' title='bbox 327 4785 440 4854; x_wconf 89' lang='lat' dir='ltr'><strong>jam</strong></span> <span class='ocrx_word' id='word_1_325' title='bbox 480 4783 623 4838; x_wconf 88' lang='lat' dir='ltr'><strong>circa</strong></span> <span class='ocrx_word' id='word_1_326' title='bbox 651 4777 885 4834; x_wconf 87' lang='lat' dir='ltr'><strong>medium</strong></span> <span class='ocrx_word' id='word_1_327' title='bbox 922 4776 1045 4828; x_wconf 90' lang='lat' dir='ltr'><strong>anni</strong></span> <span class='ocrx_word' id='word_1_328' title='bbox 1073 4775 1198 4828; x_wconf 69' lang='grc'>574.</span> <span class='ocrx_word' id='word_1_329' title='bbox 1245 4771 1524 4841; x_wconf 89' lang='lat' dir='ltr'><strong>repentino</strong></span> <span class='ocrx_word' id='word_1_330' title='bbox 1553 4768 1778 4824; x_wconf 83' lang='lat' dir='ltr'><strong>febrium</strong></span> 
     </span>
    </p>
   </div>
   <div class='ocr_carea' id='block_1_50' title="bbox 210 4859 1778 4934">
    <p class='ocr_par' dir='ltr' id='par_1_50' title="bbox 210 4859 1778 4934">
     <span class='ocr_line' id='line_1_50' title="bbox 210 4859 1778 4934; baseline -0.009 -6"><span class='ocrx_word' id='word_1_331' title='bbox 210 4875 393 4929; x_wconf 82' lang='lat' dir='ltr'><strong>ardore</strong></span> <span class='ocrx_word' id='word_1_332' title='bbox 414 4872 662 4927; x_wconf 87' lang='lat' dir='ltr'><strong>sublatus</strong></span> <span class='ocrx_word' id='word_1_333' title='bbox 683 4883 713 4923; x_wconf 90' lang='lat' dir='ltr'><strong>e</strong></span> <span class='ocrx_word' id='word_1_334' title='bbox 733 4868 870 4921; x_wconf 86' lang='lat' dir='ltr'><strong>vivis</strong></span> <span class='ocrx_word' id='word_1_335' title='bbox 891 4865 1008 4931; x_wconf 88' lang='lat' dir='ltr'><strong>fuit,</strong></span> <span class='ocrx_word' id='word_1_336' title='bbox 1032 4863 1173 4934; x_wconf 90' lang='lat' dir='ltr'><strong>quod</strong></span> <span class='ocrx_word' id='word_1_337' title='bbox 1194 4877 1258 4916; x_wconf 80' lang='lat' dir='ltr'><strong>ex</strong></span> <span class='ocrx_word' id='word_1_338' title='bbox 1281 4860 1467 4916; x_wconf 80' lang='lat' dir='ltr'><strong>eadem</strong></span> <span class='ocrx_word' id='word_1_339' title='bbox 1497 4860 1670 4930; x_wconf 88' lang='lat' dir='ltr'><strong>Epist.</strong></span> <span class='ocrx_word' id='word_1_340' title='bbox 1693 4859 1778 4914; x_wconf 88' lang='lat' dir='ltr'><strong>IlI.</strong></span> 
     </span>
    </p>
   </div>
   <div class='ocr_carea' id='block_1_51' title="bbox 212 4951 1781 5034">
    <p class='ocr_par' dir='ltr' id='par_1_51' title="bbox 212 4951 1781 5034">
     <span class='ocr_line' id='line_1_51' title="bbox 212 4951 1781 5034; baseline -0.01 -14"><span class='ocrx_word' id='word_1_341' title='bbox 212 4965 361 5034; x_wconf 73' lang='lat' dir='ltr'><strong>paulo</strong></span> <span class='ocrx_word' id='word_1_342' title='bbox 403 4961 546 5018; x_wconf 78' lang='lat' dir='ltr'><strong>infra</strong></span> <span class='ocrx_word' id='word_1_343' title='bbox 594 4957 960 5014; x_wconf 84' lang='lat' dir='ltr'><strong>ostendemus.</strong></span> <span class='ocrx_word' id='word_1_344' title='bbox 1005 4953 1191 5024; x_wconf 83' lang='lat' dir='ltr'><strong>Neque</strong></span> <span class='ocrx_word' id='word_1_345' title='bbox 1233 4965 1361 5006; x_wconf 90' lang='lat' dir='ltr'><strong>vero</strong></span> <span class='ocrx_word' id='word_1_346' title='bbox 1391 4951 1502 5005; x_wconf 83' lang='lat' dir='ltr'><strong>fieri</strong></span> <span class='ocrx_word' id='word_1_347' title='bbox 1547 4965 1650 5005; x_wconf 94' lang='lat' dir='ltr'><strong>non</strong></span> <span class='ocrx_word' id='word_1_348' title='bbox 1684 4967 1781 5020; x_wconf 83' lang='lat' dir='ltr'><strong>po-</strong></span> 
     </span>
    </p>
   </div>
   <div class='ocr_carea' id='block_1_52' title="bbox 214 5043 1777 5120">
    <p class='ocr_par' dir='ltr' id='par_1_52' title="bbox 214 5043 1777 5120">
     <span class='ocr_line' id='line_1_52' title="bbox 214 5043 1777 5120; baseline -0.008 -10"><span class='ocrx_word' id='word_1_349' title='bbox 214 5058 366 5113; x_wconf 82' lang='lat' dir='ltr'><strong>tuisse</strong></span> <span class='ocrx_word' id='word_1_350' title='bbox 383 5057 529 5118; x_wconf 86' lang='lat' dir='ltr'><strong>dico,</strong></span> <span class='ocrx_word' id='word_1_351' title='bbox 557 5051 694 5108; x_wconf 91' lang='lat' dir='ltr'><strong>utin</strong></span> <span class='ocrx_word' id='word_1_352' title='bbox 723 5051 841 5120; x_wconf 83' lang='lat' dir='ltr'><strong>ipsa</strong></span> <span class='ocrx_word' id='word_1_353' title='bbox 852 5045 1278 5117; x_wconf 84' lang='lat' dir='ltr'><strong>peregrinatione</strong></span> <span class='ocrx_word' id='word_1_354' title='bbox 1299 5043 1475 5098; x_wconf 87' lang='lat' dir='ltr'><strong>brevis</strong></span> <span class='ocrx_word' id='word_1_355' title='bbox 1498 5043 1777 5098; x_wconf 87' lang='lat' dir='ltr'><strong>historiola</strong></span> 
     </span>
    </p>
   </div>
   <div class='ocr_carea' id='block_1_53' title="bbox 214 5135 1774 5218">
    <p class='ocr_par' dir='ltr' id='par_1_53' title="bbox 214 5135 1774 5218">
     <span class='ocr_line' id='line_1_53' title="bbox 214 5135 1774 5218; baseline -0.008 -15"><span class='ocrx_word' id='word_1_356' title='bbox 214 5165 297 5218; x_wconf 90' lang='lat' dir='ltr'><strong>per</strong></span> <span class='ocrx_word' id='word_1_357' title='bbox 322 5147 605 5218; x_wconf 85' lang='lat' dir='ltr'><strong>epistolam</strong></span> <span class='ocrx_word' id='word_1_358' title='bbox 647 5141 961 5198; x_wconf 70' lang='lat' dir='ltr'><strong>[Innocentio</strong></span> <span class='ocrx_word' id='word_1_359' title='bbox 991 5138 1197 5194; x_wconf 88' lang='lat' dir='ltr'><strong>itineris</strong></span> <span class='ocrx_word' id='word_1_360' title='bbox 1224 5136 1405 5191; x_wconf 92' lang='lat' dir='ltr'><strong>comiti</strong></span> <span class='ocrx_word' id='word_1_361' title='bbox 1431 5135 1774 5202; x_wconf 86' lang='lat' dir='ltr'><strong>scriberetur,</strong></span> 
     </span>
    </p>
   </div>
   <div class='ocr_carea' id='block_1_54' title="bbox 212 5229 1778 5301">
    <p class='ocr_par' dir='ltr' id='par_1_54' title="bbox 212 5229 1778 5301">
     <span class='ocr_line' id='line_1_54' title="bbox 212 5229 1778 5301; baseline -0.007 -6"><span class='ocrx_word' id='word_1_362' title='bbox 212 5240 294 5295; x_wconf 79' lang='lat' dir='ltr'><strong>sed</strong></span> <span class='ocrx_word' id='word_1_363' title='bbox 339 5240 517 5294; x_wconf 87' lang='lat' dir='ltr'><strong>multo</strong></span> <span class='ocrx_word' id='word_1_364' title='bbox 557 5233 922 5292; x_wconf 88' lang='lat' dir='ltr'><strong>verosimilius</strong></span> <span class='ocrx_word' id='word_1_365' title='bbox 969 5241 1096 5301; x_wconf 91' lang='lat' dir='ltr'><strong>puto</strong></span> <span class='ocrx_word' id='word_1_366' title='bbox 1130 5239 1402 5286; x_wconf 76' lang='lat' dir='ltr'><strong>exaratam</strong></span> <span class='ocrx_word' id='word_1_367' title='bbox 1443 5229 1539 5285; x_wconf 86' lang='lat' dir='ltr'><strong>abs</strong></span> <span class='ocrx_word' id='word_1_368' title='bbox 1586 5229 1778 5285; x_wconf 82' lang='lat' dir='ltr'><strong>Iliero—</strong></span> 
     </span>
    </p>
   </div>
   <div class='ocr_carea' id='block_1_55' title="bbox 215 5321 1778 5402">
    <p class='ocr_par' dir='ltr' id='par_1_55' title="bbox 215 5321 1778 5402">
     <span class='ocr_line' id='line_1_55' title="bbox 215 5321 1778 5402; baseline -0.005 -18"><span class='ocrx_word' id='word_1_369' title='bbox 215 5346 379 5402; x_wconf 75' lang='lat' dir='ltr'><strong>nymo,</strong></span> <span class='ocrx_word' id='word_1_370' title='bbox 406 5345 534 5384; x_wconf 88' lang='lat' dir='ltr'><strong>cum</strong></span> <span class='ocrx_word' id='word_1_371' title='bbox 556 5327 729 5382; x_wconf 90' lang='lat' dir='ltr'><strong>otium</strong></span> <span class='ocrx_word' id='word_1_372' title='bbox 760 5325 813 5378; x_wconf 92' lang='lat' dir='ltr'><strong>in</strong></span> <span class='ocrx_word' id='word_1_373' title='bbox 843 5323 1009 5388; x_wconf 86' lang='lat' dir='ltr'><strong>Italia,</strong></span> <span class='ocrx_word' id='word_1_374' title='bbox 1040 5323 1108 5376; x_wconf 87' lang='lat' dir='ltr'><strong>ab</strong></span> <span class='ocrx_word' id='word_1_375' title='bbox 1135 5321 1438 5376; x_wconf 87' lang='lat' dir='ltr'><strong>Occidentis</strong></span> <span class='ocrx_word' id='word_1_376' title='bbox 1467 5324 1778 5393; x_wconf 85' lang='lat' dir='ltr'><strong>peregrina-</strong></span> 
     </span>
    </p>
   </div>
   <div class='ocr_carea' id='block_1_56' title="bbox 213 5413 1775 5483">
    <p class='ocr_par' dir='ltr' id='par_1_56' title="bbox 213 5413 1775 5483">
     <span class='ocr_line' id='line_1_56' title="bbox 213 5413 1775 5483; baseline -0.003 -9"><span class='ocrx_word' id='word_1_377' title='bbox 213 5421 341 5478; x_wconf 91' lang='lat' dir='ltr'><strong>tione</strong></span> <span class='ocrx_word' id='word_1_378' title='bbox 368 5420 541 5476; x_wconf 83' lang='lat' dir='ltr'><strong>redux</strong></span> <span class='ocrx_word' id='word_1_379' title='bbox 583 5415 903 5477; x_wconf 81' lang='lat' dir='ltr'><strong>invenisset,</strong></span> <span class='ocrx_word' id='word_1_380' title='bbox 932 5421 1089 5483; x_wconf 90' lang='lat' dir='ltr'><strong>atqne</strong></span> <span class='ocrx_word' id='word_1_381' title='bbox 1114 5413 1247 5468; x_wconf 88' lang='lat' dir='ltr'><strong>adeo</strong></span> <span class='ocrx_word' id='word_1_382' title='bbox 1279 5413 1378 5483; x_wconf 86' lang='lat' dir='ltr'><strong>ipsi</strong></span> <span class='ocrx_word' id='word_1_383' title='bbox 1404 5413 1528 5470; x_wconf 92' lang='grc'>570.</span> <span class='ocrx_word' id='word_1_384' title='bbox 1561 5414 1644 5470; x_wconf 87' lang='lat' dir='ltr'><strong>vel</strong></span> <span class='ocrx_word' id='word_1_385' title='bbox 1672 5416 1775 5470; x_wconf 85' lang='lat' dir='ltr'><strong>ini—</strong></span> 
     </span>
    </p>
   </div>
   <div class='ocr_carea' id='block_1_57' title="bbox 212 5505 986 5582">
    <p class='ocr_par' dir='ltr' id='par_1_57' title="bbox 212 5505 986 5582">
     <span class='ocr_line' id='line_1_57' title="bbox 212 5505 986 5582; baseline -0.008 -18"><span class='ocrx_word' id='word_1_386' title='bbox 212 5511 273 5566; x_wconf 90' lang='lat' dir='ltr'><strong>tio</strong></span> <span class='ocrx_word' id='word_1_387' title='bbox 298 5508 635 5582; x_wconf 89' lang='lat' dir='ltr'><strong>insequentis</strong></span> <span class='ocrx_word' id='word_1_388' title='bbox 664 5505 986 5574; x_wconf 85' lang='lat' dir='ltr'><strong>consignari.</strong></span> 
     </span>
    </p>
   </div>
   <div class='ocr_carea' id='block_1_58' title="bbox 267 5594 1772 5666">
    <p class='ocr_par' dir='ltr' id='par_1_58' title="bbox 267 5594 1772 5666">
     <span class='ocr_line' id='line_1_58' title="bbox 267 5594 1772 5666; baseline -0.005 -8"><span class='ocrx_word' id='word_1_389' title='bbox 267 5603 355 5660; x_wconf 82' lang='lat' dir='ltr'><strong>llis</strong></span> <span class='ocrx_word' id='word_1_390' title='bbox 385 5605 453 5658; x_wconf 80' lang='lat' dir='ltr'><strong>ita</strong></span> <span class='ocrx_word' id='word_1_391' title='bbox 493 5597 806 5655; x_wconf 81' lang='lat' dir='ltr'><strong>constitutis</strong></span> <span class='ocrx_word' id='word_1_392' title='bbox 835 5635 850 5659; x_wconf 90' lang='lat'><strong>,</strong></span> <span class='ocrx_word' id='word_1_393' title='bbox 892 5594 1224 5650; x_wconf 82' lang='lat' dir='ltr'><strong>dissimulare</strong></span> <span class='ocrx_word' id='word_1_394' title='bbox 1262 5610 1593 5666; x_wconf 86' lang='lat' dir='ltr'><strong>nequaquam</strong></span> <span class='ocrx_word' id='word_1_395' title='bbox 1641 5596 1772 5652; x_wconf 87' lang='lat' dir='ltr'><strong>licet</strong></span> 
     </span>
    </p>
   </div>
   <div class='ocr_carea' id='block_1_59' title="bbox 206 5683 1772 5759">
    <p class='ocr_par' dir='ltr' id='par_1_59' title="bbox 206 5683 1772 5759">
     <span class='ocr_line' id='line_1_59' title="bbox 206 5683 1772 5759; baseline -0.002 -16"><span class='ocrx_word' id='word_1_396' title='bbox 206 5694 494 5756; x_wconf 75' lang='lat' dir='ltr'><strong>doctorum,</strong></span> <span class='ocrx_word' id='word_1_397' title='bbox 513 5683 875 5759; x_wconf 88' lang='lat' dir='ltr'><strong>quorumdam</strong></span> <span class='ocrx_word' id='word_1_398' title='bbox 896 5683 1168 5739; x_wconf 85' lang='lat' dir='ltr'><strong>hominum</strong></span> <span class='ocrx_word' id='word_1_399' title='bbox 1195 5686 1522 5753; x_wconf 90' lang='lat' dir='ltr'><strong>opinionem,</strong></span> <span class='ocrx_word' id='word_1_400' title='bbox 1547 5689 1636 5756; x_wconf 91' lang='lat' dir='ltr'><strong>qui</strong></span> <span class='ocrx_word' id='word_1_401' title='bbox 1658 5702 1772 5742; x_wconf 84' lang='lat' dir='ltr'><strong>ver-</strong></span> 
     </span>
    </p>
   </div>
   <div class='ocr_carea' id='block_1_60' title="bbox 203 5775 1766 5849">
    <p class='ocr_par' dir='ltr' id='par_1_60' title="bbox 203 5775 1766 5849">
     <span class='ocr_line' id='line_1_60' title="bbox 203 5775 1766 5849; baseline -0.005 -9"><span class='ocrx_word' id='word_1_402' title='bbox 203 5785 276 5844; x_wconf 81' lang='lat' dir='ltr'><strong>bis</strong></span> <span class='ocrx_word' id='word_1_403' title='bbox 302 5787 405 5841; x_wconf 88' lang='lat' dir='ltr'><strong>illis</strong></span> <span class='ocrx_word' id='word_1_404' title='bbox 430 5784 502 5840; x_wconf 87' lang='lat' dir='ltr'><strong>de</strong></span> <span class='ocrx_word' id='word_1_405' title='bbox 532 5775 842 5845; x_wconf 79' lang='lat' dir='ltr'><strong>Auxentio,</strong></span> <span class='ocrx_word' id='word_1_406' title='bbox 873 5776 1124 5847; x_wconf 73' lang='lat' dir='ltr'><strong>sepultum</strong></span> <span class='ocrx_word' id='word_1_407' title='bbox 1163 5791 1288 5847; x_wconf 85' lang='lat' dir='ltr'><strong>pene</strong></span> <span class='ocrx_word' id='word_1_408' title='bbox 1315 5787 1580 5849; x_wconf 83' lang='lat' dir='ltr'><strong>antequam</strong></span> <span class='ocrx_word' id='word_1_409' title='bbox 1627 5795 1766 5833; x_wconf 89' lang='lat' dir='ltr'><strong>mor-</strong></span> 
     </span>
    </p>
   </div>
   <div class='ocr_carea' id='block_1_61' title="bbox 1893 1247 3459 1316">
    <p class='ocr_par' dir='ltr' id='par_1_61' title="bbox 1893 1247 3459 1316">
     <span class='ocr_line' id='line_1_61' title="bbox 1893 1247 3459 1316; baseline 0.004 -18"><span class='ocrx_word' id='word_1_410' title='bbox 1893 1257 2050 1309; x_wconf 84' lang='lat' dir='ltr'><strong>tuum,</strong></span> <span class='ocrx_word' id='word_1_411' title='bbox 2082 1247 2246 1314; x_wconf 87' lang='lat' dir='ltr'><strong>ipsam</strong></span> <span class='ocrx_word' id='word_1_412' title='bbox 2280 1248 2530 1301; x_wconf 78' lang='lat' dir='ltr'><strong>Auxentii</strong></span> <span class='ocrx_word' id='word_1_413' title='bbox 2562 1260 2788 1302; x_wconf 90' lang='lat' dir='ltr'><strong>mortem</strong></span> <span class='ocrx_word' id='word_1_414' title='bbox 2820 1250 3040 1304; x_wconf 90' lang='lat' dir='ltr'><strong>indicari</strong></span> <span class='ocrx_word' id='word_1_415' title='bbox 3063 1254 3280 1316; x_wconf 87' lang='lat' dir='ltr'><strong>volunt;</strong></span> <span class='ocrx_word' id='word_1_416' title='bbox 3309 1267 3459 1305; x_wconf 55' lang='lat' dir='ltr'><strong>cum.</strong></span> 
     </span>
    </p>
   </div>
   <div class='ocr_carea' id='block_1_62' title="bbox 1891 1337 3461 1409">
    <p class='ocr_par' dir='ltr' id='par_1_62' title="bbox 1891 1337 3461 1409">
     <span class='ocr_line' id='line_1_62' title="bbox 1891 1337 3461 1409; baseline 0.004 -21"><span class='ocrx_word' id='word_1_417' title='bbox 1891 1351 1995 1405; x_wconf 88' lang='lat' dir='ltr'><strong>que</strong></span> <span class='ocrx_word' id='word_1_418' title='bbox 2035 1337 2169 1390; x_wconf 88' lang='lat' dir='ltr'><strong>adeo</strong></span> <span class='ocrx_word' id='word_1_419' title='bbox 2217 1337 2302 1391; x_wconf 91' lang='lat' dir='ltr'><strong>ille</strong></span> <span class='ocrx_word' id='word_1_420' title='bbox 2343 1353 2483 1392; x_wconf 88' lang='lat' dir='ltr'><strong>anno</strong></span> <span class='ocrx_word' id='word_1_421' title='bbox 2528 1339 2652 1392; x_wconf 78' lang='grc'>574.</span> <span class='ocrx_word' id='word_1_422' title='bbox 2699 1339 2840 1393; x_wconf 85' lang='lat' dir='ltr'><strong>diem</strong></span> <span class='ocrx_word' id='word_1_423' title='bbox 2886 1339 3117 1409; x_wconf 85' lang='lat' dir='ltr'><strong>denique</strong></span> <span class='ocrx_word' id='word_1_424' title='bbox 3157 1339 3461 1408; x_wconf 82' lang='lat' dir='ltr'><strong>Oppetierit,</strong></span> 
     </span>
    </p>
   </div>
   <div class='ocr_carea' id='block_1_63' title="bbox 1894 1427 3459 1500">
    <p class='ocr_par' dir='ltr' id='par_1_63' title="bbox 1894 1427 3459 1500">
     <span class='ocr_line' id='line_1_63' title="bbox 1894 1427 3459 1500; baseline 0.002 -19"><span class='ocrx_word' id='word_1_425' title='bbox 1894 1435 2012 1496; x_wconf 87' lang='lat' dir='ltr'><strong>post</strong></span> <span class='ocrx_word' id='word_1_426' title='bbox 2039 1427 2174 1481; x_wconf 90' lang='lat' dir='ltr'><strong>hanc</strong></span> <span class='ocrx_word' id='word_1_427' title='bbox 2202 1432 2459 1498; x_wconf 83' lang='lat' dir='ltr'><strong>temporis</strong></span> <span class='ocrx_word' id='word_1_428' title='bbox 2489 1441 2665 1483; x_wconf 82' lang='lat' dir='ltr'><strong>nutant</strong></span> <span class='ocrx_word' id='word_1_429' title='bbox 2692 1430 2892 1484; x_wconf 74' lang='lat' dir='ltr'><strong>differri</strong></span> <span class='ocrx_word' id='word_1_430' title='bbox 2917 1431 3117 1486; x_wconf 87' lang='lat' dir='ltr'><strong>debere</strong></span> <span class='ocrx_word' id='word_1_431' title='bbox 3158 1433 3459 1500; x_wconf 88' lang='lat' dir='ltr'><strong>epistolam.</strong></span> 
     </span>
    </p>
   </div>
   <div class='ocr_carea' id='block_1_64' title="bbox 1893 1519 3462 1592">
    <p class='ocr_par' dir='ltr' id='par_1_64' title="bbox 1893 1519 3462 1592">
     <span class='ocr_line' id='line_1_64' title="bbox 1893 1519 3462 1592; baseline 0.003 -20"><span class='ocrx_word' id='word_1_432' title='bbox 1893 1523 2066 1589; x_wconf 84' lang='lat' dir='ltr'><strong>Atque</strong></span> <span class='ocrx_word' id='word_1_433' title='bbox 2095 1519 2207 1573; x_wconf 72' lang='lat' dir='ltr'><strong>inec</strong></span> <span class='ocrx_word' id='word_1_434' title='bbox 2227 1520 2439 1588; x_wconf 92' lang='lat' dir='ltr'><strong>quidem</strong></span> <span class='ocrx_word' id='word_1_435' title='bbox 2470 1522 2733 1576; x_wconf 85' lang='lat' dir='ltr'><strong>sententia</strong></span> <span class='ocrx_word' id='word_1_436' title='bbox 2762 1520 2843 1575; x_wconf 87' lang='lat' dir='ltr'><strong>CI.</strong></span> <span class='ocrx_word' id='word_1_437' title='bbox 2877 1537 3090 1592; x_wconf 90' lang='lat' dir='ltr'><strong>quoque</strong></span> <span class='ocrx_word' id='word_1_438' title='bbox 3119 1521 3462 1577; x_wconf 86' lang='lat' dir='ltr'><strong>Tiltemontio</strong></span> 
     </span>
    </p>
   </div>
   <div class='ocr_carea' id='block_1_65' title="bbox 1895 1613 3464 1686">
    <p class='ocr_par' dir='ltr' id='par_1_65' title="bbox 1895 1613 3464 1686">
     <span class='ocr_line' id='line_1_65' title="bbox 1895 1613 3464 1686; baseline 0.006 -22"><span class='ocrx_word' id='word_1_439' title='bbox 1895 1623 2250 1680; x_wconf 88' lang='lat' dir='ltr'><strong>persuaserat,</strong></span> <span class='ocrx_word' id='word_1_440' title='bbox 2271 1623 2325 1668; x_wconf 91' lang='lat' dir='ltr'><strong>et</strong></span> <span class='ocrx_word' id='word_1_441' title='bbox 2347 1613 2586 1670; x_wconf 85' lang='lat' dir='ltr'><strong>vérilatis</strong></span> <span class='ocrx_word' id='word_1_442' title='bbox 2609 1631 2716 1685; x_wconf 73' lang='lat' dir='ltr'><strong>pra:</strong></span> <span class='ocrx_word' id='word_1_443' title='bbox 2746 1631 2807 1671; x_wconf 90' lang='lat' dir='ltr'><strong>se</strong></span> <span class='ocrx_word' id='word_1_444' title='bbox 2829 1618 2929 1671; x_wconf 83' lang='lat' dir='ltr'><strong>fert</strong></span> <span class='ocrx_word' id='word_1_445' title='bbox 2959 1619 3190 1686; x_wconf 84' lang='lat' dir='ltr'><strong>speciem</strong></span> <span class='ocrx_word' id='word_1_446' title='bbox 3215 1635 3230 1683; x_wconf 87' lang='lat'><strong>;</strong></span> <span class='ocrx_word' id='word_1_447' title='bbox 3263 1619 3356 1673; x_wconf 89' lang='lat' dir='ltr'><strong>sed</strong></span> <span class='ocrx_word' id='word_1_448' title='bbox 3397 1634 3464 1673; x_wconf 88' lang='lat' dir='ltr'><strong>ne</strong></span> 
     </span>
    </p>
   </div>
   <div class='ocr_carea' id='block_1_66' title="bbox 1895 1703 3457 1775">
    <p class='ocr_par' dir='ltr' id='par_1_66' title="bbox 1895 1703 3457 1775">
     <span class='ocr_line' id='line_1_66' title="bbox 1895 1703 3457 1775; baseline 0.004 -21"><span class='ocrx_word' id='word_1_449' title='bbox 1895 1713 2067 1757; x_wconf 88' lang='lat' dir='ltr'><strong>tamen</strong></span> <span class='ocrx_word' id='word_1_450' title='bbox 2099 1703 2172 1756; x_wconf 92' lang='lat' dir='ltr'><strong>illi</strong></span> <span class='ocrx_word' id='word_1_451' title='bbox 2201 1704 2593 1758; x_wconf 82' lang='lat' dir='ltr'><strong>subscriberem</strong></span> <span class='ocrx_word' id='word_1_452' title='bbox 2614 1745 2630 1767; x_wconf 91' lang='lat'><strong>,</strong></span> <span class='ocrx_word' id='word_1_453' title='bbox 2661 1705 2776 1760; x_wconf 73' lang='lat' dir='ltr'><strong>lucc</strong></span> <span class='ocrx_word' id='word_1_454' title='bbox 2811 1707 2862 1760; x_wconf 92' lang='lat' dir='ltr'><strong>in</strong></span> <span class='ocrx_word' id='word_1_455' title='bbox 2894 1708 3082 1775; x_wconf 90' lang='lat' dir='ltr'><strong>primis</strong></span> <span class='ocrx_word' id='word_1_456' title='bbox 3105 1708 3240 1761; x_wconf 89' lang='lat' dir='ltr'><strong>ratio</strong></span> <span class='ocrx_word' id='word_1_457' title='bbox 3269 1708 3457 1762; x_wconf 90' lang='lat' dir='ltr'><strong>vetuit.</strong></span> 
     </span>
    </p>
   </div>
   <div class='ocr_carea' id='block_1_67' title="bbox 1897 1793 3460 1860">
    <p class='ocr_par' dir='ltr' id='par_1_67' title="bbox 1897 1793 3460 1860">
     <span class='ocr_line' id='line_1_67' title="bbox 1897 1793 3460 1860; baseline 0.003 -15"><span class='ocrx_word' id='word_1_458' title='bbox 1897 1793 2109 1847; x_wconf 81' lang='lat' dir='ltr'><strong>Minime</strong></span> <span class='ocrx_word' id='word_1_459' title='bbox 2135 1796 2438 1850; x_wconf 87' lang='lat' dir='ltr'><strong>verosimile</strong></span> <span class='ocrx_word' id='word_1_460' title='bbox 2467 1797 2637 1849; x_wconf 88' lang='lat' dir='ltr'><strong>visum</strong></span> <span class='ocrx_word' id='word_1_461' title='bbox 2664 1807 2745 1850; x_wconf 77' lang='lat' dir='ltr'><strong>est</strong></span> <span class='ocrx_word' id='word_1_462' title='bbox 2769 1798 2905 1851; x_wconf 86' lang='lat' dir='ltr'><strong>inter</strong></span> <span class='ocrx_word' id='word_1_463' title='bbox 2933 1799 3180 1860; x_wconf 78' lang='lat' dir='ltr'><strong>Auxentii</strong></span> <span class='ocrx_word' id='word_1_464' title='bbox 3211 1808 3460 1860; x_wconf 90' lang='lat' dir='ltr'><strong>mortem,</strong></span> 
     </span>
    </p>
   </div>
   <div class='ocr_carea' id='block_1_68' title="bbox 1897 1885 3464 1956">
    <p class='ocr_par' dir='ltr' id='par_1_68' title="bbox 1897 1885 3464 1956">
     <span class='ocr_line' id='line_1_68' title="bbox 1897 1885 3464 1956; baseline 0.002 -18"><span class='ocrx_word' id='word_1_465' title='bbox 1897 1893 1951 1938; x_wconf 89' lang='lat' dir='ltr'><strong>et</strong></span> <span class='ocrx_word' id='word_1_466' title='bbox 1976 1885 2030 1938; x_wconf 93' lang='lat' dir='ltr'><strong>S.</strong></span> <span class='ocrx_word' id='word_1_467' title='bbox 2065 1885 2351 1950; x_wconf 83' lang='lat' dir='ltr'><strong>Ambrosii,</strong></span> <span class='ocrx_word' id='word_1_468' title='bbox 2384 1888 2473 1956; x_wconf 88' lang='lat' dir='ltr'><strong>qui</strong></span> <span class='ocrx_word' id='word_1_469' title='bbox 2515 1887 2562 1940; x_wconf 92' lang='lat' dir='ltr'><strong>ei</strong></span> <span class='ocrx_word' id='word_1_470' title='bbox 2591 1888 2642 1940; x_wconf 92' lang='lat' dir='ltr'><strong>in</strong></span> <span class='ocrx_word' id='word_1_471' title='bbox 2671 1887 2978 1956; x_wconf 87' lang='lat' dir='ltr'><strong>episcopatu</strong></span> <span class='ocrx_word' id='word_1_472' title='bbox 3038 1889 3318 1952; x_wconf 85' lang='lat' dir='ltr'><strong>successit,</strong></span> <span class='ocrx_word' id='word_1_473' title='bbox 3347 1889 3464 1942; x_wconf 85' lang='lat' dir='ltr'><strong>ele-</strong></span> 
     </span>
    </p>
   </div>
   <div class='ocr_carea' id='block_1_69' title="bbox 1893 1975 3468 2051">
    <p class='ocr_par' dir='ltr' id='par_1_69' title="bbox 1893 1975 3468 2051">
     <span class='ocr_line' id='line_1_69' title="bbox 1893 1975 3468 2051; baseline 0.003 -22"><span class='ocrx_word' id='word_1_474' title='bbox 1893 1975 2148 2041; x_wconf 80' lang='lat' dir='ltr'><strong>ctionem,</strong></span> <span class='ocrx_word' id='word_1_475' title='bbox 2177 1988 2378 2044; x_wconf 88' lang='lat' dir='ltr'><strong>septem</strong></span> <span class='ocrx_word' id='word_1_476' title='bbox 2406 1987 2496 2031; x_wconf 89' lang='lat' dir='ltr'><strong>aut</strong></span> <span class='ocrx_word' id='word_1_477' title='bbox 2515 1987 2636 2032; x_wconf 83' lang='lat' dir='ltr'><strong>oetu</strong></span> <span class='ocrx_word' id='word_1_478' title='bbox 2664 1994 2876 2033; x_wconf 85' lang='lat' dir='ltr'><strong>menses</strong></span> <span class='ocrx_word' id='word_1_479' title='bbox 2901 1980 3289 2048; x_wconf 83' lang='lat' dir='ltr'><strong>intercessisse,</strong></span> <span class='ocrx_word' id='word_1_480' title='bbox 3319 1980 3468 2051; x_wconf 77' lang='lat' dir='ltr'><strong>quod</strong></span> 
     </span>
    </p>
   </div>
   <div class='ocr_carea' id='block_1_70' title="bbox 1892 2067 3465 2138">
    <p class='ocr_par' dir='ltr' id='par_1_70' title="bbox 1892 2067 3465 2138">
     <span class='ocr_line' id='line_1_70' title="bbox 1892 2067 3465 2138; baseline 0.006 -24"><span class='ocrx_word' id='word_1_481' title='bbox 1892 2071 2132 2117; x_wconf 90' lang='lat' dir='ltr'><strong>veterum</strong></span> <span class='ocrx_word' id='word_1_482' title='bbox 2152 2079 2312 2119; x_wconf 85' lang='lat' dir='ltr'><strong>nemo</strong></span> <span class='ocrx_word' id='word_1_483' title='bbox 2339 2067 2575 2130; x_wconf 87' lang='lat' dir='ltr'><strong>tradidit,</strong></span> <span class='ocrx_word' id='word_1_484' title='bbox 2599 2069 2687 2136; x_wconf 89' lang='lat' dir='ltr'><strong>qui</strong></span> <span class='ocrx_word' id='word_1_485' title='bbox 2711 2071 2826 2138; x_wconf 75' lang='lat' dir='ltr'><strong>eius</strong></span> <span class='ocrx_word' id='word_1_486' title='bbox 2853 2068 3091 2124; x_wconf 73' lang='lat' dir='ltr'><strong>historia:</strong></span> <span class='ocrx_word' id='word_1_487' title='bbox 3115 2070 3465 2125; x_wconf 69' lang='lat' dir='ltr'><strong>eirenmstam</strong></span> 
     </span>
    </p>
   </div>
   <div class='ocr_carea' id='block_1_71' title="bbox 1895 2153 3458 2224">
    <p class='ocr_par' dir='ltr' id='par_1_71' title="bbox 1895 2153 3458 2224">
     <span class='ocr_line' id='line_1_71' title="bbox 1895 2153 3458 2224; baseline 0.005 -19"><span class='ocrx_word' id='word_1_488' title='bbox 1895 2153 1992 2206; x_wconf 91' lang='lat' dir='ltr'><strong>tias</strong></span> <span class='ocrx_word' id='word_1_489' title='bbox 2019 2153 2203 2208; x_wconf 92' lang='lat' dir='ltr'><strong>sedulo</strong></span> <span class='ocrx_word' id='word_1_490' title='bbox 2244 2169 2652 2224; x_wconf 87' lang='lat' dir='ltr'><strong>persequuntur.</strong></span> <span class='ocrx_word' id='word_1_491' title='bbox 2692 2161 2939 2212; x_wconf 88' lang='lat' dir='ltr'><strong>Attamen</strong></span> <span class='ocrx_word' id='word_1_492' title='bbox 2966 2168 3020 2213; x_wconf 91' lang='lat' dir='ltr'><strong>et</strong></span> <span class='ocrx_word' id='word_1_493' title='bbox 3045 2159 3271 2213; x_wconf 81' lang='lat' dir='ltr'><strong>fortasse</strong></span> <span class='ocrx_word' id='word_1_494' title='bbox 3299 2159 3458 2213; x_wconf 87' lang='lat' dir='ltr'><strong>latius</strong></span> 
     </span>
    </p>
   </div>
   <div class='ocr_carea' id='block_1_72' title="bbox 1897 2247 3466 2313">
    <p class='ocr_par' dir='ltr' id='par_1_72' title="bbox 1897 2247 3466 2313">
     <span class='ocr_line' id='line_1_72' title="bbox 1897 2247 3466 2313; baseline 0.005 -17"><span class='ocrx_word' id='word_1_495' title='bbox 1897 2247 2152 2313; x_wconf 88' lang='lat' dir='ltr'><strong>temporis</strong></span> <span class='ocrx_word' id='word_1_496' title='bbox 2196 2247 2532 2300; x_wconf 75' lang='lat' dir='ltr'><strong>intervallum</strong></span> <span class='ocrx_word' id='word_1_497' title='bbox 2593 2249 2879 2313; x_wconf 86' lang='lat' dir='ltr'><strong>putandum</strong></span> <span class='ocrx_word' id='word_1_498' title='bbox 2925 2254 3032 2312; x_wconf 90' lang='lat' dir='ltr'><strong>sit,</strong></span> <span class='ocrx_word' id='word_1_499' title='bbox 3072 2250 3116 2303; x_wconf 89' lang='lat' dir='ltr'><strong>si</strong></span> <span class='ocrx_word' id='word_1_500' title='bbox 3171 2251 3466 2304; x_wconf 80' lang='lat' dir='ltr'><strong>Antiochia:</strong></span> 
     </span>
    </p>
   </div>
   <div class='ocr_carea' id='block_1_73' title="bbox 1895 2332 3464 2406">
    <p class='ocr_par' dir='ltr' id='par_1_73' title="bbox 1895 2332 3464 2406">
     <span class='ocr_line' id='line_1_73' title="bbox 1895 2332 3464 2406; baseline 0.004 -21"><span class='ocrx_word' id='word_1_501' title='bbox 1895 2333 2072 2385; x_wconf 88' lang='lat' dir='ltr'><strong>datam</strong></span> <span class='ocrx_word' id='word_1_502' title='bbox 2096 2332 2230 2387; x_wconf 88' lang='lat' dir='ltr'><strong>hanc</strong></span> <span class='ocrx_word' id='word_1_503' title='bbox 2257 2335 2537 2401; x_wconf 80' lang='lat' dir='ltr'><strong>epistolam</strong></span> <span class='ocrx_word' id='word_1_504' title='bbox 2560 2351 2685 2389; x_wconf 89' lang='lat' dir='ltr'><strong>ann.</strong></span> <span class='ocrx_word' id='word_1_505' title='bbox 2708 2337 2831 2390; x_wconf 76' lang='grc'>574.</span> <span class='ocrx_word' id='word_1_506' title='bbox 2857 2338 3104 2402; x_wconf 81' lang='lat' dir='ltr'><strong>velimus,</strong></span> <span class='ocrx_word' id='word_1_507' title='bbox 3129 2352 3300 2406; x_wconf 88' lang='lat' dir='ltr'><strong>neque</strong></span> <span class='ocrx_word' id='word_1_508' title='bbox 3319 2339 3464 2393; x_wconf 85' lang='lat' dir='ltr'><strong>enim</strong></span> 
     </span>
    </p>
   </div>
   <div class='ocr_carea' id='block_1_74' title="bbox 1898 2423 3463 2494">
    <p class='ocr_par' dir='ltr' id='par_1_74' title="bbox 1898 2423 3463 2494">
     <span class='ocr_line' id='line_1_74' title="bbox 1898 2423 3463 2494; baseline 0.003 -18"><span class='ocrx_word' id='word_1_509' title='bbox 1898 2423 2145 2476; x_wconf 78' lang='lat' dir='ltr'><strong>Auxentii</strong></span> <span class='ocrx_word' id='word_1_510' title='bbox 2199 2437 2423 2476; x_wconf 90' lang='lat' dir='ltr'><strong>mortem</strong></span> <span class='ocrx_word' id='word_1_511' title='bbox 2485 2425 2640 2478; x_wconf 77' lang='lat' dir='ltr'><strong>citius</strong></span> <span class='ocrx_word' id='word_1_512' title='bbox 2693 2427 2892 2480; x_wconf 85' lang='lat' dir='ltr'><strong>rescire</strong></span> <span class='ocrx_word' id='word_1_513' title='bbox 2947 2429 3178 2494; x_wconf 88' lang='lat' dir='ltr'><strong>potuerit</strong></span> <span class='ocrx_word' id='word_1_514' title='bbox 3246 2427 3463 2483; x_wconf 87' lang='lat' dir='ltr'><strong>Hieron.</strong></span> 
     </span>
    </p>
   </div>
   <div class='ocr_carea' id='block_1_75' title="bbox 1897 2515 3466 2585">
    <p class='ocr_par' dir='ltr' id='par_1_75' title="bbox 1897 2515 3466 2585">
     <span class='ocr_line' id='line_1_75' title="bbox 1897 2515 3466 2585; baseline 0.006 -21"><span class='ocrx_word' id='word_1_515' title='bbox 1897 2529 2054 2583; x_wconf 71' lang='lat' dir='ltr'><strong>quam</strong></span> <span class='ocrx_word' id='word_1_516' title='bbox 2083 2523 2202 2582; x_wconf 89' lang='lat' dir='ltr'><strong>post</strong></span> <span class='ocrx_word' id='word_1_517' title='bbox 2227 2515 2361 2567; x_wconf 87' lang='lat' dir='ltr'><strong>duos</strong></span> <span class='ocrx_word' id='word_1_518' title='bbox 2387 2517 2572 2568; x_wconf 83' lang='lat' dir='ltr'><strong>saltem</strong></span> <span class='ocrx_word' id='word_1_519' title='bbox 2602 2532 2810 2570; x_wconf 88' lang='lat' dir='ltr'><strong>menses</strong></span> <span class='ocrx_word' id='word_1_520' title='bbox 2829 2557 2842 2575; x_wconf 89' lang='lat'><strong>.</strong></span> <span class='ocrx_word' id='word_1_521' title='bbox 2867 2526 3123 2585; x_wconf 88' lang='lat' dir='ltr'><strong>quantum</strong></span> <span class='ocrx_word' id='word_1_522' title='bbox 3155 2529 3302 2573; x_wconf 87' lang='lat' dir='ltr'><strong>certe</strong></span> <span class='ocrx_word' id='word_1_523' title='bbox 3331 2528 3466 2574; x_wconf 85' lang='lat' dir='ltr'><strong>tem-</strong></span> 
     </span>
    </p>
   </div>
   <div class='ocr_carea' id='block_1_76' title="bbox 1894 2605 3478 2675">
    <p class='ocr_par' dir='ltr' id='par_1_76' title="bbox 1894 2605 3478 2675">
     <span class='ocr_line' id='line_1_76' title="bbox 1894 2605 3478 2675; baseline 0.008 -20"><span class='ocrx_word' id='word_1_524' title='bbox 1894 2607 2038 2674; x_wconf 85' lang='lat' dir='ltr'><strong>poris</strong></span> <span class='ocrx_word' id='word_1_525' title='bbox 2065 2645 2078 2668; x_wconf 97' lang='lat'><strong>,</strong></span> <span class='ocrx_word' id='word_1_526' title='bbox 2112 2614 2166 2658; x_wconf 93' lang='lat' dir='ltr'><strong>nt</strong></span> <span class='ocrx_word' id='word_1_527' title='bbox 2207 2605 2504 2660; x_wconf 83' lang='lat' dir='ltr'><strong>Mediolano</strong></span> <span class='ocrx_word' id='word_1_528' title='bbox 2546 2608 2881 2661; x_wconf 80' lang='lat' dir='ltr'><strong>Antiochiam</strong></span> <span class='ocrx_word' id='word_1_529' title='bbox 2929 2611 3116 2662; x_wconf 89' lang='lat' dir='ltr'><strong>notitia</strong></span> <span class='ocrx_word' id='word_1_530' title='bbox 3160 2609 3478 2675; x_wconf 86' lang='lat' dir='ltr'><strong>deferatur,-</strong></span> 
     </span>
    </p>
   </div>
   <div class='ocr_carea' id='block_1_77' title="bbox 1891 2695 3465 2766">
    <p class='ocr_par' dir='ltr' id='par_1_77' title="bbox 1891 2695 3465 2766">
     <span class='ocr_line' id='line_1_77' title="bbox 1891 2695 3465 2766; baseline 0.006 -20"><span class='ocrx_word' id='word_1_531' title='bbox 1891 2695 2081 2748; x_wconf 91' lang='lat' dir='ltr'><strong>insumi</strong></span> <span class='ocrx_word' id='word_1_532' title='bbox 2123 2710 2343 2749; x_wconf 85' lang='lat' dir='ltr'><strong>necesse</strong></span> <span class='ocrx_word' id='word_1_533' title='bbox 2371 2707 2486 2749; x_wconf 86' lang='lat' dir='ltr'><strong>erat</strong></span> <span class='ocrx_word' id='word_1_534' title='bbox 2517 2713 2530 2750; x_wconf 90' lang='lat'>:</span> <span class='ocrx_word' id='word_1_535' title='bbox 2564 2697 2676 2766; x_wconf 81' lang='lat' dir='ltr'><strong>ipse</strong></span> <span class='ocrx_word' id='word_1_536' title='bbox 2708 2707 2884 2752; x_wconf 89' lang='lat' dir='ltr'><strong>autem</strong></span> <span class='ocrx_word' id='word_1_537' title='bbox 2914 2714 3034 2752; x_wconf 90' lang='lat' dir='ltr'><strong>cum</strong></span> <span class='ocrx_word' id='word_1_538' title='bbox 3059 2699 3321 2754; x_wconf 85' lang='lat' dir='ltr'><strong>scriberet</strong></span> <span class='ocrx_word' id='word_1_539' title='bbox 3348 2742 3363 2766; x_wconf 95' lang='lat'><strong>,</strong></span> <span class='ocrx_word' id='word_1_540' title='bbox 3407 2713 3465 2756; x_wconf 91' lang='lat' dir='ltr'><strong>ut</strong></span> 
     </span>
    </p>
   </div>
   <div class='ocr_carea' id='block_1_78' title="bbox 1887 2785 3465 2859">
    <p class='ocr_par' dir='ltr' id='par_1_78' title="bbox 1887 2785 3465 2859">
     <span class='ocr_line' id='line_1_78' title="bbox 1887 2785 3465 2859; baseline 0.004 -21"><span class='ocrx_word' id='word_1_541' title='bbox 1887 2785 2059 2839; x_wconf 87' lang='lat' dir='ltr'><strong>serius</strong></span> <span class='ocrx_word' id='word_1_542' title='bbox 2091 2796 2275 2853; x_wconf 86' lang='lat' dir='ltr'><strong>putes,</strong></span> <span class='ocrx_word' id='word_1_543' title='bbox 2309 2787 2486 2853; x_wconf 86' lang='lat' dir='ltr'><strong>maio,</strong></span> <span class='ocrx_word' id='word_1_544' title='bbox 2533 2797 2623 2842; x_wconf 88' lang='lat' dir='ltr'><strong>aut</strong></span> <span class='ocrx_word' id='word_1_545' title='bbox 2661 2787 2724 2840; x_wconf 86' lang='lat' dir='ltr'><strong>ad</strong></span> <span class='ocrx_word' id='word_1_546' title='bbox 2774 2804 3040 2843; x_wconf 89' lang='lat' dir='ltr'><strong>summum</strong></span> <span class='ocrx_word' id='word_1_547' title='bbox 3083 2789 3236 2859; x_wconf 90' lang='lat' dir='ltr'><strong>junio</strong></span> <span class='ocrx_word' id='word_1_548' title='bbox 3278 2806 3465 2846; x_wconf 85' lang='lat' dir='ltr'><strong>mense</strong></span> 
     </span>
    </p>
   </div>
   <div class='ocr_carea' id='block_1_79' title="bbox 1885 2880 3462 2950">
    <p class='ocr_par' dir='ltr' id='par_1_79' title="bbox 1885 2880 3462 2950">
     <span class='ocr_line' id='line_1_79' title="bbox 1885 2880 3462 2950; baseline 0.003 -18"><span class='ocrx_word' id='word_1_549' title='bbox 1885 2887 2022 2940; x_wconf 91' lang='lat' dir='ltr'><strong>erat,</strong></span> <span class='ocrx_word' id='word_1_550' title='bbox 2054 2894 2174 2934; x_wconf 88' lang='lat' dir='ltr'><strong>nam</strong></span> <span class='ocrx_word' id='word_1_551' title='bbox 2202 2880 2334 2949; x_wconf 79' lang='lat' dir='ltr'><strong>julio</strong></span> <span class='ocrx_word' id='word_1_552' title='bbox 2361 2880 2658 2950; x_wconf 89' lang='lat' dir='ltr'><strong>insequenti</strong></span> <span class='ocrx_word' id='word_1_553' title='bbox 2686 2881 2823 2934; x_wconf 89' lang='lat' dir='ltr'><strong>idem</strong></span> <span class='ocrx_word' id='word_1_554' title='bbox 2870 2881 2957 2935; x_wconf 91' lang='lat' dir='ltr'><strong>ille</strong></span> <span class='ocrx_word' id='word_1_555' title='bbox 2987 2881 3348 2946; x_wconf 89' lang='lat' dir='ltr'><strong>Innocentius,</strong></span> <span class='ocrx_word' id='word_1_556' title='bbox 3371 2884 3462 2937; x_wconf 91' lang='lat' dir='ltr'><strong>cni</strong></span> 
     </span>
    </p>
   </div>
   <div class='ocr_carea' id='block_1_80' title="bbox 1886 2969 3468 3039">
    <p class='ocr_par' dir='ltr' id='par_1_80' title="bbox 1886 2969 3468 3039">
     <span class='ocr_line' id='line_1_80' title="bbox 1886 2969 3468 3039; baseline 0.002 -17"><span class='ocrx_word' id='word_1_557' title='bbox 1886 2969 2109 3037; x_wconf 88' lang='lat' dir='ltr'><strong>epistola</strong></span> <span class='ocrx_word' id='word_1_558' title='bbox 2159 2970 2486 3035; x_wconf 79' lang='lat' dir='ltr'><strong>lnscribitur,</strong></span> <span class='ocrx_word' id='word_1_559' title='bbox 2525 2971 2632 3039; x_wconf 83' lang='lat' dir='ltr'><strong>jam</strong></span> <span class='ocrx_word' id='word_1_560' title='bbox 2669 2973 2800 3025; x_wconf 91' lang='lat' dir='ltr'><strong>satis</strong></span> <span class='ocrx_word' id='word_1_561' title='bbox 2837 2980 3114 3033; x_wconf 89' lang='lat' dir='ltr'><strong>cesserat,</strong></span> <span class='ocrx_word' id='word_1_562' title='bbox 3147 2971 3468 3026; x_wconf 75' lang='lat' dir='ltr'><strong>Ambrosius</strong></span> 
     </span>
    </p>
   </div>
   <div class='ocr_carea' id='block_1_81' title="bbox 1884 3060 3466 3132">
    <p class='ocr_par' dir='ltr' id='par_1_81' title="bbox 1884 3060 3466 3132">
     <span class='ocr_line' id='line_1_81' title="bbox 1884 3060 3466 3132; baseline 0.004 -20"><span class='ocrx_word' id='word_1_563' title='bbox 1884 3060 2110 3130; x_wconf 87' lang='lat' dir='ltr'><strong>denique</strong></span> <span class='ocrx_word' id='word_1_564' title='bbox 2153 3061 2379 3130; x_wconf 87' lang='lat' dir='ltr'><strong>septimo</strong></span> <span class='ocrx_word' id='word_1_565' title='bbox 2423 3061 2544 3116; x_wconf 90' lang='lat' dir='ltr'><strong>Idus</strong></span> <span class='ocrx_word' id='word_1_566' title='bbox 2596 3062 2894 3117; x_wconf 82' lang='lat' dir='ltr'><strong>decembris</strong></span> <span class='ocrx_word' id='word_1_567' title='bbox 2943 3063 3222 3131; x_wconf 81' lang='lat' dir='ltr'><strong>episcopus</strong></span> <span class='ocrx_word' id='word_1_568' title='bbox 3279 3063 3466 3132; x_wconf 87' lang='lat' dir='ltr'><strong>jussus</strong></span> 
     </span>
    </p>
   </div>
   <div class='ocr_carea' id='block_1_82' title="bbox 1884 3152 3445 3219">
    <p class='ocr_par' dir='ltr' id='par_1_82' title="bbox 1884 3152 3445 3219">
     <span class='ocr_line' id='line_1_82' title="bbox 1884 3152 3445 3219; baseline 0.003 -14"><span class='ocrx_word' id='word_1_569' title='bbox 1884 3161 2000 3216; x_wconf 72' lang='lat' dir='ltr'><strong>est;</strong></span> <span class='ocrx_word' id='word_1_570' title='bbox 2036 3152 2176 3206; x_wconf 90' lang='lat' dir='ltr'><strong>unde</strong></span> <span class='ocrx_word' id='word_1_571' title='bbox 2204 3154 2247 3206; x_wconf 90' lang='lat' dir='ltr'><strong>si</strong></span> <span class='ocrx_word' id='word_1_572' title='bbox 2287 3153 2542 3207; x_wconf 86' lang='lat' dir='ltr'><strong>rationem</strong></span> <span class='ocrx_word' id='word_1_573' title='bbox 2589 3153 2734 3207; x_wconf 89' lang='lat' dir='ltr'><strong>ineas</strong></span> <span class='ocrx_word' id='word_1_574' title='bbox 2765 3169 2868 3206; x_wconf 93' lang='lat' dir='ltr'><strong>non</strong></span> <span class='ocrx_word' id='word_1_575' title='bbox 2904 3162 3106 3208; x_wconf 89' lang='lat' dir='ltr'><strong>tantum</strong></span> <span class='ocrx_word' id='word_1_576' title='bbox 3145 3164 3267 3207; x_wconf 88' lang='lat' dir='ltr'><strong>octo</strong></span> <span class='ocrx_word' id='word_1_577' title='bbox 3290 3194 3306 3219; x_wconf 97' lang='lat'><strong>,</strong></span> <span class='ocrx_word' id='word_1_578' title='bbox 3352 3156 3445 3208; x_wconf 89' lang='lat' dir='ltr'><strong>sed</strong></span> 
     </span>
    </p>
   </div>
   <div class='ocr_carea' id='block_1_83' title="bbox 1885 3245 3460 3310">
    <p class='ocr_par' dir='ltr' id='par_1_83' title="bbox 1885 3245 3460 3310">
     <span class='ocr_line' id='line_1_83' title="bbox 1885 3245 3460 3310; baseline 0.003 -12"><span class='ocrx_word' id='word_1_579' title='bbox 1885 3245 2068 3299; x_wconf 83' lang='lat' dir='ltr'><strong>decem</strong></span> <span class='ocrx_word' id='word_1_580' title='bbox 2100 3245 2264 3300; x_wconf 81' lang='lat' dir='ltr'><strong>ferme</strong></span> <span class='ocrx_word' id='word_1_581' title='bbox 2293 3261 2504 3300; x_wconf 89' lang='lat' dir='ltr'><strong>menses</strong></span> <span class='ocrx_word' id='word_1_582' title='bbox 2531 3247 2599 3299; x_wconf 89' lang='lat' dir='ltr'><strong>ab</strong></span> <span class='ocrx_word' id='word_1_583' title='bbox 2621 3246 2868 3300; x_wconf 76' lang='lat' dir='ltr'><strong>Auxentii</strong></span> <span class='ocrx_word' id='word_1_584' title='bbox 2895 3245 3064 3310; x_wconf 79' lang='lat' dir='ltr'><strong>exitu,</strong></span> <span class='ocrx_word' id='word_1_585' title='bbox 3095 3245 3162 3300; x_wconf 90' lang='lat' dir='ltr'><strong>ad</strong></span> <span class='ocrx_word' id='word_1_586' title='bbox 3191 3246 3460 3302; x_wconf 86' lang='lat' dir='ltr'><strong>Ambrosii</strong></span> 
     </span>
    </p>
   </div>
   <div class='ocr_carea' id='block_1_84' title="bbox 1885 3337 3464 3408">
    <p class='ocr_par' dir='ltr' id='par_1_84' title="bbox 1885 3337 3464 3408">
     <span class='ocr_line' id='line_1_84' title="bbox 1885 3337 3464 3408; baseline 0.003 -18"><span class='ocrx_word' id='word_1_587' title='bbox 1885 3338 2204 3392; x_wconf 86' lang='lat' dir='ltr'><strong>electionem</strong></span> <span class='ocrx_word' id='word_1_588' title='bbox 2239 3337 2680 3401; x_wconf 87' lang='lat' dir='ltr'><strong>intercesserint,</strong></span> <span class='ocrx_word' id='word_1_589' title='bbox 2713 3337 2851 3407; x_wconf 86' lang='lat' dir='ltr'><strong>quod</strong></span> <span class='ocrx_word' id='word_1_590' title='bbox 2885 3352 3058 3408; x_wconf 88' lang='lat' dir='ltr'><strong>neque</strong></span> <span class='ocrx_word' id='word_1_591' title='bbox 3081 3353 3262 3393; x_wconf 87' lang='lat' dir='ltr'><strong>rerum</strong></span> <span class='ocrx_word' id='word_1_592' title='bbox 3290 3338 3464 3394; x_wconf 85' lang='lat' dir='ltr'><strong>series</strong></span> 
     </span>
    </p>
   </div>
   <div class='ocr_carea' id='block_1_85' title="bbox 1887 3429 3416 3498">
    <p class='ocr_par' dir='ltr' id='par_1_85' title="bbox 1887 3429 3416 3498">
     <span class='ocr_line' id='line_1_85' title="bbox 1887 3429 3416 3498; baseline 0 -16"><span class='ocrx_word' id='word_1_593' title='bbox 1887 3443 1984 3483; x_wconf 88' lang='lat' dir='ltr'><strong>nec</strong></span> <span class='ocrx_word' id='word_1_594' title='bbox 2008 3445 2072 3482; x_wconf 84' lang='lat' dir='ltr'><strong>ex</strong></span> <span class='ocrx_word' id='word_1_595' title='bbox 2097 3429 2369 3483; x_wconf 82' lang='lat' dir='ltr'><strong>veteribus</strong></span> <span class='ocrx_word' id='word_1_596' title='bbox 2402 3429 2592 3483; x_wconf 82' lang='lat' dir='ltr'><strong>indicia</strong></span> <span class='ocrx_word' id='word_1_597' title='bbox 2627 3431 2936 3498; x_wconf 88' lang='lat' dir='ltr'><strong>permittere</strong></span> <span class='ocrx_word' id='word_1_598' title='bbox 2967 3429 3214 3484; x_wconf 87' lang='lat' dir='ltr'><strong>videntur</strong></span> <span class='ocrx_word' id='word_1_599' title='bbox 3240 3431 3416 3485; x_wconf 92' lang='lat' dir='ltr'><strong>nobis.</strong></span> 
     </span>
    </p>
   </div>
   <div class='ocr_carea' id='block_1_86' title="bbox 1957 3518 3464 3590">
    <p class='ocr_par' dir='ltr' id='par_1_86' title="bbox 1957 3518 3464 3590">
     <span class='ocr_line' id='line_1_86' title="bbox 1957 3518 3464 3590; baseline 0.001 -16"><span class='ocrx_word' id='word_1_600' title='bbox 1957 3518 2022 3574; x_wconf 78' lang='grc'><strong>11.</strong></span> <span class='ocrx_word' id='word_1_601' title='bbox 2053 3519 2262 3590; x_wconf 81' lang='lat' dir='ltr'><strong>Scripta</strong></span> <span class='ocrx_word' id='word_1_602' title='bbox 2289 3523 2411 3574; x_wconf 87' lang='lat' dir='ltr'><strong>circ.</strong></span> <span class='ocrx_word' id='word_1_603' title='bbox 2445 3538 2530 3574; x_wconf 86' lang='lat' dir='ltr'><strong>an.</strong></span> <span class='ocrx_word' id='word_1_604' title='bbox 2557 3523 2680 3576; x_wconf 72' lang='grc'>574.</span> <span class='ocrx_word' id='word_1_605' title='bbox 2703 3552 2773 3561; x_wconf 91' lang='grc'><strong>-</strong></span> <span class='ocrx_word' id='word_1_606' title='bbox 2799 3521 2879 3576; x_wconf 83' lang='lat' dir='ltr'><strong>Ad</strong></span> <span class='ocrx_word' id='word_1_607' title='bbox 2908 3537 3105 3576; x_wconf 80' lang='lat' dir='ltr'><strong>annum</strong></span> <span class='ocrx_word' id='word_1_608' title='bbox 3132 3524 3258 3578; x_wconf 73' lang='grc'>574.</span> <span class='ocrx_word' id='word_1_609' title='bbox 3283 3523 3464 3578; x_wconf 86' lang='lat' dir='ltr'><strong>referi-</strong></span> 
     </span>
    </p>
   </div>
   <div class='ocr_carea' id='block_1_87' title="bbox 1886 3604 3461 3676">
    <p class='ocr_par' dir='ltr' id='par_1_87' title="bbox 1886 3604 3461 3676">
     <span class='ocr_line' id='line_1_87' title="bbox 1886 3604 3461 3676; baseline 0.003 -19"><span class='ocrx_word' id='word_1_610' title='bbox 1886 3619 2004 3657; x_wconf 89' lang='lat' dir='ltr'><strong>mus</strong></span> <span class='ocrx_word' id='word_1_611' title='bbox 2047 3619 2164 3672; x_wconf 77' lang='lat' dir='ltr'><strong>qnzn</strong></span> <span class='ocrx_word' id='word_1_612' title='bbox 2193 3604 2534 3673; x_wconf 85' lang='lat' dir='ltr'><strong>subsequitur</strong></span> <span class='ocrx_word' id='word_1_613' title='bbox 2557 3605 2622 3658; x_wconf 89' lang='lat' dir='ltr'><strong>ad</strong></span> <span class='ocrx_word' id='word_1_614' title='bbox 2667 3605 3029 3660; x_wconf 90' lang='lat' dir='ltr'><strong>Theodosium</strong></span> <span class='ocrx_word' id='word_1_615' title='bbox 3076 3607 3272 3676; x_wconf 88' lang='lat' dir='ltr'><strong>epist.,</strong></span> <span class='ocrx_word' id='word_1_616' title='bbox 3316 3607 3461 3676; x_wconf 89' lang='lat' dir='ltr'><strong>quod</strong></span> 
     </span>
    </p>
   </div>
   <div class='ocr_carea' id='block_1_88' title="bbox 1885 3693 3459 3764">
    <p class='ocr_par' dir='ltr' id='par_1_88' title="bbox 1885 3693 3459 3764">
     <span class='ocr_line' id='line_1_88' title="bbox 1885 3693 3459 3764; baseline 0.003 -18"><span class='ocrx_word' id='word_1_617' title='bbox 1885 3708 2079 3762; x_wconf 85' lang='lat' dir='ltr'><strong>nempe</strong></span> <span class='ocrx_word' id='word_1_618' title='bbox 2101 3693 2393 3747; x_wconf 56' lang='lat' dir='ltr'><strong>Antiochia».</strong></span> <span class='ocrx_word' id='word_1_619' title='bbox 2418 3695 2614 3764; x_wconf 89' lang='lat' dir='ltr'><strong>scripta</strong></span> <span class='ocrx_word' id='word_1_620' title='bbox 2633 3695 2721 3758; x_wconf 90' lang='lat' dir='ltr'><strong>sit,</strong></span> <span class='ocrx_word' id='word_1_621' title='bbox 2744 3704 2935 3750; x_wconf 91' lang='lat' dir='ltr'><strong>etcum</strong></span> <span class='ocrx_word' id='word_1_622' title='bbox 2960 3709 3064 3750; x_wconf 89' lang='lat' dir='ltr'><strong>non</strong></span> <span class='ocrx_word' id='word_1_623' title='bbox 3086 3696 3248 3750; x_wconf 91' lang='lat' dir='ltr'><strong>modo</strong></span> <span class='ocrx_word' id='word_1_624' title='bbox 3268 3695 3459 3751; x_wconf 85' lang='lat' dir='ltr'><strong>solitu-</strong></span> 
     </span>
    </p>
   </div>
   <div class='ocr_carea' id='block_1_89' title="bbox 1884 3780 3465 3852">
    <p class='ocr_par' dir='ltr' id='par_1_89' title="bbox 1884 3780 3465 3852">
     <span class='ocr_line' id='line_1_89' title="bbox 1884 3780 3465 3852; baseline 0.004 -18"><span class='ocrx_word' id='word_1_625' title='bbox 1884 3780 2027 3834; x_wconf 88' lang='lat' dir='ltr'><strong>dinis</strong></span> <span class='ocrx_word' id='word_1_626' title='bbox 2049 3781 2367 3850; x_wconf 68' lang='lat' dir='ltr'><strong>arripienda:</strong></span> <span class='ocrx_word' id='word_1_627' title='bbox 2396 3784 2723 3851; x_wconf 82' lang='lat' dir='ltr'><strong>propositum</strong></span> <span class='ocrx_word' id='word_1_628' title='bbox 2764 3800 2869 3837; x_wconf 90' lang='lat' dir='ltr'><strong>non</strong></span> <span class='ocrx_word' id='word_1_629' title='bbox 2899 3784 3297 3852; x_wconf 84' lang='lat' dir='ltr'><strong>adimplevisset</strong></span> <span class='ocrx_word' id='word_1_630' title='bbox 3338 3783 3465 3840; x_wconf 78' lang='lat' dir='ltr'><strong>Hie-</strong></span> 
     </span>
    </p>
   </div>
   <div class='ocr_carea' id='block_1_90' title="bbox 1886 3869 3099 3937">
    <p class='ocr_par' dir='ltr' id='par_1_90' title="bbox 1886 3869 3099 3937">
     <span class='ocr_line' id='line_1_90' title="bbox 1886 3869 3099 3937; baseline 0.002 -14"><span class='ocrx_word' id='word_1_631' title='bbox 1886 3884 2140 3937; x_wconf 82' lang='lat' dir='ltr'><strong>ronymus</strong></span> <span class='ocrx_word' id='word_1_632' title='bbox 2161 3908 2178 3933; x_wconf 92' lang='lat'><strong>,</strong></span> <span class='ocrx_word' id='word_1_633' title='bbox 2203 3869 2298 3924; x_wconf 89' lang='lat' dir='ltr'><strong>sed</strong></span> <span class='ocrx_word' id='word_1_634' title='bbox 2327 3870 2503 3924; x_wconf 90' lang='lat' dir='ltr'><strong>adhuc</strong></span> <span class='ocrx_word' id='word_1_635' title='bbox 2530 3871 2583 3924; x_wconf 92' lang='lat' dir='ltr'><strong>in</strong></span> <span class='ocrx_word' id='word_1_636' title='bbox 2616 3873 2822 3926; x_wconf 90' lang='lat' dir='ltr'><strong>incerto</strong></span> <span class='ocrx_word' id='word_1_637' title='bbox 2852 3873 3099 3927; x_wconf 77' lang='lat' dir='ltr'><strong>haereret.</strong></span> 
     </span>
    </p>
   </div>
   <div class='ocr_carea' id='block_1_91' title="bbox 1934 3957 3464 4026">
    <p class='ocr_par' dir='ltr' id='par_1_91' title="bbox 1934 3957 3464 4026">
     <span class='ocr_line' id='line_1_91' title="bbox 1934 3957 3464 4026; baseline 0.006 -18"><span class='ocrx_word' id='word_1_638' title='bbox 1934 3957 2020 4011; x_wconf 93' lang='lat' dir='ltr'><strong>III.</strong></span> <span class='ocrx_word' id='word_1_639' title='bbox 2035 3957 2244 4026; x_wconf 86' lang='lat' dir='ltr'><strong>Scripta</strong></span> <span class='ocrx_word' id='word_1_640' title='bbox 2261 3967 2432 4011; x_wconf 72' lang='lat' dir='ltr'><strong>testate</strong></span> <span class='ocrx_word' id='word_1_641' title='bbox 2455 3976 2542 4012; x_wconf 83' lang='lat' dir='ltr'><strong>an.</strong></span> <span class='ocrx_word' id='word_1_642' title='bbox 2563 3962 2894 4025; x_wconf 57' lang='lat' dir='ltr'><strong>{HL—Qua:</strong></span> <span class='ocrx_word' id='word_1_643' title='bbox 2916 3961 3002 4014; x_wconf 91' lang='lat' dir='ltr'><strong>hic</strong></span> <span class='ocrx_word' id='word_1_644' title='bbox 3019 3961 3070 4014; x_wconf 92' lang='lat' dir='ltr'><strong>in</strong></span> <span class='ocrx_word' id='word_1_645' title='bbox 3094 3961 3280 4016; x_wconf 84' lang='lat' dir='ltr'><strong>ordine</strong></span> <span class='ocrx_word' id='word_1_646' title='bbox 3299 3963 3464 4017; x_wconf 71' lang='lat' dir='ltr'><strong>tertia</strong></span> 
     </span>
    </p>
   </div>
   <div class='ocr_carea' id='block_1_92' title="bbox 1887 4046 3454 4106">
    <p class='ocr_par' dir='ltr' id='par_1_92' title="bbox 1887 4046 3454 4106">
     <span class='ocr_line' id='line_1_92' title="bbox 1887 4046 3454 4106; baseline 0.001 -4"><span class='ocrx_word' id='word_1_647' title='bbox 1887 4046 2053 4102; x_wconf 87' lang='lat' dir='ltr'><strong>estad</strong></span> <span class='ocrx_word' id='word_1_648' title='bbox 2081 4047 2352 4102; x_wconf 73' lang='lat' dir='ltr'><strong>Bullinum</strong></span> <span class='ocrx_word' id='word_1_649' title='bbox 2379 4064 2485 4102; x_wconf 89' lang='lat' dir='ltr'><strong>non</strong></span> <span class='ocrx_word' id='word_1_650' title='bbox 2517 4058 2642 4104; x_wconf 91' lang='lat' dir='ltr'><strong>ante</strong></span> <span class='ocrx_word' id='word_1_651' title='bbox 2670 4049 2810 4104; x_wconf 90' lang='lat' dir='ltr'><strong>hunc</strong></span> <span class='ocrx_word' id='word_1_652' title='bbox 2832 4049 3083 4105; x_wconf 89' lang='lat' dir='ltr'><strong>eumdem</strong></span> <span class='ocrx_word' id='word_1_653' title='bbox 3111 4065 3308 4104; x_wconf 92' lang='lat' dir='ltr'><strong>annum</strong></span> <span class='ocrx_word' id='word_1_654' title='bbox 3327 4051 3454 4106; x_wconf 64' lang='lat'><strong>374.</strong></span> 
     </span>
    </p>
   </div>
   <div class='ocr_carea' id='block_1_93' title="bbox 1888 4139 3459 4214">
    <p class='ocr_par' dir='ltr' id='par_1_93' title="bbox 1888 4139 3459 4214">
     <span class='ocr_line' id='line_1_93' title="bbox 1888 4139 3459 4214; baseline 0.006 -23"><span class='ocrx_word' id='word_1_655' title='bbox 1888 4140 2054 4208; x_wconf 91' lang='lat' dir='ltr'><strong>potuit</strong></span> <span class='ocrx_word' id='word_1_656' title='bbox 2079 4139 2340 4210; x_wconf 86' lang='lat' dir='ltr'><strong>prodiisse</strong></span> <span class='ocrx_word' id='word_1_657' title='bbox 2362 4182 2378 4204; x_wconf 90' lang='lat'><strong>,</strong></span> <span class='ocrx_word' id='word_1_658' title='bbox 2399 4141 2829 4210; x_wconf 86' lang='lat' dir='ltr'><strong>quandoquidem</strong></span> <span class='ocrx_word' id='word_1_659' title='bbox 2862 4143 3230 4198; x_wconf 82' lang='lat' dir='ltr'><strong>Innocentium</strong></span> <span class='ocrx_word' id='word_1_660' title='bbox 3258 4185 3273 4209; x_wconf 95' lang='lat'><strong>,</strong></span> <span class='ocrx_word' id='word_1_661' title='bbox 3301 4159 3459 4214; x_wconf 78' lang='lat' dir='ltr'><strong>quem</strong></span> 
     </span>
    </p>
   </div>
   <div class='ocr_carea' id='block_1_94' title="bbox 1888 4232 3462 4305">
    <p class='ocr_par' dir='ltr' id='par_1_94' title="bbox 1888 4232 3462 4305">
     <span class='ocr_line' id='line_1_94' title="bbox 1888 4232 3462 4305; baseline 0.004 -20"><span class='ocrx_word' id='word_1_662' title='bbox 1888 4233 1938 4285; x_wconf 92' lang='lat' dir='ltr'><strong>in</strong></span> <span class='ocrx_word' id='word_1_663' title='bbox 1967 4232 2136 4301; x_wconf 81' lang='lat' dir='ltr'><strong>prima</strong></span> <span class='ocrx_word' id='word_1_664' title='bbox 2164 4233 2385 4300; x_wconf 88' lang='lat' dir='ltr'><strong>epistola</strong></span> <span class='ocrx_word' id='word_1_665' title='bbox 2413 4233 2589 4288; x_wconf 91' lang='lat' dir='ltr'><strong>vivum</strong></span> <span class='ocrx_word' id='word_1_666' title='bbox 2611 4235 2920 4304; x_wconf 88' lang='lat' dir='ltr'><strong>compellari</strong></span> <span class='ocrx_word' id='word_1_667' title='bbox 2946 4235 3317 4305; x_wconf 86' lang='lat' dir='ltr'><strong>intelligimus.</strong></span> <span class='ocrx_word' id='word_1_668' title='bbox 3342 4236 3462 4292; x_wconf 86' lang='lat' dir='ltr'><strong>heic</strong></span> 
     </span>
    </p>
   </div>
   <div class='ocr_carea' id='block_1_95' title="bbox 1889 4324 3462 4393">
    <p class='ocr_par' dir='ltr' id='par_1_95' title="bbox 1889 4324 3462 4393">
     <span class='ocr_line' id='line_1_95' title="bbox 1889 4324 3462 4393; baseline 0.001 -14"><span class='ocrx_word' id='word_1_669' title='bbox 1889 4340 2036 4379; x_wconf 91' lang='lat' dir='ltr'><strong>num.</strong></span> <span class='ocrx_word' id='word_1_670' title='bbox 2062 4325 2117 4378; x_wconf 89' lang='grc'><strong>5.</strong></span> <span class='ocrx_word' id='word_1_671' title='bbox 2147 4325 2426 4393; x_wconf 88' lang='lat' dir='ltr'><strong>repentino</strong></span> <span class='ocrx_word' id='word_1_672' title='bbox 2453 4324 2896 4381; x_wconf 83' lang='lat' dir='ltr'><strong>febriumardore</strong></span> <span class='ocrx_word' id='word_1_673' title='bbox 2919 4327 3246 4382; x_wconf 85' lang='lat' dir='ltr'><strong>abstractum</strong></span> <span class='ocrx_word' id='word_1_674' title='bbox 3268 4342 3300 4382; x_wconf 90' lang='lat' dir='ltr'><strong>e</strong></span> <span class='ocrx_word' id='word_1_675' title='bbox 3327 4327 3462 4381; x_wconf 85' lang='lat' dir='ltr'><strong>vivis</strong></span> 
     </span>
    </p>
   </div>
   <div class='ocr_carea' id='block_1_96' title="bbox 1885 4415 3462 4484">
    <p class='ocr_par' dir='ltr' id='par_1_96' title="bbox 1885 4415 3462 4484">
     <span class='ocr_line' id='line_1_96' title="bbox 1885 4415 3462 4484; baseline 0.001 -15"><span class='ocrx_word' id='word_1_676' title='bbox 1885 4415 2063 4470; x_wconf 80' lang='lat' dir='ltr'><strong>deﬂet.</strong></span> <span class='ocrx_word' id='word_1_677' title='bbox 2096 4415 2152 4469; x_wconf 90' lang='lat' dir='ltr'><strong>Id</strong></span> <span class='ocrx_word' id='word_1_678' title='bbox 2184 4430 2396 4484; x_wconf 88' lang='lat' dir='ltr'><strong>quoque</strong></span> <span class='ocrx_word' id='word_1_679' title='bbox 2423 4417 2753 4470; x_wconf 84' lang='lat' dir='ltr'><strong>manifestius</strong></span> <span class='ocrx_word' id='word_1_680' title='bbox 2772 4417 2976 4470; x_wconf 89' lang='lat' dir='ltr'><strong>evincit</strong></span> <span class='ocrx_word' id='word_1_681' title='bbox 2997 4431 3145 4470; x_wconf 92' lang='lat' dir='ltr'><strong>num.</strong></span> <span class='ocrx_word' id='word_1_682' title='bbox 3168 4417 3225 4470; x_wconf 76' lang='lat'><strong>2.</strong></span> <span class='ocrx_word' id='word_1_683' title='bbox 3257 4417 3462 4471; x_wconf 87' lang='lat' dir='ltr'><strong>mentio</strong></span> 
     </span>
    </p>
   </div>
   <div class='ocr_carea' id='block_1_97' title="bbox 1887 4505 3462 4576">
    <p class='ocr_par' dir='ltr' id='par_1_97' title="bbox 1887 4505 3462 4576">
     <span class='ocr_line' id='line_1_97' title="bbox 1887 4505 3462 4576; baseline 0.001 -18"><span class='ocrx_word' id='word_1_684' title='bbox 1887 4505 2228 4560; x_wconf 74' lang='lat' dir='ltr'><strong>Alexandrini</strong></span> <span class='ocrx_word' id='word_1_685' title='bbox 2258 4506 2500 4560; x_wconf 82' lang='lat' dir='ltr'><strong>Monachi</strong></span> <span class='ocrx_word' id='word_1_686' title='bbox 2529 4506 2618 4576; x_wconf 85' lang='lat' dir='ltr'><strong>qui</strong></span> <span class='ocrx_word' id='word_1_687' title='bbox 2659 4506 2725 4560; x_wconf 91' lang='lat' dir='ltr'><strong>ad</strong></span> <span class='ocrx_word' id='word_1_688' title='bbox 2764 4505 3046 4576; x_wconf 62' lang='lat' dir='ltr'><strong>Egyptios</strong></span> <span class='ocrx_word' id='word_1_689' title='bbox 3071 4509 3384 4576; x_wconf 78' lang='lat' dir='ltr'><strong>confessores</strong></span> <span class='ocrx_word' id='word_1_690' title='bbox 3413 4516 3462 4560; x_wconf 85' lang='lat' dir='ltr'><strong>et</strong></span> 
     </span>
    </p>
   </div>
   <div class='ocr_carea' id='block_1_98' title="bbox 1885 4596 3461 4669">
    <p class='ocr_par' dir='ltr' id='par_1_98' title="bbox 1885 4596 3461 4669">
     <span class='ocr_line' id='line_1_98' title="bbox 1885 4596 3461 4669; baseline 0.001 -18"><span class='ocrx_word' id='word_1_691' title='bbox 1885 4599 2139 4652; x_wconf 77' lang='lat' dir='ltr'><strong>voluntate</strong></span> <span class='ocrx_word' id='word_1_692' title='bbox 2177 4598 2291 4666; x_wconf 87' lang='lat' dir='ltr'><strong>jam</strong></span> <span class='ocrx_word' id='word_1_693' title='bbox 2321 4607 2566 4667; x_wconf 80' lang='lat' dir='ltr'><strong>martyres</strong></span> <span class='ocrx_word' id='word_1_694' title='bbox 2592 4598 2674 4667; x_wconf 83' lang='lat' dir='ltr'><strong>pio</strong></span> <span class='ocrx_word' id='word_1_695' title='bbox 2711 4596 2870 4667; x_wconf 79' lang='lat' dir='ltr'><strong>plebis</strong></span> <span class='ocrx_word' id='word_1_696' title='bbox 2890 4596 3124 4666; x_wconf 80' lang='lat' dir='ltr'><strong>obsequio</strong></span> <span class='ocrx_word' id='word_1_697' title='bbox 3151 4597 3461 4669; x_wconf 78' lang='lat' dir='ltr'><strong>jamdudum</strong></span> 
     </span>
    </p>
   </div>
   <div class='ocr_carea' id='block_1_99' title="bbox 1886 4686 3460 4760">
    <p class='ocr_par' dir='ltr' id='par_1_99' title="bbox 1886 4686 3460 4760">
     <span class='ocr_line' id='line_1_99' title="bbox 1886 4686 3460 4760; baseline 0.003 -20"><span class='ocrx_word' id='word_1_698' title='bbox 1886 4689 2210 4742; x_wconf 78' lang='lat' dir='ltr'><strong>transmissus</strong></span> <span class='ocrx_word' id='word_1_699' title='bbox 2259 4687 2492 4751; x_wconf 89' lang='lat' dir='ltr'><strong>dicitur;</strong></span> <span class='ocrx_word' id='word_1_700' title='bbox 2539 4702 2711 4755; x_wconf 88' lang='lat' dir='ltr'><strong>neque</strong></span> <span class='ocrx_word' id='word_1_701' title='bbox 2749 4687 2891 4742; x_wconf 92' lang='lat' dir='ltr'><strong>enim</strong></span> <span class='ocrx_word' id='word_1_702' title='bbox 2922 4687 3012 4742; x_wconf 82' lang='lat' dir='ltr'><strong>alii</strong></span> <span class='ocrx_word' id='word_1_703' title='bbox 3058 4686 3300 4760; x_wconf 63' lang='lat' dir='ltr'><strong>Egyptii</strong></span> <span class='ocrx_word' id='word_1_704' title='bbox 3329 4704 3460 4746; x_wconf 74' lang='lat' dir='ltr'><strong>con-</strong></span> 
     </span>
    </p>
   </div>
   <div class='ocr_carea' id='block_1_100' title="bbox 1888 4777 3457 4848">
    <p class='ocr_par' dir='ltr' id='par_1_100' title="bbox 1888 4777 3457 4848">
     <span class='ocr_line' id='line_1_100' title="bbox 1888 4777 3457 4848; baseline 0.002 -16"><span class='ocrx_word' id='word_1_705' title='bbox 1888 4781 2115 4834; x_wconf 86' lang='lat' dir='ltr'><strong>fessores</strong></span> <span class='ocrx_word' id='word_1_706' title='bbox 2134 4777 2354 4846; x_wconf 84' lang='lat' dir='ltr'><strong>intelligi</strong></span> <span class='ocrx_word' id='word_1_707' title='bbox 2386 4777 2604 4830; x_wconf 91' lang='lat' dir='ltr'><strong>omnino</strong></span> <span class='ocrx_word' id='word_1_708' title='bbox 2633 4787 2881 4846; x_wconf 88' lang='lat' dir='ltr'><strong>possunt,</strong></span> <span class='ocrx_word' id='word_1_709' title='bbox 2909 4792 3067 4846; x_wconf 88' lang='lat' dir='ltr'><strong>quam</strong></span> <span class='ocrx_word' id='word_1_710' title='bbox 3099 4779 3160 4843; x_wconf 89' lang='lat' dir='ltr'><strong>ii,</strong></span> <span class='ocrx_word' id='word_1_711' title='bbox 3191 4792 3328 4848; x_wconf 84' lang='lat' dir='ltr'><strong>quos</strong></span> <span class='ocrx_word' id='word_1_712' title='bbox 3353 4779 3457 4836; x_wconf 83' lang='lat' dir='ltr'><strong>hoc</strong></span> 
     </span>
    </p>
   </div>
   <div class='ocr_carea' id='block_1_101' title="bbox 1886 4866 3459 4940">
    <p class='ocr_par' dir='ltr' id='par_1_101' title="bbox 1886 4866 3459 4940">
     <span class='ocr_line' id='line_1_101' title="bbox 1886 4866 3459 4940; baseline 0.003 -18"><span class='ocrx_word' id='word_1_713' title='bbox 1886 4869 2005 4938; x_wconf 79' lang='lat' dir='ltr'><strong>ipso</strong></span> <span class='ocrx_word' id='word_1_714' title='bbox 2019 4882 2159 4920; x_wconf 91' lang='lat' dir='ltr'><strong>anno</strong></span> <span class='ocrx_word' id='word_1_715' title='bbox 2174 4868 2447 4922; x_wconf 69' lang='lat' dir='ltr'><strong>374.certe</strong></span> <span class='ocrx_word' id='word_1_716' title='bbox 2469 4877 2585 4936; x_wconf 88' lang='lat' dir='ltr'><strong>post</strong></span> <span class='ocrx_word' id='word_1_717' title='bbox 2603 4866 2776 4936; x_wconf 87' lang='lat' dir='ltr'><strong>magni</strong></span> <span class='ocrx_word' id='word_1_718' title='bbox 2791 4867 3066 4922; x_wconf 81' lang='lat' dir='ltr'><strong>Athanasii</strong></span> <span class='ocrx_word' id='word_1_719' title='bbox 3085 4877 3459 4940; x_wconf 69' lang='lat' dir='ltr'><strong>mortem,qu:e</strong></span> 
     </span>
    </p>
   </div>
   <div class='ocr_carea' id='block_1_102' title="bbox 1885 4959 3446 5029">
    <p class='ocr_par' dir='ltr' id='par_1_102' title="bbox 1885 4959 3446 5029">
     <span class='ocr_line' id='line_1_102' title="bbox 1885 4959 3446 5029; baseline 0.002 -15"><span class='ocrx_word' id='word_1_720' title='bbox 1885 4960 2062 5014; x_wconf 88' lang='lat' dir='ltr'><strong>medio</strong></span> <span class='ocrx_word' id='word_1_721' title='bbox 2088 4959 2211 5012; x_wconf 82' lang='grc'>575.</span> <span class='ocrx_word' id='word_1_722' title='bbox 2247 4959 2465 5027; x_wconf 86' lang='lat' dir='ltr'><strong>contigit</strong></span> <span class='ocrx_word' id='word_1_723' title='bbox 2483 5000 2498 5024; x_wconf 96' lang='lat'><strong>,</strong></span> <span class='ocrx_word' id='word_1_724' title='bbox 2527 4967 2743 5029; x_wconf 85' lang='lat' dir='ltr'><strong>propter</strong></span> <span class='ocrx_word' id='word_1_725' title='bbox 2770 4959 2968 5014; x_wconf 83' lang='lat' dir='ltr'><strong>Christi</strong></span> <span class='ocrx_word' id='word_1_726' title='bbox 2996 4959 3285 5015; x_wconf 86' lang='lat' dir='ltr'><strong>divinitatis</strong></span> <span class='ocrx_word' id='word_1_727' title='bbox 3311 4976 3446 5017; x_wconf 88' lang='lat' dir='ltr'><strong>con-</strong></span> 
     </span>
    </p>
   </div>
   <div class='ocr_carea' id='block_1_103' title="bbox 1885 5048 3456 5122">
    <p class='ocr_par' dir='ltr' id='par_1_103' title="bbox 1885 5048 3456 5122">
     <span class='ocr_line' id='line_1_103' title="bbox 1885 5048 3456 5122; baseline 0.003 -18"><span class='ocrx_word' id='word_1_728' title='bbox 1885 5048 2168 5104; x_wconf 89' lang='lat' dir='ltr'><strong>fessionem</strong></span> <span class='ocrx_word' id='word_1_729' title='bbox 2195 5048 2388 5104; x_wconf 87' lang='lat' dir='ltr'><strong>Valens</strong></span> <span class='ocrx_word' id='word_1_730' title='bbox 2416 5049 2704 5120; x_wconf 87' lang='lat' dir='ltr'><strong>imperator</strong></span> <span class='ocrx_word' id='word_1_731' title='bbox 2726 5059 2907 5120; x_wconf 84' lang='lat' dir='ltr'><strong>egerat</strong></span> <span class='ocrx_word' id='word_1_732' title='bbox 2930 5049 2983 5104; x_wconf 91' lang='lat' dir='ltr'><strong>in</strong></span> <span class='ocrx_word' id='word_1_733' title='bbox 3004 5050 3220 5106; x_wconf 77' lang='lat' dir='ltr'><strong>exilium</strong></span> <span class='ocrx_word' id='word_1_734' title='bbox 3252 5068 3266 5105; x_wconf 91' lang='lat'><strong>:</strong></span> <span class='ocrx_word' id='word_1_735' title='bbox 3289 5067 3456 5122; x_wconf 88' lang='lat' dir='ltr'><strong>quare</strong></span> 
     </span>
    </p>
   </div>
   <div class='ocr_carea' id='block_1_104' title="bbox 1886 5140 3454 5213">
    <p class='ocr_par' dir='ltr' id='par_1_104' title="bbox 1886 5140 3454 5213">
     <span class='ocr_line' id='line_1_104' title="bbox 1886 5140 3454 5213; baseline 0.003 -20"><span class='ocrx_word' id='word_1_736' title='bbox 1886 5155 1984 5195; x_wconf 91' lang='lat' dir='ltr'><strong>nec</strong></span> <span class='ocrx_word' id='word_1_737' title='bbox 2005 5140 2175 5194; x_wconf 86' lang='lat' dir='ltr'><strong>serius</strong></span> <span class='ocrx_word' id='word_1_738' title='bbox 2199 5140 2423 5209; x_wconf 89' lang='lat' dir='ltr'><strong>epistola</strong></span> <span class='ocrx_word' id='word_1_739' title='bbox 2455 5141 2672 5209; x_wconf 91' lang='lat' dir='ltr'><strong>produci</strong></span> <span class='ocrx_word' id='word_1_740' title='bbox 2701 5141 2816 5194; x_wconf 87' lang='lat' dir='ltr'><strong>ullo</strong></span> <span class='ocrx_word' id='word_1_741' title='bbox 2836 5140 2996 5195; x_wconf 90' lang='lat' dir='ltr'><strong>modo</strong></span> <span class='ocrx_word' id='word_1_742' title='bbox 3023 5149 3220 5213; x_wconf 84' lang='lat' dir='ltr'><strong>potest,</strong></span> <span class='ocrx_word' id='word_1_743' title='bbox 3249 5156 3370 5196; x_wconf 91' lang='lat' dir='ltr'><strong>cum</strong></span> <span class='ocrx_word' id='word_1_744' title='bbox 3394 5157 3454 5198; x_wconf 85' lang='lat' dir='ltr'><strong>se</strong></span> 
     </span>
    </p>
   </div>
   <div class='ocr_carea' id='block_1_105' title="bbox 1885 5230 3459 5296">
    <p class='ocr_par' dir='ltr' id='par_1_105' title="bbox 1885 5230 3459 5296">
     <span class='ocr_line' id='line_1_105' title="bbox 1885 5230 3459 5296; baseline 0.004 -13"><span class='ocrx_word' id='word_1_745' title='bbox 1885 5230 2120 5283; x_wconf 91' lang='lat' dir='ltr'><strong>nondum</strong></span> <span class='ocrx_word' id='word_1_746' title='bbox 2137 5244 2373 5284; x_wconf 89' lang='lat' dir='ltr'><strong>eremmn</strong></span> <span class='ocrx_word' id='word_1_747' title='bbox 2393 5231 2644 5296; x_wconf 86' lang='lat' dir='ltr'><strong>subiisse,</strong></span> <span class='ocrx_word' id='word_1_748' title='bbox 2670 5245 2854 5286; x_wconf 91' lang='lat' dir='ltr'><strong>verum</strong></span> <span class='ocrx_word' id='word_1_749' title='bbox 2876 5231 3174 5286; x_wconf 65' lang='lat' dir='ltr'><strong>Antiochiae</strong></span> <span class='ocrx_word' id='word_1_750' title='bbox 3197 5234 3459 5290; x_wconf 79' lang='lat' dir='ltr'><strong>hactenus</strong></span> 
     </span>
    </p>
   </div>
   <div class='ocr_carea' id='block_1_106' title="bbox 1880 5311 3455 5393">
    <p class='ocr_par' dir='ltr' id='par_1_106' title="bbox 1880 5311 3455 5393">
     <span class='ocr_line' id='line_1_106' title="bbox 1880 5311 3455 5393; baseline 0 -16"><span class='ocrx_word' id='word_1_751' title='bbox 1880 5321 2077 5390; x_wconf 80' lang='lat' dir='ltr'><strong>degere</strong></span> <span class='ocrx_word' id='word_1_752' title='bbox 2105 5331 2270 5387; x_wconf 90' lang='lat' dir='ltr'><strong>notet,</strong></span> <span class='ocrx_word' id='word_1_753' title='bbox 2297 5322 2423 5376; x_wconf 86' lang='lat' dir='ltr'><strong>dum</strong></span> <span class='ocrx_word' id='word_1_754' title='bbox 2455 5323 2714 5378; x_wconf 89' lang='lat' dir='ltr'><strong>scriberet</strong></span> <span class='ocrx_word' id='word_1_755' title='bbox 2733 5364 2752 5390; x_wconf 93' lang='lat'><strong>,</strong></span> <span class='ocrx_word' id='word_1_756' title='bbox 2777 5311 3112 5393; x_wconf 79' lang='lat' dir='ltr'><strong>mediamque</strong></span> <span class='ocrx_word' id='word_1_757' title='bbox 3139 5323 3350 5379; x_wconf 87' lang='lat' dir='ltr'><strong>fervere</strong></span> <span class='ocrx_word' id='word_1_758' title='bbox 3373 5325 3455 5378; x_wconf 80' lang='lat' dir='ltr'><strong>di-</strong></span> 
     </span>
    </p>
   </div>
   <div class='ocr_carea' id='block_1_107' title="bbox 1880 5414 3460 5486">
    <p class='ocr_par' dir='ltr' id='par_1_107' title="bbox 1880 5414 3460 5486">
     <span class='ocr_line' id='line_1_107' title="bbox 1880 5414 3460 5486; baseline 0.001 -17"><span class='ocrx_word' id='word_1_759' title='bbox 1880 5425 1966 5469; x_wconf 90' lang='lat' dir='ltr'><strong>cat</strong></span> <span class='ocrx_word' id='word_1_760' title='bbox 1989 5423 2221 5478; x_wconf 78' lang='lat' dir='ltr'><strong>:ctatem,</strong></span> <span class='ocrx_word' id='word_1_761' title='bbox 2245 5429 2402 5483; x_wconf 86' lang='lat' dir='ltr'><strong>quam</strong></span> <span class='ocrx_word' id='word_1_762' title='bbox 2427 5429 2532 5469; x_wconf 89' lang='lat' dir='ltr'><strong>non</strong></span> <span class='ocrx_word' id='word_1_763' title='bbox 2559 5414 2718 5468; x_wconf 86' lang='lat' dir='ltr'><strong>aliam</strong></span> <span class='ocrx_word' id='word_1_764' title='bbox 2745 5415 2813 5470; x_wconf 87' lang='lat' dir='ltr'><strong>ab</strong></span> <span class='ocrx_word' id='word_1_765' title='bbox 2839 5414 3006 5486; x_wconf 78' lang='lat' dir='ltr'><strong>hujus</strong></span> <span class='ocrx_word' id='word_1_766' title='bbox 3030 5417 3159 5469; x_wconf 90' lang='lat' dir='ltr'><strong>anni</strong></span> <span class='ocrx_word' id='word_1_767' title='bbox 3181 5414 3460 5470; x_wconf 70' lang='lat' dir='ltr'><strong>574.‘licet</strong></span> 
     </span>
    </p>
   </div>
   <div class='ocr_carea' id='block_1_108' title="bbox 1881 5502 3454 5575">
    <p class='ocr_par' dir='ltr' id='par_1_108' title="bbox 1881 5502 3454 5575">
     <span class='ocr_line' id='line_1_108' title="bbox 1881 5502 3454 5575; baseline -0.004 -14"><span class='ocrx_word' id='word_1_768' title='bbox 1881 5505 2205 5574; x_wconf 83' lang='lat' dir='ltr'><strong>intelligere,</strong></span> <span class='ocrx_word' id='word_1_769' title='bbox 2258 5509 2684 5575; x_wconf 60' lang='lat' dir='ltr'><strong>nam-superiori</strong></span> <span class='ocrx_word' id='word_1_770' title='bbox 2730 5505 2968 5561; x_wconf 90' lang='lat' dir='ltr'><strong>nondum</strong></span> <span class='ocrx_word' id='word_1_771' title='bbox 3018 5505 3124 5560; x_wconf 88' lang='lat' dir='ltr'><strong>acti</strong></span> <span class='ocrx_word' id='word_1_772' title='bbox 3155 5504 3208 5559; x_wconf 93' lang='lat' dir='ltr'><strong>in</strong></span> <span class='ocrx_word' id='word_1_773' title='bbox 3237 5502 3454 5557; x_wconf 74' lang='lat' dir='ltr'><strong>exilium</strong></span> 
     </span>
    </p>
   </div>
   <div class='ocr_carea' id='block_1_109' title="bbox 1881 5594 3451 5668">
    <p class='ocr_par' dir='ltr' id='par_1_109' title="bbox 1881 5594 3451 5668">
     <span class='ocr_line' id='line_1_109' title="bbox 1881 5594 3451 5668; baseline -0.005 -14"><span class='ocrx_word' id='word_1_774' title='bbox 1881 5598 2092 5654; x_wconf 87' lang='lat' dir='ltr'><strong>fuerant</strong></span> <span class='ocrx_word' id='word_1_775' title='bbox 2128 5597 2465 5652; x_wconf 86' lang='lat' dir='ltr'><strong>confessores</strong></span> <span class='ocrx_word' id='word_1_776' title='bbox 2495 5596 2727 5668; x_wconf 64' lang='lat' dir='ltr'><strong>Egyptii</strong></span> <span class='ocrx_word' id='word_1_777' title='bbox 2749 5638 2764 5662; x_wconf 93' lang='lat'><strong>,</strong></span> <span class='ocrx_word' id='word_1_778' title='bbox 2799 5597 2854 5650; x_wconf 91' lang='lat' dir='ltr'><strong>in</strong></span> <span class='ocrx_word' id='word_1_779' title='bbox 2899 5594 3150 5666; x_wconf 88' lang='lat' dir='ltr'><strong>sequenti</strong></span> <span class='ocrx_word' id='word_1_780' title='bbox 3179 5605 3306 5646; x_wconf 87' lang='lat' dir='ltr'><strong>vero</strong></span> <span class='ocrx_word' id='word_1_781' title='bbox 3341 5605 3451 5646; x_wconf 90' lang='lat' dir='ltr'><strong>non</strong></span> 
     </span>
    </p>
   </div>
   <div class='ocr_carea' id='block_1_110' title="bbox 1881 5683 3463 5760">
    <p class='ocr_par' dir='ltr' id='par_1_110' title="bbox 1881 5683 3463 5760">
     <span class='ocr_line' id='line_1_110' title="bbox 1881 5683 3463 5760; baseline -0.003 -16"><span class='ocrx_word' id='word_1_782' title='bbox 1881 5692 2107 5760; x_wconf 83' lang='lat' dir='ltr'><strong>amplius</strong></span> <span class='ocrx_word' id='word_1_783' title='bbox 2132 5689 2243 5759; x_wconf 87' lang='lat' dir='ltr'><strong>ipse</strong></span> <span class='ocrx_word' id='word_1_784' title='bbox 2271 5688 2624 5760; x_wconf 85' lang='lat' dir='ltr'><strong>Hieronymus</strong></span> <span class='ocrx_word' id='word_1_785' title='bbox 2660 5687 2958 5744; x_wconf 65' lang='lat' dir='ltr'><strong>Antiochiae</strong></span> <span class='ocrx_word' id='word_1_786' title='bbox 3001 5683 3332 5750; x_wconf 83' lang='lat' dir='ltr'><strong>versabatur,</strong></span> <span class='ocrx_word' id='word_1_787' title='bbox 3359 5683 3463 5740; x_wconf 76' lang='lat' dir='ltr'><strong>sed</strong></span> 
     </span>
    </p>
   </div>
   <div class='ocr_carea' id='block_1_111' title="bbox 1881 5793 2163 5836">
    <p class='ocr_par' dir='ltr' id='par_1_111' title="bbox 1881 5793 2163 5836">
     <span class='ocr_line' id='line_1_111' title="bbox 1881 5793 2163 5836; baseline -0.014 0"><span class='ocrx_word' id='word_1_788' title='bbox 1881 5796 1934 5836; x_wconf 73' lang='lat' dir='ltr'><strong>III</strong></span> <span class='ocrx_word' id='word_1_789' title='bbox 1959 5793 2163 5836; x_wconf 88' lang='lat' dir='ltr'><strong>eremo.</strong></span> 
     </span>
    </p>
   </div>
  </div>
