4004 6328
521 367 585 438 Lt
1965 381 2342 440 pararam.
3675 407 3764 466 ιη

556 529 562 532 -
593 493 680 550 IV.
711 494 916 564 Scripta
953 493 1127 548 eodem
1153 490 1394 564 tempore.
1421 523 1494 536 —-
1522 494 1646 550 Hice
1685 494 1947 565 superiori
1993 510 2088 552 co-

519 586 818 656 pulabatur,
848 585 1112 655 simulque
1138 595 1352 641 exarata
1379 596 1482 653 est,
1511 602 1574 642 ac
1594 587 1780 642 missa.

590 677 654 730 V.
687 676 894 746 Scripta
928 685 1038 746 post
1059 678 1250 747 aliquot
1286 695 1479 732 menses
1508 697 1538 732 a
1565 680 1842 749 superiore.
1868 709 1941 720 ο·-
1963 679 2092 734 Post

518 767 700 836 plures
739 782 767 818 a
821 766 1102 836 superiore
1148 782 1364 823 menses
1403 769 1504 822 hoc
1547 776 1722 822 tamen
1771 782 1914 822 anno
1957 768 2082 822 574.

517 857 714 927 scripta
741 871 804 911 ex
839 865 949 912 toto
976 865 1230 912 contextu
1259 857 1522 912 evincitur
1547 873 1562 922 ;
1595 870 1765 925 neque
1794 857 1934 910 enim
1963 871 2082 910 am-

514 947 656 1016 plius
681 946 975 1002 Antiochiae
996 947 1186 1016 agebat
1211 946 1585 1016 Hieronymus,
1608 944 1703 1000 sed
1731 944 1784 998 in
1809 960 1870 998 ea
1897 945 2076 998 Eremi

518 1048 681 1108 parte,
704 1054 818 1106 qua
829 1041 985 1108 juxta
1006 1037 1214 1108 Syriam
1236 1036 1506 1092 Saracenis
1516 1037 1774 1106 jungitur.
1799 1034 1924 1090 Vid.
1948 1034 2091 1089 Praz-

517 1129 614 1182 fat.
646 1128 698 1181 in
733 1127 989 1182 Abadiam
1021 1142 1206 1182 versus
1235 1125 1416 1181 ﬁnem.

586 1218 672 1274 Vl.
695 1218 804 1274 VII.
834 1217 966 1273 VIII.
993 1216 1173 1272 IX.X.
1200 1216 1293 1272 XI.
1329 1215 1442 1271 XII.
1473 1215 1613 1271 XIII.
1645 1214 1851 1288 Scripta
1876 1215 1968 1269 cir.
1996 1232 2085 1268 an.

515 1311 641 1364 574.
669 1340 738 1350 —-
769 1312 992 1380 Arrepta
1015 1308 1125 1379 jam
1153 1306 1441 1362 solitudine
1481 1321 1576 1376 per
1605 1305 1761 1374 hujus
1787 1306 1911 1360 anni
1953 1306 2080 1360 574.

513 1411 570 1455 et
594 1401 735 1470 quod
767 1401 1006 1455 excurrit
1046 1400 1316 1471 spatium,
1369 1399 1528 1453 hasce
1574 1407 1698 1452 octo
1741 1397 1997 1468 epistolas
2021 1397 2087 1450 ad

511 1491 736 1553 amicos.
757 1499 810 1544 et
832 1491 1164 1560 potissimum
1186 1489 1564 1558 Aquileienses
1592 1487 1741 1542 Hier.
1775 1486 1944 1542 dedit.
1967 1486 2086 1544 Una

514 1589 658 1638 certe
687 1580 980 1650 eademque
1011 1591 1092 1636 est
1119 1581 1373 1649 temporis
1419 1578 1689 1632 adnotatio
1709 1618 1724 1643 ,
1763 1593 1884 1646 quae
1913 1578 2088 1634 elucet

513 1672 568 1724 in
609 1671 832 1740 singulis
855 1712 870 1735 ,
897 1671 979 1725 vel
1021 1671 1218 1725 dudum
1253 1669 1396 1723 inita:
1422 1667 1724 1722 solitudinis
1749 1708 1763 1731 ,
1797 1667 1880 1722 vel
1908 1668 2087 1722 Helio-

515 1761 633 1816 dori
665 1764 922 1817 adventus
969 1763 1020 1816 in
1051 1762 1296 1832 patriam.
1345 1760 1392 1815 Is
1430 1761 1591 1814 etiam
1633 1760 1767 1814 ordo
1795 1773 1953 1829 quem
1998 1759 2086 1814 hic

513 1853 654 1907 inter
669 1868 726 1908 se
745 1862 945 1917 tenent,
972 1869 1038 1907 ex
1060 1868 1126 1907 eo
1153 1867 1313 1922 quem
1341 1852 1480 1906 inter
1501 1866 1560 1906 se
1591 1850 1784 1905 habent
1815 1859 2082 1920 respectu,

513 1945 670 2000 facile
699 1945 1062 2000 constituitur.
1090 1944 1317 1999 Tantum
1350 1945 1494 1998 illam
1524 1944 1588 1997 ad
1621 1945 1907 1997 Antonium
1928 1985 1943 2008 ,
1970 1958 2087 2006 qua:

473 2097 475 2100 ,
513 2037 827 2091 duodecima
876 2045 959 2091 est
1004 2052 1230 2092 numero
1254 2075 1269 2097 ,
1309 2037 1428 2090 loco
1457 2036 1724 2089 movimus
1747 2075 1761 2098 ,
1817 2017 1956 2102 quod
1987 2035 2084 2086 etsi

511 2131 768 2197 temporis
796 2129 1079 2182 articulum
1101 2143 1208 2196 quo
1233 2127 1352 2181 data
1381 2136 1486 2190 est,
1517 2124 1654 2179 haud
1684 2123 1988 2195 expeditum
2016 2126 2086 2178 sit

510 2220 808 2288 assignare,
845 2235 948 2272 non
981 2233 1269 2288 paucorum
1304 2228 1480 2271 tamen
1510 2215 1772 2271 mensium
1801 2216 2082 2270 interstitio

508 2325 604 2378 par
643 2311 713 2365 sit
757 2310 977 2365 credere
1023 2309 1425 2372 intercessisse;
1457 2323 1578 2362 cum
1626 2306 1807 2376 plures
1856 2305 1990 2360 alias
2016 2307 2082 2359 ad

507 2400 754 2455 eumdem
781 2400 1099 2454 monachum
1124 2410 1278 2454 antea
1305 2399 1610 2468 scripserit,
1643 2412 1761 2467 qua:
1789 2396 2076 2451 intercide-

508 2500 652 2544 runt.
2023 2525 2056 2552 ο

520 2631 522 2634 ,
582 2580 721 2636 XIV.
756 2583 967 2652 Scripta
996 2599 1082 2636 an.
1116 2582 1238 2637 574.
1270 2612 1338 2621 -—
1360 2580 1509 2650 Quod
1539 2580 1676 2634 hanc
1705 2579 1982 2649 epistolam
2017 2579 2084 2631 ad

516 2672 657 2726 hunc
698 2672 946 2728 eumdem
987 2689 1076 2727 an.
1122 2671 1249 2726 574.
1277 2671 1568 2727 referamus
1612 2686 1716 2724 non
1763 2669 1832 2723 ita
1879 2669 2082 2738 pridem

507 2768 655 2820 inita:
683 2768 847 2821 eremi
883 2765 1176 2836 descriptio
1203 2763 1328 2820 facit
1349 2806 1364 2831 ,
1394 2771 1448 2818 et
1481 2771 1623 2819 totus
1649 2770 1952 2827 contextus,
1976 2776 2084 2830 quo

509 2855 574 2910 ad
607 2856 860 2910 solitariae
891 2856 1016 2910 vita:
1042 2856 1348 2911 societatem
1378 2849 1725 2910 Ileliodorum
1753 2863 1976 2906 conatur
2001 2853 2082 2906 al-

504 2948 689 3005 licere.
719 2949 874 3002 sicuti
904 2949 951 3002 ei
981 2963 1040 3004 se
1071 2948 1332 3004 facturum
1364 2947 1684 3017 promiserat
1703 2984 1721 3010 ,
1751 2959 1872 3000 cum
1899 2943 2080 2999 disce-

464 3081 468 3083 μ
505 3037 640 3092 deus
672 3038 756 3091 ille
781 3037 847 3090 ab
881 3037 1204 3108 Hieronymo
1229 3036 1636 3107 postulavisset,
1667 3044 1723 3088 ut
1751 3042 2075 3104 posteaquam

503 3128 571 3180 ad
593 3129 786 3181 deserta
806 3129 1087 3198 ntigrasset,
1125 3128 1414 3181 invitatoria
1435 3126 1503 3179 ad
1523 3142 1575 3179 se
1601 3125 1791 3195 scripta
1811 3125 2072 3177 transmit-

506 3228 647 3272 teret.
680 3219 833 3284 Quod
854 3233 981 3274 vero
1008 3227 1129 3288 post
1162 3219 1455 3274 recensitas
1493 3216 1800 3285 superiores
1827 3215 2080 3282 epistolas

507 3312 696 3364 ultitno
728 3325 986 3380 ponamus
1016 3311 1156 3376 loco,
1187 3310 1326 3379 cogit
1356 3307 1770 3377 cbronologicus
1797 3306 1952 3371 ordo,
1975 3320 2081 3372 quo

508 3405 622 3472 ipse
655 3403 1006 3474 Ilieronymus
1029 3417 1152 3457 suas
1178 3401 1576 3456 lucubrationes
1608 3402 1659 3453 in
1683 3399 1922 3466 catalogo
1950 3411 2080 3451 emt-

504 3508 736 3558 tneraus,
769 3495 970 3564 scripsi,
998 3495 1188 3563 inquit.
1219 3495 1372 3546 vitam
1403 3492 1556 3545 Pauli
1578 3489 1841 3554 Monac/ti,
1875 3489 2078 3559 Episto-

505 3587 674 3638 larum
693 3587 759 3639 ad
782 3587 1005 3640 diversos
1027 3587 1208 3640 librum
1229 3602 1408 3645 unum.
1434 3583 1502 3636 ad
1529 3581 1864 3636 Heliodorum
1890 3583 2077 3636 exhor-

503 3677 758 3730 tatoriam.
783 3676 984 3746 Nempe
1011 3693 1076 3730 ex
1104 3674 1468 3744 superioribus
1498 3672 1692 3726 litteris
1721 3672 1912 3726 librum
1933 3671 2077 3725 vide-

500 3776 588 3821 tur
611 3768 876 3822 conﬁcere
901 3808 916 3833 ,
958 3782 1117 3838 quem
1149 3765 1273 3820 huic
1302 3765 1456 3819 alteri
1493 3763 1732 3833 epistolae
1777 3771 2070 3830 temporum

499 3858 704 3911 ratione
729 3858 1026 3928 anteponit.
1831 3880 1838 3888 ι

576 3949 688 4004 XV.
712 3949 852 4004 XVI.
876 3950 1040 4004 XVII.
1065 3950 1285 4018 Scripta:
1310 3948 1372 4001 ab
1403 3957 1610 4001 exeunte
1639 3962 1725 3998 an.
1755 3945 1878 3999 476.
1903 3945 1972 3997 ad
1999 3946 2076 3997 in-

499 4049 700 4092 euntem
738 4041 864 4095 579.
895 4069 964 4082 -—-
994 4039 1126 4093 Tres
1153 4039 1309 4092 simul
1336 4038 1591 4107 epistolas
1611 4036 1901 4106 jungimus.
1933 4036 2073 4104 quod

499 4131 566 4184 ad
613 4131 872 4198 temporis
922 4131 1183 4185 rationem
1228 4129 1657 4198 investigandam
1699 4129 1797 4182 sibi
1845 4123 2073 4182 I'uvicem

498 4219 875 4288 sulfragentur.
910 4235 1084 4288 neque
1134 4220 1274 4273 inter
1317 4233 1378 4272 se
1408 4219 1508 4272 nisi
1539 4217 1895 4287 quorumdam
1927 4232 2077 4270 men—

498 4309 636 4361 sium
668 4307 948 4362 intervallo
977 4307 1291 4361 dissideant.
1323 4307 1626 4375 Seripserat
1653 4305 1850 4374 quippe
1881 4304 2071 4359 Hiero-

500 4413 693 4469 nymus
721 4398 786 4453 ad
822 4399 1110 4453 Damasum
1133 4439 1149 4465 ,
1183 4408 1239 4452 ut
1262 4414 1383 4453 cum
1411 4413 1517 4465 quo
1544 4412 1575 4452 e
1603 4397 1772 4451 tribus
1804 4412 1910 4450 uno
1937 4407 2074 4450 temo

499 4503 632 4558 pore
658 4489 958 4542 Antiochia:
986 4488 1256 4557 episcopis
1301 4487 1699 4541 communicare
1725 4486 1946 4540 deberet
1973 4502 1986 4538 :
2021 4495 2076 4542 et

498 4594 565 4631 an
595 4587 703 4632 tres
732 4578 794 4632 in.
821 4579 930 4633 Deo
960 4579 1274 4649 hypostases
1302 4576 1544 4632 dicendae
1572 4587 1752 4631 essent
1775 4577 1876 4632 sibi
1901 4577 2070 4647 signi-

500 4667 729 4721 ﬁcaret:
770 4668 854 4722 cui
905 4668 1143 4737 petitioni
1191 4681 1311 4720 cum
1358 4666 1630 4721 Romanus
1677 4667 1923 4722 Pontifex
1965 4683 2072 4724 non

499 4757 884 4827 respondisset,
910 4757 1154 4811 eumdem
1182 4756 1371 4811 iterum
1393 4757 1496 4810 alia
1512 4757 1737 4825 epistola
1760 4767 1884 4828 post
1912 4759 2071 4812 trium

503 4851 691 4906 saltem
719 4851 802 4904 vel
829 4858 1059 4920 quatuor
1077 4847 1341 4902 mensium
1365 4849 1864 4918 intercarpedinem,
1889 4859 1949 4903 ut
1980 4865 2074 4919 par

504 4950 585 4997 est
613 4942 855 5006 credere,
878 4941 1174 4994 obtestatus
1197 4950 1297 4995 est.
1321 4939 1424 4995 Sed
1451 4955 1571 4995 cum
1599 4941 1700 4995 alia
1722 4948 1784 4996 ex
1807 4951 1953 5010 parte
1979 4959 2067 4996 nr-

501 5043 689 5102 gerent
718 5031 926 5085 factiosi
955 5031 1195 5085 homines
1220 5069 1235 5097 ,
1279 5039 1336 5084 ut
1363 5041 1472 5084 tres
1504 5031 1819 5101 hypostases
1839 5073 1854 5095 ,
1886 5048 2071 5086 novum

500 5125 693 5177 homini
720 5122 950 5176 Romano
973 5139 1154 5177 nomen
1180 5164 1196 5189 ,
1241 5123 1576 5187 admitteret,
1608 5126 1776 5178 satius
1805 5124 1952 5178 duxit
1978 5141 2070 5178 eo-

499 5229 616 5267 rum
645 5228 702 5268 se
729 5214 995 5268 violentiis
1035 5214 1241 5282 eripere
1263 5253 1279 5278 ,
1310 5224 1362 5267 et
1389 5214 1455 5267 ad
1484 5214 1717 5268 Marcum
1740 5214 1979 5268 scribens
2005 5216 2070 5268 ad

501 5318 765 5357 summum
807 5314 992 5359 exacta
1039 5305 1227 5375 hyeme
1270 5305 1630 5360 discessurum
1661 5320 1721 5360 se
1769 5306 1837 5358 ab
1881 5305 2072 5358 Eremo

499 5396 799 5463 proliletttr.
851 5396 1017 5449 Porro
1063 5411 1233 5450 annus
1283 5397 1695 5465 uniuscujusque
1745 5395 1869 5447 hinc
1917 5393 2071 5447 facile

500 5486 725 5555 eruitur,
747 5485 887 5558 quod
914 5485 1138 5541 Vitalem
1159 5487 1211 5540 in
1234 5486 1562 5540 Antiochena
1590 5485 1715 5539 sede
1736 5485 1846 5553 jam
1873 5483 2073 5538 consti-

501 5587 694 5646 tutmn,
727 5580 777 5634 in
801 5589 1022 5648 utraque
1050 5579 1116 5633 ad
1147 5579 1428 5631 Damasum
1451 5577 1760 5644 planissime
1787 5573 2022 5628 afﬁrmet
2053 5590 2067 5626 ε

501 5669 555 5723 in
587 5673 760 5737 priore
785 5682 960 5726 autem
990 5686 1048 5725 se
1085 5669 1230 5722 dicat
1257 5667 1309 5720 in
1334 5667 1486 5734 Syria
1518 5705 1534 5730 ,
1582 5681 1701 5718 ettm
1732 5673 1809 5718 tot
1853 5664 2069 5732 interja-

501 5760 738 5817 ceutibus
777 5762 960 5832 spatiis
994 5757 1132 5814 haud
1176 5754 1337 5826 possit
1367 5753 1434 5807 ab
1466 5754 1581 5823 ipso
1608 5754 1850 5810 Rontano
1880 5753 2062 5810 Ponti-

2201 496 2300 551 ﬁce
2325 505 2567 553 sanctum
2597 499 2802 557 Domini
2825 513 3098 574 expetere,
3120 507 3305 566 exules
3329 509 3467 569 iisin
3493 513 3623 573 locis
3651 523 3758 576 eol-
3837 515 3840 524 ’

2197 584 2340 654 legas
2360 586 2778 660 ejusJEgyptios
2795 597 3130 651 confessores
3143 599 3256 654 sive
3280 601 3568 674 Episcopos
3581 613 3745 679 sequi,

2198 688 2488 746 eorumque
2531 693 2590 732 se
2621 681 2740 735 ﬁdei
2785 683 3080 741 adluerere.
3116 687 3376 745 Nimirum
3405 692 3589 750 Vitalis
3624 713 3762 755 anno

2198 767 2322 822 576.
2373 770 2514 838 quod
2562 786 2721 826 nemo
2774 773 2894 842 jure
2948 777 3283 848 difﬁteatur,
3327 783 3396 838 ab
3438 786 3762 854 Apollinario

2199 861 2452 930 magistro
2479 875 2575 914 suo
2604 863 2937 923 antiochenae
2967 868 3210 924 ecclesiae
3257 873 3539 944 episcopus
3585 877 3761 946 jussus

2197 960 2312 1018 est,
2339 953 2452 1006 sive
2477 951 2686 1008 duobus
2715 956 2834 1010 aliis
2864 956 3082 1013 Meletio
3107 975 3170 1016 ac
3199 961 3420 1019 Paulino
3449 969 3758 1036 superaddi-

2198 1049 2300 1094 tus.
2357 1040 2593 1112 Egyptii
2631 1051 2807 1098 autem
2875 1047 3210 1104 confessores
3273 1051 3382 1120 jam
3432 1054 3502 1108 ab
3552 1056 3766 1114 ineunte

2197 1144 2338 1184 anno
2365 1131 2487 1186 579.
2519 1130 2755 1217 Gratiani
2777 1133 2993 1190 decreto
3013 1137 3080 1191 ab
3101 1139 3269 1194 exilio
3297 1145 3536 1198 revocati
3556 1146 3767 1218 sitisque

2196 1223 2434 1276 ecclesiis
2466 1223 2664 1278 redditi
2695 1236 2854 1292 sunt;
2897 1243 3070 1300 neque
3109 1232 3301 1289 exinde
3333 1237 3506 1305 potuit
3549 1239 3766 1296 Hieron.

2195 1326 2380 1367 eorum
2422 1315 2798 1371 communione
2833 1318 2910 1372 uti
2935 1360 2950 1384 ,
2992 1321 3105 1376 sive
3143 1323 3209 1378 ab
3241 1323 3345 1379 illis
3372 1337 3614 1382 sanctum
3663 1329 3768 1386 Do-

2198 1402 2323 1456 mini
2355 1404 2618 1474 accipere.
2661 1407 2888 1464 Biennio
2916 1411 3077 1480 igitur
3106 1414 3199 1468 illo
3219 1456 3234 1480 ,
3263 1418 3406 1486 quod
3436 1420 3719 1479 intercedit
3738 1463 3756 1486 .

2195 1492 2307 1548 sive
2331 1495 2484 1549 annis
2514 1496 2618 1550 577
2643 1508 2696 1550 et
2732 1498 2858 1554 578.
2888 1502 3264 1572 consignandte
3291 1515 3418 1562 sunt
3438 1548 3459 1574 ,
3503 1510 3656 1580 isque
3681 1527 3772 1566 ea-

2196 1597 2314 1637 rum
2359 1585 2492 1638 ordo
2535 1589 2940 1645 constituendus
2961 1633 2976 1657 ,
3027 1602 3084 1647 ut
3115 1596 3260 1663 prior
3282 1597 3353 1652 ad
3381 1598 3663 1657 Damasum
3689 1605 3772 1658 vel

2196 1675 2388 1729 labenti
2417 1677 2540 1732 576.
2574 1678 2656 1734 vel
2701 1683 2946 1749 proxime
2995 1684 3327 1755 insequentis
3375 1688 3560 1756 initio,
3607 1693 3771 1748 altera

2195 1767 2291 1835 ipsi
2321 1769 2444 1822 577.
2475 1785 2593 1838 qua:
2621 1782 2740 1840 post
2768 1775 2973 1844 aliquot
3000 1790 3030 1830 a
3054 1777 3231 1846 priore
3256 1794 3472 1836 menses
3492 1781 3616 1838 data
3643 1795 3723 1840 est
3748 1826 3768 1852 ,

2196 1857 2581 1926 consignetnr:
2626 1861 2779 1915 tertia
2823 1863 3053 1934 denique
3099 1867 3166 1920 ad
3215 1866 3452 1924 Marcum
3479 1911 3498 1936 ,
3548 1887 3670 1942 qua:
3718 1883 3773 1928 et

2193 1944 2385 2015 hyeme
2412 1950 2608 2017 scripta
2638 1961 2740 2016 est,
2767 1961 2822 2006 et
2851 1969 2970 2008 cum
2999 1954 3066 2009 de
3091 1967 3311 2028 accepta
3335 1959 3566 2016 Romani
3592 1962 3774 2018 Ponti-

2191 2033 2304 2090 ficis
2316 2040 2575 2093 sententia
2598 2040 2869 2096 videretur
2888 2059 3131 2111 securus,
3152 2047 3235 2101 vel
3260 2048 3326 2102 ad
3349 2048 3512 2105 linem
3535 2052 3661 2109 578.
3685 2069 3773 2122 ptt-

2192 2139 2240 2183 ta
2289 2129 2651 2198 decembrem,
2695 2135 2777 2188 vel
2808 2135 2874 2189 ad
2907 2135 3234 2206 insequentis
3254 2139 3462 2194 initium
3488 2141 3771 2197 referatur.

2187 2220 2565 2288 Campensium
2591 2237 2805 2293 queque
2829 2241 3044 2293 nomen,
3059 2244 3167 2298 quo
3189 2230 3503 2287 Meletianos
3523 2234 3574 2288 in
3595 2235 3777 2304 priore

2189 2324 2254 2362 ex
2285 2309 2430 2364 hisce
2461 2311 2634 2366 tribus
2661 2314 2903 2382 epistolis
2931 2330 3086 2372 vocat
3114 2335 3260 2375 num.
3293 2322 3346 2374 5.
3377 2324 3521 2392 quod
3548 2326 3774 2395 expulso

2187 2398 2255 2451 ab
2282 2401 2521 2455 ecclesiis
2564 2403 2903 2460 antiochenis
2942 2407 3179 2476 Meletio,
3209 2424 3509 2467 conventus
3543 2415 3594 2468 in
3627 2429 3776 2470 cam-

2191 2489 2270 2557 pis
2295 2504 2453 2559 agere
2473 2503 2816 2562 cogerentur,
2839 2511 2931 2550 eas
2957 2497 3158 2554 diutius
3179 2500 3380 2556 diﬂ'erri
3411 2495 3521 2557 non
3552 2507 3775 2574 patitur.

2188 2578 2389 2648 Nempe
2431 2591 2620 2636 auctor
2647 2595 2733 2638 est
2769 2584 3138 2643 Theodoretus
3187 2591 3282 2644 lib.
3312 2590 3377 2647 V.
3424 2608 3474 2648 c.
3508 2595 3564 2650 5.
3593 2597 3778 2649 statim

2187 2677 2308 2734 post
2339 2668 2496 2723 latam
2521 2686 2550 2724 a
2575 2670 2832 2728 Gratiano
2859 2675 3028 2747 legem
3053 2719 3070 2745 ,
3103 2689 3156 2731 ut
3180 2681 3267 2750 qui
3293 2683 3345 2735 in
3367 2683 3585 2739 exilium
3629 2688 3778 2756 ejecti

2185 2759 2405 2826 fuerant,
2435 2762 2677 2828 redirent,
2699 2767 2906 2837 suisque
2923 2772 3154 2839 gregibus
3176 2774 3586 2845 restituerentur,
3620 2787 3775 2844 atque

2184 2851 2320 2904 aedes
2341 2867 2500 2905 sacra:
2525 2854 2586 2908 iis
2613 2856 2952 2925 traderentur,
2980 2863 3203 2929 quicum
3228 2862 3457 2920 Damaso
3482 2872 3779 2923 communi-

2185 2950 2358 2994 carent
2378 2955 2403 3007 ;
2439 2943 2660 2999 missum
2682 2947 2939 3017 Saporem
2968 2954 3282 3023 magistrum
3314 2958 3548 3013 militum
3580 2962 3777 3017 Antio-

2182 3033 2355 3088 chiam
2383 3077 2398 3101 ,
2432 3045 2490 3090 ut
2511 3036 2578 3090 de
2609 3041 2837 3106 partium
2864 3042 3092 3098 ducibus
3119 3049 3436 3102 sententiam
3467 3049 3645 3105 ferret
3669 3093 3686 3116 ,
3723 3062 3779 3108 et

2182 3138 2300 3177 cum
2332 3126 2522 3193 singuli
2561 3126 2786 3184 Damaso
2830 3132 3020 3188 ltwrere
3060 3151 3114 3190 se
3157 3138 3376 3192 dicerent
3399 3180 3415 3203 ,
3460 3143 3549 3196 cui
3587 3159 3781 3200 veram

2182 3213 2404 3268 Romani
2423 3217 2694 3272 Pontiﬁcis
2711 3224 3142 3280 communionem
3167 3243 3274 3294 pra:
3287 3243 3345 3282 se
3367 3227 3569 3286 ferenti
3595 3233 3783 3290 Eccle-

2186 3305 2279 3357 siae
2301 3316 2482 3359 essent
2499 3307 2886 3376 adjudicandaz.
2905 3312 3034 3377 Quae
3055 3331 3140 3370 res
3165 3315 3392 3373 feliciter
3405 3319 3628 3377 Meletio
3651 3339 3778 3379 ces-

2192 3392 2286 3460 sit,
2313 3396 2518 3465 sibique
2537 3397 2739 3467 judicio
2765 3403 3064 3473 assignatas
3088 3407 3342 3463 ecclesias
3370 3414 3690 3482 occupavit,
3723 3425 3784 3469 ut

2180 3488 2268 3554 qui
2288 3502 2408 3541 eum
2435 3490 2815 3558 sequebantur,
2842 3509 2947 3548 non
2967 3496 3196 3566 amplius
3226 3508 3377 3552 extra
3407 3502 3694 3558 civitatem
3724 3505 3780 3560 in

2181 3579 2322 3646 agris
2361 3592 2653 3636 conventus
2691 3594 2954 3653 agerent,
2994 3599 3086 3642 aut
3129 3589 3458 3660 Campenses
3503 3594 3617 3651 dici
3666 3598 3784 3652 ullo

2181 3670 2338 3724 modo
2365 3683 2620 3740 possent,
2653 3675 2795 3743 quod
2827 3677 2878 3730 in
2925 3679 3074 3734 urbis
3103 3682 3221 3736 luce
3259 3682 3370 3753 jam
3395 3687 3468 3741 ab
3497 3687 3597 3742 illo
3629 3703 3781 3743 anno

2178 3760 2301 3814 579.
2339 3761 2592 3816 Ecclesiis
2617 3767 2886 3821 ommibus
2917 3769 3234 3836 potirentur.
3475 3834 3485 3839 _

2248 3849 2435 3904 XVIII.
2491 3852 2699 3922 Scripta
2748 3872 2837 3910 an.
2888 3857 3415 3931 58l.-—-Postqnam
3453 3880 3488 3919 e
3533 3865 3783 3922 Calcidis

2175 3940 2388 3995 deserto
2408 3944 2655 4012 migravit
2681 3945 3060 4019 Hieronymus,
3085 3950 3240 4006 facile
3260 3954 3620 4012 Antiochiam
3651 3974 3784 4029 per-

2178 4031 2312 4082 rexit
2337 4071 2350 4093 ,
2396 4046 2496 4100 qua
2543 4032 2595 4086 in
2633 4035 2845 4089 civitate
2873 4038 3009 4105 apud
3040 4038 3319 4094 Paulinum
3340 4083 3356 4104 .
3401 4058 3518 4112 quo
3547 4060 3680 4101 cum
3711 4064 3784 4104 ex

2181 4119 2403 4172 Ilumaso
2423 4125 2928 4180 communicandum
2949 4128 3048 4181 sibi
3072 4129 3426 4195 intellexerat,
3458 4134 3613 4190 haud
3644 4153 3788 4207 pau-

2175 4225 2268 4264 cos
2298 4227 2510 4268 menses
2536 4214 2836 4270 diversatus
2863 4229 2964 4272 est.
2997 4218 3072 4274 Ibi
3103 4221 3252 4274 enim
3284 4230 3339 4277 et
3362 4224 3782 4292 Apollinarium

2176 4298 2523 4354 Laodicenum
2547 4343 2561 4368 ,
2590 4314 2643 4357 et
2666 4305 2718 4358 in
2746 4307 2967 4374 epistola
2997 4307 3064 4361 ad
3093 4308 3402 4365 Pammach.
3434 4322 3495 4367 et
3523 4313 3784 4374 Occean.

2184 4401 2427 4458 testatur,
2457 4397 2654 4448 audivit
2678 4436 2694 4461 ,
2722 4401 3008 4467 frequenter
3033 4407 3080 4452 et
3118 4401 3271 4454 coluit
3295 4443 3311 4468 ,
3352 4411 3407 4457 et
3453 4419 3593 4461 cum
3645 4382 3792 4464 miro

2180 4483 2406 4536 discendi
2452 4485 2634 4540 ardore
2657 4487 2906 4551 ferretur,
2938 4496 3048 4542 tum
3099 4489 3374 4555 doctrinae,
3400 4500 3523 4548 tum
3553 4511 3790 4556 morum

2179 4575 2442 4642 probitate
2471 4577 2686 4642 eximia,
2718 4591 2825 4630 non
2854 4577 2955 4631 levi
2985 4583 3356 4648 experimento
3379 4582 3628 4642 Paulino
3658 4589 3790 4657 fuit,

2177 4675 2234 4718 ut
2261 4681 2381 4721 eum
2411 4668 2526 4735 ipse
2552 4669 2846 4728 Antiochiae
2886 4671 3252 4744 presbyterum
3282 4674 3592 4734 ordinaret.
3637 4680 3791 4739 Nam

2179 4757 2278 4810 etsi
2304 4757 2393 4811 alii
2414 4757 2671 4824 dubitant,
2700 4776 2826 4816 nunt
2851 4777 3034 4818 revera
3075 4762 3439 4818 Antiochenus
3466 4769 3791 4842 episcopus

2179 4845 2355 4911 fuerit,
2376 4848 2462 4916 qui
2480 4862 2600 4903 eum
2622 4851 2875 4907 Paulinus
2890 4853 3256 4923 presbyterum
3270 4854 3452 4922 jussit,
3473 4873 3595 4925 quo
3613 4861 3672 4916 id
3701 4871 3788 4918 ιθ·

2177 4953 2294 4990 men
2324 4937 2443 5004 jure
2465 4937 2660 4995 iaciant
2685 4957 2788 4995 non
2820 4943 3005 5007 video;
3030 4958 3152 4998 cum
3176 4958 3241 4996 ex
3264 4943 3595 5017 Hieronymi
3623 4954 3792 5023 epis.

2176 5031 2281 5084 tela
2311 5029 2375 5082 ad
2404 5031 2801 5087 Pammachium
2825 5034 3078 5088 adversus
3095 5032 3558 5095 erroresJoannis
3584 5041 3793 5101 Hiero.

2175 5122 2275 5174 sol.
2308 5120 2476 5188 palam
2501 5132 2728 5188 constet,
2745 5134 2798 5177 et
2819 5123 3134 5187 Antiochiae,
3151 5131 3204 5176 et
3229 5137 3324 5192 per
3347 5124 3466 5180 haec
3489 5135 3793 5202 tempora,

2175 5218 2286 5263 eta
2315 5209 2536 5263 Paulino
2584 5212 2908 5267 ordinatum.
2940 5215 3179 5276 Sanctis,
3228 5211 3442 5282 inquit,
3499 5227 3800 5282 memoria

2174 5300 2440 5368 episcopus
2473 5299 2723 5355 Paulinus
2751 5303 2960 5369 audivit,
2995 5301 3135 5356 Num
3157 5304 3332 5373 rogaui
3356 5313 3405 5357 te
3428 5344 3446 5370 ,
3503 5317 3568 5361 ut
3629 5313 3804 5369 σιν-αἱ-

2174 5405 2322 5442 narer
2343 5390 2368 5442 .’
2405 5399 2563 5457 atque
2589 5391 2692 5444 alia
2718 5432 2732 5456 ,
2778 5409 2898 5462 qua:
2943 5394 2996 5447 in
3028 5391 3145 5448 Vita
3184 5390 3356 5448 fusius
3383 5393 3795 5464 disputantur.

2175 5477 2388 5531 Interim
2417 5479 2500 5531 vel
2531 5481 2776 5547 sequenti
2820 5497 2906 5535 an.
2949 5481 3071 5536 580.
3107 5480 3193 5536 vel
3223 5482 3436 5536 ineunte
3462 5483 3614 5542 581.
3651 5490 3800 5552 inde

2174 5568 2451 5623 coniicitur
2471 5568 2804 5636 discessisse,
2835 5579 2890 5626 et
2908 5569 3422 5639 Constantinopolim
3447 5586 3564 5640 per
3589 5578 3805 5637 Orien-

2177 5660 2243 5712 tis
2270 5657 2426 5710 urbes
2451 5657 2793 5712 contendisse
2820 5699 2834 5722 ,
2862 5658 3003 5730 quod
3026 5659 3342 5729 Gregorium
3373 5675 3438 5714 eo
3470 5669 3788 5739 tempore,

2174 5766 2279 5821 quo
2318 5747 2475 5817 regite
2502 5749 2644 5804 urbis
2676 5750 2844 5805 tenuit
2871 5751 3254 5822 episcopatum,
3283 5763 3314 5803 a
3344 5749 3496 5810 maio
3551 5762 3812 5823 scilicet
