4004 6328
222 397 321 458 LIII

222 519 331 584 post
349 509 673 580 abrogatum
695 507 975 564 Maximum
995 507 1278 580 Cynicum,
1301 504 1368 561 ad
1396 503 1594 560 Iulium
1619 518 1773 558 men-

221 616 344 666 sem,
366 615 470 670 quo
498 615 623 656 sese
648 601 762 670 ipse
788 601 840 653 in
865 599 1197 655 cecumenico
1221 597 1450 652 concilio
1473 605 1665 665 sponte
1690 595 1774 648 ab-

218 693 421 756 dicavit,
444 692 671 755 audivit,
698 700 752 746 et
775 691 955 745 coluit.
981 689 1074 744 His
1094 691 1164 743 ita
1186 687 1490 746 constitutis
1512 694 1778 754 postrema

219 780 363 850 hujus
391 780 585 835 classis
616 782 842 852 epistola
868 782 933 836 ad
962 783 1242 835 Damasum
1271 779 1335 833 de
1358 778 1628 847 Seraphin:
1659 775 1781 829 huic

215 888 345 927 anno
383 871 509 927 581.
546 872 798 942 illiganda
829 882 930 935 est,
975 871 1114 942 quod
1157 873 1271 941 ipse
1302 872 1353 924 in
1389 886 1508 938 cap.
1541 869 1692 922 Isaia:
1723 869 1779 922 6.

214 961 541 1029 apertissime
573 972 747 1016 notat.
778 961 853 1015 De
878 962 973 1014 hac
1000 963 1207 1026 visione,
1236 961 1409 1030 inquit
1429 1001 1442 1024 ,
1461 1001 1463 1003 .
1481 969 1596 1012 ante
1622 975 1784 1011 annos

211 1055 394 1105 circiter
419 1054 633 1122 triginta
673 1070 788 1106 cum
817 1070 973 1107 essem
1019 1052 1499 1122 Constantinopoli,
1545 1060 1589 1104 et
1637 1048 1779 1120 apud

213 1141 360 1194 riru'm
388 1142 859 1211 eloquentissimum
903 1143 1199 1214 Gregorium
1231 1143 1616 1196 Nazianzennm
1665 1153 1784 1194 tunc

214 1233 428 1304 ejusdem
455 1235 598 1289 urbis
629 1237 923 1305 episcopum
947 1247 1238 1288 sanctarunt
1268 1235 1648 1303 Scripturarum
1670 1241 1782 1286 stu-

217 1323 305 1376 diis
353 1326 611 1387 erudirer,
645 1327 752 1378 scio
799 1343 878 1378 me
919 1325 1114 1380 brevem
1164 1326 1378 1378 dictasse
1401 1365 1416 1386 ,
1470 1324 1787 1396 subitumque

204 1421 483 1480 tractatum,
517 1425 576 1467 ut
630 1417 1026 1485 experimentum
1072 1430 1301 1485 caperem
1326 1413 1567 1484 ingenioli
1596 1413 1714 1475 mei,
1739 1419 1785 1465 et

1662 381 2042 448 PREFATIO.

3359 393 3464 449 ιιν

1880 501 2057 556 amicis
2085 499 2379 570 jubentibus
2418 501 2694 556 obedirem.
2745 504 2942 560 Iterum
2994 506 3218 576 Epistol.
3269 509 3357 564 84.
3394 508 3467 564 ad

1880 592 2186 647 Pammacli.
2231 602 2286 647 et
2327 595 2556 648 Occcan.
2602 595 2667 649 In
2697 596 2908 651 lectione
2932 641 2947 664 ,
2984 600 3190 670 inquit,
3218 601 3374 658 Isaia!
3402 605 3459 659 in

1878 699 1979 749 qua
2007 684 2106 736 duo
2139 684 2411 744 Serapltim
2438 685 2713 740 clamantia
2753 688 3125 756 describuntur,
3155 693 3245 747 illo
3273 693 3292 762 ί
3312 693 3452 749 Ori-

1879 774 2054 844 gene)
2105 776 2466 843 interpretante
2520 776 2715 830 Filium
2767 789 2815 830 et
2869 779 3121 848 Spiritum
3178 783 3451 850 Sanctum,

1883 883 2048 921 nonne
2073 883 2163 937 ego
2190 868 2540 922 detestandam
2561 871 2923 939 expositionem
2949 872 3002 926 in
3032 873 3133 927 duo
3161 883 3463 930 testamenta

1882 959 2112 1012 mutavi?
2158 956 2388 1012 Hobetur
2431 959 2557 1013 liber
2601 961 2654 1013 in
2709 962 2940 1014 manibus
2984 972 3102 1017 ante
3130 963 3312 1034 viginti
3362 981 3464 1018 an-

1889 1065 1980 1102 nos
2007 1048 2191 1102 editus.
2243 1048 2410 1103 Porro
2461 1052 2620 1104 etiam
2671 1065 2735 1104 ex
2781 1051 2966 1119 majori
3014 1053 3290 1121 sequentis
3337 1053 3464 1108 anni

1885 1149 2033 1208 parte
2083 1149 2267 1195 nactus
2315 1141 2648 1196 commodam
2696 1143 2886 1198 studiis
2935 1143 3047 1197 suis
3107 1146 3451 1198 occasionem

1885 1228 2341 1300 Constantinopoli
2391 1234 2641 1296 steterit,
2673 1248 2951 1303 quousque
2977 1248 3098 1288 cum
3128 1248 3292 1304 supra
3332 1234 3450 1288 Iau-

1884 1320 2011 1376 dato
2037 1321 2257 1376 Paulino
2304 1331 2462 1393 atque
2506 1324 2796 1395 epipbanio
2820 1325 3084 1396 episcopis
3125 1325 3348 1380 Romam
3377 1323 3452 1379 ad

1887 1412 2167 1466 concilium
2192 1412 2546 1484 adnavigavit.

210 1538 3458 1566 Mala—Im

845 1632 1758 1746 EPISTOLE
1833 1635 2026 1744 II.
2103 1597 2808 1752 amassis

200 1836 345 1889 QUAS
381 1839 814 1886 HIERONYHUS
845 1842 968 1884 PER
1009 1843 1228 1887 FERME
1269 1842 1630 1886 TBIENNIUM
1673 1842 1858 1885 “031E
1903 1843 2182 1888 SCRIPSIT
2223 1847 2305 1889 ΑΒ
2351 1849 2647 1892 ΕΧΕΟΝΤΕ
2691 1851 2862 1895 ANNO
2893 1851 3147 1897 CHRISTI
3187 1834 3329 1907 382.
3378 1855 3471 1902 ω
3529 1837 3538 1845 Χ

1495 1984 1698 2026 uurtu
1739 1983 1997 2027 MEDIUM
2039 1967 2177 2028 385.

243 2104 358 2161 XIX
374 2116 428 2162 et
440 2107 568 2164 XX.
587 2109 906 2179 Scripttean.
918 2110 1248 2165 585.—Cum
1263 2107 1605 2163 Antiochense
1621 2105 1785 2160 ecclec

195 2196 275 2251 site
287 2201 506 2268 negotia
523 2200 577 2253 in
598 2215 910 2269 perversum
924 2210 1106 2270 ageret
1123 2199 1372 2260 sellisma,
1387 2207 1545 2265 atque
1559 2211 1622 2249 ex
1639 2195 1784 2247 ordi-

193 2287 401 2342 natione
434 2289 691 2343 Flaviani
729 2289 784 2342 in
812 2289 1380 2356 consutntinopolitana
1415 2286 1621 2354 synodo
1648 2286 1782 2336 facta

191 2378 526 2444 perturbatio
549 2388 870 2448 augeretur,
906 2379 1126 2432 Orientis
1145 2387 1292 2445 atque
1320 2374 1608 2428 Occidentis
1658 2371 1786 2436 Epi-

189 2481 354 2534 scopos
383 2468 628 2522 Romam
653 2466 954 2537 Imperiules
977 2467 1155 2520 littera:
1177 2472 1534 2518 contraxerunt
1557 2503 1572 2528 ,
1603 2476 1708 2531 quo
1726 2475 1786 2516 se

189 2571 373 2626 nempe
404 2559 482 2610 ad
533 2557 816 2609 maximam
867 2556 1131 2625 Synodum
1169 2570 1282 2624 qua:
1326 2554 1432 2608 illic
1479 2551 1782 2623 parabatur,

190 2652 517 2716 conferrent,
547 2647 1254 2715 utTlteodoretus'exponit.
1282 2645 1398 2714 Ipse
1426 2644 1782 2713 Hieronymus

190 2742 536 2796 ecclesiastica
581 2739 877 2793 necessitate
896 2738 1205 2807 compulsus
1225 2777 1240 2800 ,
1264 2735 1405 2806 quod
1435 2737 1487 2790 in
1516 2733 1779 2788 Marcella:

191 2829 481 2900 Epitaphio
504 2827 578 2883 ad
613 2827 936 2897 Principiam
963 2827 1156 2894 tradit,
1184 2827 1407 2881 Romam
1429 2824 1644 2879 advenit
1662 2840 1777 2876 cum

190 2919 385 2975 Sanctis
416 2917 774 2988 Pontiﬁcibus
801 2916 1055 2982 Paulino,
1086 2927 1132 2971 et
1184 2915 1474 2987 Epiphanio
1495 2958 1511 2982 ,
1563 2931 1778 2986 quorum

188 3013 304 3068 alter
323 3010 752 3077 Antiochenam,
777 3009 905 3064 alter
921 3007 1258 3063 Salaminiam
1279 3007 1433 3078 Cypri
1459 3007 1591 3062 rexit
1631 3006 1782 3060 eccle-

191 3107 326 3159 siam.
358 3105 546 3160 Porro
577 3119 686 3158 non
709 3103 808 3157 nisi
833 3103 932 3158 sub
953 3101 1112 3157 linem
1134 3102 1258 3156 anni
1283 3101 1405 3156 582.
1424 3111 1477 3155 et
1494 3100 1777 3154 advenisse

188 3211 306 3264 eos,
346 3205 403 3252 et
431 3194 728 3266 bynodum
775 3193 1008 3248 habitam
1053 3208 1202 3259 esse,
1237 3192 1376 3247 idem
1418 3192 1777 3262 Hieronymus

186 3302 282 3341 non
305 3288 557 3342 obscure
583 3285 744 3340 docet
785 3284 958 3355 Epist.
990 3284 1112 3340 108.
1143 3284 1231 3339 ubi
1261 3283 1556 3353 Episc0pos
1581 3283 1774 3337 Orien-

185 3377 325 3444 tales,
345 3376 460 3447 qui
488 3375 556 3430 ad
585 3375 736 3430 illam
757 3381 1148 3439 convenerant,
1170 3389 1274 3429 non
1297 3382 1421 3428 ante
1446 3372 1778 3442 insequentis

187 3469 328 3531 anni,
363 3467 594 3521 scilicet
615 3465 744 3522 585.
772 3474 998 3519 exactam
1023 3464 1249 3534 hyemem
1267 3505 1281 3529 ,
1315 3472 1364 3518 et
1387 3475 1615 3533 apertum
1641 3476 1780 3514 mare

187 3556 474 3612 discedere
505 3555 746 3609 valuisse
783 3555 971 3609 scribit
1001 3570 1014 3606 :
1042 3553 1182 3622 quod
1213 3566 1400 3607 rursus
1443 3567 1508 3606 ex
1537 3550 1775 3620 Epistola

191 3648 248 3700 ad
296 3646 554 3701 Asellam
589 3644 850 3701 subducta
877 3645 1082 3698 ratione
1107 3645 1304 3698 clarius
1327 3642 1608 3699 constabit.
1635 3640 1779 3696 Inte-

191 3737 282 3792 rim
305 3739 711 3808 Hieronymum
735 3751 892 3805 quem
920 3736 1385 3790 instructissimum
1406 3735 1779 3804 experimento

171 3839 439 3904 noverat,
460 3839 518 3882 ut
537 3829 638 3883 sibi
667 3829 718 3882 in
738 3827 1128 3882 Ecclesiasticis
1171 3827 1350 3880 causis
1389 3826 1700 3889 inserviret,
1725 3833 1780 3878 et

195 3921 333 3975 totius
356 3921 511 3974 orbis
532 3918 990 3972 consultationibus
1018 3931 1117 3970 suo
1157 3917 1374 3970 nomine
1403 3914 1774 3983 responderet,

165 4008 457 4065 .Damasus
511 4009 721 4072 tenuit;
767 4008 922 4077 eique
967 4005 1195 4062 subinde
1237 4006 1414 4058 varias
1455 4004 1779 4073 quaestiones

197 4099 493 4169 proposuit.
524 4098 765 4152 Primum
793 4097 862 4152 de
889 4097 1102 4151 Osanna
1132 4095 1517 4163 interrogavit,
1549 4107 1646 4162 per
1667 4091 1782 4161 epi-

200 4189 388 4244 stolam
421 4186 565 4242 XIX.
591 4188 675 4242 cui
699 4187 879 4242 statim
905 4186 1026 4241 XX.
1060 4189 1159 4240 hac
1189 4185 1279 4238 ille
1303 4181 1594 4249 satisfecit,
1619 4197 1778 4252 quam

201 4280 355 4335 etiam
405 4280 458 4333 in
507 4279 763 4348 Catalogo
790 4277 891 4332 hoc
919 4277 1108 4332 ordine
1154 4286 1460 4340 enumerat,
1512 4285 1671 4344 atque
1712 4273 1779 4328 ad

199 4369 332 4427 hunc
355 4385 568 4424 annum
584 4369 708 4424 585.
745 4369 1010 4438 pertinere
1035 4381 1102 4422 ex
1125 4380 1301 4420 rerum
1321 4404 1337 4432 ,
1365 4379 1496 4435 quas
1525 4364 1782 4434 exposui-

202 4477 310 4517 mus
331 4461 480 4516 serie
497 4501 512 4526 ,
541 4459 944 4528 comprobatur.
1667 4461 1672 4471 '

265 4550 412 4606 XXI.
442 4531 650 4620 Scripta
676 4547 848 4602 eodem
878 4563 1112 4602 anno.—
1135 4546 1393 4602 Damasus
1423 4545 1563 4601 haud
1610 4546 1781 4602 multo

204 4653 320 4710 post
353 4641 670 4712 Ilieronymi
719 4639 1019 4695 eruditione
1064 4639 1268 4694 utiliter
1311 4654 1438 4694 usus
1482 4639 1779 4695 enodandis

205 4748 471 4789 sacrarum
521 4733 822 4788 litterarum
869 4731 1303 4795 difficultatibus,
1351 4732 1663 4787 I‘arabolam
1712 4731 1781 4786 de

207 4826 406 4883 duobus
435 4825 590 4891 Iiliis,
619 4824 813 4893 Frugi,
847 4839 909 4878 ac
933 4825 1204 4878 luxurioso
1249 4823 1349 4878 sibi
1381 4824 1576 4893 exponi
1606 4824 1777 4894 petiit;

207 4932 353 4986 quam
378 4918 470 4973 ille
496 4917 632 4971 satis
658 4915 889 4984 eleganti
917 4930 979 4970 ac
1011 4915 1166 4984 longa
1199 4913 1422 4983 epistola
1452 4922 1781 4968 commenta-

207 5015 302 5061 tur.
338 5007 460 5062 Haec
490 5005 759 5074 superiori
789 5004 968 5060 statim
998 5005 1242 5059 subditur
1267 5004 1321 5058 in
1351 5005 1624 5074 catalogo,
1657 5019 1778 5070 nec,

205 5095 321 5154 licet
337 5101 609 5170 penitiora
632 5097 810 5152 desint
827 5097 968 5151 circa
992 5095 1233 5165 ejusdem
1259 5103 1468 5164 tempus
1495 5111 1779 5165 argumen-

207 5197 282 5254 ta,
311 5190 372 5243 ad
397 5190 778 5258 insequentem
807 5195 980 5241 tamen
1011 5202 1206 5240 annum
1252 5186 1363 5240 ullo
1391 5195 1546 5256 pacto
1571 5187 1780 5242 videtur

209 5281 590 5336 transferenda.

271 5370 428 5426 XXII.
459 5370 673 5441 Scripta
699 5385 784 5422 an.
807 5369 930 5424 584.
956 5397 1027 5409 --
1048 5367 1264 5422 Librum
1293 5368 1550 5424 adversus
1594 5368 1775 5424 Helvi-

209 5459 370 5524 dium,
425 5462 572 5518 unde
623 5460 782 5530 hujus
819 5460 884 5514 ad
918 5459 1266 5515 Eustochium
1317 5460 1559 5530 epistolze
1579 5461 1778 5517 certior

210 5552 408 5622 Epoclta
458 5556 676 5618 elucet,
730 5563 785 5606 ut
832 5553 990 5608 citius
1037 5540 1256 5607 Hieron.
1285 5553 1596 5622 scripserit,
1628 5563 1776 5608 certe

210 5661 301 5703 non
329 5658 456 5705 ante
483 5647 614 5702 anni
643 5645 770 5701 585.
793 5644 986 5712 linem;
1019 5645 1276 5714 ejusmodi
1306 5646 1448 5701 enim
1473 5646 1650 5701 verbis
1673 5645 1776 5700 uti-

212 5746 300 5803 tur,
326 5740 519 5810 quibus
540 5753 651 5794 non
676 5735 746 5791 ita
772 5736 978 5808 pridem
1005 5735 1228 5791 Romam
1257 5737 1565 5803 advenisse,
1595 5752 1657 5792 ac
1682 5736 1773 5793 diu

217 5828 468 5891 distulisse
493 5848 564 5889 ne
591 5828 882 5898 scriberet,
912 5829 1205 5900 protitctur.
1226 5827 1371 5885 Eum
1395 5838 1573 5887 tamen
1600 5828 1650 5886 in
1673 5829 1770 5888 hac

1887 2109 2114 2176 epistola
2160 2109 2231 2167 ita
2278 2112 2390 2182 jam
2422 2115 2689 2186 vulgatum
2720 2118 2883 2183 dicit,
2917 2127 2973 2174 ut
3022 2121 3226 2192 aliquot
3272 2123 3468 2180 saltem

1887 2215 2102 2256 menses
2126 2203 2320 2270 quibus
2343 2206 2409 2260 ad
2439 2208 2580 2276 vulgi
2609 2223 2796 2262 manus
2827 2209 3135 2275 devenerit,
3164 2213 3466 2268 subintelli-

1890 2303 1984 2356 gas
2011 2293 2368 2357 praecessisse.
2395 2294 2511 2348 .lam
2541 2298 2718 2364 itaque
2746 2299 2872 2352 58L
2903 2314 3076 2355 annus
3104 2300 3422 2357 decurrebat
3443 2343 3463 2369 ,

1892 2391 2011 2431 cum
2033 2373 2372 2437 Eustochium
2397 2384 2585 2456 insigni
2606 2386 2707 2441 hac
2728 2387 3094 2443 lucubratione
3112 2390 3180 2445 de
3195 2393 3458 2447 servanda

1893 2465 2205 2548 virginitate
2253 2487 2470 2528 monere
2521 2476 2718 2539 voluit,
2787 2478 3048 2548 siquidem
3098 2495 3198 2535 nec
3246 2482 3468 2538 domum

1889 2547 1948 2612 S.’
1975 2557 2182 2626 Paulae,
2212 2562 2363 2631 cujus
2392 2565 2476 2619 illa
2507 2576 2620 2622 erat
2648 2567 2754 2621 lilia
2777 2610 2793 2636 ,
2827 2547 2948 2624 cum
2995 2571 3178 2625 Romae
3215 2571 3465 2642 degeret,

1888 2651 2063 2703 statim
2083 2653 2244 2718 novit,
2269 2657 2374 2709 imo
2398 2667 2515 2724 post
2531 2667 2732 2714 tantum
2757 2664 3009 2728 temporis
3028 2660 3385 2730 intervallum,
3409 2672 3467 2720 ut

1886 2751 2167 2810 antequam
2187 2758 2450 2810 nosceret,
2483 2752 2707 2804 omnium
2721 2768 2845 2821 pene
2854 2752 3052 2823 judicio
3073 2755 3258 2824 dignus
3270 2770 3468 2811 summa

1886 2836 2167 2890 sacerdotio
2191 2838 2392 2894 decerni
2409 2843 2660 2898 virtutum
2688 2848 3055 2915 experimento
3074 2857 3258 2914 posset
3273 2863 3466 2917 quem-

1883 2925 2167 2983 admodum
2215 2931 2328 3000 ipse
2373 2935 2427 2988 in
2454 2938 2684 3006 epistola
2730 2937 2795 2992 ad
2843 2940 3074 2994 Asellam
3107 2941 3285 2994 tradit.
3318 2942 3468 2996 lusu-

1884 3031 1980 3085 per
1998 3027 2051 3074 et
2080 3019 2362 3076 Blaesillam
2420 3026 2689 3082 Eustachii
2734 3042 2974 3083 sororem
3004 3030 3272 3094 nominat,
3304 3046 3464 3100 quam

1884 3111 2110 3177 septimo
2126 3111 2236 3181 jam
2265 3129 2450 3170 mense
2481 3117 2750 3172 viduatam
2777 3118 2894 3187 eius
2922 3120 3047 3173 vitae
3079 3119 3463 3189 perfectionem

1884 3214 2124 3269 quaerere
2148 3219 2250 3258 non
2277 3205 2504 3262 obscure
2525 3208 2744 3262 indicat.
2779 3209 2870 3262 Illa
2892 3218 3075 3263 autem
3099 3208 3163 3262 ad
3185 3210 3308 3263 anni
3339 3223 3464 3277 pro-

1881 3291 2024 3346 xime
2049 3294 2424 3364 subsequentis
2454 3298 2662 3353 initium
2695 3300 2834 3354 l'acto
2862 3300 3042 3354 Iuncta
3071 3308 3187 3363 est,
3218 3309 3274 3353 ut
3302 3299 3464 3368 paulo

1884 3380 2019 3439 infra
2047 3387 2409 3443 ostendemus.
2455 3391 2532 3444 Ad
2575 3391 2690 3445 lucc
2719 3405 2838 3446 cum
2866 3407 2954 3446 an.
2984 3391 3108 3446 594.
3133 3400 3188 3445 ut
3213 3406 3311 3445 suo
3343 3391 3463 3446 loco

1884 3473 2039 3542 plane
2065 3478 2362 3542 constabit,
2386 3480 2646 3534 scriberet
2665 3480 2728 3534 ad
2757 3480 3127 3548 Nepotianum.
3149 3480 3465 3534 decennium

1882 3563 2074 3620 exinde
2099 3577 2384 3635 supputat,
2406 3584 2568 3637 seque
2591 3569 2721 3624 dicit
2746 3571 2974 3640 lapidato
2993 3571 3106 3640 jam
3143 3569 3464 3640 Virginitatis

1883 3655 2086 3723 libello,
2126 3674 2271 3726 quem
2317 3659 2377 3712 S.
2426 3659 2704 3714 Eustochio
2753 3662 2933 3716 Roma:
2977 3663 3290 3731 scripserat,
3345 3671 3465 3730 post

1884 3760 2044 3798 annos
2095 3747 2263 3800 decem
2299 3764 2474 3803 rursus
2517 3735 2770 3804 Bethleem
2819 3769 2910 3806 ora
2951 3769 3177 3807 reserare
3213 3770 3232 3808 :
3261 3769 3325 3807 ex
3357 3768 3466 3823 quo

1885 3834 2140 3889 subducta
2195 3837 2400 3890 ratione
2449 3837 2517 3892 de
2543 3855 2609 3893 eo
2658 3840 2800 3909 quod
2849 3842 3096 3909 epistolae
3138 3844 3467 3911 praefuimus

1887 3934 2127 3994 tempore
2149 3967 2162 3988 ,
2217 3925 2464 3981 dubitare
2506 3943 2609 3983 non
2659 3931 2806 3984 licet.
2837 3931 2940 3985 Sed
2987 3934 3164 4000 potius
3192 3949 3257 3986 ex
3286 3949 3465 3989 rerum

1887 4016 2024 4071 serie
2050 4023 2207 4084 atque
2247 4015 2362 4084 ipso
2395 4015 2634 4087 Catalogi
2681 4019 2867 4074 ordine
2909 4021 3160 4089 proxime
3207 4025 3454 4090 sequenti

1887 4104 2250 4176 postponenda
2284 4105 2544 4161 videatur.

1911 4197 1914 4200 ’
1959 4197 2147 4253 XXIII.
2168 4199 2372 4270 Scripta
2392 4199 2570 4253 eodem
2596 4218 2683 4255 an.
2715 4202 2844 4259 584.
2861 4234 2933 4244 -
2953 4204 3032 4260 Ex
3063 4206 3303 4276 pluribus
3329 4223 3464 4277 quas

1857 4318 1861 4320 ν
1885 4287 1950 4342 ad
1978 4288 2280 4344 Marcellam
2301 4291 2538 4345 exaravit
2566 4293 2837 4362 epistolis,
2872 4304 2927 4350 et
2948 4312 3173 4366 quarum
3197 4299 3459 4368 integrum

1884 4378 2078 4433 librum
2109 4380 2163 4434 in
2183 4379 2438 4452 Catalogo
2461 4383 2620 4449 citat,
2643 4385 3070 4456 quandoquidem
3096 4389 3161 4443 de
3189 4404 3332 4444 anno
3353 4405 3462 4460 quo

1885 4472 2106 4542 singulas
2140 4473 2289 4529 datae"
2316 4485 2474 4540 sunt,
2499 4475 2744 4533 dubitare
2772 4480 2929 4535 nobis
2977 4483 3063 4534 vix
3112 4481 3270 4548 licet,
3326 4482 3464 4539 hanc

1885 4579 2004 4633 qua“:
2032 4564 2095 4618 de
2113 4566 2250 4620 exitu
2275 4565 2393 4621 Leo:
2418 4567 2742 4634 inscribitur,
2779 4570 2951 4638 primo
2991 4571 3112 4627 loco
3135 4575 3458 4630 ceusendam

1885 4670 2005 4711 esse
2033 4657 2270 4712 arbitrati
2295 4673 2481 4712 sumus
2501 4701 2514 4722 ,
2549 4659 2686 4714 haud
2711 4661 2927 4730 quidem
2947 4703 2963 4727 ,
2995 4673 3054 4718 ut
3078 4680 3259 4720 verum
3291 4666 3459 4724 latea-

1887 4763 2006 4801 mur
2029 4747 2228 4817 liquido
2253 4749 2381 4803 satis
2407 4761 2749 4819 argumento,
2796 4767 2858 4806 ea
2899 4763 3077 4808 tamen
3117 4756 3420 4826 conjectura
3445 4799 3462 4824 ,

1886 4835 1972 4890 cui
2019 4851 2194 4890 rerum
2224 4837 2356 4891 ordo
2384 4838 2721 4909 sutl'ragatur.
2773 4841 3069 4910 HarcelIae,
3128 4845 3465 4916 aliarumque

1888 4925 2200 4980 Sanctarum
2218 4927 2494 4999 Virginum
2521 4930 2716 4998 choro,
2741 4949 2896 5001 quam
2926 4934 3251 4990 domesticam
3278 4936 3464 4993 Paulae

1887 5016 2169 5073 Ecclesium
2194 5029 2374 5088 vocat,
2405 5037 2523 5077 cum
2550 5024 2687 5093 apud
2715 5039 2806 5080 eas
2834 5036 2978 5081 esset
3022 5027 3166 5083 Hier.
3213 5030 3458 5084 Psalmo-

1887 5124 2002 5162 rum
2033 5109 2224 5164 librum
2255 5111 2352 5165 sibi
2373 5121 2672 5181 sumpserat
2693 5113 2758 5169 de
2784 5130 2878 5171 ore
2903 5119 3294 5186 exponendum.
3329 5117 3464 5177 I-line

1887 5199 2083 5271 passim
2111 5201 2364 5270 Epistula:
2389 5213 2711 5271 occurrunt,
2741 5221 2876 5274 quas
2903 5223 2968 5261 ex
3008 5209 3233 5278 alicujus
3261 5209 3460 5267 Psalmi

1887 5291 2166 5345 occasione
2195 5291 2375 5356 dedit,
2425 5295 2510 5348 vel
2546 5304 2600 5348 ut
2647 5296 2806 5350 altius
2857 5297 3186 5366 insiderent,
3218 5315 3338 5370 quae
3369 5319 3465 5358 ore

1889 5392 2039 5438 tenus
2065 5383 2389 5452 tradiderat,
2422 5386 2587 5442 fusius
2617 5389 2850 5457 exponit.
2881 5390 3136 5460 Exemplo
3185 5402 3342 5447 erunt
3385 5395 3464 5447 in-

1887 5476 2074 5546 primis
2104 5477 2218 5532 hmc
2249 5478 2357 5547 ipsa
2385 5493 2542 5547 quam
2596 5495 2704 5546 prin
2743 5480 2989 5534 manibus
3037 5481 3322 5548 habemus,
3351 5491 3462 5536 tum

1885 5567 1986 5620 alia
2010 5565 2074 5621 de
2096 5567 2265 5620 decem
2290 5565 2383 5619 Dei
2405 5567 2689 5622 nominibus
2706 5610 2719 5633 ,
2748 5569 2874 5622 item
2903 5568 2972 5623 de
3017 5569 3249 5622 Itebraico
3271 5567 3462 5636 Alpho-

1885 5654 1994 5710 beto
2012 5699 2024 5722 ,
2049 5665 2100 5710 et
2117 5673 2236 5726 qum
2259 5655 2449 5708 l’salmi
2472 5652 2748 5711 eeutcsimi
2773 5657 3007 5722 vigesimi
3032 5656 3164 5710 sexti
3183 5655 3294 5708 loca
3313 5670 3462 5725 qum-

1885 5746 2005 5801 dant
2037 5747 2300 5816 explanat.
2333 5745 2498 5800 Porro
2547 5748 2764 5801 minimc
2801 5747 2868 5798 sit
2892 5742 3194 5798 verosimile
3217 5784 3232 5808 ,
3267 5745 3459 5800 Hiero-

1885 5850 2104 5912 nymum
2152 5836 2358 5892 inverso
2403 5835 2588 5890 ordine
2618 5845 2704 5890 aut
2757 5832 3013 5897 confuso,
3055 5839 3209 5900 prout
3240 5836 3460 5907 quisque
