4004 6328
514 428 597 485 ιν
1946 415 2317 473 ranarum;

511 540 751 598 Psalmus
780 551 903 590 casu
935 541 1234 587 occurreret
1252 572 1266 596 ,
1317 531 1374 585 id
1395 529 1762 599 quodcumque
1789 536 1869 582 est
1895 525 2073 595 operis

512 632 780 698 exegisse,
813 625 904 680 sed
937 625 1086 678 initio
1116 640 1146 679 a
1182 624 1444 692 prioribus
1470 620 1609 675 facto
1629 661 1646 685 ,
1679 619 1998 688 processisse
2023 625 2079 669 ut

512 735 610 788 par
633 725 747 772 erat
774 717 838 770 ad
871 717 1193 784 posteriores
1216 755 1232 776 ,
1257 714 1485 767 maxime
1507 726 1627 764 cum
1659 711 1709 763 in
1733 709 1860 778 ipsis
1890 707 2080 761 litteris

511 810 641 864 nihil
675 808 782 862 fere
810 815 1055 862 occurrat
1080 804 1225 874 quod
1266 804 1574 872 refragetur.
1607 800 1832 854 Proinde
1861 799 1976 853 lucc
2001 799 2076 852 ad

510 898 811 953 Marcellam
840 911 960 951 cum
985 911 1016 950 e
1047 895 1236 949 Psalmi
1266 893 1454 947 ordine
1482 907 1543 946 ac
1569 907 1790 945 numero
1809 930 1826 955 ,
1858 898 2086 944 caeteras

507 996 805 1044 antevertat
823 1028 838 1052 ,
882 985 1076 1041 iisdem
1097 985 1254 1038 etiam
1284 984 1401 1037 loco
1423 981 1656 1050 prml'crri
1684 978 1965 1032 commode
1993 977 2076 1029 vi-

508 1098 626 1136 sum
678 1088 758 1134 cst
791 1077 1014 1133 :eodem
1065 1077 1115 1129 in
1159 1075 1373 1140 reliquis
1401 1079 1645 1140 respectu
1693 1069 1910 1135 habito,
1957 1083 2076 1137 qua:

508 1173 730 1242 integris
757 1167 1128 1233 Chronologia:
1157 1164 1374 1218 calculis
1401 1172 1454 1216 et
1480 1177 1712 1232 congrue
1760 1160 1924 1227 magis
1968 1159 2080 1211 suis

509 1278 735 1333 quaeque
761 1262 891 1314 locis
908 1259 1217 1313 succedunt.
1236 1258 1420 1311 Annus
1439 1256 1579 1308 enim
1601 1269 1735 1307 unus
1754 1263 1912 1320 atque
1935 1250 2076 1304 idem

508 1358 620 1410 fere
649 1353 884 1408 omnium
914 1362 1026 1412 est,
1075 1349 1321 1402 nimirum
1366 1347 1489 1402 584.
1534 1345 1621 1414 qui
1650 1343 1981 1412 apertissime
2010 1356 2072 1394 ex

511 1445 610 1498 hac
653 1442 809 1510 priori
840 1441 1102 1501 statuitur,
1140 1439 1196 1491 in
1222 1453 1323 1506 qua
1353 1436 1471 1489 Leze
1517 1442 1742 1487 mortem
1801 1446 1922 1485 cmn
1975 1429 2076 1483 de-

509 1535 697 1604 signati
729 1532 977 1587 Consulis
998 1572 1011 1594 ,
1063 1529 1266 1583 scilicet
1295 1527 1590 1580 Praetextati
1611 1566 1626 1588 ,
1657 1524 1748 1592 qui
1791 1522 1889 1576 sub
1937 1521 2075 1574 idem

512 1635 722 1693 tempus
749 1623 951 1676 obierat
973 1661 990 1685 ,
1022 1631 1192 1673 morte
1231 1617 1505 1686 componit
1537 1633 1551 1667 :
1580 1628 1771 1681 nempe
1798 1612 1945 1666 illum
1978 1610 2080 1665 hoc

509 1735 650 1773 anno
674 1733 704 1772 e
729 1716 863 1769 vivis
881 1714 1176 1768 excessisse
1193 1719 1401 1766 Constat
1421 1726 1482 1762 ex
1506 1705 1806 1778 Symmachi
1831 1704 2072 1772 epistola,

508 1825 609 1877 qua
631 1808 981 1876 Imperatores
999 1804 1330 1871 deprecatur,
1351 1809 1406 1853 ut
1425 1807 1652 1853 statuam
1675 1792 1910 1848 defuncti
1930 1793 2077 1860 ejus~

507 1899 627 1952 dem
659 1897 929 1950 Senatoris
953 1893 1220 1948 memorim
1241 1890 1484 1946 Collocari
1511 1887 1840 1956 permittant.

582 1985 766 2041 XXIV.
801 1986 1005 2048 Scripta
1036 1982 1186 2035 biduo
1218 1990 1326 2049 post
1354 1981 1678 2048 superiorem.
1701 1975 1922 2042 —Qu:e
1946 1972 2074 2028 sub-

508 2081 748 2147 sequitur
775 2075 843 2130 de
887 2073 1121 2128 laudibus
1162 2071 1347 2126 Asella:
1403 2069 1563 2122 biduo
1595 2076 1713 2137 post
1741 2066 2073 2136 superiorem

508 2169 626 2223 data
656 2177 756 2222 est.
793 2165 1002 2218 Nudius
1030 2165 1235 2224 tertius,
1285 2162 1451 2228 inquit
1475 2201 1488 2222 ,
1536 2159 1599 2212 de
1627 2160 1781 2212 beata
1823 2159 2078 2211 memoria

507 2258 611 2312 Leu
635 2259 808 2328 aliqua
835 2258 1139 2309 dixeramus.
1172 2251 1322 2306 Illico
1354 2251 1566 2321 pupugit
1593 2251 1818 2301 animum
1863 2257 1911 2300 et
1951 2249 2076 2300 milii

506 2349 635 2402 venit
661 2349 712 2400 in
741 2357 950 2400 mentem
977 2361 1076 2398 non
1106 2343 1283 2396 debere
1310 2359 1400 2394 nos
1439 2351 1602 2393 tacere
1624 2341 1687 2392 de
1723 2339 1926 2409 Virgine
1945 2378 1967 2404 ,.
1987 2339 2073 2407 qui

511 2439 574 2492 de
604 2438 822 2491 secundo
847 2436 1022 2488 ordine
1049 2434 1292 2488 castitatis
1314 2433 1463 2486 locuti
1492 2447 1690 2484 sumus.

577 2525 744 2582 XXV.
767 2525 956 2579 XXVI.
1005 2521 1218 2577 XXVII.
1265 2519 1498 2576 XXVIII.
1545 2529 1599 2575 et
1626 2518 1821 2573 XXIX.
1853 2517 2074 2587 Scripta

505 2637 591 2675 an.
623 2619 744 2675 εει.
776 2646 846 2658 -
865 2617 1106 2685 Quinque
1134 2629 1233 2668 una
1261 2613 1641 2683 subsequentes
1675 2611 1742 2664 ad
1770 2609 2074 2664 Marcellam

505 2710 743 2780 epistolae
769 2717 977 2775 tempus
1001 2714 1158 2776 atque
1173 2704 1412 2759 ordinem
1433 2715 1586 2758 suum
1603 2716 1632 2754 a
1656 2702 1830 2772 priore
1846 2700 1936 2754 25.
1957 2715 2076 2753 mu-

508 2810 740 2854 tuantur.
769 2799 983 2854 Scilicet
1017 2795 1254 2866 proxima
1275 2810 1394 2863 quae
1417 2794 1480 2847 de
1498 2792 1798 2863 quibusdam
1827 2790 2076 2844 hebraicis

507 2892 662 2944 verbis
717 2890 1034 2953 inscribitur,
1087 2887 1174 2942 ubi
1229 2901 1410 2941 vocem
1451 2884 1671 2938 Alleluia
1714 2883 1978 2950 explicat,
2009 2879 2075 2934 Ia

510 2981 598 3034 Dei
639 2995 828 3033 nomen
851 3019 865 3038 .
897 2993 1002 3048 quo
1051 2993 1152 3030 vox
1203 2979 1293 3030 illa.
1321 2976 1658 3042 componitur
1680 3014 1695 3035 ,
1728 2980 1979 3041 supponit
2006 2986 2071 3024 ex

505 3069 775 3136 superiore
803 3067 998 3120 dudum
1042 3066 1350 3120 innotuisse.
1383 3065 1561 3118 Altera
1595 3065 1645 3116 in
1674 3061 1830 3128 hujus
1874 3058 2064 3113 delen-

504 3161 707 3213 sionem
736 3159 982 3212 scribitur
1007 3154 1196 3211 Contra
1218 3157 1570 3208 obtrectatores
1593 3194 1608 3214 ,
1641 3151 1900 3218 siquidem
1919 3189 1937 3216 ,
1981 3149 2066 3202 in-

505 3253 619 3320 quit
636 3290 652 3314 ,
683 3259 793 3320 post
820 3255 1035 3320 priorem
1058 3247 1340 3317 Epistolam
1368 3249 1420 3300 in
1444 3262 1543 3314 qua
1570 3244 1632 3297 de
1649 3242 1880 3296 Hebraeis
1913 3241 2074 3295 verbis

507 3355 668 3410 pauca
695 3341 1078 3406 perstrinxeram
1101 3338 1168 3391 ad
1198 3353 1275 3391 me
1296 3346 1497 3404 repente
1523 3335 1770 3401 perlatum
1797 3342 1868 3385 est
1884 3374 1902 3398 ,
1921 3346 2074 3400 quos-

507 3431 625 3484 dam
647 3431 972 3484 Itomunculos
989 3431 1114 3501 mihi
1142 3430 1364 3482 studiose
1383 3427 1663 3479 detrahere.
1691 3423 1828 3476 Duas
1846 3421 2076 3491 reliquas

505 3537 598 3577 seu
625 3521 710 3578 28.
734 3534 789 3576 et
813 3522 904 3577 ‘29.
936 3537 1156 3590 quarum
1202 3520 1290 3572 illa
1331 3520 1392 3572 de
1420 3516 1798 3587 Diapsalmate,
1847 3514 1966 3568 luec'
2008 3511 2076 3567 de

506 3612 690 3682 Ephod
709 3623 755 3668 et
791 3613 1058 3682 Temphim
1079 3613 1212 3681 agit,
1245 3611 1297 3662 in
1325 3609 1508 3663 eadem
1535 3607 1597 3660 de
1623 3605 1851 3659 Hebrwis
1869 3602 2075 3657 vocibus

505 3705 820 3775 scripturum
862 3719 919 3759 se
946 3703 1057 3760 fore
1101 3702 1448 3770 promiserat,
1479 3696 1619 3768 quod
1667 3695 1844 3750 statim
1889 3695 2078 3764 imple-

503 3795 644 3850 visse
661 3811 724 3850 ex
749 3795 1022 3863 utriusque
1041 3800 1290 3847 contextu
1307 3799 1545 3859 apparet.
1566 3787 1871 3844 Succedunt
1896 3788 2076 3856 itaque

505 3888 603 3942 sibi
631 3887 850 3958 singula:
881 3900 1164 3956 paucorum
1211 3883 1321 3937 fere
1369 3883 1572 3936 dierum
1617 3880 1917 3935 iuterstitiis
1947 3895 1960 3931 :
1997 3880 2075 3935 sic

505 3987 684 4033 tamen
710 3987 767 4031 ut
794 3979 960 4044 scias,
1014 3977 1246 4047 priorem
1278 3974 1423 4029 illam
1468 3989 1588 4044 quze
1618 3971 1685 4026 X.
1716 3971 1810 4026 Dei
1862 3973 2076 4026 nomina

505 4069 903 4136 interpretatur,
934 4084 997 4124 ex
1029 4083 1128 4137 qua
1160 4068 1380 4136 reliqua:
1406 4066 1671 4137 pendent,
1700 4064 1840 4134 quod
1867 4081 1935 4119 ex
1967 4079 2067 4118 no-

507 4158 759 4227 nagesimi
785 4157 974 4210 Psalmi
995 4157 1272 4212 occasione
1288 4165 1500 4210 exarata
1522 4158 1610 4217 sit,
1636 4155 1786 4222 juxta
1804 4168 1960 4222 quam
1982 4167 2076 4206 su-

507 4265 598 4318 pra
612 4248 952 4316 exposuimus
963 4249 1320 4313 eonjecturam
1341 4257 1597 4310 nostram,
1616 4243 1822 4300 cwteris
1838 4243 2080 4312 apprime

506 4338 959 4395 consentientibus
1001 4337 1357 4407 chronologia:
1411 4337 1572 4401 notis,
1619 4335 1684 4388 ad
1738 4350 1858 4389 eum
1903 4333 2080 4388 locum

505 4441 804 4486 revocatum
845 4444 874 4483 a
919 4429 1069 4484 nobis
1111 4444 1268 4492 esse,
1299 4443 1501 4497 suoque
1526 4427 1696 4481 ordini
1745 4426 2068 4481 restitutam.

577 4518 747 4572 XXX.
772 4517 966 4574 XXXI.
993 4518 1208 4573 XXXII.
1234 4519 1454 4588 Scripta:
1472 4535 1606 4571 anno
1625 4517 1748 4573 584.
1767 4517 1844 4572 vel
1869 4516 2077 4572 385.—

509 4607 711 4662 Eodem
748 4619 1094 4677 argumento,
1125 4625 1243 4677 qua)
1271 4608 1338 4663 de
1390 4607 1641 4662 Hebraico
1686 4607 1966 4680 Alphabeto
1996 4618 2079 4664 est

509 4696 576 4750 ad
632 4696 881 4764 Paulam,
935 4698 1212 4753 subdimus
1263 4699 1363 4752 hoc
1405 4699 1554 4764 loco,
1585 4699 1780 4768 quippe
1807 4715 1924 4770 qua:
1961 4715 2078 4754 eum

509 4787 829 4841 centesimum
858 4798 1086 4842 octavum
1134 4790 1378 4843 decimum
1407 4791 1658 4861 psalmum
1704 4791 1964 4847 insinuare
1987 4808 2078 4846 co-

511 4883 717 4928 naretur
758 4861 1144 4947 Hieronymus,
1177 4877 1370 4932 dictata
1423 4887 1522 4934 est.
1551 4880 1680 4948 Quin
1725 4884 1968 4948 sequitur
2011 4882 2078 4937 ad

512 4961 845 5019 Eustochium
873 4969 936 5021 de
963 4967 1282 5023 Munusculis
1313 4971 1518 5026 labente
1547 4971 1696 5041 junio
1745 4971 1902 5041 hujus
1929 4973 2078 5040 anni,

513 5053 652 5110 festo
679 5055 768 5110 die
794 5056 995 5112 Natalis
1025 5057 1167 5114 Beati
1216 5060 1357 5114 Petri
1396 5063 1770 5132 Apostolorum
1825 5047 2087 5134 principis.

523 5145 644 5199 data
671 5155 772 5199 est.
800 5146 933 5202 Cum
961 5164 1087 5203 vero
1114 5148 1252 5204 hunc
1280 5153 1435 5205 simul
1478 5161 1636 5222 atque
1663 5155 1804 5209 illam
1825 5195 1839 5218 ,
1869 5169 1936 5211 ne
1974 5154 2085 5209 fru-

526 5244 638 5290 stra
655 5252 685 5290 a
702 5251 760 5291 se
780 5239 981 5294 litteras
998 5243 1311 5310 postulasset
1330 5243 1568 5300 Marcella
1579 5247 1812 5303 .breviori
1831 5248 1902 5302 illi
1925 5263 2082 5318 quam

524 5327 593 5381 ad
624 5341 741 5382 eam
768 5328 918 5393 fecit,
948 5331 1208 5388 addiderit
1229 5375 1243 5398 ,
1273 5344 1380 5390 tres
1424 5352 1526 5391 una
1550 5338 1802 5406 epistolas
1826 5340 2083 5408 paucissi-

523 5415 627 5471 mis
672 5417 810 5473 inter
857 5435 916 5476 se
963 5421 1149 5480 diebus
1193 5425 1391 5481 distare
1427 5428 1705 5498 intelligis;
1737 5444 1912 5498 neque
1939 5430 2084 5483 enim

517 5508 619 5562 nisi
645 5508 691 5563 si
719 5513 1079 5570 recentissima
1119 5528 1326 5584 essent,
1352 5534 1472 5589 qua:
1500 5520 1621 5574 aliis
1650 5520 1704 5574 in
1734 5535 1837 5573 una
1868 5528 2079 5584 tamen,

518 5607 675 5670 atque
695 5602 879 5659 eadem
909 5605 1068 5662 domo
1093 5610 1432 5666 manentibus
1454 5612 1650 5680 scripta
1674 5610 1883 5666 fuerant
1901 5651 1920 5677 ,
1942 5612 2079 5667 Mar-

519 5690 669 5744 cellze
692 5693 946 5750 mittenda
968 5706 1119 5753 erant
1139 5739 1154 5763 ,
1178 5699 1331 5769 quasi
1355 5715 1461 5755 non
1489 5701 1636 5770 prius
1655 5701 1834 5754 audita
1855 5741 1872 5764 ,
1903 5709 1959 5753 ut
1980 5695 2081 5756 sibi

521 5797 730 5850 quoque
753 5795 940 5854 putare
962 5799 1138 5858 posset
1169 5791 1332 5848 fuisse
1357 5802 1592 5848 exarata.
1623 5791 1737 5846 Alia
1769 5791 2070 5860 lmjusmodi

3650 429 3761 493 ινιτ

2191 537 2499 595 argumenta
2530 531 2583 584 in
2609 547 2668 587 re
2708 547 2958 605 perquam
2989 547 3130 592 certa
3160 537 3437 594 brevitatis
3466 558 3592 612 ergo
3622 559 3750 614 prae-

2188 619 2424 672 terimus.
3460 626 3472 637 ’

2259 709 2490 766 XXXIII.
2539 715 2744 786 Scripta
2780 721 2912 789 forte
2939 721 3111 774 eodem
3139 732 3378 792 tempore.
3407 755 3477 766 —
3500 726 3744 796 Ejusdem

2188 803 2442 869 temporis
2473 805 2680 859 videtur
2711 809 2976 878 trigesima
3023 813 3173 866 tertia
3217 814 3286 866 ad
3326 815 3569 884 Paulam,
3606 821 3748 890 cujus
3833 806 3835 809 V

2187 898 2362 946 tamen
2391 909 2497 949 non
2529 897 2626 950 nisi
2655 897 3005 967 fragmentum
3051 914 3317 971 superest,
3346 909 3486 976 quod
3528 909 3632 965 huc
3659 913 3747 967 ad-

2184 983 2373 1037 scitum
2404 995 2485 1039 est
2510 1001 2574 1040 ex
2600 986 2795 1043 H'uflini
2828 990 3214 1048 lnvectivarum
3240 999 3480 1052 secundo
3510 999 3668 1054 libro.

2253 1071 2492 1128 XXXIV.
2519 1074 2725 1145 Scripta
2743 1083 2862 1132 circ.
2885 1080 3022 1134 idem
3040 1091 3193 1151 temp.
3219 1114 3292 1124 —
3315 1085 3480 1156 Hujus
3501 1091 3748 1157 temporis

2182 1179 2302 1217 esse
2327 1164 2464 1219 hanc
2488 1168 2553 1220 ad
2587 1168 2885 1224 Marcellam
2908 1171 2977 1226 de
3007 1173 3218 1227 Psalmo
3246 1175 3366 1229 126.
3400 1193 3560 1233 nemo
3599 1179 3747 1235 facile

2183 1253 2697 1324 dubitaverit..Quod
2714 1269 2892 1314 autem
2913 1262 3012 1316 hoc
3029 1263 3214 1319 ordine
3232 1268 3760 1334 censeatur,.Psalmi>

2182 1344 2313 1396 ordo
2339 1343 2481 1399 facit.

2253 1431 2403 1498 Quod
2447 1437 2490 1488 si
2537 1435 2802 1503 Bullinus,
2850 1449 2905 1494 ut
2945 1444 3248 1500 verosimile
3285 1454 3386 1509 est.
3429 1447 3759 1503 examussim-

2185 1524 2439 1592 temporis
2479 1527 2722 1581 ordinem
2751 1531 2802 1582 in
2843 1529 2924 1586 his
2952 1535 3295 1590 recensendis
3323 1536 3746 1608 Hieronymianis

2181 1615 2420 1681 epistolis
2451 1615 2687 1674 XXXIII.
2715 1619 2952 1676 XXXIV.
2983 1633 3037 1678 et
3063 1625 3240 1680 VLlll.
3268 1630 3499 1682 servavit
3524 1629 3577 1683 in
3606 1631 3747 1699 Apo-

2183 1702 2287 1772 log.
2336 1704 2407 1757 lib
2447 1705 2510 1762 II.
2549 1723 2666 1777 cap.
2705 1711 2791 1764 l7.
2831 1722 2882 1766 et
2913 1714 2996 1769 18.
3039 1731 3357 1787 quamquam
3399 1719 3464 1772 ad
3506 1720 3746 1775 eumdem

2180 1807 2366 1847 omnes
2391 1811 2588 1850 annum
2622 1801 2940 1868 pertineant,
2964 1804 3154 1859 ordine
3183 1816 3355 1860 tamen
3389 1808 3604 1862 inverso
3633 1824 3756 1876 pro-

2181 1887 2402 1939 cesserit
2443 1889 2626 1944 istInrc
2670 1892 3012 1960 praecedenti,
3044 1905 3102 1950 et
3138 1898 3374 1968 utrisque
3419 1901 3532 1969 ipsa
3566 1901 3744 1957 XLIII.

2181 1979 2535 2044 proponenda
2565 1981 2687 2034 erit.

2253 2064 2470 2122 XXXV.
2499 2080 2554 2124 et
2587 2069 2826 2128 XXXVI.
2853 2074 3073 2144 Scripta
3095 2079 3215 2131 circ.
3247 2095 3332 2133 an.
3366 2080 3492 2135 585.
3520 2111 3592 2122 -—
3618 2083 3758 2138 Cum-

2179 2155 2391 2212 Damasi
2438 2161 2714 2229 epistolam
2757 2167 2963 2234 accepit
3011 2167 3386 2239 Hieronymus,
3430 2171 3620 2226 librmn
3663 2173 3746 2227 Dii-

2179 2246 2323 2317 dymi
2347 2248 2411 2302 de
2435 2249 2633 2318 Spiritu
2664 2253 2860 2308 Sancto
2890 2255 3076 2310 Latine
3105 2259 3474 2327 explicandum
3501 2276 3748 2332 suscepe-

2180 2347 2281 2402 rat,
2310 2356 2464 2407 quem
2487 2342 2726 2408 ejusdem
2755 2344 3026 2399 Pontiticis
3049 2351 3246 2402 nemini
3268 2351 3477 2405 volebat
3499 2354 3752 2417 inscribi;

2179 2429 2625 2496 quemadmodum
2655 2435 2766 2502 ipse
2791 2434 2850 2488 in.
2871 2437 2988 2503 ejus
3010 2437 3128 2491 libri
3153 2439 3472 2496 Pricl‘atione
3500 2451 3741 2498 testatur.

2177 2522 2282 2576 Sed
2310 2523 2420 2589 ille,
2450 2525 2539 2593 qui
2567 2524 2624 2578 S.
2658 2526 2937 2580 Doctorcm
2965 2529 3169 2596 primus
3197 2531 3498 2599 impulerat,
3529 2545 3588 2588 ut
3617 2537 3756 2592 illud-

2179 2614 2490 2682 opusculum
2531 2615 2583 2670 in
2613 2616 2856 2671 Latinam
2897 2619 3130 2687 linguam
3172 2624 3504 2690 transferret,
3551 2627 3752 2684 Roma-

2178 2717 2280 2758 nus
2307 2703 2566 2768 Pontifex,
2595 2706 3015 2775 interpretationi
3045 2726 3163 2779 qlia:
3192 2713 3494 2780 parabatur,
3525 2717 3749 2771 immor-

2179 2803 2299 2849 tuus
2331 2805 2442 2858 est;
2486 2812 2550 2850 ex
2598 2813 2706 2865 quo
2752 2799 2883 2853 satis
2927 2809 3073 2856 recte
3119 2803 3387 2873 colligitur
3432 2808 3587 2874 paulo
3623 2817 3756 2864 ante-

2179 2885 2297 2952 ejus
2333 2887 2534 2940 obitum
2563 2903 2775 2941 manum
2805 2891 2953 2958 operi
2981 2891 3360 2964 Hieronymum
3401 2896 3702 2954 admovisse
3728 2917 3742 2952 :

2178 2977 2265 3043 qui
2293 2976 2444 3029 labor
2479 2977 2580 3030 sibi
2628 2979 2679 3031 in
2711 2980 2980 3034 vertendis
3024 2997 3055 3036 e
3097 2983 3285 3037 Graeco
3317 2984 3466 3038 libris
3507 2987 3752 3056 apprime

2180 3066 2436 3120 instrueto
2475 3067 2624 3122 etde
2663 3085 2814 3124 more
2841 3072 3150 3140 preperanti
3181 3089 3285 3128 non
3327 3063 3425 3128 nisi
3455 3091 3756 3145 paucorum

2177 3157 2382 3210 dierum
2412 3156 2625 3225 fuisset,
2670 3159 2770 3213 nisi
2815 3161 2947 3215 forte
2982 3163 3103 3216 aliis
3131 3163 3614 3219 elucubrationilms
3644 3166 3745 3220 im-

2181 3247 2409 3315 peditus,
2440 3249 2577 3303 hanc
2605 3251 2976 3309 intermiserit;
3009 3261 3116 3306 tum
3141 3268 3260 3323 qua:
3281 3254 3490 3309 Damasn
3521 3266 3753 3310 mortem.

2181 3341 2450 3408 prrecessit
2494 3341 2864 3410 aegritudinem
2907 3353 3175 3408 causatus,
3223 3359 3335 3398 rem
3379 3348 3648 3399 distulerit
3694 3346 3757 3400 in-

2181 3430 2434 3485 laturum.
2465 3431 2631 3486 Porro
2665 3431 2946 3487 defunctus
2975 3444 3059 3488 est
3099 3435 3354 3488 Damasus
3381 3434 3485 3491 hoc
3511 3451 3654 3491 anno
3681 3453 3747 3492 ex

2178 3521 2660 3576 vetustissimorum
2681 3523 3173 3594 Martyrologiorum
3199 3527 3301 3580 fide
3330 3527 3635 3582 Decembris
3657 3529 3747 3584 l0.

2179 3611 2261 3664 vel
2303 3612 2387 3664 Η.
2436 3612 2556 3676 die;
2601 3623 2760 3681 atque
2804 3614 2938 3668 adeo
2980 3615 3097 3683 ejus
3135 3631 3287 3686 teque
3323 3631 3388 3672 ac
3435 3616 3748 3688 Hieronymi

2179 3703 2425 3770 epistola,
2467 3718 2570 3770 qua
2609 3701 2838 3774 Didymi,
2883 3705 3072 3774 inquit.
3111 3704 3174 3760 de
3213 3705 3414 3775 Spiritu
3452 3705 3645 3762 Sancto
3688 3708 3754 3760 li-

2180 3793 2324 3846 brum
2361 3793 2415 3846 in
2462 3794 2690 3849 manibus
2732 3795 2910 3858 habeo,
2955 3811 3102 3865 quens
3143 3797 3440 3850 translatum
3479 3796 3568 3851 tibi
3596 3799 3762 3866 cupio

2179 3884 2430 3950 dedicare,
2470 3882 2626 3940 facile
2656 3899 2882 3942 mortem
2913 3902 3018 3939 uno
3063 3895 3154 3941 aut
3192 3887 3362 3940 altero
3393 3903 3578 3944 mense
3605 3904 3750 3956 prae-

2180 3977 2425 4032 cesserit.
2449 3977 2504 4032 Si
2531 3987 2706 4033 tamen
2729 3978 2890 4032 latius
2911 3978 3247 4033 intervallum
3271 3979 3604 4035 comminisci
3631 3981 3769 4050 quis

2180 4069 2330 4129 velit.
2361 4078 2520 4138 atque
2556 4069 2624 4123 ad
2661 4085 2787 4124 ann.
2829 4070 2952 4127 584.
2985 4069 3282 4138 retrahere,
3313 4069 3572 4142 probabili
3598 4087 3762 4141 aeque

2181 4169 2495 4226 argumento
2523 4168 2721 4215 utatur.

2255 4249 2518 4306 XXXVII.
2578 4252 2784 4322 Scripta
2828 4255 2949 4306 circ.
3001 4253 3136 4306 idem
3183 4263 3395 4321 tempus.
3424 4280 3496 4292 —
3522 4252 3756 4308 Rbeticii

2182 4341 2595 4398 connnentarios
2626 4343 2677 4396 in
2716 4344 2930 4397 Cantica
2985 4341 3169 4410 Nuper
3203 4345 3420 4413 legerat,
3463 4358 3584 4396 cum
3616 4343 3762 4398 hanc

2184 4430 2465 4498 epistolam
2486 4447 2607 4502 qua:
2627 4432 2696 4487 de
2721 4432 2911 4488 iisdem
2936 4433 3262 4499 inscribitur,
3290 4432 3553 4486 Marcellae
3578 4432 3754 4487 dedit.

2184 4520 2362 4577 Facile
2381 4532 2556 4578 autem
2584 4522 2774 4593 legerit
2791 4525 2891 4579 sub
2916 4522 3056 4579 idem
3081 4533 3308 4593 tempus,
3343 4538 3448 4593 quo
3475 4523 3608 4577 duas
3627 4524 3766 4578 Ori-

2181 4615 2334 4682 genis
2381 4614 2628 4669 homilias
2655 4614 2706 4668 in
2735 4613 3010 4669 Canticum
3052 4614 3379 4667 canticorum
3412 4613 3574 4667 latine
3595 4615 3769 4668 vertit

2185 4711 2242 4759 et
2287 4705 2514 4758 Damaso
2558 4703 2845 4768 dedicavit,
2888 4703 3140 4758 nimirum
3182 4712 3238 4756 ut
3282 4692 3471 4757 sensus
3524 4702 3764 4758 invicem

2187 4793 2459 4861 utriusque
2500 4793 2752 4847 Auctoris
2801 4792 3178 4854 eruditionem,
3206 4800 3363 4860 atque
3400 4791 3451 4844 in
3484 4791 3765 4860 interpre-

2188 4884 2362 4938 tandis
2389 4882 2676 4953 Scripturis
2706 4883 2972 4952 ingenium
2999 4867 3287 4938 conferret.
3321 4880 3479 4936 Certe
3505 4897 3595 4937 an.
3626 4885 3765 4940 584.

2188 4975 2443 5029 llomilias
2468 4975 2586 5029 illas
2613 4975 2803 5028 latinas
2829 4974 2972 5039 fecit,
2997 4988 3128 5039 quas
3155 4974 3208 5028 in
3229 4972 3470 5041 catalogo
3491 4976 3771 5043 superiori

2186 5069 2252 5121 ad
2310 5067 2590 5122 Damasum
2635 5067 2875 5137 epistola:
2917 5068 3096 5122 statim
3139 5064 3316 5119 subdit
3349 5080 3364 5116 :
3395 5079 3494 5118 nec
3537 5065 3642 5120 alia
3693 5081 3771 5123 ex

2187 5167 2339 5228 parte
2363 5159 2478 5214 tunc
2503 5159 2616 5228 ipsa
2658 5159 2724 5213 ad
2765 5157 3067 5212 Marcellam
3094 5156 3315 5226 epistola
3338 5154 3406 5210 ad
3452 5155 3615 5212 alium
3657 5173 3772 5213 an-

2189 5265 2315 5303 num
2341 5249 2619 5303 commode
2650 5247 2840 5303 referri
2883 5257 3078 5316 potest.
3117 5247 3376 5316 siquidem
3418 5246 3606 5303 Roma:
3633 5249 3773 5306 data

2187 5350 2291 5404 est,
2313 5353 2416 5407 qua
2445 5338 2513 5392 de
2539 5353 2598 5392 re
2622 5353 2778 5392 nemo
2814 5353 3046 5406 unquam
3076 5337 3416 5393 dubitaverit.
3441 5336 3616 5394 Unius
3647 5340 3774 5396 ita-

2187 5443 2291 5497 que
2329 5427 2454 5481 anni
2492 5437 2716 5495 utraque
2752 5426 3048 5481 lucubratio
3075 5442 3194 5481 cum
3221 5428 3308 5492 sit,
3345 5439 3776 5498 respectumque

2190 5518 2328 5572 inter
2365 5531 2425 5570 se
2467 5515 2608 5571 hunc
2642 5515 2890 5582 habeant,
2931 5525 2989 5569 ut
3029 5531 3132 5570 una
3160 5516 3312 5570 alteri
3350 5519 3776 5576 conscribendas

2190 5608 2524 5662 occasionem
2569 5608 2808 5677 praebere
2844 5609 3096 5678 potuerit,
3139 5609 3205 5664 ad
3251 5617 3584 5681 postremam
3632 5616 3779 5671 anni

2193 5708 2415 5766 partem,
2456 5698 2542 5752 cui
2567 5699 2710 5766 prior
2743 5700 3029 5756 ascribitur
3057 5741 3073 5767 ,
3103 5700 3217 5756 haec
3268 5699 3467 5768 pariter
3497 5703 3784 5774 probabili

2192 5791 2498 5866 conjectura
2523 5790 2706 5848 referri
2731 5793 2916 5863 possit.
3585 5813 3592 5820 θ
