4004 6328
183 426 255 484 LV
265 423 304 480 II

244 533 521 595 XXXVIII.
579 533 787 602 Scripta
826 530 954 583 'circ.
1001 543 1086 582 an.
1131 523 1258 581 585.
1291 551 1361 563 —
1387 517 1741 590 Trigcsimam

183 643 406 686 ceteram
433 629 500 682 mi
519 626 763 682 eamdem
783 621 1106 686 Marcellam,
1130 616 1273 689 quod
1292 614 1469 671 serius
1494 625 1743 668 recense-

183 738 310 784 mus,
350 731 405 776 et
443 720 568 774 anni
596 719 720 773 385.
754 716 906 770 initio
933 711 1278 784 prrellgimus,
1307 707 1424 762 lucc
1464 705 1517 759 in
1556 701 1744 773 primis

183 816 383 876 faciunt,
411 827 530 882 qua:
563 811 616 863 in
649 807 955 874 pr:efalione
1009 799 1518 856 commentariorum
1566 794 1619 847 in
1651 791 1744 846 Ec-

179 905 466 962 clesiastem
493 901 564 957 de
593 898 823 955 Blaesilla
858 897 970 966 ipse
999 893 1144 948 Hier.
1170 895 1374 944 narrat.
1404 883 1615 940 Memini
1643 897 1743 946 me,

178 995 353 1064 inquit,
386 1003 506 1046 ante
534 993 632 1045 hoc
651 991 809 1060 ferme
827 985 1220 1058 quinquennium
1240 996 1354 1033 cum
1381 977 1548 1030 adduc
1571 975 1747 1029 Romrz

177 1104 337 1150 essem,
360 1095 406 1140 et
427 1083 791 1138 Ecclesiastem
817 1090 1008 1132 sancta:
1039 1073 1278 1130 Bltcsilla:
1303 1073 1534 1141 legerem.
1561 1077 1614 1120 ut
1635 1080 1747 1118 eam

175 1180 235 1230 ad
265 1187 610 1244 contemptum
652 1173 797 1226 istius
834 1169 1004 1224 seaculi
1036 1179 1471 1236 provocarem.....
1514 1167 1747 1227 rogatum

175 1269 229 1319 ab
255 1284 330 1328 ea,
362 1274 416 1318 ut
443 1269 496 1317 in
521 1280 714 1317 morem
739 1257 1142 1314 commentarioli
1171 1256 1380 1308 obscura
1401 1264 1611 1320 quatque
1634 1247 1741 1300 dis-

175 1375 393 1419 sererent,
444 1368 497 1408 ut
535 1359 724 1422 absque
765 1369 843 1406 me
871 1360 1035 1422 posset
1076 1349 1350 1417 intelligere
1374 1359 1488 1411 qius
1526 1339 1740 1411 legebat.

174 1446 340 1517 Itaque
366 1447 616 1516 quoniam
645 1447 696 1498 in
727 1444 986 1515 procinctu
1017 1439 1175 1494 nostri
1198 1440 1362 1506 operis
1399 1435 1562 1488 subita
1588 1440 1752 1485 morte

172 1539 414 1592 subtracta
441 1548 538 1601 est,
566 1549 699 1599 etc.,
724 1537 914 1604 quibus
938 1543 994 1588 et
1016 1543 1345 1601 postremum
1371 1526 1632 1580 incolatus
1663 1521 1744 1574 sui

173 1630 345 1683 Romae
370 1640 616 1697 tempus,
648 1627 790 1696 quod
819 1626 986 1677 adhuc
1013 1621 1267 1677 adverbio
1288 1619 1416 1672 satis
1443 1623 1624 1686 aperte
1650 1628 1748 1668 ex-

172 1720 408 1788 plicatur,
444 1729 500 1772 et
547 1717 796 1770 Blutsillan
833 1714 1068 1768 nondum
1102 1712 1283 1764 initam
1313 1705 1649 1778 perfectioris
1672 1702 1748 1755 vi-

173 1822 232 1865 taz
270 1812 542 1864 rationem
577 1809 734 1877 plane
760 1806 1015 1862 declarat.
1045 1803 1213 1858 Porro
1249 1799 1464 1853 aliunde
1507 1810 1754 1863 comper-

172 1915 270 1957 tum
308 1913 391 1958 est
429 1903 536 1956 sub
564 1900 690 1954 anni
717 1898 844 1954 589.
875 1897 1056 1960 finem,
1086 1894 1170 1948 vel
1210 1888 1482 1960 sequentis
1514 1887 1748 1950 initium,

171 1994 298 2063 quod
344 2009 451 2048 suo
481 1994 608 2048 loco
644 1991 806 2046 certis
844 1987 1173 2059 argumentis
1214 1982 1500 2044 constabit,
1544 1979 1658 2034 bzec
1697 1979 1749 2031 in

171 2084 553 2140 Ecclesiastem
611 2080 991 2136 commentaria
1048 2077 1428 2146 Hieronymum
1480 2070 1748 2131 edidisse;

170 2185 314 2245 atque
339 2175 487 2228 adeo
516 2173 768 2228 Βιωείιιω
807 2169 1236 2240 :egrotationem,
1277 2179 1436 2234 quam
1467 2158 1751 2217 conversio

170 2268 336 2321 statim
359 2267 664 2321 subsecuta
694 2271 797 2328 est,
830 2270 942 2316 tum
971 2274 1073 2328 qua
1106 2259 1262 2312 beato
1289 2257 1394 2309 llnc
1413 2252 1635 2313 devixit,
1667 2264 1758 2301 su-

169 2358 318 2410 bitam
367 2366 617 2410 mortem
650 2355 794 2423 (qua:
836 2350 1012 2405 omnia
1053 2362 1160 2402 non
1203 2344 1306 2399 nisi
1335 2343 1562 2396 duorum
1603 2352 1758 2391 meu-

171 2445 291 2500 sium
345 2445 661 2500 intervallo
706 2441 1068 2508 contigerunt,
1124 2444 1285 2504 atque
1334 2431 1404 2484 ibi
1455 2437 1566 2499 post
1606 2428 1765 2496 ferme

169 2537 573 2606 quinquennium
625 2532 1012 2598 memorantur)
1059 2526 1126 2580 ad
1168 2522 1581 2593 ejusdem'385.
1632 2517 1759 2572 anni

173 2627 500 2694 principium
546 2624 860 2678 censuimus
898 2633 1018 2673 csse
1058 2615 1388 2671 referendas.
1415 2611 1524 2666 Nec
1556 2609 1758 2664 inficia-

172 2733 272 2770 Inur
297 2717 568 2785 quidem,
590 2714 635 2767 si
663 2713 795 2766 alias
826 2711 1059 2764 rationes
1085 2707 1219 2762 inire
1246 2705 1366 2773 quis
1396 2703 1564 2764 malit,
1587 2715 1758 2769 ξιξερο-

172 2811 422 2863 tationcm
477 2807 630 2860 illam
680 2805 836 2872 paulo
879 2803 1046 2871 prius,
1091 2808 1146 2854 et
1194 2797 1258 2851 ad
1304 2795 1593 2866 superioris
1631 2790 1755 2846 anni

173 2900 357 2952 exitum
381 2894 601 2951 retrahi
632 2907 824 2963 posse;
850 2893 973 2960 quin
1005 2891 1110 2944 imo
1131 2897 1182 2942 et
1200 2901 1452 2958 perquam
1476 2882 1757 2937 commode

175 2990 274 3044 ﬁeri
318 2987 623 3049 sentimus,
656 2985 732 3040 ita
774 2993 950 3038 tamen
999 2991 1054 3035 ut
1099 2980 1322 3048 epistola
1367 2977 1500 3046 ipsa,
1529 2991 1647 3043 qua!
1687 2973 1756 3028 de

175 3080 277 3147 ejus
312 3078 663 3149 aegrotatione
702 3073 1028 3134 inscribitur,
1073 3086 1176 3125 non
1215 3069 1372 3123 modo
1408 3067 1615 3137 triginta
1646 3072 1760 3132 post

177 3171 288 3233 dies,
316 3169 512 3239 quibus
537 3166 726 3219 ardore
748 3163 963 3233 febrium
984 3163 1176 3232 jugiter
1201 3157 1448 3217 testuavit,
1476 3155 1568 3210 sed
1595 3157 1756 3209 etiam

178 3270 378 3329 recepta
404 3259 528 3329 jam
573 3255 882 3310 valetudine
913 3265 1032 3323 post
1079 3253 1260 3306 initam
1309 3249 1592 3304 strictiOris
1634 3252 1756 3299 vitae

179 3353 430 3405 rationem
455 3357 684 3404 exarata
705 3347 796 3411 sit,
822 3355 873 3399 ut
893 3345 1002 3414 jam
1019 3360 1137 3412 qua:
1161 3342 1294 3395 alios
1315 3341 1756 3402 scandalizat-ent,

179 3443 394 3508 asperior
414 3441 612 3503 victus,
642 3439 786 3510 pulla
809 3437 1000 3499 tunica,
1023 3451 1195 3488 soccus
1220 3433 1384 3499 vilior,
1409 3432 1546 3502 apud
1569 3431 1748 3486 saeculi

183 3531 416 3585 homines
446 3542 722 3583 excursare
751 3541 886 3595 Opus
911 3536 1074 3580 esset.

243 3621 495 3676 XXXIX.
527 3619 736 3688 Scripta
761 3617 914 3687 paulo
939 3627 1049 3686 post
1069 3617 1402 3686 superiorem.
1427 3643 1496 3653 ——
1519 3613 1652 3669 IIuic
1678 3613 1759 3666 iti-

185 3711 292 3765 dem
341 3711 621 3780 epistolaa,
668 3723 789 3777 quae
831 3708 898 3761 de
937 3706 1084 3760 obitu
1129 3705 1373 3759 Blzesillte
1410 3702 1765 3758 Consolatoria

193 3805 349 3858 estad
391 3803 652 3865 Paulam,
685 3815 783 3854 suo
809 3801 927 3853 loco
954 3798 1280 3859 asserendzr,
1321 3796 1612 3865 superioris
1649 3797 1764 3863 ipsa

188 3905 491 3964 argumenta
524 3893 848 3946 inserviunt.
879 3889 1140 3943 Nimirum
1164 3887 1361 3954 scripta
1391 3896 1471 3938 est
1502 3893 1614 3954 post
1639 3900 1767 3950 qua-

191 3997 290 4039 tuor
310 3990 470 4057 ferme
506 3998 720 4046 menses,
749 3997 813 4035 ex
841 3995 946 4049 quo
972 3977 1227 4040 Blaesilla,
1263 3975 1486 4028 secundo
1521 3973 1768 4042 quodam-

191 4077 323 4129 modo
358 4073 622 4145 propositi
667 4088 721 4127 se
747 4071 996 4138 baptismo
1035 4070 1246 4132 laverat,
1297 4066 1348 4120 id
1388 4073 1472 4119 est
1510 4079 1541 4118 a
1585 4063 1764 4117 szeculi

192 4167 319 4221 cultu
340 4167 403 4220 ad
438 4165 736 4222 Dominum
768 4178 887 4220 sese
912 4168 1267 4217 converterat.
1299 4159 1430 4227 Qute
1457 4170 1639 4211 rursus
1668 4156 1768 4209 sub

194 4259 416 4326 epistola:
445 4258 618 4311 finem
650 4270 772 4308 cum
813 4253 881 4308 de
920 4267 978 4307 se
1017 4253 1240 4321 loquens
1269 4249 1559 4310 inducitur,
1592 4257 1765 4300 tanto-

194 4363 312 4413 rum,
358 4349 559 4419 inquit,
602 4361 854 4399 annorum
894 4345 1088 4397 labores
1132 4343 1369 4412 (aeterna:
1409 4339 1614 4394 scilicet
1642 4337 1766 4391 vice

198 4440 482 4508 prmmium)
511 4455 604 4509 ego
626 4441 682 4492 in
711 4438 866 4490 tribus
888 4435 1136 4489 mensibus
1166 4443 1430 4488 consecuta
1455 4449 1587 4486 sum.
1610 4429 1765 4488 Unde

199 4531 446 4604 intelligas
474 4530 760 4585 subductis
789 4529 1103 4592 rationibus,
1135 4542 1294 4580 unum
1327 4525 1494 4580 ferme
1524 4536 1768 4578 mensem

199 4621 256 4675 ab
273 4623 379 4692 eius
399 4623 556 4679 obitu
577 4620 644 4676 ad
665 4619 904 4689 episton
923 4629 1134 4687 tempus
1156 4617 1557 4680 intercessisse;
1583 4614 1771 4672 simul-

201 4728 290 4781 que
313 4714 448 4770 hanc
479 4729 515 4768 a
553 4713 832 4781 superiore
859 4725 967 4762 non
1013 4709 1114 4764 nisi
1159 4709 1318 4762 trimn
1359 4709 1646 4772 mensium,
1682 4713 1774 4760 aut

203 4807 386 4876 aliquot
405 4809 576 4863 etiam
602 4805 812 4858 dierum
838 4803 1010 4872 spatio
1040 4801 1388 4872 posteriorem
1417 4814 1556 4854 esse.

266 4897 370 4951 XL.
394 4883 540 4953 XLI.
565 4905 621 4950 el.
640 4893 800 4949 XLII.
831 4893 1050 4964 Scripr
1064 4893 1187 4948 circ.
1211 4907 1298 4946 an.
1322 4891 1447 4946 585.
1475 4919 1546 4930 --
1566 4889 1771 4953 Romae.

207 5000 359 5057 eoque
397 4998 668 5057 tempore,
717 5002 822 5053 quo
868 4983 1097 5038 maxima
1123 4981 1441 5051 jampridem
1470 4980 1772 5036 Marcellam

213 5079 336 5134 inter
361 5092 414 5136 et
436 5080 832 5150 Hieronymum
873 5074 1210 5131 necessitudo
1251 5071 1633 5137 intercedebat,
1668 5081 1775 5126 tres

214 5171 316 5226 ἰδίω
356 5171 602 5242 epistolze
648 5170 787 5224 data:
844 5175 990 5233 sunt,
1021 5181 1140 5236 qua:
1189 5179 1288 5219 nec
1325 5178 1505 5218 secum
1549 5165 1772 5220 invicem

213 5272 613 5324 connectuntur,
644 5275 744 5314 nec
784 5259 849 5313 ad
887 5259 1191 5328 superiores
1219 5263 1522 5324 respectum
1550 5255 1770 5321 habent,

214 5365 273 5406 ex
295 5369 396 5424 quo
435 5354 706 5415 ordinem,
749 5351 1182 5422 singularemque
1235 5349 1494 5418 epocham
1534 5358 1770 5405 statuere

218 5444 322 5510 quis
347 5446 533 5513 possit.
565 5445 700 5500 Cum
731 5444 906 5512 itaque
931 5457 1037 5496 non
1067 5442 1242 5495 minus
1279 5440 1560 5496 commode
1584 5442 1649 5495 ad
1680 5457 1772 5496 su-

217 5535 486 5600 periorem,
517 5552 679 5606 quam
714 5535 781 5589 ad
809 5534 947 5588 hunc
980 5550 1175 5587 annum
1207 5533 1395 5588 referri
1428 5535 1654 5604 possint,
1695 5535 1774 5586 vi-

215 5638 318 5679 sum
353 5635 644 5681 esttamen
685 5625 808 5680 huic
849 5625 1015 5680 satius
1055 5624 1265 5694 illigari,
1300 5634 1411 5678 tum
1457 5641 1523 5678 ne
1560 5624 1767 5679 illarum

211 5729 316 5780 quae
353 5718 456 5773 sibi
495 5718 724 5773 invicem
767 5715 1061 5771 succedunt
1100 5714 1266 5770 series
1305 5715 1766 5781 intermitteretur,

213 5811 310 5860 tum
341 5810 461 5879 quia
489 5810 563 5864 illi
593 5809 762 5878 magis
784 5808 1064 5864 vidcantur
1094 5807 1316 5876 tempori
1347 5806 1628 5874 accedere,
1659 5823 1766 5876 quo

1593 402 1976 461 ΡΒᾹΞῈΔἸῚΟ.

3264 410 3423 467 LVIII

1847 529 2088 586 magnam
2119 518 2220 574 sibi
2253 518 2504 576 invidiam
2530 521 2732 577 creavit
2757 521 3134 596 Hieronymus,
3165 535 3226 581 ut
3253 527 3417 582 etiam

1851 611 2024 666 Roma
2069 609 2352 667 discedere
2399 613 2710 682 compulsus
2747 612 2838 679 sit,
2882 615 3024 685 quod
3069 615 3226 671 Urbis
3267 618 3416 682 vitia,

1847 718 2141 774 pravasque
2169 703 2443 758 hominum
2471 704 2823 774 quorumdam
2864 708 3159 762 sententias
3195 723 3418 778 carpere

1847 795 2096 862 cepisset,
2122 805 2281 864 atque
2310 795 2643 864 impugnare.

1920 883 2105 938 XLIII.
2134 883 2341 954 Scripta
2369 902 2455 938 an.
2487 885 2612 940 585.
2637 916 2710 927 —-
2736 886 3147 955 Quadragesima
3175 889 3329 943 tertia
3353 887 3423 944 ad

1851 974 2156 1030 Marcellam
2197 976 2392 1031 ascribi
2444 977 2508 1031 iis
2537 977 2868 1046 temporibus
2891 980 3050 1045 solet,
3079 979 3272 1049 quibus
3301 981 3425 1034 Hie-

1851 1083 2106 1139 ronymus
2132 1083 2253 1122 cum
2274 1069 2384 1136 jam
2416 1069 2584 1123 Roma
2614 1070 2896 1132 evasisset,
2929 1069 3172 1139 plurimis
3199 1071 3302 1124 late
3331 1086 3419 1125 re-

1851 1161 2096 1230 gionibus
2139 1161 2456 1230 peragratis,
2506 1177 2612 1216 non
2663 1162 2733 1215 ita
2772 1161 2976 1231 pridem
3029 1163 3081 1216 in
3130 1160 3423 1216 Bethleemi

1852 1265 2013 1318 specu
2050 1251 2384 1304 constiterat.
2417 1251 2546 1318 Quae
2603 1252 2756 1305 nobis
2801 1252 3022 1306 minime
3065 1251 3265 1306 arridet
3302 1267 3426 1306 sen-

1855 1340 2015 1395 tentia
2045 1359 2057 1394 :
2088 1341 2514 1410 quandoquidem
2553 1341 2644 1395 ille
2689 1342 2827 1395 ruris
2869 1341 3100 1410 quietem
3128 1357 3247 1394 cum
3277 1343 3425 1396 urbis

1853 1433 2166 1486 tumultibus
2214 1441 2375 1503 atque
2417 1433 2770 1488 incommodis
2804 1449 3140 1501 comparans,
3177 1449 3281 1488 non
3313 1445 3422 1488 tam

1854 1521 2173 1584 Marcellam,
2201 1539 2358 1592 quam
2399 1524 2747 1592 semetipsum
2778 1525 3020 1577 hortatur
3048 1525 3115 1578 ad
3159 1537 3423 1579 secretam

1853 1616 2082 1684 aliquam
2108 1616 2447 1672 solitudinem
2478 1617 2858 1686 arripiendam,
2891 1627 2948 1670 ut
2985 1633 3012 1670 a
3048 1618 3425 1685 praesentibus,

1853 1723 1972 1777 qua:
2009 1709 2080 1760 ob
2119 1709 2301 1761 oculos
2343 1708 2493 1776 ponit.
2520 1709 2686 1762 Roma
2717 1709 2963 1778 negotiis,
3002 1718 3160 1776 atque
3200 1708 3428 1778 impedi-

1854 1799 2050 1853 mentis
2071 1809 2344 1856 vacarent.
2373 1801 2497 1855 Haec
2533 1815 2660 1855 vero
2684 1801 3019 1854 commodius
3047 1817 3151 1855 non
3183 1801 3431 1856 videntur

1855 1889 2080 1960 intelligi
2113 1907 2293 1963 posse,
2321 1908 2480 1962 quam
2503 1907 2622 1946 cum
2651 1893 2876 1946 Romani
2905 1908 3026 1946 eum
3056 1891 3315 1946 incolatus
3337 1902 3431 1946 tte-

1855 1984 2026 2048 deret,
2057 1986 2198 2055 quod
2226 1990 2386 2040 etiam
2425 2001 2491 2039 ex
2529 1985 2736 2054 reliquo
2764 1993 3016 2040 contextu
3057 1985 3240 2054 liquet,
3269 1993 3431 2052 atque

1859 2075 1980 2130 inde
2004 2076 2299 2131 discessum
2324 2091 2479 2130 suum
2507 2077 2686 2130 animo
2711 2077 2820 2142 jam
2853 2085 3066 2142 pararet
3094 2093 3108 2129 :
3140 2089 3258 2142 quae
3287 2084 3429 2128 nota:

1860 2168 2018 2237 Imjns
2056 2169 2178 2220 anni
2210 2178 2336 2221 sunt
2379 2184 2485 2220 non
2533 2169 2797 2220 obscure.
2843 2166 3024 2234 Neque
3065 2182 3192 2219 vero
3231 2166 3330 2218 alia
3362 2164 3430 2218 de

1859 2273 2018 2312 eausa
2064 2258 2314 2321 arbitror,
2351 2258 2538 2311 doctos
2582 2258 2726 2310 viros
2775 2257 2911 2310 hanc
2956 2257 3238 2325 epistolam
3289 2267 3431 2324 post.

1863 2361 1954 2402 an.
1980 2346 2107 2402 588.
2138 2346 2431 2410 distulisse,
2457 2361 2614 2415 quam
2646 2348 2783 2412 quod
2815 2347 3050 2415 Elogium
3077 2345 3281 2409 Bethel,
3307 2347 3434 2400 toti-

1865 2435 1987 2492 dem
2035 2435 2214 2491 verbis
2242 2452 2308 2490 ex
2342 2436 2565 2505 epistola
2602 2437 2779 2492 Paula:
2813 2447 2868 2492 et
2895 2438 3165 2492 Eustochii
3193 2437 3259 2491 ad
3289 2437 3431 2491 Mar-

1865 2527 2054 2581 cellam
2094 2526 2442 2594 descriptum,
2487 2525 2610 2581 huic
2651 2527 2812 2582 etiam
2841 2541 3118 2595 perperam
3159 2539 3211 2581 et
3238 2537 3432 2582 contra

1862 2615 1986 2670 Mss.
2018 2615 2175 2671 Iidem
2207 2617 2257 2669 in
2282 2618 2512 2685 antiquis
2535 2617 2862 2672 editionibus
2889 2619 3319 2688 subjungcretur.

1933 2705 2115 2768 XLIV.
2148 2708 2321 2778 Scrip.
2365 2712 2486 2762 circ.
2525 2710 2659 2763 idem
2703 2721 2916 2781 tempus.
2937 2740 3011 2752 -
3038 2710 3183 2767 Hanc
3220 2727 3433 2782 quoque

1861 2802 2100 2860 omnium
2133 2817 2253 2871 quae
2278 2802 2348 2855 ab
2373 2801 2696 2872 Hieronymo
2734 2806 2947 2870 scriptae
2992 2814 3139 2869 sinit,
3180 2804 3405 2860 brevissi

1861 2907 2025 2956 mam,
2067 2909 2166 2948 nec
2206 2893 2306 2948 nisi
2352 2909 2639 2962 paucorum
2682 2910 2952 2958 versuum,
2996 2911 3156 2952 nemo
3200 2913 3432 2965 unquam

1862 2985 2022 3038 modo
2072 2983 2119 3038 si
2167 2971 2372 3040 atterite
2427 2987 2802 3056 perpenderit,
2853 2988 2952 3041 sibi
3004 2989 3319 3056 persimile-at
3367 3004 3436 3043 es

1861 3091 2044 3132 eremo
2064 3119 2081 3143 ,
2111 3087 2219 3132 tam
2249 3077 2434 3132 dissita
2460 3079 2676 3147 regione
2703 3081 2920 3134 missam
2948 3079 3134 3142 fuisse,
3175 3088 3233 3132 ut
3260 3078 3439 3132 absen-

1863 3167 1934 3220 tia
1959 3184 2228 3238 corporum
2260 3167 2424 3236 (quod
2453 3171 2629 3222 statim
2658 3169 2812 3223 initio
2847 3180 3034 3223 auctor
3059 3170 3306 3238 testatur)
3327 3171 3438 3239 spi-

1862 3260 1988 3312 ritus
2016 3259 2427 3324 confabulatione
2458 3259 2743 3322 levaretur;
2771 3258 3034 3328 siquidem
3055 3273 3228 3328 neque
3256 3274 3442 3329 operte

1863 3352 2098 3421 pretium
2125 3361 2240 3406 erat
2271 3351 2322 3405 in
2350 3366 2472 3404 eum
2504 3353 2664 3405 linem
2705 3361 2810 3404 tam
2841 3351 3026 3421 exigua
3056 3351 3354 3420 scripsisse,
3386 3361 3443 3406 et

1869 3443 2063 3510 quibus
2091 3455 2196 3495 non
2225 3441 2324 3494 nisi
2351 3455 2512 3509 parva
2539 3441 2780 3510 quzedam
2803 3441 3112 3494 munuscula
3139 3457 3236 3510 per
3257 3441 3442 3510 jncum

1867 3530 2159 3602 allegorice
2182 3531 2586 3601 interpretatur.
2619 3529 2838 3584 Accedit
2861 3545 2928 3584 ex
2955 3530 3037 3584 his
3059 3546 3181 3586 esse
3207 3533 3444 3586 intineri-

1864 3621 1966 3677 bus
1994 3622 2166 3684 sellas,
2192 3636 2312 3690 qua:
2336 3622 2478 3674 dono
2498 3620 2711 3690 quidem
2743 3620 2858 3674 dari
2886 3637 2916 3676 a
2942 3623 3294 3691 praesentibus
3317 3637 3446 3693 pos-

1866 3711 1995 3776 sint,
2025 3711 2234 3779 longius
2272 3719 2453 3764 autem
2480 3725 2508 3762 a
2537 3710 2784 3765 Marcella
2813 3712 2951 3766 mitti
2978 3713 3233 3779 voluisse,
3270 3713 3442 3768 Roma

1867 3802 2074 3855 scilicet
2112 3800 2490 3865 Palaestinam,
2542 3810 2596 3854 et
2647 3801 2998 3869 gravissimo,
3041 3817 3211 3871 eoque
3257 3816 3446 3856 rursus

1871 3891 2045 3945 inutili
2070 3890 2372 3958 dispendio,
2397 3905 2494 3959 par
2524 3901 2736 3945 nonest
2760 3890 3002 3945 credere.
3029 3891 3256 3960 Reliqua
3279 3893 3444 3946 etiam

1872 3979 2028 4047 hujus
2053 3979 2300 4033 litterulae
2323 3988 2588 4033 commata
2610 3980 2806 4033 indicio
2831 3980 2985 4034 nobis
3014 3989 3138 4034 sunt
3157 3981 3222 4034 ad
3251 3980 3450 4036 absen-

1871 4077 1952 4125 tes
1975 4069 2188 4139 quidem
2217 4077 2400 4122 mutuo
2425 4078 2736 4136 cnnSpectu,
2765 4067 2859 4124 sed
2890 4085 2992 4124 una
3021 4078 3196 4126 tamen
3228 4072 3280 4125 in
3309 4073 3448 4127 civi-

1874 4170 2002 4224 tate,
2045 4161 2250 4216 scilicet
2284 4160 2470 4215 Romae
2507 4169 2912 4217 commanentes
2947 4162 3110 4218 fuisse
3144 4173 3446 4220 exaratam.

1871 4254 2102 4311 Proinde
2132 4254 2322 4323 ipsam,
2355 4262 2412 4308 ut
2445 4262 2502 4307 et
2527 4254 2884 4324 superiorem.
2923 4270 3058 4324 quas
3085 4255 3445 4324 Martiameus,

1871 4347 2070 4416 aliique
2093 4344 2234 4400 docti
2258 4343 2501 4399 homines
2528 4344 2794 4399 immerito
2815 4346 2927 4400 suis
2953 4346 3085 4401 locis
3105 4362 3172 4402 ex
3182 4347 3446 4415 pulcram,

1872 4453 1972 4494 nos
1995 4439 2228 4509 pr0priae
2255 4438 2438 4501 classi,
2468 4451 2531 4492 ac
2555 4435 2777 4491 sedibus
2803 4437 3113 4506 postliminii
3137 4438 3260 4507 jure
3289 4439 3450 4493 resti-

1873 4531 2092 4584 tuimus.

1945 4620 2106 4676 XLV.
2149 4620 2357 4690 Scripta
2401 4635 2570 4673 mense
2611 4617 2840 4687 Augusto
2877 4635 2965 4673 an.
2993 4619 3449 4678 385.—Po.stre-

1875 4728 2021 4768 mum
2049 4711 2298 4767 secunda:
2323 4709 2516 4765 classis
2547 4709 2722 4763 locum
2751 4709 2957 4764 obtinet
2981 4710 3049 4764 ad
3073 4711 3307 4780 Asellam
3338 4714 3454 4782 epi-

1875 4802 2010 4856 stola
2041 4799 2201 4855 XLV.
2233 4799 2386 4866 cujus
2417 4797 2586 4854 ferme
2613 4799 2852 4853 omnium
2884 4801 3182 4855 certissima
3211 4802 3452 4871 Epocha,

1875 4900 2039 4962 atque
2072 4889 2470 4959 expeditissima
2497 4890 2636 4944 ratio
2659 4898 2763 4944 est.
2792 4890 2922 4945 Eam
2953 4891 3310 4962 Hieronymus
3335 4910 3452 4950 curn

1869 4985 1987 5054 jam
2026 4997 2204 5035 nauem
2230 4981 2584 5035 conscenderet
2611 4980 2673 5034 de
2697 4979 2977 5050 Babylone,
3015 4990 3074 5036 ut
3110 4983 3254 5052 loqui
3283 4995 3452 5048 amat,

1875 5073 2250 5143 Jerosolymam
2279 5072 2471 5142 (Roma
2496 5071 2702 5126 scilicet
2719 5071 2784 5125 ad
2813 5072 3086 5143 Eremum)
3108 5090 3453 5144 regressurus,

1877 5167 2210 5237 raptlmﬂens
2237 5165 2510 5234 dolensque
2537 5166 2857 5230 conscripsit.
2893 5167 3056 5219 Porro
3087 5177 3144 5219 ut
3169 5181 3239 5220 ex
3261 5168 3465 5224 ordine.

1879 5258 2019 5314 idem
2063 5268 2282 5316 enarrat,
2316 5266 2503 5310 contra
2553 5254 2752 5309 liuflln.
2801 5256 2838 5310 I.
2879 5256 2932 5310 ’5.
2982 5254 3159 5310 Mense
3209 5265 3453 5328 augusto,
3541 5271 3554 5288 ‘

1878 5349 2118 5418 ﬂantibus
2153 5345 2359 5410 Etesiis,
2387 5362 2501 5400 cum
2545 5357 2718 5400 sancto
2752 5343 3014 5400 Vincentio
3058 5346 3366 5418 presbytero,
3406 5357 3456 5402 et

1877 5442 2192 5500 adolescente
2215 5440 2374 5510 fratre
2403 5438 2762 5508 (Pauliniano)
2797 5438 3010 5509 aliisque
3041 5439 3326 5502 monachis,
3356 5453 3454 5490 ua-

1877 5551 1984 5590 vem
2026 5534 2079 5590 in
2115 5534 2347 5589 limitatio
2374 5540 2521 5590 portu
2559 5547 2766 5585 securus
2803 5530 3048 5584 ascendit.
3079 5529 3248 5586 Unius
3294 5532 3454 5597 Igitur

1879 5626 2236 5696 ejusdemque
2255 5623 2480 5692 Augusti
2509 5624 2710 5678 mensis
2735 5621 3017 5691 epistolam
3048 5621 3186 5675 hanc
3208 5631 3330 5672 esse
3356 5633 3456 5673 mi-

1880 5720 2028 5776 nime‘
2064 5717 2309 5773 dubitare
2347 5715 2538 5778 liccat;
2583 5714 2754 5783 ipsum
2783 5723 2913 5766 vero
2958 5711 3250 5779 Augustum
3299 5705 3456 5776 hujus

1883 5811 2004 5866 anni
2045 5809 2170 5866 585.
2218 5804 2541 5863 censendum
2587 5801 2894 5873 planissime
2941 5815 3007 5855 cs
3051 5799 3172 5854 aliis
3211 5797 3455 5868 epistulae
