4004 6328
520 405 637 462 LIX

519 524 698 582 verbis
737 517 1037 577 coniicitur.
1078 515 1234 572 Enim
1282 527 1420 570 vero
1445 511 1704 581 superiori
1750 512 1874 567 586.
1924 511 2084 564 tribui

521 626 851 684 nequaquam
895 616 1086 678 potest,
1131 606 1394 676 siquidem
1431 612 1782 680 constat‘non
1820 601 1920 654 nisi
1969 609 2098 670 post:

524 701 739 756 Damasi
767 707 1014 762 mortem,
1045 710 1205 766 quem
1234 695 1318 747 hic
1346 693 1518 746 Beata:
1545 692 1796 744 memoria:
1824 700 1997 754 vocat,
2026 705 2090 744 ac

522 789 721 856 laudat,
749 789 945 858 quique
977 801 1079 839 non
1120 793 1243 838 ante
1276 782 1620 836 Decembrem
1649 780 1765 849 ejus
1794 780 1917 833 anni
1943 778 2088 833 diem

1938 395 2307 450 PIIEF‘ATIOJ

2194 511 2345 577 obiit,
2381 511 2756 584 Hieronymum
2785 515 3113 573 discessisse.
3157 515 3262 572 Sed
3303 530 3475 584 neque
3506 515 3632 570 licet
3661 529 3764 584 po-

2193 600 2406 655 steriori
2451 602 2578 657 586.
2616 605 2906 672 ascribere,
2955 608 3095 678 quod
3125 608 3395 676 expressis
3434 607 3616 662 verbis
3658 607 3775 675 ipse

3678 390 3776 454 EI-

2197 700 2419 746 testetur
2457 709 2560 746 non
2600 695 2700 749 nisi
2740 713 2864 765 pene
2890 698 3162 752 triennium
3187 713 3300 750 cum
3332 699 3405 751 eis
3441 697 3516 767 (id
3542 706 3630 752 est
3656 696 3770 750 Ro-

2196 781 2392 853 manis)
2419 784 2622 837 vixisse.

519 918 3754 954 Μ

1119 1025 2051 1143 ΕΡῙδΤθῙι-Ξέ

2194 1024 2400 1134 IL
2473 1024 3196 1142 αιΔεειε

519 1238 678 1290 Qttss
711 1239 1120 1284 HIEBONYMUS
1156 1239 1234 1280 sn
1264 1234 1431 1278 suae
1461 1214 1600 1274 386.
1630 1232 1667 1272 ε
1711 1229 2084 1272 sermnem
2125 1229 2530 1274 MONASTEBIO
2565 1233 2841 1278 SCRIPSIT
2884 1237 3083 1290 usque
3125 1240 3210 1281 sn
3254 1240 3492 1283 sacuu
3536 1239 3810 1294 ρωιιτιι,

956 1339 1179 1391 FINEM,
1225 1332 1708 1384 DAMNATUMQUE
1751 1331 1815 1372 IN
1860 1329 2309 1373 ALEXANDRINA
2352 1333 2599 1378 sruooo
2638 1335 2969 1380 ORIGENBM
3009 1341 3181 1383 anno
3219 1323 3362 1384 ιιοο.

588 1459 768 1515 XLVI.
801 1460 1005 1530 Scripta
1031 1476 1118 1514 an.
1149 1457 1604 1514 386.-—-Tertiam
1625 1457 1848 1510 classem
1880 1454 1946 1507 ab
1966 1453 2100 1507 alie-

517 1567 586 1606 na
615 1551 826 1620 quidem
854 1550 1073 1620 epistola
1098 1590 1116 1615 ,
1146 1549 1321 1602 Paula:
1348 1547 1547 1601 scilicet
1572 1587 1586 1610 ,
1618 1555 1773 1614 atque
1824 1543 2093 1598 Eustochii

518 1641 798 1708 incipimus
822 1681 837 1704 ,
873 1639 964 1693 sed
1005 1654 1123 1708 qua:
1165 1647 1337 1692 tamen
1367 1644 1422 1690 ct
1448 1637 1500 1689 in
1527 1635 1747 1704 vulgatis
1773 1633 2093 1687 editionibus

517 1743 582 1784 ac
611 1729 736 1784 Mss.
766 1741 977 1798 recepta
1007 1729 1108 1790 sit,
1136 1737 1189 1782 et
1213 1728 1296 1780 cui
1323 1724 1716 1780 οοιιεριοὶιιρηόω
1743 1737 1931 1777 sensus
1960 1737 2093 1791 pne-

516 1820 716 1874 stitisse
738 1819 1090 1890 Hieronymus
1115 1817 1279 1870 videri
1307 1817 1489 1885 possit.
1520 1815 1592 1869 Ea
1620 1829 1746 1869 vero
1773 1828 1943 1882 neque
1968 1822 2094 1867 ante

516 1909 660 1962 hunc
683 1924 878 1962 annum
902 1909 1028 1963 586.
1053 1907 1161 1960 ullo
1183 1907 1339 1960 modo
1360 1907 1563 1960 censeri
1593 1915 1786 1974 potest.
1810 1919 1930 1958 cum
1951 1918 2093 1957 anno

515 2000 786 2069 superiore
819 2000 975 2054 Paula
998 1998 1382 2069 Jerusolymam
1416 1997 1669 2066 navigarit
1695 2038 1710 2060 ,
1743 2011 1913 2063 neque
1940 2003 2092 2063 post-

513 2091 641 2159 poni
669 2091 948 2144 commode
970 2131 985 2152 ,
1012 2098 1148 2144 cnm‘
1169 2105 1232 2143 ex
1275 2089 1440 2157 ipsius
1480 2087 1717 2156 epistolas
1754 2087 1902 2140 initio
1936 2086 2091 2141 {.iciie

512 2189 740 2242 constet,
772 2179 996 2246 primam
1024 2178 1205 2231 statim
1225 2178 1486 2231 scribendi
1514 2178 1849 2232 occasionem
1877 2185 2091 2230 sanctas

513 2267 766 2322 nmlieres
789 2268 1096 2335 arripuisse,
1122 2277 1178 2318 ut
1199 2283 1304 2334 quo
1323 2267 1476 2320 citius
1501 2266 1620 2320 fieri
1640 2266 1917 2336 potuisset,
1947 2265 2088 2320 Mar-

513 2359 697 2411 cellam
725 2359 1000 2413 allicerent
1031 2358 1094 2411 ad
1125 2366 1304 2411 sancta
1336 2358 1444 2414 loca
1467 2399 1482 2423 ,
1509 2372 1627 2427 qtue
1657 2357 1814 2410 modo
1845 2357 1973 2426 ipsa:
2003 2357 2089 2410 lu-

513 2456 847 2513 straverunt,
878 2455 933 2501 et
973 2447 1043 2500 ad
1085 2447 1394 2501 Solitudines
1429 2447 1479 2498 in
1507 2461 1637 2514 quas
1664 2460 1724 2500 se
1753 2455 2086 2513 receperant.

515 2537 830 2601 Mensarum,
864 2539 1105 2606 inquiunt
1123 2577 1138 2598 ,
1169 2540 1354 2589 caritas
1381 2553 1478 2589 non
1505 2536 1671 2600 habet,
1699 2545 1744 2588 et
1773 2534 2093 2602 impatientia

512 2631 668 2684 nescit
695 2631 902 2683 modum
927 2671 942 2694 ,
973 2639 1019 2683 et
1048 2629 1349 2683 desiderium
1377 2644 1476 2682 non
1503 2628 1736 2682 sustinet.

583 2719 788 2776 XLVII.
819 2720 1024 2788 Scripta
1045 2725 1172 2790 forte
1191 2737 1279 2774 an.
1303 2719 1426 2777 595.
1461 2749 1533 2760 --
1557 2719 1638 2774 Ab
1663 2717 1923 2788 superiori
1945 2731 2088 2772 anno

512 2811 580 2864 ad
620 2812 760 2866 hunc
801 2827 970 2881 usque
1010 2812 1136 2867 595.
1168 2812 1339 2866 nullas
1380 2813 1618 2866 invenire
1661 2820 1742 2866 est
1782 2810 2086 2881 Hieronymi

514 2901 798 2968 epistolas,
826 2919 941 2971 qua:
973 2903 1126 2972 hujus
1157 2902 1320 2958 ferme
1345 2902 1602 2972 septennii
1632 2902 1871 2987 lacunam
1900 2902 2089 2971 imple-

510 3003 625 3049 ant.
656 2993 903 3049 Fortasse
943 2995 1357 3056 commentariis.
1387 2995 1608 3062 aliisque
1638 2994 2088 3046 lucubrationilms

517 3083 771 3137 eudendis
801 3084 852 3138 in
885 3085 1140 3138 Bethlemi
1170 3100 1328 3152 epeeu
1356 3094 1662 3152 occupatus,
1690 3085 1779 3138 diu
1805 3085 2090 3152 epistulare

512 3172 745 3227 ofﬁcium
773 3173 829 3228 S.
866 3175 1056 3229 Doctor
1081 3175 1392 3239 intermisit;
1423 3175 1560 3228 unde
1585 3189 1758 3243 neque
1787 3175 1838 3228 in
1867 3189 2084 3228 suorum

511 3280 732 3334 operum
759 3267 1025 3336 Catalogo,
1055 3283 1212 3333 quem
1240 3267 1307 3320 ad
1337 3281 1534 3319 annum
1563 3281 1729 3334 usque
1757 3265 1882 3320 392.
1915 3266 2088 3319 Theo-

511 3356 646 3410 dosii
695 3357 952 3426 Principis
995 3359 1261 3412 decimum
1306 3367 1547 3426 quartum
1593 3357 1810 3426 digessit
1837 3399 1851 3422 ,
1899 3374 1994 3425 per
2035 3356 2086 3410 id

513 3449 765 3517 temporis
789 3449 982 3519 aliquid
1008 3450 1347 3519 epistolarum
1374 3458 1617 3502 recenset
1637 3489 1650 3512 ,
1673 3448 1811 3517 quod
1847 3449 1962 3502 aliis
1989 3448 2085 3502 de-

511 3538 682 3603 derit,
713 3540 754 3594 si
788 3555 920 3609 quas
970 3539 1036 3591 ad
1090 3540 1302 3593 Paulam
1329 3580 1342 3599 .
1375 3547 1430 3592 et
1460 3539 1806 3592 Eustochium
1852 3538 2086 3606 quotidie

511 3632 670 3686 scribi
709 3630 872 3695 dicit,
907 3633 1158 3699 excipias.
1201 3631 1266 3683 At
1308 3630 1410 3682 ilhc
1450 3629 1532 3682 vel
1569 3645 1634 3684 ex
1676 3630 1740 3683 iis
1773 3639 1932 3694 sunt,
1968 3645 2086 3698 qua:

511 3725 910 3778 commentariis
950 3723 1292 3792 prmﬁguntnr
1311 3721 1530 3788 aliisque
1550 3721 1797 3788 operibus
1825 3719 2089 3789 prmfatio-

511 3813 596 3867 nis
624 3814 757 3875 loco,
787 3815 870 3867 vel
898 3815 939 3867 si
969 3813 1192 3867 diversa:
1217 3811 1284 3866 ab
1313 3810 1376 3864 iis
1406 3811 1721 3875 indicantur,
1751 3810 1814 3862 ad
1846 3822 2084 3865 nostram

509 3919 677 3972 usque
700 3914 908 3960 aetatem
940 3921 1044 3959 non
1074 3904 1418 3958 devenerunt.
1450 3901 1609 3972 Igitur
1631 3919 1749 3971 quzu
1773 3917 1840 3956 ex
1865 3917 1930 3956 eo
1955 3912 2087 3955 tent-

512 4012 640 4066 pore
667 3998 830 4066 prima
859 3997 1108 4061 occurrit,
1135 3996 1252 4049 hrrc
1274 4003 1357 4049 est
1383 3994 1446 4047 ad
1478 3994 1800 4048 Desiderium
1823 3993 2046 4062 epistola
2067 4033 2083 4058 ,

515 4088 665 4155 cujus
695 4099 822 4140 tetas
851 4103 1008 4155 quam
1030 4087 1342 4151 asserinius,
1372 4085 1470 4140 hac
1500 4087 1702 4138 ratione
1728 4100 1832 4138 non
1860 4085 2088 4139 obscure

509 4177 796 4246 colligitur.
831 4177 1059 4231 Petierat
1099 4177 1166 4230 ab
1207 4176 1532 4246 Hieronymo
1560 4175 1878 4238 Desiderius,
1904 4184 1959 4227 nt
1987 4175 2082 4228 sibi

510 4283 628 4336 qua:
653 4266 1010 4320 elucubrasset
1033 4281 1192 4332 opera
1220 4266 1447 4318 describi
1479 4265 1672 4319 faceret
1697 4282 1709 4316 :
1730 4265 1793 4316 ad
1815 4280 1974 4333 quem
2001 4265 2086 4318 ille

509 4371 631 4412 cum
676 4356 923 4425 pleraque
945 4356 1210 4408 temerario
1232 4354 1465 4407 editionis
1503 4355 1692 4407 honore
1728 4354 1935 4424 vulgata
1974 4355 2083 4423 jam

508 4458 688 4503 essent
707 4487 724 4512 .
755 4447 885 4500 nihil
914 4448 1088 4508 misit,
1117 4461 1186 4500 ne
1209 4446 1390 4499 eadem
1423 4445 1647 4500 fortasse
1675 4447 1940 4508 mitteret,
1966 4462 2085 4516 quae

505 4539 615 4607 jam
639 4538 888 4601 haberet;
912 4537 1004 4591 sed
1028 4538 1214 4591 librum
1235 4535 1300 4588 de
1321 4535 1676 4601 Scriptorihus
1699 4535 2084 4592 Ecclesiasticis

508 4638 712 4696 monet,
737 4638 796 4682 ut
822 4629 959 4698 apud
987 4628 1305 4688 Marcellam,
1333 4637 1422 4681 aut
1449 4627 1795 4681 Domuioucm
1825 4629 1998 4698 legat,
2030 4629 2082 4684 in

509 4720 663 4789 cujus
700 4721 982 4774 voluminis
1023 4720 1202 4781 calce,
1249 4734 1366 4772 cum
1409 4734 1527 4788 qua:
1572 4733 1739 4788 usque
1781 4720 1845 4773 ad
1886 4735 2080 4773 annum

506 4809 791 4864 Theodosii
821 4809 1074 4880 principis
1103 4808 1361 4862 decimum
1399 4821 1641 4878 quarlum
1667 4812 2077 4879 conscripserat,

508 4900 740 4955 breviter
765 4911 1165 4962 annotarentnr,
1192 4899 1441 4967 quidquid
1472 4900 1538 4955 de
1571 4901 1747 4956 Indice
1779 4903 1951 4956 minus
1981 4903 2080 4956 hac

506 4989 711 5045 buissct
733 5032 749 5054 ,
776 4999 833 5044 ut
856 4990 1300 5052 describerentur,
1329 5000 1588 5045 moneret.
1621 4992 1905 5047 Enimvero
1950 4992 2077 5047 Ilie-

505 5096 761 5154 ronymus
795 5098 918 5152 quas
949 5083 1012 5135 ad
1061 5082 1204 5135 illum
1248 5098 1413 5151 usque
1449 5085 1586 5139 diem
1627 5087 1926 5154 scripsisset
1961 5087 2080 5155 plus

506 5171 684 5225 minus
719 5173 894 5226 omnia
943 5187 1008 5226 co
1047 5171 1098 5226 in
1137 5173 1374 5240 catalogo
1419 5176 1677 5231 contineri
1719 5179 2001 5246 supponit;
2032 5178 2076 5231 si

451 5277 455 5281 ’
503 5276 606 5330 qua
637 5262 776 5316 enim
805 5273 1057 5332 praeterea
1085 5264 1380 5318 extitissent
1409 5267 1622 5335 scripta,
1655 5267 1739 5321 illa
1773 5269 1954 5337 procul
1982 5268 2080 5322 du-

501 5349 592 5405 bio
608 5350 863 5420 adjicere,
891 5369 1141 5409 eorumve
1163 5356 1482 5410 mentionem
1512 5359 1750 5428 ingerere
1772 5359 2073 5423 debuisset;

500 5441 641 5509 quod
685 5455 806 5496 cum
848 5445 1065 5499 minime
1106 5453 1363 5513 prtestet,
1404 5447 1598 5502 indicio
1633 5457 1716 5502 est
1751 5449 1838 5502 vix
1877 5447 2075 5518 aliquid

499 5547 658 5602 supra
681 5533 943 5601 habuisse,
963 5536 1101 5606 quod
1122 5537 1278 5590 anxie
1300 5538 1582 5603 postulanti
1603 5538 1775 5592 amico
1792 5537 2069 5592 indicaret.

497 5624 862 5696 Assignandus
889 5629 1066 5697 itaque
1091 5627 1334 5696 epistola:
1372 5640 1478 5678 non
1505 5628 1773 5682 immerito
1793 5636 1878 5682 est
1900 5641 2072 5682 annus

498 5715 588 5768 ille
612 5757 626 5778 ,
655 5719 742 5785 qui
767 5720 1067 5788 conscripto
1094 5719 1231 5773 libro
1253 5715 1322 5770 de
1350 5716 1488 5770 Viris
1514 5717 1806 5774 illustribus
1831 5719 2071 5790 proxime

495 5805 750 5875 succedit,
778 5808 1021 5864 nimirum
1047 5809 1170 5882 395.
1205 5803 1412 5860 tametsi
1441 5807 1549 5879 licri
1577 5807 1810 5874 potuisse
1835 5823 1939 5866 non
1963 5809 2066 5864 diL

2202 1452 2432 1520 ﬁtemur,
2461 1468 2518 1512 ut
2546 1463 2839 1525 recentiora
2861 1466 3108 1533 epuscula
3139 1467 3333 1522 habere
3357 1484 3415 1524 se
3441 1485 3782 1540 prmmonue-

2198 1545 2268 1599 rit.
2299 1547 2621 1615 Desiderius,
2643 1568 2866 1620 quorum
2895 1557 3173 1611 occasione
3197 1558 3300 1610 alia
3327 1559 3422 1612 abs
3451 1560 3782 1632 Hieronymo

2199 1644 2421 1703 peteret.
2450 1639 2552 1693 Sed
2577 1643 2690 1710 ejus
2715 1645 2789 1696 rei
2816 1645 3014 1699 nullum
3042 1647 3091 1700 in
3120 1649 3339 1716 epistola
3366 1652 3648 1721 vestigium
3670 1662 3780 1720 est,

2198 1724 2347 1795 isque
2374 1740 2626 1797 praiterea
2659 1733 2752 1787 fuit
2782 1735 3107 1801 Desiderius,
3141 1740 3238 1792 nisi
3274 1739 3524 1808 fallimur,
3552 1745 3641 1812 qui
3671 1759 3778 1799 non

2196 1818 2294 1870 nisi
2337 1835 2430 1886 per
2465 1821 2513 1874 id
2552 1826 2805 1892 temporis
2837 1827 3015 1880 Romae
3043 1829 3340 1884 diversatus
3368 1833 3651 1888 commode
3681 1835 3784 1889 in-

2197 1908 2354 1978 telligi
2385 1911 2549 1978 possit
2578 1931 2590 1965 :
2615 1915 2870 1983 siquidem
2899 1934 3034 1972 unus
3059 1919 3302 1989 idemque
3325 1931 3406 1976 est
3431 1938 3551 1976 cum
3577 1924 3781 1980 celebri

2195 1999 2476 2067 Aquitano,
2507 2003 2592 2071 qui
2629 2003 2768 2058 haud
2805 2008 2968 2060 multo
3003 2019 3123 2076 post
3149 2011 3198 2063 in
3221 2011 3554 2067 Palaestinam
3576 2015 3782 2085 migra-

2193 2089 2287 2151 vit,
2314 2090 2450 2144 und'e
2475 2091 2756 2149 discedens
2779 2112 2863 2151 an.
2890 2098 3013 2154 598.
3044 2099 3180 2154 dona
3203 2103 3442 2171 quadam
3471 2105 3794 2177 Hieronymi

2195 2182 2408 2234 nemine
2446 2183 2511 2235 ad
2555 2183 2778 2239 Vitalem
2813 2187 3035 2254 detulit;
3082 2201 3189 2244 tum
3233 2193 3516 2265 Presbyter
3553 2196 3778 2265 jussus,

2197 2268 2572 2342 Hieronymum
2616 2273 2856 2330 hortatus
2895 2290 2974 2332 est
3000 2321 3014 2343 ,
3050 2289 3106 2333 ut
3133 2283 3388 2337 scriberet
3418 2294 3602 2339 contra
3631 2285 3786 2357 Vigi-

2195 2359 2412 2414 lantiunt
2439 2379 2450 2416 :
2473 2364 2522 2416 in
2546 2380 2701 2433 quam
2729 2372 3041 2422 sententiam
3069 2372 3191 2424 alibi
3220 2389 3316 2426 suo
3344 2375 3460 2428 loco
3482 2393 3587 2430 non
3617 2377 3788 2446 levia,

2199 2457 2256 2503 ut
2282 2451 2433 2504 nobis
2465 2453 2740 2520 videntur,
2767 2470 3074 2524 argumenta
3105 2463 3488 2529 congessimus.

2263 2539 2493 2597 XLVIII.
2541 2544 2744 2613 Scripta
2781 2565 2868 2604 an.
2915 2551 3039 2605 595.
3085 2555 3158 2606 vel
3203 2559 3453 2623 sequentis
3495 2559 3659 2612 initio.
3705 2592 3784 2605 -

2191 2631 2414 2699 Scriptis
2437 2645 2618 2689 contra
2645 2636 2980 2694 Iovinianum
3009 2644 3156 2697 libris
3183 2686 3195 2708 ,
3229 2647 3413 2703 istlucc
3440 2651 3678 2706 succedit
3708 2654 3797 2708 ad'

2193 2718 2585 2778 Pammacbium
2616 2726 2872 2795 Epistola,
2903 2731 2987 2784 cui
3007 2773 3022 2796 ,
3053 2742 3108 2784 ut
3139 2734 3250 2801 ipse
3280 2735 3422 2790 Hier.
3453 2740 3525 2792 ait
3545 2779 3561 2804 ,
3593 2743 3783 2798 ἀπελοο

2190 2819 2404 2879 γησάμην
2427 2824 2480 2868 ut
2507 2818 2664 2885 potui,
2689 2829 2736 2872 et
2761 2819 2990 2889 Epistula
3012 2823 3229 2877 disserui
3253 2826 3497 2897 longiore.
3529 2831 3583 2884 Id
3616 2851 3798 2902 porro

2191 2913 2518 2971 compertum
2554 2916 2636 2960 est
2659 2948 2673 2971 ,
2706 2921 2892 2963 contra
2922 2911 3258 2969 Iovinianum
3286 2959 3300 2982 ,
3330 2933 3484 2986 quem
3514 2922 3632 2976 heic
3659 2923 3792 2992 jam.

2193 2993 2514 3052 Pammachii
2541 3014 2698 3066 opera
2730 3001 3033 3058 damnatum
3071 3017 3218 3060 notat
3237 3049 3252 3071 ,
3281 3011 3360 3063 vel
3388 3011 3452 3065 ad
3481 3016 3798 3082 superioris-

2191 3085 2312 3136 anni
2338 3087 2557 3149 exitum.
2590 3089 2668 3142 vel
2699 3091 2912 3146 ineunte
2939 3094 3038 3146 hoc
3064 3111 3203 3150 anno
3233 3097 3355 3154 595.
3390 3101 3790 3176 Hieronymum

2191 3177 2386 3247 stylum
2432 3181 2635 3234 acuisse
2664 3197 2678 3236 :
2710 3184 2983 3252 epistolam
3023 3202 3148 3240 vero
3189 3190 3355 3258 ipsam
3397 3194 3570 3249 serius
3613 3213 3793 3264 quam:

2191 3277 2311 3336 post
2337 3283 2530 3322 annum
2559 3280 2764 3339 putare,
2792 3275 2863 3327 nil
2893 3279 3052 3346 eogit.
3080 3278 3228 3344 Quod
3257 3292 3313 3336 ut
3339 3285 3498 3340 etiam
3527 3288 3651 3341 aliis
3683 3306 3776 3344 ar-

2190 3360 2451 3425 gementis
2475 3361 2680 3428 probari
2705 3366 2889 3432 possit,
2915 3367 3040 3421 illud
3066 3371 3114 3420 in
3160 3373 3342 3437 primis
3363 3375 3554 3430 afferre
3575 3381 3776 3448 placet.

2190 3447 2328 3514 quod
2355 3463 2420 3501 ex
2464 3451 2767 3518 prmlatioue
2809 3459 3308 3515 commentariorum
3338 3463 3387 3516 in
3417 3447 3604 3521 Jonam
3633 3472 3784 3524 erui-

2193 3545 2298 3629 tur,
2327 3538 2748 3608 quandoquidem
2778 3544 3002 3598 aliarum
3029 3548 3226 3618 aliquot
3253 3552 3618 3624 epistularum,
3654 3576 3792 3629 qua!

2193 3626 2315 3680 hinc
2344 3629 2737 3698 subsequuntur
2757 3675 2770 3696 ,
2797 3650 2860 3688 ex
2889 3635 3074 3690 ordine
3100 3655 3205 3707 quo
3234 3641 3454 3710 singultu
3479 3626 3777 3704 recensen-

2193 3725 2295 3781 tur,
2327 3727 2536 3788 tempus
2564 3720 2961 3779 determinatur.
2995 3725 3266 3782 Triennuin
3291 3771 3308 3796 ,
3336 3733 3543 3802 inquit,
3570 3738 3780 3794 circiter

2189 3810 2339 3878 ﬂuxit
2373 3821 2636 3881 postquam
2663 3817 2885 3887 quinque
2931 3822 3205 3888 prop/tetas
3232 3825 3589 3896 interpretatus
3618 3850 3737 3886 sum
3759 3874 3777 3898 ,

2192 3901 2444 3955 ilic/team
2466 3945 2482 3968 ,
2508 3903 2679 3960 Naum
2702 3950 2718 3976 ,
2744 3910 2944 3965 Abacuc
2967 3953 2982 3977 ,
3015 3914 3334 3982 Sep/toniam
3352 3960 3367 3983 ,
3403 3918 3657 3990 [logicum
3684 3967 3700 3987 ,
3729 3936 3794 3979 et

2189 3991 2295 4044 alio
2328 4009 2480 4062 opere
2515 3997 2740 4051 detentus
2760 4039 2773 4060 ,
2815 4018 2913 4053 non
2955 4004 3095 4071 potui
3125 4004 3332 4074 implere
3358 4009 3491 4076 quod
3514 4027 3778 4079 ceperam.

2191 4083 2389 4151 Scripsi
2430 4091 2562 4142 enint
2600 4092 2780 4145 librum
2810 4099 2873 4147 de
2901 4095 3191 4154 lllustribus
3237 4099 3390 4165 Viris,
3419 4113 3464 4156 et
3501 4106 3795 4162 adversum

2189 4175 2517 4232 Iovinianum
2543 4182 2644 4235 duo
2672 4184 2962 4250 volumina;
2996 4190 3375 4260 Apologeticum
3399 4211 3616 4265 quoque,
3646 4209 3694 4253 et
3717 4202 3783 4256 de

2191 4271 2381 4334 optimo
2424 4287 2602 4340 genere
2645 4274 3010 4342 interpretandi
3048 4280 3126 4331 ad‘
3163 4279 3547 4336 Parumne/tium
3569 4325 3584 4348 ,
3621 4298 3672 4341 et
3710 4291 3782 4342 ad

2193 4358 2558 4429 Nepotianum,
2589 4366 2668 4418 vel
2695 4365 2757 4419 de
2781 4366 3076 4435 Nepotiane
3101 4370 3226 4425 duos
3254 4373 3425 4438 libros,
3459 4384 3505 4428 et
3528 4376 3642 4432 alia
3663 4397 3782 4450 quae

2189 4468 2478 4506 enumerare
2503 4454 2707 4525 longum
2729 4465 2820 4510 est.
2853 4458 2963 4513 Hoc
2990 4475 3147 4530 porro
3173 4463 3384 4517 circiter
3405 4465 3687 4521 triennium
3709 4472 3795 4524 ab-

2189 4558 2328 4598 anno
2365 4544 2487 4599 592.
2525 4546 2589 4600 ad
2627 4548 2777 4615 cujus
2821 4547 2976 4603 linem
3005 4563 3056 4604 et
3088 4552 3278 4606 librmn
3309 4553 3375 4606 de
3405 4553 3790 4626 Scriptorihus.

2187 4637 2584 4702 ecclesiasticis,
2607 4648 2660 4693 et
2685 4648 2868 4694 contra
2887 4641 3219 4697 .lovinianum
3240 4646 3450 4714 scripsit
3469 4648 3534 4701 ad
3557 4649 3780 4707 initium

2187 4745 2356 4800 usque
2378 4730 2502 4786 596.
2531 4733 2922 4800 supputandum
2948 4743 3049 4788 est.
3081 4735 3211 4789 Nam
3235 4737 3373 4802 quod
3397 4737 3787 4800 Tillemontius

2187 4820 2491 4892 Hieronymi
2521 4822 2689 4876 locum
2714 4824 2981 4887 sollicitat,
3004 4833 3056 4878 et
3075 4826 3460 4893 quadriennium
3483 4844 3579 4896 pro
3604 4833 3780 4887 trien-

2186 4911 2274 4964 nio
2299 4911 2544 4964 substitul
2573 4910 2770 4965 debere
2797 4921 2975 4979 putat,
3001 4912 3049 4965 id
3073 4913 3140 4966 ab
3161 4916 3304 4968 omni
3326 4918 3565 4973 veritatis
3586 4923 3782 4989 specie

2187 5009 2290 5054 tam
2321 4999 2607 5055 abhorrere
2633 5001 3129 5064 demonstrabimus,
3155 5019 3310 5072 quam
3337 5006 3476 5074 quod
3505 5011 3775 5067 maxime.

2186 5088 2398 5144 Interim
2440 5105 2558 5142 cum
2601 5089 2783 5142 isthme
2825 5091 3042 5156 cpistola
3087 5107 3242 5160 quant
3275 5095 3343 5147 ibi
3374 5094 3778 5167 Apolbgeticum

2184 5189 2354 5241 vocat,
2384 5189 2436 5232 et
2461 5194 2579 5248 qua;
2606 5179 2704 5247 ipsi
2729 5180 2890 5232 altera
2916 5179 3098 5246 juncta
3124 5191 3225 5247 cst,
3259 5181 3446 5237 XLIX.
3477 5195 3602 5253 post
3635 5192 3778 5245 tanti

2185 5270 2435 5338 temporis
2464 5270 2792 5323 intervallum
2819 5269 2956 5323 data:
2979 5271 3101 5333 sint,
3128 5278 3184 5325 ut
3205 5272 3294 5326 diu
3319 5275 3776 5335 adversariorum

2181 5361 2426 5430 querelas
2450 5361 2644 5413 dixisse
2669 5361 2895 5427 potuerit
2919 5361 3266 5433 Hieronymus
3290 5366 3686 5438 dissimulasse,
3719 5383 3778 5430 et

2182 5460 2286 5504 tam
2328 5451 2481 5519 longe
2533 5449 2728 5518 vulgati
2785 5451 2894 5503 sint
2929 5452 3085 5515 libri,
3115 5464 3171 5507 ut.
3223 5457 3474 5526 aliquanti
3519 5477 3586 5514 ea:
3630 5461 3780 5521 Urbe

2179 5540 2426 5593 venientes
2451 5539 2546 5592 sibi
2582 5538 2858 5592 lectitarent
2877 5580 2892 5603 ,
2931 5556 3042 5609 qua:
3073 5541 3249 5597 Roma:
3282 5548 3538 5616 excepisse
3564 5554 3776 5622 refere-

2179 5629 2338 5692 bant,
2375 5641 2479 5682 non
2525 5627 2792 5681 immerito
2835 5629 3130 5699 colligimus
3176 5634 3388 5689 circiter
3434 5637 3596 5694 unius
3638 5645 3775 5699 anni

2178 5717 2405 5786 spatium
2426 5715 2712 5782 efﬂuxisse,
2736 5717 2892 5787 eique
2909 5718 3044 5777 adeo
3062 5721 3186 5790 595,
3210 5722 3391 5793 linem,
3413 5735 3507 5783 aut
3524 5740 3775 5802 sequen-

2183 5809 2255 5867 tis
2282 5807 2486 5864 initium
2511 5807 2666 5864 tribui
2689 5816 2954 5878 oportere.
