4004 6328
1275 340 1322 354 ρ

223 374 326 432 ιιι

285 485 458 543 XLIX.
504 485 752 556 superiori
771 485 966 556 juncta.
989 511 1061 524 ——
1087 480 1212 535 Haec
1232 521 1246 546 ,
1278 487 1335 533 ut
1362 478 1520 534 modo
1547 491 1772 532 annuta-

225 580 398 641 vituus,
425 577 609 644 juncta
639 585 751 630 erat
775 573 1050 644 superiori,
1077 571 1264 627 eodem
1292 571 1484 641 scripta
1513 578 1775 638 tempore,

222 678 364 735 atque
393 680 492 718 una
523 665 592 719 ad
624 665 1011 720 Pammachium
1042 663 1222 718 missa.
1691 720 1694 722 γ

283 755 341 808 L.
368 754 577 824 Scripta
604 756 728 809 circ.
745 772 842 808 an.
866 755 987 809 594.
1004 783 1078 794 --
1093 754 1243 808 Dolet
1261 752 1575 806 monachum
1596 764 1782 819 quem-

217 844 327 898 dam
351 844 732 912 rumigerulum
757 845 868 898 suis
887 854 1073 897 contra
1093 843 1424 898 Iovinianum
1436 841 1588 895 :libris
1608 838 1782 894 adhuc

201 935 364 989 etiam
389 934 703 997 detrahere.
731 938 838 1004 qui,
867 935 1054 1003 inquit,
1082 934 1327 988 debuisset
1351 933 1428 986 vel
1452 946 1680 1000 arguere,
1705 930 1782 984 uel

214 1032 515 1101 interrogare
535 1031 844 1101 per‘litteras
864 1072 878 1093 ,
904 1031 1038 1100 quod
1059 1032 1134 1083 vir
1155 1030 1380 1082 eruditus
1400 1037 1443 1080 et
1463 1027 1641 1079 nobilis
1665 1025 1785 1093 fecit

217 1121 598 1189 Pammachius,
627 1124 714 1177 cui
739 1130 1088 1189 απιλογισάμην
1115 1133 1169 1174 ut
1197 1121 1356 1190 potui,
1379 1129 1424 1172 et
1449 1117 1660 1185 epistola
1682 1117 1786 1169 dis-

216 1213 338 1267 serui
366 1213 620 1283 longiore.
650 1214 826 1280 Quare
849 1215 894 1267 si
921 1214 1110 1282 prioris
1135 1213 1198 1266 ad
1229 1211 1616 1266 Pammachium
1653 1223 1787 1277 epo-

213 1303 302 1357 cba
330 1303 566 1372 legitima
598 1306 688 1368 sit,
726 1305 862 1357 hanc
891 1302 1030 1356 haud
1061 1303 1223 1356 multo
1251 1310 1368 1369 post
1387 1342 1401 1364 ,
1432 1302 1544 1353 sive
1561 1299 1637 1352 ad
1663 1299 1787 1351 anni

213 1395 325 1449 594.
358 1395 567 1448 initium
603 1394 937 1467 referendam
970 1407 1088 1447 esse
1119 1392 1448 1446 manifestum
1475 1398 1575 1443 est.

273 1483 351 1537 L1.
415 1483 632 1554 Scripta
657 1486 781 1538 circ.
807 1485 938 1536 idem
967 1493 1180 1552 tempus.
1207 1509 1278 1520 —-
1302 1481 1592 1548 Epistulam
1626 1492 1787 1546 quam

217 1573 362 1641 paulo
399 1583 529 1628 ante
568 1573 762 1629 Graece
789 1574 1071 1642 scripserat
1097 1573 1429 1640 Epiphanius
1453 1613 1468 1636 ,
1498 1572 1548 1622 itt
1576 1569 1790 1622 Eusebii

207 1667 584 1722 Cremonensis
621 1666 845 1734 gratiam
895 1665 1053 1718 latine
1107 1664 1453 1733 Hieronymus
1478 1660 1788 1729 explicavit,

209 1755 302 1810 hoc
331 1757 527 1811 eodem
562 1771 708 1810 anno
737 1757 860 1811 59‘.
893 1755 1054 1824 quue
1081 1771 1145 1808 ex
1175 1769 1241 1808 eo
1263 1754 1392 1806 satis
1417 1761 1596 1820 aperte
1613 1748 1790 1802 confi-

207 1848 372 1912 citur,
404 1848 559 1918 qttod
609 1849 765 1903 LVH.
806 1865 961 1917 quam
1006 1846 1138 1900 infra
1181 1845 1539 1912 expendentes
1568 1842 1638 1894 ad
1663 1840 1786 1895 595.

208 1940 427 2006 priorem
460 1951 674 2009 partem
702 1940 964 2008 pertinere
988 1937 1328 1992 ostendemus
1351 1976 1364 1999 ,
1403 1933 1585 1987 istltznc
1614 1947 1750 1985 anno
1771 1971 1786 1996 ,

201 2037 249 2081 et
278 2045 364 2083 sea:
383 2031 663 2083 mensibus
701 2029 1024 2097 prtecesserit.

269 2117 372 2173 LII.
406 2119 630 2190 Scripta
663 2121 776 2172 hoc.
809 2137 895 2172 au.
928 2119 1052 2172 594.
1077 2146 1143 2157 --
1171 2115 1298 2170 Cum
1341 2115 1474 2166 hanc
1511 2113 1577 2166 ad
1616 2111 1790 2178 Nepo-

198 2209 396 2264 tianum
429 2211 503 2266 de
527 2210 866 2264 Clericorunt
888 2211 999 2260 vita
1033 2208 1307 2277 epistolam
1338 2205 1630 2266 scriberet,
1659 2203 1795 2254 ultro

203 2313 393 2353 annum
429 2301 584 2353 hunc
613 2302 739 2354 594.
773 2300 883 2367 ipse
909 2298 1266 2366 Hieronymus
1294 2294 1563 2346 denotavit
1583 2291 1710 2356 ,‘qui
1741 2292 1791 2341 in

203 2389 298 2444 line
333 2391 459 2459 cogi
513 2405 578 2444 se
612 2389 780 2451 dixit,
829 2388 1056 2453 lapidato
1091 2387 1202 2454 jam
1240 2381 1551 2451 Virginitatis
1589 2378 1758 2429 libello
1783 2417 1796 2442 ,

200 2494 338 2546 quem
365 2478 436 2534 S.
473 2477 770 2530 Eustochio
813 2473 994 2527 Romae
1020 2474 1289 2533 scripserat
1311 2509 1325 2532 ,
1352 2477 1467 2537 post
1489 2481 1649 2518 annos
1678 2462 1802 2516 DE-

202 2570 340 2627 CEM
371 2585 574 2623 rursus
596 2566 854 2621 Bethleem
880 2581 970 2617 ora
993 2578 1235 2616 reserare.
1269 2559 1359 2613 Est
1386 2567 1559 2611 autem
1582 2554 1792 2608 libellus

203 2663 278 2718 ille
327 2663 506 2729 epist.
545 2658 638 2711 22.
671 2672 828 2726 quam
867 2656 930 2707 ad
974 2668 1062 2707 an.
1093 2653 1217 2706 584.
1259 2648 1488 2703 diximus
1515 2640 1794 2713 pertinere.

199 2754 433 2817 Hursus,
471 2760 543 2806 ut
573 2751 734 2820 paulo
763 2763 918 2817 supra
950 2763 1012 2800 ex
1046 2744 1352 2814 praefatione
1382 2744 1431 2794 itt
1462 2740 1646 2794 lenam
1679 2737 1794 2789 ani-

207 2845 601 2901 madvertimus
625 2883 641 2909 ,
675 2856 741 2896 eo
771 2841 839 2895 ibi
871 2839 1056 2892 ordine
1083 2844 1358 2897 censetur,
1392 2843 1448 2887 ut
1485 2830 1690 2886 nonnisi
1729 2829 1795 2882 ad

201 2938 340 2992 hunc
367 2942 581 2990 annum
607 2931 888 2986 commode
913 2930 1092 2984 relerri
1124 2927 1303 2994 possit.

268 3027 428 3083 Llll.-
451 3025 678 3093 Scripta
702 3023 824 3074 circ.
857 3019 990 3071 idem
1019 3027 1173 3085 temp.
1201 3045 1269 3055 —
1293 3018 1576 3081 Acceperat
1604 3025 1634 3063 a
1660 3010 1797 3064 Pau-

177 3135 180 3139 ‘
211 3119 312 3173 lino
337 3118 716 3184 Hieronymus
743 3109 1081 3165 suavissimas
1109 3107 1328 3165 litteras,
1355 3119 1466 3173 qua:
1490 3120 1521 3154 a
1547 3101 1794 3170 principio

211 3213 556 3265 amicitiarum
587 3203 774 3276 (quod
814 3201 1007 3255 indicio
1042 3207 1124 3252 est
1164 3197 1333 3250 nullas
1375 3196 1518 3264 prius
1555 3194 1795 3260 utrinque

211 3305 392 3357 missas
422 3300 600 3354 fuisse
629 3297 646 3366 )
681 3295 830 3364 ﬁdem
877 3291 1102 3362 probata:
1135 3291 1246 3357 jam
1275 3295 1322 3339 et
1362 3285 1534 3339 veteris
1563 3283 1796 3336 amicitiae

208 3396 564 3466 praeferebant.
603 3389 713 3444 Illis
758 3384 1040 3455 respondet
1095 3383 1190 3437 bac
1238 3379 1455 3447 epistola
1481 3418 1495 3440 ,
1525 3392 1622 3445 qua
1674 3390 1794 3428 cum

215 3486 442 3555 pluribus
466 3481 593 3551 ejus
618 3476 936 3533 studinm'ac
955 3471 1154 3526 sciendi
1183 3470 1427 3523 ardorem
1452 3467 1792 3526 laudavisset.

207 3593 324 3632 eum
349 3575 592 3631 maxime
625 3573 885 3629 hortatur,
910 3574 968 3618 ut
988 3565 1109 3617 velit
1134 3561 1364 3631 perfecte
1385 3560 1577 3613 saeculo
1601 3574 1795 3612 renun-

215 3671 335 3723 tiare
357 3711 373 3736 ,
401 3678 462 3724 et
501 3664 806 3719 divitiarum
846 3663 1038 3729 funem,
1069 3653 1153 3723 qui
1185 3670 1294 3708 eum
1329 3652 1495 3704 adhuc
1523 3649 1790 3714 detinebat,

213 3765 348 3816 veluti
390 3760 692 3816 nauiculam
739 3755 790 3807 in
834 3752 940 3806 solo
983 3750 1282 3810 Iuerentem,
1314 3745 1556 3815 praecidat
1594 3741 1792 3809 magis,

212 3869 348 3922 quam
375 3853 548 3906 solvat
572 3865 590 3902 :
613 3847 860 3899 nimirum
887 3851 945 3894 ut
970 3855 1086 3909 qua:
1110 3839 1207 3891 sibi
1235 3842 1565 3905 supererant,
1588 3845 1797 3900 posses-

215 3943 482 3996 siunculas
512 3937 734 3992 omnino
759 3934 1047 3987 dimitteret
1072 3968 1088 3994 ,
1130 3941 1227 3978 nec
1263 3932 1473 3978 curaret
1509 3935 1664 3988 quam
1709 3933 1794 3971 sa-

216 4034 417 4102 pienter
441 4027 704 4083 venderet
731 4025 782 4076 in
813 4031 1100 4090 pauperum
1131 4027 1260 4069 usus
1276 4031 1296 4076 ',
1335 4009 1544 4079 quando
1570 4005 1796 4074 impedi-

217 4099 389 4177 mento
404 4135 527 4176 esse
544 4125 782 4188 possent,
797 4113 921 4167 dunt
939 4119 1081 4162 caute
1097 4117 1144 4161 et
1162 4103 1459 4176 pedetentim
1477 4099 1794 4163 recrastinat,

217 4222 258 4266 et
285 4214 422 4267 diem
452 4211 517 4264 de
545 4209 629 4261 die
657 4206 830 4260 trahit.
873 4201 1005 4256 Cum
1050 4199 1186 4268 igtur
1214 4211 1280 4251 ex
1307 4195 1364 4249 S.
1401 4191 1602 4247 Paulini
1648 4191 1752 4266 vita
1777 4231 1792 4257 ,

214 4304 435 4374 ejusque
459 4299 701 4370 epistolis
727 4296 881 4351 tertia
901 4302 955 4347 et
975 4299 1158 4361 quarta
1185 4295 1512 4356 compertum
1534 4286 1624 4350 sit,
1649 4283 1792 4336 illum

216 4409 296 4450 an.
322 4393 456 4449 594.
485 4391 688 4446 dudum
733 4385 993 4454 incepisse
1037 4390 1240 4451 partem
1279 4378 1536 4431 bonorum
1575 4390 1792 4429 suorum

193 4487 465 4552 vendere,
498 4497 663 4554 seque
694 4481 922 4535 terrenis
949 4476 1110 4531 rebus
1141 4472 1404 4536 abdicare,
1436 4469 1586 4524 facile
1611 4484 1673 4523 ex
1702 4484 1792 4522 su-

217 4578 509 4645 perioribus
531 4574 772 4641 colligas,
796 4569 860 4623 ad
886 4567 1134 4623 eumdem
1160 4563 1300 4618 hunc
1318 4577 1512 4616 annum
1537 4560 1796 4631 Hierony-

217 4666 283 4719 mi
305 4664 588 4734 epistolam
617 4675 740 4717 esse
766 4657 1124 4714 referendam.

282 4753 414 4810 LIV.
449 4754 659 4821 Scripta
687 4749 777 4804 sub
809 4749 900 4815 ﬁn.
924 4763 1010 4800 an.
1035 4744 1140 4800 594
1161 4772 1232 4784 —-
1255 4742 1421 4812 Hujus
1445 4748 1652 4794 nitatem
1679 4737 1794 4806 epi-

220 4849 361 4901 stolae
411 4859 572 4916 quam
628 4841 696 4895 ad
747 4839 954 4892 Furiam
1007 4835 1235 4900 scribit,
1282 4834 1394 4902 ipse
1443 4831 1794 4900 Hieronymus

221 4935 501 4997 indicavit,
532 4945 656 4987 cum
689 4928 810 4982 Scio
835 4942 945 4992 me,
979 4925 1180 4995 inquit,
1205 4931 1325 4976 ante
1350 4924 1442 4974 hoc
1468 4922 1624 4988 ferme
1650 4919 1793 4972 bien-

223 5028 353 5080 nium
399 5025 622 5080 edidisse
670 5021 823 5075 libros
879 5028 1055 5071 contra
1094 5014 1439 5069 Iovinianum.
1471 5011 1754 5066 Enimvero
1775 5047 1792 5073 ,

224 5126 275 5169 ut
322 5116 446 5170 alibi
501 5129 607 5169 nec
663 5124 770 5165 ttno
823 5109 876 5162 in
925 5109 1042 5162 loco
1091 5105 1321 5161 diximus
1371 5118 1438 5158 ex
1485 5101 1791 5173 praefation.

224 5204 652 5260 commentarior.
698 5201 752 5254 in
780 5199 988 5263 Jouam,
1016 5205 1070 5251 et
1092 5209 1190 5251 suo
1213 5195 1332 5250 loco
1355 5192 1524 5248 fusius
1543 5206 1796 5248 asseren-

225 5294 338 5352 dum
363 5304 471 5361 est,
493 5294 596 5349 sub
621 5292 826 5346 initium
851 5291 971 5343 anni
991 5287 1120 5343 595.
1143 5301 1236 5342 eos
1255 5295 1438 5340 contra
1457 5283 1791 5340 Joviuianum

202 5382 377 5442 'libros
405 5386 466 5442 S.
492 5385 696 5440 Doctor
724 5381 1038 5450 composuit,
1069 5379 1257 5448 quibus
1285 5377 1328 5433 si
1356 5380 1513 5448 ferme
1540 5376 1793 5430 biennium

227 5477 374 5532 addas
397 5517 416 5544 ,
456 5475 524 5531 ad
575 5474 734 5528 liuent
775 5471 1022 5526 devenias
1066 5469 1188 5524 594.
1220 5482 1376 5538 quem
1410 5465 1532 5521 huic
1557 5466 1793 5536 epistola:

228 5569 574 5639 assiguamus.
617 5589 620 5592 θ
1458 5596 1462 5600 -

286 5658 388 5713 LV.
424 5657 640 5726 Scripta
664 5655 784 5707 circ.
815 5653 943 5706 idem
974 5651 1185 5722 tempus.
1204 5681 1276 5693 —-
1292 5651 1426 5706 Tres
1449 5649 1550 5705 ltac
1571 5650 1790 5720 epistola

225 5750 532 5815 quaestiones
555 5761 585 5802 e
605 5757 742 5802 novo
759 5741 1097 5800 Testamento
1113 5742 1358 5813 explicat,
1378 5756 1598 5811 quarum
1624 5741 1790 5811 prima

1585 360 1975 421 PREFATIO.

3335 379 3474 438 LXII

1887 491 1955 532 ex
1982 474 2218 533 Mattbaei
2246 478 2537 551 Evangelia
2558 521 2574 547 ,
2597 482 2723 539 dure
2752 485 2969 556 reliqum
2995 503 3062 544 ex
3090 489 3253 546 Paulo
3281 496 3346 549 ad
3371 497 3476 551 (to.

1888 565 2124 622 rintltios
2153 579 2421 639 petuntur.
2453 570 2650 627 Verum
2681 576 2821 644 quod
2851 593 3022 648 neque
3061 581 3201 636 illam
3234 585 3284 637 itt
3316 587 3474 641 Cata-

1888 656 2014 726 logo
2063 669 2376 726 enumerat,
2419 675 2591 731 neque
2644 664 2696 717 in
2751 665 2840 720 illa
2889 681 3015 724 suos
3066 671 3119 724 in
3170 673 3476 732 Mattbteum

1888 751 2304 804 commentarios
2347 752 2510 816 citat,
2560 753 2755 809 indicio
2794 765 2915 820 est,
2977 768 3033 812 et
3085 772 3363 832 postquam
3406 767 3475 822 de

1892 837 2194 894 lllustribus
2240 840 2380 896 Viris
2409 845 2751 914 scripsisset,
2793 849 2906 903 sive
2952 859 3070 919 post
3114 867 3202 907 an.
3254 857 3378 912 592.
3424 867 3479 913 et

1889 938 2178 997 antequam
2205 930 2508 986 Manlianum
2526 937 2852 1004 explauaret,
2879 937 2929 992 id
2955 948 3036 994 est
3057 951 3178 996 ante
3197 944 3320 999 598.
3347 946 3477 1001 fuis-

1893 1037 1951 1076 se
1997 1033 2296 1079 exaratam.
2343 1026 2548 1097 Quippe
2589 1047 2653 1084 ex
2697 1032 2998 1104 Hieronymi
3045 1053 3192 1094 more
3230 1052 3475 1097 neutrum

1891 1112 2041 1165 credi
2084 1127 2178 1181 par
2226 1123 2347 1181 est,
2383 1119 2465 1171 vel
2498 1119 2833 1190 Excgeticam
2876 1125 3154 1182 Sacrarum
3183 1129 3474 1187 litterarum

1895 1202 2176 1269 epistolam
2201 1245 2216 1266 ,
2249 1206 2293 1258 si
2322 1214 2431 1259 tum
2462 1214 2712 1278 temporis
2741 1215 3095 1272 elucubrasset
3115 1260 3129 1284 ,
3156 1223 3362 1277 caeteris
3384 1239 3475 1280 ac-

1893 1305 2116 1345 censere
2139 1331 2154 1357 ,
2189 1294 2270 1346 vel
2312 1295 2354 1348 si
2395 1297 2634 1352 eamdem
2662 1305 3007 1369 qumstionem
3037 1322 3134 1362 suo
3161 1311 3279 1363 locu
3305 1326 3470 1380 expo-

1895 1392 2093 1444 suerat,
2111 1382 2312 1436 nullam
2329 1385 2441 1452 ejus
2457 1389 2631 1454 operis
2649 1393 2967 1446 mentionem
2990 1396 3202 1463 injicere
3219 1401 3468 1455 voluisse.

1901 1470 2026 1523 lllud
2061 1472 2216 1540 igitur
2241 1474 2404 1527 ferme
2428 1477 2863 1545 quinquennium,
2888 1485 3026 1550 quod
3057 1487 3203 1540 hisce
3233 1491 3469 1545 terminis

1898 1563 2196 1628 clauditur,
2225 1579 2368 1621 certa
2400 1567 2554 1639 hujus
2583 1573 2819 1637 epistolae
2845 1585 2928 1629 est
2955 1579 3176 1645 epnclta.
3206 1581 3355 1648 Quod
3389 1591 3469 1636 ta-

1879 1667 2022 1706 .men
2069 1657 2310 1722 prOprius
2352 1659 2414 1710 ad
2459 1675 2544 1711 an.
2580 1662 2700 1715 59’s.
2733 1679 2848 1717 eam
2887 1667 3123 1721 dicemus
3163 1674 3466 1739 pertinere,

1897 1739 2020 1794 fecit
2045 1744 2317 1799 doctorum
2351 1747 2619 1804 hominum
2645 1754 2946 1818 auctoritas,
2985 1766 3142 1826 atque
3170 1759 3470 1828 ltujusmodi

1847 1908 1863 1927 Ι
1898 1833 2231 1899 conjectura.
2252 1836 2395 1890 Hier.
2420 1838 2544 1893 dum
2569 1842 2633 1896 nd
2655 1846 2888 1911 epistolae
2916 1848 3072 1901 tinem
3096 1850 3162 1902 de
3187 1865 3470 1919 corporum

1898 1923 2286 1980 resurrectione
2329 1928 2593 1997 disputat,
2623 1944 2673 1986 et
2717 1949 2874 1987 svnsn
2899 1977 2913 2000 ,
2945 1952 3048 2006 quo
3083 1939 3323 1994 Christus
3363 1943 3471 1998 Deo

1898 2011 2038 2064 Patri
2066 2016 2268 2081 omnia,
2293 2031 2454 2085 seque
2479 2022 2688 2075 tandem
2717 2025 2886 2091 ipsum
2913 2029 3101 2081 dicitur
3118 2030 3468 2099 subjectnrus,

1897 2102 2026 2155 nihil
2054 2104 2176 2158 data
2206 2109 2488 2162 occasione
2516 2121 2696 2164 contra
2728 2115 3004 2181 Urigenem
3036 2119 3238 2183 intulit,
3272 2123 3382 2176 imo
3409 2139 3470 2176 ea

1901 2195 2067 2246 ferme
2098 2195 2471 2263 interpretandi
2501 2204 2703 2254 ratione
2731 2218 2856 2256 usus
2880 2219 2982 2270 ρει,
3008 2223 3109 2275 qua
3137 2222 3195 2262 se
3219 2214 3464 2266 ostende-

1903 2291 1984 2332 ret
2007 2281 2056 2332 iu
2081 2288 2310 2336 cavenda
2333 2285 2575 2354 Otigenis
2594 2290 2849 2345 doctrina.
2871 2311 3026 2360 quant
3054 2307 3235 2364 postea
3257 2301 3472 2369 culpare

1905 2374 2061 2440 etrapit
2083 2413 2097 2436 ,
2129 2377 2300 2428 minus
2323 2393 2441 2431 esse
2468 2381 2770 2433 sollicitum.

1978 2462 2108 2516 LVI.
2151 2464 2359 2532 Scripta
2387 2469 2503 2521 circ.
2537 2487 2622 2522 an.
2653 2473 2774 2525 594.
2806 2504 2873 2513 -—
2902 2477 2997 2528 Cui
3029 2495 3059 2530 e
3086 2479 3292 2534 duobus
3320 2486 3473 2539 annis

1903 2552 2026 2606 594.
2049 2565 2102 2607 et
2122 2555 2246 2609 595.
2273 2557 2452 2613 istltmc
2469 2561 2744 2629 Augustini
2766 2566 2829 2617 ad
2855 2565 3226 2639 Hieronymum
3249 2577 3470 2642 epistula

1903 2645 1971 2736 sit
2000 2647 2332 2736 ascribenda,
2365 2655 2628 2706 nou-satis
2673 2659 3000 2724 exploratum
3029 2671 3131 2716 est.
3165 2665 3229 2718 Et
3256 2669 3469 2736 quidem

1904 2731 2056 2787 facile
2084 2734 2356 2792 inclinaret
2384 2742 2590 2798 animus
2622 2745 2672 2798 in
2702 2761 2895 2801 annum
2923 2752 3045 2805 594.
3069 2770 3188 2821 cum
3215 2731 3388 2814 adhuc
3418 2761 3471 2815 in

1903 2823 2226 2897 Presbyterii
2278 2846 2491 2887 munere
2539 2837 2858 2905 Augustinus
2896 2855 3230 2911 mereretur,
3271 2850 3363 2903 sed
3406 2867 3473 2907 ne

1901 2915 2098 2969 diutius
2127 2918 2376 2973 teetorem
2407 2939 2692 2987 moremur,
2725 2939 2881 2998 atque
2911 2945 3084 2986 aetum
3112 2951 3268 3004 agere
3295 2940 3474 2993 videa-

1900 3023 2047 3072 mur,
2083 3010 2192 3078 ipsa
2225 3011 2685 3072 Beuedictinurutn
2719 3020 2990 3078 Editoruut
3026 3028 3079 3079 ὃ.
3113 3031 3387 3097 Augustini
3419 3033 3471 3089 in

1900 3100 2036 3156 hanc
2060 3119 2172 3157 rem
2201 3117 2502 3174 argumenta
2542 3112 2921 3166 snbuectimus.
2965 3116 3074 3168 Sub
3108 3120 3342 3188 initium,
3388 3125 3472 3176 itt-

1898 3194 2111 3260 qninnt,
2141 3196 2291 3266 hujus
2327 3200 2550 3267 epistola!
2577 3201 2814 3256 laudatur
2839 3205 3080 3277 Alypius.
3136 3205 3470 3282 episcopalem

1899 3285 2189 3354 dignitatem
2233 3299 2344 3357 post
2391 3307 2536 3343 suum
2582 3293 2645 3344 ab
2693 3292 3001 3366 Hieronymo
3043 3315 3320 3368 regressum
3357 3305 3472 3374 jam

1899 3387 2207 3430 consecutus.
2253 3377 2416 3432 Porro
2458 3382 2624 3450 Alypt'i
2667 3388 3019 3453 profectionem
3062 3391 3112 3441 in
3146 3387 3472 3447 Paltcstiuam

1897 3467 1965 3519 ad
1989 3484 2075 3524 tm.
2104 3469 2226 3522 594.
2256 3481 2447 3524 revocat
2474 3471 2742 3536 Barouius,
2773 3477 3130 3542 promotionem
3158 3481 3376 3548 ejusdem
3401 3484 3470 3535 ad

1897 3559 2239 3627 episcopatum
2275 3561 2327 3613 in
2349 3579 2450 3613 -att.
2505 3562 2630 3616 596.
2665 3562 2752 3616 Est
2782 3566 2935 3634 igitur
2964 3567 3197 3636 Epistula
3225 3571 3317 3624 Itoc
3338 3590 3472 3627 anno

1898 3649 2022 3703 59L
2052 3659 2139 3703 aut
2183 3661 2310 3703 certe
2337 3670 2420 3705 an.
2455 3652 2577 3708 595.
2607 3657 2832 3724 scripta;
2863 3674 2960 3710 non
3000 3663 3156 3713 serius
3175 3704 3189 3726 ,
3222 3679 3334 3716 cum
3363 3682 3471 3719 eam

1899 3740 2205 3808 Augustinus
2232 3742 2484 3808 scripserit
2511 3746 2731 3796 nondum
2759 3746 3038 3815 Episcopus
3057 3791 3068 3810 ,
3094 3767 3157 3803 ea:
3176 3749 3336 3820 Epist.
3365 3756 3472 3808 Iteic

1901 3829 2022 3883 104.
2069 3845 2272 3882 numero
2310 3833 2364 3883 ‘2.
2411 3831 2528 3884 Huc
2571 3835 2690 3901 facit
2727 3838 2862 3906 quod
2906 3839 3198 3908 Hieronymi
3227 3844 3290 3895 de
3317 3844 3470 3899 Petro

1899 3920 2197 3984 reprehenso
2221 3935 2253 3970 a
2280 3917 2444 3971 Paulo
2468 3926 2759 3973 sententiam
2786 3925 2866 3976 Itic
2891 3927 3221 3991 improbatam
3249 3935 3470 4000 rxagitat

1899 4007 2070 4060 itidem
2100 4008 2410 4077 Augustinus
2432 4011 2450 4076 (
2474 4013 2629 4064 tacito
2665 4021 2836 4066 tamen
2871 4018 3099 4070 auctoris
3131 4023 3342 4074 nomine
3369 4031 3387 4091 )
3416 4026 3468 4078 in

1902 4095 2052 4150 Libro
2083 4098 2149 4152 de
2181 4097 2469 4162 Meudario,
2499 4115 2611 4169 cap.
2643 4101 2694 4154 5.
2720 4112 2768 4155 et
2794 4103 2882 4157 29.
2909 4106 3045 4168 quod
3092 4112 3384 4176 Opust-nium
3413 4114 3464 4168 in

1901 4187 2191 4242 Retractat.
2222 4189 2333 4242 Lib.
2369 4192 2416 4244 l.
2444 4192 2572 4244 inter
2595 4191 2706 4259 illa,
2734 4210 2846 4264 qua:
2868 4197 3067 4264 scripsit
3093 4202 3313 4256 nondum
3359 4207 3468 4274 epi-

1897 4294 2078 4347 scOpus
2103 4289 2350 4348 postremo
2377 4281 2484 4333 loco
2511 4285 2725 4352 reponit.

1969 4368 2120 4424 LVII.
2165 4369 2368 4440 Scripta
2409 4373 2498 4425 sub
2540 4375 2634 4441 fin.
2685 4391 2772 4428 an.
2815 4377 2938 4431 595.
2975 4408 3044 4419 —
3080 4381 3213 4435 Cum
3259 4397 3322 4438 ex
3375 4387 3470 4442 bac

1898 4463 2120 4531 epistola
2170 4481 2271 4516 non
2320 4465 2478 4518 modo
2525 4466 2608 4518 illa
2640 4507 2654 4531 ,
2701 4482 2856 4536 quam
2899 4484 3052 4538 supra
3106 4478 3469 4532 rccensnimus

1899 4553 2174 4622 Epiphanii
2201 4595 2215 4620 ,
2247 4555 2338 4609 sed
2370 4558 2616 4622 pleraque
2643 4555 2971 4625 Origeuianm
2999 4575 3172 4616 causa;
3203 4580 3468 4624 ιηοηιεηιη

1899 4643 2201 4711 pendeant,
2250 4646 2514 4712 negotium
2561 4645 2769 4698 facessit
2814 4647 2868 4700 in
2905 4648 3020 4716 ejus
3064 4651 3274 4720 Epocba
3323 4669 3469 4713 certo

1899 4734 2183 4787 asserenda
2214 4735 2487 4786 doctorum
2519 4736 2786 4789 hominum
2815 4743 3122 4808 auctoritas,
3155 4760 3311 4815 quam
3339 4749 3467 4806 alibi

1902 4838 2167 4892 nunquam
2193 4824 2560 4892 expendimus,
2589 4841 2657 4880 ne
2681 4828 2970 4884 studiosum
2998 4834 3248 4890 lectorem
3274 4839 3472 4896 diutius

1904 4925 2252 4965 moraremur.
2282 4911 2651 4969 Tillemontius
2669 4919 2832 4982 enim,
2855 4935 2917 4974 ac
2938 4921 3270 4980 Martiameus
3291 4930 3356 4983 ad
3377 4947 3467 4987 an.

1899 5001 2024 5056 596.
2055 5000 2318 5067 referunt;
2349 5011 2407 5057 et
2433 5017 2812 5064 cunterraneus
2840 5022 3021 5067 noster
3048 5015 3204 5071 Card.
3234 5018 3472 5078 Norisius

1900 5093 2113 5148 biennio
2143 5105 2262 5163 post
2285 5096 2534 5165 scriptam
2573 5100 2876 5155 arbitratur.
2907 5104 3010 5158 Sed
3039 5105 3302 5164 Norisium
3329 5113 3471 5181 quod

1901 5195 2137 5256 spectat,
2163 5203 2283 5242 eum
2313 5188 2476 5243 credo
2510 5191 2561 5243 in
2597 5205 2866 5258 errorem,
2903 5194 3028 5248 illud
3061 5198 3262 5253 induxit
3284 5241 3299 5268 ,
3330 5203 3473 5272 quod

1901 5288 2024 5332 ante
2053 5277 2169 5333 XX.
2198 5295 2356 5334 annos
2382 5278 2596 5335 Eusebii
2625 5281 2928 5338 Cltronicon
2959 5299 2986 5337 a
3017 5286 3342 5359 Hieronymo
3390 5293 3472 5346 la-
3526 5291 3528 5294 ’

1903 5374 2009 5426 tine
2036 5387 2244 5427 versum
2287 5372 2413 5426 falsa
2458 5373 2684 5429 lectione
2716 5374 2969 5446 deceptus
2999 5377 3216 5448 legerit,
3248 5395 3369 5436 cum
3397 5383 3472 5439 ibi

1897 5462 2199 5534 quindecim
2227 5479 2320 5532 pro
2342 5464 2542 5532 viginti,
2567 5465 2678 5520 sive
2699 5465 2814 5519 XV.
2847 5482 2938 5534 pro
2964 5467 3079 5520 XX.
3108 5469 3357 5524 Romanis
3375 5485 3480 5524 no-

1903 5555 1988 5617 tis,
2015 5570 2130 5622 quae
2158 5555 2308 5608 facile
2338 5555 2388 5607 itt
2415 5555 2696 5611 scribendo
2724 5557 3136 5625 permiscentur,
3160 5574 3220 5612 ac
3247 5558 3468 5628 fallunt,

1900 5647 2116 5701 omnino
2158 5647 2434 5715 legendum
2476 5650 2562 5701 sit.
2608 5647 2734 5701 Illud
2761 5648 2900 5700 enim
2929 5647 2980 5699 in
3008 5661 3067 5700 se
3091 5647 3266 5713 operis
3293 5661 3474 5705 susce-

1903 5741 2042 5812 pisse
2059 5739 2436 5809 Hicronymum
2457 5755 2573 5794 cum
2598 5737 3048 5803 Constrnninopoli
3070 5742 3210 5790 esset
3231 5751 3316 5790 an.
3342 5737 3471 5799 580.
