4004 6328
533 347 697 405 LXIII

531 475 610 518 tot
631 473 840 532 tamque
852 461 1012 517 certis
1033 461 1347 518 testimoniis
1361 469 1570 517 constat
1593 504 1608 527 ,
1625 471 1681 516 ut
1702 477 1860 519 nemo
1875 478 2103 535 unquam

533 555 590 610 in
617 555 834 608 dubium
872 555 1223 610 revocaverit.
1253 558 1319 608 At
1357 555 1402 610 si
1433 555 1742 610 mendosam
1767 557 2006 626 epistola:
2032 556 2112 610 le—

533 645 769 699 ctionem
791 644 1022 699 retinere
1041 645 1386 710 voluerimus,
1409 645 1518 715 jam
1547 661 1652 700 non
1680 655 1881 700 tantum
1900 647 1967 702 ad
1987 647 2112 702 598.

534 734 632 790 sed
659 734 725 788 ad
765 735 937 804 ipsum
974 735 1154 789 stecuIi
1191 735 1348 790 linem
1371 751 1492 791 eam
1520 735 1721 791 referre
1749 751 1968 792 necesse
2003 742 2112 792 sit:

530 825 677 896 quod
702 825 770 879 ab
797 825 944 879 omni
979 825 1216 879 veritatis
1255 827 1430 892 Specie
1478 827 1708 881 immane
1737 839 1990 896 quantum
2019 828 2116 880 ab-

531 916 766 970 horreat.
813 915 919 970 Sed
947 915 1016 968 ab
1043 916 1209 970 altera
1241 916 1398 970 etiam
1424 916 1676 984 Opinione
1719 926 1972 971 revocant
2016 934 2114 972 nos

527 1005 767 1075 subjecta
797 1010 1060 1059 rationum
1090 1015 1380 1060 momenta.
1412 1007 1563 1060 Enim
1590 1019 1717 1059 vero
1741 1022 1844 1075 quo
1871 1015 2113 1075 tempore

527 1095 669 1150 hanc
685 1096 958 1164 epistolam
980 1095 1123 1149 Hier.
1147 1097 1431 1158 scribebat,
1457 1095 1771 1167 Hesychium
1791 1097 1964 1150 virum
1983 1111 2114 1150 coii-

528 1187 763 1242 sularem
795 1187 990 1239 dudum
1032 1185 1108 1256 (I)
1132 1185 1462 1240 Theodosius
1501 1187 1689 1254 capitis
1729 1187 1987 1256 supplicio
2020 1187 2114 1240 da-

528 1287 822 1332 mnaverat.
834 1277 939 1332 Sed
961 1279 1071 1345 ipse
1082 1275 1412 1331 Theodosius
1431 1292 1556 1329 ann.
1570 1277 1696 1332 595.
1709 1277 1943 1332 Januarii
1966 1293 2115 1332 men-

526 1369 603 1423 sis
629 1369 717 1423 die
761 1369 847 1422 l7.
889 1367 995 1420 fato
1023 1368 1232 1421 functus
1265 1377 1388 1431 est;
1416 1382 1514 1422 nec
1544 1369 1611 1421 ab
1637 1383 1702 1423 eo
1731 1369 1831 1423 lata
1863 1369 1914 1423 in
1947 1369 2114 1438 llesy-

526 1458 705 1512 cbiuiii
733 1458 920 1526 capitis
945 1461 1226 1521 sententia,
1253 1466 1310 1511 ut
1333 1458 1524 1522 serius,
1554 1459 1654 1512 nisi
1681 1460 1745 1512 ad
1772 1461 1888 1528 ejus
1915 1461 2112 1515 mensis

530 1549 735 1603 initium
757 1589 776 1614 ,
810 1557 1092 1618 utcumque
1122 1556 1298 1616 potest
1329 1548 1569 1618 intelligi.
1598 1547 1754 1604 Circa
1786 1549 1924 1604 idem
1956 1550 2114 1621 igitur

527 1649 737 1707 tempus
759 1679 776 1704 ,
804 1647 949 1692 certe
974 1637 1161 1692 eodem
1193 1652 1333 1691 anno
1357 1679 1372 1702 ,
1403 1637 1512 1692 imo
1553 1639 1726 1707 priore
1753 1640 1877 1693 anni
1895 1673 1897 1676 ‹
1916 1648 2068 1708 parte
2091 1680 2108 1706 ,

529 1731 639 1800 ipsa
672 1731 788 1784 haec
809 1729 1034 1799 epistola
1055 1729 1174 1783 data
1197 1736 1318 1793 est;
1347 1745 1467 1782 nam
1492 1730 1684 1782 dudum
1706 1729 2016 1784 adverbium
2039 1730 2110 1783 ita

524 1823 718 1875 dicitur
741 1821 809 1874 de
833 1825 1026 1888 exiguo
1051 1828 1313 1888 tempore,
1337 1827 1394 1874 et
1418 1820 1684 1889 praecipue
1708 1835 1774 1874 ex
1800 1819 2109 1891 Hieronymi

525 1926 778 1976 sensu,ac
795 1926 960 1972 more,
988 1920 1046 1964 ut
1062 1911 1144 1963 vix
1167 1919 1298 1975 tum,
1317 1925 1380 1965 ac
1397 1911 1556 1965 modo
1576 1913 1897 1980 prieteritum
1917 1913 2106 1981 signet;

530 2019 631 2058 nec
665 2005 709 2057 si
750 2003 961 2070 quando
996 2002 1135 2070 apud
1181 2003 1313 2055 alios
1349 2003 1614 2058 inferioris
1652 2015 1791 2058 nota:
1824 2005 2111 2072 scriptores

527 2097 684 2149 latius
713 2099 1015 2167 porrigitur,
1043 2099 1108 2152 ad
1144 2100 1403 2168 integrum
1434 2109 1610 2153 tamen
1636 2115 1852 2163 annum,
1883 2109 1941 2152 et
1966 2099 2109 2168 quod

525 2190 756 2241 excurrit
785 2190 1013 2258 spatium
1045 2191 1448 2259 significandum
1471 2195 1605 2244 sumi
1631 2207 1863 2260 unquam
1893 2200 2087 2260 potest.

600 2281 676 2332 Ad
707 2282 819 2333 haec
846 2281 1032 2349 reliqui
1067 2283 1227 2334 etiam
1251 2280 1492 2348 epistola:
1519 2279 1856 2334 characteres
1884 2281 1934 2334 in
1967 2281 2107 2334 idem

527 2381 735 2440 tempus
760 2374 999 2441 apprime
1034 2373 1374 2427 conveniunt.
1407 2373 1461 2426 lu
1493 2373 1650 2427 toties
1679 2373 1887 2426 laudata
1915 2373 2106 2442 praefa-

529 2462 670 2515 tione
684 2463 1182 2516 commentariorum
1210 2463 1260 2514 in
1281 2462 1466 2516 .lonain
1491 2463 1589 2532 ipsi
1620 2461 1684 2515 ad
1711 2461 2106 2516 l‘amniacliiuin

525 2552 868 2618 Apologetico
891 2551 1152 2610 subditur.
1177 2560 1336 2621 atque
1363 2552 1497 2604 inter
1524 2552 1626 2604 alia
1649 2565 1810 2618 Opera
1831 2562 2108 2620 computa-

527 2649 634 2702 tur.
657 2655 773 2710 quie
797 2655 890 2709 per
911 2641 1181 2694 triennium
1206 2643 1274 2695 ab
1297 2643 1512 2695 ineunte
1535 2656 1622 2694 an.
1647 2641 1770 2696 593.
1803 2640 2108 2696 eliicuhrata

529 2738 654 2784 sunt
676 2770 691 2795 ,
724 2738 781 2784 ut
821 2731 1036 2784 minime
1067 2731 1118 2783 in
1146 2740 1323 2785 nostra
1353 2729 1634 2801 liypothesi
1665 2745 1884 2785 necesse
1911 2730 1980 2784 sit
2004 2732 2108 2784 vim

529 2823 691 2875 textui
719 2821 776 2876 S.
808 2821 1043 2876 Doctoris
1072 2822 1265 2876 inferre
1288 2861 1302 2882 .
1332 2821 1469 2891 quod
1497 2837 1562 2876 ex
1596 2831 1958 2890 prmconcepta
1986 2821 2106 2890 opi-

528 2915 688 2969 nione
711 2912 1079 2968 Tillemontius
1106 2915 1245 2975 facit,
1280 2914 1367 2969 ubi
1392 2915 1782 2984 quadriennium
1811 2929 1907 2982 pro
1940 2915 2105 2967 trien—

529 3006 616 3057 nio
647 3005 920 3074 legendum
947 3015 1144 3064 monet.
1167 3006 1576 3060 reclamantibus
1598 3005 1755 3059 simul
1780 3021 1882 3059 una
1904 3007 2106 3060 cunctis

530 3095 654 3150 Mss.
701 3109 858 3165 atque
883 3097 1039 3151 editis
1087 3096 1236 3149 libris
1283 3107 1334 3150 et
1382 3107 1523 3151 recta
1553 3106 1848 3164 temporum
1879 3096 2105 3150 ratione.

528 3187 734 3241 Rursus
770 3188 816 3241 si
858 3189 946 3240 ubi
983 3187 1052 3240 de
1089 3186 1336 3241 Chronici
1373 3187 1618 3240 versiooe
1657 3187 1708 3240 in
1751 3186 1848 3239 hac
1886 3187 2106 3254 cpistola

528 3278 728 3331 mentio
755 3287 878 3344 est,
903 3278 954 3330 iu
989 3292 1118 3332 voce
1145 3277 1321 3348 uiginti
1361 3277 1539 3344 lapsus
1577 3288 1893 3346 agnoscatur
1917 3291 2107 3345 quein—

527 3369 812 3424 admodum
857 3378 1110 3439 oportere
1147 3369 1558 3433 contendimus,
1607 3379 1662 3422 et
1705 3369 1880 3422 locum
1925 3375 2109 3420 nostro

529 3461 765 3530 periculo
807 3462 1110 3528 emendari,
1155 3462 1242 3514 illa
1281 3477 1494 3530 quoque
1538 3459 1753 3525 Epoelia
1797 3461 1880 3513 isti
1908 3458 2107 3527 optime

527 3553 876 3617 εοιιευηηὺὶι,
919 3554 1057 3623 quod
1103 3554 1348 3606 nimirum
1379 3556 1422 3606 si
1453 3551 1764 3606 antiis-380.
1805 3551 2106 3620 quindecim

525 3644 872 3713 superaddas,
894 3645 1164 3707 conficies,
1182 3659 1340 3712 quem
1363 3641 1602 3710 epistolae
1623 3641 1954 3710 assignamus
1972 3640 2102 3696 595.

528 3738 608 3790 Ad
637 3747 929 3791 extremum
961 3753 1129 3789 auritis
1156 3746 1315 3802 atque
1343 3735 1464 3787 anui
1496 3732 1770 3787 dimidium
1796 3774 1811 3797 ,
1839 3747 1944 3802 quo
1973 3733 2103 3801 Epi-

525 3827 704 3896 phanii
753 3827 995 3895 superior
1061 3826 1286 3895 epistola
1329 3840 1395 3878 ex
1439 3823 1625 3880 Grmco
1671 3823 1919 3878 translata
1967 3825 2106 3894 apud

529 3917 813 3971 Eusebium
847 3917 1016 3983 latuit,
1045 3917 1184 3970 unde
1213 3915 1326 3970 haec
1355 3914 1657 3987 Ilieronymi
1685 3914 1890 3968 initium
1921 3917 2103 3982 sumit,

526 4024 778 4078 perquam
823 4008 1100 4063 commode
1133 4016 1484 4077 supputantur
1506 4047 1522 4071 ,
1554 4015 1610 4058 ut
1646 4006 1800 4074 plane
1839 4005 2106 4060 immerito

523 4098 706 4152 videas
733 4113 762 4150 a
788 4097 1128 4151 Tillemontio
1150 4137 1166 4163 ,
1197 4098 1334 4167 quod
1362 4112 1503 4165 saepe
1536 4097 1659 4150 facit
1685 4137 1700 4158 ,
1735 4098 1790 4150 ὃ.
1823 4097 2104 4151 Ductorem

527 4189 596 4242 de
627 4189 826 4240 iueuria
859 4188 911 4240 in
941 4187 1280 4242 recensendis
1308 4188 1464 4240 annis
1492 4187 1747 4240 accusari.

600 4278 775 4332 LVIII.
821 4277 1028 4346 Scripta
1051 4279 1172 4330 circ.
1203 4277 1432 4330 eumdem
1458 4293 1546 4330 an.
1579 4276 1704 4331 595.
1725 4305 1800 4315 —
1818 4275 2104 4330 Theodosii

528 4369 905 4439 Panegyricum
932 4367 1258 4427 Orationem,
1284 4383 1440 4434 quam
1470 4366 1628 4419 modo
1654 4366 1901 4420 Paulinus
1925 4367 2105 4420 elucu-

528 4458 794 4520 braverat,
822 4473 942 4511 cum
970 4457 1181 4527 legisset
1212 4456 1584 4526 Hieronymus,
1615 4455 1897 4522 plurimum
1929 4456 2104 4509 laudat

527 4550 628 4604 hac
653 4550 907 4619 Epistola,
930 4566 1085 4618 quam
1114 4548 1178 4601 ad
1203 4548 1318 4614 ejus
1341 4556 1610 4599 auctorem
1638 4545 1916 4600 Paulinum
1939 4547 2100 4600 misit.

524 4642 661 4698 Hinc
697 4657 764 4696 ex
804 4643 921 4711 ejus
974 4639 1242 4695 Orationis
1284 4637 1484 4707 epoclia
1513 4678 1528 4701 ,
1571 4652 1677 4690 non
1717 4638 1942 4692 obscure
1983 4638 2105 4692 licet

522 4734 686 4801 ipsius
724 4733 960 4800 epistolae
995 4741 1200 4799 tempus
1236 4729 1502 4790 invenire,
1551 4727 1810 4796 siquidem
1847 4728 1987 4782 illam
2016 4741 2103 4782 as-

524 4821 657 4876 serit
692 4821 994 4878 Gennadius
1016 4835 1068 4875 c.
1091 4820 1179 4874 48.
1221 4809 1383 4873 liiiSse
1418 4833 1448 4871 a
1485 4817 1706 4873 Paulino
1737 4817 1961 4872 dicatam
2002 4817 2099 4887 ipsi

524 4909 848 4976 Theodosio,
875 4924 1030 4978 quem
1057 4923 1213 4977 supra
1234 4909 1392 4962 etiam
1417 4907 1906 4972 animadvertimus,
1937 4909 2097 4977 priori

524 5014 710 5054 mense
735 5014 823 5051 an.
866 4998 989 5053 595.
1018 5013 1326 5066 supremum
1355 4997 1497 5050 diem
1522 4997 1736 5051 obiisse.
1767 4999 1968 5051 Rursus
1994 5015 2096 5051 non

520 5102 646 5146 ante
670 5090 1026 5159 septembrem
1062 5089 1352 5157 superioris
1369 5089 1492 5142 anui
1518 5088 1642 5144 594.
1664 5089 1912 5157 scriptam
1937 5088 2099 5144 fuisse

521 5181 718 5236 evincit
743 5181 912 5248 ipsum
941 5180 1276 5250 Panegyrica:
1299 5177 1566 5233 Orationis
1590 5189 1979 5249 argumentum.
2006 5176 2100 5233 Vi-

515 5272 698 5326 ctoria:
727 5284 939 5338 nempe,
970 5285 1125 5339 quam
1151 5269 1218 5324 de
1244 5270 1486 5341 tyrannis
1511 5269 1769 5333 Maximo,
1798 5276 1956 5338 atque
1983 5268 2094 5323 Eu-

517 5362 676 5430 genio
702 5361 1033 5417 Theodosius
1059 5361 1351 5416 retulerat:
1379 5377 1601 5432 quorum
1631 5362 1766 5416 alter
1791 5360 2058 5430 Eugenius
2077 5400 2090 5421 ,

521 5472 627 5508 non
658 5455 804 5525 prius
827 5469 894 5510 eo
922 5471 1102 5511 mense
1127 5456 1363 5510 devictus
1387 5467 1468 5509 est
1490 5493 1507 5521 ,
1534 5463 1692 5524 atque
1717 5454 1944 5508 occisus.
1977 5453 2092 5521 Ipsa

517 5547 680 5617 igitur
719 5547 833 5602 hsce
875 5548 1098 5618 epistola
1123 5591 1139 5615 ,
1169 5565 1271 5618 qua
1313 5550 1380 5604 de
1417 5548 1612 5615 ingenii
1653 5547 1897 5600 felicitate
1935 5545 1987 5597 iii
2027 5557 2094 5597 eo

576 5658 651 5719 (α)
684 5658 807 5722 Sunt
818 5661 900 5722 qui
925 5660 1114 5710 Dudum
1129 5672 1406 5722 praenomen
1423 5659 1663 5722 Hesychia
1680 5657 1830 5722 fuisse
1851 5659 2092 5722 asset-ant,

511 5715 689 5826 quibus
724 5715 851 5771 adeo
889 5722 1084 5780 dicitur,
1111 5715 1280 5771 budus
1301 5715 1584 5802 Hesychius.
1609 5715 2092 5802 Vid._Basnag..l.i_ist.

546 5781 624 5826 ud.
649 5781 733 5826 lib.
755 5781 844 5826 Ill-
869 5796 975 5826 mu.
1003 5784 1065 5826 ll.
1092 5796 1202 5826 nae.
1227 5781 1305 5826 54.
1329 5780 1422 5826 Hic
1445 5787 1522 5826 est
1545 5785 1660 5826 tom.
1687 5779 1746 5826 Ν.
1774 5784 1827 5825 ut
1869 5776 2091 5824 tusculu-

546 5776 624 5828 ud.
649 5781 733 5832 lib.
755 5781 844 5843 Ill,
869 5796 975 5844 cap.
1002 5776 1202 5844 llfpag.
1227 5781 1305 5832 54.
1329 5776 1422 5830 Hii:
1445 5787 1522 5829 est
1545 5785 1660 5828 tom.
1687 5777 1746 5829 Υ.
1774 5784 1827 5825 ut
1869 5776 2091 5824 inscribi-

515 5848 612 5903 tur,
637 5845 742 5892 sive
766 5835 878 5895 tomi
904 5835 989 5905 ΙΙΙ,
1021 5835 1128 5908 pars
1153 5835 1190 5891 Ι.

1925 351 2313 412 ΡΒΕΕᾺΤΙΟ.

3631 372 3795 432 LXIV

2225 483 2388 537 opere
2413 467 2719 524 exui-nando
2747 482 2868 545 cum
2897 470 3117 530 Paulino
3141 477 3432 547 gratulatur
3454 521 3468 544 ,
3500 481 3657 551 eique
3680 498 3801 553 gra-

2224 561 2322 611 tias
2347 558 2470 627 agit,
2501 560 2564 613 ad
2593 561 2836 617 eumdem
2865 580 3060 620 annum
3089 567 3212 623 595.
3241 569 3468 625 fortasse
3497 581 3673 627 tamen
3700 574 3800 632 sub

2222 649 2378 702 finem
2409 658 2491 704 est
2529 651 2825 706 referenda.
2856 653 2972 710 Huc
3001 655 3198 712 faciunt
3229 659 3480 727 pleraque
3508 661 3609 714 alia
3635 677 3798 732 argu-

2220 746 2419 803 menta,
2448 748 2608 808 atque
2637 740 2765 796 illud
2794 745 3075 814 praecipue,
3106 747 3247 816 quod
3275 763 3342 802 cx
3371 748 3682 818 Vigilantio,
3711 753 3799 821 qui

2219 829 2318 884 sub
2337 830 2576 898 epistolae
2603 833 2760 887 tinem
2785 833 3046 901 laudatur,
3071 838 3309 906 depromi
3335 840 3488 894 solet.
3514 839 3613 896 Hic
3631 842 3796 909 enim,

2217 919 2306 988 qui
2337 935 2478 974 nunc
2506 921 2702 976 dicitur
2727 922 3004 980 discedere
3037 927 3314 982 Palaestina
3333 970 3350 993 ,
3381 938 3437 984 et
3463 929 3687 986 fortasse
3717 931 3802 985 lit-
3832 989 3839 1000 ,

2219 1015 2454 1062 terarum
2475 1009 2541 1062 ad
2570 1010 2844 1066 Paulinum
2869 1015 3093 1082 portitor
3115 1015 3230 1077 fuit.
3253 1018 3438 1073 aderat
3457 1029 3636 1074 tamen
3659 1034 3802 1075 anno
3843 1032 3846 1040 '

2219 1099 2477 1165 superiori
2495 1098 2622 1152 594.
2643 1113 2891 1166 exeunte,
2911 1119 3016 1172 quo
3039 1113 3280 1175 tempore
3299 1108 3472 1162 subito
3495 1118 3800 1176 terraemutu
3843 1163 3853 1179 ι

2217 1185 2284 1238 de
2313 1187 2484 1242 noctis
2513 1189 2688 1243 medio
2713 1193 3026 1260 perterritus
3046 1235 3060 1258 ,
3087 1211 3150 1250 ac
3173 1198 3344 1252 nudus
3369 1201 3593 1254 exiliens
3617 1202 3803 1271 absque
3860 1179 3863 1182 ί

2218 1277 2390 1329 tunica
2412 1317 2429 1343 ,
2461 1279 2512 1332 in
2538 1279 2761 1333 aliorum
2789 1293 3077 1352 conspectu
3101 1286 3309 1351 oravit,
3337 1303 3495 1357 quam
3523 1289 3598 1344 illi
3629 1296 3803 1361 turpi-

2218 1366 2456 1421 tudinem
2507 1367 2862 1440 Hieronymus
2898 1375 3184 1440 cXprobrat
3222 1377 3271 1428 in
3301 1391 3369 1431 eo
3396 1377 3613 1448 libello,
3643 1396 3800 1450 quem

2214 1465 2400 1511 contra
2433 1458 2604 1527 ipsum
2633 1458 2972 1530 Vigilantiiim
3003 1465 3292 1534 inscripsit.

2285 1546 2422 1602 LIX.
2456 1546 2665 1618 Scripta
2687 1567 2776 1604 an.
2805 1551 2930 1606 595.
2957 1554 3035 1606 uel
3056 1554 3182 1609 596.
3202 1556 3427 1611 —lmer
3447 1557 3580 1612 alias
3601 1573 3635 1614 e
3655 1558 3803 1616 Novo

2215 1635 2554 1693 Testamento
2579 1642 2901 1709 quaestiones
2919 1683 2936 1709 ,
2966 1659 3099 1713 quas
3140 1645 3468 1718 Hieronymo
3494 1650 3802 1707 enodandas

2217 1739 2561 1796 preposuerat
2586 1729 2832 1786 Marcella
2853 1772 2869 1798 ,
2897 1749 2958 1788 ea
2988 1745 3104 1790 erat
3127 1738 3363 1793 secundo
3390 1739 3528 1805 loco,
3557 1755 3719 1810 quam
3743 1757 3803 1797 se

2214 1833 2310 1882 per,
2337 1819 2604 1872 transitum
2636 1821 2690 1874 in
2727 1823 2838 1893 ejus
2866 1821 3138 1894 Opuseulis
3179 1825 3369 1896 legisse
3392 1828 3601 1884 dicebat
3622 1871 3638 1894 ,
3665 1831 3803 1900 quod

2212 1904 2364 1976 Agui,
2397 1908 2483 1977 qui
2506 1919 2637 1963 stant
2663 1927 2695 1964 a
2722 1912 2932 1978 dextris,
2955 1924 3002 1966 et
3027 1914 3179 1980 laedi,
3208 1917 3293 1980 qui
3317 1928 3453 1971 stant
3478 1936 3510 1971 a
3533 1921 3758 1976 sinistris
3777 1962 3793 1984 ,

2214 1997 2488 2054 Christiani
2513 2012 2673 2056 essent
2691 2047 2706 2066 ,
2737 2015 2887 2074 atque
2926 2005 3146 2061 Gentiles
3165 2048 3182 2073 ,
3212 2018 3257 2062 et
3285 2025 3387 2062 non
3414 2009 3584 2080 potius
3611 2011 3731 2065 boni
3756 2020 3804 2067 et

2215 2090 2355 2142 mali.
2385 2089 2480 2145 Cui
2511 2091 2866 2165 Hieronymus
2891 2137 2906 2159 .
2952 2108 3012 2152 ut
3051 2114 3112 2153 se
3155 2099 3258 2154 hoc
3292 2101 3576 2170 aliquando
3603 2103 3804 2159 dixisse

2213 2197 2318 2235 nou
2367 2186 2630 2240 recordari
2672 2189 3016 2256 profiteatur,
3048 2202 3298 2259 quantum
3359 2201 3535 2247 tamen
3582 2194 3800 2250 dictaiiti

2213 2273 2390 2328 subito
2415 2278 2676 2342 occurrit,
2709 2279 2760 2331 in
2789 2280 3025 2334 secundo
3051 2282 3319 2337 volumine
3343 2295 3527 2337 contra
3552 2283 3800 2339 Joviuia-

2214 2380 2337 2419 num
2366 2365 2468 2421 hoc
2491 2383 2650 2438 super
2685 2371 2938 2438 capitulo,
2965 2373 3076 2426 sive
3099 2373 3165 2427 de
3190 2388 3276 2438 eo,
3297 2374 3439 2442 quod
3466 2376 3517 2429 in
3547 2377 3799 2431 eamdem

2209 2459 2556 2525 quiestionem
2596 2459 2774 2525 cadit,
2805 2463 2894 2516 iilii
2935 2464 3106 2530 pisces
3141 2467 3266 2520 mali
3307 2481 3336 2520 a
3373 2467 3526 2521 bonis
3567 2469 3802 2536 piscibus

2212 2557 2548 2616 separantur,
2575 2563 2636 2604 se
2660 2549 2959 2621 disputasse
2985 2569 3090 2607 non
3121 2554 3406 2610 inficiatur.
3438 2556 3649 2612 Exinde
3671 2573 3801 2613 vero

2212 2651 2318 2691 non
2355 2638 2580 2694 obscure
2623 2640 2748 2696 licet
2789 2645 3186 2712 argumentari,
3219 2656 3340 2715 post
3369 2661 3530 2700 unum
3561 2647 3753 2703 saltem
3779 2689 3796 2715 ,

2211 2736 2370 2797 atque
2413 2731 2636 2784 alterum
2667 2745 2863 2786 annum
2891 2734 2959 2787 ab
2985 2736 3218 2790 exaratis
3244 2747 3432 2791 contra
3460 2736 3798 2793 Jovinianum

2213 2817 2379 2881 libris,
2408 2818 2697 2888 Epistulam
2723 2821 2887 2878 fuisse
2931 2826 3314 2893 conscriptam,
3343 2827 3602 2897 siquidem
3629 2844 3802 2900 neque

2211 2909 2313 2962 alia
2340 2909 2604 2978 Opuscula
2629 2927 2784 2980 quam
2809 2929 2927 2982 qua:
2955 2915 3006 2967 in
3036 2915 3358 2971 Przel'atioue
3384 2918 3435 2972 iu
3465 2917 3658 2973 Jonam
3686 2935 3799 2976 me-

2212 3010 2505 3065 morantur,
2529 3012 2584 3056 et
2626 3003 2694 3055 ab
2718 3018 2858 3056 anno
2882 3004 2988 3058 592
3018 3005 3083 3058 ad
3114 3006 3240 3060 595.
3275 3004 3487 3062 exarata
3519 3020 3648 3064 sunt
3669 3048 3686 3076 ,
3716 3011 3800 3063 vi-

2211 3092 2367 3148 detur
2381 3093 2628 3149 Marcella
2649 3110 2760 3165 prie
2775 3097 2942 3151 oculis
2962 3097 3232 3159 habuisse.
3252 3115 3424 3169 neque
3441 3100 3798 3174 Hieronymus

2215 3192 2324 3236 tum
2347 3184 2560 3239 demum
2581 3200 2613 3239 a
2632 3200 2692 3240 se
2713 3185 2884 3240 editos
2901 3196 3084 3240 contra
3103 3187 3437 3244 Jovinianum
3461 3191 3650 3257 libros,
3671 3194 3797 3263 quin

2211 3277 2318 3330 imo
2345 3291 2450 3330 non
2483 3278 2552 3332 ita
2583 3277 2785 3347 pridem
2817 3279 3055 3348 vulgatos
3083 3290 3248 3344 notat,
3281 3291 3337 3336 ut
3367 3296 3476 3336 rem
3504 3283 3686 3338 animo
3713 3300 3800 3339 re-

2211 3368 2416 3436 petenti
2448 3368 2594 3422 locus
2621 3381 2946 3424 occurreret.

2282 3459 2394 3514 LX.
2437 3460 2644 3532 Scripta
2687 3462 2780 3515 sub
2823 3463 3024 3515 initium
3067 3480 3154 3516 an.
3187 3464 3313 3519 596.
3339 3465 3508 3519 —-lta
3553 3465 3692 3519 lianc
3731 3467 3796 3520 ad

2210 3550 2553 3605 Heliodorum
2598 3551 2666 3606 de
2704 3551 2980 3620 Nepotiani
3025 3563 3193 3607 morte
3234 3556 3507 3624 epistolam
3543 3571 3633 3609 an.
3667 3557 3792 3611 596.

2211 3641 2360 3696 initio
2415 3637 2752 3710 afﬁngimus,
2793 3651 2850 3694 nt
2893 3657 3066 3711 neque
3111 3644 3328 3697 ulterius
3373 3645 3608 3708 ditlerri,
3652 3647 3794 3716 quod

2209 3732 2404 3800 passim
2433 3731 2575 3785 docti
2605 3730 2847 3786 homines
2878 3731 3108 3796 faciunt,
3140 3750 3309 3803 neque
3343 3750 3530 3790 rursus
3559 3738 3794 3805 praeponi

2211 3838 2367 3892 posse
2390 3863 2404 3887 ,
2435 3823 2596 3878 certis
2637 3823 2965 3894 argumentis
2992 3825 3291 3878 credamus.
3336 3826 3392 3880 ln
3430 3827 3616 3894 primis
3645 3836 3794 3882 certo

2211 3915 2411 3970 certius
2439 3925 2542 3981 est,
2569 3914 2748 3970 deberi
2777 3915 2918 3969 illam
2944 3930 3010 3970 eo
3031 3917 3243 3971 circiter
3268 3919 3495 3971 triennio
3517 3919 3788 3985 concludi,

2209 4007 2350 4076 quod
2377 4007 2447 4060 ab
2471 4015 2698 4062 exeunte
2737 4024 2824 4061 an.
2855 4006 2982 4062 592.
3028 4008 3078 4060 in
3112 4007 3415 4076 praefatione
3463 4023 3792 4064 commenta-

2211 4099 2416 4152 riorum
2445 4097 2497 4152 in
2523 4098 2710 4153 Jouam
2738 4099 2851 4168 ipse
2875 4099 3228 4172 Hieronymus
3251 4109 3464 4165 censet;
3495 4115 3599 4153 non
3625 4103 3786 4163 enim,

2210 4189 2256 4242 si
2305 4187 2374 4242 ad
2421 4203 2616 4244 annum
2667 4204 2832 4260 usque
2880 4189 3004 4245 597.
3055 4206 3176 4244 eum
3219 4190 3555 4245 Tillemontio
3596 4191 3792 4260 produ-

2209 4288 2396 4343 catur,
2422 4279 2534 4347 jam
2580 4281 2895 4346 triennium,
2923 4279 3017 4335 sed
3065 4281 3466 4350 quadriennium
3505 4279 3788 4334 efﬂuxerit.

2208 4370 2319 4425 Nec
2369 4371 2544 4424 minus
2579 4372 2912 4442 exploratum
2957 4382 3045 4426 est
3089 4382 3210 4426 ante
3257 4373 3384 4428 596.
3435 4373 3646 4441 prodire
3684 4387 3790 4427 non

2209 4463 2482 4531 potuisse,
2533 4462 2796 4532 siquidem
2854 4464 3009 4517 trium
3067 4463 3476 4528 Consularium,
3529 4463 3788 4530 'l‘imasii,

2208 4553 2424 4619 Rnftiui,
2464 4563 2519 4610 et
2537 4555 2845 4609 abundantii
2873 4555 3204 4610 miserabiles
3231 4556 3428 4620 exitus,
3458 4557 3546 4626 qui
3576 4557 3790 4612 labente

2206 4645 2471 4714 superiori
2536 4661 2678 4700 anno
2761 4645 2888 4702 595.
2948 4648 3330 4714 contigerunt.
3388 4656 3656 4710 enarrat;
3734 4655 3788 4702 et

2205 4735 2602 4791 Abundantium
2632 4736 2845 4806 quidem
2875 4752 2980 4791 non
3008 4737 3204 4790 Sidone
3223 4777 3240 4803 ,
3271 4753 3378 4807 quo
3409 4739 3634 4805 primum
3666 4737 3785 4792 fue-

2204 4835 2288 4880 rat
2329 4827 2591 4896 relegatus
2617 4868 2634 4892 ,
2670 4829 2762 4882 sed
2808 4828 3054 4898 Pityunte
3081 4828 3290 4881 exulem
3328 4837 3510 4892 notat;
3542 4827 3787 4884 ltuffinus

2204 4933 2330 4972 vero
2354 4959 2370 4983 ,
2402 4933 2558 4986 quem
2601 4919 2830 4987 priorem
2871 4918 3104 4972 historici
3151 4919 3381 4986 produnt
3415 4919 3483 4970 ab
3521 4918 3786 4974 altissimo

2204 5007 2434 5062 fortuna;
2457 5008 2623 5078 gradu
2652 5007 2911 5062 excidisse
2933 5047 2948 5071 ,
2976 5022 3080 5058 non
3108 5007 3209 5060 nisi
3239 5007 3325 5060 die
3360 5007 3450 5060 27.
3480 5009 3785 5062 novembris

2202 5100 2415 5164 cecidit,
2444 5111 2601 5169 atque
2627 5099 2837 5154 occisus
2872 5106 2972 5151 est.
3009 5096 3364 5164 Quamobrem
3397 5097 3654 5152 solemnis
3688 5113 3784 5153 ca-

2203 5191 2409 5246 vendus
2432 5201 2515 5246 est
2541 5205 2727 5254 error,
2758 5188 2810 5242 in
2840 5203 2996 5256 quem
3027 5202 3132 5240 non
3171 5187 3301 5242 satis
3330 5188 3468 5243 bene
3496 5188 3784 5244 intellectis

2201 5285 2259 5338 S.
2281 5281 2588 5352 Hieronymi
2605 5279 2801 5342 verbis.
2824 5278 3062 5348 plerique
3081 5278 3221 5332 docti
3243 5280 3341 5334 viri
3363 5279 3631 5344 labuntur,
3655 5280 3781 5334 dum

2198 5374 2267 5426 ab
2305 5387 2370 5427 eo
2402 5371 2506 5425 diei
2545 5378 2730 5437 putant
2775 5368 2873 5420 hos
2902 5367 3184 5420 illustrium
3213 5369 3446 5423 virorum
3475 5383 3632 5422 casus
3659 5380 3784 5423 ante

2198 5463 2466 5518 biennium
2496 5460 2785 5522 accidisse;
2819 5456 2959 5524 quod
2991 5456 3079 5510 ille
3109 5472 3438 5526 nequaquam
3468 5457 3645 5524 dixit,
3683 5455 3782 5511 sed

2196 5568 2316 5608 cum
2346 5552 2728 5619 liiiperatoruiii
2753 5545 3109 5601 conditionem
3135 5546 3498 5617 deplorasset,
3528 5561 3595 5602 ac
3620 5548 3784 5603 vcllct

2199 5644 2428 5713 privatas
2459 5638 2620 5693 etiam
2658 5637 2837 5692 ruinas
2877 5636 2934 5690 in
2971 5637 3327 5691 testimonium
3358 5636 3660 5703 adducere,
3689 5652 3783 5694 eas

2198 5748 2314 5803 quin
2336 5729 2606 5784 biennium
2627 5727 2968 5792 excederent,
2990 5742 3048 5783 se
3068 5727 3259 5783 missas
3278 5726 3454 5784 facere
3476 5733 3778 5798 proﬁtetur,

2200 5836 2354 5894 atque
2379 5830 2437 5876 ut
2461 5830 2651 5874 cmtera
2682 5819 3067 5890 praetermittat,
3095 5833 3193 5874 suo
3216 5823 3488 5889 proposito
3513 5823 3642 5877 dicit
3669 5809 3779 5876 suf-
