4004 6328
233 347 371 404 LXV

242 461 388 516 ficere
411 458 569 511 triunt
593 468 759 526 nuper
777 448 1128 507 Consularium
1148 465 1369 505 alversos
1390 458 1577 506 exitus.
1604 449 1684 504 Ad
1709 463 1806 502 ex-

242 560 459 604 tremum
511 543 644 600 illud
695 543 854 598 etiam
902 542 953 596 in
999 555 1112 594 rem
1161 548 1395 594 nostram
1441 539 1807 610 gravissimum

238 649 600 707 argumentum
636 637 874 699 videtur,
916 632 1055 703 quod
1095 647 1323 700 nempe,
1354 646 1474 685 cum
1513 629 1812 684 tradidisset

239 730 590 798 Hieronymus
637 725 911 781 Orientem
953 731 1107 776 antea
1150 737 1178 774 a
1221 722 1410 788 malis,
1453 721 1644 792 quibus
1688 720 1810 774 alia;

240 823 486 878 Romamn
516 819 738 874 ditionis
777 825 954 886 partes
993 813 1384 884 premebantur,
1419 813 1579 867 fuisse
1616 813 1808 865 immu-

239 929 352 969 nem
376 954 392 974 .
420 913 603 966 statim
632 908 810 964 subdit
839 927 853 962 :
888 905 1015 960 Ecce
1043 905 1128 958 tibi
1157 921 1289 958 anno
1320 904 1570 973 praeterito
1599 917 1660 978 ea;
1686 899 1808 954 ulti-

237 1007 327 1060 mis
351 1004 571 1060 Caucasi
594 1000 808 1062 rupibus
835 997 1046 1052 immissi
1083 999 1135 1050 in
1174 1013 1265 1050 nos
1305 1011 1406 1049 non
1436 996 1550 1066 jam
1577 992 1808 1055 Arabia,

237 1096 320 1150 sed
362 1093 737 1164 Septentrionis
762 1091 870 1158 lupi
892 1097 1059 1142 tantas
1083 1087 1214 1140 brevi
1252 1085 1534 1156 provincias
1555 1097 1814 1152 percurre-

237 1195 368 1238 runt.
408 1183 504 1238 His
543 1183 690 1238 enim
722 1179 899 1235 verbis
929 1176 1261 1247 apertissime
1297 1174 1465 1228 innuit
1498 1173 1810 1227 Hunnorum

230 1277 430 1332 Gentes
449 1315 464 1341 ,
490 1289 644 1345 quas,
675 1281 735 1325 ut
759 1288 869 1324 sua:
894 1243 1170 1324 rebellium
1200 1265 1542 1336 prodessent,
1571 1263 1812 1317 Bullinus

239 1385 321 1422 an.
344 1367 468 1423 595.
493 1366 547 1420 in
571 1362 782 1434 Imperii
805 1369 974 1415 terras
993 1358 1230 1420 immisit,
1251 1365 1308 1410 ut
1325 1355 1553 1425 amplius
1571 1353 1812 1408 dubitare

242 1475 338 1512 non
367 1458 524 1512 liceat
553 1442 846 1523 Epistulam
866 1491 880 1514 ,
908 1466 1025 1518 qua:
1053 1447 1321 1518 sequentis
1347 1446 1474 1500 aiini
1500 1446 1714 1508 dicitur,
1745 1443 1812 1497 ad

231 1549 357 1606 596.
385 1562 506 1602 esse
533 1542 909 1601 revocandam.
939 1539 984 1595 E
1012 1539 1277 1593 contrario
1305 1538 1356 1592 in
1387 1551 1572 1591 eorum
1598 1545 1813 1590 senten-

241 1643 327 1704 tia,
348 1642 437 1711 qui
470 1639 614 1693 illam
644 1637 820 1691 adhuc
847 1634 901 1688 in
929 1632 1053 1688 597.
1077 1631 1323 1686 differunt
1343 1671 1358 1693 ,
1386 1629 1639 1698 explicari
1666 1629 1812 1683 nullo

240 1732 390 1787 modo
417 1731 606 1800 possit,
632 1728 723 1796 qui
750 1726 942 1780 dixerit
968 1725 1027 1778 S.
1060 1723 1250 1778 Doctor
1272 1721 1540 1776 Orientem
1569 1722 1810 1788 superio-

240 1823 379 1879 ribus
422 1820 576 1873 annis
629 1816 810 1886 prazlia
836 1855 853 1880 ,
896 1824 1053 1882 atque
1099 1812 1425 1866 incursiones
1470 1811 1807 1865 barbararum

228 1916 476 1972 Gentium
502 1911 726 1966 minime
749 1918 1044 1977 expertum,
1067 1922 1189 1962 cum
1212 1923 1274 1960 ex
1297 1905 1587 1961 Claudiano
1613 1904 1666 1958 in
1700 1903 1809 1958 Eu-

242 2016 372 2074 trop.
415 2003 452 2056 l.
492 2005 545 2055 1.
578 2001 802 2066 aliisque
831 1997 1136 2051 auctoribus
1163 2004 1370 2050 constet
1417 1995 1676 2049 Barbarus
1698 1995 1806 2062 jam

228 2098 300 2150 ab
326 2113 411 2149 an.
443 2097 569 2151 595.
599 2095 781 2149 Asiam
819 2108 880 2145 ac
905 2091 1108 2162 Syriam
1135 2090 1294 2144 fuisse
1317 2090 1422 2142 late
1442 2088 1804 2157 depopulatos.

299 2171 437 2244 LXI.
470 2189 682 2257 Scripta
707 2203 796 2240 an.
824 2184 950 2239 596.
991 2184 1112 2235 circ.
1145 2182 1236 2248 lin.
1264 2209 1334 2220 —-
1359 2180 1526 2234 Totus
1553 2182 1604 2232 in
1635 2194 1700 2233 eo
1727 2187 1808 2232 est

237 2282 616 2353 Hieronymus,
643 2289 701 2334 ut
719 2277 1039 2332 calumniam
1061 2274 1392 2342 Origenianze
1415 2273 1682 2326 haereseos
1701 2287 1730 2323 a
1754 2286 1812 2324 se

226 2389 384 2444 quam
412 2373 733 2442 longissime
760 2367 1005 2437 repellat,
1036 2381 1099 2419 ac
1127 2363 1471 2433 Vigilantium
1500 2365 1694 2414 acriter
1727 2375 1814 2413 re-

236 2463 557 2534 prehendat,
586 2459 934 2514 vaferrimum
963 2455 1255 2516 hominem,
1283 2462 1443 2519 atque
1475 2450 1808 2519 injuriosum,

225 2555 313 2622 qui
346 2568 476 2607 cum
500 2565 533 2604 e
557 2547 848 2603 Palaestina
879 2559 983 2598 non
1008 2544 1078 2596 ita
1110 2541 1315 2612 pridem
1335 2541 1670 2594 discessisset
1692 2541 1811 2592 licta

221 2639 680 2697 reconciliatione
699 2636 969 2696 amicitiae,
999 2634 1049 2685 in
1081 2634 1194 2702 ipso
1217 2631 1424 2693 itinere,
1450 2644 1556 2698 quo
1586 2630 1808 2698 patriam

233 2731 509 2794 tendebat,
543 2729 675 2781 inter
694 2725 943 2778 Adriatici
967 2723 1118 2776 maris
1141 2723 1323 2790 ﬂuctus
1349 2730 1496 2784 atque
1515 2718 1667 2786 Alpes
1686 2717 1806 2772 Cot-

219 2824 322 2876 tius
351 2833 544 2877 rursus
584 2831 648 2872 os
680 2815 918 2870 fmtidum
956 2821 1139 2866 contra
1177 2811 1558 2880 Hieronymum
1597 2809 1807 2876 aperire

231 2927 386 2967 ausus
407 2918 514 2975 est,
545 2907 772 2976 ejusque
801 2917 992 2958 nomen
1025 2903 1128 2956 late
1155 2901 1430 2954 infamare.
1456 2899 1533 2952 Ex
1557 2913 1664 2966 quo
1694 2897 1802 2951 fer-

222 3019 312 3061 esne
338 3000 645 3057 communis
669 2997 848 3065 opinio
864 3004 970 3056 est,
993 2994 1076 3046 cui
1106 3008 1202 3044 nos
1223 3005 1431 3060 quoque
1459 2990 1800 3052 assentimur,

223 3093 349 3152 huic
367 3107 510 3147 anno
530 3090 659 3145 596.
699 3087 978 3156 epistolam
1019 3083 1215 3136 debere
1255 3078 1806 3148 ascribi,quandoqui-

232 3185 350 3240 dem
375 3192 622 3243 constat,
655 3191 762 3232 non
793 3176 894 3231 nisi
922 3173 1178 3243 superiori
1202 3171 1325 3226 595.
1352 3184 1520 3238 eoque
1546 3170 1610 3224 ad
1642 3169 1801 3223 finem

229 3283 498 3345 vergente,
525 3268 869 3340 Vigilantittm
887 3281 918 3320 e
935 3264 1207 3318 l‘alazstina
1227 3261 1490 3318 evasisse;
1513 3261 1651 3327 quod
1678 3275 1803 3328 pau-

220 3366 276 3420 lo
297 3380 461 3434 supra
493 3365 546 3415 in
572 3361 742 3413 altera
769 3357 834 3411 ad
863 3357 1137 3410 Paulinum
1178 3352 1411 3422 Epistula
1441 3353 1728 3406 innuimus.

291 3452 454 3510 LXII.
501 3451 714 3520 Scripta
755 3464 841 3500 an.
875 3446 999 3500 596.
1027 3442 1106 3498 vel
1132 3444 1257 3498 597.
1285 3472 1356 3482 —
1390 3443 1600 3496 Annum
1641 3457 1798 3512 quem

227 3545 346 3598 huic
387 3542 456 3597 ad
486 3539 916 3609 Tranquilliuum
969 3536 1219 3605 Epistolas
1267 3533 1547 3587 tribuimus
1591 3549 1655 3586 ex
1689 3542 1800 3584 toto

218 3634 386 3692 ‘l’erme
432 3643 688 3687 contextu
735 3646 839 3683 non
879 3631 1180 3696 incongruis
1226 3627 1554 3696 argumentis
1595 3625 1802 3678 eruisse

218 3728 374 3781 nobis
399 3723 664 3777 videmur.
695 3719 1012 3790 Origeniana
1041 3733 1198 3772 causa
1231 3719 1414 3771 turbas
1439 3719 1584 3770 ciere
1617 3718 1667 3768 in
1703 3715 1800 3768 Ec-

214 3818 376 3873 clesia
409 3829 527 3871 tum
557 3813 814 3882 temporis
856 3811 1158 3880 incipiebat,
1196 3819 1250 3863 et
1279 3809 1463 3862 Roma:
1493 3823 1552 3861 ea
1585 3807 1799 3860 demum

224 3908 288 3962 de
315 3907 551 3976 Origene
580 3903 807 3972 quiestio
830 3911 965 3962 erat,
989 3915 1054 3952 an
1082 3901 1277 3969 penitus
1311 3899 1622 3966 respuendas
1653 3906 1799 3959 esset,

223 3999 370 4068 cujus
398 3992 690 4052 sententiae
720 4007 824 4046 non
869 3993 968 4045 nisi
995 3991 1209 4058 quidam
1240 3989 1522 4041 Faustinus
1553 3989 1602 4040 in
1651 3988 1800 4040 testi-

224 4092 460 4144 monium
502 4087 808 4146 adducitur,
847 4100 913 4138 an
953 4097 1080 4136 vero
1097 4083 1250 4152 juxta
1289 4079 1534 4150 quosdam
1564 4079 1804 4150 legendus

225 4199 283 4235 ea:
311 4192 472 4251 parte.
511 4179 888 4247 Hieronymus,
921 4177 1008 4245 qui
1053 4173 1275 4228 alteram
1315 4172 1633 4226 sententiam
1663 4185 1800 4239 prat-

217 4272 360 4327 ferre
404 4283 747 4341 nequaquam
773 4267 999 4330 dubitat,
1030 4281 1144 4329 eos,
1171 4265 1256 4331 qui
1294 4264 1346 4316 in
1370 4279 1592 4316 amorem
1625 4262 1802 4331 Orige-

221 4368 299 4419 nis
340 4365 575 4425 nimium,
613 4361 690 4414 uel
728 4360 780 4411 in
820 4358 992 4411 odium
1031 4355 1277 4410 stomachi
1313 4357 1393 4408 sui
1421 4356 1666 4424 pravitate
1708 4354 1802 4406 du-

227 4466 422 4518 cuntur,
456 4451 655 4508 asserit
694 4449 979 4505 maledicto
1029 4447 1336 4516 prophetico
1363 4447 1639 4514 subjacere
1670 4462 1682 4498 :
1714 4443 1803 4499 Vw

227 4546 300 4599 his
317 4546 400 4614 qui
422 4545 600 4598 dicunt
624 4541 813 4594 bonum
834 4539 1040 4600 malum,
1067 4545 1112 4590 et
1140 4537 1326 4589 malum
1354 4536 1558 4589 bonum.
1587 4534 1666 4588 Ad
1691 4538 1803 4588 haec

227 4635 495 4690 Oceanum
522 4644 826 4703 repugnare
852 4629 1064 4682 illorum
1091 4627 1331 4692 insaniat,
1355 4629 1442 4696 qui
1469 4641 1527 4680 se
1555 4635 1801 4694 pateren-

232 4736 308 4779 tur
329 4723 680 4794 Origenianis
701 4719 976 4774 erroribus
1001 4718 1197 4786 decipi,
1230 4727 1336 4770 tum
1361 4717 1610 4794 primum,
1636 4716 1803 4770 Tran-

229 4818 446 4884 quillino
477 4820 758 4876 narrante,
783 4811 980 4880 gaudet
1005 4810 1326 4878 intelligere,
1355 4808 1478 4862 dum
1507 4809 1569 4860 ab
1607 4809 1803 4862 erudito

237 4907 331 4960 riro
370 4906 660 4960 errantibus
686 4901 998 4958 subvenitur.
1039 4899 1284 4954 Oceanus
1307 4908 1484 4952 autem
1512 4901 1619 4966 jam
1650 4913 1678 4951 a
1715 4914 1805 4951 su-

233 4999 412 5065 periori
442 5013 589 5051 anno
627 4996 754 5050 595.
789 4993 1069 5050 Bethlemo
1097 4993 1415 5046 discesserat
1442 5007 1560 5045 Clllll
1610 4993 1668 5046 S.
1707 4992 1806 5045 Fa-

233 5089 379 5154 hiola,
425 5104 490 5142 ac
517 5088 750 5142 Romam
793 5099 1095 5155 regressus,
1128 5098 1262 5154 quos
1289 5083 1571 5148 imbuerat,
1611 5083 1803 5137 Hiero-

233 5183 367 5252 nymi
408 5194 610 5236 sensus
653 5193 718 5232 ac
760 5177 1062 5232 doctrinam
1106 5176 1411 5246 explicavit.
1459 5175 1600 5231 Nihil
1647 5192 1806 5245 porro

229 5275 424 5344 uspiam
468 5274 525 5327 in
569 5269 798 5340 epistola
842 5269 1116 5335 occurrit,
1167 5267 1309 5338 quod
1357 5275 1508 5323 notet
1547 5269 1804 5324 factiones

230 5365 498 5421 hominum
529 5379 630 5432 pro
662 5362 908 5432 Origenis
935 5361 1170 5423 nomine,
1222 5370 1315 5414 aut
1339 5360 1406 5415 de
1433 5359 1644 5414 Rufﬁuo
1672 5375 1804 5430 que-

228 5460 353 5514 relas
385 5458 640 5528 rcplicet,
671 5465 832 5525 atque
860 5455 1118 5524 ejusmodi
1159 5454 1284 5517 alia,
1321 5471 1442 5525 (μηδ
1479 5456 1532 5510 in
1573 5471 1696 5510 mox
1723 5471 1808 5510 se-

227 5555 423 5608 cuturis
459 5551 626 5606 tertio
651 5565 864 5620 quoque
889 5551 1051 5607 verbo
1079 5553 1414 5620 ingeruntur.

289 5643 457 5698 LXIII
512 5641 724 5709 Scripta
766 5642 889 5694 circ.
931 5658 1018 5695 an.
1051 5641 1175 5698 597.
1201 5674 1274 5687 --
1301 5643 1380 5698 Ex
1421 5642 1527 5710 his,
1558 5659 1676 5715 qua:
1721 5658 1809 5698 su-

227 5745 446 5803 persunt
489 5733 808 5803 Hieronymi
835 5733 898 5788 ad
928 5732 1278 5804 Theophilum
1322 5735 1581 5807 epistolis,
1628 5737 1803 5807 plures

1673 333 2063 396 PREFATIO.

3328 358 3494 415 LXVI

1921 451 2063 542 enim
2094 449 2496 521 interciderunt,
2526 468 2582 512 ut
2608 459 2720 517 suis
2745 461 2878 520 locis
2905 467 3227 538 monuimus,
3257 474 3492 542 priorem

1919 541 2093 597 locum
2135 555 2318 602 tenere
2356 549 2565 604 videtur
2604 553 2789 609 isthmc
2817 555 3152 625 brevissima,
3179 541 3495 632 quinneque

1917 643 2042 688 ante
2069 652 2264 691 anmuu
2291 638 2418 695 596.
2449 657 2621 712 neque
2643 656 2760 714 post
2787 647 2913 704 599.
2945 655 3186 707 revocari
3211 656 3494 712 commode

1918 733 2115 792 potest,
2146 728 2240 782 sed
2288 730 2379 782 illo
2409 731 2575 787 ferme
2621 735 2869 798 triennio,
2915 740 3147 806 quodam
3177 743 3340 798 veluti
3382 752 3490 797 ter-

1921 815 2065 868 mino
2107 818 2374 889 utrimque
2420 819 2694 889 delinitur,
2745 834 2801 877 nt
2845 825 3053 881 facilius
3097 838 3272 885 tamen
3317 832 3494 888 adfi-

1923 923 2042 961 nem
2067 909 2190 964 596.
2224 913 2306 966 vel
2335 923 2646 982 sequentem
2674 917 2800 971 597.
2831 919 2992 973 etiam
3030 934 3099 974 ex
3125 922 3348 977 aliorum
3386 925 3492 976 Do-

1921 1008 2129 1052 ctorum
2181 1000 2452 1056 hominum
2501 1005 2723 1060 calculis
2769 1007 3103 1063 referendam
3153 1026 3490 1069 censeamus.

1920 1086 2179 1144 Nimirum
2209 1106 2328 1146 cum
2354 1103 2498 1148 esset
2519 1095 2657 1151 inter
2675 1097 2934 1154 Joannem
2961 1099 3487 1173 Jerosolymitanum.

1917 1193 1980 1232 ac
2013 1179 2388 1252 Hieronymum
2419 1186 2702 1251 dissensio,
2732 1205 2851 1258 quze
2875 1205 2942 1244 ex
2970 1191 3250 1260 Epiphanii
3277 1194 3487 1262 Episto.

1921 1271 1982 1325 la:
2018 1277 2299 1329 occasione
2346 1278 2638 1347 inceperat,
2671 1281 2760 1334 diu
2803 1291 2984 1336 noster
3025 1284 3276 1338 sustinuit
3312 1286 3489 1343 Theo-

1922 1362 2148 1433 philum,
2180 1381 2208 1418 a
2252 1382 2360 1435 quo
2388 1369 2605 1423 dissidia
2651 1374 3018 1440 cotnpoucnda
3059 1383 3232 1439 erant,
3264 1391 3386 1446 erga
3431 1391 3492 1430 se

1921 1457 2250 1520 reticentent,
2280 1459 2502 1530 ejusque
2535 1464 2804 1517 silentium
2837 1480 2930 1533 pro
2956 1465 3360 1534 diSpensatiOne
3393 1468 3490 1520 ha-

1919 1545 2065 1608 buit;
2097 1563 2197 1601 nec
2225 1557 2400 1604 taliteu
2433 1552 2500 1605 ab
2529 1553 2721 1606 officiis
2755 1557 3005 1621 cessavit,
3035 1567 3194 1624 atque
3225 1556 3486 1626 Evangelii

1927 1633 2143 1688 Viduam
2191 1639 2306 1691 duri
2360 1638 2562 1696 Judicis
2609 1643 3049 1712 interpellatricem
3096 1658 3176 1699 est
3227 1646 3482 1701 imitatus.

1917 1725 2068 1780 Nunc
2096 1743 2228 1782 vero
2251 1734 2481 1798 acceptis
2512 1735 2724 1788 tandem
2753 1733 3032 1805 TheOphili
3079 1737 3318 1806 epistolis
3345 1754 3486 1807 :rgre

1917 1821 2131 1887 patitur,
2169 1835 2228 1874 se
2270 1821 2336 1876 de
2379 1825 2754 1879 ecclesiasticis
2783 1829 3074 1883 canonibus
3102 1830 3325 1895 moneri,
3364 1845 3486 1885 cum

1915 1909 2017 1963 sibi
2039 1909 2167 1964 nihil
2198 1925 2341 1966 esset.
2360 1915 2613 1985 antiquius
2632 1933 2782 1981 quam
2804 1915 2990 1972 Christi
3007 1919 3133 1988 jura
3155 1935 3371 1988 seruarc,
3400 1935 3490 1972 nec

1915 1998 2127 2053 Patrum
2171 2004 2447 2072 transferre
2483 2006 2769 2060 terminos:
2807 2007 3000 2076 quibus
3042 1979 3238 2063 verbis.
3261 2026 3388 2073 non,
3433 2019 3491 2063 ut

1917 2092 2084 2158 prima
2121 2095 2298 2146 statim
2331 2094 2502 2148 fronte
2533 2096 2696 2151 videri
2741 2106 2936 2166 potest.
2979 2097 3273 2153 Pauliniani
3303 2101 3486 2154 fratris

1916 2182 2303 2238 ordinationem
2344 2185 2602 2251 defendit,
2653 2203 2811 2256 quam
2851 2189 3052 2244 dissidii
3095 2205 3309 2244 causam
3351 2207 3494 2260 prai-

1922 2275 2135 2326 texetiat
2157 2274 2413 2338 Joannes,
2440 2278 2581 2344 quod
2613 2278 2941 2345 potissimum
2972 2281 3021 2332 in
3052 2295 3145 2334 sua
3180 2281 3404 2336 [timcesi
3426 2283 3492 2333 ab

1920 2363 2095 2416 alieno
2148 2365 2408 2433 Episcopo
2452 2377 2800 2420 consecratus
2845 2367 3054 2434 fuisset,
3103 2384 3288 2424 contra
3331 2387 3487 2440 quam

1919 2454 2162 2508 (lationes
2197 2455 2416 2523 jubent;
2449 2457 2541 2509 sed
2584 2459 2759 2511 verius
2797 2461 3139 2526 semetipsum
3186 2461 3319 2514 tueri
3358 2463 3487 2525 vult,

1917 2543 2004 2612 qui
2036 2543 2148 2612 jam
2193 2546 2260 2598 ab
2305 2560 2393 2598 an.
2438 2545 2562 2600 594.
2599 2562 2719 2599 cum
2746 2547 3194 2619 Jerosnlymitano
3239 2551 3491 2618 episcopo

1917 2648 2020 2685 non
2045 2634 2479 2696 communicaret,
2509 2651 2611 2704 qua
2643 2638 2693 2689 in
2725 2652 2781 2690 re
2807 2638 2905 2692 sibi
2936 2637 3084 2692 addit
3109 2637 3356 2695 sufficere
3388 2640 3492 2694 Ito-

1913 2739 2113 2776 manam
2148 2724 2306 2792 ﬁdem
2347 2727 2633 2794 Apostolico
2677 2743 2764 2781 ore
2799 2729 3078 2797 laudatam,
3108 2732 3252 2793 cuius
3291 2748 3345 2786 se
3385 2749 3492 2786 esse

1912 2815 2210 2884 participem
2235 2815 2586 2870 Alexandrina
2627 2817 2854 2873 Ecclesia
2879 2820 3147 2889 gloriatur.
3185 2822 3334 2889 Quod
3363 2838 3490 2877 vero

1911 2904 2174 2973 improbet
2196 2906 2470 2975 Theophili
2499 2908 2799 2970 consilium,
2828 2911 2915 2978 qui
2941 2913 3235 2976 remissius,
3258 2914 3489 2980 atquein

1911 2994 2067 3046 multa
2088 2997 2327 3062 patientia
2349 3006 2532 3051 contra
2551 2997 2876 3065 Origenistas
2897 3014 2955 3052 se
2977 3015 3206 3068 gereret,
3227 3001 3488 3054 affirmet-

1911 3099 2010 3152 que
2027 3084 2207 3138 multis
2232 3086 2279 3137 id
2303 3085 2514 3139 Sanctis
2535 3087 2838 3154 displicere,
2863 3105 2924 3139 ne
2943 3087 3065 3140 dum
3095 3089 3180 3142 ille
3202 3087 3488 3143 Paucorum

1909 3177 2250 3245 pceuiteutiam
2275 3180 2613 3246 prcestolatur,
2638 3179 2827 3231 nutriat
2857 3178 3126 3233 audaciam
3153 3181 3485 3250 perditorum,

1906 3276 1952 3318 et
1975 3269 2129 3337 [actio
2155 3267 2402 3321 robustior
2429 3270 2556 3336 ﬁat;
2583 3267 2695 3321 hare
2720 3268 2762 3322 si
2789 3283 2910 3322 cum
2935 3268 3310 3337 Superioribus
3334 3285 3484 3324 com-

1910 3367 2170 3426 ponantur
2189 3397 2206 3421 ,
2235 3359 2567 3412 commodius
2602 3374 2759 3428 quam
2801 3373 2941 3412 anim
2967 3358 3090 3415 596.
3121 3360 3202 3413 vel
3242 3362 3483 3427 sequenti

1906 3448 2123 3517 intelligi
2155 3465 2257 3500 non
2290 3464 2446 3518 posse
2476 3449 2627 3502 facile
2653 3449 2753 3504 sibi
2783 3450 3008 3517 quisque
3039 3450 3373 3516 persuadeat.

1978 3538 2160 3593 LXIV.
2191 3539 2400 3608 Scripta
2421 3556 2508 3592 an.
2539 3539 2664 3594 596.
2694 3540 2768 3590 vel
2795 3538 2918 3592 597.
2943 3569 3009 3579 --
3031 3539 3106 3592 Ad
3137 3539 3275 3593 hunc
3303 3540 3386 3594 vel
3417 3540 3484 3593 all

1904 3632 2234 3698 superiorem
2258 3645 2452 3683 annum
2477 3630 2675 3699 passim
2702 3639 2751 3682 et
2769 3628 2891 3698 jure
2914 3630 3106 3684 merito
3132 3629 3317 3683 referri
3345 3630 3485 3682 solet

1906 3723 2091 3777 islltutc
2116 3721 2181 3773 ad
2214 3721 2481 3773 Fabiolam
2511 3721 2756 3787 epistola,
2801 3730 3077 3789 postquam
3108 3721 3351 3774 videlicet
3396 3721 3482 3774 illa

1906 3812 2270 3882 ingruentibus
2317 3811 2626 3865 Hunnorum
2657 3811 3130 3872 devastationibns,
3180 3811 3480 3876 Bethleem,

1907 3905 1994 3957 ubi
2029 3903 2334 3971 aliquanditt
2373 3904 2708 3966 constiterat,
2742 3902 2942 3960 relicta.
2975 3901 3197 3954 Romam
3240 3917 3480 3968 regressa

1905 4005 2023 4057 est;
2057 4005 2182 4047 tunc
2200 3994 2343 4047 enim
2370 3995 2421 4046 in
2453 3994 2596 4048 Urbe
2624 3992 2832 4061 (legisse
2860 4008 3001 4057 eain,
3025 3993 3258 4045 indicant
3288 3992 3402 4046 haec
3430 3994 3480 4047 in

1907 4085 2012 4139 fine
2047 4083 2284 4152 epistolae
2311 4085 2494 4144 verba,
2527 4083 2611 4135 ubi
2640 4081 2946 4136 Tertulliani
2974 4081 3254 4150 quemdam
3288 4081 3484 4138 librum

1907 4178 1974 4234 de
1990 4177 2221 4232 vestibus
2239 4180 2414 4231 Aaron
2437 4177 2488 4231 in
2509 4176 2682 4230 indice
2701 4183 2902 4230 tantum
2923 4175 3116 4229 vidisse
3131 4189 3190 4230 se
3211 4191 3480 4242 asserens,

1908 4270 1967 4326 Si
1995 4289 2026 4324 a
2054 4272 2210 4336 vobis,
2237 4271 2438 4338 inquit,
2464 4278 2667 4341 propter
2686 4269 3022 4323 celebritatem
3048 4267 3200 4323 Urbis
3221 4271 3372 4338 fuerit
3399 4271 3484 4322 in-

1905 4375 2099 4422 uentus,
2121 4377 2290 4431 quieto
2311 4378 2373 4415 ne
2395 4379 2554 4414 nteant
2575 4361 2762 4414 stillam
2783 4360 2925 4412 illius
2945 4361 3145 4428 [lumini
3165 4362 3482 4428 comparetis.

1980 4453 2136 4509 LXV.
2179 4452 2382 4521 Scripta
2419 4451 2553 4505 med.
2606 4469 2694 4503 an.
2739 4450 2864 4504 597.
2893 4451 3283 4516 ——Antequam
3336 4462 3485 4501 com-

1907 4546 2198 4601 mentarios
2256 4545 2308 4598 in
2359 4544 2662 4598 alattliazum
2709 4541 2968 4595 scriberet
3016 4539 3190 4593 datam
3240 4538 3374 4594 hanc
3415 4541 3482 4593 ad

1907 4637 2229 4704 Principiam
2259 4634 2561 4702 epistolam,
2590 4633 2704 4685 ha'c
2735 4630 2888 4684 nobis
2917 4630 3240 4701 persuadent
3262 4632 3313 4684 in
3343 4631 3486 4686 Prae.

1911 4730 2108 4784 latione
2136 4725 2446 4781 eornmdem
2471 4723 2986 4777 Commentariorum
3027 4722 3185 4775 verba
3224 4721 3290 4776 ad
3319 4722 3487 4777 Euse-

1909 4821 2078 4883 bium,
2113 4818 2331 4872 Obsecro
2361 4824 2415 4867 ut
2441 4820 2528 4868 des
2567 4814 2846 4882 exemplar,
2875 4831 2987 4866 cum
3016 4813 3231 4866 Romam
3269 4817 3484 4875 veneris.

1922 4909 2112 4980 Virgini
2140 4909 2328 4963 Christi
2353 4906 2653 4976 Principia',
2683 4922 2796 4976 qua:
2822 4923 2899 4958 me
2928 4905 3118 4974 rogavit
3147 4917 3199 4958 ut
3229 4907 3282 4958 in
3312 4903 3489 4959 Canti-

1909 5018 2024 5056 cum
2053 4999 2378 5055 Canticorum
2400 4997 2686 5060 scriberem,
2719 5013 2750 5050 a
2768 5013 2867 5066 quo
2897 5012 3047 5066 opere
3068 4997 3304 5050 exclusus
3325 5012 3487 5066 (egro-

1911 5094 2097 5147 talione
2129 5092 2366 5144 diuturna
2413 5104 2551 5158 spem
2588 5088 2638 5140 in
2679 5091 2908 5156 futurum
2947 5085 3142 5140 distuli.
3187 5086 3395 5155 Quippe
3435 5087 3487 5140 in

1911 5185 2068 5252 hujus
2107 5182 2350 5253 epistola:
2393 5180 2496 5235 line
2535 5179 2872 5248 promiserat,
2911 5179 2956 5231 si
2994 5177 3094 5230 vita
3123 5193 3286 5230 comes
3310 5178 3485 5247 fuerit,

1910 5276 2295 5344 explicaturum
2323 5288 2381 5326 se
2409 5271 2481 5326 illi
2508 5279 2668 5324 totum
2689 5269 2952 5324 Canticum
2974 5266 3317 5328 Canticorum,
3346 5266 3486 5332 quml

1911 5383 2030 5422 cum
2063 5365 2406 5437 mgrotatione
2433 5363 2667 5432 quinque
2701 5361 2963 5416 mensium
2997 5359 3166 5429 (supr.
3199 5367 3308 5412 tres
3336 5353 3488 5425 dicit)

1913 5457 2196 5527 impeditus
2233 5455 2490 5525 perlicere
2539 5466 2643 5506 non
2672 5453 2950 5520 potuisset,
2986 5448 3269 5504 Eusebium
3302 5453 3490 5513 postea

1911 5562 2080 5620 rogat,
2111 5557 2171 5603 nt
2207 5563 2266 5603 se
2303 5545 2441 5617 apud
2472 5543 2794 5614 Principiam
2831 5549 3072 5596 excuset.
3103 5539 3182 5593 Ex
3223 5549 3330 5605 quo
3359 5532 3490 5586 illud

1907 5645 2069 5700 etiam
2101 5642 2255 5697 nobis
2281 5645 2613 5709 compertum
2658 5644 2762 5700 cst,
2804 5649 2908 5688 non
2941 5642 2997 5686 ut
3024 5629 3112 5684 alii
3139 5642 3200 5680 ac
3225 5621 3492 5692 prrecipue

1911 5734 2246 5790 Martianteus
2293 5729 2553 5794 sentiunt,
2593 5723 2768 5782 eidem
2813 5720 3046 5777 Eusebio
3093 5731 3213 5771 cum
3265 5711 3491 5769 Romam
