4004 6328
521 355 714 416 ιινιι

529 471 976 542 proticisceretur,
1007 463 1455 532 commendatam,
1499 464 1567 520 ab
1605 479 1776 537 eoque
1815 463 2100 536 Principia:

529 565 787 621 redditam
822 562 990 631 ipsam
1019 559 1298 630 epistolam
1326 559 1472 630 (tunc
1499 559 1641 614 enim
1667 557 1808 629 quod
1834 559 1886 612 in
1914 559 2099 613 Canti-

525 671 648 710 cum
677 655 1005 709 canticorum
1026 693 1040 716 ,
1073 651 1519 721 quemadmodum
1551 651 1636 704 illa
1666 659 1962 720 rogaverat,
1994 666 2098 704 non

525 746 848 812 scripsisset,
874 743 1120 799 eamdem
1159 747 1557 810 :egrotationem
1593 741 1945 812 Hieronymus
1965 757 2099 797 cau-

524 838 628 890 sari
656 836 932 898 debuerat,
961 833 1102 902 quod
1133 819 1311 887 tamen
1342 832 1564 886 minime
1603 832 1785 901 facit);
1817 831 1912 886 sed
1941 842 2096 885 antc-

523 943 681 997 quam
709 928 972 982 Eusebius
1001 925 1298 980 discederet
1345 923 1561 978 missam
1593 937 1687 992 per
1714 923 1880 977 alium
1906 938 2096 993 quem-

523 1024 686 1092 piam,
711 1031 870 1091 atque
896 1018 1031 1072 adeo
1072 1017 1276 1087 aliquot
1317 1017 1505 1071 saltem
1544 1025 1670 1070 ante
1697 1016 2097 1085 :egrotationem

521 1128 770 1177 menses,
819 1118 946 1180 puta
992 1109 1093 1164 sub
1131 1108 1256 1162 anni
1296 1109 1420 1165 397.
1461 1107 1716 1173 medium,
1763 1107 1925 1161 fuisse
1967 1122 2096 1163 exa-

522 1213 709 1258 ratam.

593 1291 778 1347 LXVl.
821 1291 1030 1361 Scripta
1066 1289 1189 1343 circ.
1236 1289 1327 1354 fin.
1365 1304 1452 1341 an.
1489 1286 1707 1342 1597.—
1731 1285 1862 1340 Tota
1889 1294 2096 1354 tempo-

521 1383 595 1438 ris
639 1384 793 1447 ratio,
839 1397 941 1452 qua
990 1396 1113 1436 vera
1160 1379 1319 1448 hujus
1360 1378 1600 1448 epistola:
1638 1384 1766 1431 artas
1812 1375 2093 1442 asseritur,

520 1490 586 1529 ex
626 1472 884 1528 LXXVII.
913 1473 1004 1527 illa
1042 1487 1160 1541 qua:
1200 1471 1263 1523 de
1309 1482 1466 1522 morte
1504 1467 1731 1521 Fabiola
1767 1466 2092 1530 inscribitur,

521 1566 811 1635 repetenda
843 1572 959 1628 est;
993 1563 1063 1617 ibi
1091 1563 1234 1617 enim
1259 1561 1615 1630 Hieronymus
1639 1567 1760 1613 ante
1785 1560 1938 1627 ferme
1959 1559 2096 1612 bien-

519 1657 661 1708 nium
691 1653 1020 1706 Pammachio
1064 1668 1175 1716 suo,
1209 1667 1301 1719 pm
1329 1651 1494 1704 subita
1525 1649 1926 1719 peregrinatione
1957 1648 2098 1702 Pau-

519 1745 656 1808 lime,
686 1742 823 1798 hanc
845 1757 904 1796 se
927 1741 1203 1810 epistolam
1226 1749 1450 1794 testatur
1473 1738 1707 1794 dedisse.
1735 1738 2094 1806 Quamobrem

519 1851 640 1889 eum
668 1845 816 1890 certo
843 1836 1040 1888 certius
1077 1833 1165 1895 sit,
1193 1841 1249 1884 ut
1285 1845 1382 1884 suo
1409 1830 1528 1885 loco
1556 1830 1920 1896 ostendemus,
1949 1830 2093 1885 illam

517 1929 584 1981 de
615 1938 780 1997 mort;
801 1925 1027 1979 Fabiola
1051 1924 1175 1977 anui
1203 1922 1326 1978 399.
1357 1923 1529 1976 testati
1564 1936 1686 1976 esse
1714 1921 2050 1976 tribuendam
2074 1939 2089 1986 ;

518 2031 577 2074 ut
605 2035 787 2074 verum
826 2020 892 2072 sit
921 2018 1076 2080 ferme
1123 2015 1378 2068 biennium
1422 2023 1578 2068 antea
1608 2013 1930 2078 exenrrisse,
1969 2021 2094 2082 puta

516 2111 702 2166 decem
731 2125 888 2180 supra
915 2123 1109 2162 annum
1154 2121 1386 2170 menses,
1420 2105 1555 2159 hanc
1593 2105 1655 2158 de
1687 2103 1923 2157 Paulina:
1957 2104 2094 2156 obitu

515 2203 647 2255 satis
689 2202 791 2255 erit
827 2199 950 2252 anni
992 2197 1119 2254 397.
1168 2193 1456 2265 postremis
1497 2193 1771 2247 mensibus
1799 2194 2090 2262 assignare.

514 2290 649 2346 Huic
685 2291 962 2360 hypothesi
991 2303 1115 2343 cum
1152 2295 1350 2340 caetera
1380 2285 1622 2353 apprime
1649 2275 1929 2352 quadrent,
1964 2282 2092 2336 illud

513 2383 673 2436 etiam
701 2379 1033 2450 sull‘ragntur,
1057 2377 1198 2447 quod
1221 2376 1445 2430 necdum
1468 2374 1897 2444 Hieronymiante
1917 2388 2092 2444 aegro-

515 2473 729 2525 tatioiiis
750 2470 852 2522 ulla
885 2470 943 2522 Iit
975 2471 1196 2522 mentio.

586 2559 793 2614 LXVII.
823 2559 1030 2626 Scripta
1056 2575 1143 2611 an.
1176 2555 1301 2610 397.
1325 2585 1397 2595 —
1425 2555 1520 2609 Ha:
1555 2553 1806 2608 secunda:
1829 2563 1955 2608 sunt
1979 2554 2092 2608 Au-

512 2653 712 2725 gustini
737 2653 802 2706 ad
835 2653 1212 2722 Hieronymum
1236 2650 1449 2715 litterze,
1480 2648 1673 2718 quibus
1702 2647 1880 2701 statim
1913 2646 1967 2700 in
1990 2661 2090 2700 ex-

512 2745 666 2800 ordio
704 2744 930 2814 gratiam
977 2742 1154 2807 habet,
1186 2740 1320 2810 quod
1347 2755 1440 2810 pro
1467 2739 1754 2807 subscripta
1783 2736 2092 2790 salutatione

512 2835 714 2905 plenam
743 2833 839 2888 sibi
867 2834 1131 2904 epistolam
1169 2831 1491 2885 reddidisset.
1533 2829 1750 2884 Scilicet
1785 2843 1905 2881 cum
1947 2841 2091 2881 anno

511 2927 785 2994 superiore
808 2923 1165 2992 Hipponensis
1181 2924 1464 2992 episcopus
1486 2919 1702 2974 alterius
1723 2919 1997 2988 cujusdam
2023 2934 2090 2974 ex

513 3014 691 3069 Africa
745 3015 984 3082 epistolae
1031 3012 1372 3067 subscribens
1427 3011 1808 3080 Hieronymum
1849 3007 2090 3064 ofﬁciose

509 3103 817 3169 salutasset,
861 3103 946 3157 hic
986 3118 1080 3170 per
1119 3102 1404 3172 quemdam
1452 3101 1718 3154 Asterium
1773 3097 2096 3166 Diaconum,‘

507 3197 599 3264 qui
631 3205 756 3248 tunc
788 3195 842 3248 in
865 3194 1210 3248 Occidentem
1235 3193 1515 3262 navigabat
1539 3201 1828 3260 promptum
1856 3190 2090 3245 reddidit

507 3286 827 3340 salutationis
856 3288 1164 3356 obsequium,
1197 3284 1557 3354 peculiaribus
1587 3299 1649 3338 ac
1673 3284 1840 3352 plenis
1867 3284 2082 3347 litteris,

507 3391 626 3446 qua:
669 3377 787 3430 beic
827 3377 1135 3440 innnontnr,
1181 3385 1234 3428 et
1261 3376 1452 3446 quibus
1481 3375 1615 3438 hrrc,
1647 3374 1715 3429 de
1748 3389 1851 3443 qua
1878 3374 2086 3441 agimus

507 3469 782 3537 Augustini
805 3469 1081 3536 responsio
1099 3469 1361 3521 destinata
1373 3475 1470 3520 est.
1494 3464 1626 3519 Nam
1642 3465 1758 3518 illas
1778 3465 2082 3534 Hieronymi

506 3559 667 3615 hodie
689 3574 795 3614 non
816 3569 897 3614 est
920 3560 1184 3618 invenire.
1208 3574 1272 3612 ae
1291 3568 1490 3610 tantum
1510 3571 1577 3610 ex
1603 3556 1758 3623 hujus
1777 3557 2084 3624 responsio-

505 3649 591 3704 nis
614 3666 664 3703 n.
682 3649 736 3704 9.
761 3649 829 3703 de
852 3648 1100 3718 Origene,
1125 3649 1348 3716 ejusque
1372 3646 1648 3700 erroribus
1665 3645 1785 3697 data
1805 3645 2085 3698 occasione

505 3739 712 3796 locutas
750 3741 915 3796 fuisse
952 3742 1042 3795 alii
1072 3747 1530 3809 argumentantur.
1565 3736 1633 3792 Ut
1660 3753 1786 3790 vero
1825 3738 2080 3804 priorem,

502 3848 661 3902 quam
713 3849 872 3903 supra
928 3832 1298 3888 reeensuimus
1360 3829 1641 3898 Augustini
1693 3830 1968 3897 epistolam
2015 3828 2084 3883 ad

506 3923 888 3995 Hieronymum
919 3939 1025 3977 non
1052 3922 1243 3975 detulit
1273 3919 1609 3985 Profuturus,
1640 3919 1728 3989 qui
1753 3918 1879 3972 dum
1911 3932 1968 3973 se
1999 3919 2084 3972 iti-

501 4016 618 4071 neri
663 4025 833 4084 parat,
885 4015 1168 4084 episcopus
1216 4022 1427 4065 creatus
1471 4010 1696 4064 esnita
1727 4023 1898 4076 neque
1946 4008 2084 4064 hanc

500 4107 723 4160 alteram
754 4106 969 4171 Paulus,
997 4107 1086 4174 qui
1117 4103 1467 4174 navigationis
1497 4103 1548 4155 in
1582 4101 1916 4155 Palaestinam
1947 4115 2082 4154 eon-

501 4195 678 4250 silinm
723 4197 968 4260 mutavit,
1013 4195 1155 4264 quod
1197 4209 1372 4249 causae
1415 4192 1534 4258 fuit,
1569 4200 1628 4245 ut
1667 4193 1812 4260 prius
1845 4190 1958 4244 hare
1987 4205 2083 4259 per

502 4285 704 4339 Italiam
740 4285 1067 4356 vulgaretur,
1101 4299 1257 4354 quam
1303 4283 1369 4336 ad
1412 4283 1791 4352 Hieronymum
1838 4281 2082 4351 perveni-

499 4385 584 4429 ret
615 4391 628 4427 :
655 4375 747 4444 qui
773 4374 900 4441 alio,
944 4389 1134 4443 nempe
1171 4373 1404 4428 Sisinnio
1432 4372 1667 4426 Diacono
1693 4371 1966 4426 deferente
1991 4387 2081 4426 ac-

499 4467 662 4536 cepit,
704 4475 864 4536 atqne
907 4465 1086 4520 animo
1131 4463 1435 4518 olfendendi
1474 4462 1725 4530 scriptam
1767 4471 1954 4517 contra
1995 4477 2074 4532 se,

497 4569 658 4627 atque
703 4556 757 4611 in
803 4554 1234 4626 vulguseditam
1267 4553 1486 4624 putavit.
1535 4552 1671 4606 Hinc
1695 4569 1803 4624 quo
1844 4553 1967 4607 data
2009 4555 2081 4609 sit

501 4658 765 4716 tempore,
794 4647 949 4701 facile
978 4645 1362 4712 investigatur;
1393 4641 1590 4698 etenim
1635 4643 1779 4697 illam
1811 4641 2077 4699 Sisinnius

501 4738 800 4802 invenerat,
833 4745 888 4789 ut
911 4751 976 4791 ex
1001 4735 1108 4789 CV.
1137 4743 1366 4799 consmt,
1396 4735 1536 4789 inter
1560 4745 1784 4790 eieteros
1808 4736 2076 4806 Augustini

498 4836 742 4880 tractatus
785 4843 885 4880 non
921 4827 976 4880 in
1019 4825 1216 4898 Africa,
1248 4833 1416 4896 Lneque
1455 4826 1594 4897 apud
1631 4826 1801 4897 ipsum
1838 4830 2078 4899 Augusti-

499 4935 644 4985 num,
667 4919 757 4972 sed
784 4919 838 4972 in
864 4919 1033 4973 insula
1060 4918 1252 4984 Adrite,
1284 4932 1424 4974 anno
1448 4921 1513 4974 ad
1534 4935 1802 4975 summum
1833 4922 1956 4977 398.
1987 4921 2075 4976 ni-

497 5009 693 5062 mirum
725 5016 840 5060 ante
868 5009 1026 5078 ferme
1071 5008 1479 5079 quinquennium,
1521 5025 1679 5080 quam
1718 5011 1864 5066 Ilier.
1905 5011 2073 5080 ipsam

497 5099 609 5156 CV.
651 5099 933 5165 scriberet,
977 5114 1097 5170 qure
1125 5100 1251 5154 anni
1279 5109 1362 5155 est
1389 5101 1512 5166 405,
1551 5110 1732 5156 υιέδυο
1760 5100 1928 5156 fusius
1955 5101 2073 5157 loco

495 5189 864 5258 ostendemus.
892 5190 1059 5245 Porro
1086 5199 1142 5245 ut
1166 5191 1220 5245 in
1249 5190 1453 5246 Italiam
1479 5202 1684 5248 mutato
1709 5191 1936 5247 consilio
1960 5200 2072 5246 tra-

492 5281 686 5352 jiceret
709 5282 924 5349 Paulus,
971 5283 1252 5355 epistolam
1298 5285 1570 5354 proderet,
1615 5300 1790 5355 eaque
1812 5286 1866 5339 in
1898 5284 2070 5339 lucem

499 5373 641 5426 edita
693 5374 901 5429 caeteris
953 5375 1235 5445 Augustini
1288 5375 1600 5430 tractatibus
1649 5374 2068 5440 admisceretur,

500 5465 713 5520 brevius
761 5479 902 5520 anno
949 5467 1284 5522 intervallum
1334 5467 1506 5537 putari
1536 5467 1623 5520 vix
1652 5475 1869 5535 potest,
1899 5481 2071 5534 neque

496 5557 842 5613 adeoserius
878 5575 966 5613 an.
998 5559 1123 5616 597.
1172 5561 1284 5628 ipsa
1333 5560 1556 5628 epistola
1607 5559 1820 5612 ascribi.
1850 5557 1906 5613 Id
1953 5573 2071 5611 rur-

494 5667 587 5706 sus
623 5647 964 5722 intelligimus
1002 5667 1068 5707 ex
1108 5652 1208 5706 alia
1245 5651 1482 5719 ejusdem
1526 5652 1745 5718 August.
1796 5664 1916 5719 qua:
1953 5649 2072 5703 beic

495 5752 579 5799 est
601 5743 731 5799 CIV.
763 5742 906 5797 haud
933 5742 1212 5797 commode
1231 5751 1362 5794 satis
1388 5741 1626 5810 praeponi
1655 5755 1831 5810 posse,
1859 5755 1981 5794 cum
2002 5741 2070 5796 ab

493 5835 610 5906 ipso
631 5833 742 5905 jam
782 5834 1036 5904 episcopo
1062 5833 1255 5888 dictata
1282 5831 1371 5900 sit,
1397 5830 1537 5900 quod
1561 5831 1650 5887 ille
1675 5829 1817 5888 haud
1841 5829 2069 5888 obscure

1971 351 2354 415 PREFATIO.

3576 366 3776 428 LXVIII

2207 476 2410 534 monet,
2437 482 2558 524 cum
2589 473 2782 542 primas
2814 473 2944 532 dicit
2971 474 3198 545 litteras,
3244 477 3358 534 sive
3383 493 3503 550 quae
3542 477 3664 538 beic
3695 483 3774 539 CI.

2207 569 2514 626 censentur,
2544 576 2576 616 a
2606 578 2664 619 se
2707 564 2880 622 adhuc
2905 570 3194 640 presbytero
3229 579 3566 640 praeparatas,
3598 581 3658 627 ut
3687 589 3777 643 po-

2207 649 2461 705 steriores
2501 652 2568 707 ab
2610 657 2864 726 episeopo
2893 660 3159 730 intelligas
3186 661 3498 731 profecisse.
3527 665 3780 735 Comper-

2205 749 2317 794 tum
2345 758 2472 798 vero
2495 755 2600 811 est,
2625 763 2746 801 eum
2774 764 2880 803 non
2899 763 3021 806 ante
3043 753 3205 808 ﬁnem
3227 754 3521 823 superioris
3540 771 3630 811 an.
3655 757 3772 814 396.

2207 832 2518 889 imminente
2565 835 2775 892 Domini
2825 838 2995 895 Natali
3043 841 3368 913 Episcopum
3419 844 3584 902 fuisse
3635 847 3777 903 ordi-

2205 933 2406 979 natum.

2278 1014 2371 1068 llis
2409 1016 2688 1086 Augustini
2740 1012 2933 1076 litteris
2981 1020 3311 1080 Benedictini
3357 1027 3616 1097 editores,
3667 1029 3777 1086 illas

2205 1101 2515 1177 Hieronymi
2566 1123 2903 1179 praeponunt,
2948 1130 3172 1184 quarum
3225 1119 3432 1173 initium
3487 1132 3593 1187 est,
3637 1123 3776 1177 Anno

2203 1199 2455 1264 pra-.terito
2481 1216 2570 1267 per
2590 1204 2800 1270 fratrem
2825 1213 3046 1292 murum
3072 1206 3324 1261 Asterium
3345 1227 3366 1275 ,'
3385 1221 3544 1280 atque
3567 1213 3633 1266 iis
3653 1227 3777 1282 quo-

2203 1301 2308 1356 que
2335 1303 2532 1343 annum
2564 1293 2843 1362 assignant
2868 1293 2994 1349 597.
3023 1296 3222 1352 Eorum
3256 1307 3430 1354 tamen
3458 1303 3777 1370 conjectum

2202 1389 2323 1430 cum
2357 1379 2509 1433 nobis
2537 1381 2672 1435 haud
2701 1385 2832 1437 satis
2861 1387 3171 1454 probentur,
3207 1403 3323 1442 eam
3355 1391 3635 1459 epistolam
3664 1393 3776 1448 loco

2202 1468 2482 1533 movimus,
2531 1471 2940 1544 distulimusque
2991 1477 3058 1530 ad
3098 1493 3246 1532 num.
3298 1479 3427 1534 Clll.
3479 1494 3533 1536 et
3580 1497 3775 1538 annum

2203 1572 2369 1628 usque
2407 1561 2530 1616 402.
2564 1564 2630 1617 ad
2673 1565 2814 1634 quod
2848 1576 3056 1638 tempus
3095 1585 3215 1623 cum
3262 1571 3657 1639 devenerimus,
3693 1576 3775 1628 lir-

2201 1650 2393 1717 minra,
2441 1661 2501 1706 ut
2552 1655 2705 1709 nobis
2747 1656 3012 1723 videntur,
3058 1669 3368 1730 argumenta
3419 1664 3770 1732 proferemus,

2201 1739 2393 1809 quibus
2441 1742 2654 1798 adducti
2705 1746 2868 1800 alium
2920 1748 3164 1804 ordinem
3215 1753 3612 1808 constituimus.
3657 1755 3772 1810 Vid.

2200 1833 2358 1888 etiam
2391 1835 2524 1890 infra
2549 1838 2707 1906 epist.
2739 1835 2876 1893 CXI.

2273 1923 2498 1979 LXVIII.
2542 1925 2749 1995 Scripta
2787 1946 2874 1984 an.
2911 1930 3044 1987 397.
3072 1963 3143 1973 —-
3168 1932 3444 1991 Heraclius
3489 1936 3768 2005 Diaconos,

2199 2027 2306 2081 quo
2337 2015 2633 2081 nuntiante,
2678 2017 3031 2077 Hieronvmus
3060 2023 3398 2080 intellexerat
3436 2025 3772 2084 Castrucium

2199 2106 2278 2158 sui
2306 2108 2581 2175 cupiditate
2610 2109 2804 2164 Cissam
2833 2129 2992 2182 usque
3017 2117 3226 2182 venisse,
3258 2133 3380 2172 cum
3426 2133 3458 2174 e
3495 2119 3772 2176 Palaestina

2198 2194 2528 2254 Pannoniam
2555 2199 2930 2270 regrederetur
2957 2205 3142 2261 harum
3166 2211 3382 2276 portitor
3409 2210 3688 2267 litterarum
3709 2216 3772 2271 ad

2196 2287 2528 2346 Castrueium
2555 2293 2672 2347 luit.
2697 2293 2864 2350 l’orro
2885 2312 3006 2351 eum
3034 2299 3340 2367 Diaconum,
3368 2303 3466 2357 hoc
3489 2320 3633 2359 anno
3649 2306 3794 2362 597.

2200 2381 2419 2435 miserat
2469 2382 2742 2440 Bethleem
2771 2389 3031 2443 Amabilis
3067 2391 3282 2461 quidam
3320 2394 3609 2467 episcopus
3638 2397 3772 2454 Pan-

2196 2473 2393 2536 nonias,
2429 2483 2483 2527 ut
2512 2475 2723 2531 videtur
2755 2480 3011 2548 regionis,
3045 2489 3103 2535 ut
3140 2485 3552 2552 explicationem
3585 2488 3770 2545 decem

2197 2558 2345 2616 Isaiae
2372 2562 2670 2632 Visionum,
2697 2582 2856 2636 quam
2888 2569 3020 2624 alias
3059 2571 3174 2640 ipse
3209 2573 3278 2627 ab
3304 2573 3630 2648 Hieronymo
3678 2595 3771 2650 po-

2195 2651 2506 2717 stulaverat,
2555 2671 2794 2723 praesens
2832 2658 2923 2713 ille
2953 2659 3265 2729 impetraret
3291 2681 3306 2717 :
3340 2680 3458 2733 quae
3487 2667 3564 2722 sic
3593 2669 3645 2722 in
3674 2685 3766 2724 ea-

2193 2741 2440 2797 rumdem
2463 2744 2780 2814 praefatione
2799 2748 2865 2801 ad
2888 2750 3184 2806 Amabilem
3211 2752 3324 2823 ipse
3342 2759 3563 2826 exponit
3583 2757 3642 2812 S.
3669 2761 3769 2813 Do-

2195 2842 2311 2886 ctor
2350 2849 2366 2886 :
2410 2834 2598 2890 Misisti
2645 2839 2739 2891 hoc
2788 2855 2924 2893 anno
2975 2841 3142 2908 filium
3193 2855 3419 2898 nostrum
3474 2845 3770 2904 Heracliam

2193 2921 2500 2991 Diaconum,
2546 2927 2635 2996 qui
2675 2943 2752 2981 me
2795 2945 2948 2982 manu
2989 2942 3220 2986 conserta
3258 2933 3311 2987 in
3344 2937 3434 3006 jus
3463 2948 3682 3004 vocaret,
3723 2949 3771 2993 et

2193 3016 2494 3083 promissum
2533 3033 2622 3086 per
2661 3029 2915 3073 momenta
2953 3036 3081 3089 opus
3121 3023 3356 3094 exigeret.
3391 3025 3598 3083 Exinde
3647 3029 3770 3085 illud

2192 3104 2346 3157 nobis
2377 3104 2584 3160 videtur
2605 3107 2725 3176 jure
2749 3108 2962 3175 confici,
2996 3110 3240 3181 ejusdem
3273 3116 3479 3171 scilicet
3503 3119 3628 3173 anni
3653 3135 3771 3175 esse

2192 3194 2492 3263 epistolam,
2541 3198 2625 3250 cui
2657 3197 2930 3254 Visionum
2970 3201 3339 3273 interpretatio
3375 3207 3644 3274 tribuitur,
3695 3211 3768 3265 si-

2190 3285 2403 3354 quidem
2431 3301 2568 3341 unns
2598 3287 2846 3358 idemque
2871 3299 2974 3355 est,
3005 3293 3094 3362 qui
3120 3303 3404 3365 utrumque
3432 3313 3571 3367 opus
3600 3299 3769 3369 impe-

2191 3377 2367 3441 travit,
2389 3387 2547 3444 atque
2568 3392 2675 3432 uno
2701 3387 2938 3450 tempore
2963 3382 3306 3438 deferendum
3331 3390 3586 3457 suscepit.
3617 3388 3768 3455 Quod

2189 3467 2330 3519 enim
2359 3467 2548 3521 iterum
2576 3471 2820 3538 sequenti
2855 3486 2998 3525 anno
3031 3473 3306 3528 Heraclius
3332 3475 3610 3534 Bethleem
3640 3495 3770 3534 con-

2190 3557 2440 3622 tenderit,
2485 3566 2544 3612 ut
2588 3559 2641 3612 in
2685 3561 3030 3617 recensendis
3064 3562 3128 3617 ad
3166 3563 3390 3620 Vitalem
3431 3566 3622 3624 litteris
3670 3586 3768 3624 suo

2189 3648 2307 3702 loco
2344 3662 2692 3719 exponemus,
2738 3651 2787 3706 id
2841 3653 3064 3723 intelligi
3105 3670 3440 3726 nequaquam
3487 3670 3662 3727 potest
3699 3660 3768 3716 ad

2191 3740 2328 3793 hanc
2345 3740 2620 3794 Castrucio
2643 3741 2951 3812 inscriptam
2976 3745 3252 3812 epistolam
3275 3747 3576 3816 pertinuere;
3595 3765 3767 3818 quatt-

2187 3829 2474 3900 doquidem
2513 3829 2888 3904 Hieronymus,
2939 3850 3096 3904 quem
3136 3851 3201 3890 ex
3231 3837 3450 3893 Oriente
3479 3840 3767 3896 discedens

2189 3921 2464 3976 Ileraclius
2488 3937 2706 3992 sperare
2729 3924 2984 3992 jusserat,
3013 3933 3071 3980 ut
3098 3926 3221 3982 illuc
3246 3929 3438 3982 iterum
3469 3941 3769 3987 revertere-

2187 4021 2294 4079 tur,
2334 4012 2613 4068 Castrueio
2642 4016 2829 4070 scribit
2858 4017 2970 4071 fore
2997 4026 3052 4071 ut
3080 4032 3200 4072 eum
3229 4019 3460 4075 libenter
3485 4023 3763 4093 susvipial,

2185 4105 2230 4158 si
2253 4120 2374 4158 cum
2403 4105 2582 4160 denuo
2603 4117 2822 4162 sanctus
2851 4108 3114 4163 Diaconos
3137 4110 3474 4167 Palaestinam
3502 4118 3765 4182 venisset,

2185 4195 2276 4249 illo
2300 4197 2589 4251 comitante
2631 4212 2695 4251 ac
2738 4198 2873 4253 duce
2911 4209 3171 4254 uteretur.
3203 4201 3357 4267 Quod
3383 4218 3510 4261 vero
3553 4217 3767 4275 spectat

2184 4285 2249 4338 ad
2280 4285 2462 4340 decem
2485 4286 2634 4341 Isaiie
2661 4287 2932 4343 Visionum
2962 4293 3364 4357 commentaria,
3398 4307 3501 4348 non
3530 4306 3613 4348 est
3641 4311 3763 4348 am-

2184 4377 2392 4447 bigendi
2421 4380 2588 4447 locus,
2619 4381 2746 4449 quin
2779 4379 2951 4435 eidetn
2997 4385 3222 4452 tempori
3277 4385 3387 4438 sint.
3419 4387 3762 4456 ascribenda,

2183 4485 2289 4538 quo
2331 4471 2555 4540 primum
2606 4470 2884 4526 Heraclius
2924 4488 2955 4527 e
3005 4475 3284 4529 Palu-stina
3324 4491 3599 4548 regressus
3647 4489 3753 4535 est.

2183 4561 2392 4616 Etenim
2421 4563 2633 4631 quando
2668 4577 2700 4618 e
2728 4563 2997 4618 Pannonia
3027 4581 3212 4620 rursus
3239 4566 3506 4622 Orientem
3537 4570 3760 4626 adnavi-

2181 4653 2342 4722 gavit,
2381 4662 2437 4707 et
2461 4651 2648 4708 Vitalis
2675 4653 2980 4725 Presbyteri
3023 4656 3224 4710 litteras
3268 4659 3334 4712 ad
3375 4658 3762 4731 Hieronymum

2181 4745 2394 4812 detulit,
2425 4746 2508 4800 his
2549 4747 2661 4817 iste.
2688 4748 3042 4817 respondens,
3088 4748 3418 4820 Prophetiam
3458 4750 3616 4806 Isaite
3644 4770 3766 4809 me-

2181 4845 2374 4901 morat,
2416 4851 2568 4904 quam
2611 4836 2744 4890 inter
2780 4837 2950 4892 decem
2986 4836 3216 4892 Visiones
3254 4856 3414 4908 nuper
3451 4841 3765 4910 interpreta-

2180 4934 2288 4980 tum
2335 4943 2389 4980 se
2431 4926 2579 4980 dicit.
2618 4927 2698 4981 Ad
2747 4929 2882 4994 haec,
2929 4929 2982 4982 in
3029 4929 3129 4983 alia
3176 4931 3336 4988 etiam
3383 4931 3450 4986 ad
3478 4932 3766 4992 Lacinium

2180 5015 2428 5084 epistola,
2458 5031 2617 5086 quam
2644 5017 2808 5072 certis
2833 5020 3168 5086 argumentis
3201 5021 3266 5075 ad
3293 5037 3490 5077 annum
3517 5023 3645 5080 598.
3675 5041 3768 5082 re-

2179 5105 2450 5161 ferendam
2477 5106 2842 5174 ostendemus,
2887 5107 3111 5164 Visiones
3135 5109 3294 5166 Isaiat
3329 5113 3476 5167 valde
3504 5117 3766 5170 obscuris-

2177 5197 2330 5249 sintas
2368 5205 2575 5249 testatur
2617 5213 2672 5250 se
2715 5214 2876 5268 nuper
2919 5200 3157 5254 historica
3195 5203 3553 5272 explanatione
3593 5207 3766 5261 disse-

2177 5287 2354 5341 ruisse.
2397 5287 2756 5352 Quamobrcm
2800 5290 2845 5342 si
2897 5290 3117 5345 istarum
3157 5293 3225 5346 ad
3268 5293 3494 5350 Vitalem
3546 5313 3610 5352 ac
3649 5298 3767 5353 Lu-

2177 5378 2374 5432 einium
2435 5379 2780 5448 epistolarum
2852 5381 3086 5451 legitima
3151 5395 3233 5438 est
3287 5387 3531 5457 epocha,
3597 5407 3765 5460 quam

2176 5469 2549 5524 constituimus
2576 5487 2663 5524 an.
2687 5472 2811 5526 598.
2841 5480 2948 5525 tum
2965 5473 3095 5528 aliis
3121 5479 3470 5546 argumentis,
3492 5489 3604 5534 tum
3629 5497 3769 5551 pra:-

2176 5561 2330 5629 cipue
2379 5575 2445 5614 ex
2497 5560 2652 5630 longa
2699 5563 3069 5632 aegrotatione,
3119 5581 3224 5636 qua
3264 5583 3358 5636 per
3399 5570 3451 5624 id
3502 5575 3769 5644 temporis

2177 5649 2532 5721 Hieronymus
2575 5650 2824 5708 detentus
2865 5665 2968 5720 est,
3011 5665 3162 5711 certo
3190 5658 3313 5714 inde
3357 5662 3640 5719 coniicitur
3664 5666 3771 5722 de-

2175 5755 2291 5795 cem
2318 5740 2593 5797 Visionum
2624 5743 2840 5813 librum,
2869 5746 2959 5816 qui
2987 5747 3061 5802 ibi
3103 5763 3277 5818 nuper
3300 5749 3498 5807 dicitur
3521 5756 3772 5825 explica-

2177 5841 2282 5902 tus,
2327 5833 2393 5891 ad
2433 5836 2768 5906 superiorem
2813 5853 3010 5896 annum
3043 5838 3171 5896 597.
3207 5855 3330 5902 esse
3369 5847 3768 5921 revocandum,
