4004 6328
493 338 660 398 LXXI

493 461 696 517 Rursus
724 455 824 512 sub
849 450 1088 527 epistolae
1121 449 1280 507 linem
1310 449 1575 506 duodecim
1603 464 1797 505 menses
1838 460 2060 528 enume-

493 560 610 617 rat,
656 546 847 618 quibus
881 543 992 615 jugi
1018 542 1274 614 languore
1312 539 1591 595 confectus
1617 547 1720 594 est.
1765 537 1929 592 Porro
1967 535 2066 589 hos

491 655 709 701 menses
733 639 801 695 ab
829 638 953 693 anni
987 633 1280 706 superioris
1307 631 1432 688 597.
1486 631 1764 686 Decembri
1790 644 1910 683 esse
1937 643 2066 698 sup-

495 733 758 806 putandos
783 731 939 787 facile
957 727 1244 794 constabit,
1271 726 1316 780 si
1343 724 1479 778 hanc
1501 723 1894 776 animadvertas
1914 736 2064 776 eam-

492 826 615 882 dem
634 838 754 880 esse
773 820 1193 892 :egrotationem,
1214 831 1371 886 quam
1398 815 1450 868 in
1477 811 1688 868 Prtefat.
1701 811 2066 866 Commentar.

495 918 549 972 in
578 915 907 977 blatthzenm;
938 911 1096 966 trium
1124 907 1386 963 mensium
1411 903 1542 959 dicit
1562 911 1688 956 tunc
1712 917 1743 955 a
1765 900 2068 968 Quadrage-

501 1009 654 1066 sima:
696 1005 922 1070 diebus,
968 1015 1063 1058 seu
1100 998 1288 1055 Martio
1326 1010 1512 1052 mense
1553 1007 1763 1050 rursum
1806 990 2066 1045 rationem

493 1101 692 1165 iniens,
723 1095 905 1153 tumin
926 1091 1148 1164 epistola
1177 1089 1244 1145 ad
1273 1086 1625 1157 Evangelum,
1651 1093 1704 1139 et
1726 1083 1778 1137 in
1805 1081 2067 1151 superiori

495 1189 564 1244 ad
593 1188 870 1244 Lucininm
897 1183 1149 1240 continuo
1171 1184 1453 1234 memorat.
1482 1173 1684 1243 Nempe
1707 1171 1933 1227 Sanctus
1961 1170 2068 1223 Do-

496 1288 632 1335 ctor.
661 1293 780 1331 cum
809 1275 910 1330 hoc
937 1288 1076 1328 anno
1103 1270 1290 1326 diebus
1331 1264 1763 1335 Quadragesimae
1803 1261 2071 1330 respirare

496 1368 760 1424 tantillum
785 1365 1058 1434 coepisset,
1086 1374 1314 1431 propere
1348 1355 1650 1412 Ilattlneum
1692 1343 2069 1422 interpretatus

495 1469 577 1516 est
594 1501 610 1524 ,
651 1467 763 1512 tum
806 1456 1000 1511 omissa
1026 1451 1198 1508 studia
1220 1458 1362 1505 tanta
1386 1448 1638 1503 aviditate
1659 1445 1945 1516 repetivit,
1973 1449 2027 1498 ut
2051 1485 2066 1507 ,

497 1547 942 1622 quemadmodum
972 1545 1024 1600 in
1051 1541 1275 1613 epistola
1301 1539 1364 1594 ad
1397 1537 1723 1606 Evaugelum
1765 1537 1880 1606 ipse
1909 1542 2068 1588 testa-

500 1654 620 1709 tur,
647 1641 781 1714 quod
807 1641 852 1695 ei
880 1639 1068 1710 lingute
1089 1632 1437 1691 exercitationi
1467 1631 1682 1700 profuit,
1715 1629 1937 1682 nocuerit
1961 1643 2071 1680 cor-

499 1735 638 1806 poris
657 1730 954 1788 ualetudini.
987 1729 1121 1784 Ilinc
1147 1726 1325 1782 statim
1357 1723 1410 1779 in
1442 1722 1630 1778 febrim
1657 1731 1711 1776 et
1738 1721 2064 1789 languorem,

496 1840 562 1881 ex
593 1839 700 1895 quo
724 1837 832 1878 non
863 1821 999 1876 bene
1024 1816 1384 1878 convaluerat.
1417 1814 1691 1883 relapsus,
1721 1827 1786 1866 eo
1814 1826 1980 1879 usque
2004 1809 2069 1862 ad

497 1917 620 1970 anni
649 1916 807 1969 linem
833 1911 1172 1968 continenter
1200 1906 1495 1962 laboravit:
1533 1903 1671 1958 unde
1700 1903 1870 1972 ipsum
1914 1917 2068 1955 men-

497 2023 642 2074 sem,
690 2015 746 2060 et
786 2002 928 2075 quod
975 1999 1211 2058 excurrit
1255 1995 1717 2066 Quadragesimat.
1751 2007 1889 2047 nunc
1933 1992 2070 2046 inter

497 2115 594 2155 eos
611 2105 915 2167 computat,
943 2094 1135 2165 quibus
1151 2090 1260 2162 jugi
1285 2089 1632 2160 tegrotatione
1652 2085 1925 2140 confectus
1951 2094 2032 2140 est
2052 2101 2066 2137 :

495 2202 657 2261 atque
682 2189 824 2244 adeo
842 2185 1116 2241 verissime
1141 2181 1209 2236 ad
1247 2179 1588 2236 novembrem
1619 2177 1773 2247 hujus
1798 2178 1918 2230 anni
1939 2175 2060 2231 598.

496 2300 603 2356 quo
619 2292 856 2350 tempore
873 2278 1050 2333 datam
1071 2275 1207 2330 hanc
1219 2271 1498 2343 epistolam
1514 2269 1855 2334 arbitramur,
1875 2269 2072 2323 dixerit

495 2390 558 2432 se
581 2373 861 2431 duodecim
891 2381 1104 2424 menses
1129 2365 1415 2436 languisse.
1985 2383 1988 2386 ~

567 2466 677 2524 Sed
720 2480 788 2520 ne
830 2462 932 2518 levi
961 2460 1267 2531 conjectura
1298 2458 1412 2513 haec
1453 2473 1482 2511 a
1528 2455 1680 2510 nobis
1709 2453 1958 2530 constitui
1987 2453 2066 2504 vi-

497 2559 754 2622 deantur,
809 2551 1107 2623 praesertim
1159 2563 1282 2604 cum
1335 2548 1602 2602 nemiuem
1660 2545 1930 2606 sciamus,
1978 2543 2065 2610 qui

498 2659 697 2706 certam
722 2645 992 2716 Epocham
1020 2642 1144 2696 huic
1163 2638 1414 2709 Epistolm
1457 2637 1710 2690 hactenus
1745 2635 2066 2696 attribuerit,

500 2751 592 2798 aut
645 2735 1110 2808 Illeronymianam
1158 2730 1313 2800 hujus
1362 2730 1614 2798 temporis
1666 2727 2066 2797 tegrotationem

499 2840 648 2889 recte
691 2825 1034 2891 distinxerit,
1093 2836 1291 2878 novum
1345 2819 1646 2891 hujusmodi
1704 2829 2066 2889 argumentum

499 2921 871 2994 proponimus.
920 2917 998 2972 Eo
1043 2923 1188 2971 certe
1232 2922 1471 2983 tempore
1512 2912 1634 2966 data
1670 2919 1753 2966 est
1787 2911 1901 2965 lucc
1948 2910 2071 2978 Epi-

498 3015 666 3076 stola,
717 3026 822 3083 quo
870 3005 1247 3064 Cremonensis
1290 3004 1555 3060 Eusebius
1594 3003 1777 3058 Roma:
1823 3010 1968 3064 erat,
2016 3009 2069 3053 ct

501 3107 712 3165 Ruflino
737 3094 992 3160 Romamn
1017 3099 1274 3157 Ecclesiae
1303 3097 1613 3168 presbytero
1631 3095 1864 3165 junctus,
1884 3093 2071 3146 Hiero-

500 3199 646 3271 nymi
677 3210 871 3252 nomen
911 3194 1019 3249 late
1045 3188 1412 3247 celebrabant.
1443 3186 1498 3242 ld
1541 3185 1816 3256 perspicue
1849 3198 1913 3238 ex
1947 3183 2071 3237 Ilie-

499 3291 709 3362 ronymi
759 3285 941 3342 verbis
987 3285 1192 3354 liquet,
1249 3281 1428 3337 statim
1473 3278 1658 3340 initio,
1699 3275 1787 3331 ubi
1828 3275 2066 3337 Gaudeo,

501 3383 708 3452 inquit,
745 3380 949 3449 quidem
991 3393 1142 3450 super
1183 3373 1468 3430 testimonio
1499 3385 1618 3439 erga
1662 3384 1742 3422 me
1775 3368 2070 3424 Sunctitnlis

503 3485 634 3540 tute,
674 3482 719 3526 et
745 3486 916 3525 amore
962 3468 1124 3525 sancti
1175 3463 1450 3538 presbyteri
1494 3459 1732 3523 Eusebii,
1777 3475 1866 3512 nec
1899 3458 2070 3512 dubito

501 3565 624 3636 quin
652 3579 732 3619 nte
767 3563 963 3635 publice
987 3559 1292 3632 praedicetis.
1336 3555 1505 3611 Porro
1533 3553 1632 3607 iste
1660 3550 1919 3607 Eusebius
1936 3592 1952 3616 ,
1979 3551 2068 3620 qui

507 3656 766 3719 Romam,
817 3661 876 3707 ut
913 3649 1157 3722 superius
1197 3645 1476 3717 probatum
1515 3651 1627 3706 est,
1676 3640 1742 3696 ad
1779 3641 1903 3695 anni
1941 3641 2068 3695 598.

502 3746 736 3803 medium
757 3743 998 3808 advenit,
1022 3755 1128 3795 non
1149 3737 1250 3792 nisi
1274 3750 1370 3807 per
1394 3733 1563 3789 ferme
1585 3731 1852 3788 biennium
1875 3731 2070 3786 ibidem

501 3845 740 3893 moratus
767 3843 882 3899 est;
912 3843 1055 3886 anno
1079 3827 1220 3884 enim
1250 3825 1376 3881 400.
1409 3825 1550 3878 circa
1582 3822 1842 3889 medium,
1873 3821 2073 3877 Medio-

503 3931 683 3986 lanum
710 3925 1041 3998 porrexisse,
1072 3930 1184 3975 tum
1207 3918 1326 3975 aliis
1348 3916 1678 3988 argumentis
1699 3923 1935 3979 constat,
1960 3925 2070 3969 tum

501 4021 770 4093 pracipes
795 4033 858 4073 ex
890 4011 1118 4085 quadam
1145 4007 1410 4064 Anastasii
1437 4006 1661 4078 epistola
1687 4003 1754 4059 ad
1775 4004 2072 4074 Simplicia-

502 4125 662 4177 num,
693 4121 850 4178 quam
892 4103 1048 4160 nobis
1085 4107 1231 4157 sorte
1267 4097 1450 4154 datum
1486 4105 1570 4152 est
1602 4096 1656 4150 in
1697 4094 2071 4150 Mediolancnsi

500 4203 630 4260 Mss.
666 4199 925 4263 invenire,
945 4204 1000 4251 et
1026 4191 1332 4262 Hieronymi
1355 4189 1596 4260 epistolis
1622 4202 1721 4243 suo
1740 4187 1860 4242 loco
1883 4201 2074 4242 accen-

502 4295 756 4351 sebimus.
788 4288 952 4359 Igitur
975 4299 1096 4340 cum
1124 4285 1341 4353 evagari
1371 4281 1510 4335 ultra
1550 4277 1684 4334 illud
1726 4277 1892 4332 ferme
1919 4277 2071 4332 bien-

501 4385 681 4450 nium,
723 4395 832 4453 quo
873 4373 1235 4433 cremonensis
1261 4371 1542 4442 presbyter
1566 4368 1750 4424 Romae
1775 4367 1948 4438 degit,
1977 4383 2036 4423 ea
2055 4408 2070 4431 ,

501 4491 619 4548 qua
660 4473 730 4530 de
774 4471 888 4541 ejus
934 4482 1056 4524 cum
1095 4463 1311 4522 Rollino
1346 4461 1720 4531 conjunctione
1756 4460 2070 4526 retulimus,

501 4581 608 4623 non
631 4563 960 4635 permittant,
977 4570 1140 4612 unum
1170 4553 1506 4621 relinquitur,
1525 4558 1584 4606 ut
1604 4550 1912 4620 probemus,
1932 4567 2074 4606 anno

499 4654 798 4724 insequenti
822 4650 948 4707 599.
979 4657 1036 4704 et
1058 4646 1185 4702 00.
1213 4643 1517 4714 Hieronymi
1541 4652 1644 4696 tam
1667 4643 1876 4712 longam
1903 4657 2075 4714 aegro-

503 4746 781 4810 tationem,
804 4755 922 4811 qua:
939 4736 1261 4808 praecipuum
1283 4732 1439 4803 hujus
1454 4733 1690 4803 epistolae
1708 4733 2072 4790 characterem

503 4845 681 4902 tenet,
707 4831 995 4890 convenire
1023 4843 1130 4883 non
1159 4839 1347 4896 posse;
1378 4836 1539 4896 atque
1576 4825 1710 4880 adeo
1735 4826 1802 4880 ad
1830 4829 2075 4896 superio-

502 4943 617 4984 rcm
645 4926 768 4982 597.
795 4924 884 4979 cui
907 4921 1109 4991 optime
1132 4917 1392 4990 quadrat,
1436 4919 1653 4974 omnino
1687 4935 1809 4975 esse
1835 4921 2072 4975 referen-

502 5019 650 5072 dam.
692 5011 846 5080 Quod
886 5019 946 5066 ut
988 5009 1145 5064 facile
1170 5017 1502 5078 compertum
1531 5010 1627 5074 sit,
1679 5010 1811 5064 satis
1838 5011 1969 5076 erit,
2013 5026 2074 5065 ea

509 5109 659 5178 ipsa,
703 5119 824 5176 quae
865 5102 1006 5158 haud
1034 5115 1198 5172 pauca
1230 5115 1323 5170 per
1352 5101 1404 5154 id
1443 5103 1694 5171 temporis
1725 5103 2077 5174 Hieronymus

507 5196 748 5267 scripsit,
793 5193 1086 5265 inspicere,
1131 5192 1185 5247 in
1223 5191 1420 5262 quibus
1461 5193 1602 5246 nulla
1641 5209 1871 5262 unquam
1909 5210 2078 5264 aegro-

504 5287 723 5345 tationis
765 5295 849 5342 est
885 5284 1120 5351 mentio,
1166 5283 1368 5338 nullum
1412 5282 1711 5351 vestigium.
1753 5283 1854 5349 Qui
1897 5293 2076 5338 autem

505 5377 622 5435 eri
648 5375 817 5448 potuit
833 5417 848 5441 ,
877 5383 971 5432 aut
993 5373 1214 5430 credere
1238 5389 1332 5443 par
1356 5381 1467 5438 est,
1495 5373 1665 5441 utqui
1695 5387 1792 5442 per
1811 5373 2074 5443 integrum

505 5483 702 5525 annum
724 5466 835 5538 jugi
864 5466 1118 5537 languore
1144 5464 1472 5520 decumbens
1500 5464 1554 5517 in
1599 5462 1798 5517 lectulo
1829 5464 2077 5519 concie-

506 5561 689 5624 batur,
731 5559 984 5614 continno
1007 5557 1211 5613 litteras
1241 5554 1424 5620 daret,
1455 5569 1556 5608 nec
1579 5567 1811 5622 unquam
1851 5564 2076 5623 aegrum.

507 5649 702 5706 tionem
723 5662 875 5704 suam
893 5653 1238 5710 causentur;
1284 5656 1554 5712 nunquam
1577 5641 1922 5708 admoneret,
1969 5659 2074 5699 non

510 5751 570 5790 se
595 5737 806 5808 propria
834 5751 997 5793 manu
1021 5734 1257 5791 scribere
1273 5770 1292 5799 ,
1320 5730 1416 5788 sed
1452 5730 1674 5788 notariis
1698 5729 1901 5788 dictare
1919 5772 1935 5796 ,
1980 5748 2078 5788 nec

1919 326 2301 385 .

3566 331 3750 390 LXXII

2176 444 2387 499 tandem
2415 446 2559 515 quod
2585 445 2651 501 ad
2677 444 3019 503 scribendum
3044 447 3239 518 quietls
3268 447 3468 520 aliquid
3493 454 3753 518 temporis

2176 547 2362 591 nactus
2402 537 2586 592 esset?
2623 539 2747 594 Ilaec
2768 539 2814 594 si
2838 541 2956 609 quis
2997 541 3098 595 sibi
3139 540 3191 595 in
3229 541 3468 595 animum
3497 540 3711 596 inducat
3735 586 3750 608 ,

2175 626 2370 696 hospes
2395 629 2464 681 sit
2489 629 2542 681 in
2573 629 2884 702 llieronymi
2910 632 3134 686 lectione
3154 671 3169 698 ,
3199 647 3298 686 nec
3319 673 3335 699 ,
3368 643 3427 686 ut.
3466 631 3572 685 alia
3620 646 3751 688 sex-

2177 727 2330 771 centa
2361 717 2708 783 omittamus,
2758 721 2965 774 noverit
3008 723 3282 791 superiora
3332 722 3614 792 exempla,
3666 724 3751 777 ubi

2176 806 2395 876 singulis
2423 806 2489 861 ad
2519 807 2804 862 Eusebium
2823 850 2840 878 ,
2872 809 3196 882 Evangelum
3215 852 3234 878 ,
3261 827 3327 866 ac
3355 811 3632 866 Lucinium
3661 813 3752 867 lit-

2176 898 2340 962 teris,
2387 912 2480 952 eos
2519 899 2689 954 latere
2736 915 2840 954 non
2876 901 3032 966 sinit,
3075 917 3135 956 ac
3175 902 3463 971 prudenter
3500 911 3755 960 eausatur

2177 989 2335 1042 trium
2361 989 2622 1043 mensium
2658 990 3050 1045 incommodum
3069 1033 3084 1056 ,
3111 1007 3219 1062 quo
3247 1003 3424 1049 tentus
3454 993 3648 1050 fuerat.
3673 994 3754 1049 Ad

2177 1075 2292 1133 hazc
2309 1079 2550 1149 qutedam
2569 1097 2664 1150 per
2687 1081 2736 1135 id
2756 1083 3008 1152 temporis
3028 1083 3381 1155 Hieronymus
3401 1083 3752 1147 elucubravit.

2177 1185 2296 1240 qua:
2321 1173 2570 1238 omnino,
2617 1173 2660 1226 si
2702 1173 2834 1228 febri
2869 1182 3117 1228 mstuaret
3141 1215 3156 1240 ,
3199 1190 3368 1244 eaque
3405 1176 3755 1246 aegrotatione

2177 1260 2533 1324 detineretur,
2567 1263 2814 1334 persequi
2845 1249 2950 1318 non
2976 1266 3252 1334 potuisset.
3280 1265 3596 1335 llujusmodi
3629 1274 3754 1321 sum

2177 1351 2416 1420 Origenis
2446 1353 2590 1408 Libri
2775 1361 2970 1426 ,
3012 1372 3146 1428 quos
3176 1356 3547 1424 Pammachio,
3593 1369 3753 1428 atque

2176 1437 2387 1494 Oceano
2407 1482 2422 1506 ,
2453 1443 2535 1496 vel
2563 1443 2661 1498 sub
2694 1446 2850 1498 linem
2882 1460 2969 1498 an.
3002 1444 3127 1500 599.
3160 1447 3243 1499 Vel
3269 1447 3366 1501 sub
3385 1448 3750 1519 quadringen-

2179 1533 2351 1586 tesimi
2397 1533 2637 1600 initium,
2667 1535 2822 1590 enixe
2863 1537 3160 1604 petentibus
3197 1536 3412 1592 Latinos
3436 1535 3562 1594 fecit
3595 1554 3755 1595 accu-

2179 1622 2444 1678 ratissime
2493 1622 2722 1680 reddens
2763 1627 2996 1680 auctoris
3043 1642 3295 1694 sensum,
3346 1643 3407 1683 ac
3449 1630 3648 1694 verba,
3697 1639 3754 1685 ut

2181 1713 2409 1768 versioni
2457 1717 2765 1772 eornmdctu
2812 1718 3066 1773 librorum
3109 1719 3266 1789 paulo
3303 1729 3426 1776 ante
3465 1737 3494 1775 a
3537 1719 3752 1777 Ruffino

2178 1803 2450 1860 adet-nata:
2493 1795 2875 1876 responderet,
2927 1819 3013 1874 et,
3071 1813 3414 1867 contentione
3458 1812 3626 1880 facta,
3686 1813 3752 1868 de

2177 1898 2421 1969 Origenis
2451 1911 2660 1968 mente,
2704 1912 2863 1974 atque
2906 1905 3179 1960 erroribus
3216 1914 3364 1961 certo
3399 1905 3745 1976 judicaretur.

2179 1989 2222 2044 E
2241 1992 2507 2046 contrario
2526 1993 2638 2048 hare
2655 2003 2708 2049 et
2731 1995 2983 2066 pleraque
3000 1998 3176 2050 omnia
3195 1997 3433 2066 apprime
3454 2007 3748 2052 consonant

2179 2083 2229 2136 in
2262 2094 2442 2138 nostra
2475 2085 2754 2155 hypothesi
2774 2129 2790 2153 ,
2824 2087 2875 2140 in
2903 2103 3008 2156 qua
3039 2087 3376 2144 continenter
3398 2089 3450 2143 in
3482 2089 3598 2160 ejus
3625 2091 3747 2144 anni

2177 2177 2446 2246 epistolis,
2474 2193 2604 2247 quas
2624 2221 2638 2246 ,
2671 2187 2728 2233 ut
2759 2195 2852 2250 per
2876 2179 3236 2236 valetudinem
3264 2181 3438 2246 licuit,
3471 2183 3752 2252 pauciores

2177 2269 2358 2338 dedit,
2390 2271 2533 2324 illam
2581 2273 2980 2352 aegrotationem
3011 2274 3332 2340 memorari,
3377 2283 3484 2329 tum
3507 2277 3572 2331 ad
3601 2292 3752 2330 men-

2176 2377 2287 2416 sem
2317 2379 2486 2434 usqtte
2511 2364 2885 2420 duodecimum
2905 2407 2918 2431 ,
2958 2367 3121 2422 nullis
3151 2367 3476 2437 interpositis
3504 2369 3748 2437 scriptis,

2176 2451 2363 2508 deduci
2386 2454 2514 2508 satis
2535 2465 2676 2510 recta
2701 2457 2906 2512 ratione
2925 2459 3280 2525 ostendimus,
3309 2467 3366 2513 ttt
3384 2459 3449 2513 ad
3477 2460 3602 2514 anni
3625 2459 3748 2516 598.

2179 2543 2374 2610 linem,
2427 2561 2533 2615 quo
2586 2547 2745 2601 etiam
2793 2557 3032 2620 tempore
3082 2549 3325 2620 sospitati
3377 2549 3616 2606 redditus
3670 2564 3753 2606 est

2177 2636 2404 2692 Sanctus
2448 2639 2670 2706 Doctor,
2701 2641 2978 2711 epistolam
3011 2640 3150 2697 hanc
3178 2657 3430 2698 remeare
3459 2659 3565 2697 non
3591 2642 3748 2698 dubi-

2177 2739 2369 2785 temtzs.

2245 2818 2456 2874 LXXV.
2486 2819 2692 2890 Scripta
2711 2821 2842 2877 circa
2861 2839 2947 2879 an.
2972 2823 3098 2882 599.
3121 2853 3194 2866 -
3218 2823 3358 2878 Inter
3381 2834 3596 2888 extera,
3628 2839 3748 2894 qute

2175 2910 2246 2965 ob
2295 2911 2500 2967 Lucinii
2549 2913 2846 2970 Theodora:
2893 2916 3069 2970 mariti
3118 2926 3346 2970 mortem
3391 2915 3750 2988 Hieronymus

2176 2999 2322 3056 dolet
2351 3002 2403 3057 in
2434 3003 2534 3058 hac
2557 3005 2803 3076 epistola,
2831 3006 2957 3062 illud
2987 3008 3041 3062 in
3073 3006 3257 3077 primis
3284 3009 3544 3077 queritur,
3569 3023 3669 3061 non
3696 3025 3748 3062 se

2176 3094 2420 3150 meruisse
2443 3099 2548 3167 ejus
2579 3099 2674 3152 viri
2702 3098 2870 3152 videre
2894 3098 3096 3168 faciem,
3119 3113 3264 3165 quem
3287 3098 3338 3150 in
3364 3096 3499 3151 brevi
3528 3083 3750 3167 tempore

2177 3185 2452 3242 Bethleem
2493 3197 2777 3242 venturum
2819 3201 2940 3245 esse
2979 3187 3251 3244 credebat.
3289 3185 3368 3242 Ex
3413 3186 3496 3240 his
3541 3189 3748 3241 tametsi

2180 3279 2365 3348 paucis
2401 3280 2582 3335 verbis
2603 3321 2618 3347 ,
2647 3291 2700 3336 et
2726 3297 2846 3351 quae
2871 3290 3076 3337 certam
3102 3279 3359 3351 epocbam
3394 3279 3618 3334 innuere
3645 3294 3751 3333 non

2176 3368 2493 3438 videantur,
2533 3372 2812 3426 commode
2849 3373 2979 3427 satis
3016 3371 3362 3434 conficimus,
3394 3370 3537 3424 hanc
3561 3371 3628 3424 ab
3653 3384 3715 3425 ea
3737 3410 3750 3432 ,

2176 3475 2295 3530 quae
2323 3460 2390 3517 ad
2417 3461 2694 3517 Luciuium
2722 3463 2842 3518 data
2869 3474 2970 3529 est,
3005 3464 3161 3519 unius
3187 3463 3400 3518 circiter
3426 3468 3550 3517 annl
3578 3466 3752 3533 Spatio

2177 3551 2395 3619 distare,
2425 3568 2522 3608 nec
2547 3551 2704 3607 facile
2731 3554 2903 3609 serius
2927 3569 3048 3609 esse
3074 3552 3446 3615 dilfereudam.
3473 3554 3607 3638 Nam
3631 3570 3750 3610 enm

2179 3644 2560 3718 Hieronymum
2583 3647 2722 3700 inter
2741 3661 2803 3700 ac
2828 3646 3105 3701 Lucinium
3135 3661 3237 3699 non
3262 3647 3361 3700 nisi
3385 3648 3574 3711 semel,
3596 3647 3753 3717 idque

2178 3750 2318 3789 anno
2340 3735 2639 3804 superiore,
2668 3737 2952 3806 epistolare
2981 3735 3219 3791 officium
3248 3737 3610 3792 intercesserit
3633 3753 3754 3792 :nc

2177 3839 2282 3894 que
2309 3824 2443 3880 adeo
2462 3867 2477 3892 ,
2511 3825 2610 3879 nisi
2637 3826 2701 3881 iis
2730 3826 2920 3882 litteris
2941 3868 2956 3892 ,
2991 3827 3377 3897 Jerosolymam
3407 3827 3635 3882 adeundi
3669 3829 3754 3882 hic

2179 3907 2505 3988 Ilieronytno
2543 3932 2693 3987 spem
2734 3918 2926 3975 fecisse
2967 3919 3268 3974 credendus
3295 3920 3403 3985 sit,
3433 3920 3575 3990 quod
3609 3935 3750 3974 nunc

2177 4009 2250 4063 ait
2276 4008 2335 4064 S.
2367 4010 2565 4064 Doctor
2591 4024 2652 4064 se
2672 4013 2972 4080 sperat-isse
3000 4011 3130 4077 fore,
3156 4021 3214 4066 ut
3241 4027 3361 4067 eum
3390 4014 3524 4067 brevi
3552 4015 3607 4067 in
3633 4029 3755 4068 san-

2177 4103 2246 4157 tis
2275 4102 2406 4158 locis
2436 4102 2910 4171 complecteretur,
2944 4104 3096 4158 facile
3135 4112 3254 4172 post
3291 4119 3487 4158 annum
3532 4105 3635 4159 dici
3669 4107 3752 4158 in.

2181 4193 2468 4264 telligitnr,
2497 4193 2600 4249 hoc
2624 4194 2832 4250 scilicet
2858 4193 3154 4266 insequenti
3181 4194 3305 4250 599.
3335 4195 3423 4250 cui
3469 4197 3750 4266 epistolam

2178 4287 2534 4356 assignamus.

2249 4377 2482 4432 LXXVI.
2515 4377 2724 4449 Scripta
2751 4395 2838 4449 per
2857 4379 2989 4432 idem
3014 4387 3303 4450 tcmpus.-
3322 4377 3433 4433 Sub
3457 4379 3596 4432 idem
3621 4388 3752 4433 tem-

2179 4484 2281 4540 pus
2297 4469 2418 4524 data
2441 4479 2519 4524 est
2543 4470 2658 4525 haec
2675 4469 2742 4524 ad
2763 4470 3041 4540 Abigaum,
3065 4470 3114 4523 in
3142 4484 3243 4538 qua
3268 4468 3532 4534 Sanctam,
3559 4471 3751 4540 inquit.

2180 4562 2343 4631 liam
2370 4579 2532 4615 nteant
2554 4561 2875 4615 Theodoram
2901 4577 3123 4614 sororem
3146 4562 3302 4614 beata:
3322 4563 3576 4615 memoria:
3597 4561 3751 4615 Luci-

2179 4655 2254 4708 nii
2280 4670 2369 4725 per
2395 4670 2448 4707 se
2473 4653 2872 4707 commendatam
2893 4694 2907 4716 ,
2936 4669 3044 4705 meo
3074 4669 3302 4706 sermone
3329 4655 3626 4706 commendo
3647 4695 3661 4718 ,
3694 4665 3748 4705 ut

2184 4745 2241 4799 in
2277 4753 2442 4814 ctepto
2486 4745 2664 4797 itinere
2697 4761 2797 4797 non
2834 4744 3080 4808 lassatur;
3109 4744 3197 4797 sed
3221 4743 3288 4795 ad
3315 4753 3501 4797 terram
3525 4756 3755 4798 sanctam

2184 4837 2341 4888 multo
2375 4851 2464 4905 per
2494 4834 2728 4887 [fremunt
2760 4833 2932 4886 labore
2959 4834 3232 4903 perveniat,
3250 4843 3412 4903 atque
3437 4834 3539 4886 alia
3567 4833 3652 4887 Itis
3679 4835 3754 4889 si-

2186 4926 2352 4987 milia,
2381 4923 2572 4993 quibus
2604 4923 2884 4988 indicatur,
2915 4938 3030 4975 eam
3060 4921 3200 4977 haud
3229 4923 3396 4977 multo
3425 4931 3548 4977 ante
3575 4923 3753 4993 perfe-

2185 5019 2376 5072 ctionis
2408 5018 2543 5068 viam
2573 5015 2809 5068 inivisse.

2254 5105 2490 5161 LXXVII
2520 5113 2574 5158 et
2602 5104 2882 5158 LXXVIII.
2911 5102 3130 5170 Scripta:
3153 5105 3288 5158 circa
3313 5105 3514 5172 n.an.
3541 5106 3667 5162 599.
3687 5136 3760 5147 --

2189 5195 2270 5250 Ad
2315 5194 2470 5263 hujus
2509 5194 2632 5246 anui
2680 5192 2804 5246 599.
2849 5203 3051 5259 partem
3075 5234 3089 5259 ,
3118 5208 3235 5262 quae
3263 5193 3328 5246 ad
3359 5193 3516 5248 litium
3547 5197 3718 5266 vergit
3738 5237 3752 5255 .

2189 5285 2322 5339 duas
2351 5298 2561 5352 quoque
2590 5283 2718 5336 istas
2747 5282 2998 5350 epistolas
3028 5284 3317 5351 pertinere,
3347 5285 3596 5355 huncque
3622 5290 3759 5339 inter

2184 5391 2243 5429 se
2273 5374 2471 5428 habere
2497 5373 2738 5426 ordinem
2765 5388 2921 5442 quem
2949 5373 3340 5438 constituimus,
3366 5376 3518 5428 testis
3539 5384 3623 5429 est
3644 5377 3759 5445 ipse

2188 5463 2566 5533 Hieronymus.
2609 5463 2849 5517 Priorem
2879 5465 3020 5518 enim
3051 5463 3118 5518 de
3147 5474 3322 5519 morte
3374 5465 3609 5521 Fabiolae
3636 5482 3756 5521 cum

2187 5552 2450 5607 scriberet
2489 5561 2682 5618 quartte
2719 5554 2908 5607 certatis
2947 5553 3192 5606 circulum
3233 5554 3409 5608 evolvi
3438 5555 3568 5611 dicit
3597 5557 3666 5612 ab
3693 5572 3758 5613 eo

2189 5649 2296 5696 tem
2306 5656 2453 5710 pore,
2474 5655 2578 5710 quo
2606 5640 2883 5711 Nepotiani
2905 5643 3239 5714 Epitaphium
3262 5645 3758 5722 scribens,quidqnitl

2193 5733 2374 5786 habere
2401 5744 2628 5802 potuerat
2647 5736 2826 5789 virium
2845 5737 2894 5790 in
2915 5735 3007 5790 illo
3023 5745 3139 5789 tunc
3159 5735 3334 5790 dolore
3354 5754 3753 5798 consumpserat.
