4004 6328
466 453 836 524 presbyterum
859 447 1078 520 sciipsit
1095 489 1113 517 ,
1141 444 1354 520 quando
1372 458 1544 517 neque
1566 438 1915 508 incommodi,
1936 454 2032 495 ne-

473 559 577 616 que
601 550 831 613 receptas
855 538 1526 598 valetudinis-mentionem
1554 535 1700 591 facit.

538 630 802 691 LXXXII.
842 633 1049 703 Scripta
1076 633 1205 687 circ.
1235 648 1323 686 an.
1353 629 1480 687 399.
1500 657 1572 670 --
1599 628 1679 683 Ex
1720 635 1833 682 toto
1869 623 2038 681 ferme

473 733 726 782 contextu
753 723 932 780 elucet
956 725 1208 795 scriptam
1235 721 1372 778 hanc
1399 721 1564 776 fuisse
1591 719 1749 790 paulo
1772 726 1912 789 post,
1939 731 2037 772 eo-

470 817 592 874 dem
617 828 794 874 tamen
813 830 977 883 anno,
999 832 1105 887 quo
1129 808 1422 886 longiorem
1447 812 1515 869 de
1533 810 1722 868 eodem
1749 823 2040 880 argumen-

474 921 548 974 to,
571 923 666 965 seu
690 917 874 965 contra
899 908 1168 964 Joannem
1186 900 2039 976 .lerosolymitanum,'l‘raetatum

471 998 540 1054 ad
579 998 978 1055 Pammaeliium
1009 999 1186 1062 misit,
1219 1010 1378 1067 quem
1407 995 1459 1050 in
1489 991 1875 1063 Opusculorum
1901 988 2043 1045 serie

475 1103 595 1144 cum
621 1086 888 1155 dabimus,
914 1086 980 1143 ad
1009 1103 1099 1144 an.
1122 1087 1251 1144 399.
1279 1087 1543 1157 pertinere
1568 1081 1915 1138 ostendemus
1931 1119 1949 1145 ,
1977 1093 2043 1134 ac

475 1177 751 1243 doctorum
798 1178 1073 1233 hominum
1111 1177 1438 1249 argumentis
1461 1215 1478 1240 ,
1510 1174 1598 1244 qui
1627 1174 1680 1228 in
1710 1170 1852 1226 aliud
1879 1179 2040 1240 atque

474 1266 618 1324 aliud
645 1278 856 1339 tempus
873 1267 1216 1336 distulerunt,
1245 1267 1500 1323 faciemus
1526 1265 1679 1320 satis.
1706 1263 1811 1320 Sed
1832 1262 1938 1317 duo
1961 1262 2044 1316 in-

479 1359 630 1414 terim
669 1369 936 1416 momenta
977 1375 1156 1431 opera:
1197 1360 1423 1430 pretium
1457 1357 1668 1412 videtur
1689 1355 1883 1411 exinde
1908 1369 2040 1424 pro-

477 1450 978 1518 ferre-inmedium,
996 1461 1060 1507 ut
1077 1451 1386 1523 quodcerto
1411 1448 1663 1506 constitui
1691 1447 2035 1518 postulamus,

477 1541 590 1597 suis
609 1543 902 1597 rationibus
917 1551 1214 1612 utcumque
1241 1550 1566 1596 nonxcareat.
1600 1539 1838 1594 Primum
1863 1538 2042 1606 itaque

476 1642 579 1698 est,
604 1633 744 1705 quod
770 1634 1194 1690 Commentarios
1218 1634 1270 1688 in
1303 1632 1698 1694 Ecclesiastem,
1725 1629 2044 1700 et-explana-

479 1712 689 1780 tionem
714 1725 954 1795 epistolae
983 1725 1053 1780 ad
1080 1723 1340 1794 Ephesios
1359 1764 1373 1789 ,
1403 1739 1432 1777 a
1463 1737 1522 1778 se
1549 1734 1666 1777 ante
1690 1737 1852 1775 annos
1887 1723 2044 1791 ferme

477 1814 646 1870 decem
669 1816 1039 1872 concinnatam
1069 1816 1255 1880 tradit;
1281 1831 1436 1886 quos,
1468 1825 1521 1868 ut
1543 1813 1609 1868 de
1633 1811 2043 1867 Commentariis

476 1914 678 1961 tantum
708 1907 947 1962 dicamus
968 1947 986 1973 ,
1019 1907 1157 1963 circa
1195 1921 1394 1961 annum
1432 1905 1560 1961 390.
1583 1905 1872 1960 adornasse
1900 1903 2039 1958 idem

477 1997 592 2064 ipse
627 2005 848 2052 testatur
870 2007 981 2053 tum
1003 1997 1164 2062 alibi,
1197 2003 1306 2050 tum
1351 1996 1618 2066 praecipue
1649 1995 1700 2049 in
1730 1993 2040 2048 eorumdem

477 2085 785 2154 praefatione
811 2088 878 2143 ad
901 2088 1112 2144 Paulam
1133 2096 1188 2142 et
1213 2086 1579 2151 EuStochium,
1612 2085 1721 2150 ubi,
1755 2094 1866 2155 post
1887 2087 2043 2154 ferme

473 2177 866 2247 quinquennium
891 2218 907 2242 ,
936 2193 1000 2232 ex
1029 2192 1136 2246 quo
1163 2177 1328 2232 Roma
1362 2175 1640 2249 evasisset,
1667 2175 1804 2230 istud
1830 2189 1888 2228 se
1912 2189 2044 2243 Ope-

473 2265 549 2320 ris
568 2266 889 2336 suscepisse,
919 2265 1228 2336 planissime
1251 2265 1469 2320 indicat.
1498 2265 1590 2319 llis
1620 2280 1777 2335 porro
1793 2264 1846 2317 si
1875 2263 2043 2318 ferme

473 2355 661 2413 decem
681 2357 1006 2428 adjunxeris,
1029 2370 1200 2412 annus
1223 2355 1452 2411 efficitur
1477 2354 1602 2411 399.
1628 2355 1869 2409 Alterum
1889 2393 1906 2418 ,
1934 2367 2042 2422 quo

475 2446 616 2502 idem
657 2446 1136 2518 annuscolligitur
1161 2489 1178 2514 ,
1225 2457 1598 2518 argumentum
1627 2446 1750 2502 inde
1772 2447 2003 2517 petimus
2021 2483 2039 2511 ,

472 2539 613 2610 quod
637 2540 1012 2610 subOpttseuli
1041 2539 1202 2595 finem
1231 2555 1291 2595 se
1319 2540 1448 2596 dicit
1473 2550 1591 2594 ante
1615 2556 1775 2594 annos
1803 2539 2042 2593 tredecim

477 2631 794 2685 Antiochiam
819 2629 1187 2686 celeberrimam
1210 2632 1381 2685 urbem
1401 2631 1700 2696 deseruisse,
1721 2641 1773 2685 ut
1795 2632 1848 2684 in
1869 2633 2031 2700 agris,

473 2737 534 2776 ae
561 2721 834 2776 solitudine
859 2722 1206 2778 adolescentia:
1225 2722 1416 2791 deﬂens
1443 2732 1671 2793 peccata,
1698 2722 1888 2778 Christi
1913 2723 1965 2776 in
1987 2737 2044 2776 se

477 2811 872 2867 misericordiam
931 2812 1236 2883 deflecteret.
1283 2813 1580 2868 Enimvero
1601 2855 1616 2879 ,
1660 2828 1768 2867 non
1810 2813 1910 2867 nisi
1973 2813 2042 2866 ab

475 2912 665 2958 exacto
704 2917 845 2957 anno
871 2903 1010 2959 536.
1035 2902 1088 2958 lii
1121 2905 1373 2962 tredecim
1416 2903 1841 2972 supputari'ullo
1883 2904 2042 2958 modo

477 3004 729 3063 possunt,
759 2993 1020 3065 siquidem
1056 3009 1222 3065 usque
1259 2995 1326 3050 ad
1369 2997 1660 3064 superioris
1702 2995 1829 3051 385.
1860 2997 2044 3065 Augu-

477 3097 616 3142 stum
638 3103 872 3143 mensem
899 3087 1086 3143 Roma:
1105 3103 1224 3142 enin
1247 3088 1552 3143 constitisse
1571 3097 1903 3159 compertum
1924 3097 2006 3143 est
2024 3102 2040 3152 ;

475 3194 581 3248 quo
603 3186 840 3250 tempore
860 3194 980 3234 cum
1004 3180 1054 3233 iu
1075 3179 1345 3234 Orientem
1371 3169 1766 3250 annavigasset,
1785 3179 1904 3234 aliis
1921 3178 2043 3232 stib-

478 3268 601 3324 inde
627 3267 931 3340 regionibus
958 3269 1269 3339 peragratis,
1297 3277 1406 3323 tum
1433 3268 1648 3324 demum
1673 3268 1908 3323 subStitit
1927 3269 2040 3321 An-

451 3361 905 3437 ‘tiocbite:quam
955 3361 1142 3417 urbem
1193 3361 1417 3418 ideo-se
1463 3361 1662 3416 indicat
1703 3360 2040 3429 deseruisse,

475 3451 617 3521 quod
646 3451 701 3508 in
726 3452 842 3524 ejus
868 3452 1125 3520 Ecclesia,
1147 3451 1392 3524 adquam
1418 3453 1489 3508 ob
1513 3451 1901 3508 ordinationem
1925 3467 2045 3524 per-

478 3546 648 3603 tinere
668 3547 954 3613 videretur,
971 3539 1094 3604 cum
1117 3548 1396 3620 splendide
1413 3557 1598 3618 posset
1620 3563 1842 3605 munere
1861 3547 2045 3604 Sacer-

476 3635 608 3692 dotii
634 3636 869 3709 defungi,
897 3638 1083 3694 maluit
1108 3652 1265 3708 agros
1293 3652 1356 3693 ac
1379 3638 1728 3694 solitudinem
1756 3647 2041 3709 appetere,

477 3739 531 3784 ut
551 3729 924 3787 adolescentia:
946 3741 1161 3802 peccata
1189 3730 1500 3801 ptruitentia
1518 3731 1743 3788 deleret.
1763 3731 2042 3789 Tredecim

475 3835 604 3892 ergo
640 3822 792 3878 annis
837 3822 964 3878 386.
1002 3821 1394 3892 superadditis,
1425 3823 1665 3878 exoritur
1697 3821 1819 3878 399.
1846 3823 1936 3893 qui
1966 3823 2042 3878 illi

475 3909 740 3968 Tractatui
770 3913 1120 3983 assignandus
1148 3921 1264 3979 est;
1293 3913 1542 3984 idemque
1567 3913 1666 3983 ipsi
1682 3913 1757 3968 ad
1777 3914 2045 3984 Theophi-

478 4004 584 4057 lum
612 4003 852 4073 epistolze
881 4003 1212 4070 tribuendus,
1239 4019 1358 4074 quae
1381 4013 1436 4060 et
1461 4004 1619 4075 paulo
1636 4013 1759 4072 post
1786 4003 1906 4058 data
1929 4013 2043 4070 est,

479 4104 533 4148 ut
563 4103 670 4149 tota
698 4094 956 4148 orationis
979 4094 1146 4150 series
1170 4105 1224 4150 et
1243 4105 1534 4150 contextus
1575 4093 1767 4163 probat
1785 4134 1800 4157 ,
1829 4104 1884 4148 et
1914 4109 2046 4163 qua-

475 4184 948 4255 dringentesimum
976 4198 1106 4260 ⁸ῐιοη
1162 4185 1400 4254 attigisse
1451 4183 1769 4254 persuadent
1814 4199 1934 4252 qua:
1975 4183 2046 4239 de

480 4275 684 4332 Isidoro
728 4275 1092 4331 Alexandrino
1147 4275 1460 4347 presbytero
1509 4275 1710 4331 ibidem
1763 4275 2043 4342 dicuntur,

477 4383 635 4438 quem
679 4367 832 4425 initio
870 4369 1139 4441 sequentis
1168 4369 1292 4422 anni
1326 4369 1634 4422 damnatum
1668 4367 2043 4438 intelligemus.

479 4459 656 4515 Nihilo
681 4467 860 4516 tamen
885 4460 1061 4516 secius
1086 4458 1296 4513 videtur
1318 4457 1505 4512 ordine
1534 4459 1887 4527 praeponenda
1909 4459 2044 4514 dua-

479 4549 576 4605 bus
606 4549 1029 4620 praecedentibus
1059 4551 1163 4604 hoc
1193 4558 1368 4602 tamen
1395 4547 1511 4614 ipso
1537 4563 1676 4602 anno
1703 4549 1828 4604 599.

545 4641 810 4699 LXXXIII
837 4651 890 4699 et
918 4640 1202 4698 LXXXIV.
1232 4640 1453 4710 Scripta:
1477 4657 1565 4695 an.
1589 4640 1716 4697 £00.
1735 4672 1806 4683 —
1831 4643 2046 4700 Priores

477 4735 768 4790 amicorum
797 4732 1117 4789 Pammacbii
1145 4741 1199 4786 ct
1223 4731 1418 4786 Oceani
1446 4731 1511 4786 ad
1536 4731 1928 4806 'IIieronymutn
1957 4736 2044 4790 lit-

481 4838 629 4890 terae,
655 4823 1080 4894 quandoquidem
1107 4838 1328 4893 pronum
1350 4831 1434 4878 est
1459 4823 1665 4893 opinari
1689 4825 1840 4882 datas
1865 4828 2047 4898 paucis

479 4917 753 4972 mensibus
777 4927 904 4972 ante
935 4915 1238 4988 Hieronymi
1268 4917 1669 4986 responsionem
1688 4959 1702 4983 ,
1735 4933 1890 4988 quam
1918 4919 2046 4974 sub-

479 5009 763 5074 nectimus,
785 5022 848 5063 ex
875 5008 972 5061 hac
993 5007 1103 5076 ipsa
1125 5007 1453 5062 arstimandte
1473 5016 1618 5063 sunt.
1647 5008 1770 5064 Ilaec
1802 5024 1960 5078 porro
1979 5009 2044 5064 ad

475 5115 672 5155 annum
697 5097 842 5154 hunc
866 5097 994 5156 ‘90.
1018 5097 1312 5154 revocanda
1339 5109 1452 5164 est,
1471 5098 1584 5154 *hoc
1601 5141 1616 5166 ,
1641 5110 1697 5155 ut
1719 5101 1873 5155 nobis
1893 5101 2044 5156 vide-

481 5201 566 5246 tur
603 5190 924 5246 ineluctabili
969 5200 1282 5260 argumento
1304 5231 1316 5253 ,
1348 5191 1489 5261 quod
1520 5191 1647 5246 dum
1674 5193 1939 5261 epistolam
1979 5192 2046 5245 de

477 5282 777 5353 Seraphim,
804 5289 853 5336 et
875 5278 1086 5336 Calculo
1111 5279 1177 5335 ad
1205 5281 1490 5337 Damasum
1522 5280 1641 5336 heic
1669 5281 1797 5336 citat
1822 5294 2047 5334 numero

475 5374 510 5430 5
528 5415 542 5438 ,
567 5387 686 5429 eam
721 5383 838 5428 ante
855 5372 1029 5444 viginti
1051 5389 1212 5427 annos
1229 5373 1416 5427 editam
1441 5371 1763 5440 proﬁteatur.
1789 5370 1904 5425 Jam
1918 5385 2046 5424 vero

475 5480 668 5531 nemo,
694 5465 885 5535 opinor
907 5506 924 5535 ,
951 5465 1004 5518 in
1030 5463 1249 5518 dubium
1279 5462 1523 5526 vocabit,
1561 5459 1703 5531 quod
1747 5475 1845 5514 nos
1883 5462 2044 5516 certis

472 5560 608 5616 adeo
635 5559 929 5614 rationibus
949 5572 1050 5613 suo
1078 5557 1198 5613 loco
1223 5554 1583 5619 ostendimus,
1615 5569 1730 5608 eam
1761 5553 2042 5623 epistolam

471 5653 537 5706 ad
585 5671 674 5709 an.
720 5651 848 5710 38f.
887 5649 1119 5706 medium
1163 5647 1362 5702 debere
1416 5645 1648 5710 ascribi,
1678 5659 1797 5698 cum
1852 5658 2044 5713 nempe

470 5746 928 5812 Constantinopoli
950 5742 1087 5814 apud
1109 5743 1167 5798 S.
1183 5742 1492 5810 Gregorium
1515 5737 1629 5806 ejus
1647 5738 1791 5792 urbis
1810 5736 2034 5808 Episco-

1893 320 2276 380 ΡΙΙᾸΞΡΔΤΙΟ.

3501 337 3715 395 LXXVI

2143 454 2270 510 pum
2312 442 2660 515 Hieronymus
2687 443 2928 516 degeret.
2969 448 3077 505 Sed
3116 450 3302 522 viginti
3343 465 3548 518 annos,
3579 469 3714 524 quos

2142 542 2406 597 numerat,
2433 534 2726 605 inemptas,
2757 554 2861 594 non
2891 555 3019 596 vero
3043 553 3259 599 exactos
3287 559 3381 613 par
3405 554 3488 600 est
3514 547 3714 602 intelli-

2141 636 2306 693 gere:
2332 625 2520 692 partim
2550 627 2762 696 quidem
2799 631 2942 700 quod
2983 633 3214 688 medium
3242 634 3367 689 38f.
3398 635 3449 689 in
3491 651 3711 692 censum

2145 721 2326 780 putet,
2356 715 2545 782 partim
2579 733 2740 784 vero,
2768 721 2909 789 quod
2953 736 3179 778 omnem
3221 734 3397 778 utatur
3439 727 3713 793 rotundo;

2143 815 2266 854 nam
2291 815 2438 857 certo
2462 805 2660 860 certius
2685 817 2766 862 est
2790 824 2856 864 ex
2882 825 3056 864 rerum
3085 813 3240 879 serie,
3273 815 3494 885 ipsoque
3515 819 3717 886 episto-

2147 890 2212 945 lu:
2239 904 2515 960 contextu,
2537 913 2654 951 eam
2683 909 2809 955 ante
2831 901 3138 958 damnatum
3163 904 3215 958 in
3241 907 3597 963 Alexandrina
3619 908 3717 980 Sy-

2145 984 2286 1038 nodo
2312 986 2616 1055 Origenem,
2637 989 2738 1046 hoc
2759 1006 2902 1046 anno
2931 996 3212 1063 prodiiSse.
3245 998 3377 1054 llinc
3406 1011 3582 1056 tamen
3611 1015 3714 1066 est.

2144 1077 2286 1146 quod
2318 1077 2599 1135 mallemus
2625 1082 2974 1152 Pammachii,
3002 1096 3160 1157 atque
3181 1089 3384 1146 Oceani
3415 1093 3622 1148 litteras
3651 1097 3716 1150 ad

2144 1169 2468 1235 superiorem
2496 1171 2620 1226 599.
2646 1185 2927 1229 exeuntem
2955 1191 3229 1243 revocare,
3259 1191 3316 1234 ut
3343 1181 3588 1236 nimirum
3615 1185 3716 1238 ali-

2145 1265 2273 1324 quot
2300 1273 2513 1314 mcuses
2541 1262 2942 1318 intercesserint
2970 1265 3036 1320 ad
3069 1267 3377 1339 Hieronymi
3407 1275 3715 1340 responsio-

2145 1360 2265 1400 nem
2287 1388 2303 1412 ,
2333 1349 2524 1417 quibus
2563 1350 2653 1406 ille
2691 1352 2938 1423 Origenis
2979 1356 3141 1410 libros
3168 1358 3234 1412 de
3257 1359 3548 1430 Principiis
3575 1364 3718 1419 Lati-

2147 1433 2468 1506 nosifacere,
2496 1453 2699 1510 eosque
2723 1457 2827 1497 una
2853 1459 2974 1498 cum
3003 1445 3102 1501 hac
3127 1449 3352 1518 epistola
3383 1452 3599 1509 mittere
3628 1473 3719 1523 po-

2147 1528 2306 1581 tuerit
2335 1528 2577 1584 Iloinam.

2215 1619 2480 1678 LXXXV.
2522 1625 2728 1692 Scripta
2754 1644 2840 1682 an.
2863 1629 2990 1686 400.
3009 1661 3081 1671 -
3105 1630 3326 1699 Earum,
3353 1635 3556 1704 quaead
3583 1636 3717 1692 Pau-

2147 1711 2309 1767 linum
2328 1715 2843 1786 scriptmdiabentur,
2871 1721 3058 1777 ordine
3079 1734 3344 1792 posuema
3367 1735 3468 1780 est.
3494 1726 3570 1782 Ea
3597 1727 3718 1782 Ilic-

2146 1817 2399 1874 ronymus
2423 1819 2482 1860 se
2507 1807 2646 1876 apud
2675 1807 2733 1864 S.
2757 1809 3134 1883 Presbyterum
3164 1822 3417 1878 excusat,
3439 1815 3579 1886 quod
3613 1817 3716 1871 Da-

2146 1894 2378 1962 nielem,
2406 1905 2462 1950 ut
2505 1912 2565 1953 se
2606 1899 2869 1956 facturum
2919 1905 3274 1973 promiserat,
3305 1905 3573 1976 explicare
3623 1925 3720 1979 per

2147 1994 2356 2057 tempus
2399 2004 2503 2045 non
2551 1996 2898 2062 potuerinet
2933 1995 3154 2061 Libros,
3185 1999 3387 2070 inquit,
3417 2005 3527 2072 πςρι
3549 2011 3718 2074 Δρχῶν

2146 2091 2325 2146 nuper,
2350 2075 2681 2137 Pammachio
2698 2094 2869 2140 nostro
2884 2085 3115 2156 jubente,
3133 2089 3486 2160 interpretatus
3510 2104 3714 2148 sum....

2144 2183 2244 2237 quo
2269 2168 2496 2226 detentus
2525 2189 2675 2244 opere
2701 2175 2912 2246 implere
2935 2195 3039 2233 non
3078 2181 3230 2250 petiti
3248 2222 3263 2245 ,
3293 2184 3429 2247 quod
3464 2186 3718 2253 promise-

2145 2275 2256 2312 rant
2283 2259 2391 2326 tibi,
2415 2271 2460 2315 et
2493 2261 2753 2320 Dauielem
2773 2277 2999 2321 nostrum
3019 2285 3222 2323 rursum
3245 2274 3719 2340 eomperendinavi:

2149 2359 2257 2404 tum
2282 2367 2430 2408 num.
2452 2353 2506 2408 4.
2529 2356 2628 2410 sub
2653 2356 2811 2412 linem
2837 2360 2902 2412 ab
2929 2361 3358 2430 ipsoprociuctu,
3393 2374 3440 2418 et
3468 2366 3717 2436 interpre-

2147 2444 2348 2498 tationis
2372 2447 2581 2500 exordio
2605 2449 2903 2520 supradicta
2924 2454 3192 2508 necessitas
3223 2471 3301 2508 me
3328 2446 3562 2512 retraxit.
3585 2457 3720 2512 Ilinc

2147 2547 2304 2588 nemo
2324 2544 2481 2604 neget
2507 2540 2643 2592 lianc
2669 2537 2962 2608 Epistolam
2988 2541 3301 2598 brevissimo
3327 2545 3608 2600 intervallo
3632 2562 3720 2602 se-

2146 2633 2322 2678 cutam
2369 2640 2488 2681 esse
2533 2627 2694 2684 libros
2737 2628 3014 2701 Origenis.
3043 2649 3178 2703 quos
3227 2635 3385 2691 modo
3422 2637 3522 2693 sub
3563 2638 3720 2710 hujus

2146 2717 2269 2771 anni
2298 2718 2423 2773 400.
2448 2719 2654 2775 initium
2671 2720 2871 2778 Latine
2893 2725 3193 2796 explicatos
3215 2726 3718 2797 dixiintts,.eanmue

2148 2807 2634 2880 interpretationem
2660 2828 2780 2868 cum
2810 2817 3074 2887 superiori
3101 2819 3327 2890 epistola
3363 2820 3428 2874 ad
3465 2821 3718 2875 Pamma-

2147 2899 2324 2953 cliium
2353 2901 2589 2956 missam.

2218 2989 2500 3046 LXXXVI.
2525 2992 2833 3050 LXXXVII.
2855 2995 3184 3054 LXXXVIII.
3214 2999 3502 3058 LXXXIX.
3533 3001 3624 3057 XC
3650 2992 3721 3058 vet

2148 3081 2281 3138 XCI.
2324 3083 2549 3155 Scripta:
2577 3105 2664 3142 an.
2694 3089 2896 3145 400-
2914 3090 3362 3162 Subsequentium
3389 3108 3481 3148 sex
3513 3095 3722 3165 Episto-

2150 3172 2342 3240 larum,
2367 3186 2666 3247 quanquam
2693 3177 2847 3236 facile
2873 3179 3012 3236 idem
3038 3183 3287 3238 omnibus
3307 3199 3480 3239 annus
3527 3187 3720 3241 natalis

2146 3265 2233 3330 sit,
2257 3265 2369 3322 sive
2394 3277 2600 3338 tempus
2627 3270 2764 3326 inter
2783 3286 2872 3326 an.
2897 3272 3002 3328 400
3021 3281 3074 3327 et
3093 3273 3218 3329 IOI.
3242 3274 3374 3330 ordo
3397 3285 3570 3332 tamen
3596 3257 3718 3346 pm

2147 3365 2392 3427 posteros
2417 3359 2469 3414 in
2498 3375 2563 3415 eo
2587 3370 2688 3427 est,
2715 3362 2857 3434 quod
2879 3362 3169 3420 LXXXIX.
3195 3365 3478 3438 TbeOphili
3502 3370 3720 3424 cmteris

2147 3450 2502 3518 praeponenda
2532 3451 2792 3509 videatur.

2220 3537 2333 3596 Una
2371 3541 2666 3613 eademque
2695 3544 2748 3600 in
2795 3544 2880 3600 bis
2916 3558 3012 3601 sex
3042 3546 3282 3616 epistolis
3305 3550 3568 3616 temporis
3594 3560 3718 3606 nota

2148 3638 2250 3698 est,
2277 3641 2332 3687 et
2367 3631 2666 3700 character.
2709 3636 2959 3692 nimirum
2997 3635 3275 3709 Origenis.
3309 3655 3371 3695 ac
3407 3643 3721 3710 furiosorum

2150 3724 2438 3792 hominum,
2465 3727 2556 3795 qui
2586 3726 2820 3798 Origenis
2846 3728 3077 3784 haresim
3099 3731 3154 3785 in
3183 3729 3370 3786 Nitriae
3397 3731 3721 3787 Monasteriis

2148 3830 2330 3881 serere,
2352 3831 2412 3868 ac
2436 3815 2657 3884 [undare
2678 3818 2964 3886 cupiebant,
2987 3820 3260 3877 damnatio
3275 3822 3338 3876 in
3362 3822 3720 3876 Alexandrina

2148 3905 2398 3978 Synodo,
2426 3922 2548 3978 quas
2590 3909 2874 3979 Theophili
2915 3912 2968 3967 in
3011 3912 3198 3982 primis
3225 3927 3386 3984 Opera
3427 3915 3527 3968 sub
3564 3913 3723 3984 hujus

2149 4001 2273 4053 anni
2313 3999 2418 4056 400
2458 4000 2666 4056 initium
2706 4013 2889 4058 coacta
2918 4011 3024 4060 est.
3072 4004 3339 4061 Prmterea
3370 4021 3559 4061 omnes
3582 4008 3722 4062 data:

2150 4101 2274 4146 sunt
2297 4091 2461 4165 (quod
2483 4109 2547 4148 ex
2575 4109 2757 4150 earum
2782 4106 3035 4153 contextu
3054 4099 3344 4169 perspicue
3365 4097 3552 4170 liquet)
3575 4110 3727 4156 ante-

2151 4198 2309 4253 quam
2357 4183 2672 4254 Syuodicam
2715 4186 2832 4257 ejus
2874 4187 3100 4243 Coucilii
3144 4190 3424 4259 epistolam
3470 4189 3655 4244 ϐαιτερ
3695 4207 3724 4244 a

2151 4275 2446 4347 Thcopbilo
2496 4278 2747 4348 scriptam
2799 4279 3155 4352 Hieronymus
3206 4281 3448 4336 Latinam
3501 4282 3723 4344 faceret,

2152 4369 2292 4438 quod
2315 4370 2403 4424 ille
2425 4371 2582 4440 paulo
2609 4382 2726 4442 post
2750 4373 2906 4443 hujus
2931 4374 3056 4428 anni
3083 4373 3318 4428 medium
3344 4385 3600 4428 executus
3621 4384 3722 4438 est.

2153 4468 2212 4514 ut
2235 4460 2396 4515 certis
2420 4463 2746 4531 argumentis
2784 4478 2905 4518 mox
2944 4463 3274 4518 adducendis
3302 4463 3369 4519 ad
3409 4479 3525 4534 seq.
3559 4469 3722 4534 epist.

2152 4552 2518 4609 ostendemus.
2562 4553 2832 4609 Prioribus
2871 4555 3049 4624 itaque
3078 4564 3281 4624 septem
3312 4555 3377 4610 ad
3419 4570 3686 4609 summum
3709 4598 3722 4618 ,

2150 4629 2243 4699 aut
2267 4654 2389 4700 octo
2417 4645 2688 4699 mensibus
2705 4644 3252 4722 comprehenduntur,
3278 4655 3437 4716 atque
3463 4646 3569 4698 illis
3590 4648 3727 4702 adeo

2153 4733 2240 4790 hic
2268 4750 2299 4790 a
2325 4734 2481 4790 nobis
2506 4735 2640 4790 ordo
2664 4737 2984 4790 constitutus
3009 4744 3111 4799 est,
3130 4750 3294 4805 quem
3321 4737 3726 4790 concinniorem

2151 4839 2215 4880 ex
2246 4839 2333 4891 eo,
2360 4841 2520 4896 quem
2551 4827 2688 4881 inter
2721 4840 2780 4879 se
2811 4825 3017 4879 habent
3045 4836 3288 4894 respectu
3315 4867 3332 4893 ,
3363 4825 3605 4882 arbitrati
3632 4841 3730 4881 su-

2153 4931 2292 4982 mus,
2324 4932 2386 4971 ac
2417 4931 2504 4972 res
2535 4917 2646 4988 ipsa
2675 4918 2786 4970 visa
2802 4924 2896 4974 est
2923 4917 3210 4986 postulare.

2223 5006 2382 5082 XCII.
2423 5007 2601 5062 Latine
2640 5007 2837 5060 reddita
2877 5024 2964 5061 an.
2988 5007 3113 5062 400.
3139 5017 3253 5076 post
3283 5008 3416 5060 med.
3441 5037 3512 5050 —
3542 5009 3692 5064 Hanc
3714 5049 3730 5075 ,

2151 5115 2272 5171 qua:
2293 5098 2552 5153 hactenus
2575 5107 2868 5168 temporum
2894 5098 3085 5167 injuria
3112 5099 3449 5155 intercidisse
3472 5102 3730 5158 credeba-

2153 5199 2259 5253 tur,
2290 5187 2568 5256 Theophili
2604 5187 2922 5258 Synodicam
2953 5188 3232 5256 epistolam
3283 5189 3349 5244 ad
3378 5189 3693 5246 Pulsestinos
3713 5232 3729 5255 ,

2149 5275 2215 5335 ac'
2241 5279 2402 5350 Cypri
2437 5280 2723 5348 Episcopus
2743 5319 2758 5344 ,
2785 5278 2972 5333 Latine
3013 5279 3274 5334 redditam
3307 5281 3374 5336 ab
3401 5281 3730 5354 Hieronymo

2150 5369 2386 5424 diximus
2413 5377 2536 5439 post
2565 5369 2795 5423 medium
2825 5369 2949 5422 anni
2978 5368 3510 5440 quadringentesimi.
3560 5373 3728 5441 IIujns

2151 5461 2462 5517 assertionis
2509 5459 2634 5514 illud
2676 5458 2910 5529 palmare
2939 5467 3020 5514 est
3044 5470 3420 5530 argumentum
3444 5504 3459 5528 ,
3491 5464 3634 5533 quod
3662 5481 3729 5520 ex

2153 5554 2309 5606 tertio
2336 5551 2393 5604 S.
2444 5551 2686 5604 Docturis
2715 5549 2878 5605 Libro
2897 5561 3079 5604 contra
3104 5551 3374 5606 Bullinum
3402 5553 3728 5618 desutnitur,

2150 5659 2308 5714 quem
2348 5640 2567 5696 Librum
2610 5640 2744 5696 nihil
2780 5641 2999 5696 dubium
3042 5652 3124 5696 est
3165 5643 3306 5697 circa
3337 5643 3576 5699 medium
3604 5649 3732 5702 anui

2160 5735 2284 5791 402.
2309 5733 2472 5789 fuisse
2492 5743 2794 5790 exaratum.
2824 5731 3028 5804 Nempe
3052 5734 3120 5788 ibi
3142 5733 3267 5790 dum
3291 5749 3357 5790 ex
3385 5734 3580 5792 ordine
3609 5736 3736 5791 llic-
