4004 6328
301 355 516 414 LXXIII

299 487 540 544 ronymus
561 490 841 545 memorat,
859 496 976 552 qua:
996 491 1148 538 antea
1170 499 1236 540 ex
1255 485 1559 558 Theophilo
1589 505 1679 557 per
1697 491 1856 560 ferme

297 564 556 630 biennium,
580 577 726 623 esset
750 571 1144 642 interpretatus,
1169 577 1344 646 primo
1364 581 1540 636 statim
1562 581 1680 638 loco
1705 585 1857 653 ponit

293 655 620 726 Synodicam,
645 661 837 717 deinde
867 664 1173 722 Paschalem
1199 685 1288 724 an.
1311 670 1442 726 401.
1466 683 1640 728 contra
1670 673 1854 746 Orige-

291 763 429 812 nem,
456 748 696 819 illiusque
737 751 1063 823 Discipulos,
1096 770 1205 815 tum
1252 763 1474 819 alteram
1521 765 1855 836 insequentis

288 835 404 889 anni
423 838 660 892 adversus
681 841 1079 913 Apollinarium,
1102 859 1149 903 et
1171 852 1399 906 eumdem
1431 835 1729 924 Origenem;
1755 871 1854 911 nec

285 925 415 980 aliud
440 941 498 982 se
527 929 804 996 profitetur
823 933 1105 1006 Theophili
1132 938 1370 1008 Operum
1395 945 1752 1000 transtulisse.
1777 945 1848 1002 Ut

285 1014 433 1083 igitur
461 1021 749 1088 perSpieue
776 1035 984 1080 constet
1009 1043 1073 1081 ex
1105 1030 1292 1086 ordine
1314 1074 1329 1098 ,
1355 1047 1460 1103 quo
1499 1035 1725 1104 singulze
1761 1052 1852 1092 re-

281 1117 586 1172 censentur,
615 1109 684 1164 ad
716 1127 919 1167 annum
946 1116 1523 1188 quadringentesimum
1555 1123 1692 1180 hanc
1720 1140 1848 1195 per-

280 1194 461 1258 tinere,
485 1212 604 1266 qua:
629 1202 842 1255 caeteris
872 1203 990 1258 loco
1017 1209 1301 1276 praecedit,
1323 1211 1378 1264 id
1403 1220 1577 1268 tamen
1604 1230 1846 1271 comnio-

275 1283 387 1337 dius
430 1285 559 1341 inita
601 1290 809 1346 ratione
850 1293 1186 1368 intelligitur,
1227 1310 1284 1356 ut
1326 1318 1508 1358 verum
1561 1309 1630 1360 sit
1673 1307 1844 1366 ferme

273 1377 540 1434 biennium
580 1387 911 1454 excurrisse,
945 1391 1090 1460 quod
1119 1395 1278 1450 aliter
1315 1411 1566 1456 constare
1603 1419 1708 1457 non
1753 1419 1846 1475 po-

271 1470 406 1524 terit.

333 1561 518 1621 XCIII.
548 1566 736 1624 XCIV.
757 1582 810 1626 et
839 1573 995 1632 XCV.
1035 1577 1217 1634 Latine
1241 1582 1453 1638 reddita
1473 1625 1488 1650 ,
1517 1595 1608 1640 aut
1639 1588 1845 1657 scripr

264 1652 418 1720 paulo
475 1669 590 1724 post
625 1665 957 1732 superiorem.
990 1699 1062 1709 —
1085 1672 1283 1727 Causas
1302 1715 1318 1741 ,
1349 1676 1542 1746 quibus
1575 1688 1681 1732 tres
1709 1679 1840 1735 istas

261 1744 549 1812 epistulas,
585 1766 811 1820 quarum
843 1759 1048 1826 priores
1075 1761 1196 1816 duae
1225 1775 1426 1819 tantum
1456 1766 1836 1840 Hieronymum

264 1835 608 1906 interpretem
643 1842 860 1910 habent,
892 1848 1316 1923 llieronymianis
1340 1865 1512 1912 tamen
1543 1873 1834 1914 accensea-

257 1941 368 1980 mus
391 1970 409 1994 ,
463 1933 796 1990 reddidimus
824 1942 1080 2008 superiori
1117 1945 1440 2012 prmfatimiis
1487 1959 1670 2017 parte,
1702 1965 1836 2021 quas

255 2020 498 2076 recolere
527 2024 646 2079 lteic
674 2027 774 2080 loci
797 2045 899 2082 nou
927 2044 1096 2086 vacat.
1124 2035 1226 2088 Sed
1254 2037 1392 2105 quod
1418 2043 1672 2108 temporis
1693 2020 1834 2112 Epo-

253 2107 404 2164 cbam
441 2114 772 2184 singularum
798 2133 1024 2190 Spectat,
1055 2141 1132 2180 ea:
1157 2129 1287 2183 satis
1307 2132 1568 2187 concinne
1595 2149 1714 2188 cum
1737 2152 1831 2189 su-

248 2203 452 2267 periori
478 2206 751 2278 Synodica
771 2215 1062 2281 cohaerent,
1087 2228 1246 2289 atque
1269 2222 1408 2277 inter
1426 2239 1484 2278 se
1505 2237 1835 2282 connectun-

246 2301 325 2346 tur
347 2335 364 2359 ,
399 2306 464 2349 ut
507 2299 687 2355 eidem
727 2318 869 2357 anno
895 2308 1420 2380 quadringentesimo
1444 2316 1678 2382 circiter,
1713 2334 1835 2373 esse

246 2387 569 2446 tribuendas
618 2410 724 2448 non
771 2397 991 2453 dubiant
1034 2404 1124 2456 sit.
1176 2405 1434 2460 Nimirum
1482 2411 1686 2476 priores
1714 2411 1834 2467 dum

238 2475 572 2548 'I‘chphilo.
603 2483 832 2554 ejusque
860 2490 1102 2558 epistola:
1128 2493 1334 2550 directo
1360 2475 1706 2569 respondent,
1735 2520 1832 2561 nec

236 2568 522 2626 dubitandi
568 2575 721 2630 locus
762 2589 884 2645 est,
915 2583 1040 2649 quin
1094 2587 1144 2641 id
1191 2589 1342 2646 brevi
1392 2592 1689 2661 intervallo,
1722 2599 1828 2656 imo

233 2674 398 2725 quam
432 2663 702 2722 citissime
732 2667 956 2728 fecerint
985 2675 1288 2749 Dionysius,
1313 2697 1376 2738 ac
1401 2685 1598 2756 Synodi
1619 2688 1825 2746 Jeroso-

234 2749 516 2819 lymitante
549 2755 740 2814 Patres
761 2801 776 2823 ,
803 2769 911 2816 tum
959 2781 1055 2834 pro
1099 2771 1174 2824 rei
1210 2749 1588 2844 magnitudine,
1621 2780 1688 2836 de
1717 2799 1816 2853 qua

232 2845 512 2912 agebatur,
546 2855 658 2901 tum
689 2852 873 2916 etiam,
903 2858 1042 2927 quod
1070 2876 1134 2916 ex
1165 2878 1344 2920 earum
1370 2879 1618 2926 contextu
1639 2913 1667 2938 ,.
1702 2845 1818 2930 nia-

232 2947 326 3000 gua
354 2934 410 2989 id
443 2950 544 2992 eos
571 2940 935 3001 sollicitudine
967 2953 1278 3016 prmsutisse
1303 2960 1588 3029 colligitur.
1623 2965 1816 3024 Verum

233 3025 312 3078 illa
333 3067 348 3089 ,
375 3043 543 3094 quam
574 3032 895 3091 Anastasius
925 3038 1063 3109 Papa
1107 3043 1172 3097 ad
1218 3025 1652 3122 Simplicianum,
1672 3057 1812 3115 haud

231 3115 444 3173 dubium
473 3121 604 3190 quin
650 3122 1100 3187 Mediolanenscm
1146 3115 1488 3209 Episcopum,
1519 3115 1688 3213 dedit,
1724 3149 1810 3206 fu-

228 3206 347 3262 siori
378 3209 588 3280 indiget
615 3214 926 3281 probatione
945 3261 966 3285 ,
993 3231 1052 3275 ut
1091 3224 1156 3278 ad
1194 3206 1357 3282 idem
1379 3206 1585 3303 tempus
1617 3206 1806 3295 referri

1718 377 2102 440 ΡΒᾸΕΕΛ-ἸἸΙΟ.

1967 507 2195 556 constet.
2238 499 2370 559 Eam
2398 504 2488 562 ille
2531 521 2800 569 conuentus
2825 517 3018 576 litteris
3029 529 3292 580 memorati
3313 507 3349 602 ’ί
3367 530 3541 589 Theo-

1965 586 2125 660 pbili)
2153 593 2384 662 scripsit,
2407 606 2461 652 et
2491 616 2582 665 per
2606 600 2878 660 Eusebium
2911 609 3291 685 Presbyterum,
3311 586 3399 690 qui
3428 586 3528 677 sibi

1960 681 2190 783 quedam
2240 684 2486 744 obtulerat
2531 691 2770 763 Capitula
2807 681 3136 772 blaspltemite
3176 725 3257 765 er
3288 681 3532 783 Urigenis

1959 767 2134 827 Libris
2179 788 2466 846 excerpta,
2508 780 2850 843 deferendam
2898 767 3190 856 commisit.
3236 801 3333 857 Hic
3375 767 3534 873 porro

1960 859 2221 920 Eusebius
2263 883 2368 923 non
2411 872 2546 930 alius
2589 888 2672 931 est
2716 880 2786 933 ab
2829 881 2920 936 illo
2949 885 3300 948 Cremonensi
3329 897 3531 954 celebri

1957 950 2264 1026 Ilieronymi
2294 961 2512 1030 amico,
2551 980 2616 1022 ac
2652 967 2896 1039 Origenis
2934 974 3228 1035 fautoribus
3275 950 3530 1056 perquam

1956 1042 2192 1112 infenso,
2221 1063 2377 1118 quem
2422 1053 2606 1110 Romae
2647 1058 2716 1113 ab
2752 1077 2894 1116 anno
2921 1065 3048 1121 598.
3088 1042 3527 1133 medio'vidimne

1953 1139 2257 1194 constitisse
2276 1182 2290 1206 ,
2325 1152 2486 1212 atque
2521 1147 2644 1202 inde
2670 1162 2789 1220 post
2815 1153 2990 1209 ferme
3019 1158 3288 1216 biennium
3316 1163 3524 1221 disces-

1950 1228 2102 1294 sisse,
2131 1233 2476 1304 intelligimus
2504 1249 2613 1294 tum
2641 1243 2760 1298 aliis
2785 1253 3114 1316 argumentis
3135 1295 3152 1316 ,
3186 1262 3296 1310 tum
3334 1262 3526 1327 prteri-

1949 1335 2051 1389 pue
2078 1337 2144 1378 ex
2175 1325 2345 1392 primo
2376 1328 2758 1388 lnvectivarum
2789 1337 2987 1394 Rufilin
3029 1341 3191 1401 Libro
3215 1387 3229 1410 ,
3263 1325 3347 1403 ubi
3372 1365 3520 1412 eum,

1945 1409 2222 1466 Mediolani
2247 1430 2368 1470 cum
2395 1431 2556 1484 esset,
2586 1421 2654 1477 de
2681 1426 2906 1493 quadam
2935 1409 3297 1490 commentitia
3328 1436 3486 1509 Orige
3504 1469 3520 1482 -

1945 1503 2028 1558 nis
2052 1506 2312 1562 sententia
2343 1509 2683 1581 impngnasse
2713 1532 2772 1570 se
2800 1518 3115 1577 dicit.'l'unc
3159 1523 3320 1594 igitur
3349 1503 3518 1586 Euse-

1944 1594 2032 1649 bio
2056 1595 2356 1656 Mediolano
2382 1605 2736 1674 proﬁciscenti
2763 1611 3040 1679 epistolam
3061 1617 3518 1676 commendaverit

1941 1689 2282 1758 Anastasius,
2331 1712 2450 1765 qua:
2516 1698 2639 1754 ideo
2685 1716 2827 1756 anno
2873 1705 3394 1778 quadringentesimo
3443 1714 3515 1769 sit

1939 1781 2272 1839 ascribenda.
2290 1785 2394 1840 Sed
2418 1787 2556 1843 idem
2573 1801 2780 1861 tempus
2790 1794 2988 1852 clarius
3012 1797 3233 1856 fortasse
3253 1801 3512 1858 evincitur

1939 1889 2004 1927 ex
2037 1875 2146 1944 ipsa
2186 1876 2519 1948 Simpliciani
2543 1897 2793 1951 persona,
2822 1880 2908 1943 cui
2939 1891 3160 1958 epistola
3189 1892 3508 1954 destinatur.

1936 1967 2032 2025 Ille
2061 1971 2223 2032 enim.
2251 1983 2308 2027 ut
2337 1990 2403 2029 ex
2433 1975 2841 2038 Mediolanensis
2870 1983 3120 2039 Ecclesia:
3148 1990 3509 2045 monumentis

1935 2075 2266 2134 compertum
2313 2079 2432 2131 est,
2491 2085 2612 2126 cum
2654 2071 2841 2129 XVIII.
2895 2075 3154 2132 Calendas
3193 2083 3512 2150 septembris

1935 2153 2127 2209 obierit
2147 2197 2162 2220 ,
2187 2157 2326 2212 docti
2357 2159 2463 2214 Viri
2493 2177 2614 2217 eum
2641 2179 2878 2220 mensem
2909 2168 3033 2222 anni
3064 2167 3218 2237 hujus
3245 2171 3506 2240 quadrin-

1935 2248 2212 2312 gentesimi
2241 2263 2359 2307 esse
2385 2251 2523 2304 facili
2549 2265 2861 2321 argumento
2887 2256 3339 2316 demonstrarunt.
3371 2263 3499 2318 Nam

1935 2348 2078 2386 anno
2118 2335 2412 2406 insequenti
2457 2340 2580 2396 40$.
2621 2353 2731 2409 post
2762 2342 3093 2400 Consulatum
3124 2347 3210 2404 ΡΙ.
3240 2348 3507 2407 Stiliconis

1934 2424 2028 2475 viri
2057 2425 2356 2494 clarissimi,
2374 2429 2525 2485 Χνι..
2557 2429 2808 2488 Calendas
2853 2434 3023 2490 Iulias
3047 2477 3063 2504 ,
3090 2436 3384 2508 Venerius,
3415 2444 3503 2513 qui

1932 2514 2274 2586 Simpliciano
2303 2522 2593 2588 successit,
2625 2523 3040 2582 Mediolanensis
3068 2530 3359 2600 Episcopus
3387 2549 3502 2589 me-

1931 2615 2168 2660 moratur
2194 2608 2242 2661 in
2274 2609 2457 2666 codice
2485 2612 2761 2668 Canonum
2787 2614 3036 2672 Ecclesia:
3058 2620 3348 2689 Africanae,
3375 2639 3497 2696 cap.

1925 2696 2058 2752 LVI.
2091 2699 2178 2753 ubi
2221 2700 2292 2755 ad.
2330 2716 2451 2756 eum
2482 2703 2673 2772 legatio
2698 2706 2996 2764 destinatur
3024 2725 3054 2765 e
3093 2711 3334 2768 Concilio
3358 2713 3496 2771 Car-

1929 2790 2222 2859 thaginensi
2249 2789 2311 2845 V.
2337 2791 2520 2863 Neque
2545 2793 2705 2864 igitur
2723 2797 2897 2853 serius
2924 2797 3024 2854 hoc
3049 2815 3191 2856 anno
3211 2802 3336 2859 400.
3364 2805 3496 2858 scri-

1922 2880 2049 2935 bere
2077 2880 2142 2934 ad
2173 2881 2570 2952 Simplicianum
2596 2887 2908 2942 Anastasius
2941 2892 3143 2958 potuit,
3177 2908 3348 2964 neque
3374 2911 3493 2950 rur-

1919 2985 2010 3026 sus
2029 2982 2153 3026 ante
2168 2973 2413 3028 eumdem
2436 2991 2632 3030 annum
2655 2975 2793 3031 hanc
2815 2976 3155 3051 dedit,quam
3171 2992 3492 3039 conventuin

1917 3063 2199 3132 Theophili
2223 3066 2412 3121 litteris
2437 3065 2504 3124 de
2531 3067 2776 3140 Origenis
2801 3069 3148 3128 damnatione
3173 3073 3410 3130 scribere
3428 3090 3489 3131 se

1919 3153 2216 3224 proﬁtetur.

829 3378 1816 3572 ammonia—

1923 3463 2096 3575 ν.
2161 3460 2875 3577 (ιιΔεςιε
3032 3383 3453 3398 _—

224 3639 371 3692 quas
406 3645 818 3692 utunoxnws
867 3652 944 3693 an
986 3653 1263 3700 meum:
1307 3659 1475 3704 anno
1517 3643 1658 3707 IsOI.
1705 3667 1905 3720 usque
1950 3670 2032 3712 AD
2073 3649 2214 3709 ιιρο.
2259 3669 2391 3710 sua:
2434 3669 2714 3713 SCILICET
2744 3671 2906 3715 VITlE
2937 3675 3134 3720 unum
3177 3677 3478 3721 suum”.

286 3771 468 3828 XCVI.
518 3775 726 3844 Scripta
753 3795 813 3832 ac
838 3779 1019 3834 Latine
1059 3784 1258 3838 reddita
1301 3802 1388 3841 an.
1420 3788 1545 3842 401.
1581 3819 1646 3830 -
1676 3791 1805 3858 Epi-

223 3866 471 3918 stolarum
498 3876 705 3933 quarta:
753 3867 908 3938 hujus
937 3871 1135 3928 Classis
1152 3875 1394 3930 ordinem
1423 3878 1565 3932 ducit
1615 3880 1803 3934 istlnnc

223 3956 481 4021 paschalis
510 3957 794 4029 TlteOpliiIi
823 3963 1048 4031 epistola
1075 3976 1251 4020 contra
1295 3967 1559 4038 Origenent
1580 4011 1595 4034 ,
1630 3970 1800 4024 illius-

221 4062 308 4111 que
350 4049 656 4118 discipulos,
709 4067 866 4121 quam
901 4054 1258 4128 Hieronymus
1284 4056 1467 4112 Latine
1493 4061 1796 4128 explicavit.

221 4132 272 4188 lu
302 4139 414 4207 ejus
473 4140 623 4196 calce
655 4158 770 4196 XIX.
798 4142 885 4196 die
933 4148 1132 4199 mensis
1167 4147 1438 4201 I‘harmuti
1466 4149 1669 4204 Pascha
1699 4150 1797 4206 de-

224 4230 511 4294 nuntiatur,
543 4233 684 4302 quod
728 4235 1012 4289 manifesto
1052 4252 1250 4290 annum
1308 4250 1515 4307 speetat
1564 4242 1694 4306 401,
1742 4253 1798 4297 tit

222 4323 404 4389 optime
435 4341 471 4378 ει
497 4324 657 4380 Card.
688 4324 899 4380 Norisio
923 4336 1157 4382 notatum
1185 4340 1285 4384 est.
1319 4331 1392 4384 Ea
1417 4346 1606 4400 nempe
1637 4333 1796 4389 Phar-

221 4416 336 4467 nmti
369 4417 494 4472 dies
519 4419 657 4486 apud
694 4418 916 4473 Latinos
973 4436 1087 4474 XIV.
1129 4423 1327 4490 Aprilis
1360 4425 1683 4491 reSpondet;
1737 4435 1797 4482 ιιι

221 4505 348 4561 enim
371 4507 429 4563 S.
470 4509 789 4564 Ambrosius
817 4509 976 4578 epist.
1001 4514 1069 4564 ad
1099 4511 1382 4582 Episcopus
1403 4532 1492 4583 per
1519 4515 1592 4570 1E
1599 4517 1794 4571 milium

219 4595 489 4652 verissime
521 4598 712 4662 tradit,
763 4597 1050 4668 Plini-muti,
1109 4603 1196 4672 qui
1225 4605 1419 4673 primus
1447 4607 1588 4676 apud
1615 4605 1690 4660 1E
1694 4624 1790 4679 gy-

221 4690 340 4756 ptios
369 4703 439 4746 est
472 4695 657 4748 mensis
686 4733 702 4757 ,
740 4691 925 4761 incipit
951 4711 1025 4749 VI.
1055 4695 1314 4751 Calendas
1338 4699 1557 4767 Aprilis,
1590 4710 1645 4755 et
1675 4701 1792 4756 lini-

159 4825 168 4834 .
222 4790 298 4835 tur
325 4799 413 4839 vn.
441 4785 718 4840 (Ialendas
750 4785 872 4840 Maii
915 4803 929 4842 :
961 4788 1034 4842 Ea
1063 4804 1192 4843 vero
1220 4789 1307 4844 die
1334 4792 1532 4860 Aprilis
1556 4809 1664 4859 xw,
1700 4810 1788 4850 au.

220 4873 329 4940 I01,
361 4877 410 4930 in
443 4876 687 4931 Ecclesia
721 4877 959 4932 Romana
1013 4880 1259 4947 paschale
1313 4880 1504 4937 festum
1551 4885 1791 4940 celebra-

225 4973 319 5018 tum
345 4978 448 5033 est,
474 4967 641 5030 Cyclo
661 4967 803 5024 Solis
830 4985 978 5024 xvm.
1005 4970 1170 5024 Lunm
1195 4987 1273 5026 ιιι.
1307 4973 1388 5028 Iit.
1417 4973 1480 5039 F,
1511 4975 1652 5044 quod
1673 4987 1793 5046 post

223 5053 398 5111 Norisii
442 5069 763 5128 argumenta
806 5059 856 5113 in
907 5060 1125 5116 dubium
1192 5079 1444 5118 revocare
1475 5082 1579 5119 non
1611 5067 1785 5122 liceat.

221 5145 563 5212 Quamobrem
596 5149 914 5218 Martiauzei,
961 5151 1299 5223 aliorumque
1355 5155 1629 5210 Editornm
1651 5198 1666 5223 ,
1699 5160 1786 5227 qui

223 5237 394 5294 harum
451 5242 802 5310 epistolarum
851 5242 1097 5298 ordinem
1175 5243 1482 5310 invertunt,
1562 5262 1788 5317 eamque

223 5329 372 5394 priori
403 5332 520 5387 loco
545 5342 794 5396 censent,
837 5324 956 5401 quas
996 5335 1120 5388 anni
1164 5335 1490 5405 insequentis
1518 5337 1622 5391 402
1642 5379 1656 5402 ,
1689 5355 1784 5407 pa-

221 5419 442 5476 schalem
475 5424 684 5494 eyelum
738 5421 1046 5483 denuntiat.
1080 5423 1245 5478 nobis
1279 5440 1430 5478 error
1460 5424 1556 5479 fui;
1603 5443 1786 5481 emcn-

220 5505 432 5575 dandus,
455 5529 612 5581 quem
633 5523 684 5566 et
717 5511 992 5581 paschales
1008 5513 1364 5579 characteres,
1388 5517 1476 5585 qui
1497 5519 1782 5574 certissimi

221 5613 466 5656 annorum
514 5605 724 5660 indices
773 5613 915 5670 sunt,
971 5615 1026 5659 et
1079 5606 1484 5663 Mediolanensis
1515 5609 1613 5664 Ms.
1643 5612 1782 5666 unde

221 5690 398 5746 inedita
443 5677 770 5766 origeuiante
811 5710 986 5750 causa:
1016 5711 1358 5753 monumenta
1405 5701 1626 5754 mutuati
1686 5716 1778 5756 su-

221 5797 342 5850 mu:,
369 5787 604 5856 apprime
635 5794 844 5842 cavent.
899 5786 1036 5843 Nihil
1067 5804 1190 5845 vero
1220 5789 1442 5846 dubium
1493 5801 1594 5859 est,
1631 5792 1768 5848 hanc

1908 3793 1976 3846 ab
2035 3793 2358 3864 Hieronymo
2386 3794 2486 3848 hoc
2527 3797 2641 3864 ipso
2666 3813 2808 3851 anno
2835 3799 3037 3854 Latinis
3065 3804 3281 3859 auribus
3317 3805 3482 3860 fuisse

1908 3881 2180 3946 donatam,
2205 3883 2430 3949 quodex
2455 3885 2614 3938 tertio
2641 3886 2879 3952 ejusdem
2909 3888 2960 3941 in
2997 3889 3266 3944 Itullinum
3310 3893 3449 3946 libro
3468 3934 3486 3958 ,

1908 3971 1994 4025 ubi
2023 3987 2141 4024 eam
2164 3971 2449 4040 Synodicar
2479 3974 2904 4043 interpretatimii
2933 3979 3222 4046 subnectit,
3255 3983 3482 4053 aliisque

1909 4063 2105 4131 passim
2140 4061 2645 4130 testimoniisplane
2668 4076 3004 4134 compertum
3036 4078 3139 4123 est.

1975 4150 2162 4206 XCVII
2189 4162 2242 4206 et
2271 4151 2496 4208 XCVIII.
2526 4153 2746 4224 Scripta:
2770 4172 2856 4208 an.
2909 4155 3035 4212 402.
3059 4188 3132 4200 —
3151 4159 3483 4232 Simulqtm-

1902 4241 2132 4308 dierunt,
2165 4251 2326 4312 atque
2375 4244 2600 4298 invicem
2637 4246 2837 4313 juncta:
2889 4259 3016 4302 sunt
3041 4249 3160 4304 dua:
3211 4251 3328 4305 ista:
3368 4254 3479 4318 epi-

1901 4335 2094 4399 stolar,
2150 4350 2371 4403 quarum
2423 4337 2603 4404 priore
2654 4339 2920 4402 paschalis
2984 4341 3475 4412 interpretationem

1901 4423 2242 4482 Pammachio
2265 4441 2327 4480 ac
2351 4426 2614 4481 Marcella:
2648 4429 2910 4497 inscribit,
2942 4442 3172 4487 utnnno
3204 4437 3474 4502 prseterito

1899 4515 2133 4572 fecemt:
2161 4517 2403 4584 Accipite,
2437 4519 2627 4588 inquit,
2677 4535 2914 4589 graecam,
2964 4531 3010 4574 et
3059 4522 3284 4578 latinam.
3324 4526 3473 4580 etiam

1900 4605 1993 4659 hoc
2017 4623 2158 4660 anno
2197 4607 2482 4676 epistolam,
2531 4624 2594 4662 ne
2618 4626 2819 4663 rursum
2845 4611 3068 4666 heretici
3109 4615 3417 4682 mentiantur
3441 4633 3473 4670 a

1898 4699 2042 4752 nobis
2083 4697 2323 4769 pleraque
2351 4699 2427 4751 vel
2455 4699 2655 4765 addita,
2683 4699 2759 4754 vel
2796 4711 3020 4768 mutata;
3045 4713 3099 4759 et
3125 4707 3284 4774 paulo
3313 4707 3472 4775 infra,

1900 4786 1961 4840 Si
1977 4787 2097 4857 quid
2108 4797 2276 4840 autem
2304 4788 2386 4840 Itic
2414 4790 2580 4842 minus
2606 4790 2845 4845 adversus
2869 4792 3136 4864 Origenem
3156 4796 3348 4851 dictum
3377 4811 3469 4865 est,

1897 4877 1948 4928 in
1976 4877 2215 4946 prwteriti
2237 4879 2360 4931 anni
2384 4879 2597 4948 epistola
2625 4882 2927 4937 continetur.
2957 4885 3099 4940 Satis
3132 4902 3260 4944 vero
3288 4889 3466 4945 elucet

1896 4967 2136 5036 epistola:
2173 4979 2326 5036 aetas,
2355 4985 2474 5025 cum
2506 4969 2720 5028 Beatum
2765 4975 3092 5032 Anastasium
3132 4979 3334 5053 Papam
3362 4983 3472 5038 lua-

1899 5061 2076 5115 reticos
2110 5065 2343 5133 persequi
2369 5063 2518 5130 dicit,
2546 5065 2704 5136 eique
2734 5069 2928 5124 multos
2955 5071 3262 5140 imprecetur
3283 5090 3466 5140 annos,

1897 5162 1947 5204 ut
1971 5154 2218 5208 Inrreseos
2242 5155 2462 5208 rediviva
2489 5156 2746 5224 plantaria
2774 5175 2864 5229 per
2889 5160 3028 5215 illius
3071 5163 3296 5216 studium
3320 5165 3472 5237 longo

1899 5255 2122 5315 tempore
2145 5245 2373 5314 arefacta
2400 5248 2704 5302 moriantur.
2737 5251 2947 5305 Etenim
2974 5253 3242 5308 Anastasii
3267 5255 3461 5317 obitus.

1893 5345 1954 5390 ut
1985 5338 2158 5391 serius
2180 5337 2416 5407 protrahi
2446 5341 2634 5409 possit,
2662 5341 2785 5397 huic
2805 5359 2946 5399 anno
2971 5345 3095 5400 402.
3129 5347 3328 5415 Aprilis
3373 5349 3466 5415 27,

1891 5427 2286 5496 consignandus
2317 5437 2418 5493 est,
2474 5430 2614 5498 quod
2645 5430 2915 5502 Pr05peri,
2948 5445 3003 5489 et
3043 5435 3338 5490 Marcellini
3367 5437 3461 5502 Co-

1891 5520 2032 5573 mitis
2078 5519 2356 5582 chroniea,
2391 5529 2502 5574 tum
2549 5528 2729 5574 vetera
2779 5523 3034 5593 pleraque
3083 5524 3466 5593 Martyrologia

1890 5618 2170 5664 testantur.
2199 5608 2349 5676 Quiid
2377 5621 2554 5664 autem
2594 5612 2758 5680 primo
2785 5628 2895 5666 nere
2938 5613 3300 5667 alexandrinas
3319 5628 3465 5680 opes,

1871 5687 2078 5773 nempe
2121 5701 2406 5772 TheOpbiIi
2455 5704 2679 5760 alteram
2705 5705 3011 5776 paschalem
3043 5720 3103 5760 se
3132 5703 3260 5758 dicit
3287 5711 3464 5763 trans-

1885 5796 2131 5860 mittere;
2166 5807 2270 5847 non
2306 5792 2370 5849 de
2420 5793 2522 5849 alia
2569 5795 2802 5865 paschali
2847 5795 2989 5864 loqui
3039 5800 3250 5850 constat
3295 5811 3457 5865 quam

3279 413 3539 473 LXXVIII
3602 467 3610 474 .
