4004 6328
458 464 673 524 1.xth

458 578 716 639 subnexa,
747 582 867 642 quin
914 563 1187 630 nimirum,
1229 567 1288 614 ut
1337 544 1692 626 Hieronymus
1746 553 1929 642 notat,
1965 543 2018 597 in

1874 424 2260 488 PHEFATIO.

3516 418 3706 474 LXXX

2139 554 2277 606 ntus,
2310 537 2620 610 Hieronymi
2648 538 2715 593 ad
2745 538 3098 609 Augustinum
3153 536 3434 607 epistolam
3472 522 3707 591 Benedi-

459 624 890 741 ’ρξιυιεε
923 624 1200 721 dividitur,
1232 663 1460 722 quarum
1485 624 1659 717 prima
1692 640 1875 741 fideles
1900 635 2031 741 hor-
2120 624 2263 685 'ctini
2291 639 2413 733 ante
2443 644 2535 741 ses
2558 629 2922 741 annosﬂdatam
2950 637 3155 700 putant,
3183 625 3526 741 nempe.59.7,
3557 625 3709 741 culjus

464 727 604 814 tatur
635 727 1003 825 ad'paschalia
1034 747 1173 803 festa
1199 740 1540 800 sanctissime
1577 730 1919 794 celebranda,
1950 727 2032 781 al-

464 860 577 904 tera
601 824 905 914 Apollinarii
929 837 1226 907 discipulos,
1249 832 1405 888 tertia
1429 826 1711 897 Origenem
1741 824 2033 914 impugnat,

465 954 529 993 ac
557 908 770 992 tandem
797 929 1063 988 him-elicis
1083 926 1147 983 ad
1168 921 1533 997 pmnitentiam
1557 914 1811 975 invitatis.
1839 908 2038 965 Pascha

471 1027 753 1082 undecima
779 1023 865 1078 die
894 1021 1093 1075 mensis
1117 1014 1390 1072 Pharmuti
1421 1009 1734 1066 denuntiat:
1763 1004 1903 1076 quod
1945 1016 2038 1072 pe-

474 1116 628 1172 rinde
657 1123 739 1170 est
762 1111 986 1177 Latinis,
1017 1124 1078 1164 ac
1102 1106 1215 1162 vni.
1244 1105 1367 1159 ldus
1394 1101 1593 1171 Aprilis
1617 1115 1632 1164 ;
1664 1111 1765 1167 qua
1790 1109 1916 1150 sane
1933 1091 2041 1159 die,

476 1220 565 1259 an.
597 1203 724 1271 402,
751 1201 902 1273 cyclo
924 1199 1065 1254 Solis
1112 1212 1222 1250 snt.
1249 1192 1414 1247 Luna:
1446 1206 1519 1244 tv.
1548 1189 1627 1243 lit.
1660 1186 1705 1241 E
1736 1186 1789 1240 in
1821 1192 2041 1239 romana

473 1295 712 1352 Ecclesia
741 1290 1068 1347 Dominicum
1090 1283 1293 1341 Pascha
1322 1288 1592 1352 peractum
1625 1285 1728 1332 est.
1877 1344 1883 1349 .

546 1382 715 1440 XCIX
751 1392 805 1438 et
847 1381 910 1436 C.
954 1379 1173 1451 Scriptw
1198 1393 1284 1429 an.
1320 1372 1445 1428 404.
1470 1399 1543 1411 -
1570 1369 1700 1423 lleie
1748 1362 1913 1420 semel
1943 1402 1957 1426 ,
1990 1368 2050 1415 ut

472 1476 749 1547 paschales
796 1473 1057 1545 epistolae.
1087 1484 1206 1540 quae
1234 1464 1475 1536 ejusdem
1524 1456 1843 1547 argumenti
1880 1463 2043 1523 atque

482 1566 716 1621 auctoris
745 1571 892 1630 sunt,
947 1561 1050 1617 sibi
1085 1558 1338 1614 continuo
1396 1551 1703 1613 succedant,
1752 1555 2050 1613 temporum

480 1659 722 1713 ordinem
753 1655 1138 1710 antevertimus
1164 1668 1178 1704 :
1207 1663 1327 1719 quae
1347 1646 1488 1700 enim
1511 1648 1804 1712 sequuntur
1843 1636 1961 1690 dua:
1987 1632 2054 1686 ad

478 1765 673 1805 annum
697 1747 966 1818 pertinent
988 1744 1114 1810 404,
1136 1750 1253 1812 post
1274 1738 1331 1794 S.
1362 1737 1540 1792 Paula:
1561 1733 1785 1793 obitum,
1808 1727 1897 1798 qui
1924 1725 2047 1818 ejus

482 1839 608 1893 anni
639 1816 734 1892 vn.
762 1834 1024 1892 Calendas
1069 1829 1367 1887 februarias
1395 1823 1640 1894 contigit.
1668 1821 1822 1882 Nam,
1845 1818 1937 1882 ita,
1971 1816 2056 1868 in-

480 1929 596 1999 quit
623 1928 978 1998 Hieronymus
1008 1925 1061 1980 in
1090 1923 1270 1994 priore
1287 1920 1352 1975 ad
1373 1915 1729 1985 Theophilum
1749 1927 1805 1965 η.
1834 1910 1888 1963 2.
1917 1908 2056 1963 San-

481 2028 577 2073 cta:
597 2034 657 2072 ac
683 2016 979 2072 venerabilis
1018 2013 1202 2067 Paula;-
1221 2014 1479 2080 confectus
1503 2023 1615 2061 sum
1640 2003 1961 2067 dormitione,
1981 2009 2057 2061 ut,

486 2109 670 2178 absque
711 2106 1038 2161 translatione
1081 2104 1234 2174 hujus
1278 2100 1420 2155 Libri
1446 2098 1591 2167 (puta
1620 2093 1924 2165 paschalcm
1951 2088 2063 2160 epi-

486 2196 703 2267 stolam)
720 2211 875 2266 usque
895 2196 947 2249 in
977 2194 1361 2263 praesentiarum
1387 2188 1516 2242 nihil
1535 2185 1678 2240 aliud
1704 2182 1861 2237 divini
1882 2180 2063 2251 Operis

482 2289 790 2359 scripserim.
822 2286 1145 2342 Prodierunt
1164 2293 1345 2338 autem
1372 2281 1532 2335 simul
1561 2294 1687 2342 una,
1724 2287 1836 2334 tum
1877 2276 1967 2329 illa
1997 2274 2062 2329 ad

488 2379 868 2449 Theophilum,
888 2392 990 2450 qua
1014 2376 1081 2431 ad
1121 2388 1243 2431 eum
1278 2371 1552 2428 Paschalis
1573 2368 2064 2439 interpretationem

502 2470 721 2534 direxit,
760 2470 948 2539 suique
974 2470 1027 2523 in
1063 2482 1130 2523 eo
1158 2482 1321 2537 Opere
1345 2464 1545 2519 Latinis
1575 2463 1791 2518 auribus
1814 2462 2064 2517 donando

497 2560 698 2616 laboris
734 2561 998 2615 rationem
1029 2559 1235 2624 reddit;
1264 2570 1372 2614 tum
1397 2560 1517 2631 ipsa
1547 2555 1892 2613 Alexandrini
1917 2555 2064 2610 Pon-

494 2651 655 2707 tiﬁeis
710 2650 974 2722 paschalis
1022 2650 1246 2720 epistola
1283 2689 1296 2716 ,
1336 2665 1494 2721 quam
1538 2650 1702 2704 latine
1747 2646 2067 2718 esplicatam

495 2740 653 2796 simul
678 2743 747 2797 ad
772 2740 1022 2797 eumdem
1050 2743 1216 2809 misit,
1263 2756 1326 2797 ac
1371 2740 1638 2812 prioribus
1666 2739 1858 2793 litteris
1905 2752 2071 2806 θορυ-

494 2832 644 2888 lavit.
668 2831 738 2888 Ut
758 2847 885 2889 vero
902 2833 1044 2911 nulla
1068 2833 1135 2888 de
1159 2833 1501 2903 epistolarum
1526 2841 1684 2887 aetate
1698 2830 1958 2886 dubitatio
1979 2829 2064 2893 sit,

497 2936 618 2992 qua:
646 2924 801 2994 plane
829 2924 1141 2996 intelligitur
1168 2939 1236 2980 ex
1270 2923 1455 2981 Paula:
1482 2924 1668 2991 obitu;
1700 2923 1754 2977 id
1799 2923 1970 2992 ipsum
2003 2935 2069 2975 ex

497 3013 735 3082 paschali
759 3015 1068 3073 charactere
1091 3012 1615 3072 certius'constahit.
1644 3013 1899 3069 lndicitur
1926 3012 2068 3067 enim

466 3166 471 3179 ,
500 3104 705 3161 Pascha
729 3107 986 3176 vigesima
1017 3106 1252 3162 secunda
1299 3106 1386 3163 die
1412 3106 1611 3161 mensis
1637 3105 1932 3167 Pharmuti,
1971 3103 2072 3157 hoc

504 3206 589 3253 est
616 3198 754 3267 apud
780 3198 1052 3254 Romanos
1075 3198 1282 3254 decima
1309 3198 1540 3268 septima
1570 3196 1791 3266 Aprilis,
1815 3208 1916 3264 qua
1946 3208 2075 3248 sane

501 3288 610 3355 die,
652 3287 864 3344 Norisio
906 3298 1092 3344 nostro
1135 3297 1449 3353 annotante,
1482 3303 1626 3342 anno
1652 3284 1917 3341 bissextili
1944 3284 2070 3339 404.

509 3379 715 3435 Pascha
751 3381 1081 3437 celebratum
1127 3380 1259 3448 fuit,
1311 3380 1463 3451 cyelo
1499 3377 1642 3433 Solis
1668 3390 1776 3431 xxx.
1809 3375 1977 3431 Lunze
2003 3388 2074 3427 γε.

509 3472 589 3526 lit.
619 3469 681 3525 C.
707 3471 769 3526 B.
1636 3472 1641 3479 '

577 3560 642 3618 CI
687 3572 744 3618 et
789 3562 898 3618 Cll.
932 3563 1151 3634 Scripta:
1185 3564 1306 3617 circ.
1352 3579 1439 3618 an.
1479 3561 1599 3617 402.
1632 3592 1705 3602 -
1748 3559 2079 3616 Benedictini

505 3652 747 3712 Honacbi
798 3656 990 3726 quibus
1039 3664 1312 3724 acceptam
1360 3655 1643 3710 referimus
1687 3652 1746 3709 S.
1794 3652 2079 3722 Augustini

511 3746 822 3814 editionem,
870 3748 969 3804 has
996 3749 1130 3803 duas
1172 3746 1424 3817 epistolas
1470 3747 1522 3802 in
1562 3761 1757 3800 annum
1803 3745 2084 3800 conferunt

508 3837 635 3904 402,
666 3839 747 3894 his
763 3839 908 3894 ducti
929 3839 1273 3910 conjecturis,
1296 3837 1436 3908 quod
1459 3838 1706 3892 nimirum
1734 3835 1949 3904 scriptae
1978 3836 2080 3889 sint

511 3939 631 3999 post
658 3929 953 3985 Pauliniani
997 3944 1299 4000 regressum
1328 3944 1395 3983 ex
1423 3927 1709 3983 Occidente
1740 3927 1793 3981 in
1839 3925 2082 3981 Palmsti-

514 4035 673 4085 nam;
705 4021 1133 4090 quandoquidem
1163 4020 1493 4097 Augustinus.
1538 4020 1711 4089 ipsum
1757 4018 1976 4081 salutat,
2005 4017 2084 4069 vi-

514 4109 803 4180 cissimque
821 4111 889 4165 ab
918 4110 1033 4179 ipso
1057 4126 1151 4181 per
1167 4110 1548 4181 Hieronymum
1579 4109 1860 4163 salutatur.
1889 4108 2081 4168 Porro.

516 4197 800 4268 inquiunt,
838 4200 1030 4254 missus
1073 4200 1412 4255 Paulinianus
1440 4216 1468 4252 a
1495 4200 1657 4253 fratre
1701 4213 1799 4253 suo
1826 4199 2088 4269 Hierony-

518 4302 608 4342 mo
636 4288 686 4341 in
712 4287 1056 4342 Occidentem
1090 4303 1231 4341 anno
1260 4289 1386 4355 398,
1419 4300 1475 4341 ut
1505 4304 1660 4342 suum
1687 4302 1971 4341 commune
1994 4303 2086 4357 pa-

523 4378 835 4432 trimonium
865 4377 1201 4445 divenderct,
1230 4378 1297 4432 de
1321 4394 1427 4448 quo
1454 4377 1813 4448 Hieronymus
1846 4378 1897 4430 in
1928 4378 2085 4446 epist.

523 4469 614 4536 56,
646 4470 712 4524 ad
740 4467 1160 4534 Pammachium,
1193 4484 1299 4523 non
1332 4469 1488 4523 rediit
1516 4466 1812 4532 Bethleem,
1865 4467 1966 4521 nisi
1992 4467 2092 4519 sub

522 4562 681 4616 linem
732 4560 857 4614 anni
888 4559 1011 4615 401.
1070 4560 1335 4614 Prmtcrea
1390 4558 1747 4628 Hieronymus
1793 4556 2091 4626 Augustino

527 4668 667 4707 nunc
696 4653 1008 4706 transmittit
1030 4651 1336 4721 Apologiam
1360 4665 1510 4704 suam
1528 4648 1783 4703 adversus
1800 4648 2090 4712 Bullinum,

527 4760 621 4800 seu
679 4745 925 4815 primam,
976 4758 1073 4797 seu
1102 4742 1431 4808 secundam;
1480 4741 1632 4809 cujus
1662 4741 1820 4797 verba
1852 4743 2095 4812 qumdam

523 4834 728 4906 profert
753 4834 1080 4905 Augustinus
1109 4835 1161 4888 in
1214 4835 1370 4902 epist.
1417 4832 1643 4899 CLXVI,
1676 4849 1769 4888 nu.
1821 4835 1904 4890 l5.
1937 4832 2095 4890 Certe

521 4929 629 5000 jam
652 4927 720 4983 ad
747 4928 1132 4998 Hieronymum
1164 4924 1443 4980 Maledicta
1473 4942 1567 4979 sua
1594 4927 1794 4979 miserat
1821 4925 2090 4991 Bullinus,

527 5021 601 5074 uti
626 5019 820 5074 dicitur
844 5020 897 5073 in
926 5019 1024 5072 hac
1062 5019 1220 5089 epist.
1254 5034 1401 5073 num.
1431 5019 1519 5083 50,
1546 5019 1696 5089 quod
1727 5020 1944 5091 quidem
1974 5020 2103 5076 fecit.

529 5112 618 5167 ille
643 5120 763 5182 post
791 5110 1104 5181 Apologiam
1132 5110 1388 5180 priorem,
1419 5111 1601 5181 sicque
1628 5112 1967 5166 occasionem
2002 5129 2094 5181 po-

527 5205 742 5260 steriori
793 5202 1035 5274 przebuit.
1068 5213 1124 5257 ut
1178 5218 1243 5257 ex
1273 5203 1461 5257 eadem
1493 5203 1796 5273 posteriore
1841 5204 2097 5273 Apologia

537 5306 699 5365 patet,
728 5311 849 5366 qua:
875 5296 1127 5365 Apologia
1156 5295 1386 5365 pertinet
1414 5293 1481 5349 ad
1506 5310 1595 5348 an.
1619 5294 1744 5350 402.
1771 5294 1895 5349 Haec
1920 5293 2096 5348 Bene-

533 5388 853 5443 dictinorum
879 5396 1005 5441 sunt
1029 5396 1362 5457 argumenta,
1390 5388 1584 5457 quibus
1629 5397 1684 5441 ut
1711 5386 1843 5440 nihil
1871 5401 2100 5454 repona-

533 5494 673 5545 mus,
703 5494 765 5534 ea
794 5486 968 5533 tamen
998 5495 1115 5548 qua:
1138 5478 1206 5533 de
1237 5479 1444 5532 Asterio
1483 5479 1599 5547 ejus
1652 5478 1892 5548 epistolae
1923 5476 2100 5545 perla-

536 5584 654 5629 tore
698 5569 970 5639 subdunt,
1019 5585 1243 5641 qumque
1299 5569 1424 5624 inde
1470 5570 1800 5639 conjectant.
1848 5566 1966 5620 hcic
1995 5567 2099 5619 loci

534 5662 851 5727 omittimus,
904 5662 1046 5731 quod
1098 5662 1206 5715 alio
1254 5675 1437 5723 sensu,
1470 5667 1632 5727 atque
1660 5657 1848 5712 ordine
1894 5654 2100 5709 consti-

537 5755 732 5810 tuenda
754 5768 1090 5820 censeamus,
1116 5763 1278 5825 atque
1299 5748 1636 5821 explicanda.

603 5846 736 5903 ειη.
771 5844 978 5915 Scripta
1003 5862 1088 5899 an.
1132 5836 1262 5898 403.
1293 5870 1364 5882 ——
1391 5840 1557 5911 tlanc,
1596 5846 1658 5898 ut
1705 5852 1863 5909 supra
1888 5836 2101 5894 monui-

2140 722 2418 776 sententize
2448 721 2635 775 isthmc
2680 719 2908 774 all‘erunt
2947 726 3281 789 argumenta.
3312 718 3583 771 Asterium
3616 717 3716 786 hy-

2146 815 2518 884 podiaconum,
2542 814 2632 884 qui
2659 812 2953 884 superioris
2979 810 3288 882 Hieronymi
3316 808 3562 879 epistola:
3592 822 3717 877 por-

2148 905 2271 960 titor
2293 904 2471 967 fuerit,
2500 916 2660 973 atque
2688 904 2739 958 in
2774 904 2873 958 hac
2904 903 3018 974 ipsa
3056 901 3239 956 statim
3270 898 3422 954 initio
3449 897 3715 961 laudatur,

2145 999 2229 1053 bis
2257 999 2439 1052 volunt
2466 1012 2533 1052 ex
2560 995 2779 1052 Oriente
2822 996 2876 1051 in
2924 994 3179 1072 Africam,
3231 1002 3287 1048 et
3334 1008 3367 1048 e
3411 1000 3601 1048 contra
3645 1006 3712 1043 ex

2146 1089 2326 1146 Africa
2379 1091 2431 1143 in
2476 1089 2751 1143 Orientem
2794 1088 3114 1156 navigasse;
3147 1085 3343 1155 quippe
3389 1081 3673 1153 epistolam
3703 1120 3720 1143 ,

2148 1195 2304 1250 quam
2335 1179 2421 1233 hic
2470 1178 2826 1249 Hieronymus
2880 1175 3121 1230 recolita
3166 1188 3226 1229 se
3276 1187 3417 1228 anno
3459 1170 3723 1239 superiori

2149 1272 2323 1327 eidem
2350 1272 2561 1326 Asteria
2589 1269 3037 1331 commendatam,
3073 1268 3124 1321 in
3154 1281 3255 1336 qua
3285 1272 3571 1337 promptum
3598 1261 3716 1316 red-

2151 1363 2288 1416 deret
2315 1361 2635 1415 salutationis
2660 1360 2894 1429 oﬂicinm,
2922 1358 3141 1413 minime
3165 1355 3345 1413 induci
3386 1361 3636 1425 possunt,
3661 1360 3721 1407 ut

2152 1451 2374 1507 credant
2402 1466 2520 1506 eam
2572 1452 2738 1520 ipsam
2766 1465 2906 1517 esse,
2936 1465 3093 1518 quam
3144 1447 3302 1502 modo
3348 1442 3725 1515 expendimus,

2154 1553 2209 1599 et
2232 1543 2384 1613 cujus
2413 1544 2619 1598 initium
2650 1551 2753 1606 est,
2780 1542 2845 1595 In
2869 1543 2982 1612 ipso
3011 1539 3337 1613 profectionis
3361 1537 3577 1591 articulo
3602 1553 3730 1590 san-

2157 1635 2223 1687 cti
2247 1634 2339 1703 ﬁlii
2355 1633 2512 1686 nostri
2534 1633 2714 1687 Asterii
2735 1631 3112 1703 Hypodiaconi.
3162 1630 3448 1695 Prmterea,
3472 1642 3593 1683 cum
3615 1626 3734 1680 heic

2158 1725 2422 1795 significet
2448 1724 2806 1796 Hieronymus
2836 1740 2894 1778 se
2920 1724 2972 1778 in
2996 1725 3328 1778 monasterio
3355 1721 3726 1784 constitutum,

2160 1815 2506 1870 nihilominus
2534 1818 2685 1870 variis
2712 1816 2827 1868 hinc
2854 1815 2970 1869 inde
2999 1814 3242 1885 ﬂuctibus
3266 1813 3429 1881 quati,
3458 1800 3579 1881 post
3620 1828 3722 1866 an-

2161 1922 2287 1959 num
2316 1906 2441 1969 597,
2471 1906 2585 1958 haec
2611 1904 2768 1959 scribi
2801 1906 3043 1974 potuisse
3068 1917 3174 1957 non
3210 1910 3415 1971 putant,
3444 1903 3540 1955 sed
3581 1911 3732 1956 antc-

2161 2012 2318 2066 quam
2348 1996 2436 2050 ille
2478 2010 2602 2049 cum
2645 1994 2849 2049 Joanne
2892 1994 3336 2065 Jerosolyntitano
3376 1992 3629 2049 rediisset
3683 1992 3738 2048 in

2162 2088 2421 2158 gratiam;
2451 2087 2597 2157 quod
2628 2087 2844 2141 minime
2867 2087 3093 2157 legerint
3125 2086 3296 2156 ipsum
3324 2086 3390 2139 ab
3422 2084 3511 2139 illa
3543 2099 3737 2140 recon-

2164 2177 2433 2232 ciliatione
2492 2192 2658 2247 usque
2703 2176 2770 2231 ad
2824 2179 3224 2248 persecutiones
3295 2178 3350 2231 in
3420 2176 3669 2231 eumdem
3709 2191 3739 2229 a

2167 2266 2465 2337 Pelagianis
2505 2267 2817 2333 concitatas,
2875 2269 3211 2322 occasionem
3260 2268 3332 2322 ita
3378 2267 3741 2337 conquerendi

2168 2359 2439 2413 habuisse.
2464 2358 2694 2414 Proinde
2720 2360 2870 2425 istas,
2892 2358 2959 2412 de
2980 2359 3175 2428 quibus
3194 2358 3399 2427 agimus
3433 2357 3742 2428 Hieronymi

2165 2449 2391 2515 litteras,
2422 2466 2554 2520 quas
2594 2450 2776 2505 tertias
2802 2465 3007 2516 earum,
3059 2466 3177 2520 qua:
3209 2449 3502 2519 Augustino
3548 2449 3744 2502 inscri-

2168 2542 2388 2608 buntur,
2418 2556 2515 2596 nos
2537 2542 2804 2609 ducimus,
2829 2542 2904 2596 illi
2932 2543 3197 2597 secundas
3216 2540 3447 2596 faciunt:
3473 2541 3540 2596 de
3558 2540 3746 2611 primis

2169 2632 2335 2695 enim,
2385 2647 2503 2701 qua:
2549 2632 2958 2697 interciderunt,
2989 2643 3045 2688 et
3071 2633 3261 2703 quibus
3309 2633 3637 2703 Augustinus
3661 2648 3747 2689 re-

2170 2722 2384 2794 spondit
2412 2720 2585 2777 Habeo
2612 2723 2831 2793 gratiam
2874 2722 3011 2795 quod
3045 2766 3060 2791 ,
3094 2735 3224 2791 elc.,
3254 2724 3455 2779 nullum
3481 2725 3748 2795 utrimque

2172 2826 2254 2871 est
2281 2815 2520 2869 dubium.

2243 2910 2402 2980 Atqui
2434 2910 2485 2962 in
2510 2907 2693 2979 primis
2725 2909 2883 2979 plane
2911 2910 3333 2965 eommentitium
3360 2909 3573 2964 videtur
3594 2908 3751 2964 nobis

2176 3001 2305 3056 illud
2337 3003 2531 3057 Asterii
2566 3003 2847 3072 repetitum
2892 3003 2994 3057 iter
3027 3004 3076 3057 in
3108 3001 3378 3057 Orientem
3410 3018 3479 3058 ex
3521 3002 3702 3057 Africa
3733 3043 3748 3065 ,

2175 3095 2327 3164 cujus
2350 3109 2449 3149 nec
2477 3094 2595 3149 vola
2622 3103 2705 3150 est
2730 3137 2744 3160 ,
2794 3110 2891 3150 nec
2918 3095 3195 3165 vestigium
3221 3096 3275 3150 in
3303 3096 3634 3166 Hieronymi,
3661 3102 3752 3150 aut

2178 3185 2456 3255 Augustini
2483 3186 2740 3255 epistolis.
2760 3187 2866 3241 imo
2890 3202 2991 3240 una
3022 3195 3225 3240 tantum
3278 3188 3394 3242 vice
3441 3196 3749 3259 susceptum

2179 3288 2244 3328 ex
2271 3274 2458 3330 iisdem
2487 3286 2569 3331 est
2599 3277 2900 3347 intelligere
2933 3295 2948 3333 :
2972 3277 3125 3343 Quod
3155 3287 3343 3347 suapte
3369 3278 3531 3332 etiam
3560 3289 3749 3333 natura

2177 3368 2638 3424 verosimillimum
2666 3379 2765 3425 est.
2802 3369 3001 3425 Deinde
3025 3409 3040 3436 ,
3067 3369 3207 3439 quod
3236 3378 3526 3440 promptum
3550 3370 3752 3424 saluta-

2180 3461 2331 3514 tionis
2361 3461 2578 3532 oﬂicium
2604 3459 2832 3532 appellet
2861 3460 3214 3532 Hieronymus
3241 3500 3256 3526 ,
3283 3461 3614 3531 superiorem
3645 3462 3758 3531 epi-

2181 3555 2372 3609 stolam
2402 3554 2536 3609 adeo
2563 3570 2670 3608 non
2721 3555 3069 3624 incongruum
3120 3566 3201 3608 est
3230 3551 3500 3617 arbitrari,
3534 3562 3592 3607 ut
3646 3568 3753 3607 non

2180 3644 2301 3699 aliis
2317 3644 2491 3699 verbis
2514 3646 2643 3698 satis
2665 3644 3049 3698 convenienter
3068 3656 3184 3697 eam
3205 3642 3465 3711 potuisset
3481 3643 3749 3698 recolere:

2186 3734 2301 3790 haec
2330 3734 2591 3805 siquidem
2621 3743 2677 3788 et
2706 3733 2919 3788 brevior
2938 3742 3039 3799 est,
3066 3743 3119 3787 et
3148 3733 3458 3804 Hieronymi
3481 3732 3755 3803 undequa-

2185 3840 2289 3894 que
2328 3840 2562 3880 antorem
2606 3824 2771 3893 spirat
2800 3824 2851 3876 in
2882 3822 3255 3891 Augustinum.
3314 3820 3442 3874 Vide
3466 3863 3481 3886 ,
3531 3822 3701 3891 inquit
3733 3863 3749 3886 ,

2186 3927 2432 3983 quantum
2459 3924 2506 3968 te
2525 3915 2754 3985 diligam,
2800 3922 2851 3965 ut
2882 3929 2943 3965 ne
2961 3922 3258 3983 provocatus
3285 3912 3528 3965 voluerim
3551 3920 3762 3983 respon-

2188 4008 2324 4074 dere,
2357 4023 2445 4061 nec
2473 4007 2673 4060 credant
2699 4014 2839 4058 tuum
2875 4020 3001 4069 esse,
3026 4004 3159 4073 quod
3175 4003 3227 4056 in
3248 4002 3404 4057 altero
3433 4006 3564 4073 forte
3590 4020 3761 4073 repreo

2189 4098 2476 4152 Iwnderem.
2521 4096 2649 4161 Sed,
2702 4096 2842 4166 quod
2896 4110 3102 4149 sunnna
3156 4093 3453 4164 argumenti
3481 4102 3587 4159 est,
3640 4092 3762 4147 ideo

2191 4197 2475 4256 promptam
2501 4186 2858 4240 salutationem
2887 4195 3065 4248 vocat,
3097 4185 3239 4256 quod
3269 4183 3454 4239 eodem
3505 4185 3763 4253 temporis

2191 4277 2414 4330 articulo
2433 4274 2554 4329 data
2575 4287 2677 4342 est,
2709 4291 2815 4345 quo
2841 4276 2940 4331 sibi
2982 4277 3204 4330 redditae
3229 4284 3351 4330 sunt
3368 4273 3649 4344 Augustini
3681 4275 3765 4327 lit-

2194 4378 2343 4435 terze,
2377 4367 2443 4421 In
2472 4369 2603 4437 ipso,
2649 4368 2840 4436 inquit,
2868 4366 3194 4438 profectionis
3217 4365 3431 4420 articulo
3478 4366 3645 4417 sancti
3674 4366 3769 4434 ﬁlii

2195 4461 2354 4515 nostri
2380 4461 2567 4515 Asterii
2595 4459 2955 4531 Hypodiaconi
2986 4459 3252 4514 necessarii
3282 4459 3397 4523 mei,
3429 4455 3771 4511 Beatitudinis

2196 4563 2295 4607 tua:
2320 4553 2507 4607 littera:
2533 4552 2603 4605 ad
2633 4568 2712 4605 me
2738 4560 3088 4622 pervenerunt.
3121 4549 3257 4605 illud
3308 4562 3519 4619 quoque
3566 4550 3772 4617 Optime

2194 4644 2435 4715 quadrat,
2467 4645 2608 4715 quod
2638 4646 2714 4699 ait
2746 4645 2891 4699 Hier.
2925 4644 3081 4697 variis
3110 4644 3228 4696 hinc
3279 4641 3399 4695 inde
3427 4657 3481 4695 se
3529 4642 3775 4711 [luctibus

2195 4738 2371 4807 quati;
2416 4745 2532 4791 erat
2579 4736 2720 4791 enim
2751 4728 3105 4804 Jerosolymis
3132 4749 3196 4787 eo
3223 4740 3484 4800 tempore,
3534 4731 3621 4784 cui
3677 4745 3776 4784 nos

2198 4830 2477 4896 epistolam
2504 4829 2883 4898 consignamus
2907 4867 2919 4891 ,
2952 4825 3145 4878 ltuffini
3174 4822 3334 4878 factio
3362 4840 3376 4876 :
3404 4831 3559 4878 erant
3586 4820 3777 4893 Orige-

2200 4920 2375 4985 nistte,
2403 4919 2490 4988 qui
2518 4918 2901 4988 Hieronymum
2952 4930 3052 4985 qua
3100 4913 3421 4981 maledictis,
3470 4928 3573 4983 qua
3621 4917 3773 4969 calu-

2201 5013 2380 5077 mniis,
2424 5012 2652 5081 aliisque
2699 5007 3160 5079 persecutionibus
3209 5007 3548 5076 impeterent,
3603 5016 3659 5061 et
3704 5009 3783 5062 sic

2200 5104 2559 5175 conquercndi
2589 5101 2647 5158 S.
2674 5102 2816 5157 Patri
2843 5101 3177 5155 occasionem
3205 5099 3411 5153 darent.
3430 5098 3587 5153 Nulla
3617 5101 3783 5170 igitur

2201 5211 2359 5250 causa
2409 5210 2528 5249 cum
2584 5194 2674 5256 sit,
2719 5207 2821 5261 qua
2870 5192 2975 5244 alio
3003 5201 3251 5260 torquere
3280 5189 3591 5263 Hieronymi
3618 5192 3783 5246 verba

2203 5285 2511 5351 debeamus,
2541 5280 3036 5351 eurnque'ordinem
3059 5320 3077 5345 ,
3126 5296 3284 5350 quem
3326 5290 3518 5351 sponte
3547 5280 3789 5335 indicant

2203 5386 2532 5445 pervertere,
2563 5373 2699 5425 hanc
2720 5372 3018 5451 epistolam
3053 5374 3317 5440 superiori
3364 5372 3742 5428 subnectimus
3767 5413 3784 5435 ,

2205 5477 2362 5536 atque
2390 5479 2531 5519 anno
2558 5461 2858 5532 insequenti
2881 5462 3009 5526 405,
3043 5463 3346 5529 tribuimus,
3376 5465 3518 5533 quod
3570 5476 3601 5518 a
3630 5479 3689 5519 se
3718 5465 3787 5519 ab

2205 5572 2272 5612 eo
2300 5565 2538 5624 tempore
2562 5552 2740 5607 datam
2771 5553 2944 5621 primo
2973 5552 3152 5606 statim
3180 5555 3342 5606 verbo
3371 5554 3709 5622 profiteatur.

2278 5646 2407 5702 CIV.
2438 5645 2643 5715 Scripta
2692 5644 2865 5697 eodem
2913 5661 2999 5696 an.
3032 5644 3157 5699 405.
3197 5672 3269 5682 -
3298 5643 3461 5708 Illud,
3505 5660 3573 5698 ex
3627 5644 3785 5713 hujus

2210 5739 2448 5811 epistola:
2471 5746 2581 5793 toto
2601 5744 2854 5791 contextu
2881 5736 3071 5805 liquet,
3103 5733 3408 5806 Hieronymi
3436 5735 3644 5791 litteras
3672 5747 3785 5791 tum

2216 5833 2343 5892 illas
2375 5829 2664 5902 Superioris
2691 5830 2817 5886 anni
2846 5829 3060 5885 Asterio
3103 5823 3530 5888 commendatos,
3559 5834 3673 5884 tum
3700 5842 3784 5884 re.
