4004 6328
187 398 260 456 LX
267 395 369 452 XXI

183 509 414 567 centiores
435 517 465 557 a
492 501 755 558 Praesidio
789 496 1129 562 deferendas,
1162 493 1397 550 nondum
1445 489 1671 559 Augusti
1691 515 1717 528 -

184 617 289 659 num
315 599 600 667 accepisse,
626 609 746 650 cum
771 598 980 661 arrepta
1010 588 1293 645 occasione
1312 582 1562 656 Cypriani
1590 580 1722 633 Dia-

182 694 283 749 coui
323 696 713 760 peropportuna
739 726 753 748 ,
783 684 918 737 banc
963 681 1080 751 ejus
1118 678 1405 748 diligentia:
1431 716 1447 741 ,
1480 688 1545 728 ac
1594 671 1717 725 fidei

180 782 434 840 commisit.
458 778 691 847 Quippe,
724 775 968 845 inquiunt
988 770 1280 825 doctissimi
1331 768 1565 822 editores
1612 762 1717 816 Bc-

180 872 422 931 uedictini.
472 870 541 923 de
572 869 715 922 illius
761 880 881 920 cum
932 861 1147 917 Rufiin
1198 857 1462 914 discordia
1516 854 1718 908 nullum

180 965 372 1019 verbum
425 959 598 1020 facit;
643 957 919 1025 aperitque
963 952 1124 1007 etiam
1165 950 1261 1004 hic
1285 948 1450 1003 libere
1493 943 1618 1015 quid
1650 941 1721 996 de

179 1055 303 1108 illius
336 1052 382 1103 in
408 1049 560 1103 libris
586 1047 793 1101 Veteris
814 1041 1139 1099 Testamenti
1168 1056 1232 1094 es
1260 1038 1482 1092 Hebraeo
1510 1042 1724 1089 verten-

177 1145 246 1195 dis
268 1141 440 1195 labore
468 1137 690 1200 sentiat,
720 1134 1127 1205 haudquaquam
1165 1131 1215 1184 id
1243 1127 1481 1183 facturus
1507 1140 1612 1179 non
1635 1138 1722 1178 se-

174 1234 281 1287 tlato
306 1232 355 1285 in
384 1231 574 1301 primis
615 1227 929 1298 Hieronymi
959 1226 1162 1289 animo,
1191 1223 1236 1277 si
1283 1235 1405 1276 eum
1453 1217 1722 1288 prioribus

175 1320 387 1390 epistolis
437 1323 553 1374 suis
582 1326 936 1381 commotum,
963 1314 1332 1381 offensumque
1374 1310 1534 1364 fuisse
1564 1308 1721 1362 intel-

173 1413 383 1467 lexisset.
412 1410 625 1465 Rursus
674 1419 783 1463 tres
830 1406 990 1462 simul
1041 1405 1175 1459 alias
1202 1402 1464 1473 Epistolas
1492 1401 1719 1454 antehac

172 1504 372 1571 scriptas
394 1502 595 1571 jungit,
642 1513 867 1570 quarum
917 1497 1244 1567 posteriores
1292 1493 1468 1555 duas,
1525 1504 1720 1559 nempe

172 1591 332 1646 LXVII
362 1601 417 1645 et
443 1592 505 1646 Cl
533 1590 677 1661 quod
700 1588 942 1644 crederet
959 1586 1027 1641 ad
1057 1585 1437 1653 Hieronymum
1470 1596 1572 1635 non
1603 1596 1725 1649 per-

171 1684 379 1746 venisse,
435 1683 674 1751 priorem
707 1695 833 1736 vero
862 1679 974 1733 LVI
1016 1676 1160 1747 quod
1205 1675 1422 1730 minime
1463 1674 1720 1744 perlatam

171 1775 309 1829 fuisse
331 1775 560 1828 sciebat.
603 1773 742 1826 liinc
776 1786 935 1841 porro
954 1768 1236 1824 conficitur
1263 1781 1330 1820 ex
1356 1781 1534 1821 rerum
1561 1764 1721 1831 serie,

166 1881 303 1934 quam
331 1865 708 1934 exposuimus,
738 1863 806 1918 ad
833 1877 928 1916 an.
951 1860 1064 1916 405
1090 1860 1279 1930 ipsam,
1302 1857 1371 1913 de
1397 1872 1499 1927 qua
1521 1855 1726 1926 agimus

165 1955 416 2024 epistolam
454 1956 748 2024 pertinere.

220 2044 325 2099 CV.
374 2043 598 2114 Scripta
646 2042 821 2097 eodem
848 2058 936 2095 tm.
962 2040 1089 2095 405.
1117 2069 1188 2080 --
1217 2036 1523 2108 Respondet
1548 2038 1727 2106 Augu-

164 2136 269 2189 stini
311 2136 519 2189 litteris
541 2177 557 2201 ,
594 2150 701 2188 non
734 2134 798 2187 iis
824 2132 1040 2202 quidem
1069 2146 1162 2200 per
1186 2130 1505 2201 Cyprianum
1530 2127 1725 2190 allatis,

159 2226 236 2279 sed
262 2224 504 2288 duabus,
534 2240 657 2294 qua:
681 2224 782 2276 sibi
807 2223 967 2293 paulo
996 2232 1120 2275 ante
1147 2219 1373 2275 redditte
1398 2218 1627 2278 fuerant,
1647 2217 1729 2269 ni—

161 2316 329 2369 mirum
357 2314 568 2370 LX‘v’Il
597 2323 652 2368 et
685 2313 749 2369 CI
794 2321 851 2367 ut
896 2328 963 2367 cx
1010 2326 1160 2364 num.
1219 2310 1253 2363 4
1280 2307 1612 2375 intelligitur,
1642 2306 1730 2359 ubi

155 2405 377 2473 quaedam
451 2406 523 2460 de
547 2404 717 2459 verbo
744 2405 939 2470 repetit
980 2415 1048 2454 ex
1074 2398 1259 2453 iisdem
1311 2397 1549 2466 epistolis
1578 2408 1736 2463 supe-

160 2497 274 2549 riore
311 2510 476 2549 anno
533 2495 639 2548 sibi
685 2491 947 2554 directis;
992 2489 1133 2542 unde
1188 2489 1301 2540 inec
1349 2487 1459 2555 ipsa
1489 2484 1641 2539 facile
1667 2484 1732 2537 ad

163 2585 273 2640 hunc
308 2600 533 2638 annum
587 2583 698 2636 405
746 2581 958 2634 videtur
1004 2578 1303 2633 referenda.
1336 2577 1486 2641 Quod
1521 2591 1730 2629 rursum

163 2678 289 2732 facile
318 2675 634 2731 conﬁcitur
663 2690 731 2727 es
765 2688 913 2726 num.
941 2673 994 2736 i,
1027 2670 1113 2724 ubi
1136 2668 1418 2738 Augustini
1451 2667 1727 2737 epistolam

160 2769 343 2833 LXVII,
377 2768 455 2822 de
489 2782 601 2836 qua
632 2765 753 2818 heic
774 2762 1096 2831 expostulat,
1127 2771 1250 2815 ante
1275 2760 1376 2813 hoc
1391 2757 1560 2813 ferme
1575 2761 1729 2829 quiu-

160 2862 433 2932 quennium
464 2858 524 2911 in
555 2857 728 2911 insula
751 2854 925 2908 Adrite
950 2852 1078 2906 dicit
1097 2851 1364 2905 iuventam
1393 2850 1554 2903 fuisse
1579 2864 1609 2902 a
1633 2850 1720 2905 Si-

160 2950 333 3014 sitmio,
362 2945 517 3017 quod
538 2960 638 2999 nos
665 2945 807 2998 circa
832 2959 921 2998 an.
939 2942 1046 3003 598
1071 2940 1400 2994 ostendimus
1417 2941 1721 3005 coutigiSse.

163 3041 357 3095 Addunt
384 3038 594 3108 smpius
621 3036 819 3090 laudati
840 3033 1162 3090 Bcuedictini
1191 3032 1449 3096 Editores,
1483 3048 1515 3085 e
1535 3030 1725 3101 quibus

163 3128 262 3185 haec
287 3130 398 3185 fere
428 3138 648 3195 sumpta
677 3135 819 3189 sunt,
873 3124 1250 3192 Hieronymum
1278 3122 1470 3191 partim
1511 3120 1723 3190 quidem

163 3218 524 3289 superioribus
554 3215 804 3285 epistolis
830 3212 1172 3281 respondere,
1201 3211 1296 3266 sed
1325 3212 1514 3280 partim
1563 3210 1724 3264 etiam

163 3311 323 3374 alteri,
354 3325 480 3379 quae
510 3309 739 3363 minime
756 3306 1040 3375 reperitur,
1069 3305 1120 3358 in
1142 3318 1242 3370 qua
1273 3304 1524 3358 nimirum
1551 3304 1729 3373 Augu-

164 3403 318 3456 stinus
356 3398 703 3472 signiﬁcabat
728 3397 1008 3468 epistolam
1036 3395 1343 3466 quamdam,
1374 3396 1461 3450 cui
1503 3407 1729 3465 reSpon-

165 3509 267 3550 sum
301 3494 604 3564 ﬂagitabat,
637 3506 670 3546 a
699 3505 761 3546 se
785 3491 1011 3560 primum
1040 3487 1321 3543 Profuturo
1347 3487 1615 3554 traditam,
1646 3500 1731 3541 se-

167 3588 321 3642 eundo
345 3588 579 3641 missam
595 3583 763 3638 fuisse
780 3597 878 3653 per
902 3581 1182 3652 quemdam
1208 3580 1393 3646 alium,
1416 3581 1730 3649 atqueltunc

167 3679 302 3731 maris
329 3678 560 3733 timuisse
583 3674 903 3736 discrimina,
932 3682 977 3726 et
1009 3672 1344 3742 navigationis
1369 3679 1590 3725 mutasse
1607 3686 1732 3724 cou-

169 3769 337 3821 sitt‘itm.
364 3767 509 3822 Tum
528 3764 786 3838 subdunt,
821 3762 961 3817 istud
1007 3770 1186 3816 tamen
1226 3762 1543 3831 rescriptum
1571 3776 1728 3815 suum

172 3859 538 3932 Hieronymum
568 3873 679 3913 non
710 3857 919 3911 misisse
942 3866 1066 3910 ante
1090 3855 1339 3925 Cypriani
1365 3853 1591 3907 reditum
1608 3894 1623 3917 ,
1644 3853 1733 3922 qui

171 3952 309 4006 simul
354 3961 408 4006 et
431 3950 594 4007 illius
620 3947 855 4018 perlator
882 3946 982 4000 fuit
1004 3986 1018 4008 ,
1046 3944 1196 4014 juxta
1235 3942 1518 4011 epistolam
1550 3944 1733 4010 Augu-

171 4041 277 4095 stini
303 4042 417 4097 heic
442 4038 620 4096 CXVI
644 4053 792 4092 num.
823 4037 914 4103 50,
932 4044 988 4091 et
1010 4034 1228 4090 alterius
1258 4033 1568 4104 Hieronymi
1594 4031 1732 4086 CXH

171 4136 359 4204 scripta:
387 4141 629 4190 exeunte
656 4145 799 4185 anno
817 4128 941 4185 404.
971 4128 1056 4182 vel
1080 4127 1273 4182 serius.

230 4224 350 4279 CVI.
380 4224 599 4294 Scripta
643 4224 773 4292 forte
807 4236 893 4273 an.
917 4218 1041 4275 405.
1072 4245 1147 4258 -——
1179 4216 1386 4271 Esimia
1436 4213 1624 4281 istbmc
1660 4214 1727 4269 ad

176 4310 429 4383 Sunuiam,
457 4326 516 4370 et
563 4312 830 4368 Fretelam
855 4309 1082 4380 epistola
1112 4309 1254 4362 inter
1290 4308 1405 4362 illas
1430 4308 1725 4378 computari

176 4404 310 4470 solet,
337 4420 570 4476 quarum
600 4412 735 4459 tetas
784 4401 962 4455 minus
1006 4408 1287 4468 comperta
1320 4406 1437 4464 est,
1494 4413 1557 4453 ac
1585 4407 1733 4454 certo

180 4496 381 4565 tempori
405 4512 515 4552 non
544 4493 854 4562 affigtmtur.
875 4491 1043 4546 Secus
1062 4490 1272 4544 videtur
1301 4488 1472 4553 nobis,
1500 4498 1554 4544 et
1581 4497 1735 4543 notas

179 4586 373 4643 minime
416 4582 681 4643 obscuras
712 4583 980 4637 invenisse
1033 4580 1323 4643 credimus,
1351 4580 1543 4649 quibus
1586 4579 1732 4634 illam

183 4675 246 4745 (l)
273 4677 333 4731 ad
359 4693 563 4732 annum
593 4676 703 4730 405
730 4673 935 4727 referre
964 4686 1064 4727 nec
1095 4670 1487 4725 incommodmn
1514 4670 1604 4732 sit,
1633 4686 1734 4725 nec

184 4769 392 4825 .fifticile.
424 4769 567 4826 Illud
601 4768 831 4837 primum
881 4767 932 4821 in
959 4763 1209 4820 confesso
1238 4771 1357 4828 est,
1392 4763 1532 4832 quod
1570 4764 1735 4833 probe

181 4862 315 4917 etiam
339 4873 587 4919 netatttm
606 4868 693 4915 est
714 4858 1041 4921 Martianreo,
1067 4871 1332 4925 nunquam
1354 4855 1733 4925 Hieronymum

184 4951 638 5009 luculentissimam
669 4948 808 5003 hanc
834 4937 1117 5017 epistolam
1145 4945 1358 5011 silentio
1386 4943 1547 4999 fuisse
1597 4960 1738 5014 pne.

185 5043 459 5111 teriturum,
489 5045 534 5099 si
567 5042 718 5098 illam
749 5049 858 5093 tum
886 5038 1140 5104 temporis
1166 5036 1530 5091 elucubrasset
1555 5075 1569 5099 ,
1613 5050 1734 5090 cum

182 5133 411 5191 adversus
439 5134 723 5190 Bullinum
752 5146 849 5200 pro
871 5145 931 5185 se
956 5128 1213 5184 scriberet
1236 5126 1572 5197 Apologiam.
1601 5126 1734 5181 Cum

182 5228 303 5281 enim
331 5227 384 5283 id
412 5229 652 5283 maxime
680 5239 780 5295 per
800 5223 1120 5278 calumniam
1164 5221 1423 5291 obiiceret
1460 5221 1737 5291 presbyter

184 5320 540 5388 Aquileiensis,
574 5319 632 5373 in
683 5314 1110 5385 suggillationem
1159 5312 1325 5367 LXX.
1379 5311 1733 5383 interpretum

184 5423 462 5483 susceptam
502 5414 570 5469 ab
598 5412 928 5482 Hieronymo
955 5406 1297 5463 lnstrumenti
1333 5408 1530 5462 veteris
1559 5415 1737 5464 trans-

184 5501 410 5561 lationem
434 5545 450 5569 ,
483 5506 574 5559 vix
598 5502 747 5558 credi
770 5509 945 5571 potest
970 5500 1348 5570 Hieronymus,
1371 5508 1429 5553 ut
1447 5497 1737 5554 adversarii

238 5615 518 5679 [1)V'idesis
536 5619 675 5668 hanc
693 5616 848 5679 ipsam
872 5612 1134 5679 epistolam
1156 5611 1343 5679 δτι-ευρ.
1368 5618 1419 5662 et
1440 5610 1576 5660 Fret.
1602 5624 1650 5659 n.
1678 5612 1738 5662 12

183 5674 344 5787 aqua
365 5680 473 5730 loco
494 5681 693 5733 videtur
715 5674 823 5726 eam
843 5674 1191 5749 praescripsisse
1211 5674 1266 5724 S.
1291 5674 1438 5745 Pater
1459 5680 1743 5737 antequam

242 5754 361 5790 eram
399 5755 465 5792 ex
501 5741 676 5792 Graeco
699 5736 1079 5790 translationem,
1113 5748 1219 5785 sive
1242 5732 1554 5792 Gallicanam,
1577 5742 1633 5785 ut
1655 5748 1739 5786 vo-

184 5748 361 5790 tueram
399 5755 465 5792 ex
501 5748 676 5792 timeo
699 5748 1079 5790 translationem,
1113 5748 1219 5785 sive
1242 5748 1554 5794 Gomoarium,
1577 5748 1633 5785 ut
1655 5748 1739 5786 vo-

184 5808 295 5863 lant,
319 5803 612 5856 emendaret
632 5800 748 5853 vide
771 5800 897 5852 etin
918 5811 1031 5851 eum
1050 5795 1279 5848 Psalterii
1297 5797 1463 5851 locum
1486 5797 1654 5848 Notas.

1587 372 1834 433 PREFA
1843 373 1972 429 TiO.

3175 393 3414 456 ιιχιιιι

1825 487 2158 543 calumniam
2198 491 2532 559 retunderet,
2566 495 2692 551 hinc
2735 498 2861 556 inde
2901 506 3142 577 exempla
3171 513 3411 569 emendi-

1827 592 1955 632 care
1988 579 2232 634 voluisse
2255 622 2271 647 ,
2302 591 2465 652 atque
2502 584 2641 640 hanc
2681 602 2842 644 unam
2870 595 3151 663 epistolam
3199 602 3412 659 silentio

1810 683 2102 737 premere,
2129 686 2230 740 qua
2260 674 2514 729 continuo
2538 675 2706 731 LXX.
2757 680 3083 753 Interpretes
3131 689 3272 747 bene
3314 709 3407 748 au-

1824 759 2008 827 diunt,
2043 772 2100 816 et
2129 778 2228 832 qua
2251 766 2490 820 omnium
2520 767 3005 829 luculentissimum
3035 792 3133 846 pro
3159 795 3219 836 se
3262 787 3412 838 testi-

1829 853 2078 905 monium
2139 852 2407 911 adducere
2459 861 2743 926 potuisset.
2788 861 3036 921 Nondum
3089 870 3251 939 igitur
3289 888 3411 930 eam

1825 942 2190 1034 adornaverat
2218 962 2234 1000 :
2264 960 2382 1014 qua:
2406 950 2638 1017 proinde
2688 963 2814 1022 post
2840 958 3078 1014 medium
3106 964 3232 1017 anni
3261 965 3366 1019 402
3389 1008 3406 1034 ,

1826 1032 1911 1085 cui
1940 1033 2214 1101 posterior
2240 1035 2554 1109 Hieronymi
2582 1042 2838 1113 Apologia
2864 1049 3130 1117 tribuitur,
3163 1032 3410 1111 statuens

1826 1120 1892 1175 da
1942 1131 2056 1176 est.
2109 1124 2213 1180 Sed
2244 1140 2435 1182 rursus
2487 1139 2608 1198 post
2648 1133 3025 1206 insequentem
3079 1156 3276 1197 annum
3308 1146 3414 1201 805

1828 1226 1932 1266 non
1960 1213 2180 1270 videtur
2198 1215 2495 1273 differenda
2522 1238 2537 1287 ;
2568 1224 2827 1293 siquidem
2855 1227 2993 1285 haud
3010 1231 3258 1301 fallimur,
3288 1251 3407 1292 cum

1828 1306 1880 1359 in
1914 1305 2081 1375 hujus
2104 1310 2228 1364 anni
2255 1311 2484 1379 cpistola
2532 1314 2672 1371 CVII
2719 1319 2787 1373 ad
2815 1318 3009 1375 Lartem
3056 1339 3179 1379 mox
3209 1326 3408 1382 subne-

1818 1396 2051 1463 cteuda,
2081 1414 2199 1454 eam
2231 1407 2520 1459 memorari
2552 1408 2708 1463 nobis
2735 1413 3116 1479 persuasimus.
3151 1417 3225 1471 lbi
3273 1420 3401 1475 llie-

1826 1502 2092 1588 ronymus
2116 1506 2233 1588 qua:
2268 1494 2573 1552 christiana:
2597 1498 2858 1569 Religioni
2884 1513 3009 1559 tunc
3039 1510 3292 1576 temporis
3315 1525 3405 1566 ac-

1827 1580 2480 1669 cessissentjricremeuta
2509 1602 2828 1645 enumerans
2857 1609 2871 1645 :
2903 1593 2980 1647 De
3005 1593 3183 1658 India.
3206 1599 3397 1669 inquit,

1828 1664 2067 1733 Perside,
2096 1668 2392 1740 rEthiapia,
2423 1678 2786 1732 monachorum
2814 1681 3038 1751 quotidie
3061 1687 3231 1740 turbas
3255 1664 3406 1743 susci-

1822 1758 2035 1828 .pimus:
2080 1761 2317 1833 deposuit
2364 1764 2629 1833 pharetras
2653 1770 2944 1837 Armenius,
2974 1774 3182 1831 HUNNI
3209 1778 3405 1836 PSAL-

1828 1850 2090 1907 TERIUM
2136 1854 2355 1917 discunt,
2386 1866 2516 1923 etc.,
2549 1861 2741 1930 quibus
2771 1868 3054 1932 postremis
3092 1869 3267 1926 verbis
3296 1888 3401 1928 non

1827 1942 1985 2007 alios,
2033 1958 2193 2013 quam
2237 1944 2496 2004 Sunuiam
2542 1964 2606 2004 ac
2662 1951 2923 2008 Fretelam
2975 1957 3239 2025 Hunnos,
3287 1963 3400 2018 sive

1830 2033 2037 2089 ilunnis
2071 2037 2323 2093 finitimos
2346 2042 2616 2097 credimus
2639 2045 2881 2111 indicari,
2908 2066 3044 2120 quos
3080 2054 3239 2109 modo
3294 2058 3400 2125 bis,

1830 2124 1898 2178 de
1944 2127 2140 2195 quibus
2167 2130 2373 2198 agimus
2400 2134 2617 2199 litteris,
2650 2137 2890 2193 Psalmos
2918 2141 3195 2209 docuerat,
3219 2124 3401 2200 eorum

1830 2217 2099 2271 variantes
2126 2219 2381 2274 lectiones
2405 2237 2608 2291 grmeas
2652 2236 2811 2296 atque
2860 2230 3049 2286 latinas
3092 2237 3308 2303 propius
3337 2238 3403 2291 ad

1835 2304 2142 2359 hebraicam
2198 2310 2419 2377 exigens
2461 2316 2760 2370 veritatem.
2789 2318 2897 2372 Cur
2941 2321 3105 2389 enim,
3155 2325 3255 2379 nisi
3285 2342 3402 2382 eam

1837 2395 2115 2487 epistolam
2148 2400 2200 2452 in
2230 2402 2408 2455 animo
2456 2404 2658 2471 habuit,
2707 2423 2931 2480 eamque
2971 2415 3167 2482 scripto
3213 2428 3401 2487 notat,

1848 2485 2154 2543 Psalterium
2186 2491 2268 2545 ιιιε
2305 2494 2506 2560 tribuit,
2536 2512 2707 2567 eoque
2752 2500 2870 2555 illos
2894 2503 3025 2558 dicit
3051 2505 3248 2561 dudum
3277 2485 3402 2565 ctu.

1836 2576 1998 2640 ditos,
2028 2586 2082 2632 et
2109 2595 2214 2634 non
2259 2584 2434 2651 potius
2485 2584 2752 2654 depositas
2783 2591 3023 2660 sagittas,
3067 2605 3121 2649 et
3149 2595 3416 2656 bellicosa.

1831 2682 2051 2740 pectora
2094 2673 2145 2727 in
2198 2677 2659 2735 mansuetudinem
2706 2681 3048 2739 Christianam
3103 2705 3400 2761 conversa,

1830 2762 2037 2833 aliaque
2084 2764 2133 2818 id
2160 2780 2344 2834 genus,
2378 2785 2496 2835 quae
2526 2785 2710 2826 eorum
2763 2774 2988 2843 ingeniis
3038 2781 3205 2847 aptari
3237 2784 3403 2851 magis

1831 2856 2180 2913 viderentur?
2206 2860 2339 2914 Cum
2396 2877 2523 2917 vero
2567 2864 2655 2918 illa
2691 2865 2756 2921 ad
2801 2867 3000 2923 Laetam
3040 2872 3264 2939 epistola
3310 2892 3399 2928 an.

1831 2948 1955 3009 405,
1984 2958 2038 3002 ιιι
2060 2965 2183 3004 mox
2215 2954 2581 3019 ostendemus,
2610 2966 2733 3011 ante
2757 2959 2956 3013 obitum
2988 2961 3199 3017 Sancta:
3221 2964 3399 3019 Paulae

1831 3040 2049 3093 omnino
2074 3042 2143 3095 sit
2170 3043 2500 3110 collocanda,
2530 3048 2618 3115 qui
2648 3048 2773 3101 anui
2808 3048 2912 3103 404
2937 3052 3165 3121 septimo
3211 3052 3402 3109 Calen-

1830 3131 1926 3185 das
1969 3132 2264 3189 februarias
2293 3138 2514 3207 contigit
2539 3154 2554 3202 ;
2598 3138 2782 3194 isthmc
2808 3140 2872 3194 ad
2899 3140 3156 3198 Sunuiam
3188 3160 3250 3201 ac
3278 3146 3405 3202 Fre-
3431 3157 3440 3166 '

1832 3224 2009 3289 telam,
2039 3241 2157 3295 quas
2185 3226 2328 3281 illam
2378 3231 2716 3297 prmcessisse
2749 3232 3081 3304 intelligitur,
3138 3238 3203 3292 ad
3235 3254 3397 3310 supe-

1829 3314 2030 3368 riorem
2073 3330 2268 3370 annum
2299 3317 2405 3372 405
2448 3329 2572 3389 post
2600 3330 2847 3378 exaratos
2898 3336 3084 3381 contra
3134 3327 3402 3385 Ruftinum

1828 3404 2191 3474 apologeticos
2239 3407 2400 3462 libros
2427 3408 2614 3464 referri
2642 3426 2737 3481 per
2761 3427 2918 3482 quam
2950 3416 3229 3473 commode
3254 3428 3405 3490 pote-

1829 3496 1919 3549 rit.
2601 3540 2613 3553 ,
2914 3542 2921 3545 _

1819 3601 1839 3625 ο
1904 3586 2059 3642 CVII.
2093 3587 2301 3658 Scripta
2327 3606 2415 3643 an.
2464 3590 2591 3646 405.
2622 3622 2694 3632 -
2716 3592 2794 3659 Si,
2824 3609 2943 3665 quae
2974 3596 3134 3653 modo
3162 3602 3409 3669 exposui-

1835 3691 1954 3730 mus
1993 3676 2059 3730 ad
2085 3677 2503 3746 consignaudam
2530 3677 2653 3735 huic
2681 3695 2823 3736 anno
2864 3683 3140 3752 epistolam
3172 3687 3238 3741 ad
3267 3689 3407 3744 Sun-

1834 3766 1976 3820 niam
2023 3780 2087 3821 ac
2124 3766 2412 3832 Fretelam,
2445 3768 2673 3839 legitima
2704 3781 2848 3837 sunt,
2883 3774 3070 3831 istbmc
3089 3778 3155 3831 ad
3183 3779 3404 3847 Laetam,

1835 3869 1955 3926 qua:
1980 3865 2102 3925 post
2128 3857 2328 3926 aliquot
2353 3858 2542 3933 saltem
2572 3860 2641 3914 ab
2665 3872 2728 3916 ea
2755 3876 2970 3918 menses
2991 3866 3185 3920 dictata
3214 3879 3316 3933 est,
3341 3871 3406 3925 ad

1838 3948 1961 4000 anni
1983 3947 2142 4001 tinem
2159 3948 2439 4016 spectabit.
2461 3948 2617 4004 Certe
2636 3951 2702 4003 ad
2724 3951 3091 4020 insequentem
3104 3955 3209 4009 404
3230 3966 3377 4012 trans
3390 3988 3407 4000 -

1840 4035 1969 4091 ferri
1998 4048 2330 4106 nequaquam
2356 4046 2527 4107 petest
2552 4054 2567 4104 ;
2592 4038 3021 4110 quandoquidem
3056 4041 3177 4100 heic
3205 4048 3402 4117 passim

1840 4128 2084 4185 meminit
2111 4129 2292 4213 Paula:
2322 4128 2531 4197 Matris,
2552 4145 2672 4201 quae
2698 4129 2871 4187 adhuc
2897 4133 3062 4189 vitam
3089 4148 3306 4207 ageret,
3338 4154 3401 4196 ac

1842 4229 2020 4291 posset
2044 4229 2257 4290 neptem
2306 4234 2479 4286 suam,
2509 4219 2671 4277 Ltetae
2696 4220 2857 4277 ﬁliam
2884 4226 3085 4291 gremio
3112 4227 3314 4297 fovere,
3344 4247 3407 4287 ac

1842 4311 2095 4368 tenellum
2124 4313 2360 4367 animum
2391 4311 2456 4366 ad
2485 4312 2732 4369 virtutem
2763 4313 3081 4384 el'formare;
3111 4335 3234 4379 cum
3262 4322 3403 4378 illam

1840 4410 2051 4458 constet
2075 4402 2234 4473 hujus
2262 4398 2413 4457 initio
2441 4402 2567 4458 anui
2592 4404 2810 4459 obiisse.
2831 4404 3013 4476 Neque
3036 4410 3313 4466 obscurior
3340 4430 3405 4470 ea

1840 4503 1965 4547 nota
1993 4501 2114 4559 est,
2144 4507 2246 4561 qua
2268 4508 2434 4546 ~num.
2465 4493 2519 4546 9...
2569 4490 2810 4547 Getarum
2837 4496 3064 4562 rutilum,
3108 4514 3171 4552 ac
3218 4501 3405 4571 ﬂavum

1842 4585 2114 4638 exercitum
2146 4583 2310 4637 tradit
2337 4582 2683 4637 Ecclesiarum
2707 4586 3031 4656 circumferre
3074 4593 3287 4646 tentoria
3313 4634 3330 4660 ,
3364 4605 3409 4647 et

1840 4674 1955 4728 ideo
1983 4675 2197 4746 forsitan
2241 4685 2421 4727 contra
2449 4690 2539 4726 nos
2567 4688 2713 4743 aqua
2735 4691 2960 4745 pugnare
2984 4679 3109 4741 acie,
3137 4683 3255 4749 quia
3296 4687 3412 4754 pari

1844 4764 2159 4836 Religionem
2196 4765 2484 4833 conﬁdunt.
2512 4764 2725 4820 Etenim
2752 4766 2936 4833 Gothi,
2967 4785 3101 4840 quos
3129 4771 3291 4829 Getas
3316 4790 3408 4829 vo-

1842 4870 1949 4919 eat,
1978 4873 2096 4911 cum
2123 4857 2191 4910 ab
2234 4871 2374 4909 anno
2400 4856 2505 4911 400
2534 4858 2585 4909 in
2638 4856 2841 4911 italiam
2896 4856 3235 4929 irrupissent,
3287 4860 3405 4932 post

1843 4947 2117 5003 biennium
2146 4945 2378 5001 Arcadio
2422 4947 2466 5000 γ
2493 4956 2545 5001 et
2571 4945 2809 5002 Honorio
2830 4945 2877 5003 ν
2901 4945 3053 5004 Coss.
3085 4964 3268 5007 contra
3303 4953 3408 5008 Ro-

1844 5029 2057 5092 manum
2090 5037 2379 5092 exercitum
2431 5035 2645 5091 fortiter
2690 5052 2840 5108 atqua
2886 5039 3001 5094 acie
3047 5040 3407 5099 dimicarunt:

1843 5126 1985 5199 quod
2018 5127 2246 5198 Prosper
2270 5129 2322 5183 in
2368 5127 2623 5182 Chronico
2648 5127 2900 5183 Adversus
2930 5127 3119 5185 Gothos
3161 5133 3309 5194 dixit,
3334 5150 3414 5188 ee-

1845 5221 2097 5276 hemeuter
2123 5220 2379 5290 utriusque
2404 5221 2562 5291 partis
2581 5219 2726 5274 clade
2749 5217 3017 5275 Pollentite
3039 5224 3195 5293 fuisse
3219 5240 3416 5293 pugna-

1845 5320 1969 5364 tum.
1993 5310 2143 5377 Quod
2175 5311 2531 5381 Hieronymus
2554 5308 2790 5379 prarlium
2822 5311 2951 5367 satis
2973 5324 3156 5382 aperte
3176 5315 3413 5383 respicit,

1846 5403 2088 5458 scribens
2118 5402 2417 5473 insequenti
2446 5416 2587 5455 anno
2612 5401 2716 5456 403

1916 5513 2096 5569 CVlll.
2131 5513 2339 5585 Scripta
2362 5514 2496 5568 anno
2521 5513 2648 5568 404.
2675 5542 2747 5554 -—
2767 5513 3035 5582 Dolorem,
3066 5529 3172 5586 quo
3200 5513 3268 5567 ob
3287 5515 3413 5566 dor-

1846 5608 2119 5663 mitionem
2170 5606 2229 5662 S.
2277 5605 2461 5661 Paulae
2513 5603 2913 5673 conficiebatur,
2975 5615 3033 5660 ut
3079 5606 3199 5664 sibi,
3256 5609 3420 5669 altius

1845 5691 2147 5751 Eustochio
2176 5692 2469 5758 solaretur,
2499 5689 2638 5744 haec
2660 5697 2729 5743 de
2773 5690 2890 5757 ejus
2918 5686 3181 5750 laudibus,
3220 5696 3283 5734 ac
3309 5683 3417 5741 vita

1850 5787 2126 5861 epistolam
2150 5786 2217 5840 ad
2238 5785 2369 5840 duas
2388 5781 2563 5838 tucubr
2574 5789 2849 5835 Itiuueutas
2877 5777 3113 5845 dictavit,
3140 5771 3279 5846 quod
3298 5788 3423 5843 post
