4004 6328
617 368 871 428 LXXXIII

2049 392 2430 452 PREFATIO.

3588 419 3832 481 LXXXIV

611 498 808 550 paucos
836 501 1046 544 menses
1073 489 1141 547 ab
1166 491 1285 563 ejus
1341 505 1521 554 morte
1549 496 1767 568 fecisse,
1791 499 1949 559 facile
1985 519 2050 560 ex
2077 515 2185 561 tota
2291 523 2386 562 seu
2405 525 2506 599 an.
2533 511 2638 568 404
2662 513 2818 573 facile
2844 521 3109 589 pertinere
3129 525 3458 599 intelligitur.

609 574 862 631 orationis
910 581 1050 635 serie
1075 583 1372 654 colligitur.
1412 589 1541 657 Quo
1581 606 1711 646 vero
1761 601 2000 664 tempore
2029 596 2118 651 illa
2145 613 2176 653 e

609 664 741 718 vivis
764 671 1074 738 excesserit,
1126 673 1210 728 his
1251 676 1351 732 sub
1378 679 1620 748 epistola:
1661 681 1821 736 tinem
1844 685 1986 740 notis
2013 700 2178 756 expoo

603 753 726 808 suit.
755 755 1000 813 Dormivit
1019 773 1194 817 sancta
1212 781 1275 818 ac
1297 765 1442 821 beata
1477 768 1647 824 Paula
1675 774 1887 841 septimo
1917 753 2172 832 Calendas

601 844 913 916 februarias,
961 853 1109 906 tertia
1159 854 1370 911 Sabbati
1406 869 1519 930 post
1555 862 1677 916 solis
1722 864 2024 918 accubitum.
2071 865 2172 921 Se-

601 937 743 1007 pulta
766 949 838 993 est
862 943 1039 1012 quinto
1066 944 1321 1002 Calendas
1349 952 1660 1016 earumdem,
1694 952 1926 1010 Honorio
1947 958 2172 1028 Augusto

600 1026 757 1080 sexies
779 1069 794 1091 ,
824 1039 871 1083 et
899 1030 1199 1090 Aristaneto
1252 1037 1549 1095 Consulibus
1579 1056 1598 1095 :
1623 1042 1870 1100 nimirum
1899 1060 1987 1100 an.
2029 1026 2166 1102 404.

668 1115 803 1170 CIX.
832 1117 1043 1190 Scripta
1063 1123 1242 1180 eodem
1265 1143 1352 1184 an.
1385 1128 1510 1185 404.
1540 1160 1610 1171 -—
1635 1131 1857 1188 Biennio
1885 1144 2168 1206 antequam

597 1215 782 1260 contra
824 1209 1168 1280 Vigilantiam
1223 1224 1502 1272 tractatum
1562 1235 1629 1275 ex
1680 1224 1954 1294 proposito
1979 1226 2167 1280 elucu-

600 1293 800 1358 braret,
831 1297 967 1354 hanc
989 1315 1017 1354 a
1043 1316 1103 1357 se
1132 1303 1310 1359 datam
1333 1309 1614 1376 epistolam
1641 1312 1705 1365 ad
1731 1293 2000 1383 Iliparium
2030 1315 2162 1370 Tar-

596 1396 944 1442 raconenscm
975 1390 1089 1461 ipse
1119 1393 1171 1448 in
1199 1408 1264 1450 eo
1288 1394 1452 1451 Libro
1503 1409 1729 1456 testatur
1763 1403 2117 1475 Hieronymus
2145 1445 2162 1472 ,

594 1475 681 1528 ubi
713 1475 776 1530 de
801 1478 1007 1548 vigiliis,
1039 1483 1226 1553 inquit,
1254 1496 1300 1539 et
1329 1491 1792 1558 pernoctationibus
1836 1494 1889 1547 in
1927 1493 2165 1550 Basilicis

597 1565 882 1639 Martyrum
909 1589 1045 1642 sazpe
1078 1577 1415 1644 celebrandis,
1440 1582 1494 1635 in
1522 1583 1684 1636 altera
1728 1586 1963 1654 epistola,
2011 1603 2164 1655 quam

589 1668 706 1712 ante
734 1660 830 1714 hoc
857 1667 1012 1733 ferme
1056 1666 1328 1735 biennium,
1378 1671 1569 1726 Sancto
1599 1674 1816 1744 Ripario
1875 1676 2163 1746 presbytero

592 1750 918 1820 scripseram,
947 1758 1185 1823 respondi
1223 1761 1452 1815 breviter.
1483 1762 1619 1818 Eum
1651 1779 1780 1820 vero
1829 1774 2111 1822 tractatum
2141 1809 2158 1834 ,

591 1850 644 1892 ut
677 1841 790 1908 ipse
814 1853 982 1913 notat,
1009 1847 1244 1915 dictavit,
1279 1852 1548 1922 festinante
1575 1855 1850 1912 admodum
1875 1859 2037 1928 fratre
2059 1860 2121 1916 Si
2132 1887 2158 1902 -

588 1932 775 2001 sinnio,
803 1945 848 1990 et
873 1950 1078 2010 propter
1104 1941 1413 1999 Sanctorum
1456 1949 1721 2018 refrigeria
1760 1952 1829 2004 ad
1871 1951 2160 2023 ‘Egyptum

588 2024 663 2077 ire
709 2039 1028 2096 praperante.
1060 2031 1160 2098 Qui
1203 2033 1468 2092 Sisinnius
1511 2040 1702 2106 partim
1752 2057 1817 2095 ex
1851 2043 2159 2110 [tralatione

585 2116 804 2170 secundi
834 2119 954 2173 libri
976 2119 1493 2182 Commentariorum
1518 2130 1568 2184 in
1610 2130 1941 2199 Zachariam,
1964 2135 2156 2204 partim

584 2220 647 2258 cx
675 2207 776 2260 alia
807 2211 949 2264 tertii
981 2211 1097 2266 libri
1129 2214 1180 2267 in
1211 2216 1398 2281 Amos,
1430 2219 1745 2289 intelligitur
1771 2238 1840 2277 an
1876 2225 1981 2281 406
2001 2225 2157 2280 festi-

584 2311 740 2351 nasse
763 2297 841 2350 ire
875 2298 926 2353 in
954 2299 1272 2372 .iEgyptum,
1300 2321 1422 2360 cum
1448 2305 1876 2368 Commentarios
1905 2314 1957 2369 in
2001 2331 2154 2371 cum-

582 2384 702 2438 dem
767 2386 1075 2444 Zachariam
1125 2392 1395 2464 Exuperio
1440 2396 1710 2455 Tolosano
1754 2401 2075 2461 deferendos
2121 2422 2153 2462 a

581 2486 765 2532 sancto
812 2479 1030 2537 doctore
1073 2487 1404 2557 accepisset,
1455 2504 1588 2560 quos
1631 2491 1746 2561 ipse
1773 2495 1963 2551 eodem
2011 2513 2154 2553 anno

581 2567 706 2633 406,
741 2569 832 2637 qui
880 2573 1007 2625 sexti
1053 2579 1343 2631 consulatus
1381 2579 1590 2634 Arcadii
1633 2582 1870 2652 Augusti,
1902 2594 1949 2639 et
1982 2586 2152 2642 Anicii

587 2657 742 2713 Probi
770 2660 920 2730 fastis
945 2679 1124 2718 nomen
1154 2667 1415 2737 imposuit,
1451 2685 1481 2724 a
1510 2686 1571 2727 se
1622 2682 1846 2730 testatur
1872 2677 2152 2733 elucubra-

586 2759 689 2802 tos.
721 2748 883 2821 Igitur
930 2755 1203 2811 subductis
1249 2761 1548 2816 rationibus
1593 2762 1708 2820 haec
1749 2766 1816 2820 ad
1867 2767 2144 2839 Riparium

575 2841 820 2908 epistola,
849 2858 967 2912 quae
991 2855 1118 2902 ante
1139 2849 1297 2919 ferme
1311 2850 1565 2908 biennium
1588 2855 1840 2925 data'cst,
1863 2860 1930 2916 ad
1948 2877 2145 2918 anuum

572 2939 778 2999 spectat
797 2932 919 2989 404.
1385 3015 1388 3018 ,
1884 2982 1898 2989 —

641 3018 755 3075 CX.
785 3039 803 3073 ι
833 3022 1040 3095 Scripta
1055 3029 1174 3081 circ.
1203 3045 1291 3084 an.
1317 3031 1443 3088 404.
1461 3033 1672 3091 —Ha:c
1694 3037 1763 3093 de
1788 3040 2027 3108 epistola:
2046 3041 2145 3098 hu-

565 3109 654 3178 jus
681 3119 840 3168 :etate
863 3113 1132 3201 disserunt
1151 3118 1501 3178 Benedictini.
1538 3143 1557 3178 t
1580 3125 1710 3182 Post
1732 3128 1983 3200 Cypriani
2016 3147 2142 3201 pro-

568 3198 856 3258 fectionem
910 3200 961 3259 in
993 3205 1356 3278 Palaestinam,
1407 3228 1528 3269 cum
1561 3198 1888 3287 Augustinus
1933 3198 2140 3277 reddita

565 3293 665 3348 sibi
696 3309 789 3364 per
815 3297 1082 3354 Asterium
1116 3303 1276 3370 epist.
1309 3302 1430 3360 huic
1459 3305 1542 3361 Cll
1573 3310 1796 3364 sentiret
1843 3311 1987 3366 llier.
2032 3330 2138 3369 non

566 3383 701 3438 nihil
725 3385 986 3442 olIcnsum
1033 3390 1144 3445 suis
1168 3392 1384 3459 litteris,
1408 3412 1541 3462 quas
1571 3413 1665 3466 per
1695 3397 1896 3454 Italiam
1923 3417 2138 3472 sparsas

561 3473 742 3542 fuisse,
765 3493 864 3534 nec
886 3487 1060 3536 tamen
1082 3481 1146 3536 ad
1171 3483 1364 3566 ipsum,
1381 3485 1464 3540 cui
1487 3489 1696 3558 scripta:
1716 3501 1886 3556 erant,
1908 3494 2139 3563 perlatas

561 3569 885 3637 querebatur
909 3587 924 3636 ;
955 3587 1058 3628 non
1081 3574 1308 3642 distulit,
1337 3577 1464 3647 quin
1494 3581 1750 3635 continuo
1774 3581 1912 3638 hanc
1936 3587 2136 3655 episto.

557 3657 661 3712 Iam
692 3661 1032 3730 rescriberet,
1076 3665 1163 3719 ubi
1191 3665 1316 3721 dum
1342 3667 1462 3736 ejus
1505 3671 1744 3739 querelis
1793 3672 1969 3730 facere
1995 3677 2130 3734 satis

555 3751 754 3816 studet,
787 3762 1014 3810 testatur
1035 3771 1094 3812 se
1120 3757 1433 3830 Apologiam
1463 3760 1724 3818 adversus
1746 3763 2015 3822 Ruilinum
2037 3783 2131 3824 ac-

554 3843 782 3912 cepisse,
809 3845 989 3915 aitque
1020 3862 1078 3902 se
1106 3848 1254 3903 illius
1295 3851 1432 3905 inter
1456 3867 1550 3906 eos
1570 3862 1744 3910 enata:
1773 3855 2127 3917 dissensionis

551 3935 798 4003 exemplo
829 3937 1098 4003 territum,
1129 3952 1250 3992 cum
1277 3940 1523 4016 quaedam
1547 3943 1614 3997 ad
1643 3959 1702 4000 se
1728 3946 1778 4000 in
1806 3945 2126 4022 Hieronymi

549 4024 774 4094 epistola
821 4025 1022 4096 legeret
1053 4027 1220 4099 ipsius
1263 4030 1642 4103 indignationis
1673 4033 1888 4095 indicia.
1939 4039 2139 4110 Itaque

553 4117 781 4183 pertinet
811 4115 925 4172 lucc
963 4119 1188 4187 epistola
1243 4120 1310 4176 ad
1339 4137 1428 4178 an.
1486 4125 1699 4180 circiter
1725 4127 1851 4190 404,
1881 4145 1987 4198 quo
2010 4132 2119 4200 jam

547 4221 742 4259 annum
775 4209 947 4263 aetatis
987 4210 1483 4282 quinquagesimum
1501 4219 1750 4286 attigerat
1773 4220 2120 4289 Augustinus,

545 4296 634 4365 qui
687 4311 748 4350 se
777 4311 960 4352 senem
989 4313 1108 4354 esse
1137 4302 1436 4370 proﬁtetur,
1480 4320 1690 4360 numer.
1721 4307 1756 4362 5
1784 4323 2118 4380 nequaquam

545 4387 614 4442 ibi
638 4388 783 4443 senis
825 4389 1039 4445 nomine
1063 4390 1162 4460 (uti
1209 4393 1473 4449 interdum
1501 4397 1658 4462 solet)
1688 4407 1879 4454 notans
1905 4411 2117 4461 aetatem

544 4477 806 4544 ultimam,
829 4494 947 4548 qua:
977 4479 1044 4534 ab
1063 4496 1204 4535 anno
1231 4482 1294 4538 b‘l
1323 4483 1638 4553 inchoatur;
1668 4488 1900 4560 alioquin
1931 4495 2118 4551 remit-

542 4568 698 4623 tenda
727 4578 868 4624 esset
892 4569 1114 4639 epistola
1140 4573 1276 4629 ultra
1305 4587 1396 4628 an.
1426 4575 1551 4630 414.
1592 4595 1612 4630 ι

609 4658 743 4714 CXI.
775 4659 978 4732 Scripta
1005 4662 1176 4717 eodem
1202 4681 1290 4720 an.
1337 4665 1464 4722 404.
1491 4697 1562 4708 -
1586 4669 1870 4727 Ρταξεὶἀίιιε
1899 4676 2107 4732 tametsi

537 4749 589 4804 in
620 4749 780 4820 hujus
799 4751 1034 4821 epistolae
1055 4753 1395 4825 inscriptione
1411 4757 1770 4830 Consacerdos,
1802 4764 1852 4820 id
1873 4776 1954 4822 est
1982 4768 2114 4840 Epi-

537 4854 730 4909 scOpus
771 4841 1066 4912 appellatur
1091 4885 1107 4910 ,
1133 4846 1178 4900 is
1227 4856 1401 4903 tamen
1463 4852 1681 4906 omnino
1723 4854 1932 4912 videtur
1968 4874 2108 4930 esse,

532 4945 712 5000 quem,
744 4931 808 4986 ad
845 4935 968 4986 anni
996 4936 1284 5005 superioris
1333 4948 1455 5008 puta
1499 4941 1726 5011 initium,
1753 4945 2110 5021 Ilieronymus

531 5021 826 5090 Augustino
850 5021 1134 5093 plurimum
1164 5028 1554 5086 commendavit
1587 5033 1742 5102 epist.
1772 5035 1930 5104 CIII.,
1959 5055 2106 5094 eum-

527 5123 636 5178 que
665 5109 969 5180 Diaconum,
997 5129 1058 5167 ac
1091 5115 1186 5168 sibi
1221 5120 1658 5188 germanissimum
1702 5125 1854 5181 dixit.
1897 5128 1977 5184 Ex
2000 5147 2105 5200 quo

527 5198 741 5267 iterum,
781 5202 875 5257 sed
925 5204 1092 5260 multo
1132 5209 1300 5279 magis
1341 5225 1406 5266 ex
1437 5212 1548 5282 ipsa
1576 5213 1674 5271 hac
1711 5219 1930 5288 epistola
1983 5198 2105 5278 licet

526 5293 840 5363 intelligere,
873 5311 989 5351 eam
1015 5339 1031 5364 ,
1056 5315 1156 5368 qua
1186 5300 1468 5358 Praesidius
1498 5306 1790 5377 Augustino
1829 5325 2104 5368 commen-

523 5383 761 5451 dabatur,
787 5389 1116 5445 commodius
1143 5391 1299 5462 longe
1327 5409 1356 5447 a
1389 5396 1543 5450 nobis
1588 5398 1661 5452 illi
1689 5399 1800 5454 405
1829 5401 2096 5469 tributam,

518 5492 677 5546 quam
709 5477 864 5548 vulgo
892 5479 947 5533 Iit
976 5480 1097 5536 597.
1133 5481 1257 5537 Haec
1286 5485 1495 5539 interim
1519 5526 1536 5551 ,
1567 5485 1634 5540 de
1659 5503 1762 5557 qua
1789 5490 2012 5559 agimus,
2039 5502 2095 5548 ut

517 5568 716 5636 optime
757 5567 1080 5626 Benedictini
1132 5573 1493 5638 adnotarunt,
1538 5574 1659 5628 data
1707 5586 1789 5631 est
1817 5582 2093 5638 occasione

515 5661 801 5728 superioris
849 5661 1110 5732 epistolae,
1136 5678 1288 5732 quant
1323 5678 1412 5730 per
1436 5661 1746 5718 Pra'sidium
1773 5665 2086 5740 Hieronymo

514 5749 672 5816 mitti,
723 5751 826 5805 imo
851 5752 1002 5804 etiam
1049 5749 1420 5820 Hieronymum
1467 5766 1556 5819 per
1603 5755 1711 5823 ejus
1769 5756 1960 5814 litteras
1988 5762 2083 5815 sibi

513 5840 710 5904 plicari
755 5843 972 5909 postulat
1002 5841 1362 5911 Augustinus;
1395 5838 1537 5896 unde
1564 5840 1630 5896 ad
1679 5843 1817 5902 idem
1846 5856 2079 5930 tempus,

2354 597 2516 654 CXII.
2575 601 2783 675 Scripta
2831 609 2953 665 circ.
3005 613 3100 681 fin.
3143 633 3231 670 an.
3279 597 3406 674 404.
3435 623 3836 686 --Beuctlictini

2280 685 2346 739 ad
2401 686 2540 743 hunc
2583 693 2796 749 modum
2839 697 2907 753 de
2957 700 3114 771 hujus
3161 707 3399 774 epistola:
3446 717 3647 781 epocha
3691 732 3840 788 argu-

2280 786 2601 835 mentantur.
2632 801 2652 835 ι
2677 783 2942 857 Cypriano
2968 792 3018 846 in
3051 793 3281 852 Africam
3304 807 3614 873 revertenti,
3643 783 3772 864 duas
3781 813 3841 867 ad

2277 867 2628 936 Augustinum
2681 879 2968 946 epistolas,
3025 885 3226 942 scilicet
3290 889 3410 946 heic
3459 894 3544 949 CV
3597 867 3653 953 et
3719 900 3844 960 hanc

2279 955 2446 1022 ipsam
2476 959 2614 1015 CXII
2643 965 2787 1020 dedit
2842 969 3194 1044 Hieronymus
3215 1018 3230 1043 ,
3257 979 3403 1046 juxta
3432 987 3710 1054 epistolam

2275 1049 2469 1115 gustini
2524 1050 2641 1107 heic
2686 1055 2870 1121 CXVI,
2914 1076 2968 1114 η.
2998 1063 3086 1117 36.
3140 1063 3196 1120 In
3244 1068 3345 1125 hac
3387 1049 3525 1128 CXII
3571 1082 3842 1148 respondet

2277 1139 2445 1193 trilms
2473 1156 2536 1195 ex
2564 1144 2736 1200 allatis
2760 1148 2858 1201 sibi
2889 1167 2980 1220 per
3006 1153 3328 1226 Cyprianum
3358 1164 3619 1233 epistolis,
3651 1139 3842 1229 scilicet

2273 1227 2408 1298 LVI,
2435 1230 2641 1290 LXVII.
2675 1248 2729 1292 et
2752 1237 2887 1295 CIV.
2912 1243 3051 1300 Nihil
3077 1262 3207 1303 vero
3233 1251 3302 1308 de
3325 1227 3439 1322 ait,
3489 1227 3658 1327 dicit,
3691 1227 3837 1332 quam

2275 1321 2412 1376 haud
2443 1324 2601 1380 dubie
2627 1330 2857 1385 nondum
2883 1348 3180 1405 acceperat.
3211 1321 3486 1400 Scribebat
3512 1321 3840 1420 ergo'rersus

2275 1414 2433 1466 ﬁnem
2455 1418 2578 1470 anni
2600 1418 2725 1474 404.
2752 1420 2911 1479 Certe
2939 1441 3042 1480 non
3065 1430 3218 1484 citius
3243 1449 3258 1497 ;
3291 1414 3716 1509 quandoquidem
3735 1445 3836 1515 jam

2269 1514 2646 1562 exauctoratus
2673 1520 2786 1564 erat
2809 1511 3040 1569 Joannes
3065 1515 3496 1594 Chrysostomus,
3541 1540 3599 1584 ut
3624 1511 3838 1592 nonvob-

2269 1606 2425 1648 scnre
2451 1596 2713 1666 signiﬁcat
2741 1601 2792 1655 in
2819 1603 2917 1658 hac
2945 1606 3053 1675 ipsa
3085 1625 3140 1664 η.
3174 1613 3226 1666 6.
3256 1631 3276 1666 ι

2336 1682 2517 1739 CXIII.
2547 1685 2724 1744 Latine
2767 1692 2967 1749 reddita
3011 1707 3058 1751 et
3111 1699 3294 1758 CXIV.
3323 1705 3532 1778 Scripta
3579 1729 3670 1768 an.
3706 1717 3825 1774 405.

2263 1773 2413 1827 -ιιι
2471 1779 2632 1832 certis
2682 1789 3005 1851 argumentis
3064 1789 3117 1844 in
3169 1791 3318 1848 Notis
3367 1773 3738 1860 constituimus

2267 1863 2410 1918 hisce
2430 1867 2686 1934 epistolis,
2721 1881 2907 1928 utnon
2934 1893 3058 1946 una,
3112 1885 3554 1950 quemadmodum
3585 1893 3835 1953 hactenus

2263 2147 2390 2203 tem,
2421 2141 2608 2204 altera,
2636 2160 2755 2214 qua:
2781 2149 2980 2220 integra
3013 2155 3122 2208 visa
3151 2166 3234 2212 est
3254 2201 3268 2224 ,
3296 2163 3540 2219 etuudem
3592 2141 3832 2238 pra-ierat

2259 2240 2552 2286 auctorem.
2582 2233 2718 2290 Hinc
2744 2253 2900 2306 porro
2926 2251 3199 2316 utramque
3241 2251 3340 2304 sub
3381 2253 3520 2310 idem
3571 2233 3831 2334 tempuse

2257 2323 2313 2374 S.
2346 2323 2581 2380 Doctoris
2601 2328 2804 2384 calamo
2830 2335 3113 2402 proiecisse
3140 2341 3466 2410 colligimus,
3497 2352 3638 2416 quod
3668 2354 3720 2408 in
3748 2356 3830 2411 al-

2262 2421 2395 2478 tera,
2424 2415 2537 2470 sive
2580 2417 2741 2474 CXIV
2762 2438 2862 2490 qua
2887 2425 3302 2496 tltcuphileuseut
3336 2415 3526 2492 Iihrutn
3551 2456 3672 2498 cum
3700 2459 3829 2514 prte-

2258 2503 2358 2557 ﬁxa
2385 2520 2479 2560 sua
2505 2508 2754 2576 epistola,
2785 2514 2935 2582 cujus
2977 2516 3135 2574 breve
3177 2523 3312 2576 istud
3341 2503 3714 2598 Iragtnentum'
3738 2551 3829 2591 str-

2255 2605 2457 2661 perest,
2493 2598 2556 2651 ad
2586 2598 2934 2672 Theophilum
2991 2611 3305 2679 remittebat,
3353 2618 3729 2688 impedimenta
3775 2629 3827 2687 in

2253 2685 2343 2739 ilio
2358 2702 2520 2757 opere
2541 2690 2933 2762 interpretando
2956 2713 3222 2772 causatur,
3240 2723 3358 2776 qua:
3377 2685 3498 2766 sunt
3525 2713 3826 2776 Isaurorum

2250 2781 2514 2848 repentina
2529 2787 2745 2854 eruptio,
2779 2785 3059 2857 Pltwnicis,
3091 2793 3398 2870 Galileteqne
3425 2808 3654 2875 uastitas,
3680 2829 3825 2884 aspe-

2249 2869 2374 2924 ritas
2411 2870 2601 2942 Ityemis
2623 2915 2639 2940 ,
2667 2893 2729 2930 ac
2754 2882 2916 2947 fames
2941 2882 3286 2943 intolerabilis.
3318 2869 3444 2947 Ilaec
3470 2910 3601 2951 vero
3627 2869 3824 2959 annum

2246 2959 2497 3016 denotant
2535 2964 2640 3019 403
2661 2983 2767 3037 quo
2795 2969 2991 3039 Isauri,
3019 2979 3235 3033 vastatis
3265 2979 3548 3052 Plitenicis,
3576 2987 3823 3049 Galilete-

2245 3065 2349 3119 que
2398 3053 2718 3124 regionibus,
2776 3068 3034 3118 terrorem
3066 3066 3378 3138 Palaestina),
3431 3089 3494 3130 ac
3550 3082 3820 3150 prageipue

2243 3139 2589 3214 .Ierosolyma:
2617 3148 2944 3214 intulerunt;
2993 3156 3132 3212 unde
3176 3165 3422 3218 ettames
3471 3139 3821 3232 intolerabilis

2241 3242 2355 3287 orta
2383 3246 2484 3290 est.
2527 3235 2725 3306 Hyems
2765 3258 2974 3314 quoque
3026 3246 3181 3316 hujus
3207 3254 3331 3307 anni
3356 3255 3412 3310 ,iu
3455 3257 3660 3329 aliquot
3709 3265 3819 3334 jam

2240 3328 2561 3380 exauctorati
2583 3328 2946 3398 Chrysostomi
2975 3337 3183 3405 litteris,
3229 3343 3386 3398 solito
3411 3328 3652 3415 asperior
3680 3328 3818 3411 dici-

2241 3423 2343 3470 tur.
2377 3417 2578 3474 Exinde
2617 3434 2791 3477 autem
2821 3424 3126 3499 Hieronymi
3155 3433 3408 3500 epistolas
3433 3439 3498 3492 ad
3525 3440 3643 3510 ejus
3690 3448 3818 3502 anni

2237 3503 2349 3560 fere
2391 3509 2622 3565 medium
2667 3512 2853 3570 deduci
2906 3529 3141 3586 prmstat,
3171 3525 3310 3592 quod
3365 3527 3450 3580 ubi
3503 3503 3816 3592 dilationem

2233 3610 2383 3651 suam
2424 3600 2475 3653 in
2522 3607 2891 3660 convertendis
2917 3607 3194 3680 Theophili
3221 3615 3433 3684 scriptis
3459 3633 3703 3688 excusat,
3758 3641 3819 3683 se

2233 3687 2361 3742 dicit
2387 3689 2560 3745 diebus
2587 3704 2774 3747 sancta:
2802 3695 3214 3769 Quadragesimte
3235 3707 3530 3774 gravissimo
3563 3712 3819 3784 languore

2233 3778 2310 3843 (I)
2357 3794 2640 3852 correptum
2661 3801 2786 3854 pene
2803 3789 2975 3841 mortis
2999 3791 3150 3846 limen
3177 3796 3332 3864 fuisse
3356 3778 3674 3870 ingressum:
3693 3805 3812 3862 Vid.

2229 3868 2395 3924 Notas
2420 3872 2486 3924 ad
2517 3873 2730 3928 easdem
2760 3874 2930 3946 Epist.
2961 3879 3120 3935 CXIII
3148 3893 3201 3937 et
3224 3882 3406 3942 CXIV.

2301 3962 2460 4018 CXV.
2502 3964 2708 4034 Scripta
2744 3970 2918 4023 eodem
2944 3987 3030 4026 an.
3063 3974 3187 4031 403.
3216 4007 3286 4018 -ο-
3308 3980 3562 4049 Epistulae
3597 3994 3815 4058 tempus

2227 4054 2556 4112 Benedictini
2585 4059 2828 4117 Etlitores
2849 4065 2917 4119 ita
2943 4066 3278 4138 investigant.
3314 4090 3333 4124 ι
3367 4074 3513 4130 llanc
3539 4054 3812 4154 Hierony-

2227 4161 2346 4202 mus
2375 4165 2470 4218 per
2498 4149 2732 4207 Firmum
2760 4160 3090 4223 transmittit,
3113 4175 3379 4220 excusans
3420 4169 3562 4237 quod
3593 4172 3664 4225 ab
3690 4149 3809 4229 Au-

2222 4239 2436 4305 gustino
2459 4254 2804 4310 provocatus,
2835 4250 3248 4321 compulsusque
3262 4255 3329 4309 ad
3347 4261 3808 4334 rcSpondendum,

2224 4327 2275 4381 id
2305 4327 2517 4384 demum
2541 4333 2726 4389 fecerit
2746 4337 2824 4391 vel
2857 4338 3074 4406 invitus,
3100 4343 3299 4399 scilicet
3321 4349 3476 4416 epist.
3504 4352 3664 4411 CXII.
3682 4327 3808 4427 quae

2222 4419 2420 4475 idcirco
2440 4437 2610 4492 pauco
2650 4435 2890 4497 tempore
2932 4431 3084 4488 istam
3113 4434 3273 4490 CXV.
3304 4447 3664 4508 prmcesserit.
3697 4419 3809 4504 Su-

2219 4512 2454 4581 spicatur
2478 4531 2690 4587 quoque
2739 4522 3064 4592 Augusﬁnus
3093 4526 3145 4580 in
3192 4529 3537 4600 subsequenti
3567 4538 3806 4606 epistola

2219 4620 2366 4661 num.
2401 4608 2452 4661 l.
2483 4607 2830 4682 Hieronymo,
2877 4614 3184 4684 priusquam
3230 4617 3367 4676 hanc
3406 4622 3470 4676 ad
3501 4623 3678 4694 ipsum
3722 4632 3810 4685 di-

2216 4703 2409 4762 ctaret,
2432 4697 2694 4754 redditam
2723 4701 2886 4758 fuisse
2913 4706 3190 4773 epistolam
3221 4724 3370 4765 suam
3397 4711 3512 4768 CX.
3541 4715 3670 4774 Ilzec
3698 4721 3806 4792 igi-

2217 4794 2301 4840 tur
2323 4802 2428 4840 non
2455 4797 2658 4846 temere
2681 4791 2748 4846 ad
2777 4808 2866 4847 an.
2898 4795 3112 4852 circiter
3138 4797 3264 4855 405.
3297 4813 3599 4860 reVocatur.
3627 4828 3647 4861 ι

2283 4877 2467 4934 CXVI.
2510 4881 2719 4951 Scripta
2744 4883 2835 4936 sub
2857 4885 2991 4938 idem
3015 4897 3230 4955 tempus.
3249 4921 3322 4932 --
3345 4910 3364 4944 ι
3401 4893 3588 4952 Denuo
3617 4899 3804 4958 Bene-

2213 4963 2416 5032 dictini,
2475 4969 2655 5034 Lecta,
2715 4972 2979 5042 inquiunt,
3034 4981 3308 5047 superiore
3354 4986 3614 5054 epistola,
3668 5008 3799 5047 mm

2211 5055 2345 5112 hanc
2370 5058 2554 5114 CXVI.
2597 5061 2664 5115 ad
2702 5061 3078 5135 Hieronymum
3121 5073 3397 5140 rescripsit
3433 5077 3798 5148 Augustian

2208 5163 2311 5216 qua
2345 5159 2453 5204 tum
2485 5151 2570 5206 isti
2599 5162 2881 5220 postrema:
2903 5171 2998 5225 per
3017 5157 3254 5216 Firmum
3280 5165 3478 5233 allatre,
3526 5179 3640 5226 tum
3668 5175 3768 5228 alii

2206 5239 2431 5305 duabus,
2461 5256 2590 5310 quas
2609 5243 2903 5314 Cyprianus
2918 5249 3173 5307 retulerat
3193 5257 3400 5313 scilicet
3414 5259 3526 5316 CV.
3545 5273 3602 5318 et
3621 5265 3798 5323 CXII.

2204 5328 2509 5396 respondet.
2546 5348 2566 5382 ι

2269 5417 2474 5511 CXVII.
2515 5419 2720 5493 Scripta
2762 5426 2894 5494 forte
2936 5445 3024 5485 an.
3069 5433 3198 5490 405.
3228 5468 3300 5479 -
3326 5439 3493 5511 Ilujus
3533 5451 3801 5510 meminit

2201 5509 2253 5561 in
2283 5506 2420 5562 libro
2465 5522 2650 5568 contra
2681 5513 3040 5587 Vigilantiam,
3067 5540 3223 5592 quem
3253 5506 3798 5599 nihilvduhitandutn

2197 5595 2484 5700 ad’annum
2505 5600 2630 5655 406.
2655 5605 2940 5672 pertinere.
2963 5609 3064 5676 Ne,
3090 5614 3277 5686 inquit,
3299 5637 3501 5678 rursum
3520 5595 3801 5700 malignus

2257 5683 2335 5776 Si).
2356 5684 2954 5776 33203321313935???
2985 5699 3074 5776 ξιιει
3094 5683 3376 5776 κῐέῖίξδίωε
3413 5683 3679 5776 arsi-olant:
3688 5683 3774 5776 si

2227 5757 2336 5793 uam
2360 5749 2409 5794 in
2441 5749 2721 5824 praefatione
2743 5759 2874 5805 tertii
2899 5759 2947 5807 in
2970 5749 3798 5845 AmoE'titsh’ih'éinJrSifﬁgq’ﬁ;

2227 5834 2246 5848 η.
2270 5807 2451 5848 doctrin
2491 5819 2692 5848 mnium!
2718 5828 2843 5848 anno
2866 5820 3015 5848 dum-
3041 5825 3202 5848 ....,.-..|
3235 5828 3309 5848 un
3360 5831 3391 5848 η
3413 5846 3418 5848 .
3722 5845 3729 5848 .

2195 5807 2246 5854 S.
2270 5807 2477 5882 doctori“
2491 5814 2703 5887 contigit
2717 5828 2843 5867 anno
2865 5807 3510 5892 daaiaiiaéai'ioi.“
3525 5807 3793 5896 deﬁgi:

2195 5872 2274 5917 tus
2294 5864 2478 5922 Atcadn
2503 5871 2723 5938 Augusti,
2751 5886 2802 5930 et
2825 5881 2970 5932 Anuli
2994 5883 3152 5935 Probi.
