4004 6328
205 297 412 356 LXXXV

200 410 438 479 lnterpres
463 410 630 478 dicat,
679 410 850 479 ﬁctam
883 427 916 466 a
943 427 1022 466 me
1049 410 1332 476 materiam,
1376 410 1460 466 cui
1502 411 1754 465 rhetorica

197 503 542 557 declamatione
564 486 917 572 respondeam,
947 504 1077 558 sicut
1103 503 1267 564 illaut,
1299 517 1450 572 quam
1481 501 1662 570 scripsi
1687 500 1755 552 ad

195 593 365 648 Gallias
389 591 583 646 Matris
603 603 651 648 et
679 591 831 649 Filia:
853 594 981 647 inter
1002 610 1057 648 se
1080 593 1447 646 discordantes.
1475 591 1567 646 llis
1593 603 1752 660 porro

191 684 598 739 recentissimum
624 699 760 754 opus
787 684 1071 753 designari,
1119 694 1175 739 et
1217 683 1357 754 quod
1403 698 1570 752 pauco
1620 695 1747 736 sane

189 787 407 845 tempore
432 775 630 830 abillo
670 787 852 832 contra
882 775 1221 847 Vigilantiam
1266 776 1468 847 scripto
1505 773 1745 838 distaret,

183 866 524 936 coniecimus:
559 875 620 921 ut
664 867 791 938 quid
837 869 978 922 enim
1010 879 1243 923 veterem
1287 865 1606 934 calumniam
1634 875 1742 918 tmn

181 959 371 1014 demum
399 959 897 1014 commemoraret?
923 958 1083 1013 Forte
1123 959 1283 1012 etiam
1311 956 1566 1028 malignus
1589 958 1746 1011 inter-

178 1065 277 1116 pres
302 1047 554 1102 Ruflinus
583 1047 764 1109 fuerit,
795 1051 884 1119 qui
915 1064 1034 1103 cum
1068 1050 1118 1103 in
1153 1049 1301 1102 libris
1357 1047 1744 1102 lnvectivarum

176 1139 289 1192 nihil
317 1137 630 1207 hujusmodi
663 1139 987 1209 Hieronymo
1015 1137 1294 1207 objecerit,
1316 1136 1385 1192 de
1428 1151 1522 1192 ore
1559 1145 1742 1206 postea

172 1228 454 1283 detraxisse
504 1230 780 1298 putandus
803 1232 904 1286 sit:
930 1245 1050 1299 quae
1079 1229 1398 1298 conjectum:
1423 1245 1620 1284 annum
1661 1229 1742 1284 la-

170 1320 260 1374 cile
286 1320 410 1375 404.
437 1329 538 1375 aut
564 1329 879 1391 sequentem
907 1322 1032 1376 405.
1061 1321 1360 1392 designant.

225 1410 454 1466 CXVIII.
497 1412 714 1482 Scripta
743 1431 831 1467 an.
856 1414 984 1468 406.
1014 1413 1330 1476 —Juliano,
1360 1422 1416 1468 ut
1442 1413 1637 1468 suacqu
1654 1429 1745 1482 pc-

166 1503 295 1557 nitus
322 1503 444 1558 vale
469 1503 638 1570 dicat,
676 1505 923 1575 proponit
967 1505 1250 1559 imitandos
1289 1503 1533 1558 Sanctum
1578 1505 1741 1557 virum

165 1594 571 1662 Pamntacltium,
596 1608 644 1653 et
669 1600 1049 1670 ferventissimo:
1072 1599 1192 1668 fidei
1222 1597 1501 1653 Paulinum
1543 1599 1742 1670 presby-

162 1698 332 1749 terum,
361 1690 451 1756 qui
476 1706 582 1742 non
607 1691 774 1744 solum
803 1692 1024 1756 divitias,
1065 1690 1157 1745 sed
1172 1708 1226 1745 se
1244 1692 1382 1760 ipsos
1405 1691 1623 1773 Domino
1649 1691 1740 1748 ob-

161 1781 393 1832 tulerunt.
424 1780 560 1835 llinc
605 1781 770 1849 probe
811 1782 1111 1848 conﬁcitur,
1154 1797 1326 1853 neque
1370 1792 1497 1838 ante
1536 1797 1736 1836 annum

159 1871 278 1936 397,
322 1881 412 1926 aut
442 1872 571 1928 398.
603 1888 713 1944 quo
741 1874 1111 1930 Pammachius
1159 1875 1504 1931 monasticam
1553 1876 1736 1938 vitam,

159 1973 274 2032 post
301 1963 540 2019 Paulina:
592 1967 784 2020 uxoris
806 1967 1033 2032 obitum,
1075 1967 1356 2036 amplexus
1406 1978 1520 2033 est;
1563 1982 1736 2038 neque

158 2064 273 2123 post
285 2056 407 2112 409.
430 2073 540 2126 quo
562 2058 816 2114 Paulinus
832 2070 1136 2128 assumptus
1154 2069 1234 2116 est
1250 2061 1315 2114 ad
1339 2060 1732 2130 Episcopatum,

156 2147 427 2214 epistolam
459 2149 867 2205 recensendam.
919 2150 1137 2206 Interim
1183 2167 1329 2206 cum'
1355 2151 1496 2206 inter
1538 2150 1732 2208 Juliaui

157 2238 474 2292 tentationes
513 2251 930 2306 commemoret,
972 2239 1316 2294 Vastationent
1347 2241 1497 2294 totius
1523 2243 1736 2296 barbaro

157 2330 289 2379 hoste
312 2325 626 2391 Prouincia,
652 2339 698 2383 et
725 2329 778 2381 in
805 2331 1060 2382 communi
1089 2330 1485 2400 depOpulatione
1513 2331 1738 2398 privatas

157 2423 525 2485 possessionum
543 2425 654 2490 eius
674 2424 870 2484 ruinas,
894 2422 1097 2476 abactos
1122 2431 1485 2482 armentorum,
1507 2438 1568 2475 ac
1594 2437 1741 2491 peco-

156 2524 255 2562 nnn
274 2527 478 2582 greges,
515 2513 712 2565 vinctos
747 2514 1035 2581 occisosque
1060 2513 1306 2578 servulos,
1334 2522 1492 2582 atque
1519 2513 1618 2566 alia
1647 2513 1742 2566 lut-

154 2599 402 2665 jusmodi,
423 2615 629 2654 annum
652 2602 873 2657 inlinere
899 2602 1028 2657 406.
1047 2618 1152 2672 quo
1171 2602 1282 2657 haec
1302 2605 1576 2668 scriberet,
1597 2603 1735 2657 haud

156 2691 373 2746 obscure
405 2691 749 2760 intelligitur.
795 2691 1016 2759 Eruptio
1041 2691 1184 2748 enim
1213 2693 1584 2759 Barbarorum,
1615 2709 1734 2762 qua:

156 2778 262 2834 illas
285 2780 544 2850 regiones
589 2781 847 2850 pervasit,
879 2781 1017 2834 haud
1045 2782 1144 2834 alia
1173 2781 1404 2851 putanda
1433 2791 1536 2847 est,
1572 2798 1730 2851 quant

155 2871 256 2938 illa,
284 2887 408 2943 quae
434 2871 502 2926 ad
531 2887 622 2925 an.
648 2871 772 2927 405.
792 2872 1083 2928 Stilichone
1108 2873 1168 2928 II.
1196 2883 1251 2929 et
1271 2874 1557 2930 Anthemio
1575 2875 1728 2933 Coss.

152 2963 367 3033 contigit
391 2962 494 3016 sub
531 2962 894 3033 Rhadaguiso,
926 2964 1372 3034 quemadmodum
1405 2967 1455 3021 in
1483 2967 1729 3038 Prosperi

151 3051 396 3125 chronica
419 3055 787 3123 consignatur.
813 3053 975 3125 Igitur
1001 3055 1068 3110 ad
1099 3056 1424 3127 insequentis
1443 3059 1568 3114 anni
1599 3061 1726 3117 406.

152 3143 191 3196 si
220 3145 388 3198 mavis
404 3145 568 3200 etiam
593 3145 776 3212 tinem,
800 3160 906 3201 non
924 3147 1215 3218 incongrue
1239 3148 1352 3218 ipsa
1375 3149 1485 3205 hmc
1504 3153 1726 3222 epistola

148 3246 452 3291 τεισοοειιυτ.

210 3325 403 3383 CXIX.
447 3329 656 3398 Scripta
685 3327 778 3383 sub
810 3330 904 3398 ﬁn.
931 3330 1055 3385 anni
1078 3329 1203 3387 406.
1224 3333 1597 3390 —Sisinnium
1615 3337 1728 3392 Mo-

142 3417 374 3474 nachum
397 3420 491 3490 qui
520 3431 632 3474 tttm
655 3420 905 3486 aliorum,
938 3429 1048 3476 tum
1091 3421 1331 3478 Minervii
1355 3433 1409 3480 et
1435 3427 1725 3484 Alexandri

141 3511 473 3580 qua-stiones
499 3509 568 3564 ad
597 3511 978 3582 Hieronymum
1023 3511 1232 3578 detulit,
1284 3513 1387 3570 hoc
1430 3531 1571 3572 anno
1598 3518 1724 3574 406.

139 3600 416 3672 legaverat
443 3603 494 3655 in
523 3601 799 3657 Orientem
814 3611 1029 3657 sanctus
1050 3603 1346 3672 Exuperius
1365 3605 1574 3661 Tolosae
1598 3608 1728 3678 Epi-

139 3707 342 3763 scopus
362 3708 488 3749 cum
519 3693 718 3764 ingenti
731 3694 976 3763 pecunia,
997 3703 1056 3748 ut
1082 3692 1466 3752 Mouachorum
1489 3698 1728 3755 Palmsti-

143 3799 224 3838 me
271 3794 440 3854 atque
481 3783 698 3856 [Egypti
743 3784 934 3854 inopia:
960 3785 1286 3853 subveniret,
1332 3797 1390 3842 ut
1431 3799 1636 3845 constat
1662 3806 1728 3848 ex

146 3873 463 3943 pra‘fatiOne
489 3861 1004 3930 Commentariorum
1029 3877 1082 3930 in
1099 3875 1462 3932 Zacehariam.
1483 3881 1733 3938 Pervenit

147 3965 422 4020 Bethleem
467 3965 646 4018 ultimo
665 3965 781 4035 jam
807 3966 1038 4019 autumni
1080 3975 1324 4036 tempore,
1355 3969 1494 4038 quod
1525 3984 1590 4024 ex
1619 3971 1732 4024 Iau-

150 4053 268 4109 data
294 4054 611 4126 praefatione
623 4065 962 4126 compertum
981 4067 1084 4121 est,
1102 4071 1164 4111 ac
1184 4057 1388 4129 traditis
1408 4058 1734 4130 Hieronymo

153 4145 372 4211 litteris,
417 4146 562 4218 quod
599 4161 665 4202 ex
707 4146 810 4202 hac
855 4150 992 4218 ipsa,
1036 4145 1106 4203 de
1133 4163 1236 4219 qua
1265 4151 1471 4220 agimus
1508 4150 1730 4221 epistola

157 4254 208 4292 ιι.
238 4240 288 4294 ι.
314 4240 505 4311 liquet,
527 4249 859 4295 moraturum
889 4255 948 4296 se
972 4240 1045 4296 ibi
1074 4257 1230 4312 usque
1253 4242 1321 4295 ad
1345 4243 1476 4296 diem
1502 4241 1731 4313 Epipha-

160 4329 350 4384 niorum
382 4331 867 4402 promiseratzquo
893 4331 1200 4402 largissime,
1247 4332 1425 4388 subdit
1467 4334 1728 4406 Hierony-

162 4432 293 4486 mus,
326 4419 516 4490 spatio,
545 4419 763 4490 singulis
799 4435 878 4473 me
904 4435 1266 4490 responsurum
1294 4422 1564 4490 putabam;
1589 4441 1732 4478 cum-

163 4524 247 4575 que
266 4510 466 4580 furtivis
486 4511 710 4564 noctium
732 4509 1182 4563 lucubratiunculis
1197 4509 1265 4563 ad
1282 4512 1547 4582 plerosque
1567 4513 1730 4568 άιιια-

163 4611 279 4664 rem,
303 4607 354 4653 et
378 4599 594 4669 expletis
623 4599 765 4666 aliis,
791 4614 870 4652 me
889 4598 957 4652 ad
979 4608 1212 4668 vestram,
1250 4600 1490 4657 Minervii
1529 4604 1733 4662 scilicet

164 4695 212 4740 et
234 4688 543 4756 Alexandri,
571 4690 720 4759 quasi
746 4688 1091 4758 diﬁcillimam
1118 4704 1440 4756 reservarem,
1469 4691 1632 4748 subito
1646 4710 1734 4748 su-

167 4781 372 4834 menit
391 4795 623 4834 asserens
647 4795 702 4832 se
720 4779 856 4833 illico
875 4782 1237 4851 profecturum.
1267 4781 1410 4838 Nihil
1433 4784 1609 4855 itaque
1634 4785 1733 4840 du-

168 4871 428 4927 uitandum
465 4881 594 4928 ante
644 4869 1067 4941 Epiphaniorum
1095 4871 1230 4940 dies,
1259 4882 1418 4942 atque
1442 4876 1580 4930 adeo
1605 4886 1734 4934 ante

167 4957 456 5018 Ianuarium
487 4961 821 5031 insequentis
844 4961 968 5014 anni
995 4975 1254 5026 mensem,
1283 4973 1524 5018 coactum
1549 4965 1736 5021 Hiero—

172 5065 369 5121 nytnum
415 5067 654 5124 prepere
702 5051 1064 5120 respondere,
1121 5051 1395 5120 ipsamque
1454 5055 1732 5124 epistolam

171 5138 420 5198 decembri
451 5144 616 5211 hujus
641 5141 768 5196 anni
796 5141 921 5195 406.
943 5142 1372 5198 commodissime
1399 5144 1577 5200 tribui.

231 5233 384 5289 CXX.
413 5244 470 5290 et
488 5231 682 5290 CXXI.
718 5230 935 5302 Scriptte
953 5232 1045 5286 sub
1064 5232 1199 5286 idem
1227 5242 1440 5304 tempus.
1465 5265 1536 5276 —
1561 5238 1735 5312 Y‘asti-

175 5329 314 5378 tatem
338 5341 368 5382 a
389 5325 723 5388 Gothorum,
750 5321 1242 5393 Wandalorumque
1273 5326 1567 5396 irruptione
1605 5331 1736 5387 Gal-

173 5411 244 5470 liis
268 5417 486 5482 illatam,
513 5429 642 5487 quae
672 5413 774 5469 sub
797 5413 995 5469 exitum
1020 5416 1144 5470 anni
1165 5416 1290 5472 406.
1332 5420 1572 5490 contigit,
1601 5438 1738 5477 nus-

173 5518 305 5573 quam
328 5507 412 5564 his
439 5506 642 5563 litteris
670 5505 1025 5578 Hieronymus
1051 5521 1333 5576 memorat,
1355 5529 1512 5580 quam
1559 5523 1733 5571 tamen

173 5597 368 5656 minime
393 5599 625 5656 silentio
654 5597 1018 5668 prmteriisset,
1045 5601 1090 5656 si
1117 5610 1368 5671 pesteam
1387 5605 1612 5673 cladem,
1632 5625 1736 5680 qua

173 5691 474 5762 Aquitaniae,
523 5691 920 5761 Narbonensis,
967 5693 1292 5768 aliarumque
1340 5697 1737 5759 Provinciarum

1602 296 1982 356 PREFATIO.
2214 309 2252 323 ‘

3173 307 3437 366 LXXXVI

1866 412 2025 468 urbes
2073 413 2204 472 loris
2245 416 2474 488 gladius,
2523 430 2682 492 atque
2729 424 2873 482 intus
2920 429 3087 486 fames
3139 432 3438 498 vastabant,

1861 506 2182 575 scripsisset.
2210 509 2417 581 Quippe
2448 513 2669 571 Hedibia
2699 532 2765 572 ex
2812 519 2914 573 illis
2953 529 3069 576 erat
3105 525 3435 593 regionibus,

1860 597 1998 666 quod
2030 599 2217 667 primis
2240 605 2419 657 statim
2448 605 2604 674 hujus
2631 609 2872 677 epistolae
2899 611 3077 667 verbis
3102 627 3434 683 compertum

1815 749 1834 765 ο
1859 693 1960 741 est.
2003 688 2124 742 Alia.
2159 706 2223 746 ex
2264 702 2414 762 parte
2439 699 2782 765 quaestiones,
2810 716 2942 770 quas
2987 705 3296 762 enodandas
3323 708 3438 762 hmc

1859 793 2224 849 proposuerat,
2261 793 2353 854 per
2375 789 2619 844 eumdem
2648 792 2997 860 Apodemium
3016 796 3203 852 delata:
3224 809 3348 853 sunt
3368 801 3434 854 ad

1857 866 2260 941 Hieronymum,
2286 890 2380 943 per
2403 893 2582 947 queui,
2609 881 2676 933 ab
2699 882 2906 948 iisdem,
2927 887 3227 949 utvidetur,
3251 889 3435 946 Galliae

1855 959 2071 1023 linihus,
2105 963 2316 1033 Algasia
2344 981 2468 1021 suas
2495 969 2561 1022 ad
2591 972 2838 1027 eumdem
2877 985 3116 1030 sanctiun
3151 979 3429 1034 Ductorem

1852 1047 2166 1107 deferendas
2205 1058 2690 1124 commendaverat,
2723 1063 2865 1131 quod
2896 1080 2961 1119 ex
3009 1067 3284 1138 utriusque
3311 1073 3428 1137 epi-

1852 1144 2005 1196 stolte
2036 1145 2186 1200 initio
2213 1160 2442 1204 constat.
2487 1151 2596 1207 Sub
2640 1155 2777 1210 idem
2826 1157 3000 1227 itaque
3031 1170 3238 1230 tempus
3266 1166 3426 1220 etiam

1852 1241 2128 1303 utramque
2181 1235 2488 1310 Hieronymi
2542 1245 2944 1312 responsionem
3003 1248 3180 1305 datam
3242 1251 3426 1320 fuisse,

1849 1339 2073 1392 pronum
2104 1335 2186 1380 est
2234 1329 2473 1394 credere,
2526 1341 2576 1385 et
2619 1333 2754 1390 forte
2798 1352 2892 1406 per
2919 1341 3167 1395 eumdem
3216 1360 3427 1414 quioque

1849 1413 2223 1481 Apodemium,
2253 1417 2379 1472 dum
2415 1419 2465 1473 in
2496 1423 2719 1490 patriam
2749 1428 3142 1494 regrederetur.
3171 1431 3322 1498 Quod
3344 1413 3350 1414 ί
3370 1443 3428 1490 ιιι

1847 1506 2305 1562 verosimillimum
2335 1511 2426 1574 sit,
2456 1516 2723 1581 posterior
2771 1517 2871 1572 iSIa
2910 1519 2978 1574 ad
3007 1523 3295 1591 Algasiam,
3327 1542 3425 1581 nec

1848 1593 1958 1663 ipsa
1999 1595 2381 1656 Wandalorum
2426 1607 2684 1667 meminit,
2717 1617 2771 1662 et
2822 1619 2995 1665 tamen
3024 1623 3171 1667 certo
3201 1618 3419 1680 certius,

1847 1701 1950 1739 non
1995 1689 2092 1742 nisi
2127 1702 2249 1759 post
2276 1695 2400 1748 anui
2431 1696 2553 1750 406.
2585 1698 2788 1768 aliquot
2832 1703 3019 1758 saltem
3052 1721 3264 1763 menses
3298 1711 3421 1766 data

1845 1787 1947 1832 est.
1975 1776 2106 1832 Cum
2133 1783 2271 1836 enim
2316 1789 2596 1852 quaestioni.
2626 1786 2697 1841 Χ.
2731 1789 3016 1862 nemp/tam
3060 1800 3259 1853 mentio
3289 1801 3422 1856 inci-

1842 1869 2030 1936 disset,
2059 1871 2140 1927 De
2166 1891 2243 1937 eo,
2275 1876 2466 1947 inquit,
2495 1879 2548 1933 in
2576 1880 2832 1952 Prop/tcta
2859 1886 3013 1940 Amos
3042 1889 3240 1958 plenius
3257 1893 3422 1949 disse-

1842 1962 2052 2016 ruimus.
2088 1963 2154 2019 Et
2182 1980 2341 2035 porro
2385 1969 2516 2023 nihil
2565 1981 2646 2025 est
2689 1973 3039 2035 dubitandum
3083 1979 3187 2038 hoc
3230 1985 3418 2041 eodem

1841 2067 2002 2118 anno,
2035 2056 2120 2121 qui
2139 2059 2268 2112 sexti
2302 2058 2606 2118 Consulatus
2637 2065 2841 2121 Arcadii
2891 2069 3125 2142 Augusti,
3167 2085 3215 2130 et
3254 2079 3422 2135 Anicii

1843 2142 2001 2198 Probi
2027 2148 2175 2216 fastis
2204 2166 2385 2205 nomen
2424 2156 2687 2222 imposuit,
2733 2174 2827 2213 eos
2854 2160 3283 2226 Commentarios
3307 2173 3421 2228 elu-

1842 2235 2113 2334 cubratas.
2138 2239 2300 2334 Igitur
2323 2242 2404 2295 sin
2434 2245 2610 2299 minus
2624 2248 2688 2300 ad
2715 2251 2839 2303 anni
2869 2252 3025 2322 hujus
3056 2259 3237 2324 linem,
3267 2265 3420 2334 cujus

1847 2323 2034 2378 ultimo
2063 2341 2196 2395 pene
2220 2328 2309 2384 die
2339 2330 2390 2383 in
2417 2330 2614 2387 Gallias
2651 2339 2919 2398 exercitus
2964 2323 3418 2411 Barbarorum'ir-

1846 2415 2008 2516 rupit,
2041 2414 2123 2470 Inc
2148 2417 2266 2473 dua:
2292 2421 2449 2476 simul
2467 2423 2667 2493 junctae
2693 2430 2936 2500 epistola:
2962 2438 3254 2498 referenda:
3271 2461 3414 2516 sunt,

1846 2503 1944 2559 hac
1969 2515 2214 2575 poterunt
2239 2515 2443 2568 ratione
2469 2514 2536 2569 ad
2557 2520 2680 2572 anni
2707 2523 3034 2594 insequentis
3059 2531 3182 2586 407.
3208 2503 3412 2596 initium

1842 2597 2051 2665 deduci,
2085 2609 2141 2655 ut
2167 2603 2401 2659 nondum
2426 2607 2784 2681 Hieronymus
2802 2625 2907 2671 tam
2933 2619 3090 2691 longe
3105 2624 3307 2684 dissita:
3324 2648 3412 2688 re-

1839 2689 2010 2756 gionis
2035 2691 2240 2748 cladem
2267 2696 2546 2766 audiverit,
2571 2702 2721 2773 cujus
2739 2714 2915 2763 tamen
2947 2689 3082 2767 larua
3101 2717 3283 2774 orbem
3305 2696 3414 2780 cito

1839 2782 2088 2848 pervasit.

1905 2871 2112 2972 CXX-II.
2160 2874 2368 2972 scripta
2386 2896 2470 2937 an.
2502 2883 2629 2939 407.
2647 2916 2719 2927 -
2745 2887 2873 2947 Ηωο
2899 2892 3111 2951 demum
3160 2901 3404 2972 epistola,

1833 2976 1988 3052 quam
2009 2964 2128 3019 ideo
2155 2967 2218 3020 ad
2241 2983 2308 3024 an
2330 2971 2453 3026 407.
2477 2974 2799 3043 distulimus,
2827 2964 3261 3047 Barbarorum'in
3284 2964 3409 3052 Gal:

1836 3050 1931 3106 lias
1957 3051 2305 3122 irruptionem
2327 3075 2391 3115 ac
2416 3065 2714 3122 vasﬁtatem
2745 3071 3100 3145 Hieronymus
3125 3096 3404 3141 memorat.

1835 3140 1903 3246 Ht
1945 3158 2137 3246 nempe
2162 3146 2460 3246 Rusticum,
2501 3156 2567 3210 ad
2610 3173 2770 3228 quem
2815 3140 3007 3220 littera:
3051 3170 3407 3246 desdnantur,

1833 3234 2084 3291 Artemis:
2109 3239 2349 3312 conjugis
2375 3257 2486 3299 suze
2511 3261 2787 3305 conversa:
2815 3258 3077 3329 exemplo
3117 3263 3184 3318 ad
3232 3234 3410 3336 paeni:

1834 3327 2293 3429 tentiamfx-citet,
2339 3349 2658 3408 moueatque
2673 3327 3020 3415 jurisjurandi
3041 3368 3142 3423 qua
3170 3327 3412 3429 testiﬁca-

1832 3415 1966 3507 tione
1975 3417 2234 3484 pollicitus
2263 3435 2388 3489 erat,
2406 3437 2460 3480 ut
2479 3429 2760 3502 conjugem
2779 3437 2848 3489 ad
2871 3415 3408 3507 sanctavtranseuntein

1832 3505 1943 3559 loca
1973 3508 2049 3560 vel
2076 3511 2264 3575 statim,
2296 3515 2375 3566 vel
2402 3527 2573 3586 postea
2597 3534 2901 3592 sequeretur,
2920 3531 3166 3589 miseram
3198 3505 3412 3608 prmio;

1831 3597 1928 3650 cia:
1955 3598 2071 3667 ejus
2097 3600 2284 3655 faciem
2314 3604 2386 3657 ob
2411 3608 2593 3663 oculos
2624 3617 2806 3680 ponit:
2842 3633 2960 3687 quas
2988 3597 3327 3685 anuum'lm.
3353 3643 3410 3688 ut

1833 3701 1991 3792 supra
2008 3691 2374 3792 ostendimus,
2403 3695 2665 3769 designat.
2699 3703 2850 3770 Quod
2866 3709 2910 3762 si
2932 3720 3000 3774 te,
3029 3713 3218 3784 inquit,
3238 3723 3309 3773 rei
3327 3727 3407 3792 fa-

1834 3778 2046 3832 miliaris
2069 3789 2233 3835 tenent
2267 3785 2510 3854 reliquiae,
2543 3801 2594 3843 ut
2619 3795 2805 3850 scilicet
2828 3809 2875 3852 et
2901 3814 3083 3858 mortes
3102 3778 3404 3881 amicorum,

1835 3879 1882 3922 et
1907 3871 2090 3924 civium
2122 3874 2316 3940 videas,
2338 3887 2384 3929 et
2422 3880 2597 3935 ruinas
2631 3885 2830 3940 urbiutn
2860 3902 3010 3962 atque
3029 3897 3284 3964 villarum,
3307 3871 3413 3958 sal.-

1838 3971 1932 4059 tem
1959 3963 2090 4017 inter
2112 3967 2413 4033 captivitatis
2440 3973 2596 4036 ntala,
2624 3985 2670 4026 et
2693 3979 2882 4045 feroces
2911 3983 3130 4039 hostium
3160 3991 3344 4059 vultus,
3363 4006 3412 4049 et

1843 4049 2124 4108 Provinrite
2167 4065 2268 4109 tute
2311 4057 2512 4125 inﬁnita
2540 4065 2832 4136 naufragia,
2865 4079 3026 4126 teneto
3053 4077 3276 4136 tabulam
3302 4049 3410 4149 pos-

1836 4144 2076 4198 nitentice.

1907 4236 2135 4293 CXXIII.
2190 4237 2398 4310 Scripta
2443 4259 2532 4297 an.
2578 4245 2891 4308 IO9.—Ut
2936 4255 3290 4327 Ageruchiam
3342 4271 3413 4327 ab

1837 4328 2082 4384 ineundis
2106 4332 2352 4386 secundis
2368 4337 2564 4404 nuptiis
2591 4339 2921 4408 dehortetur.
2942 4361 3138 4416 printer
3159 4354 3410 4426 Bigamim

1836 4419 2193 4485 incommoda,
2219 4437 2279 4476 ea
2309 4423 2522 4480 demum
2545 4442 2850 4500 exaggerat,
2880 4450 2995 4504 qu:c
3015 4443 3135 4508 ejus
3159 4419 3411 4516 temporis

1835 4512 2166 4568 calamitates
2190 4514 2505 4571 inferebant.
2542 4517 2616 4572 Ex
2648 4521 2729 4574 his
2753 4521 3018 4593 Hispania
3055 4512 3282 4604 jamjani
3318 4557 3412 4608 pe.

1837 4601 2030 4669 ritum,
2058 4612 2104 4656 et
2133 4603 2294 4657 Roma
2325 4607 2437 4673 ipsa
2465 4607 2517 4660 in
2541 4610 2730 4677 gremio
2755 4628 2846 4666 suo
2867 4631 2966 4670 non
2995 4637 3086 4687 pro
3111 4601 3294 4695 gloria,
3318 4601 3414 4686 sed

1840 4707 1932 4760 pro
1952 4692 2115 4746 salute
2145 4709 2410 4762 pugnans;
2457 4696 2559 4750 into
2585 4714 2648 4751 ne
2671 4716 2902 4772 pugnans
2931 4692 3152 4780 quidem,
3183 4692 3287 4772 sed-
3319 4740 3416 4777 au-

1838 4794 1918 4845 ro,
1947 4790 1992 4834 et
2017 4790 2197 4835 cuncta
2237 4784 2544 4852 supellectile
2567 4788 2719 4843 vitam
2743 4795 3010 4852 redimens.
3037 4803 3168 4868 Qua:
3195 4811 3412 4878 quidem

1841 4873 1972 4928 satis
1996 4882 2195 4940 aperta:
2225 4883 2366 4928 nota:
2414 4885 2540 4931 sunt
2567 4880 2694 4935 anni
2732 4884 2858 4941 409.
2891 4903 3011 4944 cum
3052 4873 3236 4953 scelere
3258 4907 3414 4958 senti-

1843 4965 2046 5020 barbari
2083 4965 2376 5036 proditoris,
2407 4968 2674 5028 StiliConis
2700 4977 2906 5034 scilicet
2932 4997 2960 5034 a
2996 4983 3246 5046 Vandalis
3285 5010 3413 5064 pro-

1841 5057 2007 5127 gnati,
2036 5059 2134 5113 sub
2164 5059 2320 5113 linem
2352 5065 2643 5131 superioris
2668 5069 2791 5122 auiti
2818 5071 2887 5126 ab
2935 5074 3146 5133 Alarico
3192 5057 3412 5144 obsessa

1843 5157 1926 5202 est
1951 5148 2142 5214 Roma,
2170 5165 2310 5219 quzr,
2333 5163 2388 5204 ut
2413 5155 2637 5208 salutem
2665 5169 2950 5230 utcumque
2971 5167 3277 5241 redimeret,
3298 5175 3419 5234 bar-

1844 5241 1974 5294 baro
1997 5241 2124 5295 Duci
2158 5242 2420 5312 ingentem
2451 5245 2558 5299 vim
2585 5251 2696 5302 auri
2718 5253 2989 5320 appendit.

1913 5332 2147 5388 CXXIV.
2193 5334 2399 5404 Scripta
2419 5353 2505 5390 an.
2527 5338 2655 5393 409.
2693 5343 2771 5394 vel
2798 5344 2922 5398 410.
2942 5375 3012 5386 -—
3037 5348 3209 5404 Prima
3236 5359 3415 5412 statim

1844 5425 2086 5494 epistola:
2126 5426 2309 5490 verba,
2351 5442 2457 5497 quo
2483 5428 2678 5495 scripta
2713 5433 2780 5485 sit
2815 5442 3077 5503 tempore,
3130 5443 3301 5508 palam
3335 5447 3414 5500 l‘a-

1844 5520 2009 5572 ciunt.
2043 5517 2172 5571 Ante
2199 5534 2382 5580 annos,
2417 5519 2607 5588 inquit,
2636 5522 2836 5576 circiter
2863 5525 3052 5590 decem,
3099 5529 3320 5586 Sanctus
3347 5536 3421 5588 vir

1846 5611 2208 5668 Pammachius
2233 5614 2302 5667 ad
2324 5630 2401 5667 me
2415 5616 2682 5684 cujusdam
2701 5618 2966 5674 sclredulas
2983 5623 3138 5683 misit,
3163 5638 3277 5691 gare
3303 5621 3426 5677 Ori-

1848 5705 1988 5769 qent's
2013 5713 2116 5764 περὶ
2141 5710 2300 5774 Δρχῶν
2319 5705 2648 5774 interpretata
2672 5706 2927 5761 volumina
2949 5708 3274 5776 continerent,
3307 5720 3425 5769 etc.
