4004 6328
601 332 886 393 LXXXVII

598 452 883 509 Enimvero
911 444 1235 502 Pammachii
1283 444 1488 502 litteras
1540 446 1832 503 LXXXIII.
1880 463 2012 518 quas
2057 448 2177 503 heic

598 544 815 599 Iliernu.
841 540 1045 602 recolit,
1076 538 1141 594 ad
1163 554 1251 594 an.
1278 538 1403 595 399.
1426 554 1549 597 esse
1574 541 1903 597 revocandas
1933 557 2029 596 suo
2056 543 2172 597 loco

595 635 957 695 ostendimus;
986 644 1143 703 atque
1165 636 1299 689 adeo
1322 636 1507 713 isthmc
1533 637 1598 691 ad
1627 637 1859 702 Avitum,
1886 645 1994 705 post
2011 653 2172 691 annos

595 730 796 783 circiter
816 728 984 781 decem
1011 728 1154 793 data,
1176 728 1241 781 ad
1269 728 1395 784 409.
1422 727 1503 783 vel
1531 728 1595 780 ad
1626 728 1749 809 “0.
1781 728 2063 797 spectabit.

665 816 877 873 CXXV.
922 818 1127 887 Scripta
1150 835 1238 871 an.
1271 819 1395 872 411.
1418 848 1487 858 -
1507 816 1620 871 Non
1646 833 1929 887 possumus
1956 817 2079 885 quin
2103 815 2168 869 ad

591 904 864 964 Ilul'linum
884 909 995 977 jam
1020 907 1126 960 fato
1155 906 1391 961 functum
1419 907 1737 971 referamus,
1771 923 1887 979 qua:
1907 922 2055 960 num.
2079 905 2165 968 18,

591 1001 659 1055 de
702 999 943 1055 Grunnio
986 998 1235 1053 dicuntur
1280 1000 1332 1052 in
1388 998 1487 1052 hac
1532 996 1752 1066 cpistola
1794 1014 1809 1052 :
1857 995 2164 1049 Testudinco

593 1089 853 1145 Grunnius
877 1091 1133 1143 incedebat
1183 1090 1251 1142 ad
1285 1088 1587 1157 loquendum
1612 1088 1797 1157 gradu,
1825 1098 1871 1140 et
1904 1105 1991 1154 per
2014 1089 2167 1139 inter-

591 1182 724 1235 valla
749 1181 977 1255 quoniam
1000 1180 1084 1233 vix
1108 1196 1271 1248 pauca
1288 1180 1432 1232 verba
1458 1180 1713 1248 carpebat,
1744 1188 1798 1231 ut
1824 1194 1936 1231 eum
1965 1188 2163 1248 putares

586 1274 869 1343 singultire.
903 1289 1003 1325 non
1027 1273 1276 1339 proloqui.
1312 1270 1376 1325 Et
1402 1281 1566 1324 tamen
1594 1287 1705 1323 cum
1734 1287 1905 1323 mensa
1931 1272 2164 1337 apposita

591 1362 832 1416 librorum
852 1364 1158 1425 exposuisset
1176 1372 1383 1424 struem,
1416 1372 1545 1426 etc.,
1568 1361 1634 1414 ad
1667 1360 1824 1414 linem
1858 1375 2022 1429 usque
2045 1361 2160 1429 ejus

589 1438 815 1508 nuntieri.
861 1457 1034 1524 Atque
1064 1454 1162 1509 huc
1203 1470 1309 1507 uno
1337 1455 1549 1523 quidem
1578 1463 1894 1523 argumento
1946 1452 2157 1523 infringi

585 1556 830 1615 putamus
854 1546 1185 1613 conjecturas
1205 1545 1479 1598 doctorum
1506 1544 1801 1607 hominum,
1822 1543 1909 1613 qui
1926 1559 2013 1596 an.
2032 1543 2157 1597 406.

584 1635 700 1690 sine
729 1636 1071 1704 ambiguitate
1108 1634 1386 1704 epistolam
1415 1633 1765 1698 tribuendam,
1797 1649 2063 1702 unamque
2092 1647 2156 1686 ex

584 1726 649 1781 iis
676 1741 796 1782 esse
826 1728 1026 1789 volunt,
1059 1743 1190 1796 quas
1213 1726 1479 1781 Sisinnius
1502 1739 1625 1781 tunc
1658 1727 1913 1796 temporis
1935 1742 1965 1780 e
1988 1724 2155 1780 Palm-

581 1817 720 1871 stina
750 1816 912 1885 redux
942 1817 1131 1872 detulit
1159 1816 1209 1871 in
1238 1817 1567 1887 llislianiam.
1610 1817 1743 1872 Nam
1772 1834 1891 1889 qua:
1917 1817 2016 1871 sub
2040 1816 2175 1886 epi-v

579 1910 732 1964 Stolze
771 1910 935 1965 linem
979 1909 1048 1965 de
1085 1908 1355 1979 Exuperio
1380 1908 1593 1965 Tolosa:
1620 1910 1904 1979 Episcopo,
1934 1908 2153 1978 ejusque

577 2001 937 2073 eleemosynis
964 2000 1113 2069 dicit,
1144 2001 1211 2055 ad
1259 2002 1586 2072 praeteritum
1632 2010 1840 2070 tempus
1888 2007 2151 2071 spectant,

577 2100 635 2145 ut
657 2106 748 2146 eas
773 2092 1159 2163 eleemosynas,
1182 2106 1314 2162 quas
1340 2107 1435 2162 per
1460 2090 1751 2146 Sisinnium
1775 2090 1991 2163 Egypti
2032 2104 2150 2143 mo-

577 2183 826 2237 nasteriis
852 2182 1186 2252 elargiendas
1217 2182 1604 2248 transmiserat,
1649 2181 1769 2236 beie
1798 2182 2015 2235 omnino
2046 2197 2151 2235 non

573 2274 791 2338 indicat,
824 2272 919 2328 sed
948 2274 1099 2336 alias.
1126 2289 1259 2344 quas
1287 2288 1382 2343 per
1419 2272 1470 2327 id
1509 2287 1720 2344 quoque
1750 2274 2004 2342 temporis
2033 2288 2153 2327 ero-

574 2374 744 2436 garet.
779 2363 1157 2433 Quamobrem,
1188 2379 1308 2420 cum
1339 2365 1513 2434 palam
1560 2365 1649 2429 sit,
1703 2363 1804 2419 sub
1835 2363 1995 2419 linem
2025 2365 2148 2419 ειηιί

573 2455 700 2509 410.
729 2467 1038 2523 supremum
1060 2454 1200 2509 diem
1220 2454 1492 2510 Bullinum
1520 2454 1738 2521 obiisse,
1770 2469 1888 2525 qum
1926 2453 2012 2508 hic
2032 2454 2149 2523 ejus

571 2545 678 2614 jam
700 2544 961 2598 demortui
984 2546 1042 2598 lit
1060 2546 1276 2611 mentio,
1304 2545 1446 2616 cogit
1468 2554 1525 2598 ut
1545 2544 1610 2599 ad
1641 2545 2008 2613 insequentem
2044 2546 2149 2598 sal-

572 2644 683 2690 tem
710 2636 837 2690 411.
870 2636 1149 2706 epistolam
1191 2636 1544 2702 deducamus;
1575 2638 1627 2691 in
1653 2652 1808 2708 quem
1845 2638 2003 2693 etiam
2050 2653 2149 2706 ap-

575 2727 747 2794 prime
786 2727 1056 2793 convenit,
1103 2742 1221 2796 quaa
1249 2728 1351 2782 sub
1378 2727 1494 2797 ejus
1521 2729 1677 2782 linem
1705 2728 2023 2798 exprimitur
2055 2729 2147 2782 tri-

574 2817 807 2871 stissima
836 2818 923 2872 illa
955 2818 1188 2873 universi
1229 2819 1373 2874 orbis
1421 2818 1576 2883 facie,
1607 2828 1727 2889 post
1753 2830 1981 2890 captam,
2006 2819 2149 2875 dire-

571 2914 819 2977 ptamque
848 2906 1064 2973 Urbem,
1096 2917 1154 2961 ut
1162 2908 1337 2978 juxta,
1368 2918 1477 2978 post
1504 2908 1729 2962 miserias
1750 2910 1857 2980 ejus
1885 2910 2142 2977 temporis,

571 3007 619 3051 et
643 2998 825 3067 ubique
849 2998 1050 3069 gladios
1089 2994 1362 3064 uenientes,
1394 3000 1518 3054 satis
1555 3000 1692 3054 dives
1729 3009 1873 3067 esset,
1900 3001 1988 3071 qui
2014 3016 2145 3071 pane

570 3105 673 3143 non
698 3089 964 3160 indigeret,
1004 3099 1051 3145 et
1096 3091 1310 3145 nimium
1356 3101 1552 3162 potens,
1596 3093 1682 3162 qui
1710 3093 1893 3147 servire
1921 3110 2021 3147 non
2050 3109 2139 3147 co-

568 3190 786 3251 geretur.

638 3270 868 3326 CXXVI.
898 3271 1101 3345 Scripta
1121 3291 1208 3329 an.
1239 3273 1363 3331 412.
1409 3306 1481 3317 —
1520 3275 1653 3331 Cum
1690 3276 1753 3331 ad
1783 3275 2138 3331 Marcellinum

570 3361 863 3418 Tribunum
894 3364 947 3418 in
988 3365 1237 3421 Africam
1260 3368 1342 3422 ha:
1369 3368 1560 3422 littera:
1588 3366 1725 3421 data:
1749 3375 1889 3432 sunt,
1923 3368 1973 3421 in
2001 3366 2135 3422 Eze-

570 3455 708 3517 chiel
754 3459 1185 3524 commentarios,
1233 3468 1291 3514 ut
1329 3475 1478 3514 num.
1506 3458 1560 3512 2.
1605 3450 1941 3528 perSpicuum
1978 3459 2136 3515 estin

575 3546 693 3613 ipso
711 3546 947 3601 dictandi
982 3548 1205 3603 exordio
1244 3549 1461 3603 Hieron.
1486 3548 1862 3611 intermiserat,
1889 3548 2030 3617 quod
2053 3550 2139 3603 ni-

570 3638 733 3692 mium
770 3640 969 3692 animus
1011 3639 1121 3705 ejus
1182 3638 1579 3693 Occidentalium
1619 3637 2031 3706 Provinciarum,
2090 3648 2139 3693 et

565 3731 785 3784 maxime
809 3728 958 3786 Urbis
987 3730 1163 3785 Romae
1185 3731 1461 3784 vastatione
1477 3732 1715 3800 confusus
1740 3738 1881 3782 esset.
1911 3728 2023 3783 Hoc
2045 3746 2136 3782 au-

566 3834 665 3877 tem
708 3840 841 3878 anno
871 3840 984 3877 cum
1023 3832 1122 3879 tres
1163 3823 1463 3893 explicasset
1507 3820 1661 3876 libros
1687 3820 1877 3874 subitus
1922 3821 2136 3892 impetus

561 3915 900 3971 Barbarorum
920 3918 992 3970 sic
1020 3915 1238 3988 ngypIi
1265 3916 1492 3981 limitem,
1522 3913 1831 3978 Palazstinaz,
1858 3912 2134 3979 Phaznicis,

564 3996 735 4079 Syria?
771 4008 1086 4079 percurrit...
1128 4018 1183 4060 ut
1220 4008 1304 4061 vix
1345 4014 1525 4060 manus
1569 4023 1739 4060 eorum
1791 4005 2135 4060 misericordia

563 4096 750 4151 Christi
778 4097 993 4166 potuerit
1020 4098 1248 4152 evadere.
1295 4097 1475 4166 Itaque
1503 4095 1607 4150 alio
1626 4096 1693 4150 ab
1713 4109 1780 4149 eo
1800 4137 1816 4162 ,
1852 4112 1959 4166 quo
1982 4106 2133 4165 capta

562 4187 732 4242 Roma
759 4196 875 4253 est,
918 4202 1060 4241 attno
1090 4187 1172 4241 lue
1200 4188 1387 4241 litterae
1423 4185 1799 4255 consignandm
1819 4196 1961 4251 sunt,
1994 4188 2132 4256 quod

560 4278 678 4349 ipse
702 4277 907 4344 verbis;
930 4278 1025 4330 hoc
1050 4288 1216 4331 autem
1239 4293 1371 4331 anno
1396 4277 1730 4346 apertissime
1753 4275 2006 4331 declarat.
2039 4278 2133 4334 llic

561 4383 692 4426 vero
727 4384 832 4425 non
874 4368 974 4424 nisi
1008 4369 1143 4424 alter
1179 4377 1296 4438 post
1322 4367 1476 4423 Urbis
1520 4369 1900 4435 vastationem,
1940 4385 2133 4440 nempe

563 4463 691 4520 H2.
731 4461 1010 4519 commode
1044 4471 1213 4531 potest
1255 4461 1494 4531 intelligi;
1518 4460 1942 4530 quandoquidem
1968 4461 2131 4517 Com-

564 4554 808 4610 mentarii
832 4555 884 4607 in
905 4552 1257 4618 Ezechielem,
1283 4566 1414 4621 quos
1440 4550 1627 4605 eodem
1652 4551 1749 4606 hoc
1775 4567 1914 4606 aimo
1939 4553 2127 4608 iterum

562 4644 632 4697 ab
659 4643 878 4697 exordio
905 4641 971 4697 ad
997 4643 1208 4697 tertium
1241 4656 1408 4711 usque
1441 4640 1631 4697 librum
1660 4641 1923 4711 perduxit,
1952 4644 2005 4698 in
2036 4660 2133 4698 an-

564 4747 690 4787 num
715 4731 1081 4802 insequentem
1107 4732 1233 4786 415.
1260 4730 1463 4787 differri
1494 4748 1597 4787 non
1626 4733 1816 4803 placet.
1850 4732 2032 4788 Sentio
2056 4745 2134 4789 ta-

563 4837 686 4878 men
716 4836 781 4876 ex
828 4821 1049 4890 epistola
1089 4821 1211 4875 beie
1238 4823 1360 4877 151.
1387 4839 1441 4876 n.
1471 4823 1525 4878 8.
1572 4832 1680 4877 tum
1711 4824 1812 4877 alia
1853 4823 2131 4894 AtthSlini

562 4916 687 4971 490.
730 4928 781 4968 c.
818 4912 873 4968 6.
914 4928 1059 4966 num.
1115 4913 1187 4968 20
1226 4913 1400 4987 colligi
1455 4929 1629 4983 posse,
1678 4914 2037 4969 Marcellinum
2061 4916 2129 4968 ab

562 5006 887 5075 llieronymo
907 5018 1009 5058 non
1030 5014 1183 5059 antea
1207 5005 1530 5060 sciscitatum
1554 5004 1714 5060 fuisse
1739 5004 1807 5059 de
1833 5006 2127 5058 animarum

559 5097 785 5167 origine,
814 5108 973 5165 quam
1006 5094 1072 5149 ab
1106 5095 1398 5164 Augustino
1435 5096 1828 5163 responsionem
1860 5093 2046 5150 hacde
2074 5110 2131 5148 re

559 5187 875 5256 accepisset.
899 5185 1045 5241 lianc
1072 5196 1246 5242 autem
1275 5185 1676 5257 reSponsionem
1701 5201 1805 5239 non
1830 5185 1984 5240 aliam
2012 5200 2132 5241 esse

559 5294 723 5352 quam
769 5278 1005 5348 ejusdem
1038 5277 1312 5349 Augustini
1351 5292 1438 5348 ep.
1485 5276 1605 5342 145,
1638 5290 1757 5345 qua:
1796 5275 1861 5329 ad
1903 5275 2126 5346 August.

564 5383 807 5425 mensem
851 5367 975 5423 anni
1015 5367 1119 5423 412
1147 5376 1369 5439 spectat,
1398 5376 1556 5437 atque
1586 5365 1719 5419 adeo
1746 5364 1811 5418 ad
1841 5365 2131 5434 insequen-

562 5469 671 5517 tem
691 5461 817 5517 415.
851 5460 1156 5532 Hieronymi
1179 5461 1579 5531 responsionem
1597 5456 1763 5510 videri
1784 5469 1938 5524 posse
1957 5463 2131 5509 trans-

562 5551 852 5607 ferendam.

632 5640 885 5697 CXXVII.
931 5640 1135 5712 Scripta
1162 5641 1333 5695 eodem
1356 5654 1442 5690 an.
1470 5635 1597 5690 412.
1642 5664 1714 5675 -—
1762 5634 1890 5689 Post
1934 5635 2133 5704 aliquot

564 5733 682 5788 dies
720 5747 785 5785 ex
823 5745 930 5800 quo
954 5739 1106 5800 capta
1134 5729 1300 5783 Roma
1335 5735 1437 5791 est,
1473 5723 1786 5793 direptaque
1826 5724 1894 5778 ab
1924 5723 2131 5777 Alarico

565 5835 707 5877 anno
735 5820 858 5876 410.
890 5828 1015 5890 puta
1061 5816 1356 5888 Septembri
1387 5829 1591 5879 mense,
1623 5813 1865 5869 Marcella
1896 5813 2036 5871 diem
2065 5804 2138 5872 οἶδὲ

2016 332 2403 391 PREFATIO.

3543 348 3837 417 LXXXVIII

2281 448 2374 514 iit,
2400 450 2539 519 quod
2567 449 2666 507 sub
2690 450 2847 523 hujus
2888 454 3127 526 epistola:
3150 456 3309 513 tinem
3339 460 3568 530 copiose
3593 463 3843 537 Hierony-

2278 555 2394 594 mus
2419 549 2618 598 narrat.
2650 543 2811 614 Atqui
2837 545 2935 600 sub
2955 546 3194 616 ejusdem
3221 550 3450 614 initium,
3478 553 3619 620 quod
3648 553 3714 607 ab
3738 556 3841 625 ejus

2275 638 2447 685 morte
2495 630 2598 684 huc
2635 647 2801 700 usque
2825 634 3067 691 laudibus
3098 640 3348 711 prosequi
3379 639 3590 696 Sancta:
3622 643 3843 703 immitia:

2274 722 2585 777 memoriam
2616 723 2927 789 distulisset,
2979 736 3033 783 et
3061 729 3314 784 biennium
3346 737 3674 801 pra3teriSSt-t
3699 739 3839 793 silen-

2274 809 2361 872 tio,
2385 812 2601 865 tristitia:
2626 813 2909 871 incrediblis
2932 817 3094 874 fuisse
3132 831 3402 885 causatur,
3436 841 3538 894 qua
3564 841 3624 881 se
3648 831 3843 895 romani

2271 898 2479 970 imperii
2519 906 2800 972 captivitas
2844 902 3113 975 affecerat,
3143 912 3251 966 imo
3304 916 3584 972 universus
3621 920 3762 973 orbis
3790 930 3836 977 et

2270 990 2505 1045 cladibus
2534 994 2783 1060 afﬂictus,
2814 1007 2867 1051 ιιι
2895 998 3024 1051 nihil
3051 1000 3266 1070 dignum
3298 1004 3559 1061 Marc’vlhn
3604 1008 3842 1063 laudibus

2269 1081 2371 1134 dici
2412 1091 2535 1138 tunc
2566 1098 2719 1154 posse
2751 1085 3031 1155 judicaret.
3068 1092 3142 1145 lio
3171 1092 3327 1163 igitur
3352 1099 3564 1164 expleto
3591 1100 3841 1167 temporis

2268 1173 2459 1240 spatio,
2485 1189 2574 1229 an.
2600 1177 2715 1230 scil.
2754 1178 2858 1231 M9.
2884 1179 3202 1237 melioribus
3230 1188 3482 1254 auspiciis
3513 1188 3840 1259 Epitaphium

2266 1262 2380 1327 ejus
2415 1268 2687 1320 memoria:
2718 1266 3000 1337 dedicavit,
3033 1273 3173 1342 quod
3206 1273 3484 1347 Principia:
3528 1277 3730 1349 Virgini
3771 1281 3844 1335 in-

2264 1351 2467 1405 scribit.

2333 1441 2421 1497 CX
2433 1443 2607 1502 XVIII.
2634 1446 2836 1520 Scripta
2852 1467 2937 1503 an.
2963 1451 3086 1507 415.
3100 1485 3166 1493 —
3179 1455 3502 1521 Pacatulam,
3527 1475 3685 1528 quam
3709 1460 3843 1518 hisce

2263 1530 2452 1587 litteris
2493 1551 2625 1604 quas
2669 1552 2855 1608 pos:ea
2895 1543 3095 1597 tectura
3135 1554 3298 1611 esset,
3341 1549 3555 1605 erudire
3582 1550 3838 1621 intelligit.

2261 1631 2437 1677 natam
2480 1625 2714 1698 biennio,
2760 1640 2849 1683 aut
2876 1633 3106 1687 triennio
3149 1645 3431 1705 antequam
3461 1641 3743 1708 epistolam
3771 1643 3842 1698 is-

2262 1722 2365 1768 tam
2396 1717 2677 1783 scriberet,
2708 1722 2839 1777 satis
2866 1726 3149 1779 manifesto
3179 1727 3376 1782 indicat
3397 1730 3495 1784 sub
3516 1733 3634 1799 ejus
3664 1733 3838 1801 linem,

2257 1818 2378 1860 cum
2410 1808 2488 1861 sui
2517 1811 2771 1880 temporis
2812 1811 3019 1868 deﬂens
3047 1816 3399 1884 calamitates,
3447 1818 3618 1885 Orbis,
3655 1821 3837 1893 inquit,

2258 1906 2507 1953 terrarum
2534 1904 2698 1957 ruit...
2734 1903 2866 1959 Urbs
2895 1907 3105 1977 inclyta,
3138 1918 3183 1963 et
3214 1908 3434 1966 Romani
3462 1913 3665 1983 imperii
3694 1929 3841 1987 caput

2257 2007 2359 2045 uno
2389 1992 2568 2047 hausta
2589 2004 2661 2049 est
2692 1995 2924 2052 incendia
2957 2014 2975 2052 :
3002 2001 3145 2054 nulla
3166 2011 3238 2055 est
3261 2004 3420 2072 regio,
3451 2021 3567 2071 qua:
3593 2021 3695 2061 non
3723 2026 3840 2063 exu-

2257 2082 2330 2137 les
2372 2082 2629 2142 Ramanos
2666 2080 2867 2143 habeat.
2914 2090 2982 2144 Et
3026 2092 3181 2161 paulo
3228 2094 3361 2146 infra
3390 2110 3409 2148 :
3452 2094 3550 2149 llis
3597 2095 3841 2153 Pacatula

2256 2189 2428 2230 nostra
2471 2189 2591 2230 nata
2631 2173 2702 2232 es't
2746 2182 3051 2250 temporibus
3085 2201 3098 2237 :
3144 2184 3274 2237 inter
3302 2184 3408 2238 lucc
3434 2188 3714 2253 crepundia
3742 2191 3841 2257 pri-

2254 2281 2389 2318 mam
2426 2267 2613 2336 carpsit
2654 2279 2871 2333 aetatem,
2912 2281 3030 2325 ante
3054 2272 3307 2344 lacrymas
3344 2276 3550 2337 scitura,
3585 2294 3739 2347 quam
3766 2281 3837 2333 ri-

2253 2374 2385 2412 sum.
2429 2357 2554 2414 llazc
2589 2373 2716 2415 vero
2746 2360 3051 2418 tristissima
3078 2379 3254 2419 rerum
3283 2365 3467 2431 facies,
3500 2384 3660 2437 quam
3690 2381 3835 2440 capta

2247 2448 2355 2518 jam
2389 2450 2549 2514 Urbe,
2577 2460 2631 2507 et
2657 2453 2860 2507 romani
2907 2455 3113 2524 imperii
3145 2465 3387 2511 truncato
3412 2460 3606 2527 capite,
3640 2459 3841 2517 descri-

2252 2541 2349 2609 bit,
2378 2542 2429 2596 in
2455 2543 2612 2597 alium
2644 2544 2979 2600 commodius
3006 2562 3224 2614 annum,
3249 2552 3403 2617 quam
3426 2550 3533 2603 415
3553 2554 3838 2609 convenire

2251 2646 2356 2684 non
2386 2631 2593 2686 videtur
2619 2648 2633 2697 ;
2665 2647 2763 2686 nec
2791 2632 2902 2704 ipsa
2934 2633 3416 2703 itidemiul’antula,
3449 2654 3569 2708 qua:
3598 2648 3656 2692 ut
3685 2641 3837 2696 citius

2250 2720 2350 2775 sub
2377 2721 2515 2776 idem
2547 2729 2753 2792 tempus
2780 2740 2906 2793 quo,
2932 2726 3127 2780 cecidit
3155 2726 3348 2791 Rmua,
3381 2729 3434 2782 in
3464 2728 3639 2784 lucem
3671 2747 3832 2787 vene-

2248 2811 2338 2877 rit,
2368 2828 2434 2867 ex
2465 2822 2575 2868 toto
2600 2812 2863 2885 superiOri
2893 2828 3146 2873 contextu
3169 2861 3183 2886 ,
3225 2820 3509 2876 triennium
3540 2826 3836 2880 excessisse

2247 2902 2510 2957 credenda
2537 2904 2626 2969 sit,
2656 2905 2851 2976 quippe
2877 2921 2997 2976 qua:
3029 2908 3239 2963 interim
3283 2911 3335 2963 in
3366 2913 3483 2966 sinu
3505 2915 3688 2969 matris
3715 2932 3833 2985 gar-

2246 2991 2364 3046 rula
2406 3009 2522 3047 voce
2557 2993 2843 3061 balbutiret,
2883 3011 2981 3051 nec
3007 2998 3051 3052 si
3080 2999 3230 3053 modo
3273 2994 3552 3055 litterarum
3593 3003 3835 3059 elementa

2245 3093 2584 3153 cognosceret,
2633 3087 2771 3139 ultra
2802 3085 3001 3156 aliquid
3047 3099 3247 3158 posset,
3278 3104 3433 3160 quam
3461 3092 3689 3162 syllabas
3705 3097 3833 3167 jun-

2242 3189 2376 3243 gere.
3292 3186 3298 3191 ‘
3567 3177 3581 3189 '

2313 3264 2549 3322 CXXIX.
2582 3266 2787 3337 Scripta
2814 3283 2902 3323 an.
2925 3268 3050 3324 414.
3107 3298 3171 3310 -
3196 3269 3313 3325 Jam
3349 3271 3579 3342 duplicis
3633 3275 3835 3331 Prmfe-

2243 3366 2408 3412 cturm
2439 3359 2695 3413 honorem
2744 3368 3078 3429 transegerat
3109 3361 3402 3429 Dardanus,
3444 3379 3565 3419 cum
3603 3366 3732 3420 istas
3768 3369 3832 3421 ad

2241 3462 2361 3502 eum
2390 3448 2593 3504 litteras
2616 3449 2974 3521 Hieronymus
3003 3451 3310 3520 destinavit,
3351 3463 3408 3509 ut
3435 3457 3536 3510 sub
3560 3471 3751 3513 earum
3775 3459 3836 3513 li-

2241 3554 2364 3594 nem
2394 3542 2727 3611 perspicuum
2756 3550 2857 3597 est.
2886 3543 2963 3598 Ac
2988 3544 3217 3613 primum
3244 3542 3334 3601 ille
3379 3546 3664 3616 pra-fectus
3688 3549 3835 3605 Prm-

2242 3632 2379 3686 torio
2398 3632 2686 3689 Galliarum
2716 3633 2833 3701 fuit,
2860 3648 2950 3689 an.
2969 3636 3075 3691 409
3096 3646 3314 3692 notante
3343 3636 3676 3695 Gothofredo
3695 3642 3829 3696 Cod.

2241 3725 2443 3780 Theod.
2470 3725 2563 3780 lib.
2587 3724 2703 3790 XII,
2723 3726 2827 3780 Tit.
2847 3728 2898 3793 1,
2922 3725 2988 3781 de
3010 3717 3453 3797 Centurionibus,
3471 3730 3576 3801 leg.
3591 3730 3830 3787 CLXXI.

2242 3817 2469 3871 lturSnm
2490 3832 2612 3870 vero
2628 3816 2869 3871 eamdem
2897 3814 3263 3887 praefecturam
3278 3822 3539 3889 gessitan.
3557 3823 3684 3888 415,
3701 3833 3833 3878 utex

2242 3908 2450 3963 Tironis
2476 3907 2722 3978 Pr05peri
2750 3908 3006 3964 chrOnico
3038 3910 3269 3978 elicitur,
3293 3912 3381 3967 ubi
3406 3911 3635 3968 Dardani
3668 3916 3836 3984 potis-

2240 4000 2433 4053 simum
2477 4000 2733 4055 industria
2775 4000 3022 4056 Joviuum
3066 4011 3373 4074 tyrannum,
3400 4019 3593 4060 averso
3621 4007 3693 4061 ab
3716 4008 3835 4077 ejus

2241 4090 2498 4145 societate
2518 4091 2783 4160 Ataulpho
2805 4090 2972 4162 Rege,
3001 4108 3317 4163 oppressum
3336 4093 3495 4149 tradit
3518 4111 3532 4149 :
3564 4094 3840 4167 Olympio‘

2240 4179 2401 4235 dorus
2440 4181 2740 4236 confirmat.
2785 4182 2912 4239 Haec
2953 4192 3130 4239 autem
3167 4186 3297 4239 satis
3326 4197 3643 4256 argumento
3683 4200 3832 4254 sunt,

2240 4272 2490 4341 scriptam
2507 4287 2611 4328 non
2630 4274 2792 4331 fuisse
2812 4276 3094 4346 epistolam
3110 4285 3234 4332 ante
3253 4293 3340 4332 an.
3364 4278 3469 4332 414
3510 4270 3622 4334 Sed
3647 4295 3838 4336 rursus

2240 4379 2357 4418 cum
2388 4380 2503 4419 eam
2535 4366 2706 4435 primo
2745 4367 3250 4423 commentariorum
3282 4369 3335 4424 in
3360 4368 3652 4443 Jcremiam
3694 4372 3838 4428 libro

2239 4469 2356 4523 cap.
2385 4452 2467 4510 3a
2497 4472 2557 4513 se
2580 4474 2740 4529 nuper
2768 4458 2955 4513 editam
2982 4459 3141 4528 dicat,
3167 4463 3318 4534 isque
3339 4461 3473 4518 liber
3489 4472 3545 4517 ut
3564 4466 3741 4521 serius
3768 4467 3837 4519 ad

2241 4544 2606 4617 insequentem
2652 4565 2741 4603 an.
2788 4550 2894 4605 415
2940 4552 3180 4606 revocari
3227 4561 3406 4621 queat,
3458 4563 3517 4608 ut
3567 4569 3669 4611 suo
3712 4557 3841 4610 loco

2244 4648 2621 4706 monstramus,
2670 4639 2844 4709 palam
2888 4640 2963 4707 lit,
3006 4642 3269 4712 superiori
3313 4642 3450 4713 ipso,
3478 4659 3674 4715 nempe
3700 4647 3838 4712 414,

2240 4729 2521 4799 prodiisse.

2309 4818 2523 4874 CXXX.
2566 4820 2774 4891 Scripta
2796 4837 2884 4876 an.
2914 4822 3038 4876 414.
3082 4851 3155 4863 -
3194 4821 3387 4878 Tribus
3420 4823 3559 4880 haud
3585 4825 3845 4881 obscuris

2242 4911 2402 4974 notis,
2443 4926 2548 4981 quo
2588 4922 2828 4980 tempore
2864 4911 2931 4966 ad
2977 4913 3365 4968 Demetriadem
3398 4915 3683 4981 scriberet,
3717 4915 3845 4984 ipse

2243 5001 2598 5072 Ilieronymns
2646 5003 2918 5056 indicavit.
2965 5002 3117 5057 Prior
3151 5004 3238 5059 illa
3283 5014 3366 5060 est
3394 5022 3541 5060 num.
3571 5005 3608 5059 2
3652 5007 3745 5061 ubi
3781 5020 3847 5061 se

2242 5092 2314 5145 ait
2344 5102 2642 5161 occupatum
2683 5092 2736 5146 in
2788 5091 3146 5160 explanatione
3184 5095 3357 5166 templi
3400 5097 3761 5154 Ezechielis...
3796 5113 3847 5154 et

2240 5182 2294 5235 in
2323 5198 2382 5236 ea
2402 5191 2544 5252 parte
2568 5182 2781 5247 delubri,
2809 5183 2864 5236 id
2888 5199 2988 5253 qua
3015 5182 3208 5239 Sancta
3248 5183 3577 5254 Sanctorum,
3610 5198 3660 5242 et
3692 5188 3851 5261 Thy-

2245 5271 2497 5324 miamatis
2516 5272 2676 5325 altare
2703 5270 3020 5336 describitur,
3050 5274 3288 5327 maluisse
3330 5290 3602 5345 parumper
3629 5279 3705 5332 uti
3741 5280 3850 5333 hoc

2242 5359 2558 5426 diverticulo,
2603 5368 2657 5413 ut
2697 5361 2760 5414 de
2803 5360 2958 5414 altari
3002 5362 3239 5416 transiret
3279 5364 3349 5416 ad
3388 5365 3572 5431 altare,
3620 5367 3851 5424 scilicet

2244 5452 2656 5508 Demetriadem.
2701 5451 2829 5507 Post
2871 5467 3060 5521 nempe
3107 5467 3195 5506 an.
3237 5455 3343 5509 414
3365 5455 3430 5510 ad
3470 5472 3629 5526 quem
3657 5476 3849 5531 usque

2244 5541 2430 5597 deduci
2451 5542 2705 5611 postremi
2726 5542 3237 5598 Commentariorum
3265 5544 3317 5598 in
3350 5546 3687 5604 Ezechielem
3720 5560 3852 5608 tres

2245 5632 2365 5687 libri
2392 5633 2479 5686 vix
2509 5643 2764 5701 possunt,
2796 5632 3002 5689 censeri
3035 5648 3365 5703 nequaquam
3394 5635 3555 5693 debet
3574 5641 3847 5710 epistola,

2242 5736 2359 5792 qua:
2376 5721 2478 5776 illis
2495 5722 2813 5779 intermissis
2836 5720 3027 5778 dictata
3047 5732 3149 5777 est.
3170 5722 3404 5779 Alteram
3421 5727 3848 5800 designat,cum

2250 5814 2625 5875 llcraclianum
2660 5817 2845 5874 Africae
2864 5816 3121 5872 Comitem
3142 5815 3206 5870 iis
3237 5818 3411 5873 verbis
3440 5821 3726 5893 desuibit,
3780 5833 3849 5880 ut
