4004 6328
198 386 444 450 LXXXIX
535 411 546 419 ν

194 503 391 559 omnino
413 508 532 572 post
556 499 670 570 ejus
691 511 869 554 necem
896 494 1038 566 loqui
1068 491 1407 564 perspicuum
1435 487 1526 545 sit.
1581 485 1741 552 Quem

194 597 385 659 nescias,
432 595 524 658 ait,
578 603 746 647 utrum
789 589 1001 653 avarior,
1050 603 1118 640 an
1155 582 1411 640 crudelior
1448 579 1637 650 fuerit;
1663 577 1743 630 cui

191 687 304 740 nihil
323 683 466 738 dulce
491 693 678 754 praeter
704 682 872 736 vinum
890 689 934 734 et
958 680 1191 750 pretium,
1219 685 1266 730 et
1287 673 1490 744 qui‘sub
1513 669 1738 725 occasio-

190 795 243 832 ne
262 779 475 848 partium
503 773 873 831 clementissimi
915 769 1172 836 Principis
1195 810 1210 833 ,
1237 766 1538 821 saeuissimus
1565 761 1741 814 extite-

186 865 243 918 rit
262 841 629 932 tyrannorum,
655 867 759 914 etc.
801 857 897 912 llic
925 871 1014 909 an.
1044 854 1148 908 415
1172 865 1277 922 quo
1320 845 1534 903 Luciani
1565 843 1627 896 ν.
1656 841 1738 896 Cl.

186 931 365 1021 collega
395 952 446 1004 in
475 949 758 1004 consulatu
787 946 916 1010 fuit,
945 944 1046 998 sub
1084 944 1307 1011 August.
1339 951 1596 998 mensem,
1629 931 1740 986 No-

183 1059 356 1105 narum,
382 1051 435 1094 ut
467 1043 538 1094 ait
571 1042 818 1108 PrOSper,
874 1039 925 1090 in
956 1035 1132 1106 Africa
1157 1047 1326 1086 rerum
1357 1044 1473 1082 reus
1503 1027 1740 1080 honorem

181 1134 328 1187 omisit
352 1142 397 1186 et
423 1132 579 1185 ritum
602 1148 622 1185 :
647 1145 711 1184 ex
739 1144 843 1199 quo
873 1127 1024 1182 facile
1055 1134 1138 1180 est
1159 1122 1454 1190 intelligere
1480 1133 1582 1172 non
1617 1124 1741 1168 ante

177 1226 393 1297 ejusdem
425 1241 516 1277 an.
549 1225 657 1279 413
689 1223 865 1282 finem.
889 1235 1007 1289 qua:
1032 1218 1098 1272 de
1128 1212 1463 1285 nequissimis
1483 1209 1598 1279 ejus
1627 1222 1735 1260 mo-

177 1319 303 1372 ribus
327 1316 688 1377 recitarimus,
720 1311 1098 1382 Hieronymum
1126 1307 1359 1361 scribere
1378 1301 1609 1371 potuisse
1649 1299 1742 1352 De-

174 1411 313 1480 nique
334 1412 433 1461 sub
460 1407 626 1474 epist.
652 1406 809 1459 linem
839 1418 959 1473 qua:
985 1400 1138 1454 tertia
1167 1405 1290 1451 nota
1321 1404 1422 1457 est,
1451 1391 1644 1445 librum
1676 1390 1740 1442 de

180 1485 458 1571 Virginitate
481 1500 737 1553 servanda
763 1504 878 1548 ante
905 1507 1066 1546 annos
1083 1489 1278 1542 circiter
1307 1485 1513 1554 triginta
1538 1482 1736 1535 editum

169 1607 192 1646 a
230 1569 282 1646 se
326 1598 500 1653 notat,
550 1588 640 1658 qui
688 1587 842 1650 liber,
893 1583 1008 1636 sive
1033 1581 1188 1649 epist.
1229 1575 1516 1631 xxncum
1546 1569 1739 1624 auset

167 1682 305 1736 certis
340 1679 680 1748 argumentis
724 1675 1014 1746 pertineat,
1065 1671 1201 1723 lianc
1237 1666 1456 1738 propius
1491 1663 1647 1716 docet
1671 1660 1737 1714 ad

167 1774 313 1843 ipsum
343 1771 450 1825 414
480 1767 863 1824 revoi-audam.

221 1860 450 1917 CXXXI.
496 1857 763 1915 CXXXII.
805 1855 1022 1925 Scripta:
1048 1869 1135 1907 an.
1163 1849 1364 1906 415-
1379 1847 1576 1902 Harum
1607 1855 1739 1899 arta-

166 1963 252 2008 tem
275 1968 392 2008 cum
427 1953 538 2008 Cll.
564 1949 926 2007 Benedictiuis
953 1945 1245 2000 editoribus
1269 1941 1334 1996 ad
1354 1956 1441 1994 un.
1472 1937 1576 1994 415
1602 1938 1739 1992 refe-

163 2048 328 2112 rimus,
375 2045 527 2115 quod
574 2059 768 2114 nempe
807 2040 1092 2096 oceasione
1121 2036 1293 2092 Orosii
1342 2032 1641 2104 Presbyteri
1684 2031 1735 2084 in

163 2139 484 2193 Palaestinam
518 2139 623 2192 hoc
641 2150 782 2190 anno
804 2133 903 2187 sub
937 2145 1158 2186 vernum
1181 2139 1389 2197 tempus
1415 2122 1733 2192 navigantis,

161 2232 304 2300 prima
347 2231 558 2285 dictata
611 2226 704 2292 sit,
731 2224 873 2295 quod
904 2239 970 2277 cx
1016 2237 1167 2276 num.
1198 2219 1233 2272 2
1270 2225 1496 2272 constat.
1521 2213 1739 2269 Orosius

159 2323 410 2376 enimvero
438 2330 574 2374 ante
600 2332 842 2372 mensem
872 2313 1072 2369 Julium
1098 2309 1433 2366 convincitur
1470 2307 1522 2359 in
1567 2304 1740 2356 Palae-

158 2413 326 2465 stinam
371 2409 666 2480 appulisse
714 2407 818 2460 hoc
843 2417 986 2458 anno
1007 2442 1022 2466 ,
1051 2397 1263 2469 quando
1288 2411 1354 2450 eo
1378 2407 1562 2449 mense
1587 2390 1743 2459 hujus

159 2503 254 2555 anni
294 2497 679 2567 Jeriisolymis
717 2499 771 2550 in
800 2495 968 2547 aciem
1007 2487 1354 2544 descendisse
1377 2493 1561 2538 contra
1590 2482 1743 2536 Pela-

158 2592 268 2661 gium
317 2587 694 2659 disputando,
748 2599 908 2639 nemo
951 2580 1238 2635 inﬁciatur.
1288 2577 1455 2630 Porro
1496 2574 1736 2636 alteram,

157 2700 280 2753 quam
299 2669 477 2737 simul
511 2677 884 2750 perferendam
908 2675 1046 2730 idem
1076 2671 1294 2728 Orosius
1309 2667 1530 2735 accepit,
1551 2666 1737 2721 eodem

157 2777 288 2829 etiam
313 2786 582 2842 tempore
608 2785 730 2825 cum
749 2767 1028 2837 superiore
1052 2763 1304 2832 scriptam
1346 2760 1510 2814 fuisse
1539 2759 1738 2812 indicat

156 2881 239 2919 non
274 2865 438 2919 modo
480 2862 821 2932 Augustinus
861 2857 976 2913 lieic
1020 2871 1074 2910 n.
1110 2857 1134 2910 1
1177 2864 1232 2909 et
1275 2853 1326 2908 in
1366 2852 1468 2906 alia
1514 2850 1734 2920 epistola

155 2955 359 3022 CLXIX,
391 2968 527 3024 cap.
572 2953 630 3018 4,
661 2967 716 3005 tt.
755 2950 844 3014 15,
871 2957 927 3003 et
979 2947 1074 3002 lib.
1108 2945 1166 3010 2,
1196 2944 1420 2999 Retract.
1448 2958 1496 2996 c.
1522 2943 1612 3005 45,
1640 2941 1733 2994 sed

155 3051 289 3102 etiam
316 3046 694 3116 Hieronymus
719 3041 978 3111 rescripto
998 3053 1117 3104 suo,
1134 3052 1254 3108 qua:
1271 3036 1388 3091 heic
1412 3045 1493 3090 est
1511 3034 1732 3104 epistola

156 3138 414 3194 CXXXIV.

213 3227 496 3285 CXXXIII.
530 3224 742 3294 Scripta
767 3223 939 3278 eodem
959 3238 1046 3275 an.
1079 3220 1206 3276 415.
1258 3245 1331 3258 -
1381 3216 1614 3286 Tempus
1645 3214 1735 3270 liu-

157 3322 226 3391 jus
244 3321 489 3391 epistolae
511 3315 740 3372 Orosius
767 3355 786 3381 ,
817 3314 905 3385 qui
933 3311 1240 3383 superiores
1261 3308 1326 3364 ad
1354 3307 1734 3378 Hieronymum

160 3412 452 3467 deferendas
491 3417 800 3477 acceperat,
837 3406 890 3460 in
921 3403 1270 3474 Apologetico
1289 3415 1413 3469 cap.
1445 3399 1480 3454 4
1508 3414 1615 3453 non
1636 3398 1733 3451 ob-

161 3516 292 3557 scure
315 3500 610 3572 signiﬁcat.
633 3497 764 3552 Nam
786 3497 852 3550 de
876 3494 1320 3564 Jerosolymitano
1337 3497 1601 3545 conventu
1623 3487 1736 3541 dis-

163 3609 342 3662 serens,
364 3610 426 3649 ae
455 3592 534 3648 de
563 3590 760 3660 Pelagii
786 3603 995 3652 errore,
1036 3586 1180 3657 quod
1210 3586 1373 3639 homo
1399 3583 1510 3637 suis
1535 3583 1738 3636 viribus

167 3697 321 3757 posset
346 3685 606 3742 mandata
632 3684 724 3738 Dei
752 3682 1045 3746 custodire,
1075 3680 1120 3734 si
1155 3678 1338 3743 vellet,
1372 3675 1502 3734 Hoc.
1545 3673 1735 3744 inquit,

167 3779 331 3834 Beatus
360 3779 789 3848 Hieronymus...
827 3775 878 3828 in
906 3772 1140 3843 Epistola
1173 3786 1288 3835 sua,
1316 3783 1468 3838 quam
1490 3782 1652 3835 nuper
1671 3765 1740 3816 ad

168 3869 522 3940 Ctesiphontem
552 3865 730 3931 edidit,
763 3863 1112 3919 condemnavit
1143 3878 1161 3925 ,'
1188 3860 1413 3913 similiter
1440 3867 1485 3910 et
1513 3856 1568 3909 in
1589 3854 1738 3919 libro,

170 3977 292 4029 quem
329 3977 468 4015 nunc
488 3959 684 4020 scribit,
731 3955 918 4010 collata
948 3955 1002 4007 in
1035 3952 1242 4005 modum
1281 3947 1486 4017 Dialogi
1523 3948 1742 3999 alterca-

172 4053 283 4106 tione
322 4055 584 4125 confutat.
643 4049 863 4103 Habitus
893 4060 1056 4116 porro
1098 4051 1180 4098 est
1199 4040 1504 4094 Conventus
1527 4035 1618 4090 ille
1645 4033 1744 4088 sub

172 4143 346 4200 Joanne
368 4147 497 4216 ejus
525 4141 674 4196 orbis
707 4140 991 4209 Episcolio,
1023 4151 1112 4189 an.
1145 4132 1249 4188 415
1271 4132 1370 4186 sub
1394 4129 1517 4184 Julii
1544 4126 1743 4181 mensis

177 4238 331 4302 linem,
360 4250 414 4292 ut
443 4253 514 4291 ex
545 4233 738 4290 eodem
763 4232 955 4288 Orosio
980 4229 1231 4297 colligere
1260 4233 1363 4288 est,
1391 4222 1479 4293 qui
1506 4221 1644 4275 diem
1675 4221 1742 4275 47

177 4329 314 4387 fuisse
338 4341 468 4386 tunc
498 4337 652 4383 notat
689 4336 806 4380 ante
832 4326 1049 4394 primum
1072 4319 1427 4375 Encamiomm
1452 4316 1606 4368 diem.
1637 4313 1744 4367 En-

177 4424 436 4478 cazniorum
469 4431 652 4474 autem
685 4417 801 4471 dies
831 4415 1054 4485 primus,
1083 4410 1222 4482 quod
1254 4409 1380 4462 alibi
1399 4414 1635 4461 notatum
1663 4411 1746 4458 est

177 4514 324 4581 nobis,
354 4523 478 4570 erat
514 4527 606 4566 xw
649 4507 1004 4579 Septembris,
1055 4512 1189 4558 teste
1218 4499 1536 4570 Nicepliom,
1567 4496 1657 4550 lib.
1688 4494 1742 4560 8,

180 4602 292 4659 llist.
311 4621 428 4676 cap.
477 4602 576 4658 ⁷10.
630 4601 748 4656 Jam
783 4600 962 4668 itaque
988 4594 1208 4665 epistola
1236 4591 1302 4646 ad
1325 4588 1742 4658 Ctesiphontem,

181 4711 312 4763 quam
336 4712 500 4768 nuper
529 4695 712 4749 datam
736 4701 860 4746 ante
888 4686 1392 4759 Jerosolymitanum
1419 4682 1745 4735 Conventum

180 4785 395 4852 altirinat,
429 4787 477 4841 si
504 4787 628 4856 quis
654 4799 772 4839 eam
796 4781 946 4836 malit
970 4780 1126 4834 altius
1147 4776 1393 4840 evehere,
1417 4773 1482 4828 ad
1508 4771 1745 4842 ejusdem

181 4878 282 4931 anui
310 4879 408 4934 415
440 4877 680 4933 lortasse
705 4873 914 4928 initium
939 4869 1220 4941 spectabit,
1267 4874 1414 4920 certe
1443 4864 1643 4918 diutius
1682 4859 1748 4916 il-

184 4965 270 5020 lum
295 4969 670 5032 antevertisse,
722 4973 780 5018 ut
803 4977 927 5017 vere
958 4961 1154 5016 dixerit
1182 4957 1418 5020 Orosius,
1451 4953 1749 5009 nullatenus

185 5071 348 5127 potest.
380 5063 492 5117 Nec
522 5057 752 5131 proinde
779 5067 1096 5126 quemquam
1134 5064 1352 5106 movere
1379 5047 1536 5102 debet
1562 5044 1749 5115 noperi

182 5151 424 5218 cujusdam
460 5147 792 5217 Chronologi
835 5145 1039 5215 Opinio,
1064 5141 1150 5212 qui
1209 5155 1325 5194 eam
1368 5136 1598 5192 triennio
1627 5142 1750 5190 ante

181 5243 402 5313 scriptam
429 5244 750 5302 arbitratur,
779 5239 892 5292 sive
922 5253 1008 5290 an.
1036 5234 1161 5290 412.
1191 5229 1333 5302 quod
1360 5245 1481 5284 eum
1513 5227 1749 5281 omnium

185 5331 356 5396 primus
376 5333 592 5404 scriptis
622 5329 838 5397 Pelagio
881 5325 1178 5381 occurrisse
1218 5323 1571 5391 Hieronymus
1611 5317 1754 5371 diea-

189 5428 270 5486 tnr.
293 5427 386 5482 sub
411 5426 542 5496 ipsis
567 5422 866 5489 Pelagiana:
894 5418 1160 5472 haereseos
1202 5411 1508 5487 primordiis
1536 5409 1586 5464 id
1619 5424 1756 5478 pra:-

184 5517 356 5576 stitisse
383 5522 678 5576 videretur.

223 5607 488 5665 CXXXIV.
519 5608 732 5676 Scripta
752 5621 839 5658 an.
862 5602 1165 5658 4l6.—-Per
1179 5601 1446 5664 Orosium,
1472 5614 1628 5670 quem
1649 5608 1757 5653 sta-

189 5697 696 5771 timimpenselaudat
713 5697 859 5750 llier.
875 5696 1072 5764 quique
1090 5693 1420 5750 sublvernum
1438 5700 1645 5760 tempus
1665 5705 1752 5743 an.

190 5789 274 5845 416
295 5808 322 5848 e
349 5793 632 5850 Palaestina
655 5791 706 5845 in
736 5788 964 5843 Africam
990 5799 1264 5856 regressus
1293 5793 1394 5850 est,
1423 5798 1527 5841 oon
1561 5783 1750 5836 imme-

1598 367 1983 427 PREFATIO.

3339 368 3427 425 XC

1853 482 1958 538 rito
1978 480 2214 536 creditur
2240 481 2424 537 istliazc
2448 480 2670 550 epistola
2698 483 2994 554 Augustino
3012 486 3238 547 reddita.
3263 488 3424 541 Certe

1850 583 1968 643 post
1987 573 2257 628 absolutos
2281 582 2390 628 tres
2416 573 2750 642 Dialogorum
2782 575 2946 631 libros
2972 587 3153 633 contra
3184 578 3421 649 Pelagia-

1848 679 1965 729 nos,
1996 663 2117 717 data
2149 674 2249 728 est;
2297 664 2508 719 tertium
2535 666 2676 718 enim
2699 664 2826 720 citat
2853 682 2906 720 η.
2943 669 2995 722 1.
3021 670 3075 721 in
3119 684 3223 736 quo
3243 670 3423 737 Angu-

1846 754 2042 806 stinum
2083 753 2369 808 laudasset.
2401 753 2564 819 Certe,
2609 755 2808 823 inquit,
2839 766 2886 809 et
2924 758 2976 809 in
3009 755 3244 828 Dialogo,
3276 775 3422 826 quem

1846 859 2006 914 nuper
2028 843 2186 902 edidi.
2216 855 2318 898 tum
2354 844 2695 908 beatitudinis,
2726 855 2780 898 ut
2801 837 3224 917 dignum'fuerat,
3256 863 3421 900 recor-

1845 935 1996 989 datus
2021 953 2150 990 sum.
2186 935 2294 990 Eos
2321 951 2479 1004 porro
2506 937 2669 990 libros
2695 953 2777 998 ex
2799 937 2972 990 Orosii
3005 939 3308 992 testimonio
3337 941 3421 994 in-

1845 1025 2131 1094 telligimus
2150 1027 2215 1079 ad
2243 1027 2530 1096 superioris
2551 1028 2674 1080 anui
2705 1028 2808 1082 415
2840 1029 3185 1096 posteriorem
3218 1040 3418 1097 partem

1843 1128 2106 1186 spectare,
2159 1119 2323 1187 ipsam
2377 1134 2503 1172 vero
2545 1119 2843 1187 epistolam,
2893 1135 3012 1188 qua:
3039 1135 3198 1189 nuper
3221 1119 3287 1171 ab
3318 1120 3422 1172 illis

1843 1210 2034 1264 dictata
2066 1218 2166 1273 est,
2195 1227 2297 1263 non
2322 1211 2419 1263 nisi
2443 1210 2506 1263 ad
2531 1212 2769 1279 proxime
2795 1212 3156 1279 insequentem
3187 1209 3290 1265 416
3321 1209 3422 1264 hoc

1843 1305 2002 1356 etiam
2026 1311 2337 1370 argumento
2363 1301 2694 1356 referendam
2722 1304 3047 1356 censuimus.

1913 1392 2171 1457 CXXXV,
2199 1393 2526 1448 CXXXVIot
2544 1392 2851 1448 CXXXVII.
2881 1393 3100 1462 Scripr
3122 1392 3424 1446 an.bl7.—-

1845 1487 2042 1540 Ilarnm
2086 1502 2301 1540 causam
2345 1488 2644 1555 intelligere
2687 1497 2862 1543 estex
2895 1488 3168 1555 Augustini
3196 1487 3331 1540 libro
3359 1487 3422 1539 de

1843 1577 2004 1632 Cesti:
2051 1576 2244 1646 Pelagii
2283 1579 2380 1631 sub
2404 1578 2605 1642 linem;
2647 1578 2787 1631 unde
2835 1577 2995 1630 etiam
3044 1587 3250 1645 tempus
3279 1586 3421 1630 reete

1839 1669 2126 1738 colligitur,
2175 1685 2282 1738 quo
2310 1671 2448 1722 (latio
2489 1679 2633 1722 sunt.
2681 1667 2756 1721 De
2776 1669 2852 1720 his
2881 1678 3067 1730 autem,
3098 1667 3286 1736 inquit,
3311 1681 3422 1734 qua

1840 1772 1951 1832 post
1966 1764 2058 1815 hoc
2077 1762 2328 1832 judicium
2351 1762 2623 1832 (nimirum
2647 1760 3022 1829 Diospolitaum
3049 1759 3276 1830 Synodi)
3294 1758 3362 1810 ibi
3389 1773 3422 1808 α

1840 1854 2004 1908 nescio
2015 1870 2111 1922 quo
2127 1870 2282 1906 cuneo
2299 1853 2626 1919 perditorum,
2645 1854 2728 1918 qui
2747 1851 2953 1916 ualdein
2969 1865 3249 1919 perversum
3265 1848 3424 1915 perlit-

1839 1945 2017 1999 bentur
2047 1943 2258 2014 Pelagio
2279 1943 2572 2015 sit/fragori,
2598 1941 2877 1996 incredibili
2897 1940 3112 1993 audacia
3138 1947 3422 2008 perpetrata

1839 2037 2094 2102 dicuntur,
2127 2045 2179 2087 ut
2199 2036 2326 2088 servi
2356 2033 2472 2100 Dei,
2499 2045 2547 2087 et
2573 2033 2776 2087 ancillae
2803 2033 2870 2085 ad
2895 2049 3070 2085 curam
3092 2031 3268 2086 Sancti
3292 2029 3419 2084 Hie-

1838 2127 2037 2196 ronymi
2075 2127 2395 2196 pertinentes,
2441 2125 2830 2179 sceleratissima
2879 2125 3016 2178 ctede
3065 2123 3375 2192 (inicerentur
3404 2163 3418 2182 ,

1841 2221 2084 2271 diaconus
2111 2218 2438 2278 occideretur,
2489 2217 2709 2283 aedilicia
2735 2216 3157 2268 monasteriorum
3185 2214 3420 2266 incende-

1842 2319 2037 2370 rentur,
2055 2308 2138 2360 uia:
2162 2307 2326 2376 ipsum
2341 2306 2403 2359 ab
2419 2306 2512 2358 hoc
2536 2307 2746 2375 impetu,
2764 2314 2913 2373 atque
2937 2306 3142 2356 incursu
3154 2304 3422 2372 impiorum

1844 2398 1897 2450 in
1922 2396 2020 2451 Dei
2047 2397 2388 2451 misericordia
2416 2403 2570 2450 turris
2591 2396 2832 2448 munitior
2856 2404 3075 2448 tueretur
3096 2433 3112 2459 ,
3157 2394 3422 2448 tacendum

1844 2491 1988 2544 nobis
2009 2490 2175 2558 potius
2199 2490 2362 2553 video,
2395 2497 2442 2541 et
2471 2487 2836 2558 expectandum
2855 2488 2977 2558 quid
2995 2487 3102 2540 illic
3123 2489 3306 2557 fratres
3329 2503 3423 2538 no-

1841 2584 1935 2636 stri
1964 2581 2206 2652 Episcopi
2229 2583 2293 2636 de
2320 2581 2397 2634 liis
2423 2581 2574 2634 tantis
2599 2580 2746 2633 malis
2783 2579 3032 2651 agendum
3053 2579 3359 2642 existiment;
3391 2597 3423 2632 a

1839 2676 2016 2744 quibus
2067 2691 2148 2728 eos
2191 2675 2514 2728 dissinmlare
2555 2690 2702 2742 posse
2746 2674 2856 2742 quis
2897 2673 3066 2725 credat
3095 2673 3119 2724 Ζ)
3146 2671 3270 2725 11;ιιο
3294 2687 3421 2725 sane

1838 2768 1976 2820 mala
2027 2767 2172 2820 hisce
2221 2767 2460 2833 epistolis
2510 2764 2852 2818 Innocentius
2891 2775 3189 2818 execratur.
3235 2764 3308 2816 Ex
3357 2777 3417 2818 ea

1836 2870 2012 2914 autem
2061 2859 2363 2912 narratione
2405 2857 2591 2927 liquet,
2639 2866 2759 2925 po~t
2803 2856 3216 2924 Diospolitanam
3244 2854 3418 2924 Syno-

1837 2952 1982 3018 dum,
2036 2968 2154 3023 quze
2203 2951 2425 3006 anJlS
2454 2965 2639 3004 mense
2688 2948 2968 3004 Decembri
3017 2948 3281 3002 celebrata
3313 2955 3419 3013 est,

1835 3045 2082 3116 sequenti
2153 3059 2296 3097 anno
2345 3043 2450 3097 416
2500 3041 2568 3096 ab
2620 3042 2713 3095 illo
2765 3040 3091 3112 perditorum
3147 3037 3418 3091 hominum

1835 3151 2007 3190 cuneo
2037 3135 2176 3190 illata
2201 3135 2252 3189 in
2280 3133 2656 3205 Hieronymum
2691 3133 2847 3192 mala,
2870 3145 3040 3199 eaque
3065 3139 3180 3197 post
3205 3128 3408 3197 aliquot

1835 3228 2024 3282 saltem
2046 3226 2163 3294 ejus
2187 3225 2311 3278 anni
2340 3239 2576 3279 menses.
2601 3221 2706 3280 Sed
2729 3221 2983 3290 epistolas
3025 3220 3165 3288 ipsas
3189 3219 3253 3271 ad
3280 3217 3405 3271 anni

1837 3320 1939 3374 417
1977 3317 2311 3374 succedentis
2354 3316 2562 3372 initium
2602 3313 2920 3369 deferendas
2958 3326 3078 3367 esse
3126 3327 3189 3366 ex
3235 3311 3411 3380 priore

1839 3410 1947 3474 illa,
1975 3425 2092 3478 qua‘
2118 3416 2199 3463 est
2235 3407 2302 3460 ad
2333 3407 2604 3461 Aurelium
2629 3447 2642 3468 ,
2673 3403 2865 3459 eruditi
2909 3403 3028 3468 viri,
3053 3411 3106 3457 et
3135 3403 3402 3471 praecipue

1837 3502 1918 3557 CI.
1949 3503 2010 3556 P.
2055 3501 2396 3557 Constantius
2443 3496 2792 3552 contendunt.
2835 3495 2964 3550 Nam
3013 3495 3297 3556 Aurelius,
3325 3497 3417 3562 qui

1839 3607 2054 3661 cperam
2089 3591 2296 3645 videtur
2338 3589 2550 3642 dedisse
2602 3598 2661 3641 ut
2715 3586 3019 3658 Hieronymi
3049 3585 3272 3647 litteras,
3301 3598 3420 3652 quae

1836 3687 1943 3752 jam
1975 3681 2356 3736 lntercidcrunt
2381 3719 2394 3738 .
2443 3679 2509 3732 ad
2539 3678 2904 3732 Innocentium
2954 3674 3290 3744 pervenirent
3320 3713 3334 3734 ,
3366 3682 3422 3724 et

1841 3773 2074 3828 vicissim
2095 3772 2162 3823 ab
2195 3770 2501 3822 Innocentio
2526 3768 2742 3836 jubetur
2768 3779 2977 3830 curare,
3011 3772 3067 3816 ut
3094 3765 3420 3832 Hieronymo

1845 3865 1962 3917 ista:
2007 3862 2330 3925 reddantur,
2384 3859 2471 3911 ille
2497 3870 2579 3911 est
2616 3857 2795 3924 Epise.
2835 3853 3302 3922 Carthaginiensis,
3333 3852 3420 3921 qui

1843 3967 1966 4006 cum
2011 3949 2242 4018 Collegis
2270 3948 2606 4000 Millevitaua:
2629 3945 2832 4016 Synodi
2874 3945 3014 3996 circa
3066 3942 3189 3993 anui
3231 3941 3420 3994 41611-

1845 4057 1989 4106 nem,
2041 4040 2106 4094 ad
2145 4038 2510 4094 Innocentium
2539 4075 2555 4101 ,
2582 4044 2770 4089 contra
2797 4032 3086 4101 Pelagium,
3113 4040 3271 4100 atque
3299 4030 3420 4084 Ca2-

1847 4132 2060 4188 lestium
2092 4129 2331 4184 scribens
2355 4170 2371 4194 ,
2413 4127 2794 4198 Hieronymum
2834 4140 2863 4178 a
2897 4120 3302 4192 Pelagianorum
3345 4119 3424 4174 fa-
3462 4157 3467 4161 -

1846 4226 2023 4279 ctione
2079 4220 2365 4292 quidquam
2427 4233 2639 4289 passum
2689 4231 2809 4272 esse
2853 4215 3130 4285 ignorabat
3186 4231 3202 4268 :
3257 4222 3315 4267 ut
3355 4229 3419 4267 ex

1845 4312 2112 4386 Synodica
2168 4320 2310 4366 recte
2359 4309 2661 4380 colligitur,
2716 4306 2805 4361 ubi
2860 4304 3258 4376 Hieronymiani
3329 4319 3424 4372 pro

1847 4405 2106 4461 catholica
2139 4404 2241 4458 [ide
2287 4402 2386 4457 zeli
2427 4403 2485 4454 tit
2513 4399 2732 4454 mentio.
2779 4397 2984 4450 Rursus
3027 4409 3157 4448 vero
3201 4409 3266 4447 es
3310 4393 3425 4460 ipso

1850 4494 2232 4552 Innocentii.ad
2264 4493 2533 4548 Aurelium
2559 4485 2806 4544 familiari
2844 4486 3126 4554 rescripto,
3163 4484 3415 4552 omnique

1849 4591 1962 4658 ejus
2005 4588 2158 4656 Papae
2198 4585 2540 4654 epistolarum
2587 4579 2747 4644 serie,
2792 4576 3042 4632 facinoris
3071 4583 3174 4629 tam
3225 4575 3425 4627 atrocis

1852 4680 2092 4735 notitiam
2117 4719 2133 4742 ,
2161 4686 2282 4730 ante
2317 4675 2457 4728 hunc
2485 4671 2733 4726 eumdem
2764 4684 2962 4724 annum
2990 4667 3093 4721 417
3121 4681 3242 4720 eum
3273 4664 3417 4719 colli-

1851 4775 1993 4844 gitur
2020 4787 2125 4825 non
2144 4769 2394 4823 habuisse
2425 4783 2439 4818 :
2467 4780 2639 4834 neque
2669 4763 2804 4818 adeo
2832 4762 2949 4833 ejus
2981 4760 3191 4822 litterae,
3221 4757 3288 4812 de
3315 4758 3430 4827 qui-
3469 4811 3483 4821 ,

1853 4843 1954 4917 bus
1979 4861 2186 4931 agimus
2217 4857 2509 4911 innotuisse
2541 4854 2786 4910 videntur
2817 4849 3112 4921 Augustino
3136 4891 3150 4911 ,
3182 4849 3269 4918 qui
3301 4847 3428 4900 dum
3462 4843 3467 4852 “

1856 4954 1958 5009 hoc
1997 4954 2215 5007 ineunte
2246 4964 2384 5003 anno
2411 4949 2601 5002 librum
2634 4945 2696 4999 de
2721 4944 2886 4998 Gestis
2915 4939 3114 5011 Pelagii
3149 4938 3429 5003 scriberet,
3462 4927 3467 4931 ⁴

1855 5046 1974 5100 loco
1994 5059 2151 5113 supra
2180 5042 2339 5097 citato
2378 5040 2511 5094 dixit
2540 5036 2905 5108 expectandum
2939 5032 3062 5105 quid
3090 5030 3334 5102 Episcopi
3361 5028 3426 5082 de

1856 5139 1935 5192 his
1973 5135 2126 5190 tantis
2164 5133 2313 5187 malis
2347 5130 2598 5203 agendum
2642 5130 3004 5192 existimarent,
3049 5141 3081 5178 a
3127 5123 3306 5194 quibus
3347 5137 3431 5174 eos
3463 5155 3483 5188 ρ

1856 5227 2176 5283 dissimulare
2225 5239 2372 5291 posse
2420 5238 2522 5274 non
2569 5221 2809 5274 crederet.
2856 5218 3118 5272 Cmterum
3164 5227 3284 5267 cum
3332 5211 3434 5263 ltoc

1859 5335 1999 5374 anno
2047 5317 2113 5371 l2
2156 5316 2330 5370 martii
2380 5313 2467 5368 die
2507 5319 2685 5365 vetera
2725 5313 3076 5363 monumenta
3130 5299 3427 5356 Innocentii

1859 5412 2062 5466 obitum
2116 5407 2449 5476 consignent,
2491 5400 2743 5470 epistolas
2786 5395 3079 5452 Februario
3131 5392 3321 5454 mensi,
3375 5398 3440 5441 ut

1860 5505 2037 5568 citius,
2075 5497 2403 5570 deputandas
2429 5510 2586 5550 nemo
2613 5507 2719 5548 non
2747 5491 2968 5562 judicet.

1930 5569 2242 5650 cxxxiiu
2288 5599 2343 5644 et
2378 5584 2666 5644 CXXXIX.
2719 5583 2937 5649 Scripta:
2990 5579 3110 5631 circ.
3157 5590 3243 5626 an.
3299 5569 3432 5624 M7.

1861 5685 2075 5739 -——ldem
2122 5682 2323 5735 facinus
2360 5678 2428 5732 ab
2473 5675 2840 5730 litereticorum
2887 5664 3199 5722 satellitibus
3244 5657 3432 5710 lliero-

1867 5789 2027 5847 nytno
2065 5773 2376 5826 intentatum
2400 5808 2416 5833 ,
2444 5763 2744 5819 Monasterii
2787 5754 3086 5812 incendium
3109 5788 3130 5813 ,
3163 5763 3222 5801 ac
3247 5745 3436 5801 domus
