4004 6328
564 352 680 412 XCI

509 506 514 516 ι
563 464 894 525 eversionem
933 463 1238 520 renuntiare
1273 461 1428 518 nobis
1471 460 1555 517 hae
1600 460 1792 516 litterte
1821 459 1956 515 visa:
1982 469 2127 525 sunt,

565 574 698 627 quas
725 558 844 610 ideo
863 557 926 608 ad
951 556 1090 611 idem
1120 557 1226 610 fere
1250 565 1458 621 tempus
1483 553 1745 624 pertinere
1762 551 2133 619 judicavimus.

565 649 766 705 Iudicat
795 651 845 702 in
875 650 1069 716 priore.
1105 651 1302 716 pulsum
1329 664 1435 702 esse
1458 664 1559 700 non
1587 647 1751 699 solum
1779 645 1842 698 de
1870 646 1990 696 urbe
2009 685 2023 704 ,
2052 643 2141 697 sed

566 739 717 792 etiam
765 740 828 790 de
871 737 1162 791 l’ultt'stina:
1199 737 1382 805 ﬁnibus
1430 736 1724 800 Catilinam,
1766 749 1872 804 quo
1926 734 2141 787 nomine

566 831 728 882 alium
753 871 769 893 ,
796 844 952 898 quam
985 829 1250 898 Pelagium
1284 829 1504 882 innuere
1532 826 1776 888 Voluisse,
1807 839 1908 877 non
1940 832 2024 878 est
2048 839 2138 876 ve-

569 920 822 974 rnsimile.
864 919 980 973 Mox
1010 919 1104 972 sibi
1134 919 1261 972 dicit
1291 919 1466 970 melius
1502 919 1662 970 risum
1689 931 1793 969 esse
1833 917 1997 967 locum
2025 930 2138 965 mtto

569 1021 697 1075 ture,
727 1026 876 1077 qnam
893 1009 1013 1078 [idsi
1038 1010 1316 1069 veritatem,
1337 1007 1770 1076 ardi/iriorntnqne
1791 1015 1837 1056 et
1863 1003 2143 1056 mansionis

566 1102 904 1154 atttmnitatem
929 1101 1176 1163 amittere,
1206 1115 1356 1169 quam
1383 1113 1555 1150 eorum
1582 1095 1931 1149 communione
1961 1109 2145 1146 macu-

568 1191 666 1246 lari
684 1233 699 1258 ,
727 1192 903 1262 quibus
932 1191 984 1244 in
1016 1191 1398 1260 prwsentiurum
1432 1199 1520 1241 aut
1566 1187 1844 1241 cedendum
1882 1196 2024 1251 erat,
2056 1193 2144 1238 aut

567 1295 698 1337 certe
721 1285 942 1354 quotidie
967 1300 1067 1336 non
1089 1285 1264 1354 lingua
1287 1323 1302 1347 ,
1331 1283 1420 1336 sed
1465 1282 1652 1352 gladiis
1691 1279 2057 1334 dimicandum.
2089 1279 2142 1333 In

568 1374 733 1428 altera
765 1375 946 1436 etiam,
987 1389 1106 1444 quae
1146 1383 1226 1427 est
1251 1372 1316 1426 ad
1346 1373 1638 1442 Apronium
1664 1413 1680 1436 ,
1710 1387 1812 1426 non
1846 1380 1953 1426 tam
1999 1371 2146 1426 dolet

569 1466 773 1518 domum
801 1481 946 1518 suam
974 1463 1244 1518 secundum
1264 1463 1494 1516 carnales
1510 1478 1630 1530 opes
1655 1462 2005 1515 hereticorum
2025 1478 2142 1530 per-

568 1554 902 1610 secutionibus
931 1557 1123 1624 penitus
1142 1570 1382 1618 eversam,
1405 1569 1561 1622 quam
1581 1553 1773 1622 gaudet
1790 1567 1909 1606 eam
1934 1552 2139 1606 Cltristo

571 1647 790 1717 propitio
808 1633 1154 1716 spiritualilms
1182 1644 1368 1698 divitiis
1393 1644 1597 1714 repleri.
1626 1643 1889 1698 Cteterum
1917 1643 1970 1696 in
1993 1641 2146 1697 Locis

571 1737 781 1792 Sanctis
810 1737 1083 1807 proﬁtetur
1115 1737 1283 1806 quieta
1325 1751 1434 1789 esse
1457 1735 1629 1788 omnia
1649 1773 1664 1798 ,
1692 1742 1746 1789 et
1777 1733 2058 1788 lttnreticos
2089 1751 2145 1788 os

570 1828 843 1898 impietatis
867 1844 965 1880 non
989 1827 1174 1880 audere
1197 1826 1396 1898 aperire
1424 1841 1443 1880 :
1471 1841 1592 1895 quae
1622 1824 1816 1880 indicio
1838 1835 1982 1890 sunt,
2012 1825 2147 1880 hanc

569 1919 842 1989 aliquanto
869 1928 985 1988 post
1011 1918 1340 1987 superiorem
1369 1926 1606 1986 tempore
1625 1956 1640 1980 ,
1688 1917 1897 1971 temetsi
1927 1915 2145 1970 easdem

571 2012 754 2065 turbas
777 2025 839 2065 ac
864 2019 1037 2064 motus
1063 2012 1301 2071 denotet,
1327 2024 1447 2063 esse
1468 2007 1852 2063 collocandum.

642 2099 798 2156 CXL.
845 2101 1052 2172 Scripta
1090 2101 1212 2155 circ.
1254 2101 1386 2154 idem
1414 2108 1631 2168 tempus.
1671 2126 1744 2138 ——
1785 2099 2041 2153 Praesenti
2091 2098 2144 2152 in

569 2191 778 2248 Sanctis
815 2191 974 2247 Locis
1011 2191 1277 2260 Cypriano
1301 2191 1422 2245 data
1467 2199 1570 2254 est,
1593 2199 1648 2244 et
1671 2205 1792 2244 cutn
1821 2205 1938 2246 non.
1958 2205 2065 2243 uno
2093 2190 2146 2242 in

569 2283 688 2338 loco
718 2283 1056 2353 Pelagianum
1083 2282 1275 2352 dogma
1295 2283 1586 2352 impugnet,
1611 2297 1717 2336 non
1748 2291 1923 2336 tamen
1950 2281 2144 2336 acerbe

577 2375 734 2441 facit,
764 2384 821 2428 ut
847 2389 952 2428 non
982 2373 1270 2443 incongrue
1299 2372 1454 2426 liceat
1482 2371 1877 2441 argumentari,
1919 2371 2147 2440 expulso

575 2472 684 2541 jam
712 2470 780 2525 de
811 2469 1102 2524 Pala'stime
1137 2467 1328 2522 linibus
1358 2467 1589 2537 Pelagio,
1629 2480 1748 2520 cum
1774 2465 1943 2534 quieta
1984 2472 2145 2518 essent

576 2562 786 2626 omnia,
834 2569 894 2616 ut
938 2561 990 2615 in
1037 2559 1295 2628 superiori
1336 2558 1495 2629 epist.
1547 2565 1720 2621 notat,
1766 2555 1902 2611 hanc
1949 2557 2146 2625 pariter

572 2653 733 2709 fuisse
757 2662 1048 2706 exaratam.
1076 2648 1335 2720 Equidem
1361 2648 1595 2719 ιντεροηί
1618 2647 1828 2702 biennio
1851 2660 2010 2716 posse
2035 2661 2140 2700 non

573 2745 871 2799 inliciamttr
892 2783 908 2806 ,
939 2749 1219 2810 antequam
1249 2739 1511 2795 violentas
1539 2738 1592 2793 in
1616 2737 1994 2808 Hieronymum
2022 2751 2145 2790 ma-

573 2849 673 2887 nus
701 2831 933 2886 haeretici
973 2830 1308 2900 injecissent;
1337 2827 1434 2883 sed
1475 2841 1632 2882 nemo
1651 2867 1668 2891 ,
1695 2841 1992 2895 speramus,
2020 2839 2140 2880 mo-

570 2926 704 2981 leste
745 2925 916 2988 feret,
947 2935 1046 2977 nos
1070 2921 1188 2976 aliis
1214 2935 1284 2976 ex
1325 2919 1648 2989 conjecturis
1688 2917 1831 2972 hunc
1873 2917 1922 2970 ei
1967 2916 2141 2971 locum

571 3017 931 3080 constituisse,
959 3014 1012 3070 in
1035 3029 1194 3086 quem
1218 3013 1471 3084 pleraque
1498 3008 1832 3066 commodius
1858 3009 2146 3064 convenire

570 3109 682 3164 visa
711 3118 854 3165 sunt.

640 3199 796 3256 CXLI
825 3206 881 3254 et
910 3196 1114 3254 CXLII.
1159 3195 1378 3265 Scripta!
1411 3193 1536 3249 circ.
1561 3209 1649 3248 an.
1682 3191 1806 3248 418.
1836 3220 1908 3234 -
1932 3189 2146 3246 lnduxn-

573 3308 690 3349 mus
710 3291 1028 3364 jampridem
1063 3291 1115 3345 in
1143 3289 1380 3344 animum
1403 3328 1420 3352 ,
1452 3301 1560 3342 non
1591 3295 1648 3340 ut
1688 3285 1846 3356 vulgo
1869 3286 2138 3351 creditur,

569 3383 702 3440 duas
733 3381 1038 3454 Ilieronymi
1086 3380 1152 3434 ad
1189 3381 1544 3450 Augustinum
1590 3377 1684 3430 has
1709 3391 1828 3432 esse
1859 3377 2140 3446 epistolas,

570 3475 664 3530 sed
691 3489 870 3536 unam,
903 3471 1054 3540 cujus
1075 3477 1194 3540 post
1218 3467 1662 3536 subscriptionem
1704 3465 1945 3535 quaedam
1982 3465 2142 3519 veluti

569 3564 835 3635 appendix
879 3560 1091 3616 brevior
1137 3559 1304 3612 altera
1371 3555 1600 3627 putanda
1640 3556 1727 3608 sit.
1775 3554 2040 3610 Orationis
2093 3556 2143 3610 itt

579 3664 806 3722 utraque
831 3649 1141 3706 brevissima
1169 3649 1336 3702 series
1355 3686 1370 3710 ,
1399 3645 1790 3714 scriptlunculae
1835 3647 2146 3715 posterioris

570 3743 779 3799 indoles
801 3781 815 3804 ,
843 3741 1070 3795 maxime
1109 3752 1238 3792 vero
1280 3736 1376 3791 Ms.
1409 3735 1810 3790 Vindocinensis
1837 3737 2142 3791 monasterii

570 3837 860 3892 auctoritas
881 3833 1162 3903 persuasit,
1187 3839 1244 3884 ut
1269 3831 1319 3883 in
1342 3829 1491 3883 Notis
1513 3829 1743 3882 diximus
1768 3828 1832 3881 ad
1857 3829 1997 3896 ipsas
2024 3829 2138 3898 epi—

573 3930 737 3984 stolas
765 3925 945 3989 CXLI,
975 3932 1030 3979 et
1051 3921 1212 3977 XLII.
1261 3919 1414 3977 Unde
1451 3919 1574 3974 licet
1615 3933 1711 3988 pro
1739 3934 1841 3972 una
1865 3933 2145 3975 recensere

573 4031 783 4076 tantum
816 4034 921 4072 non
952 4016 1065 4070 ausi
1093 4016 1279 4076 simus.
1307 4013 1548 4067 ordinem
1580 4021 1776 4074 tamen,
1804 4027 1960 4078 quem
1983 4012 2141 4067 etiam

575 4109 713 4180 apud
735 4108 795 4162 S.
827 4107 1174 4176 Augustinum
1201 4102 1550 4166 obtinebant,
1587 4102 1906 4155 mutavimus
1925 4142 1940 4165 ,
1970 4112 2025 4156 et
2053 4117 2144 4156 ne-

573 4203 700 4255 dum
730 4199 896 4254 I'erme
922 4197 1186 4252 decennio
1213 4193 1464 4263 disjungi.
1497 4207 1602 4245 uno
1629 4199 1786 4260 atque
1810 4191 1980 4246 eidem
2015 4203 2144 4247 tem-

577 4289 692 4361 pori
720 4299 997 4356 utramque
1023 4285 1264 4338 volumus
1291 4282 1614 4354 consignari.
1643 4281 1737 4336 Est
1772 4292 1948 4336 autem
1975 4298 2146 4338 anuus

577 4381 754 4436 circit.
787 4377 912 4433 418.
941 4390 1062 4452 cum
1087 4375 1156 4429 de
1176 4371 1937 4442 Pelagianorumdamnatione
1965 4374 2014 4426 in
2047 4374 2145 4428 Pa-

574 4471 804 4538 Imstina,
833 4465 1104 4532 satellitio,
1126 4473 1181 4520 et
1205 4464 1436 4520 motibus
1463 4463 1575 4518 fere
1601 4463 1903 4534 loquantur.
1932 4467 2140 4520 tametsi

1986 343 2369 402 PREFATIO.

3689 352 3823 409 XCII

2245 457 2346 512 sub
2365 452 2730 526 tenigmatibus
2751 499 2764 523 ,
2793 468 2852 515 ut
2875 471 2957 516 est
2986 458 3114 515 illud
3142 469 3302 531 capta:
3334 459 3624 517 Jerusalem
3649 482 3682 518 a
3709 463 3822 519 Na-

2248 549 2658 613 buchodonosor,
2684 568 2796 620 qua:
2815 551 3051 606 Jeremia'
3071 555 3193 607 nolit
3220 555 3397 608 audire
3420 556 3636 610 consilia
3665 572 3685 610 :
3710 557 3821 612 latt-

2245 639 2366 693 denl
2413 656 2621 707 quoque
2668 643 3050 712 Attgnstintnn,
3094 645 3181 714 qui
3210 655 3386 699 contra
3427 647 3614 716 ﬂantes
3657 659 3823 704 ventos

2245 731 2431 783 ardore
2458 730 2576 792 ﬁdei
2619 733 2906 796 perstiterit.

2316 819 2541 874 CXLIII.
2577 820 2779 890 Scripta
2806 823 2998 876 videtur
3025 839 3196 878 versus
3237 825 3388 894 ﬁnem
3412 867 3428 892 ,
3458 843 3545 882 an.
3589 827 3716 884 419.
3755 859 3824 872 —-

2249 912 2432 966 Patres
2476 913 2800 967 Be'nedit-tini
2837 915 2913 969 sic
2953 927 3392 984 argumentantur
3413 917 3824 989 dehnjusa-L'tte

2246 1004 2505 1069 epistolze.
2531 1003 2722 1057 Earum
2754 1020 2884 1073 quas
2909 1005 3261 1077 Hieronymus
3284 1008 3523 1077 scripsit,
3557 1009 3819 1078 Epistola-

2248 1108 2366 1147 rum
2394 1095 2629 1148 onmium
2659 1094 2998 1149 novissimam
3025 1105 3170 1165 putat
3192 1096 3469 1162 Baronius,
3499 1100 3823 1171 retnittitqne

2248 1196 2337 1237 an.
2383 1183 2488 1239 420
2537 1184 2589 1237 in
2623 1199 2780 1254 quem
2806 1184 3110 1257 Hieronymi
3137 1186 3346 1249 obitus,
3385 1187 3535 1256 justa
3573 1189 3821 1260 Prusperi

2247 1274 2592 1340 cltronicum,
2641 1274 2842 1330 incidit.
2893 1275 3048 1331 Certe
3075 1277 3288 1347 quidem
3329 1277 3600 1333 Eustochii
3654 1280 3822 1351 Virgi-

2249 1366 2332 1419 nis
2371 1364 2620 1419 dormitio
2647 1405 2662 1429 ,
2690 1365 2839 1434 cujus
2865 1365 3049 1421 dolore
3101 1381 3221 1422 sese
3265 1367 3614 1424 vehementer
3667 1385 3823 1426 occu-

2249 1467 2427 1525 patum
2471 1466 2692 1511 testatur
2733 1457 2850 1512 huic
2895 1457 3283 1529 Hieronymus,
3317 1476 3420 1514 nou
3469 1461 3642 1515 multo
3699 1470 3820 1516 ante

2251 1547 2556 1616 prwdietmn
2583 1566 2778 1604 annmn
2829 1550 2934 1606 420
2959 1593 2975 1617 ,
3019 1554 3201 1623 reponi
3243 1562 3417 1623 potest
3449 1574 3463 1610 :
3495 1554 3824 1625 quandoqui-

2249 1637 2369 1692 dem
2398 1638 2664 1694 Palladius
2685 1639 2992 1696 Lausiacatn
3025 1643 3297 1698 historiam
3327 1661 3413 1697 an.
3438 1645 3544 1700 “9
3574 1655 3666 1698 aut
3694 1645 3820 1712 4'20,

2250 1727 2506 1791 scribens.
2534 1730 2585 1783 in
2618 1731 2749 1785 vivis
2774 1747 2893 1786 eam
2925 1748 3086 1802 agere
3111 1733 3337 1789 credidit
3363 1749 3482 1805 cap.
3514 1735 3639 1792 125.
3671 1737 3820 1802 Quod

2252 1834 2378 1874 vero
2405 1820 2471 1874 ad
2501 1821 2749 1890 Epistula:
2794 1823 3108 1891 perlatorem
3155 1823 3516 1880 Innocentium
3549 1826 3824 1898 presbyte-

2251 1929 2367 1968 rum
2413 1914 2626 1979 attinet,
2684 1917 2726 1968 is
2753 1915 2993 1978 ξυιυς).
3047 1917 3112 1970 ad
3160 1918 3541 1988 pcrqttirendos
3580 1917 3824 1976 Nicmnos

2249 2004 2492 2061 Canones
2537 2008 2730 2062 missus
2777 2023 2808 2061 a
2850 2008 3090 2063 Patribus
3131 2009 3391 2066 Africanis
3432 2011 3497 2064 ad
3542 2011 3822 2082 Cyrillum.

2251 2095 2376 2153 inde
2401 2097 2558 2154 rediit
2594 2099 2645 2153 in
2671 2099 2903 2154 Africam
2933 2116 3072 2154 anno
3091 2101 3280 2156 eodem
3302 2143 3318 2168 ,
3345 2113 3469 2158 ante
3492 2102 3561 2158 26
3590 2104 3822 2159 Novem»

2251 2187 2378 2253 bris,
2408 2199 2464 2242 ut
2499 2205 2565 2245 ex
2589 2190 2721 2246 Cod.
2748 2189 2879 2245 Can.
2914 2191 3061 2247 Eccl.
3104 2193 3270 2249 Alric.
3320 2195 3493 2262 titulo,
3529 2211 3579 2250 c.
3613 2197 3712 2252 I57
3760 2197 3822 2251 li-

2250 2292 2378 2350 quet
2412 2297 2427 2334 :
2459 2296 2627 2351 eaque
2651 2323 2668 2349 ,
2709 2283 2871 2339 dubio
2921 2285 3141 2353 procul,
3172 2286 3450 2340 oceasione
3480 2286 3593 2341 viso
3641 2287 3826 2342 Iliero-

2251 2393 2432 2450 nymo,
2459 2379 2760 2448 epistolam,
2795 2380 2863 2434 de
2887 2395 2988 2448 qua
3011 2380 3201 2450 agitur,
3234 2379 3558 2437 alferendatn
3583 2357 3815 2450 accepit,

2252 2467 2354 2523 hoc
2381 2468 2496 2538 ipso
2517 2484 2679 2535 anno,
2709 2485 2813 2524 non
2841 2469 3202 2540 subsequenti.
3230 2471 3434 2540 Quippe
3459 2471 3699 2540 epistola:
3728 2471 3827 2526 ini-

2253 2562 2347 2626 tio,
2374 2576 2495 2616 eum
2526 2562 3138 2634 I-Iieronymnsexcusat,
3165 2563 3306 2633 quod
3330 2564 3667 2618 Innocentius
3692 2579 3826 2617 anno

2252 2653 2520 2720 praterito,
2554 2654 2698 2722 quasi
2737 2669 3049 2720 nequaquam
3069 2654 3125 2707 in
3150 2655 3378 2723 Africam
3405 2669 3633 2708 reversus
3665 2655 3826 2723 ipsius

2250 2741 2318 2795 ad
2351 2743 2703 2812 Augustinum
2731 2742 2923 2810 scripta
2955 2759 3060 2797 non
3079 2745 3368 2811 sumpserit
3395 2784 3410 2808 ,
3438 2743 3636 2798 indicat
3669 2760 3824 2798 unam

2250 2841 2306 2888 et
2333 2833 2551 2888 alteram
2584 2832 2868 2887 Innocentii
2898 2833 3375 2902 peregrinationem
3421 2834 3472 2886 in
3500 2832 3779 2888 Orientem
3811 2853 3824 2886 :

2249 2941 2477 2996 quarum
2508 2925 2697 2995 prima,
2720 2926 2985 2995 siquidem
3015 2925 3356 2981 Innocentius
3382 2924 3451 2981 dc
3473 2941 3571 2980 suo
3603 2932 3656 2981 in
3690 2926 3828 2982 Alri-

2250 3032 2366 3072 cam
2398 3015 2570 3071 reditu
2620 3015 2854 3070 incertus
2899 3026 3033 3084 erat,
3062 3032 3165 3070 non
3205 3017 3391 3072 eadem
3430 3029 3510 3071 est
3541 3033 3663 3073 cum
3697 3019 3784 3073 illa
3809 3061 3823 3084 ,

2249 3122 2406 3178 quam
2432 3121 2572 3162 anno
2596 3107 2720 3168 H9.
2752 3105 3013 3162 Africanm
3052 3108 3253 3180 Synodi
3282 3110 3598 3165 auctoritate
3639 3127 3821 3167 susce-

2252 3199 2346 3270 pit.
2378 3197 2561 3269 Neque
2587 3207 2731 3257 recte
2769 3199 3026 3254 Baranius
3073 3201 3137 3254 iis
3186 3214 3252 3255 ex
3284 3199 3458 3255 verbis
3511 3201 3818 3274 Hieronymi

2250 3289 2455 3360 colligit
2473 3289 2756 3358 epistolam
2781 3305 2922 3346 anno
2949 3291 3242 3361 sequentia
3266 3291 3533 3361 legatione
3561 3291 3824 3348 Innocen-

2252 3384 2310 3436 tii
2337 3382 2513 3437 datam
2541 3383 2723 3438 fuisse.
2773 3403 2794 3437 s

2321 3471 2547 3528 CXLIV.
2599 3472 2805 3543 Scripta
2844 3474 2989 3528 initio
3024 3491 3112 3528 an.
3156 3473 3282 3529 ιεο.
3313 3503 3386 3515 —-
3410 3472 3555 3528 lianc
3594 3472 3828 3545 denique

2253 3565 2533 3634 Augustini
2557 3565 2712 3634 epist.
2743 3567 2843 3620 sub
2891 3567 3014 3620 anni
3057 3566 3163 3622 420
3209 3567 3416 3621 initium
3472 3567 3649 3620 datam
3705 3566 3830 3623 inde

2252 3655 2724 3726 colligimus.un
2750 3656 2954 3718 nuth.
2975 3665 3120 3711 notet
3141 3671 3199 3712 se
3218 3657 3450 3712 scribere
3473 3666 3584 3726 post
3611 3658 3831 3729 quinque

2251 3746 2410 3814 ferme
2436 3763 2597 3800 annos
2623 3745 2845 3800 evolutos
2867 3761 2930 3801 ea:
2947 3763 3044 3817 quo
3063 3747 3116 3799 in
3138 3745 3391 3800 Orientem
3416 3747 3618 3800 miserat
3644 3746 3830 3800 librum

2252 3853 2352 3890 non
2380 3837 2808 3907 praesumptionis,
2827 3837 2914 3890 sed
2939 3835 3321 3891 consultationis
3344 3851 3449 3889 sua:
3471 3836 3535 3889 ad
3568 3835 3833 3908 Hierony-

2251 3943 2419 3982 mum.
2465 3925 2562 3982 IIic
2588 3928 2730 3982 enim
2761 3927 2893 3982 liber
2919 3927 3032 3996 ipsa
3060 3927 3150 3981 illa
3195 3935 3278 3982 est
3303 3926 3524 3995 epistola
3557 3925 3611 3980 in
3644 3941 3831 3981 recen-

2251 4017 2402 4072 sione
2443 4027 2620 4072 nostra
2651 4017 2774 4082 I3I,
2808 4032 2902 4087 per
2927 4017 3172 4072 Orosium
3202 4017 3363 4071 missa
3398 4017 3452 4070 in
3490 4015 3830 4071 Palaestinam

2250 4121 2391 4161 anno
2414 4107 2558 4174 M3,
2591 4119 2646 4162 ut
2671 4123 2737 4163 ex
2781 4107 3016 4176 ejusdem
3060 4107 3233 4162 Orosii
3273 4106 3619 4176 profectione.
3671 4117 3832 4178 atque

2252 4197 2430 4253 habita
2489 4198 2834 4271 .Ierosolymis
2885 4209 3067 4254 contra
3135 4201 3404 4270 Pelagium
3465 4199 3832 4266 disinttatione

2251 4287 2318 4341 ad
2349 4304 2468 4343 eam
2492 4289 2649 4358 epist.
2696 4291 3046 4344 ostendimus.
3095 4291 3151 4346 Si
3184 4293 3318 4347 adeo
3345 4291 3497 4345 annis
3531 4292 3657 4356 415,
3696 4293 3834 4345 alios

2250 4379 2488 4447 quinque
2530 4379 2713 4445 addas,
2744 4380 2849 4437 420
2902 4379 3140 4449 eilicies,
3190 4381 3277 4437 cui
3325 4382 3605 4452 epistolam
3663 4383 3838 4436 consi-

2251 4483 2496 4538 gnamus.

1274 4575 1401 4632 Tres
1431 4576 1638 4646 reliqua:
1665 4575 1911 4648 Epistolis
1935 4617 1952 4644 ,
1991 4594 2206 4646 quarunt
2229 4588 2423 4650 tempus
2455 4583 2620 4637 minus
2655 4593 2964 4654 compertum
2989 4593 3082 4638 est.

642 4723 776 4780 Tres
800 4721 857 4777 in
885 4719 930 4775 V'
955 4718 1192 4774 Classem
1219 4716 1520 4772 distulimus
1542 4715 1848 4788 Hieronymi
1869 4715 2146 4786 epistolas,

573 4815 764 4886 quibus
793 4823 964 4880 neque
991 4824 1056 4864 ex
1086 4807 1344 4878 probabili
1369 4809 1594 4872 ratione,
1623 4821 1796 4877 neque
1823 4821 1889 4862 ex
1909 4806 2142 4862 erudito-

573 4923 689 4961 rum
716 4903 991 4959 hominum
1023 4902 1286 4955 constanti
1308 4899 1624 4954 auctoritate
1645 4906 1843 4953 certam
1891 4898 2148 4968 temporis

575 4995 833 5062 epncbam
863 4994 1135 5062 assignare
1163 4991 1256 5043 fuit
1291 4989 1614 5058 expeditum.
1648 4988 1801 5043 Prior
1832 4997 2005 5042 tanton
2029 5004 2149 5057 qua:

579 5095 660 5138 cst
691 5084 756 5138 ad
791 5081 1201 5152 [imperantium
1239 5078 1422 5134 CXLV
1451 5077 1659 5134 facilius
1683 5079 2001 5148 intelligitur
2032 5088 2149 5148 post

573 5191 767 5228 annum
799 5175 908 5231 386
935 5173 1054 5228 data
1081 5189 1145 5228 ex
1176 5173 1434 5227 Betltlemi
1461 5213 1475 5236 ,
1504 5188 1660 5240 quam
1691 5181 1844 5228 antea
1867 5189 1896 5227 e
1915 5172 2148 5228 Calcidis

572 5280 777 5318 ereum.
821 5263 952 5319 Vide
986 5279 1102 5334 qua:
1131 5264 1182 5318 itt
1229 5262 1379 5318 Notis
1421 5280 1485 5318 ex
1517 5262 1751 5317 Palladio
1780 5255 2144 5318 observamus.

574 5353 698 5409 Post
724 5355 970 5410 eumdem
1013 5371 1210 5409 annum
1231 5395 1248 5422 ,
1290 5371 1409 5426 qua:
1435 5355 1676 5425 sequitur
1702 5355 1768 5409 ad
1817 5356 2146 5426 Evangelum

2250 4719 2455 4776 CXLVI
2487 4723 2690 4777 censeri
2718 4737 2782 4776 ex
2830 4737 2896 4775 eo
2919 4721 3077 4776 velim
3102 4763 3117 4788 ,
3145 4720 3284 4791 quod
3325 4738 3378 4775 n.
3408 4721 3446 4774 2
3473 4736 3533 4777 se
3568 4724 3732 4779 tradit
3758 4727 3839 4780 vi-

2251 4811 2395 4865 disse
2419 4813 2618 4876 I’tomze,
2649 4809 2787 4864 Inter
2809 4812 3119 4881 presbyteros
3142 4849 3157 4873 ,
3188 4809 3394 4864 absente
3424 4810 3694 4883 Episcopo
3749 4833 3832 4870 se-

2251 4903 2368 4957 dere
2413 4903 2700 4956 diaconum.
2749 4899 2998 4956 CXLVll.
3051 4901 3320 4955 Postrema
3351 4901 3416 4954 ad
3445 4902 3738 4960 Sabianum
3771 4908 3836 4960 iis

2249 4995 2445 5058 ascribi
2512 4995 2834 5062 temporibus
2903 4995 3070 5055 solet,
3116 4991 3310 5060 quibus
3360 4993 3570 5047 barbari
3621 5001 3834 5067 imperti

2253 5097 2423 5142 terras
2461 5087 2785 5139 invaserant.
2851 5083 3006 5138 Certe
3054 5082 3332 5136 barbarum
3377 5087 3626 5140 maritum
3674 5091 3833 5160 ejus.

2253 5191 2409 5246 quam
2426 5175 2739 5230 Sabinianus
2758 5183 3085 5240 corruperat,
3107 5172 3337 5239 feminte,
3356 5191 3584 5248 cumque
3605 5181 3833 5237 tuilttetn

2257 5268 2420 5322 fuisse
2447 5265 2639 5319 indicat
2667 5281 2810 5318 ttttttt.
2845 5265 2930 5317 II.

643 5510 764 5564 1am
787 5511 952 5581 itaque
996 5511 1050 5566 in
1094 5521 1224 5566 recte
1266 5511 1564 5565 ordinandis
1595 5509 1890 5580 Hieronymi
1919 5508 2162 5576 epistolis,
2193 5506 2280 5572 qui
2292 5581 2297 5592 ι
2336 5504 2584 5558 maximus
2627 5502 2782 5571 ferme
2806 5510 2877 5555 est
2903 5501 3112 5557 editoris
3166 5502 3330 5569 labor,
3376 5520 3672 5577 summaque
3711 5511 3836 5566 inde

569 5602 906 5658 studiosorum
937 5601 1152 5670 utilitas,
1197 5601 1444 5672 quidquid
1491 5599 1778 5671 potuimus,
1820 5599 1873 5652 in
1902 5613 2164 5680 commune
2211 5595 2527 5652 contulimus
2554 5609 2573 5649 :
2605 5609 2737 5648 nunc
2780 5603 2958 5650 cetera
2979 5610 3092 5653 aute
3115 5605 3404 5651 nostrarum
3433 5601 3657 5657 partium
3686 5614 3829 5681 sunt,

568 5699 904 5766 conferamus.
