4004 6328
660 663 818 808 s.
922 633 1722 810 EUSEBII'
1794 664 2952 817 HIERONYMI

504 965 1751 1084 STRIDONENSI:

1925 970 3092 1093 PRESBYTER!

835 1157 838 1159 ⁸
1483 1222 2045 1388 VITA

466 1520 641 1617 EX
684 1532 819 1616 EJ
822 1527 968 1616 US
1029 1521 1750 1614 POTISSIMUM
1827 1529 2334 1614 SCRIPTIS
2390 1529 3137 1623 CONCINNATA

994 1761 1102 1824 AD
1143 1751 1644 1821 EMINENTISS.
1692 1757 1758 1818 S.
1803 1760 1876 1818 R.
1923 1758 1996 1818 Ε.
2041 1753 2566 1822 CARDINALEM

781 1986 1857 2121 DOMINICUM
1926 1983 2731 2118 RIVIERA.

835 2239 2773 2278 -ς-μ--ᾤ--ρ--ο--ν-

669 2413 898 2478 CAPUT
937 2406 1224 2474 PRISIUM.

167 2550 200 2613 l.
236 2556 548 2628 Hieronymi
584 2553 786 2608 Patria.
818 2552 882 2607 11.
932 2549 1138 2604 Natalis
1166 2563 1348 2601 annus.
1385 2543 1470 2601 Ill.
1517 2542 1733 2597 Nomen.

525 2643 618 2701 IV.
649 2643 893 2698 Parentes
915 2649 962 2696 et
989 2638 1366 2709 consanguinei.

214 2784 252 2839 l.
277 2781 562 2839 Eusebius
590 2779 972 2850 Hieronymus,
1008 2776 1204 2855 Doctor
1227 2771 1584 2828 Ecclesiarum
1614 2781 1728 2823 ma-

156 2878 334 2942 ximus,
367 2871 712 2936 Stridouem,
748 2858 981 2939 ignobile
1008 2864 1283 2936 Oppidum,
1326 2862 1490 2948 quod,
1521 2871 1578 2916 ιιι
1616 2861 1729 2930 ipse

154 2971 234 3036 ait,
252 2988 280 3023 a
296 2967 481 3023 Gothis
502 2979 756 3029 eversum,
785 2956 1059 3016 Dalmatia:
1077 2957 1326 3029 quondam
1354 2955 1730 3023 Pannoniaque

154 3052 420 3130 conﬁnium
445 3057 548 3128 fuit
576 3053 720 3126 (Lib.
750 3053 814 3108 de
847 3051 959 3106 Vir.
992 3051 1148 3105 ιιιιω.
1167 3066 1281 3119 cap.
1312 3047 1454 3116 ult.),
1488 3054 1606 3101 ortu
1629 3060 1728 3100 suo

157 3151 467 3208 nobilitavit.
505 3148 617 3205 Sed
644 3147 784 3202 hanc
813 3144 1049 3212 laudem,
1092 3142 1327 3214 pristinis
1355 3141 1456 3196 loci
1487 3138 1726 3210 vestigiis

149 3239 243 3312 jam
267 3253 380 3298 tum
413 3233 482 3298 ab
510 3240 656 3295 illius
685 3253 801 3294 navo
822 3235 934 3292 fere
953 3226 1165 3300 deletis,
1199 3228 1378 3305 plures
1411 3230 1568 3287 hodie
1589 3230 1723 3285 civi-

155 3342 274 3390 tates
317 3341 464 3399 sunt,
514 3331 850 3400 diversaeque
891 3327 1200 3400 provinciae,
1245 3341 1365 3398 qua:
1407 3325 1508 3381 sibi
1550 3323 1726 3379 vindi-

153 3435 280 3481 cent.
310 3423 761 3481 Concertationes
790 3433 1002 3491 quoque
1031 3417 1388 3474 recentiorum
1430 3415 1528 3470 hac
1564 3429 1726 3485 super

155 3520 271 3575 illud
322 3517 599 3574 Dalmatia:
644 3508 958 3570 adscribunt
1005 3530 1018 3568 :
1059 3519 1113 3568 et
1167 3510 1466 3564 Dahnatam
1507 3508 1722 3578 quidem

156 3610 528 3683 Hieronymum
571 3608 707 3664 dixit
758 3621 956 3677 suppar
1003 3601 1082 3660 illi
1133 3603 1375 3672 Scriptor
1430 3599 1719 3656 Palladius.

156 3702 313 3776 Vulgo
337 3705 523 3771 etiam,
550 3717 619 3758 ne
649 3699 936 3757 recitandis
966 3689 1258 3752 Auctorum
1293 3693 1598 3750 nominibus
1625 3693 1727 3746 im-

155 3811 436 3860 morentur,
469 3793 736 3850 sententia
781 3793 880 3846 ista
916 3790 1142 3855 obtinet,
1187 3797 1242 3844 et
1282 3787 1457 3858 magni
1493 3784 1726 3840 nominis

159 3887 356 3940 testium
381 3885 566 3940 nititur
594 3882 931 3938 auctoritate.
964 3878 1072 3934 Sed
1101 3877 1327 3946 primum
1359 3876 1473 3945 ipse
1499 3889 1559 3929 se
1586 3888 1726 3927 nun-

157 3993 300 4046 quam
331 3977 628 4032 Dalmatam
656 3976 716 4031 S.
749 3975 907 4030 Pater
931 3979 1104 4026 vocat.
1137 3969 1272 4037 Quin
1298 3968 1474 4038 potius
1500 3966 1603 4020 alio
1631 3979 1728 4018 na-

161 4076 251 4123 tum
278 4070 384 4125 sub
408 4069 548 4124 caelo
594 4067 815 4132 indicat,
857 4079 978 4120 cum
1009 4061 1155 4127 alibi,
1205 4069 1314 4115 tum
1349 4057 1570 4112 inferius
1608 4055 1726 4110 lau-

159 4157 318 4216 dando
349 4160 662 4216 teStimonio
701 4160 754 4213 in
785 4156 1073 4227 Sophonite
1121 4162 1284 4224 caput
1323 4153 1572 4223 primum.
1610 4148 1728 4204 Non

161 4261 227 4306 est
250 4253 444 4310 deinde
481 4253 661 4308 locum
704 4251 946 4308 invenire
977 4250 1029 4304 in
1079 4245 1351 4302 Dalmatia:
1392 4243 1606 4308 ﬁnibus,
1637 4241 1728 4313 qui

163 4346 234 4399 vel
260 4345 494 4402 nominis
530 4344 902 4405 similitudine,
947 4342 1031 4396 vel
1074 4350 1233 4395 terra:
1277 4339 1405 4403 situ,
1449 4339 1724 4408 antiquam

162 4432 445 4492 Stridouem
469 4436 671 4492 referre
689 4433 972 4491 commode
992 4432 1250 4488 videatur.
1273 4429 1382 4485 Nec
1395 4444 1521 4484 vero
1543 4442 1731 4498 quem-

164 4529 278 4594 piam
307 4529 377 4585 de
409 4530 627 4584 nomine
653 4528 890 4598 assignat
927 4525 1143 4590 Lucius,
1184 4536 1407 4593 magnus
1447 4519 1728 4576 sententia:

163 4621 258 4686 ejus
283 4621 500 4685 vindex,
529 4629 586 4676 et
626 4633 863 4688 nuperos
905 4632 1082 4672 rerum
1124 4615 1528 4669 Dalmaticarum
1562 4613 1727 4666 histov

165 4712 322 4779 ricns;
357 4715 447 4784 qui
491 4722 676 4768 autem
713 4710 938 4768 Sidron'a
990 4707 1261 4764 Ptolemaei
1321 4707 1424 4760 huc
1465 4705 1725 4770 referunt,

165 4819 297 4871 quam
326 4808 484 4876 longe
508 4807 579 4862 ab
607 4806 753 4860 omni
779 4804 886 4858 veri
926 4803 1105 4873 specie
1148 4801 1419 4864 aberrent,
1452 4813 1597 4864 mox,
1633 4795 1724 4852 ubi

167 4896 218 4950 de
237 4898 480 4955 Liburnia
508 4899 773 4961 dicemus,
807 4897 1022 4967 planum
1055 4893 1178 4949 erit.

223 4990 314 5044 Alii
342 4991 636 5046 Pannonia:
667 4987 868 5042 malunt
899 4984 1131 5041 adtribui
1159 5000 1174 5048 ;
1210 4998 1330 5038 nam
1377 4993 1428 5036 et
1457 4981 1508 5035 in
1554 4979 1727 5034 Niceno

167 5082 233 5132 nis
255 5079 737 5151 snbscriptionibus
765 5077 997 5132 Domnus
1023 5074 1238 5146 quidam
1283 5072 1630 5128 Stridonensis
1666 5084 1731 5124 ex

171 5171 414 5226 Pannonia
458 5171 751 5241 Episcopus
795 5168 1118 5231 nominatur,
1164 5164 1308 5219 etab
1335 5178 1422 5229 eo,
1465 5163 1553 5233 qui
1598 5175 1728 5232 pro-

170 5263 288 5320 xime
322 5265 584 5338 prmcedit
617 5263 712 5331 ibi,
757 5263 1021 5333 Episcopo
1062 5257 1338 5314 Dalmatiae
1366 5254 1727 5325 distinguitur.

171 5350 224 5406 El
240 5373 536 5430 quanquam
585 5353 1152 5425 subseriptionesillm,
1181 5365 1306 5405 num
1347 5346 1728 5410 siutNicaznm,

171 5457 226 5498 an
251 5448 394 5504 alteri
433 5446 706 5520 sequioris
732 5447 992 5514 temporis
1027 5441 1244 5515 Synodo
1287 5438 1603 5504 tribuendas,
1645 5437 1730 5492 di-

172 5550 412 5607 sputatum
438 5553 526 5600 est
550 5560 565 5608 ;
590 5541 937 5596 nihilominus
961 5537 1268 5594 Stridunem
1288 5532 1576 5591 Pannonias
1601 5531 1730 5587 olim

173 5635 492 5703 accensitam,
537 5633 670 5689 satis
715 5631 1055 5703 persuadent.
1093 5630 1200 5684 Nec
1245 5644 1340 5700 par
1366 5627 1588 5685 credere
1627 5635 1727 5691 est,

174 5724 292 5789 quod
319 5734 562 5782 autumat
599 5724 792 5780 doetus
827 5723 926 5789 vir,
965 5722 1127 5778 fuisse
1165 5719 1502 5792 postmodum
1542 5734 1574 5774 e
1603 5715 1730 5772 Dal-

175 5815 310 5872 matia
351 5819 403 5874 in
432 5818 726 5877 Pannoniae
772 5831 992 5872 censum
1025 5815 1352 5882 translatam,
1385 5827 1503 5868 cum
1541 5809 1727 5864 Eccle-

633 5909 697 5972 S.
742 5911 1133 5972 HIERONYML
1182 5908 1228 5967 Ι.

1844 2409 2070 2463 siasticre
2120 2409 2404 2480 provincia:
2441 2412 2723 2468 vetustiori
2763 2414 3036 2484 partitioni
3078 2418 3272 2489 smpins
3317 2422 3416 2476 ad-

1843 2499 2096 2554 hmrcant.
2153 2499 2481 2555 Pannonium
2509 2518 2719 2574 quoque
2757 2518 2816 2559 se
2863 2504 2977 2576 ipse
3022 2507 3318 2565 subiudicat
3359 2514 3417 2569 S.

1839 2589 2032 2655 Pater,
2099 2590 2186 2646 ubi
2243 2589 2472 2647 Patriam
2531 2608 2679 2649 suam
2745 2598 3040 2654 rusticitatis
3090 2605 3414 2661 vernaculam

1840 2681 2030 2754 (Epist.
2070 2682 2198 2756 VII)
2229 2694 2403 2751 vocat,
2431 2694 2484 2741 et
2522 2687 2852 2744 Castrucium
2880 2702 3116 2749 veterem
3157 2698 3386 2754 amicum

1835 2771 2057 2828 fortasse
2071 2783 2125 2830 et
2144 2785 2574 2843 conterranenm,
2598 2775 2919 2835 Pannonium
2940 2785 3211 2854 hominem,
3239 2789 3294 2842 id
3319 2802 3392 2845 est

1833 2871 2082 2918 terrenum
2122 2867 2313 2920 animal
2349 2866 2478 2938 (Ep.
2525 2859 2622 2922 LX
2640 2867 2800 2942 VII!)
2849 2873 3114 2942 appellat;
3161 2892 3266 2948 quo
3305 2895 3412 2936 non

1833 2949 2041 3011 videtur
2068 2955 2296 3014 dicteria
2322 2957 2486 3016 fuisse
2507 2960 2734 3017 amicum
2765 2963 3077 3034 petiturum,
3103 2967 3202 3023 nisi
3232 2979 3286 3026 et
3313 2973 3416 3027 sibi

1833 3046 1960 3102 illud
1991 3063 2273 3106 commune
2304 3065 2372 3106 ex
2417 3054 2590 3121 gentis
2635 3054 2848 3124 ingenio
2886 3055 3093 3112 fuisset.
3135 3058 3238 3115 Sed
3272 3063 3414 3130 quod

1829 3140 1978 3195 aiunt
2004 3141 2094 3212 qui
2133 3142 2199 3197 ab
2223 3142 2320 3198 hac
2349 3153 2496 3214 parte.
2526 3153 2688 3210 stant,
2726 3145 3033 3203 Stridouem
3079 3165 3196 3204 eam
3241 3149 3408 3209 fuisse

1829 3233 1894 3288 ad
1925 3233 2127 3289 Muram
2152 3234 2390 3302 ﬂuvium,
2418 3237 2550 3292 alias
2568 3236 2618 3291 in
2638 3237 2911 3293 Pannonia
2939 3239 3223 3308 superiori,
3253 3241 3412 3300 hodie

1831 3327 1882 3382 in
1909 3327 2067 3384 Stiria
2105 3327 2222 3383 XV.
2252 3328 2396 3384 mille
2428 3329 2672 3400 passibus
2716 3329 2853 3386 infra
2900 3330 3317 3406 liakeltbnrgum
3360 3337 3412 3392 itt

1831 3417 2054 3486 Eurum,
2085 3434 2273 3475 versus
2309 3415 2642 3476 conﬂuentes
2688 3419 2850 3476 Μαι-ω
2894 3421 2946 3476 in
2989 3423 3236 3485 Dravtnn,
3275 3426 3410 3494 sive,

1829 3509 1968 3580 quod
2000 3525 2066 3564 eo
2112 3518 2284 3566 tamen
2316 3510 2524 3575 recidit,
2577 3527 2743 3583 prope
2779 3527 2956 3568 arcem
2994 3512 3132 3569 Csan
3177 3515 3410 3588 Turnga.

1830 3613 1929 3653 nec
1955 3599 2054 3654 nisi
2084 3601 2185 3655 diei
2225 3602 2416 3656 itinere
2453 3601 2737 3656 distantem
2769 3618 2798 3656 a
2830 3604 3073 3668 Sabaria,
3112 3605 3256 3676 quod
3300 3609 3414 3662 nuti

1832 3691 2060 3746 nominis
2088 3691 2138 3746 in
2169 3683 2432 3762 Hungaria
2459 3704 2538 3747 est
2579 3695 2836 3765 oppidum
2869 3712 2882 3748 :
2917 3696 2992 3761 hi,
3021 3697 3258 3768 inquam,
3295 3715 3411 3756 rem

1830 3777 2015 3836 dicunt
2053 3782 2445 3837 incredibilem.
2476 3783 2540 3837 Et
2569 3785 2831 3855 siquidem
2876 3787 3053 3842 nullus
3090 3789 3225 3844 alius
3264 3791 3414 3846 locus

1831 3883 1932 3936 est,
1965 3873 2050 3928 cui
2091 3875 2297 3944 possint
2340 3874 2772 3946 llieronymianm
2817 3878 3002 3946 patria:
3039 3888 3222 3949 partes
3262 3882 3415 3949 adju-

1832 3962 2035 4028 dieare,
2059 3963 2157 4033 ipsi
2188 3964 2328 4034 quod
2358 3977 2764 4035 proposuerant,
2799 3967 2958 4037 plane
2987 3968 3284 4024 destruunt.
3321 3972 3417 4026 Est

1833 4055 1977 4108 enim
2007 4053 2154 4109 locus
2182 4055 2270 4111 ille
2298 4055 2349 4110 in
2383 4055 2556 4111 media
2585 4054 2698 4112 fere
2726 4057 3016 4125 Pannonia,
3045 4074 3149 4114 non
3190 4061 3256 4116 ad
3297 4063 3413 4130 ejus

1833 4137 2031 4201 limites
2060 4163 2073 4199 :
2107 4162 2204 4202 nec
2236 4149 2405 4218 potuit
2433 4163 2686 4219 unquam,
2725 4148 2868 4220 quod
2909 4150 2984 4205 ait
3035 4150 3410 4226 Hieronymus,

1835 4237 1999 4292 fuisse
2027 4239 2298 4294 Dalmatia:
2325 4239 2583 4309 confinis;
2621 4252 2780 4314 atquc
2807 4242 2943 4299 adeo
2973 4244 3064 4299 illa
3091 4246 3208 4316 ejus
3239 4249 3409 4318 patria

1832 4330 2051 4386 omnino
2081 4347 2186 4387 non
2213 4330 2333 4388 fuit.

1905 4423 2126 4494 Propius
2171 4424 2236 4479 ad
2273 4441 2456 4481 verum
2485 4425 2661 4482 dicere
2690 4427 2790 4482 visi
2832 4437 2978 4494 sunt,
3008 4431 3097 4498 qui
3132 4433 3182 4485 in
3210 4432 3413 4488 Libur-

1833 4517 1918 4571 nia
1947 4533 2063 4572 eam
2099 4519 2401 4584 collocant;
2441 4529 2557 4574 erat
2593 4521 2737 4575 enim
2780 4537 2840 4575 ea
2881 4523 3149 4591 provincia
3195 4525 3406 4580 Panno-

1834 4607 1936 4664 nia:
1963 4619 2016 4664 et
2043 4610 2317 4665 Dalmatia:
2345 4612 2696 4679 contermina,
2729 4613 2878 4668 etab
2922 4614 3020 4668 hac
3057 4616 3271 4685 quidem
3311 4621 3410 4676 Be-

1837 4701 1938 4756 biis
1974 4701 2241 4756 Montibus
2280 4717 2310 4755 a
2351 4703 2615 4757 Strabone
2657 4705 2986 4769 memoratis,
3019 4707 3087 4762 ab
3117 4707 3200 4762 illa
3231 4721 3409 4766 autem

1835 4791 2020 4847 Thisio
2066 4792 2282 4847 ﬂumine
2331 4794 2700 4864 separabatur.
2751 4795 2916 4851 Porro
2973 4797 3043 4853 ibi
3090 4798 3413 4860 Ptolemaeus

1838 4879 1972 4953 (Lib.
2009 4881 2088 4937 11.
2122 4901 2170 4937 c.
2205 4885 2292 4955 l7)
2333 4889 2703 4956 cognominem
2753 4887 2860 4942 fere
2901 4889 3085 4944 urbem
3126 4890 3411 4950 Stdrouam

1837 4971 1979 5030 inter
2013 4976 2428 5031 mediterraneas
2472 4989 2733 5039 recenset,
2774 4978 2971 5050 datque
3012 4981 3300 5051 Lihurniar,
3343 4988 3415 5044 ita

1837 5075 2014 5122 tamen
2061 5077 2115 5121 ut
2162 5067 2213 5122 in
2263 5067 2484 5124 limitem
2536 5069 2804 5124 Dalmatia:
2845 5070 3059 5135 incidat,
3125 5074 3285 5143 paulo
3323 5092 3417 5131 sn-

1839 5174 1931 5229 pra
1961 5158 2084 5212 Titii
2105 5159 2276 5216 amnis
2304 5160 2496 5226 fontes,
2523 5161 2610 5230 qui
2641 5163 2944 5217 Liburniam
2973 5165 3107 5220 linit.
3133 5162 3288 5224 Salva
3315 5169 3415 5226 hoc

1838 5250 2054 5307 invento
2083 5251 2193 5306 visa
2237 5267 2323 5308 res
2362 5260 2485 5307 est:
2520 5267 2640 5307 nam
2671 5254 2770 5308 etsi
2813 5254 3164 5322 Pannoniam,
3206 5259 3419 5314 Dalma-

1841 5343 2096 5415 tiamque,
2131 5359 2238 5400 non
2263 5351 2449 5400 autem
2472 5345 2780 5401 Liburniam
2822 5347 3179 5421 Hieronymus
3205 5366 3417 5406 memo-

1839 5443 1942 5498 rat,
1970 5435 2140 5503 potuit
2179 5434 2295 5506 ejus
2323 5451 2460 5501 aevo,
2502 5436 2719 5491 mutatis
2754 5436 2981 5493 subinde
3018 5439 3415 5510 provinciarum

1841 5525 2057 5592 ﬁnibus,
2101 5527 2228 5584 urbs
2268 5529 2356 5584 illa
2401 5543 2468 5585 ex
2514 5527 2768 5584 Liburnia
2813 5528 2868 5583 in
2920 5530 3254 5592 Dalmatiam,
3301 5528 3418 5586 sive

1840 5619 2169 5676 Pannoniam
2201 5619 2537 5691 immigrasse
2564 5637 2579 5676 :
2606 5619 2716 5675 imo
2742 5627 2791 5673 et
2824 5622 2977 5687 satis,
3007 5630 3065 5674 ut
3087 5617 3281 5678 sentio,
3310 5629 3417 5688 est,

1841 5711 1888 5767 si
1911 5721 2188 5784 utramque
2221 5710 2549 5783 provinciam
2575 5709 2751 5766 neutri
2772 5709 2883 5778 ipsa
2910 5710 3197 5778 adscripta,
3231 5712 3421 5765 termio

1842 5814 2012 5860 naret.
2043 5802 2222 5860 Multis
2251 5803 2429 5873 itaque
2451 5802 2566 5858 haec
2592 5797 2857 5858 sententia
2885 5799 3174 5868 persuasit,
3205 5802 3420 5858 tametsi

2935 5888 3140 5966 (Unc.)
