4004 6328
539 407 575 461 7
1819 392 1874 448 s.
1920 390 2293 477 tttnnoxvut
2338 392 2518 448 virs.
3786 393 3823 451 tl

544 520 771 576 invicem
803 514 884 570 vel
916 528 1011 584 pro
1045 504 1353 576 l’annonim,
1400 507 1485 563 vel
1524 522 1618 578 pro
1663 506 1941 562 Dalmatia:
1968 506 2125 560 laude

543 607 873 665 certantibus
900 622 915 661 :
945 612 998 658 et
1028 604 1118 658 diu
1143 612 1244 666 est,
1272 600 1412 672 quod
1444 601 1721 655 meliorem
1746 598 1926 653 Critici
1952 599 2126 667 magni

542 700 778 757 nominis
803 686 1056 768 amplecti
1085 694 1353 751 nesciunt.
1377 693 1447 747 At
1476 702 1603 747 vero
1635 691 1855 746 nimium
1890 686 1976 744 illa
2014 686 2126 745 dis-

544 796 646 850 sita
686 804 769 851 est
806 793 994 850 civitas
1025 791 1093 848 ab
1120 800 1189 848 eo‘
1224 799 1387 847 terrm
1413 792 1605 855 tractu,
1635 794 1797 860 quem‘
1832 796 2031 850 rerum,
2072 792 2128 840 et

542 888 668 940 vita:
694 880 1129 958 llieronymiante
1157 882 1328 938 series
1354 880 1621 952 signiﬁcat
1653 897 1667 934 :
1700 894 1875 949 neque
1905 889 1985 932 est
2029 892 2121 932 ve-

548 976 787 1031 rosimilc
836 975 1049 1047 longius
1081 982 1206 1029 eum
1230 973 1303 1029 ab
1326 979 1397 1029 eo
1435 972 1555 1028 Snio
1589 980 1768 1026 ortum
1796 970 2034 1035 (lusisse,
2074 969 2125 1022 in

548 1083 655 1139 quo
695 1074 917 1139 apparet
957 1066 1241 1138 piteruhtm
1278 1065 1476 1136 egisse,
1517 1064 1571 1119 et
1617 1074 1647 1116 a
1689 1061 1875 1133 primis
1903 1055 2128 1115 nucibus

542 1162 789 1232 juuxisse
812 1162 1095 1217 amicitias.
1137 1160 1410 1225 Tractum,
1442 1159 1681 1229 inquam,
1723 1157 1811 1228 qui
1841 1157 2129 1213 {Emodam

546 1255 688 1309 inter
731 1262 787 1309 et
836 1252 1135 1323 Aquileiam
1163 1250 1460 1322 interiacet,
1500 1252 1613 1306 sive
1643 1251 1697 1305 in
1726 1264 1911 1304 earum
1938 1236 2130 1303 vicinia

546 1356 653 1413 est,
681 1362 709 1400 a
737 1361 843 1415 quo
871 1345 1098 1401 Sidrona
1126 1343 1399 1399 Ptolennei
1436 1352 1545 1398 tota
1584 1344 1721 1412 ipsa,
1767 1341 1820 1395 in
1857 1339 2011 1410 cujus
2036 1353 2132 1408 op-

547 1438 724 1507 posito
740 1444 823 1493 est
848 1437 1034 1503 limite,
1055 1436 1306 1493 Liburnia
1330 1433 1644 1491 intermedia
1665 1433 1936 1505 provincia
1959 1432 2024 1487 ab
2047 1439 2128 1485 “st.

550 1528 756 1584 Deinde
780 1528 1054 1595 Liburnia,
1079 1536 1137 1582 nt
1164 1537 1219 1582 et
1246 1525 1501 1582 Dalmatia
1535 1525 1746 1596 lllyrico
1779 1522 2131 1579 contineban-

553 1630 676 1685 tur;
723 1616 876 1689 cujus
906 1617 1026 1672 dua:
1070 1617 1233 1672 veluti
1287 1626 1463 1686 partes
1510 1625 1700 1681 erant;
1738 1622 1795 1670 et.
1830 1625 2133 1685 quanquam

550 1720 693 1764 totus
722 1709 812 1765 ille
839 1717 1038 1765 tractus
1067 1708 1325 1763 Dalmatia
1352 1708 1509 1763 etiam
1540 1706 1715 1767 dictus
1741 1704 2135 1776 aliquandoest

551 1817 648 1872 pro
676 1802 906 1875 Illyrico.
937 1800 1191 1857 Liburnia
1221 1814 1489 1872 nunquam
1531 1799 1629 1855 nisi
1672 1816 1766 1870 pro
1799 1797 2013 1870 Illyrici,
2044 1804 2136 1851 aut.

562 1893 601 1947 si
635 1893 823 1959 mavis,
869 1892 1142 1961 Dalmatia:
1188 1901 1337 1961 parte
1367 1890 1697 1961 intelligitur.
1746 1888 1996 1946 Testatur
2038 1904 2133 1942 au-

561 2003 661 2044 tem
709 1988 822 2056 ipse
868 1986 1141 2056 conceptis
1178 1984 1357 2041 verbis
1406 1984 1463 2038 S.
1515 1983 1693 2050 Pater,
1736 1983 1788 2037 in
1831 1982 1939 2036 alio
1978 1994 2038 2036 se
2070 1980 2139 2034 ab

559 2079 753 2149 Illyrici
784 2079 899 2133 solo
930 2089 1108 2132 natum
1143 2096 1155 2130 :
1183 2074 1370 2143 Testis,
1403 2078 1645 2146 inquiens
1672 2075 1723 2129 in
1756 2073 2133 2143 Solihonxap.

555 2169 595 2223 l.
614 2184 755 2224 vers.
774 2168 828 2222 ‘2.
850 2168 874 2221 Ι
884 2168 1089 2240 llyn'nm
1107 2177 1198 2234 est,
1216 2170 1352 2223 testis
1375 2167 1615 2233 Thracia,
1639 2166 1794 2231 testis,
1817 2167 1869 2219 in
1881 2181 1978 2234 quo
1996 2175 2138 2218 ortus

554 2279 665 2315 smn
682 2262 1037 2332 solumJgitur
1050 2260 1336 2326 Liburniat,
1356 2277 1473 2330 qute
1492 2257 1701 2330 Illyrico
1719 2256 2140 2326 comprehende-

557 2353 735 2420 batur,
759 2359 914 2407 natus
932 2366 1036 2407 non
1054 2360 1137 2407 est
1158 2368 1172 2405 :
1201 2351 1418 2406 omnino
1433 2363 1610 2405 autem
1634 2366 1739 2404 non
1757 2349 1997 2405 Sidronte
2014 2347 2139 2402 Pto-

557 2443 756 2510 lemai,
808 2454 927 2515 qua:
974 2442 1279 2499 Liburniam
1332 2442 1398 2497 ad
1426 2441 1687 2496 orientem
1722 2442 1855 2507 linit,
1907 2454 1969 2495 ac
1990 2439 2138 2509 juxta

559 2536 733 2605 ipsum
774 2534 1119 2590 Ptolemmum
1168 2534 1279 2607 (qui
1331 2532 1524 2606 lllyrici
1580 2533 1714 2589 lines
1762 2533 1830 2588 ab
1874 2532 2025 2587 lstria
2066 2530 2133 2584 ad

559 2626 819 2682 Seardum‘
850 2630 1018 2698 usque
1049 2636 1285 2682 montem
1312 2635 1364 2680 et
1390 2627 1721 2695 superiorem
1749 2624 1985 2680 Mmsiam
2019 2639 2143 2695 pro-

559 2717 730 2790 ducit)
757 2717 934 2773 medio
961 2718 1130 2774 ferme
1153 2717 1370 2790 Illyrico
1394 2733 1423 2771 a
1453 2726 1603 2787 tergo
1631 2716 1854 2787 adjacet.

632 2811 702 2865 At
726 2810 1001 2880 quoniam,
1035 2810 1263 2880 inquies,
1293 2808 1525 2880 denique
1561 2808 1680 2863 loco
1727 2807 1900 2863 natale
1940 2807 1997 2861 S.
2045 2806 2144 2863 Pa-

561 2903 658 2957 tris
687 2902 881 2969 solum,
904 2912 959 2957 et
982 2887 1121 2971 apud
1144 2916 1277 2973 quas
1293 2910 1480 2973 gentes
1510 2895 1985 2970 investigabimns?
2009 2899 2141 2971 Ego.

560 2997 606 3047 Si
638 3007 796 3063 quam
826 2992 955 3048 olim
1003 2992 1279 3059 Erasmus,
1323 2998 1516 3047 etnon
1560 2990 1629 3045 ita
1680 2987 1883 3060 pridem
1927 2988 2140 3058 Lucius,

562 3084 877 3154 praeposteri
928 3082 1088 3139 studii
1135 3092 1192 3139 ct
1234 3078 1453 3139 aﬁ‘cctus
1496 3094 1682 3153 parum
1722 3081 1866 3152 digni
1892 3082 2145 3153 gravibus

564 3175 697 3229 viris
749 3174 1143 3238 insimularunt,
1192 3173 1514 3229 sententiam
1559 3171 1820 3243 replicare
1874 3173 2034 3239 licet,
2094 3172 2145 3227 in

564 3267 739 3332 istria,
762 3279 923 3338 atque
947 3282 1009 3322 ea
1038 3267 1199 3321 italia:
1223 3265 1436 3336 quidem
1463 3276 1685 3333 nostrae,
1711 3280 1831 3321 cum
1868 3265 2026 3336 longe
2051 3264 2148 3321 do-

564 3361 818 3416 ctissimis
858 3360 1243 3431 Scriptoribus,
1287 3375 1317 3415 c
1346 3375 1572 3431 quorum
1616 3372 1839 3415 numero
1875 3368 1957 3415 est
1998 3358 2145 3415 Tho-

567 3467 683 3507 mas
731 3450 1152 3507 Archidiaconus
1203 3451 1569 3523 Spalatensis,
1623 3451 1716 3523 qui
1758 3450 1909 3509 initio
1954 3450 2147 3507 Stccull

570 3543 708 3601 Xlll.
747 3545 897 3611 vixit,
929 3543 1191 3610 Blondus,
1220 3553 1277 3599 et
1314 3542 1582 3599 Mai-ianus
1620 3541 1905 3610 Victorius,
1944 3544 2147 3600 consti-

567 3636 643 3691 tui
669 3636 871 3692 malim.
900 3635 1183 3708 Sdrignam
1217 3650 1357 3690 nunc
1384 3643 1597 3699 vocant,
1626 3636 1738 3691 sive
1777 3634 1961 3702 Sdrin,
1997 3635 2149 3705 oppi-

565 3725 749 3781 dulum
778 3726 830 3781 in
858 3726 1173 3797 Tergesuna
1200 3722 1444 3789 dimcesi,
1476 3724 1614 3780 inter
1642 3724 1853 3780 Petram
1896 3724 2144 3795 pilosam,

568 3821 842 3877 Portulam
870 3832 924 3877 et
967 3820 1297 3877 Primontem
1324 3819 1485 3874 situm
1516 3819 1600 3874 vix
1632 3817 1867 3873 millibus
1897 3832 2148 3888 passuum

570 3912 683 3970 XL.
712 3912 865 3968 distat
889 3928 915 3969 s
941 3910 1008 3968 ab
1036 3912 1298 3984 Aquileia.
1328 3910 1385 3967 1d
1427 3914 1538 3982 ipse
1565 3910 1719 3966 nobis
1749 3910 1893 3966 visus
1922 3919 2005 3966 est
2034 3926 2149 3965 ma-

567 4004 770 4062 nifesto
799 4004 1035 4060 indicare
1081 4003 1439 4076 Hieronymus
1485 4004 1602 4059 loco
1644 4002 1888 4073 superius
1915 4001 2148 4069 laudato,

570 4099 617 4152 si
651 4105 882 4151 mentem
922 4096 1039 4165 ejus
1077 4105 1223 4151 recte
1268 4094 1625 4165 percepimus.
1666 4093 1821 4162 Quod
1866 4093 2008 4148 enim
2052 4094 2150 4160 ait,

569 4203 688 4241 eam
720 4187 988 4242 civitatem
1017 4186 1180 4241 fuisse
1219 4185 1476 4256 quondam
1514 4185 1791 4240 Dalmatiae
1829 4182 2151 4239 Pannouite.

569 4292 674 4347 que
700 4276 1010 4342 confinium,
1041 4284 1277 4355 veterem
1304 4290 1364 4331 se
1393 4275 1706 4330 memoriam
1747 4283 2011 4344 repetere,
2043 4286 2152 4328 non

572 4368 655 4422 sui
688 4367 964 4436 temporis,
1011 4367 1279 4433 ostendit;
1319 4376 1372 4422 et
1405 4366 1546 4437 quod
1579 4366 1711 4421 duas
1745 4366 1982 4421 confines
2024 4380 2151 4435 pro-

571 4460 777 4514 vinctas
830 4466 1109 4522 memorat,
1172 4459 1347 4514 locum
1399 4454 1708 4513 arbitrando
1759 4457 1917 4523 facit,
1979 4457 2153 4513 neutri

571 4550 737 4605 fuisse
766 4564 882 4605 eam
922 4550 1134 4620 proprie
1158 4548 1448 4605 addictam.
1482 4546 1650 4602 Porro
1678 4547 1993 4602 Dalmatiam
2024 4546 2153 4602 olim

571 4641 640 4697 ad
667 4641 836 4697 lstria:
856 4658 1027 4714 usque
1070 4643 1292 4698 limitem
1338 4639 1640 4712 pertigisse,
1669 4656 1734 4696 ex
1761 4642 1995 4711 antiquis
2015 4644 2151 4699 Geo-

572 4733 789 4802 grapbis
819 4734 1108 4805 intelligas,
1137 4744 1297 4806 atque
1344 4734 1425 4790 his
1465 4735 1719 4798 maxime,
1752 4735 1842 4805 qui
1890 4751 2007 4789 eam
2056 4736 2155 4791 sub

574 4823 773 4887 Illyrici
815 4824 1076 4879 vocabulo
1118 4823 1449 4892 describunt,
1487 4835 1542 4879 ut
1585 4841 1684 4882 nec
1727 4825 2040 4882 Dalmatiam
2087 4826 2155 4884 de

572 4929 789 4969 nomine
814 4929 1046 4985 unquam
1071 4925 1283 4981 vocent,
1306 4930 1424 4970 cum
1456 4917 1642 4987 primis
1672 4916 1966 4988 Pomponio
1993 4916 2150 4988 Mela,

573 5004 809 5076 Seymno
836 5002 990 5071 Chio,
1023 5005 1249 5078 Scylace
1285 5015 1446 5077 atque
1478 5005 1623 5062 aliis.
1664 5006 1769 5063 Sed
1814 5024 1990 5079 neque
2042 5010 2155 5080 ipse

573 5096 831 5151 diflitetur
854 5095 1054 5151 dudum
1095 5096 1339 5154 laudatus
1363 5096 1579 5165 Lucius,
1611 5113 1731 5154 cum
1770 5099 1932 5170 erepit
1962 5100 2152 5173 Illyrici

574 5187 830 5243 maritimi
871 5203 1067 5244 nomen
1096 5188 1456 5264 obsolescere,
1495 5206 1694 5262 proque
1732 5192 1849 5262 ejus
1882 5188 2155 5246 Delmatia:

570 5282 888 5337 vocabulum
913 5282 1258 5354 frequentari,
1288 5281 1427 5339 hanc
1453 5298 1558 5340 non
1587 5285 1760 5339 solum
1785 5293 1996 5340 veteres
2026 5294 2153 5340 suos

571 5374 852 5440 terminos,
884 5375 979 5430 sed
1009 5375 1285 5430 finitimam
1315 5392 1529 5451 quoque
1558 5374 1866 5432 Liburniam
1900 5388 2152 5446 compre-

572 5463 842 5521 hendisse.
873 5462 1174 5522 Conlinium
1206 5462 1337 5523 illud
1366 5469 1544 5539 itaque
1576 5467 1871 5535 Dalmatite,
1904 5466 1970 5522 ad
2011 5463 2153 5535 quod

568 5564 722 5610 notat
750 5554 809 5611 S.
839 5554 998 5613 Pater
1022 5561 1248 5629 positam
1278 5561 1503 5630 patriam
1548 5575 1696 5614 suam
1732 5552 2062 5623 S'tridonem,
2096 5557 2151 5612 in

567 5654 812 5703 extremo
850 5648 1120 5706 Liburnia
1149 5650 1215 5707 ad
1254 5650 1513 5708 Occasum
1552 5651 1721 5707 limite
1749 5650 1970 5705 omnino
2005 5664 2150 5718 qna:-

569 5738 794 5794 rendum
835 5751 937 5797 est.
969 5741 1050 5798 Eo
1076 5742 1325 5799 nimirum
1363 5739 1496 5800 ﬁnes
1522 5740 1810 5799 Pattnonia:
1835 5738 2146 5809 superioris,

571 5846 689 5902 qtae
715 5835 909 5894 exinde
927 5834 994 5893 ad
1014 5839 1435 5910 septentrionem
1463 5836 1650 5908 vergit,
1677 5834 1971 5890 incurrunt.
1993 5827 2147 5886 lstria

2235 521 2394 576 porro
2419 506 2751 563 contermina
2778 508 2991 581 utrique
3031 508 3236 582 regioni
3278 518 3361 566 est
3405 528 3417 565 :
3459 518 3622 582 atque
3655 510 3817 584 hujus

2232 595 2448 667 quidem
2481 596 2631 652 initio
2662 615 2850 654 versus
2872 600 3064 655 (ieram
3105 610 3341 656 montem
3377 600 3460 672 (ut
3483 615 3580 655 sua
3625 602 3706 657 his
3732 618 3816 658 ra-

2233 689 2308 742 tio
2332 695 2564 754 constet,
2595 705 2715 762 qum
2756 691 2825 747 de
2866 693 3192 762 perobscuro
3236 693 3331 748 illo
3372 693 3647 750 Dalmatia:
3686 697 3815 751 olim

2233 781 2629 853 Pannoniusque
2656 778 2910 852 confinio,
2956 785 3147 840 tradita
3166 766 3242 841 {ab
3269 800 3336 840 eo
3363 795 3504 850 sunt,
3535 802 3655 858 qua:
3683 788 3817 845 alias

2234 873 2474 940 minimc,
2504 883 2559 927 ut
2588 871 2844 930 hactenus
2873 884 3148 932 ostensum
3182 885 3284 943 est,
3314 877 3557 949 intelligi,
3596 888 3690 934 aut
3716 897 3811 935 (τις

2234 964 2419 1034 pulsuri
2448 968 2697 1038 possunt)
2723 966 3027 1023 Stridonem
3050 968 3327 1038 cannensi,
3348 977 3495 1025 recta
3524 972 3661 1026 ratio
3691 986 3810 1042 per-

2233 1057 2441 1112 Suadet.
2468 1053 2540 1112 ita
2564 1066 2618 1112 et
2651 1054 2955 1114 l‘ann‘on‘ius
2989 1067 3043 1115 et
3074 1048 3334 1124 Dalmata,
3372 1062 3551 1118 verius
3586 1061 3814 1118 fortasse

2233 1148 2395 1203 etiam
2422 1146 2603 1217 italus,
2632 1149 3061 1221 quandoquidem
3094 1149 3257 1207 italia:
3283 1150 3432 1206 istria
3454 1152 3563 1224 jam
3599 1153 3670 1208 ab
3706 1155 3813 1208 Au-

2235 1230 2417 1309 gusti,
2458 1226 2763 1310 Tiberiique
2822 1240 3149 1309 temporibus
3200 1241 3450 1297 attributa
3502 1252 3619 1308 est,
3661 1244 3812 1314 juxta

2237 1341 2471 1386 veterem
2511 1331 2828 1388 divisionem
2858 1333 3038 1389 vocari
3086 1338 3277 1404 potuit.
3317 1334 3501 1406 Nejue
3549 1338 3656 1391 ulla
3701 1338 3819 1394 hcic

2237 1438 2419 1479 earum
2443 1424 2802 1493 objectionum
2832 1426 3008 1481 locum
3049 1427 3230 1495 habet,
3271 1429 3465 1498 quibus
3498 1430 3618 1486 alia:
3657 1447 3816 1501 supe-

2237 1517 2348 1572 rius
2373 1519 2609 1573 recitata:
2636 1520 2918 1573 sentcntiae
2947 1517 3267 1574 refutantur.
3300 1521 3451 1589 Quod
3481 1534 3611 1578 vero
3641 1523 3818 1578 locum

2238 1621 2360 1662 eum
2388 1622 2508 1664 esse
2536 1606 2789 1678 diximus,
2840 1627 2998 1681 quem
3042 1610 3324 1684 Sdrigmmt
3359 1614 3458 1669 hac
3503 1623 3821 1685 tempestate

2237 1697 2535 1771 appellant,
2566 1702 2757 1770 partim
2803 1704 3156 1775 Antiquorum
3193 1704 3454 1774 opinioni,
3496 1707 3691 1777 partim
3723 1723 3820 1763 no-

2245 1791 2404 1846 minis
2429 1790 2611 1847 nescio
2636 1793 2721 1848 cui
2749 1793 3081 1849 similitudini
3102 1794 3322 1850 damus:
3351 1796 3581 1868 denique
3609 1809 3665 1854 et
3690 1814 3821 1869 prte-

2241 1883 2470 1955 vulgatze
2498 1884 2791 1941 inCoIarum
2820 1888 3111 1953 traditioni,
3142 1888 3233 1960 qui
3262 1905 3314 1944 ιιι
3352 1889 3510 1962 hujus
3549 1892 3629 1947 rei
3659 1891 3819 1947 fidunt

2242 1986 2643 2035 monumentum
2681 1979 2876 2035 ibidem
2919 1979 3142 2037 Eusebii
3186 1983 3354 2051 patris
3381 1998 3499 2038 cum
3539 1984 3824 2055 Epitaphio

2250 2070 2468 2126 laminis
2512 2068 2745 2127 insculto
2781 2080 3074 2128 ostentant.
3125 2072 3336 2145 Alioqui
3380 2075 3509 2130 satis
3554 2077 3824 2147 proposito

2244 2170 2428 2215 nostro
2450 2168 2551 2227 est,
2579 2162 2623 2217 si
2654 2162 2705 2217 in
2733 2178 2799 2218 eo
2831 2163 2997 2219 lstrite
3021 2173 3190 2220 tractu
3214 2165 3486 2220 locandam
3514 2166 3824 2239 Hieronymi

2242 2252 2468 2323 patriam
2496 2253 2777 2319 evicimus,
2810 2256 3023 2310 tametsi
3051 2256 3180 2323 alio,
3224 2256 3488 2328 nobisque
3517 2259 3703 2329 ignoto
3733 2275 3826 2315 no-

2244 2346 2385 2402 mine
2412 2344 2719 2416 oppidulum
2750 2346 2878 2401 illud
2897 2348 3008 2418 jam
3043 2357 3152 2402 tum
3178 2348 3247 2405 ab
3277 2349 3517 2419 ejusdem
3550 2349 3610 2406 S.
3651 2350 3829 2406 Patris

2243 2453 2359 2491 arvo
2386 2453 2415 2492 a
2445 2437 2633 2494 Gothis
2672 2454 2943 2506 eversum,
2989 2439 3151 2496 modo
3185 2450 3424 2497 vocetur.
3459 2441 3624 2498 Certe
3665 2442 3829 2515 (quod

2243 2532 2470 2586 alterum
2501 2543 2872 2603 argumentum
2898 2541 2984 2589 est
3024 2533 3078 2588 in
3109 2532 3246 2590 hanc
3280 2535 3421 2604 rem)
3461 2534 3603 2590 haud
3643 2535 3832 2606 procul

2244 2623 2313 2679 ab
2343 2623 2668 2694 Aquileiensi
2690 2639 2819 2696 agro
2856 2625 3146 2691 exstitisse,
3180 2626 3433 2696 pleraque
3461 2627 3641 2681 omnia
3680 2641 3832 2682 com-

2247 2716 2471 2785 probant
2499 2714 2620 2769 vita:
2661 2716 2780 2785 ejus
2809 2716 3080 2787 adjuncta,
3128 2717 3289 2787 inque
3331 2717 3549 2787 scriptis
3590 2717 3835 2773 testimo-

2248 2804 2352 2859 nia.
2386 2804 2656 2875 Ejusmodi
2686 2816 2770 2861 est
2800 2806 2929 2861 illud
2961 2806 3154 2879 (Epist.
3194 2805 3348 2879 VII),
3380 2807 3523 2876 quod
3567 2807 3836 2864 Chroma.

2251 2896 2344 2961 tio,
2396 2896 2629 2952 Eusebio
2676 2906 2731 2953 et
2780 2895 2973 2954 Jovino
3022 2898 3451 2970 Aquileiensibus
3499 2898 3840 2971 Presbyteris

2248 3003 2488 3044 sororem
2521 3004 2694 3056 suam,
2727 3007 2848 3062 qua:
2877 2990 3050 3048 bonos
3089 2992 3143 3047 in
3191 2992 3362 3064 patria
3401 2992 3523 3049 \‘lltc
3551 2995 3840 3066 magistros

2250 3098 2354 3137 non
2402 3078 2643 3151 haberet,
2674 3084 3040 3153 commendat,
3074 3096 3300 3157 eamQue
3343 3085 3539 3141 Juliani
3593 3086 3837 3151 Diaconi,

2249 3183 2303 3229 et
2344 3174 2583 3245 quidem,
2633 3185 2691 3232 ut
2741 3176 2792 3232 in
2840 3190 2971 3232 mss.
3023 3177 3174 3232 libris
3216 3176 3432 3242 dicitur,
3483 3178 3841 3245 Aquileiensis,

2250 3264 2477 3322 fructum
2502 3282 2721 3336 vocans,
2754 3280 2811 3323 ut
2835 3268 3041 3324 crebris
3071 3268 3313 3339 epistolis
3345 3269 3396 3323 in
3425 3281 3616 3325 sancto
3640 3286 3845 3342 propn-

2250 3360 2354 3415 sito
2382 3369 2705 3426 sustentent,
2734 3371 2788 3417 et
2829 3370 2886 3416 ut
2926 3362 3078 3417 etiam
3102 3377 3135 3415 α
3161 3359 3312 3432 Papa
3348 3359 3648 3433 Valeriano,
3677 3365 3848 3436 Aqul~

2252 3451 2453 3508 leiense
2483 3459 2607 3507 tunc
2647 3451 2933 3523 Episcopo,
2965 3452 3036 3506 ad
3079 3464 3191 3507 eam
3229 3453 3621 3526 confortandam
3650 3453 3846 3511 litteras

2250 3541 2541 3612 impetrent,
2570 3551 2746 3611 rogat.
2775 3542 2830 3598 Si
2859 3543 3066 3614 longius
3099 3543 3306 3611 aberat,
3339 3545 3446 3600 imo
3473 3545 3574 3600 nisi
3619 3545 3845 3600 finitima

2252 3641 2367 3689 erat
2408 3632 2667 3705 Aquileia:
2704 3631 2942 3702 Stridon,
2969 3635 3191 3692 minime
3216 3645 3299 3692 est
3335 3636 3662 3705 verosilime,
3691 3653 3848 3708 agen-

2255 3732 2360 3779 tem
2409 3725 2591 3797 utique
2637 3726 2689 3781 in
2744 3726 2913 3796 patria
2962 3736 3017 3782 et
3070 3727 3213 3783 domi
3262 3743 3506 3785 sororem
3556 3724 3850 3800 prtesentis

2253 3814 2416 3871 fuisse
2440 3815 2635 3874 Juliani
2679 3816 3142 3874 adhortationibus
3194 3821 3247 3875 in
3287 3821 3578 3877 sanctioris
3623 3821 3771 3886 vitae,
3815 3835 3847 3876 a

2253 3923 2360 3979 quo
2385 3905 2673 3972 exciderat,
2703 3910 2944 3965 instituto
2970 3910 3250 3967 solidatam
3282 3930 3295 3966 :
3330 3912 3566 3983 itemque
3589 3912 3657 3968 ab
3681 3913 3850 3984 Aqui-

2256 3999 2542 4055 leiensibus
2572 3998 2757 4056 amicis
2796 4001 3016 4071 petiisse
3052 4000 3457 4077 Hieronymum,
3486 4014 3543 4059 ut
3573 4003 3847 4076 frequenti

2254 4105 2370 4147 eam
2401 4090 2756 4162 Epistolarum
2787 4091 2980 4148 solatio
3019 4096 3389 4163 conloverent,
3437 4104 3598 4168 atque
3629 4098 3699 4153 ab
3729 4099 3848 4169 ipso

2256 4183 2583 4253 Aquileiensi
2628 4183 2896 4255 Episcopo
2926 4182 3136 4242 litteras
3165 4188 3219 4243 in
3249 4205 3365 4244 eam
3400 4203 3512 4243 rem
3543 4188 3846 4259 exigerent.

2256 4273 2375 4330 Alia
2400 4290 2464 4330 ex
2495 4286 2646 4346 parte
2675 4274 3037 4336 Emonenses
3074 4280 3313 4351 virgines
3344 4279 3474 4351 (non
3520 4277 3848 4335 Hei-monen-

2258 4380 2355 4431 ses,
2382 4374 2436 4420 ut
2456 4363 2715 4423 hactenus
2736 4383 3014 4439 perperam
3045 4370 3238 4426 lectum
3265 4370 3366 4441 est)
3396 4377 3451 4425 et
3479 4369 3773 4425 Antonium
3793 4371 3848 4425 in

2258 4461 2442 4518 eadem
2464 4462 2678 4520 civitate
2695 4464 3007 4520 Monachum
3029 4464 3099 4521 ita
3124 4480 3218 4537 per
3236 4463 3497 4536 Epistolas
3515 4463 3844 4537 adloquitur,

2258 4563 2317 4609 ut
2345 4555 2397 4609 in
2425 4554 2618 4610 vicinia
2645 4556 2919 4612 exstitisse
2948 4558 3135 4627 patria:
3162 4572 3273 4611 suae
3301 4556 3496 4611 indicet
3526 4574 3540 4611 :
3572 4564 3736 4628 atque.
3774 4558 3848 4613 ibi

2259 4647 2590 4719 cumprimis,
2633 4650 2723 4706 ubi
2777 4649 2845 4706 de
2893 4652 2973 4705 sui
3025 4650 3256 4705 nominis
3303 4649 3665 4705 obtrectatore
3703 4649 3849 4720 apud

2259 4738 2392 4794 istos
2419 4740 2781 4810 conqueritur,
2819 4756 2985 4812 quem
3011 4755 3171 4794 unum
3202 4739 3555 4811 eamdemque
3578 4754 3705 4796 esse
3724 4755 3849 4795 cum

2258 4844 2324 4885 eo
2363 4829 2549 4902 liquet,
2592 4831 2680 4902 qui
2726 4847 2848 4888 eum
2895 4830 3036 4902 apud
3084 4831 3458 4901 Aquileienses
3491 4830 3713 4886 sinistro
3752 4844 3852 4887 ore

2257 4918 2570 4976 dilaniabat.
2612 4922 2707 4977 Est
2744 4930 2923 4976 autem
2960 4920 3208 4988 .Emona,
3234 4935 3352 4991 qua:
3378 4934 3521 4974 nunc
3543 4919 3849 4990 Lubaeum,

2257 5010 2415 5082 vulgo
2440 5009 2646 5067 Laubac
2671 5008 2991 5085 appellatur,
3031 5012 3303 5067 limitanca
3332 5010 3458 5066 olim
3502 5012 3630 5068 urbs
3656 5011 3848 5076 Italite,

2257 5109 2312 5155 et
2359 5111 2415 5156 ut
2462 5100 2754 5158 Ptolommo
2785 5102 2998 5169 dicitur,
3052 5100 3193 5157 inter
3243 5102 3448 5157 Italiam
3502 5101 3603 5159 sub
3649 5102 3854 5160 Norico

2258 5191 2567 5257 Pannonite,
2599 5192 2804 5248 distans
2830 5208 3077 5264 passuum
3107 5192 3343 5248 millibus
3369 5194 3439 5248 ab
3465 5193 3713 5264 Aquileia
3740 5194 3852 5250 cir-

2257 5285 2391 5339 citer
2436 5284 2840 5355 quinquaginta.
2889 5283 3026 5350 Quid
3083 5281 3184 5338 hoc
3236 5284 3415 5355 itaque
3461 5285 3850 5354 verosimilius,

2258 5373 2399 5445 quod
2418 5372 2729 5429 dicebamus
2750 5415 2765 5439 ,
2792 5375 2845 5428 in
2875 5375 2976 5427 isto
3004 5372 3273 5442 Aquiliam
3305 5376 3446 5429 inter
3470 5384 3632 5446 atque
3655 5373 3854 5431 Almo-

2258 5478 2380 5519 nam
2413 5473 2606 5531 tractu,
2635 5478 2823 5520 versus
2862 5464 3026 5534 Alpes
3063 5464 3252 5532 Julias,
3281 5479 3388 5537 quo
3418 5465 3539 5521 loco
3572 5465 3726 5536 juxta
3758 5474 3855 5523 ve—

2259 5563 2427 5611 terem
2454 5552 2884 5609 distributionem
2918 5563 2970 5610 in
3000 5557 3218 5612 eosdem
3266 5558 3525 5614 terminos
3567 5559 3852 5619 Pannonia

2261 5658 2315 5703 et
2344 5646 2628 5713 Dalmatia,
2660 5647 2796 5713 sive,
2835 5663 2955 5718 qua:
3000 5649 3094 5704 illo
3135 5656 3260 5704 tunc
3283 5649 3542 5706 vocabulo
3572 5668 3699 5721 pars
3731 5652 3855 5724 ejus

2256 5736 2642 5806 appellabatur,
2673 5736 2923 5793 Liburnia
2959 5737 3366 5805 concurrebant,
3397 5739 3712 5799 Stridouem
3745 5759 3850 5799 na-

2259 5827 2364 5884 tale
2392 5827 2702 5900 Hieronymi
2727 5830 2902 5889 solum
2937 5829 3207 5888 exstitisse
3226 5834 3251 5884 ζ’
