4004 6328
209 436 242 505 “s
1474 418 1536 481 ‘s.
1577 408 1958 479 itlEttO-NYMI
2000 401 2182 473 vr'rA.
3408 419 3481 477 ω

287 556 346 614 ll.
385 550 503 611 Alia
535 557 621 609 est
642 549 716 607 de
739 544 902 614 anno,
933 550 1040 619 q‘e'o
1067 545 1124 602 in
1149 540 1324 601 lucem
1355 538 1572 614 prodiit,
1607 550 1780 606 eaque

210 648 341 707 haud
369 648 545 703 minus
574 657 772 714 anceps
797 650 955 711 atque
994 637 1222 694 obseura
1252 634 1396 689 inter
1418 628 1655 688 eruditos
1696 626 1780 681 di-

212 742 448 814 sputatio.
473 737 676 793 Locum
704 731 1004 807 quatstioni,
1042 738 1097 785 et
1129 727 1294 783 variis
1315 724 1592 781 hominum
1622 736 1684 777 ea
1711 719 1780 775 de

209 831 566 892 resententiis
593 830 721 886 fecit
761 827 994 895 Prosper
1029 823 1082 879 in
1127 821 1398 878 Chronico
1442 818 1674 886 lntegro,
1722 821 1782 867 ιιι

208 916 406 990 vocant,
455 921 601 993 quod
642 935 712 978 ex
756 917 1056 975 Lodouensi
1110 913 1300 970 codice
1341 924 1444 966 ms.
1490 907 1776 976 Philippus

207 1016 439 1074 Labbeus
478 1016 687 1087 primus
714 996 899 1076 edidit,
936 1019 992 1065 et
1034 1019 1271 1077 nuperos
1300 1002 1651 1072 Antiquarum
1678 997 1782 1052 Ca-

207 1111 314 1166 nisii
344 1110 635 1165 lectionum
656 1105 846 1161 Editor
872 1104 1202 1173 recognovit.
1234 1098 1391 1154 Anno
1412 1096 1555 1152 enim
1577 1090 1778 1149 Christi

203 1203 315 1269 531,
352 1199 522 1255 Basso
547 1209 603 1254 et
634 1197 856 1253 Ablavi'o
881 1193 1223 1256 Consulibus,
1253 1189 1482 1244 natalem
1504 1186 1561 1243 S.
1589 1185 1781 1241 Hiero-

200 1296 332 1368 nymi
359 1293 509 1349 diem
530 1293 815 1361 consignat
844 1305 857 1341 :
885 1296 943 1343 et
973 1286 1101 1341 licet
1130 1298 1235 1339 non
1264 1281 1392 1337 satis
1416 1281 1553 1336 bene
1581 1278 1682 1333 sibi
1725 1277 1778 1330 in

201 1388 345 1444 anuis
365 1368 730 1461 suppetandis
776 1388 1007 1448 constet,
1058 1377 1147 1434 ubi
1171 1380 1398 1432 martem
1430 1374 1546 1442 ejus
1576 1370 1643 1425 ad
1684 1385 1774 1423 an.

200 1478 292 1537 420
341 1479 662 1537 Theodosio
692 1474 785 1533 IX.
824 1483 879 1530 et
905 1470 1222 1529 Constantio
1256 1465 1349 1524 Ill.
1374 1465 1529 1523 Coss.
1563 1461 1732 1520 refert
1760 1478 1774 1514 :

195 1574 241 1629 in
269 1588 330 1629 eo
376 1582 561 1627 tamen
608 1570 926 1641 quoderrat
976 1564 1219 1636 (quippe
1257 1561 1348 1632 qui
1376 1572 1547 1616 annos
1585 1557 1663 1612 illi
1707 1555 1774 1611 9t

194 1665 302 1719 vita:
322 1663 560 1733 tribuit),
582 1662 825 1718 ostendit
847 1667 1024 1718 ortum
1052 1656 1169 1728 ejus
1189 1656 1348 1713 citius
1380 1651 1502 1723 poni
1527 1649 1778 1705 maluisse

190 1770 334 1828 quam
366 1756 564 1810 serius.
604 1755 671 1810 Et
699 1767 935 1809 errorem
961 1750 1176 1824 quidem
1195 1750 1349 1804 illum
1377 1747 1463 1802 alii
1493 1742 1775 1801 commoda

190 1848 639 1918 interpretatione
683 1846 934 1912 elevant,
975 1844 1375 1915 conciliatque
1421 1853 1602 1895 secum
1656 1836 1775 1906 ipso

142 1992 149 2031 ί
190 1939 535 2011 Prosperum,
576 1946 635 1995 et
660 1953 782 1994 cum
813 1952 877 1993 eo
901 1947 1137 1993 veterem
1167 1933 1307 1995 Viue
1331 1930 1639 2002 Hieronymi
1667 1930 1776 1984 Au-

187 2044 402 2099 ctorem,
451 2034 555 2105 qui
604 2032 915 2090 Gennadius
942 2031 1101 2102 vulgo
1127 2028 1376 2094 habetur,
1424 2035 1487 2091 et
1514 2038 1686 2081 annos
1722 2022 1773 2080 ei

190 2134 377 2179 tantum
423 2124 500 2181 88
538 2124 729 2180 tribuit
759 2141 772 2177 :
798 2122 1031 2191 denique
1052 2130 1245 2176 etcum
1272 2118 1595 2190 Augustino»,
1614 2129 1773 2189 quem

184 2229 353 2273 noster
376 2219 432 2273 in
462 2217 732 2288 Epistolis
760 2211 985 2271 subinde
1016 2223 1266 2284 tanquam
1288 2211 1533 2283 dignitate
1554 2219 1778 2281 panem,

180 2318 314 2364 etate
356 2319 555 2367 autem
600 2308 770 2378 ﬁlium
813 2305 1120 2376 compellat.
1154 2303 1288 2359 Cum
1335 2317 1464 2357 vero
1511 2300 1785 2361 adversus

181 2400 488 2456 historicum
518 2400 827 2463 veritatem,
860 2396 1164 2464 seriemque
1197 2408 1378 2448 rerum
1410 2389 1778 2460 llieronymia-

180 2505 349 2546 narum
413 2491 694 2547 continuo
745 2495 943 2557 pugnet
995 2485 1085 2540 illa
1141 2484 1390 2555 Prospcri
1440 2481 1673 2548 notatio,
1725 2488 1780 2536 et

179 2582 318 2654 longo
353 2582 540 2637 nimis
563 2579 845 2635 intervallo
868 2577 925 2635 S.
957 2576 1131 2632 Patris
1151 2588 1325 2631 ortum
1352 2580 1652 2644 praeterunt,
1682 2587 1778 2626 no-

178 2675 245 2730 bis
266 2675 365 2745 qui
399 2674 537 2743 ejus
570 2671 745 2727 Vitam
776 2685 841 2726 ex
878 2668 1154 2741 ipsiusmct
1180 2666 1392 2738 scriptis
1428 2664 1770 2730 adornamus,

177 2768 316 2837 hujus
371 2763 724 2828 testimonia,
764 2777 883 2833 qua:
928 2761 997 2815 de
1039 2767 1196 2813 :etate
1224 2771 1317 2812 sua
1359 2756 1579 2827 profert,
1632 2755 1772 2810 illius

1892 540 2007 587 'sua:
2033 532 2200 589 refert
2230 529 2429 586 Hotom
2457 531 2604 588 (me
2631 534 2894 605 magnum,
2923 534 3317 607 quandoth
3338 538 3477 595 orbis

1888 624 2030 681 littus
2051 625 2371 696 transgressa
2398 634 2516 680 sunt
2555 627 2740 693 maria,
2773 628 3044 697 eademque
3066 639 3213 684 nocte
3239 630 3472 702 Areopa-

1887 717 1993 773 lees
2016 717 2149 771 meri
2165 717 2509 773 conciderunt.
2531 715 2590 774 Si
2613 718 2759 776 enim
2778 734 2902 774 eum
2922 720 3049 776 dicit
3082 730 3474 789 terraimotum,

1885 808 1956 864 ob
1983 824 2144 881 quem
2168 811 2332 865 refert
2360 809 2677 867 Ammianus
2706 826 2921 884 quoque
2945 812 3305 881 Marcellinus,
3334 831 3478 873 me

1885 915 2004 954 suos
2047 900 2287 956 laminas
2323 902 2612 958 παι-ήδη
2657 904 2770 975 (lib.
2816 902 3036 960 XXVI.
3076 905 3205 978 Cap.
3254 908 3369 980 10),
3415 918 3476 965 et

1884 987 2085 1046 Idatins
2144 992 2315 1048 mensi
2365 993 2605 1064 Angusto
2645 996 2772 1051 anni
2822 997 2928 1054 365
2969 996 3252 1071 intelligat,
3311 1010 3474 1073 atque

1887 1080 2001 1151 ipse
2038 1079 2254 1139 demum
2304 1084 2663 1159 Hieronymus
2708 1090 2761 1142 in
2809 1088 3096 1156 Chronico,
3147 1107 3290 1147 mare
3328 1094 3475 1149 littus

1885 1188 2140 1242 egressum
2190 1184 2373 1231 narrat
2414 1194 2431 1233 :
2458 1177 2567 1248 jam
2605 1193 2805 1235 annum
2848 1181 3159 1253 expleverat
3199 1183 3469 1240 decimum

1884 1280 2103 1332 nonum,
2145 1267 2211 1322 ad
2239 1283 2397 1339 quem
2441 1284 2609 1342 usque
2652 1271 2929 1328 infantiam
2957 1274 3297 1346 protrahere,
3339 1276 3475 1334 nihil

1883 1360 2098 1430 quidem
2132 1372 2290 1431 retat,
2322 1366 2390 1432 si,
2423 1375 2482 1421 ut
2511 1381 2670 1438 supra
2704 1377 2943 1423 notatum
2966 1380 3069 1439 est,
3102 1386 3204 1442 pro
3241 1371 3470 1442 pueritia

1883 1454 2108 1508 suniitur
2138 1473 2153 1510 :
2184 1457 2398 1526 proprie
2438 1467 2616 1515 autem
2647 1458 2916 1517 decimum
2957 1463 3197 1533 quintum
3238 1481 3301 1520 ea
3336 1474 3471 1520 tetas

1882 1560 1988 1600 non
2014 1546 2226 1603 videtur
2254 1551 2572 1607 excessisse.
2614 1552 2718 1610 Sed
2759 1564 2817 1610 et
2861 1556 2949 1609 alii
2978 1572 3087 1627 per
3124 1572 3187 1612 ea
3229 1566 3470 1630 tempora

1884 1644 2062 1691 motus
2101 1646 2258 1695 terra:
2307 1639 2597 1698 horribiles
2643 1643 2976 1711 acciderunt,
3021 1646 3089 1701 ad
3110 1661 3247 1718 quos
3291 1648 3469 1706 locum

1883 1726 2024 1783 hunc
2048 1728 2254 1786 referre
2284 1732 2511 1791 fortasse
2540 1736 2659 1806 quis
2690 1738 2841 1793 malit
2869 1757 2882 1792 :
2911 1749 2963 1795 et
2991 1755 3090 1797 nos
3115 1742 3243 1796 olim
3272 1742 3342 1798 ibi
3368 1758 3471 1798 an-

1880 1835 2006 1874 num
2036 1820 2269 1879 diximus
2297 1823 2565 1896 designari
2593 1827 2717 1894 3H,
2749 1830 2890 1902 quod
2912 1847 3054 1889 nunc
3079 1840 3260 1889 tamen
3287 1834 3469 1892 induci

1877 1912 2147 1981 volumus,
2175 1924 2339 1987 atque
2363 1918 2657 1976 emendari.
2692 1920 2761 1978 llt
2793 1933 2848 1978 ut
2882 1939 2942 1980 se
2969 1941 3055 1981 res
3090 1925 3308 1995 habeat,
3334 1928 3473 1984 alio-

1878 2022 1996 2062 rum
2024 2010 2324 2078 seutentite,
2367 2026 2487 2083 qua:
2515 2012 2675 2071 citius
2722 2025 2901 2072 ortum
2946 2017 3002 2075 S.
3051 2019 3224 2077 Patris
3254 2031 3465 2087 notant.

1877 2100 2046 2168 aptari
2078 2098 2202 2156 huic
2246 2102 2555 2160 testimonio
2599 2122 2932 2178 nequaquam
2976 2120 3219 2181 possunt.
3264 2112 3464 2170 Verum

1880 2188 2007 2243 illud
2035 2192 2248 2246 eteteris
2275 2193 2537 2249 illustrius
2563 2206 2666 2262 est,
2697 2199 2841 2267 quod
2880 2199 3040 2256 habet
3067 2202 3183 2258 Lib.
3219 2204 3288 2261 de
3310 2204 3470 2261 Locis

1880 2279 1946 2334 ad
1973 2295 2160 2336 vocem
2189 2280 2327 2354 Drgs
2363 2282 2594 2341 Humbre
2623 2303 2690 2343 ex
2721 2287 2917 2346 Genesi
2942 2308 2957 2358 ;
3006 2293 3153 2362 Quae,
3182 2295 3273 2364 ait,
3310 2314 3469 2371 usque

1881 2371 1950 2433 ad
1968 2381 2171 2426 nitatem
2196 2374 2429 2446 infantia:
2454 2393 2595 2445 ntere,
2633 2390 2682 2435 et
2709 2380 2991 2438 Constantii
3029 2386 3163 2457 regis
3194 2388 3465 2458 imperium

1882 2467 2166 2545 minus
2189 2470 2563 2525 monstrabatur
2584 2480 2836 2543 pervetus,
2861 2485 2908 2531 et
2927 2494 3091 2535 annos
3116 2482 3469 2554 magnitudine

1879 2559 2135 2621 indicans.
2169 2562 2281 2627 llis,
2314 2565 2357 2617 si
2388 2564 2515 2635 quid
2545 2567 2721 2634 video,
2754 2579 2979 2642 uterque
3012 2584 3315 2643 postremus
3337 2592 3461 2635 cum

1877 2649 2119 2709 infantia
2139 2665 2249 2713 ante
2274 2654 2498 2721 scilicet,
2532 2665 2640 2712 tttm
2681 2658 2890 2730 intperii
2939 2662 3236 2722 Constantii
3278 2672 3463 2726 termi-

1875 2753 1975 2798 nus
2003 2744 2331 2814 designatur.
2368 2746 2665 2807 Enimvero
2703 2752 2804 2810 iste
2848 2754 3113 2827 imperare
3141 2774 3264 2817 cum
3293 2762 3461 2822 desiit
3522 2766 3526 2771 ’

176 2833 504 2922 auctoritati,
540 2862 594 2911 et
621 2862 753 2925 quot
780 2861 904 2908 sunt
940 2859 1174 2923 quotque
1213 2848 1428 2905 fuerunt
1450 2848 1769 2904 Criticorum

1884 2833 2014 2927 iuno
2042 2837 2168 2906 56f,
2207 2855 2405 2901 anitum
2431 2844 2622 2914 agebat
2649 2846 2773 2902 vitm
2810 2848 3073 2906 decimum
3115 2856 3360 2927 quintum
3395 2858 3455 2915 S.

175 2966 229 3005 ea
256 2950 322 3006 de
366 2966 431 3005 re
481 2946 791 3014 sententiis,
841 2945 1093 3015 praeferre
1137 2942 1311 2997 liceat.
1353 2940 1546 2996 Ratum
1598 2939 1769 3011 primo

1873 2926 2050 2993 Pater,
2074 2945 2179 3002 quo
2199 2933 2449 3000 nimirum
2482 2936 2755 2993 infantiam
2778 2942 3022 2999 concludi
3051 2944 3251 3003 dudum
3276 2959 3460 3005 osten-

176 3054 487 3112 certumque
523 3039 614 3105 sit,
643 3052 768 3093 eunt
806 3051 928 3092 cum
971 3050 1032 3093 se
1073 3034 1157 3088 vel
1197 3031 1472 3099 infantem,
1516 3030 1600 3088 vel
1637 3047 1769 3104 pue-

1884 3018 2066 3076 Iintus.
2098 3022 2152 3078 Id
2184 3039 2344 3095 porro
2372 3028 2416 3081 si
2450 3044 2633 3090 rerum
2663 3042 2767 3099 est,
2812 3046 2869 3089 ut
2913 3039 3024 3091 veri
3070 3040 3306 3108 speciem
3335 3057 3456 3096 om-

177 3134 305 3202 rum,
350 3134 437 3191 vel
497 3129 959 3187 adolescentulum
1012 3126 1092 3183 vel
1127 3120 1377 3199 juvenem
1420 3133 1594 3192 vocat,
1635 3138 1766 3179 eon-

181 3224 376 3296 fertque
403 3238 538 3281 cum
567 3237 674 3276 una
702 3219 950 3301 quapiam
980 3232 1159 3274 rerum
1198 3230 1228 3271 a
1257 3231 1317 3272 se
1358 3228 1626 3287 gestarum
1668 3231 1769 3270 no-

181 3318 387 3385 tatione,
417 3313 862 3389 Pythagoricum,
889 3320 945 3365 ut
971 3310 1213 3366 Laertius
1236 3309 1397 3363 tradit
1439 3308 1556 3379 (lib.
1603 3306 1764 3364 Vlll.

183 3409 309 3464 Sect.
331 3410 386 3465 9.
420 3407 541 3479 ιθ),
571 3405 747 3461 aetatis
776 3403 1019 3457 humanm
1046 3417 1141 3473 per
1178 3400 1417 3457 vieennia
1453 3410 1768 3471 computan—

182 3500 255 3556 dze
282 3499 627 3565 methodum,
660 3512 780 3569 quae
805 3505 861 3553 et
886 3494 1080 3568 passim
1109 3502 1235 3550 tunc
1260 3484 1550 3558 obtinebat,
1591 3493 1766 3566 sequi.

188 3593 330 3663 Puer,
360 3593 567 3666 inquit,
598 3591 780 3663 viginti
803 3606 964 3644 annos
992 3588 1167 3659 implet
1189 3604 1207 3645 :
1230 3589 1531 3643 Adolescens
1554 3588 1728 3660 viginti
1750 3603 1767 3642 :

188 3683 343 3741 Senex
398 3684 608 3756 uiginti.
664 3682 789 3738 Sola
830 3680 1048 3737 infantia
1095 3690 1199 3748 est,
1248 3695 1407 3750 quam
1457 3694 1486 3732 a
1545 3679 1772 3751 pueritia

188 3793 281 3832 non
325 3774 763 3848 distinguebant,
815 3773 910 3829 sed
950 3772 1102 3845 quasi
1160 3773 1400 3843 pueritia:
1449 3779 1655 3842 partem
1703 3770 1770 3828 ad

190 3886 339 3941 usque
360 3870 644 3926 decimum
669 3868 908 3939 quintum
937 3881 1139 3920 annum
1159 3863 1562 3935 protraltebant,
1586 3877 1772 3933 quem‘

191 3961 467 4018 admodum
498 3960 568 4017 de
599 3959 838 4015 Varrone
862 3956 1189 4012 Censorinus
1222 3956 1310 4025 (de
1339 3953 1434 4008 Die
1472 3954 1600 4008 Nat.
1643 3953 1771 4024 Cap.

191 4050 263 4106 XI
278 4053 335 4126 ν)
362 4053 577 4110 docuit.
620 4050 698 4107 Ita
738 4061 791 4107 et
833 4050 891 4106 S.
923 4048 1197 4104 Benedicti
1224 4045 1424 4118 Regula
1460 4062 1577 4117 cap.
1610 4044 1772 4100 LXX.

195 4142 480 4216 Infantibus
525 4161 683 4217 usque
724 4143 794 4198 ad
833 4143 1063 4213 quintum
1101 4140 1350 4195 decimum
1388 4156 1580 4193 annum
1612 4140 1777 4195 relatis

194 4239 473 4311 discipline
505 4235 837 4308 diligentia'et
860 4235 1094 4292 custodia
1114 4234 1415 4291 adhibeatur
1434 4234 1496 4287 ab
1516 4233 1769 4288 omnibus.

198 4329 293 4385 llac
322 4331 499 4403 probe
528 4330 821 4385 constituta
848 4327 1052 4398 regula,
1078 4327 1122 4381 si
1155 4325 1462 4397 Hieronymi
1491 4324 1647 4378 verba
1674 4339 1774 4379 ex-

197 4425 507 4492 pendamus,
541 4421 878 4493 exploratum
920 4417 1031 4486 ﬁet,
1081 4435 1202 4474 eum
1229 4434 1368 4473 anno
1407 4418 1622 4476 circiter
1668 4415 1775 4472 546

200 4526 387 4582 natum,
418 4513 602 4570 serius
637 4528 797 4584 quam
836 4511 1068 4582 Prosper
1095 4510 1274 4577 tradit,
1303 4509 1457 4565 annis
1487 4508 1776 4565 admodum

201 4605 520 4674 quindecim.
548 4605 906 4674 Experiamur
934 4603 1113 4674 itaque
1143 4602 1435 4671 insigniora
1461 4601 1654 4657 saltem
1677 4602 1777 4656 ali-

202 4706 315 4764 quot
343 4714 440 4768 per
458 4696 661 4768 gradus
688 4705 905 4750 aetatum
943 4693 1081 4748 loca.
1106 4692 1163 4748 In
1188 4692 1424 4763 Epistola
1451 4690 1685 4746 LXVIII.
1712 4692 1779 4747 ad

203 4781 528 4844 Castruéium
562 4803 711 4841 num.
740 4785 795 4839 Ω.
836 4785 1046 4839 Brevem
1089 4785 1279 4855 inquit,
1309 4782 1396 4836 tibi
1444 4783 1672 4854 fabulam
1702 4799 1782 4837 re-

206 4881 371 4948 ferant,
404 4895 524 4951 qua
565 4879 802 4951 infantia:
841 4892 965 4931 meae
1002 4876 1312 4944 temporibus
1351 4875 1552 4928 accidit.
1595 4872 1783 4929 Beatus

207 4969 439 5028 Antonius
484 4987 604 5027 eum
647 4986 681 5024 α
715 4968 777 5024 S.
834 4969 1109 5024 Athanasio
1150 4967 1480 5024 Alexandria
1524 4965 1781 5039 Episcopo

208 5072 397 5134 propter
427 5061 835 5134 eonfutationem
872 5059 1224 5115 Irwreticorum
1262 5060 1313 5112 in
1343 5056 1515 5112 urbem
1556 5057 1777 5113 Alexanv

209 5154 358 5209 driam
386 5163 516 5210 esset
559 5152 777 5217 accitus,
815 5153 933 5207 isset
959 5151 1028 5205 ad
1058 5167 1175 5207 eum
1218 5148 1494 5220 Didymus,
1533 5158 1638 5205 etc.
1682 5148 1785 5204 Fa-

210 5253 339 5301 ctum
372 5247 473 5302 hoc
501 5251 726 5301 narrant
754 5241 1074 5312 Chronologi
1105 5242 1466 5297 accuratiores
1491 5255 1632 5296 anno
1656 5240 1782 5310 “555,

211 5350 304 5405 quo
334 5347 579 5407 tempore
601 5350 775 5390 annos
805 5344 959 5389 natus
984 5342 1100 5389 erat
1126 5333 1483 5406 Hieronymus
1506 5333 1654 5404 juxta
1690 5347 1761 5387 no

214 5435 364 5481 stram
393 5427 740 5499 liypothesim
773 5425 885 5481 fere
914 5425 1099 5480 decem
1135 5440 1150 5481 :
1180 5424 1326 5495 juxta
1353 5439 1447 5479 eos
1471 5435 1670 5489 autem,
1696 5423 1783 5496 qui

217 5513 448 5589 Prosperi
474 5518 715 5575 calculos
758 5531 972 5587 quoquo
1019 5516 1229 5571 tandem
1275 5515 1435 5570 modo
1470 5525 1783 5587 sequuntur,

217 5608 515 5680 vigesimum
564 5620 813 5682 quartum
857 5621 1180 5676 excesserat,
1224 5618 1277 5665 et
1320 5625 1425 5664 non
1471 5609 1630 5663 modo
1682 5626 1787 5666 non

219 5697 383 5757 infans
408 5703 588 5759 adhuc
629 5711 765 5768 erat,
808 5711 902 5757 aut
938 5717 1086 5771 puer,
1117 5700 1210 5758 sed
1232 5701 1342 5772 jam
1369 5691 1789 5757 adolescentiam

222 5792 496 5867 ingressus.
527 5792 769 5853 Ulterius
797 5794 1012 5866 quidem
1044 5798 1096 5849 in
1122 5795 1312 5849 Isaiam
1342 5794 1436 5849 lib.
1459 5794 1525 5849 ν.
1547 5810 1667 5865 cap.
1701 5791 1787 5851 I5.

221 5886 378 5955 spatia
400 5887 559 5958 hujus
590 5885 764 5942 aetatis
792 5885 1057 5957 producit,
1082 5884 1169 5941 ubi
1192 5884 1258 5941 ad
1286 5893 1525 5955 tempora
1554 5883 1790 5942 infantia:

1868 3130 1994 3170 nem
2025 3117 2203 3185 habet,
2238 3120 2368 3176 nihil
2412 3124 2618 3193 poterat
2643 3128 2943 3184 accuratius
2966 3129 3032 3185 ad
3072 3142 3222 3187 ortus
3250 3135 3330 3188 sui
3356 3150 3456 3191 an-

1873 3223 2021 3274 num,
2048 3225 2207 3281 quem
2236 3214 2545 3271 dicebamus
2566 3217 2694 3285 δια,
2716 3219 3091 3279 declarandum
3120 3225 3341 3284 dixisse.

1944 3299 2086 3358 Sane
2117 3303 2391 3361 infantiam
2422 3321 2753 3375 excesserat.
2776 3327 2897 3367 cum
2922 3330 3143 3385 puerum
3169 3332 3229 3375 se
3252 3330 3405 3375 vocat
3438 3338 3454 3377 :

1873 3399 1932 3447 ut
1961 3405 2043 3449 εει
2072 3394 2198 3450 illud
2226 3397 2277 3451 itt
2302 3398 2592 3455 Abaehnclt
2625 3401 2738 3473 (lib.
2766 3401 2817 3461 Ι.
2841 3403 2968 3474 Cap.
2997 3406 3109 3481 10),
3134 3407 3270 3465 Dum
3291 3411 3461 3470 adhuc

1873 3499 2028 3539 essem
2056 3503 2200 3556 puer,
2225 3490 2347 3544 etin
2364 3486 2723 3567 Grammaticas
2747 3495 2871 3553 ludo
2889 3515 3167 3567 πει-σεῖον,
3190 3518 3463 3577 omnesque

1872 3577 2020 3631 urbes
2063 3577 2380 3634 victimarum
2423 3585 2671 3654 sanguine
2708 3588 3073 3659 polluerentur,
3115 3610 3177 3648 ac
3215 3594 3378 3650 subito
3408 3599 3463 3652 in

1875 3665 1986 3737 ipso
2030 3670 2389 3740 persecutionis
2435 3675 2618 3730 ardore
2644 3674 2846 3733 Iuliani
2872 3683 3132 3739 nuntiatus
3167 3695 3296 3741 esset
3333 3689 3462 3743 intc-

1876 3759 2022 3826 ritus,
2069 3761 2325 3833 eleganter
2364 3779 2494 3819 unus
2535 3766 2599 3821 de
2623 3766 2877 3839 Ethnieis,
2905 3781 3008 3828 etc.
3035 3774 3351 3833 Interfectus
3378 3789 3465 3835 est

1872 3847 2120 3909 'Iulianus
2143 3871 2284 3909 anno
2312 3856 2439 3924 565,
2471 3859 2563 3929 qui
2591 3871 2709 3916 erat
2737 3864 2859 3918 vitae
2886 3865 3197 3938 Hieronymi
3221 3868 3463 3927 decinms

1880 3945 2159 4014 septimus.
2191 3948 2332 4002 Alibi
2367 3958 2509 4005 totos
2538 3954 2629 4022 qui
2659 3956 2804 4008 relati
2834 3956 2909 4011 illi
2940 3957 3335 4029 adtribuuntur,
3380 3964 3464 4019 ri-

1879 4036 2009 4108 ginti
2035 4053 2205 4093 annos
2228 4050 2501 4111 supputat.
2526 4043 2801 4114 Ejusmodi
2819 4058 2901 4102 est
2924 4048 3276 4109 illudPrmfat.
3306 4054 3466 4112 Com-

1880 4137 2110 4185 mentar.
2146 4131 2198 4185 in
2230 4132 2397 4202 Epist.
2426 4133 2494 4190 ad
2525 4135 2698 4191 Calat.
2733 4137 2853 4193 Non
2875 4143 3250 4214 quodignurem
3284 4145 3468 4205 Caium

1883 4219 2109 4277 Marium
2147 4221 2477 4290 Victorinum,
2510 4227 2596 4293 qui
2640 4225 2835 4294 Rontw,
2881 4249 2961 4288 nte
3001 4250 3179 4306 puero,
3223 4237 3468 4295 Rhetorio

1881 4329 1992 4366 eam
2033 4313 2223 4379 docuit,
2255 4317 2472 4371 edidisse
2493 4317 2888 4377 Commentarios
2913 4324 2966 4378 in
2997 4324 3317 4397 Apostolunt,
3351 4340 3463 4387 etc.

1881 4404 1980 4459 Cui
2010 4408 2282 4476 geminum
2311 4418 2395 4464 est
2423 4411 2547 4465 illud
2583 4411 2676 4465 lib.
2712 4411 2826 4469 XII.
2862 4415 2912 4469 in
2947 4415 3195 4472 Ezechiel
3224 4433 3343 4490 cap.
3375 4423 3465 4478 40.

1884 4494 2021 4549 Dum
2047 4511 2207 4552 essent
2234 4498 2412 4554 Roma:
2439 4517 2585 4570 puer,
2616 4511 2664 4555 et
2693 4502 2982 4559 liberalibus
3006 4507 3187 4561 studiis
3214 4509 3467 4578 erudirer,

1882 4587 2102 4642 solebam
2131 4606 2246 4643 cum
2272 4592 2467 4645 ewteris
2504 4593 2731 4662 ejusdem
2775 4596 2938 4648 aztatis
2981 4606 3027 4651 et
3063 4600 3327 4669 propositi,
3362 4612 3468 4658 etc.

1881 4670 2042 4735 Enim
2073 4696 2204 4737 vero
2230 4697 2351 4737 cum
2393 4683 2576 4738 Romae
2605 4684 2758 4741 daret
2784 4685 2975 4745 litteris
3011 4691 3312 4750 ediscendis
3339 4711 3473 4766 ope-

1886 4786 2023 4838 ram,
2057 4772 2226 4827 factus
2250 4773 2363 4843 jam
2392 4774 2668 4845 grandior,
2700 4786 2755 4833 et
2783 4779 3075 4837 etiamnum
3104 4791 3280 4842 tamen
3314 4803 3471 4858 puer,

1888 4875 2058 4919 armos
2087 4865 2269 4935 \iginti
2300 4867 2682 4937 compleverat.
2718 4869 2979 4942 Deinceps
3007 4873 3147 4929 adeo
3174 4890 3297 4932 cum
3332 4877 3475 4934 Pue-

1891 4955 2010 5010 ritia
2037 4956 2212 5027 jungit
2235 4958 2691 5025 Adolescentiam,
2720 4979 2896 5033 eoque
2923 4966 3120 5021 clarius
3145 4967 3198 5022 in
3227 4984 3342 5025 rem
3371 4987 3473 5025 na-

1887 5056 2056 5101 strnm
2089 5062 2310 5114 annum,
2343 5066 2450 5122 quo
2491 5062 2645 5107 natus
2686 5063 2791 5119 est,
2839 5055 3060 5122 indicat,
3106 5074 3214 5129 quo
3256 5062 3476 5131 propius

1890 5139 2153 5195 terminos
2182 5143 2355 5197 :etatis
2396 5144 2694 5215 utriusque,
2741 5145 2883 5201 unde
2926 5148 3163 5205 rationes
3206 5149 3476 5206 subduca-

1893 5244 2013 5286 mus
2042 5233 2324 5299 certiores,
2355 5234 2589 5306 attingit.
2640 5234 2809 5305 Epist.
2840 5234 2953 5292 LII.
2984 5237 3051 5292 ad
3094 5237 3475 5310 Nepotianum,

1889 5320 2032 5376 Dum
2076 5339 2255 5390 essem,
2308 5325 2501 5395 inquit,
2545 5322 2868 5395 Adolescens,
2911 5329 3012 5383 imo
3043 5339 3088 5382 rt
3113 5346 3242 5401 pene
3264 5328 3405 5385 Puer
3431 5341 3480 5385 ct

1896 5416 2084 5485 primos
2122 5417 2339 5487 impetus
2382 5418 2687 5472 lascivientis
2735 5420 2899 5474 (etatis
2926 5422 3080 5475 eremi
3105 5422 3295 5476 duritia
3320 5426 3480 5491 refre-

1896 5526 2092 5576 narem,
2121 5511 2303 5579 scripsi
2331 5511 2398 5563 ad
2428 5510 2730 5564 avunculum
2758 5519 2900 5564 tuum
2930 5510 3268 5567 ileiiodorum
3293 5510 3482 5563 eat/tor-

1889 5604 2134 5657 tlatoriam
2183 5602 2488 5674 Epistulam.
2543 5603 2618 5657 Ea
2664 5602 2788 5657 data
2835 5612 2918 5657 est
2944 5617 3104 5669 anno,
3140 5611 3197 5656 ut
3239 5598 3481 5666 pluribus

1894 5711 1999 5751 suo
2021 5697 2138 5751 loco
2165 5696 2521 5762 ostendimus,
2552 5693 2678 5755 375,
2705 5708 2826 5747 cum
2859 5694 2971 5762 ipse
2993 5694 3141 5747 initia
3166 5687 3485 5745 adolescen-

1902 5785 1987 5840 tiae
2012 5787 2121 5857 jam
2153 5785 2398 5850 duceret,
2430 5786 2544 5839 sive
2574 5795 2745 5836 annos
2775 5792 2933 5833 natus
2975 5790 3120 5834 esset
3158 5776 3343 5847 viginti
3387 5793 3482 5837 se-

1905 5891 2046 5953 ptem
2078 5896 2092 5933 :
2118 5879 2170 5935 id
2197 5878 2336 5950 quod
2378 5876 2512 5933 adeo
2539 5877 2591 5931 in
2618 5872 2990 5940 supputatione
3016 5870 3114 5925 Itac
3139 5877 3319 5926 nostra
3338 5883 3487 5929 recte
