4004 6328
521 404 599 458 113
1792 395 1847 451 8.
1887 388 2099 450 illiilli}

2205 388 2255 443 ιιι
2301 389 2479 444 κιτι.
3718 393 3781 462 η

520 517 705 578 habet.
751 525 807 571 ut
851 515 963 572 fere
1004 531 1070 573 ex
1111 515 1215 573 hoc
1252 531 1358 573 uno
1391 512 1695 572 testimonio
1726 523 1904 574 verus,
1934 520 2092 578 quem

518 612 772 681 diximus,
820 611 1012 667 natalis
1055 610 1176 682 ejus
1220 625 1393 666 annus
1436 611 1544 681 jam
1587 614 1818 662 constet.
1868 603 1934 658 Et
1964 613 2096 655 vero

517 702 709 757 iisdem
742 702 900 774 plane
916 702 1104 758 verbis
1129 716 1260 758 usus
1284 711 1368 757 est
1389 708 1604 755 aetatem
1625 693 1971 767 Imperatoris
1991 691 2095 745 Va-

522 794 827 858 lentiniani,
875 809 997 849 cum
1047 804 1277 850 mortem
1317 792 1563 865 oppetiit,
1594 797 1894 853 notaturus,
1924 784 2094 855 Epist.

518 885 631 943 LX.
663 880 779 942 sive
824 886 1107 959 Epitaphio
1133 885 1438 956 Nepotiani,
1472 882 1797 947 Adolescens,
1830 876 2094 949 inquiens,

530 973 931 1042 Valentinianus,
966 984 1031 1030 ‘et
1059 989 1185 1046 pene
1220 973 1381 1038 Puer,
1431 981 1541 1044 post
1583 971 1777 1043 fugam,
1820 976 1931 1038 post
1966 964 2100 1021 exsi-

520 1068 611 1121 lia.
641 1104 657 1120 .
686 1107 699 1124 .
729 1106 743 1121 .
796 1076 1005 1125 necatus
1031 1077 1124 1122 est.
1156 1066 1377 1122 Constat
1406 1064 1549 1119 enim
1577 1062 1645 1118 ab
1674 1061 1904 1116 illorum.
1929 1057 2099 1112 histo-

517 1160 613 1215 riis
642 1169 965 1231 temporum,
998 1174 1121 1215 eum
1152 1168 1278 1214 tunc
1319 1172 1519 1212 annum
1565 1163 1776 1212 sextum
1814 1166 1974 1222 supra
2014 1149 2097 1203 vi-

518 1252 782 1321 gesimum
823 1251 1036 1322 egisse,
1064 1259 1142 1306 tot
1188 1250 1459 1313 nimirum,
1487 1256 1575 1301 aut
1604 1261 1713 1301 uno
1742 1243 1939 1309 minus,
1968 1248 2100 1312 quot

516 1345 588 1401 de
612 1359 671 1400 se
703 1345 817 1413 ipse
847 1345 1070 1414 loquens
1096 1343 1354 1399 indicarat
1382 1356 1600 1415 :_neque
1619 1340 1762 1396 enim
1792 1335 2098 1392 verosimile

516 1445 624 1503 est,
672 1451 796 1491 eum
846 1435 1032 1491 iisdem
1063 1435 1241 1490 verbis
1270 1434 1376 1489 alio
1400 1430 1700 1504 signiﬁcatu
1733 1431 1800 1486 de
1826 1443 1907 1493 se,
1938 1436 2099 1497 atque

515 1527 636 1582 aliis
676 1543 850 1585 usum.
882 1527 1079 1583 Eadem
1110 1524 1280 1582 ferme
1305 1539 1570 1581 annorum
1599 1522 1803 1579 notatio
1832 1531 1936 1587 est,
1973 1534 2094 1575 cum

514 1630 574 1671 se
606 1624 919 1680 ιποκοιιςικῶς
963 1617 1393 1672 adolescentulam
1433 1622 1613 1681 vocat,
1659 1612 1777 1669 Lib.
1820 1612 1862 1666 Ι.
1909 1618 2095 1668 contra

514 1707 784 1763 Juviuiau.
810 1723 929 1778 cap.
955 1708 1047 1775 36,
1076 1707 1202 1763 Cum
1236 1708 1345 1778 ipse
1383 1706 1787 1765 adolescentulus
1834 1704 1886 1758 in
1927 1700 2097 1757 Gallia

515 1800 726 1855 viderint
757 1801 1022 1867 Atticotos,
1051 1810 1249 1871 gentem
1290 1798 1661 1863 Britannicam,
1692 1795 1928 1851 Immanis
1966 1792 2097 1848 vesci

515 1894 771 1947 carnibus.
816 1892 1075 1962 Quartum
1100 1900 1192 1947 aut
1221 1890 1484 1961 quintum,
1514 1900 1573 1945 ut
1599 1904 1665 1944 ex
1692 1886 1930 1943 dicendis
1956 1883 2095 1940 infc-

517 1983 631 2038 rius
655 1982 944 2051 constabit,
971 1998 1004 2038 a
1028 1983 1290 2054 vigesimo
1311 1996 1509 2036 annum
1534 1988 1660 2035 tunc
1686 1978 1895 2050 agebat.
1923 1976 2092 2047 Epist.

514 2072 677 2129 CXX.
706 2074 773 2131 ad
803 2075 1101 2141 lledibiam,
1136 2073 1361 2144 Majores
1403 2074 1475 2127 tui
1518 2071 1729 2139 Patere,
1774 2081 1925 2139 atque
1967 2068 2094 2123 [lel-

518 2165 744 2236 phidius,
773 2181 989 2237 quorum
1014 2164 1142 2218 alter
1166 2174 1435 2235 antequam
1463 2179 1555 2234 ego
1580 2178 1832 2228 nascerer,
1863 2159 2097 2216 Rhetori-

515 2273 628 2309 cam
662 2255 837 2311 llomcc
863 2255 1035 2309 docuit
1058 2270 1076 2308 :
1103 2255 1253 2321 alter,
1279 2271 1357 2308 me
1368 2254 1484 2325 jam
1509 2252 1900 2317 adolescentulo,
1925 2266 2097 2304 omnes

516 2346 715 2403 Gallias
760 2363 913 2419 prosa
959 2363 1206 2417 versuque
1232 2362 1324 2401 suo
1352 2346 1621 2400 illustraott
1648 2344 1868 2415 ingenio.
1916 2341 2095 2412 Quan-

517 2455 675 2510 quam
699 2440 864 2502 movit
882 2439 968 2495 hic
999 2439 1147 2494 locus
1172 2438 1452 2508 plurimos,
1482 2437 1569 2506 qui
1598 2452 1719 2491 cum
1754 2438 1806 2489 in
1832 2433 2097 2490 Chronico

517 2532 756 2600 legerent
794 2528 860 2585 ad
919 2544 1115 2584 annum
1156 2525 1352 2583 Christi
1384 2528 1490 2584 555
1519 2525 1853 2596 Delphidimn
1887 2524 2094 2590 referri,

519 2620 926 2693 Hieronymum,
957 2620 1047 2689 qui
1078 2630 1202 2676 tunc
1227 2622 1387 2676 etiam
1415 2621 1466 2673 in
1496 2617 1761 2673 sententia
1790 2616 1889 2671 hac
1913 2624 2093 2669 nostra

516 2731 687 2771 annos
735 2714 920 2770 decem
964 2722 1023 2770 ut
1047 2728 1315 2770 summum
1345 2722 1547 2785 ageret,
1582 2713 1753 2768 solido
1791 2711 1966 2766 adhuc
1996 2709 2095 2765 de-

519 2807 714 2861 eenuio
736 2807 807 2863 ab
828 2806 1204 2863 adolescentia:
1226 2807 1390 2863 initiis
1414 2807 1612 2862 distare
1632 2813 2093 2878 argumentantur.

517 2898 620 2953 Sed
644 2898 750 2954 alia
778 2899 830 2954 in
858 2896 1129 2955 Chronico
1158 2899 1449 2954 notationis
1478 2898 1597 2968 eius
1637 2905 1721 2953 est
1761 2900 1896 2952 ratio
1941 2914 1954 2951 :
1999 2910 2095 2950 ne-

516 3004 622 3059 que
662 2990 807 3045 enim
851 3006 956 3061 quo
1005 3000 1246 3062 tempore
1294 2989 1608 3062 Delphidius
1636 2988 1840 3046 Gallias
1866 2988 2098 3043 nominis

518 3084 597 3136 sui
629 3093 786 3154 atque
813 3098 1035 3154 operum
1075 3085 1185 3154 jam
1217 3083 1549 3153 impleverat,
1579 3081 1673 3138 sed
1718 3095 1825 3153 quo
1870 3080 2098 3151 primum

518 3193 660 3231 anno
692 3178 883 3232 ﬂorere
917 3177 1103 3248 erepit,
1133 3177 1200 3233 de
1230 3193 1379 3233 more
1406 3179 1716 3232 adnotatum
1762 3175 1833 3231 ibi
1868 3185 1951 3230 est
1990 3191 2005 3229 :
2047 3172 2100 3228 id

521 3269 662 3339 quod
692 3270 810 3325 aliis
840 3284 902 3326 ac
928 3269 1040 3326 lere
1086 3270 1362 3340 perpetuis
1403 3269 1662 3339 exemplis
1704 3267 2094 3333 demonstrare,

520 3363 564 3418 si
597 3376 684 3417 res
724 3360 877 3427 lerat,
912 3362 965 3417 in
1005 3371 1254 3432 promptu
1293 3368 1456 3416 esset.
1488 3360 1657 3415 Porro
1686 3360 1805 3429 quis
1835 3372 1939 3413 non
1966 3372 2099 3412 con-

520 3464 836 3509 sentaneum
882 3468 1002 3510 esse
1045 3453 1330 3523 intelligat,
1362 3461 1484 3524 post
1512 3452 1739 3507 altermu
1771 3450 1957 3505 saltem
1999 3447 2095 3503 de-

519 3545 768 3600 cennium
798 3553 853 3602 et
878 3544 1020 3616 quod
1051 3545 1308 3611 excurrit,
1340 3544 1405 3599 ad
1438 3553 1634 3616 tantam
1658 3544 1807 3601 fama:
1828 3541 2103 3598 celebrita-

522 3646 651 3698 tem,
669 3636 825 3692 novis
847 3635 1075 3691 subinde
1096 3634 1606 3701 elucubrationibus,
1633 3634 1845 3691 demum
1868 3635 2100 3698 venisse,

523 3735 580 3779 ut
606 3742 731 3781 vere
757 3725 955 3782 dixerit
996 3726 1052 3783 S.
1099 3725 1280 3790 Pater,
1310 3739 1369 3803 se
1394 3724 1818 3792 adolescentulo,
1854 3739 1977 3780 eum
2022 3725 2104 3779 in-

418 3888 423 3895 _
521 3818 681 3887 genio
704 3832 803 3872 suo
833 3816 1033 3874 Gallias
1060 3817 1380 3872 illustrasse.
1409 3816 1517 3872 Nec
1540 3817 1841 3888 quempiam
1870 3824 2100 3891 moveat,

521 3907 663 3977 quod
709 3906 982 3962 Blesillam
1033 3907 1084 3962 in
1134 3907 1303 3978 Epist.
1350 3905 1595 3963 XXXIX.
1645 3908 1820 3978 viginti
1857 3922 2103 3962 nunerum

522 4000 950 4055 adolescentulam
975 4000 1129 4066 dixit,
1162 4015 1319 4071 quam
1348 4001 1579 4071 puellam
1608 4016 1669 4055 ea
1697 3999 1764 4055 dc
1789 4015 1974 4055 ean-sa
1998 3998 2104 4053 lor-

526 4101 666 4144 tasse
714 4091 993 4158 appellari,
1043 4092 1160 4160 qu‘s
1210 4090 1518 4154 innlnissct;
1570 4105 1691 4143 nam
1735 4089 1825 4144 ubi
1870 4089 2101 4160 sequiori

524 4181 708 4250 generi
730 4193 979 4250 aptantur
995 4182 1254 4251 ejusmodi
1281 4180 1546 4248 ιυτωυιω,
1563 4197 1667 4236 non
1689 4180 1931 4236 eamdem
1952 4181 2105 4251 plane

526 4273 632 4326 vim
661 4270 1106 4342 commodumque
1147 4272 1346 4327 habent
1370 4271 1836 4342 signiﬁcationem.
1867 4271 2106 4342 Denique

526 4365 657 4421 Satis
681 4375 925 4439 apparet,
959 4380 1117 4434 quam
1146 4363 1260 4434 ipse
1288 4363 1447 4427 bene,
1492 4363 1641 4433 juxta
1678 4378 1796 4417 eam
1841 4363 2102 4433 regulam,

524 4450 1017 4526 gradibtts'azlaltttn
1048 4456 1336 4520 insisteret,
1365 4455 1451 4511 ubi
1481 4469 1540 4510 se
1564 4455 1615 4509 in
1635 4455 1996 4523 adolescentia,
2021 4455 2105 4510 vel

525 4549 891 4608 adolescentem
930 4547 1173 4602 absolute
1216 4546 1472 4621 nominat,
1502 4561 1635 4616 quos
1667 4546 1922 4600 terminos
1954 4546 2100 4600 licuit

528 4642 595 4694 ad
638 4640 1103 4710 quadragesimum
1148 4654 1314 4710 usque
1355 4654 1553 4693 annum
1597 4636 1912 4708 producere.
1943 4636 2105 4693 Com-

533 4731 794 4786 mentario
840 4730 977 4788 Xill.
1027 4729 1078 4786 iu
1117 4730 1383 4786 Ezechiel.
1413 4745 1532 4801 cap.
1561 4730 1650 4786 M.
1679 4722 1849 4800 Super
1875 4746 1997 4799 qua,
2029 4732 2105 4786 ait

528 4823 919 4893 qawstiuncula,
955 4817 1130 4877 Ranae
1154 4821 1418 4880 adversum
1449 4820 1761 4888 Helvidium,
1794 4822 1933 4876 illius
1980 4832 2104 4877 lem-

530 4915 667 4986 poris
711 4914 1022 4981 Iucreticum,
1067 4914 1120 4968 in
1166 4912 1502 4969 adolescentia
1529 4930 1627 4970 non
1656 4914 1897 4986 grandem
1926 4914 2109 4970 librant

532 5005 794 5076 scripsisse
849 5020 927 5058 me
983 5003 1118 5065 novi,
1185 5002 1314 5057 Erat
1361 5004 1640 5059 enimvero
1684 5013 1808 5060 tunc
1846 5020 2107 5061 annorum

533 5098 701 5153 ferme
743 5096 835 5163 57,
885 5094 1148 5168 siquidem
1193 5109 1356 5162 anno,
1385 5104 1443 5149 ut
1467 5111 1565 5151 suo
1593 5092 1711 5151 ineo
1742 5095 2106 5162 ostendemus,

530 5190 656 5251 385,
705 5188 793 5243 ille
829 5186 1164 5256 conscriptus
1200 5195 1285 5242 est
1323 5186 1480 5244 liber.
1529 5188 1649 5244 Alia
1684 5187 1734 5243 id
1760 5204 1928 5259 genus
1954 5189 2107 5244 teSIi-

532 5280 709 5335 mouia
760 5277 1115 5349 prieterimus,
1144 5292 1262 5348 qua:
1289 5277 1342 5332 in
1371 5286 1550 5335 nostra
1583 5279 1797 5350 quidem
1827 5278 2110 5351 bypotlicsi

535 5372 738 5443 optime
780 5371 959 5426 omnia
1008 5369 1351 5437 conveniunt,
1401 5370 1781 5442 coharrentque
1831 5372 1970 5426 inter
1998 5385 2100 5426 se:

528 5467 680 5537 juxta
721 5463 856 5518 alios
897 5472 1075 5519 autem
1117 5477 1324 5532 omnes,
1368 5463 1457 5534 qui
1488 5461 1823 5534 Prosperiani
1850 5460 2101 5518 Chronici

532 5560 777 5617 rationes
801 5567 1001 5619 amant.
1036 5570 1206 5628 neque
1230 5556 1474 5627 intelligi,
1504 5571 1676 5626 neque
1703 5552 1962 5623 explicari
1990 5551 2101 5607 ullo

536 5651 699 5707 modo
739 5659 984 5721 possunt.
1011 5647 1345 5720 Singularem
1397 5648 1558 5704 modo
1584 5645 2099 5701 animadversionem

533 5744 799 5812 adjiciam,
829 5758 931 5813 qua
962 5742 1216 5798 hactenus
1235 5740 1499 5812 di<putata
1528 5737 1753 5794 Solidius
1772 5736 2101 5792 consuman-

514 5846 623 5899 .tttt'
684 5833 999 5893 Pra‘latione
1041 5832 1419 5888 Cummcutarii
1463 5831 1516 5887 in
1567 5829 1789 5885 Abdiam
1822 5826 2102 5899 proﬁtetur

2203 500 2257 555 S.
2295 501 2468 567 Pater,
2496 502 2622 557 olim
2651 508 2845 578 sepqui
2877 511 3086 565 necdum
3113 513 3182 579 ad
3205 522 3404 569 atatem
3433 516 3647 587 perfecti
3669 520 3776 588 riri,

2202 601 2248 646 et
2277 595 2330 648 in
2355 611 2641 655 mensuram
2671 598 2856 655 Christi
2886 614 3126 671 venerat,
3154 606 3205 660 in
3236 607 3580 665 adolescentia
3611 630 3778 676 proro-

2203 694 2372 740 catum
2414 687 2597 745 ardore
2636 699 2682 745 et
2728 694 2897 749 studio
2937 697 3322 770 Scriptararam
3365 701 3508 759 hunc
3533 707 3775 764 eumdem

2206 775 2518 845 PrOphetam
2552 779 2720 840 fuisse
2749 786 3019 858 allegorice
3057 790 3459 863 interpretatum.
3493 796 3639 863 llaec,
3668 815 3777 871 quae

2204 879 2259 923 et
2289 872 2511 928 minime
2536 882 2745 930 tetatem
2796 879 2916 933 tulit
2960 881 3256 952 Expositio,
3295 885 3528 944 Auctore
3561 888 3632 944 ab
3671 890 3779 963 ipso

2207 963 2507 1032 repudiata,
2552 965 2618 1020 ad
2660 973 3153 1041 auuumpertiuet,
3195 985 3253 1030 ut
3293 978 3426 1036 alias
3453 980 3775 1040 declaratum

2201 1061 2303 1117 est,
2337 1064 2497 1125 atque
2542 1057 2678 1112 infra
2726 1060 3060 1131 manifestius
3100 1069 3389 1138 constabit,
3422 1073 3526 1129 574
3553 1085 3646 1132 aut
3692 1092 3777 1136 se-

2204 1154 2480 1213 quentem,
2525 1163 2631 1218 quo
2672 1158 2917 1223 tempore
2958 1155 3025 1210 de
3067 1172 3126 1212 se
3167 1159 3345 1229 prodit
3374 1142 3509 1233 ipse,
3543 1168 3773 1224 nondum

2202 1236 2268 1289 ad
2311 1247 2521 1294 :ctatem
2566 1244 2858 1312 perlectam
2908 1248 3250 1317 plenitudinis
3294 1254 3493 1313 Christi
3543 1261 3771 1318 venisse.

2201 1326 2358 1423 IEtas
2385 1340 2560 1387 autem
2593 1333 2789 1391 Christi
2822 1339 3055 1408 perlecta
3092 1343 3301 1412 triginta
3323 1362 3584 1405 annorum
3608 1355 3777 1422 spatio

2201 1423 2523 1516 etuitiuetur,
2575 1426 2689 1495 ipso
2730 1428 3058 1502 Hieronymo
3099 1435 3180 1490 sui
3225 1452 3417 1496 sensus
3467 1445 3774 1516 interprete,

2200 1512 2289 1580 qui
2340 1514 2506 1584 Epist.
2558 1517 2814 1574 Lxxxu.
2844 1521 2909 1576 ad
2939 1522 3315 1596 Theophilum,
3354 1547 3449 1602 pro
3485 1512 3653 1593 fratre
3681 1512 3777 1597 suo

2201 1604 2513 1663 Pauliniano
2559 1608 2852 1682 disserens,
2882 1615 3034 1684 cujus
3068 1630 3442 1685 prmmaturam
3475 1628 3793 1691 ordinatio-,

2201 1712 2321 1788 nem
2347 1696 2582 1755 Joannes
2607 1704 2975 1772 caussahatur,
3008 1706 3185 1778 Αἶιαί,
3218 1712 3409 1785 inquit,
3441 1719 3553 1788 ejus
3584 1730 3633 1775 et
3658 1721 3777 1779 Bea-

2199 1787 2406 1885 titadini
2428 1798 2527 1845 tute
2549 1800 2669 1846 nota
2694 1803 2788 1861 est,
2813 1805 2860 1850 et
2881 1814 3035 1867 quant
3063 1801 3133 1855 ad
3156 1803 3365 1875 triginta
3387 1787 3640 1866 annorum
3663 1832 3776 1885 spa-

2199 1878 2269 1972 tia
2287 1879 2399 1948 jam
2425 1883 2723 1951 pervenerit,
2754 1897 2876 1957 puto
2904 1904 3013 1943 eam
3039 1891 3093 1945 in
3119 1892 3214 1947 hoc
3241 1912 3341 1951 non
3373 1915 3481 1955 esse
3504 1878 3775 1972 reprelien-

2197 1969 2435 2060 dentiam,
2492 1989 2605 2043 qtae
2637 1974 2792 2047 juxta
2834 1983 3127 2051 mysterium
3171 1991 3416 2060 assampti
3457 1969 3680 2049 hominis
3724 1998 3775 2053 in

2197 2057 2395 2117 Christo
2418 2069 2645 2137 perfecta
2670 2066 2762 2123 est.
2790 2068 2847 2126 Si
2874 2086 3002 2141 ergo
3034 2075 3268 2130 nondum
3297 2057 3408 2149 ipse
3429 2083 3493 2137 ad
3519 2099 3637 2140 eam
3660 2097 3776 2143 icta-

2198 2159 2327 2218 tem,
2379 2154 2494 2210 sive
2525 2155 2591 2210 ad
2617 2172 2787 2213 annos
2816 2160 3038 2232 triginta
3072 2180 3411 2238 pervenerat,
3439 2189 3563 2230 eum
3601 2180 3774 2249 Speci-

2198 2257 2320 2298 men
2351 2245 2477 2301 illud
2506 2245 2890 2305 Commentarii
2922 2254 2972 2308 in
2997 2256 3221 2312 Alidiam
3247 2263 3479 2333 scripsit,
3504 2267 3617 2324 sive
3635 2245 3776 2326 anno

2197 2339 2322 2408 574,
2364 2340 2472 2410 jam
2505 2352 2648 2412 patet
2677 2344 2793 2399 luce
2836 2348 3128 2405 meridiana
3173 2353 3390 2422 clarius,
3421 2359 3640 2417 minime
3665 2363 3778 2434 ejus

2196 2444 2372 2487 ortum
2429 2450 2585 2505 posse
2618 2436 2799 2504 altius,
2838 2455 2996 2510 quam
3026 2443 3096 2499 ab
3120 2460 3262 2503 anno
3288 2450 3393 2507 545
3423 2457 3681 2511 revocari.
3710 2457 3778 2515 Ut

2196 2540 2324 2578 vero
2349 2525 2414 2619 ad
2449 2527 2812 2619 insequentem
2844 2532 3088 2601 proxime
3111 2536 3217 2594 548
3258 2539 3553 2609 dill‘eratur,
3583 2555 3639 2602 et
3662 2564 3777 2619 qua:

2197 2616 2441 2687 superius
2484 2617 2751 2689 disputata
2795 2634 2940 2689 sunt,
2987 2624 3146 2684 facile
3184 2632 3429 2698 suadent,
3473 2645 3527 2691 et
3557 2616 3779 2697 laudata:

2201 2708 2497 2804 hujusmetw
2518 2711 2850 2771 Prmfationis
2892 2718 2942 2772 in
2978 2720 3204 2777 Abdiam
3236 2725 3384 2781 locus
3415 2727 3531 2795 ille,
3561 2731 3653 2786 ubi
3682 2750 3777 2804 ap-

2200 2801 2360 2893 pellat
2386 2817 2442 2855 se
2464 2802 2706 2872 Puerum,
2725 2821 2830 2876 quo
2853 2810 3115 2867 vocabulo
3139 2814 3347 2883 videtur
3367 2818 3623 2887 voluisse,
3638 2801 3780 2893 quod

2198 2891 2358 2962 paulo
2381 2904 2505 2948 ante
2530 2893 2738 2951 dixerat
2765 2899 2815 2952 in
2846 2899 3217 2971 Adolescentia,
3247 2891 3680 2980 contemperare,
3726 2924 3781 2970 ut

2198 2997 2258 3037 se
2288 2982 2446 3052 hujus
2469 2986 2644 3042 aetatis
2676 2987 2823 3043 initia
2857 2991 3035 3060 potius
3064 3009 3221 3064 quant
3252 2997 3488 3053 medium
3518 3016 3699 3073 agere,
3729 3014 3784 3060 et

2199 3089 2304 3129 non
2333 3076 2524 3147 exiguo
2572 3079 2859 3137 admodum
2892 3085 2958 3139 ab
3000 3085 3068 3141 50
3117 3088 3270 3143 annis
3313 3091 3486 3161 Spatio
3534 3104 3663 3151 tunc
3685 3096 3781 3152 ab-

2201 3165 2384 3235 fuisse,
2415 3168 2758 3239 signiﬁcaret.

2273 3259 2361 3316 lli.
2397 3261 2469 3317 De
2496 3265 2711 3322 nomine
2735 3267 2894 3323 etiam
2922 3268 2977 3325 S.
3008 3270 3199 3339 Patris,
3224 3280 3367 3329 utne
3390 3252 3515 3346 quid
3538 3277 3783 3349 disputa-

2203 3350 2435 3407 tionibus
2462 3353 2513 3408 in
2544 3363 2828 3429 utramque
2856 3370 3058 3430 partem
3087 3362 3329 3434 deesset,
3371 3367 3511 3423 inter
3544 3370 3787 3428 eruditos

2201 3452 2606 3503 controversum
2630 3458 2730 3506 est.
2768 3450 3129 3525 Hieronymus,
3162 3458 3302 3527 quod
3333 3468 3446 3515 erat
3482 3459 3557 3515 illi
3582 3476 3785 3534 cogno-

2201 3546 2465 3603 mentum,
2493 3539 2614 3595 aliis
2640 3556 2761 3597 cum
2793 3543 3030 3599 \‘ictorio
3053 3562 3260 3602 sacram
3292 3549 3467 3621 legem
3485 3552 3785 3622 signiﬁcat:

2202 3627 2322 3683 aliis
2348 3645 2471 3685 cum
2503 3630 2750 3699 Erasino,
2781 3634 2939 3704 idque
2970 3637 3135 3692 multo
3166 3640 3366 3706 verius,
3393 3642 3533 3696 sacri
3555 3646 3789 3700 nominis

2202 3723 2639 3793 appellationem.
2661 3726 2908 3784 Eusebius
2928 3728 3095 3802 (quod
3115 3729 3276 3787 luisse
3296 3733 3546 3801 patrisuo
3567 3752 3788 3805 nomen,

2203 3812 2437 3870 declarat
2466 3816 2577 3887 ipse
2611 3816 2678 3874 de
2717 3833 2775 3874 se
2812 3820 3037 3890 loquens
3077 3822 3129 3876 in
3169 3820 3421 3894 Catalogo
3450 3823 3787 3895 Scriptorum

2206 3905 2511 3972 illustrium,
2544 3924 2709 3980 seque
2737 3910 2805 3965 ab
2831 3911 2921 3969 illo
2948 3914 3243 3983 accepisse,
3268 3915 3379 3986 ipsa
3406 3917 3682 3973 nominum
3707 3934 3792 3973 ra-

2207 3997 2300 4063 tio,
2320 4010 2368 4053 et
2386 4001 2560 4070 gentis
2579 4002 2812 4072 antiqua:
2836 4005 3166 4060 consuetudo
3184 4009 3528 4081 persuadent)
3548 4010 3786 4080 fuerunt,

2204 4096 2364 4158 atque
2387 4089 2524 4144 adeo
2554 4101 2677 4145 sunt
2716 4095 2992 4159 nonnulli,
3034 4095 3124 4166 qui
3164 4100 3374 4168 penitus
3414 4104 3681 4156 removeri
3724 4103 3793 4157 ab

2205 4176 2533 4252 Hieronymo
2561 4183 2760 4239 velint:
2790 4184 2902 4252 alii,
2928 4202 3153 4256 quorum
3175 4187 3243 4243 de
3273 4204 3497 4244 numero
3519 4190 3794 4262 Menagius

2205 4269 2271 4323 ad
2301 4268 2594 4338 Lael-tium,
2625 4272 2715 4343 qui
2757 4289 2828 4329 ex
2871 4274 3072 4347 aliquot
3098 4276 3454 4335 Cmsarcensis
3481 4280 3703 4337 Eusebii
3733 4284 3795 4338 li-

2209 4361 2425 4419 brorum
2458 4366 2895 4436 interpretatione
2920 4368 2989 4426 de
3019 4369 3206 4426 Graeco
3234 4372 3285 4426 in
3311 4371 3559 4428 Latinum
3578 4374 3647 4430 ab
3677 4375 3797 4446 ipso

2206 4454 2481 4520 adornata,
2512 4456 2761 4528 adeptum
2786 4459 2885 4513 sibi
2928 4460 3269 4516 contendant.
3299 4462 3397 4528 Qui
3439 4464 3691 4533 quidem,
3741 4475 3800 4521 ut

2208 4547 2335 4601 alias
2362 4547 2614 4616 diximus,
2646 4552 2827 4620 nugari
2858 4554 3050 4622 potius,
3085 4569 3242 4622 quam
3269 4554 3409 4608 serio
3432 4554 3614 4611 dicere
3634 4557 3802 4613 nobis

2208 4639 2474 4695 videntur.
2506 4637 2613 4696 Sed
2641 4651 2694 4697 et
2721 4641 2865 4696 aliud
2890 4643 3156 4698 invenitur
3184 4645 3235 4699 in
3256 4645 3486 4715 antiquis
3518 4645 3671 4702 libris
3701 4648 3794 4703 ad-

2209 4727 2374 4783 ditum
2410 4730 2482 4785 illi
2535 4731 2648 4786 sive
2684 4746 2909 4797 nomen,
2952 4733 3063 4787 sive
3093 4749 3396 4801 [omninoest
3427 4735 3803 4806 Sophronias,

2210 4821 2279 4877 de
2307 4838 2412 4893 quo
2432 4863 2450 4891 ,
2480 4832 2538 4878 ut
2579 4823 2737 4893 paulo
2765 4824 3018 4878 attentius
3048 4824 3401 4894 disquiramus
3423 4866 3437 4890 ,
3479 4826 3642 4897 digna
3683 4830 3802 4883 visa

2210 4930 2300 4971 res
2321 4923 2424 4970 est.
2454 4912 2790 4970 Martianaius
2819 4913 3032 4983 quidem
3061 4925 3412 4984 prinnotatum
3444 4916 3495 4971 in
3527 4934 3633 4972 uno
3655 4919 3804 4975 alte-

2212 5021 2380 5078 roque
2408 5023 2471 5062 ex
2495 5008 2557 5062 iis
2583 5016 2784 5061 tantum
2809 5006 2959 5061 libris
2987 5007 3211 5074 invenit,
3247 5009 3334 5079 qui
3360 5007 3497 5064 falso
3521 5009 3802 5067 adtributa

2213 5099 2269 5155 S.
2314 5099 2454 5153 Patri
2494 5112 2654 5168 opera
2693 5096 2934 5167 quirdam
2974 5096 3257 5165 exhibent,
3299 5114 3472 5169 neque
3498 5101 3635 5156 adeo
3665 5104 3808 5158 satis

2212 5205 2395 5247 eorum
2418 5204 2539 5244 esse
2558 5187 2921 5243 testimonium
2942 5187 3006 5242 ad
3031 5188 3321 5245 faciendam
3346 5193 3422 5246 rei
3447 5191 3629 5259 (idem,
3646 5195 3805 5250 exis-

2216 5282 2442 5335 timavit.
2469 5279 2635 5334 Nobis
2657 5279 2875 5334 meliore
2900 5279 2974 5332 uti
2995 5278 3201 5334 fortuna
3223 5282 3468 5352 contigit,
3495 5284 3584 5354 qui
3605 5285 3807 5355 genui-

2213 5375 2293 5427 nis
2305 5388 2513 5445 quoque
2538 5372 2877 5425 monimentis
2897 5371 3203 5440 inscriptum
3232 5371 3552 5440 invenimus,
3582 5384 3809 5431 tamen-

2211 5465 2335 5530 etsi,
2384 5472 2441 5518 ut
2467 5462 2597 5517 nihil
2626 5460 3054 5524 dissimulemus,
3099 5462 3150 5515 iu
3182 5463 3455 5521 codicibus
3490 5481 3596 5520 non
3625 5481 3812 5539 usque

2212 5556 2346 5612 adeo
2373 5556 2614 5617 vetustis,
2644 5562 2699 5609 et
2724 5554 2812 5623 qui
2836 5552 3230 5619 duodecimum,
3255 5566 3306 5610 ut
3330 5558 3600 5629 conjicere
3619 5562 3809 5631 licuit,

2211 5646 2463 5703 sicculum
2492 5653 2903 5701 auteverterent.
2939 5648 3080 5702 Duos
3122 5648 3356 5717 possidet
3396 5652 3760 5712 Ambrosiana
3789 5699 3808 5723 ,

2209 5752 2329 5807 qua:
2346 5734 2623 5792 Mediolani
2641 5745 2742 5801 est,
2773 5736 3120 5804 Bibliotheca,
3152 5753 3373 5808 quormn
3400 5740 3539 5799 alter
3566 5761 3815 5804 numero

2210 5827 2279 5883 88
2302 5828 2999 5900 prrenotatur,continetque
3029 5828 3223 5885 librum
3259 5829 3543 5893 Nominum
3566 5835 3812 5897 Hebrai-
