4004 6328
263 324 324 380 ιδ
1522 344 1580 401 S.
1622 344 1998 409 IllEllONYMl
2042 353 2218 410 VITA.
3452 387 3515 445 Η

257 458 452 513 eorum,
471 449 660 516 quisic
686 452 1005 524 inscribitur,
1027 457 1230 515 Eusebii
1255 461 1542 534 Sopltronii
1563 466 1822 542 Hierony-

256 537 338 602 mi,
367 537 484 594 licet
511 541 629 598 iure
664 547 957 619 Epigraphe
982 554 1224 621 perbrevi
1255 556 1530 626 Epistolm,
1563 562 1625 616 de
1645 537 1822 628 [armis

257 624 616 687 Hebr-uicorum
645 637 943 705 litterarum,
975 657 1092 712 qutc
1125 624 1454 704 Prmfalionis
1494 653 1544 705 in
1580 668 1702 706 eum
1730 654 1820 709 Li-

255 721 397 774 brum
428 723 602 780 vicem
631 731 788 798 gerit,
815 733 883 788 ab
907 736 1145 792 studioso
1171 741 1420 810 quopiam
1444 785 1458 809 ,
1507 761 1609 799 non
1641 746 1824 803 llicro-

250 826 419 883 uymo,
444 816 742 885 adornatae,
765 840 920 895 quam
947 836 1000 882 et
1026 828 1148 886 huic
1169 831 1336 889 Tomo
1364 851 1460 890 nos
1481 839 1822 907 primumad-

248 905 523 973 nectimus,
557 913 779 980 prmfixa
810 917 1069 976 videatur.
1103 924 1335 980 Alterius
1363 905 1536 983 autem
1561 972 1574 994 ,
1617 933 1705 1000 qui
1734 932 1824 988 Li-

246 992 388 1047 brum
410 995 478 1050 de
507 997 667 1056 Locis
689 1003 868 1061 Terra:
889 1007 1098 1066 Sancta:
1120 1016 1376 1083 continet,
1404 1019 1820 1080 luculentissima

245 1084 510 1155 inscriptio
531 1100 618 1146 est
646 1092 951 1164 lmjnsmodi
977 1117 990 1154 :
1014 1101 1206 1173 Incipit
1227 1110 1456 1178 prwfatio
1474 1107 1686 1165 Domini
1712 1111 1822 1168 Eu-

241 1177 353 1230 sebii
373 1180 664 1250 Sopltronii
688 1187 992 1263 Hieronymi
1021 1195 1072 1248 in
1103 1195 1230 1251 libro
1261 1197 1528 1268 Locorum,
1557 1203 1618 1256 ab
1646 1202 1813 1259 Euse-

239 1269 312 1322 bio
341 1268 613 1343 Pamphili
640 1277 947 1337 Caesariensi
978 1284 1232 1358 Episcopo
1274 1291 1414 1360 prius
1451 1295 1584 1348 edito
1618 1296 1819 1366 quidem

236 1359 281 1412 iu
308 1359 482 1418 Greco
503 1407 519 1431 ,
554 1369 647 1422 sed
690 1388 724 1424 a
761 1379 975 1446 prerato
1007 1377 1321 1452 Hieronymo
1349 1386 1663 1452 postmodum
1693 1389 1817 1442 dili-

232 1452 418 1518 gentius
444 1455 499 1509 in
532 1455 776 1515 Latinum
800 1467 985 1535 stylum
1010 1472 1274 1526 translato.
1299 1473 1414 1540 Quo
1432 1476 1645 1545 quidem
1670 1481 1820 1533 testi-

232 1544 405 1597 monio
434 1545 599 1604 facile
629 1552 887 1620 adducar,
923 1568 982 1612 ut
1005 1561 1240 1629 credam,
1271 1563 1372 1619 hoc
1397 1581 1609 1636 quoque
1637 1569 1684 1623 ei
1717 1585 1816 1624 no-

230 1648 340 1688 men
364 1634 532 1693 fuisse
553 1639 865 1710 Sophronio
881 1689 895 1712 ,
921 1651 1032 1704 sive
1056 1651 1183 1706 illud
1213 1653 1385 1710 infans
1402 1659 1665 1726 acceperit
1688 1659 1816 1728 ipsis

229 1723 291 1777 ab
309 1725 677 1800 incunabulis,
699 1736 809 1792 sive
827 1747 960 1808 post,
977 1756 1095 1797 cum
1117 1745 1238 1800 vitae
1253 1745 1612 1820 doctrinaque
1627 1753 1815 1808 merito

201 1816 478 1875 celebrari
515 1838 616 1891 per
644 1826 829 1882 orbem
860 1833 1039 1900 coepit.

289 1907 375 1964 IV.
404 1911 602 1982 Igitur,
627 1927 680 1970 ut
702 1933 819 1988 qua:
844 1920 1000 1977 latius
1017 1924 1290 1994 disputare
1312 1928 1568 1986 hactenus
1595 1949 1816 1991 necesse

226 1998 331 2067 fuit,
370 2007 562 2073 paucis
593 2009 662 2064 ad
693 2010 823 2066 Vita:
844 2014 1214 2075 describendae
1236 2023 1451 2078 modum
1479 2027 1808 2098 colligamus,

225 2089 484 2151 Eusebius
503 2098 847 2169 Sophronias
873 2105 1228 2181 Hieronymus
1252 2113 1520 2185 Stridone,
1547 2135 1663 2189 qua:
1688 2122 1817 2176 civi-

223 2193 295 2239 tas
323 2185 383 2240 in
412 2187 709 2248 Dalmatia:
730 2196 855 2251 olim
877 2200 1266 2274 Pannoniaque
1287 2210 1536 2275 confinio,
1567 2185 1631 2265 ad
1653 2212 1816 2268 Italia:

217 2278 392 2342 potius
415 2282 659 2340 limitem
689 2288 904 2345 videtur
931 2295 1274 2364 pertinuisse,
1301 2309 1448 2354 certe
1468 2303 1680 2371 quidem
1712 2321 1816 2360 non

215 2365 364 2439 longe
395 2373 476 2428 ab
507 2376 767 2446 Aquileia
797 2391 954 2450 atque
986 2383 1242 2448 Emtma,
1287 2365 1630 2448 nobilissimis
1654 2395 1818 2450 Italia:

213 2460 456 2529 urbibus,
490 2467 713 2532 aberat,
741 2482 894 2527 natus
920 2485 1024 2538 est,
1055 2492 1194 2531 anno
1223 2480 1450 2547 Christi,
1495 2495 1550 2539 ut
1588 2487 1813 2557 videtur,

216 2558 625 2612 trecentesimo
652 2561 1067 2634 quadragesimo
1093 2569 1267 2635 sexto,
1297 2587 1492 2629 annum
1513 2577 1622 2647 jam
1651 2580 1815 2636 unde-

209 2633 412 2700 eimum
463 2633 878 2720 imperantibus
905 2656 1250 2728 Constantio,
1279 2673 1335 2718 et
1362 2633 1668 2733 Constante,
1703 2672 1810 2726 fra-

212 2736 380 2791 tribus
410 2741 712 2808 Augustis,
741 2745 1096 2818 eumdemque
1126 2750 1266 2807 Julio
1291 2753 1430 2824 Papa
1458 2756 1806 2816 Christianam

211 2828 608 2897 rempublicam
657 2831 1090 2893 administrante.
1147 2839 1401 2898 Parentes
1445 2861 1570 2902 suos
1622 2851 1806 2907 ambos

208 2915 542 2974 Christiana:
583 2921 834 2992 religioni
875 2925 1155 2995 addictos,
1203 2931 1317 3002 ipse
1361 2951 1466 2991 non
1515 2953 1620 2993 uno
1662 2941 1800 3010 loco,

212 3011 436 3066 maxime
471 3027 609 3067 vero
642 3013 962 3073 Precfatione
987 3020 1040 3074 in
1060 3020 1250 3078 Jobum
1277 3026 1534 3086 affirmat:
1558 3046 1585 3085 a
1615 3035 1803 3102 quibus

210 3111 257 3154 et
280 3114 469 3159 sancte
501 3105 790 3162 educatum
822 3125 879 3166 se
909 3113 1104 3181 prodit.
1135 3115 1263 3173 iure
1301 3120 1460 3176 etiam
1488 3123 1703 3196 colligas
1733 3144 1799 3183 ex

183 3215 186 3218 η
209 3193 369 3264 Epist.
403 3197 682 3254 Lxxxu.
718 3201 799 3256 Ad
829 3203 1185 3275 Theophilum
1209 3227 1352 3266 num.
1377 3213 1430 3267 2.
1472 3231 1565 3272 eos
1591 3193 1799 3276 Arionis

210 3300 296 3353 per
317 3302 380 3342 ea
407 3288 535 3343 loca
561 3293 933 3360 grassantibus
955 3313 1224 3368 nunquam
1266 3305 1496 3360 animum
1524 3319 1615 3364 aut
1641 3326 1799 3368 aures

209 3380 676 3446 accommodasse,
707 3383 968 3454 siquidem
995 3403 1054 3444 se
1072 3390 1219 3446 abiis
1248 3394 1507 3463 gloriatur
1545 3399 1608 3453 ab
1637 3401 1759 3468 ipsis
1778 3443 1793 3468 ,

211 3478 260 3521 ut
286 3470 355 3523 ita
383 3471 566 3525 dicam
587 3515 601 3534 ,
633 3474 956 3531 incunabulis
976 3481 1226 3536 catholico
1251 3486 1377 3538 lacte
1397 3489 1655 3544 nutritmn.
1689 3491 1797 3545 Ne-

209 3576 284 3614 mo
306 3579 539 3631 uanique
561 3566 725 3634 magis
751 3566 1128 3627 Ecclesiasticus
1148 3583 1237 3639 est,
1257 3592 1408 3646 quam
1422 3581 1507 3649 qui
1537 3597 1793 3653 nunquam

210 3651 468 3709 htcretictts
511 3657 629 3726 fuit.
673 3659 898 3724 Quidam
938 3677 1276 3729 asseverant,
1327 3679 1378 3723 et
1426 3672 1795 3729 nobilissimos

212 3740 382 3799 fuisse.
412 3745 538 3800 Erit
566 3746 812 3804 fortassis
837 3755 1158 3819 econtrario,
1183 3759 1270 3827 qui
1296 3759 1367 3814 ob
1383 3763 1614 3819 nominis
1641 3765 1794 3820 Cra:-

207 3847 311 3888 catn
339 3837 638 3907 originem,
669 3855 774 3892 non
805 3841 1207 3909 Romanam,tle
1235 3863 1431 3916 genere
1461 3853 1635 3906 servili
1665 3855 1794 3910 sub-

207 3921 469 3981 dubitcnt.
510 3927 576 3982 Et
598 3930 726 3984 mihi
753 3932 964 4000 quidem
989 3936 1294 4005 scrupulum
1318 3941 1484 3994 movit
1508 3942 1794 4012 aliquando

210 4012 347 4072 locus
374 4033 413 4076 c
437 4017 644 4074 dudum
675 4020 886 4078 laudata
919 4024 1153 4094 Epistula
1182 4044 1328 4096 num,
1361 4030 1415 4084 5.
1440 4031 1524 4086 ubi
1546 4033 1610 4087 ad
1633 4034 1793 4090 Joan-

211 4105 284 4160 nis
302 4107 752 4182 Jerosolymitani
768 4114 1192 4172 criminationem
1213 4118 1277 4174 de
1300 4120 1608 4180 Pauliniano
1629 4125 1792 4183 fratre

209 4212 234 4250 e
257 4215 394 4255 servo
424 4200 686 4256 Clericunt
715 4206 876 4274 facta,
905 4208 1033 4263 nihil
1054 4210 1196 4265 aliud
1223 4214 1531 4283 respondet,
1555 4235 1712 4288 quam
1737 4230 1792 4277 et

209 4291 268 4346 ab
293 4295 407 4364 ipso
435 4295 651 4354 Joanne
679 4300 951 4357 nonnullos
980 4305 1232 4374 ejusmodi
1257 4307 1475 4380 Clericos
1501 4311 1709 4384 haberi,
1741 4326 1788 4371 et

213 4385 498 4444 Onesimum
525 4392 628 4462 legi
656 4393 789 4448 inter
815 4393 971 4450 Pauli
997 4409 1223 4452 renatum
1255 4402 1474 4465 vincula,
1505 4403 1788 4463 Diacouum

210 4481 406 4548 cepisse
429 4499 542 4537 esse
571 4482 636 4536 de
661 4499 826 4541 servo.
858 4487 928 4540 At
949 4503 1095 4551 vero,
1121 4491 1163 4543 si
1195 4491 1310 4560 ejus
1335 4504 1448 4548 erat
1468 4497 1788 4556 conditionis

210 4565 333 4636 ipse“
363 4588 470 4627 non
503 4572 722 4629 videtur
747 4573 894 4643 fore,
926 4587 982 4632 ut
1013 4578 1304 4636 Palladium
1333 4586 1525 4642 servilis
1554 4592 1788 4658 nequitia:

209 4657 463 4730 hominem
490 4666 545 4720 in
571 4666 806 4738 Prologo
827 4681 1011 4725 contra
1036 4672 1346 4744 Pelagianos
1379 4693 1613 4747 voearet,
1641 4685 1782 4752 quod

208 4751 348 4810 facile
375 4757 649 4826 potuisset
678 4767 819 4814 nota:
847 4761 1086 4829 ejusdem
1114 4765 1324 4821 servilis
1367 4769 1437 4823 ab
1463 4771 1784 4830 adversariis

211 4842 493 4904 insimulari
519 4866 533 4902 :
562 4863 738 4918 coque
769 4851 968 4920 minus,
1003 4863 1064 4908 ut
1089 4871 1182 4924 per
1203 4855 1382 4926 jocum
1407 4861 1645 4928 adderet,
1675 4881 1781 4922 non

209 4951 261 4992 se
308 4939 420 5010 ejus
462 4941 734 4997 nobilitati
774 4944 1029 5001 invidere.
1073 4948 1151 5002 Ad
1195 4949 1308 5006 lucc
1369 4952 1591 5022 divites,
1623 4967 1781 5030 atque

208 5032 368 5101 amplo
394 5035 727 5104 patrimonio
749 5035 1060 5095 honestatos
1085 5052 1329 5110 parentes
1352 5045 1467 5114 ejus
1495 5045 1673 5115 fuisse,
1702 5052 1782 5107 in-

208 5125 279 5173 ter
301 5121 606 5194 Scriptores
628 5123 740 5180 fere
761 5137 990 5183 constat.
1015 5130 1206 5185 Notum
1234 5133 1359 5188 illud
1386 5135 1525 5204 quod
1551 5147 1602 5192 et
1625 5141 1780 5213 vulgo

207 5208 416 5270 tulerunt
445 5230 512 5272 ex
550 5216 688 5271 libro
721 5218 894 5286 primo
920 5229 1103 5276 contra
1131 5221 1424 5293 Bullinum,
1448 5236 1504 5282 ut
1530 5208 1774 5301 probent,

207 5313 534 5362 numerosam
581 5322 862 5365 servormn
910 5311 1164 5368 familiam
1197 5315 1315 5370 illos
1345 5317 1628 5376 habuisse:
1661 5323 1776 5378 Me-

208 5393 316 5448 mini
355 5413 436 5453 me
480 5415 701 5469 puerum
739 5403 1007 5457 cursitasse
1049 5421 1138 5472 per
1178 5407 1387 5462 cellulas
1421 5411 1734 5468 servulorum
1756 5458 1771 5484 ,

205 5483 319 5538 diem
345 5491 589 5558 feriatum
613 5490 820 5547 duxisse
843 5493 1054 5562 lusibus,
1079 5505 1181 5552 etc.
1212 5501 1520 5571 Quanquam
1545 5504 1648 5562 hoc
1674 5523 1770 5564 ve-

205 5586 328 5643 reor,
358 5596 426 5635 ne
449 5581 585 5636 satis
609 5583 856 5653 apposite
879 5586 1175 5657 accipiant,
1222 5605 1286 5645 ac
1316 5602 1463 5650 recte
1507 5596 1770 5670 interpre-

207 5671 379 5724 tentur.
426 5672 816 5727 Patrimonium
862 5686 1009 5734 certe
1051 5693 1080 5733 a
1107 5679 1262 5737 Patre
1307 5685 1585 5752 relictum,
1627 5691 1768 5761 quod

202 5751 536 5835 Hieronymus
571 5763 785 5822 divendi
807 5766 1017 5826 demum
1041 5773 1262 5838 curavit,
1290 5785 1343 5830 ut
1368 5781 1603 5848 pecuniae
1625 5784 1767 5853 quod

1931 476 2150 546 rediret,
2181 479 2509 551 excipiendis
2530 487 2878 561 undequaun
2907 495 3298 557 confluentibus
3324 504 3508 562 Mena-

1931 572 2153 626 chorutn
2186 575 2356 631 turbis
2381 581 2728 648 expenderet,
2759 584 2898 642 haud
2925 604 3054 647 sane
3082 595 3356 654 mediocre
3392 615 3512 657 esse

1931 665 2183 732 oportuit,
2218 667 2340 723 licet
2368 670 2611 727 modeste
2641 673 2754 743 ipse
2787 689 2943 734 vocet
2971 683 3139 753 Epist.
3177 686 3360 746 LXVI.
3411 693 3508 747 Se-

1932 756 2141 810 mirutas
2165 756 2387 826 villulas,
2416 778 2529 832 qua:
2556 764 2885 822 barbarorum
2909 772 3197 845 e/I'ugerunt
3228 799 3430 851 manus,
3463 797 3510 838 et

1930 859 2193 918 parentum
2219 857 2557 911 communium
2593 875 2790 916 census.
2840 863 3078 938 Denique
3122 880 3175 925 et
3219 873 3306 928 ubi
3337 875 3508 945 Epist.

1910 939 2042 994 'VII.
2075 940 2326 998 describit
2359 948 2538 1013 patria:
2564 963 2673 1004 sua:
2703 968 2877 1010 mores
2898 997 2912 1020 ,
2951 957 3002 1011 in
3030 977 3132 1029 qua
3173 963 3308 1018 Deus
3336 979 3508 1023 retiter

1930 1040 2073 1096 esset,
2100 1042 2146 1086 et
2167 1037 2390 1089 sanctior
2412 1038 2516 1103 ille,
2569 1042 2655 1107 qui
2683 1043 2873 1100 ditior:
2911 1056 2964 1102 et
2999 1050 3162 1119 Epist.
3200 1053 3367 1111 XXII.
3417 1061 3506 1115 ubi

1928 1122 2067 1178 inter
2093 1134 2286 1182 caetera
2317 1128 2438 1184 vita:
2466 1135 2766 1203 commoda,
2797 1154 2855 1194 se
2881 1141 2974 1209 ait,
3004 1149 3365 1203 consuetudine
3395 1152 3511 1206 lau-

1928 1215 2070 1270 tioris
2109 1218 2206 1272 cibi
2251 1231 2458 1292 prapter
2495 1228 2734 1283 caelorum
2778 1249 2932 1304 regna
2975 1247 3240 1308 castrasse,
3283 1243 3510 1316 aliisque

1927 1309 2165 1378 pluribus
2188 1313 2334 1380 locis,
2361 1326 2416 1370 ut
2434 1333 2554 1373 cum
2576 1321 2808 1392 loquitur
2829 1326 2894 1381 de
2916 1327 3108 1386 Bonosi
3129 1337 3504 1407 contubernio,

1924 1400 1992 1457 de
2018 1401 2294 1461 itineribus
2324 1423 2444 1478 qua:
2471 1429 2722 1470 emensus
2757 1430 2835 1474 est
2879 1421 3078 1494 longis,
3111 1425 3180 1482 de
3211 1429 3511 1489 instructis-

1925 1493 2057 1548 sima
2089 1494 2461 1570 Bibliotheca,
2507 1519 2663 1574 quam
2713 1509 2813 1565 sibi
2853 1493 3254 1586 comparaverat
3296 1519 3507 1593 (Epist.

1924 1584 2066 1657 III),
2089 1605 2192 1644 non
2220 1592 2450 1650 obscure
2476 1611 2535 1652 se
2561 1615 2814 1670 prospera
2839 1607 2967 1661 satis
2985 1621 3163 1665 natum
3191 1611 3399 1670 fortuna
3422 1617 3507 1672 iu-

1923 1677 2084 1733 dicat.
2122 1681 2262 1736 Patri
2292 1699 2486 1742 nomen
2517 1689 2778 1748 Eusebius
2807 1696 2929 1758 fuit,
2959 1701 3098 1767 quod
3139 1712 3193 1757 et
3230 1721 3388 1775 supra
3419 1709 3503 1764 in-

1923 1769 2134 1825 nuimus
2155 1815 2167 1837 ,
2197 1783 2249 1826 et
2275 1774 2341 1828 ad
2376 1775 2538 1833 filium
2585 1797 2734 1837 more
2766 1783 3006 1842 Romano
3037 1793 3244 1848 transiit
3276 1813 3287 1848 :
3320 1795 3504 1854 Matris

1921 1861 2186 1928 quodnam
2215 1875 2376 1931 esset,
2406 1883 2511 1923 non
2543 1873 2802 1941 proditur.
2829 1877 3133 1948 Materiem,
3167 1884 3218 1938 id
3241 1895 3340 1949 est,
3383 1904 3503 1944 ma-

1923 1951 2018 2004 tris
2044 1966 2217 2019 soror,
2248 1956 2525 2015 Castorina
2552 1962 2688 2017 dicta
2717 1975 2796 2019 est
2815 2007 2829 2031 ,
2862 1985 3017 2036 quam
3051 1973 3190 2027 malo
3218 1976 3502 2034 adversum

1920 2055 1977 2095 se
1998 2043 2174 2097 animo
2196 2047 2263 2101 ob
2292 2050 2474 2105 nescio
2503 2068 2634 2122 quas
2663 2069 2901 2122 caussas,
2939 2060 3298 2136 Hieronymus
3329 2073 3499 2126 semel

1915 2143 2078 2201 atque
2109 2135 2322 2204 iterum,
2357 2149 2412 2194 ut
2437 2157 2502 2196 ex
2533 2142 2770 2214 Epistola
2797 2148 2926 2203 Xlll.
2954 2135 3194 2223 apparet,
3218 2157 3282 2212 ad
3317 2174 3498 2229 pacem

1921 2227 2371 2299 concordiamque
2389 2232 2787 2292 humanissimis
2812 2240 3002 2298 litteris
3024 2245 3284 2302 invitavit.
3309 2227 3503 2306 Ilabuit

1923 2325 1976 2369 et
2007 2331 2266 2382 sororem,
2294 2324 2447 2392 cujus
2475 2327 2748 2394 ignoratur
2771 2348 2985 2400 nomen,
3011 2335 3086 2391 de
3107 2354 3205 2408 qua
3229 2343 3422 2413 sarpius
3446 2346 3498 2401 in

1924 2404 2174 2474 Epistolis
2205 2409 2265 2464 Vl
2296 2422 2345 2466 et
2379 2413 2481 2469 Vll.
2516 2416 2782 2488 loquitur,
2820 2425 2960 2492 quod
3005 2427 3054 2482 in
3093 2404 3396 2502 proposito,
3442 2451 3497 2492 ut

1921 2498 2145 2565 videtur,
2176 2502 2388 2560 Christo
2408 2510 2691 2580 serviendi,
2723 2529 2752 2569 a
2779 2532 2883 2586 quo
2909 2521 3197 2590 exciderat,
3229 2541 3258 2580 a
3284 2525 3496 2585 Iuliano

1921 2588 2154 2644 Diacono
2198 2594 2513 2655 adhortante
2533 2643 2546 2666 ,
2592 2609 2964 2671 permanserit.
2996 2611 3235 2670 Fratrem
3263 2617 3494 2690 denique

1917 2692 2041 2735 natu
2069 2683 2326 2740 minorem
2349 2732 2362 2754 ,
2396 2693 2610 2750 nomine
2639 2696 3037 2772 Paulinianum,
3083 2707 3148 2782 de
3178 2726 3283 2780 quo
3309 2725 3490 2782 postea

1912 2787 2010 2827 nec
2039 2779 2202 2832 semel
2235 2781 2423 2838 redibit
2454 2801 2649 2841 sermo.
3078 2779 3096 2793 ί

2507 2899 2773 2960 CAPUT
2821 2906 2891 2963 ll-

1908 3045 1946 3099 l.
1977 3046 2143 3104 Probe
2159 3055 2398 3110 educatus
2425 3059 2562 3113 clomi
2579 3080 2678 3116 una
2693 3081 2805 3118 cum
2832 3067 3049 3136 Bonoso,
3082 3073 3292 3129 Romam
3319 3080 3388 3130 ad
3413 3082 3480 3134 li-

1977 3147 2108 3194 teras
2133 3145 2422 3201 ediscendas
2450 3152 2683 3208 mittitur.
2709 3154 2770 3210 ll.
2799 3156 3274 3235 Grammaticorum,
3305 3168 3487 3227 Rheto-

1975 3246 2119 3296 rum,
2172 3243 2218 3288 et
2257 3236 2680 3312 PhilosOpborum
2716 3249 2918 3305 scholas
2965 3253 3265 3323 frequentat.
3300 3259 3384 3318 Ill.
3421 3264 3486 3320 In

1973 3322 2094 3376 viia
2115 3327 2344 3393 qua’dam
2371 3334 2601 3400 pueritia:
2630 3337 2835 3393 labitur.

1973 3475 2013 3531 I.
2047 3477 2183 3534 Nihil
2210 3482 2427 3540 dubium
2456 3498 2556 3556 est,
2590 3507 2711 3548 cum
2751 3511 2810 3552 se
2837 3499 2949 3567 ipse
2971 3543 2984 3567 ,
3026 3513 3083 3558 ut
3111 3510 3354 3577 superius
3383 3514 3480 3567 ob-

1901 3571 2253 3637 servavimus,
2283 3574 2560 3635 Catholieo
2583 3583 2719 3639 lacte
2734 3589 2989 3645 nutritum
3007 3593 3076 3648 ab
3098 3596 3226 3665 ipsis
3255 3599 3483 3655 incana-

1901 3658 2042 3716 bulis
2067 3662 2230 3730 dicat,
2259 3667 2385 3736 quin
2415 3669 2574 3728 fuerit
2604 3675 2891 3736 infantulus
2916 3683 3089 3740 adlmc
3117 3658 3300 3744 sancta
3329 3692 3485 3747 insti-

1903 3754 2105 3809 tutione
2130 3765 2184 3811 et
2208 3773 2298 3826 pra
2318 3762 2489 3830 ceptis
2513 3765 2852 3838 informatus,
2877 3787 3153 3841 parentum
3177 3794 3360 3850 Opera,
3387 3788 3481 3852 qui

1900 3844 2135 3899 animum
2162 3847 2350 3904 rudem
2382 3852 2566 3919 primis
2591 3857 2878 3917 imbuerint
2915 3866 3232 3922 Christiana:
3271 3873 3481 3939 pietatis

1900 3952 1961 3991 ac
1989 3937 2111 3992 fidei
2141 3942 2440 3998 elementis.
2471 3946 2844 4008 Collactaneus
2871 3957 2986 4021 ejus
3008 3999 3022 4021 ,
3062 3969 3116 4012 et
3148 3962 3269 4015 vitte
3295 3977 3480 4021 comes

1899 4027 2142 4084 Bonosus
2165 4033 2379 4100 quidam
2406 4036 2539 4105 fuit,
2568 4055 2599 4096 e
2629 4057 2883 4110 generosa
2917 4047 3273 4123 loeupletique
3300 4056 3468 4128 stirpe

1899 4124 2226 4191 progenitus,
2256 4142 2414 4197 quem
2437 4130 2678 4202 impense
2705 4135 2905 4203 laudat,
2934 4155 3031 4196 nec
3055 4144 3244 4212 semel,
3281 4124 3472 4216 praei-

1897 4229 2004 4284 pne
2029 4232 2155 4272 vero
2183 4219 2352 4290 Epist.
2385 4221 2470 4279 Ill.
2505 4224 2614 4294 ubi,
2651 4226 2832 4299 Iidem,
2861 4233 2955 4299 ait,
2989 4252 3080 4291 nos
3110 4240 3364 4296 nutricum
3392 4244 3468 4297 si-
3509 4265 3518 4270 ·

1895 4322 2009 4370 nus,
2028 4309 2180 4363 iidem
2199 4313 2462 4384 amplexus
2489 4319 2702 4387 foverint
2730 4321 3036 4391 bajuloruut.
3058 4326 3242 4384 Studia
3267 4331 3467 4389 littera-

1894 4412 2010 4454 rmn
2058 4404 2196 4472 quod
2241 4407 2460 4474 attinet,
2503 4411 2728 4479 primam
2767 4415 2912 4470 illam
2945 4417 3322 4490 literatturam,
3353 4440 3474 4495 qua:

1893 4490 2268 4550 Granunaticzn
2298 4499 2440 4554 velut
2470 4501 2686 4558 infantia
2716 4516 2829 4572 est,
2875 4509 2924 4564 in
2966 4513 3134 4580 patria
3173 4490 3392 4572 edidicit
3434 4535 3468 4575 ι

1892 4598 2244 4664 praeceptore,
2275 4607 2432 4662 quem
2452 4594 2714 4652 Orbilium
2744 4598 2812 4654 ab
2835 4616 2924 4670 eo,
2942 4601 3012 4658 de
3031 4620 3138 4674 quo
3158 4606 3466 4680 Suetonius,

1891 4681 2089 4736 celebri
2116 4684 2490 4742 Beneventano
2511 4689 2892 4761 Grammatice,
2925 4699 3209 4770 acriatque
3229 4702 3469 4775 plagoso,

1891 4774 2252 4841 cognominat,
2283 4783 2339 4830 et
2365 4777 2431 4845 ad
2458 4793 2614 4848 quem
2637 4783 2942 4855 swvieatem,
2967 4803 3025 4844 se
3049 4789 3142 4856 ait,
3167 4792 3230 4846 de
3250 4795 3379 4851 avita
3402 4799 3472 4852 si-

1893 4877 1962 4914 nu
1991 4871 2205 4918 tractum
2234 4878 2340 4920 esse
2361 4869 2630 4938 captivum.

1967 4953 2033 5007 ll.
2064 4952 2331 5012 Grandior
2352 4957 2539 5024 factus,
2564 4975 2612 5017 et
2647 4967 2937 5022 etianmum
2970 4979 3148 5028 tamen
3181 4990 3332 5044 puer,
3363 4977 3454 5034 ubi

1889 5041 2203 5101 domesticis
2233 5051 2681 5120 perceptionibus
2723 5057 3008 5116 roboratus
3059 5064 3323 5133 publicam
3374 5067 3460 5124 lu—

1885 5152 2003 5193 cem
2039 5155 2281 5210 quaerere
2305 5146 2489 5214 erepit,
2516 5147 2738 5205 Romam
2782 5154 2977 5210 missus
3016 5167 3120 5225 est,
3152 5160 3463 5219 liberalibus

1885 5231 2088 5288 artibus
2136 5234 2485 5296 erudiendas.
2531 5241 2808 5298 Annorum
2853 5245 3014 5302 fuerit
3055 5250 3167 5306 fere
3203 5252 3466 5310 duodevi-

1882 5325 2038 5395 ginti,
2070 5342 2190 5381 nam
2242 5329 2424 5383 liomm
2463 5347 2584 5387 cum
2634 5345 2758 5391 tunc
2785 5339 2960 5406 egisse
3000 5343 3463 5402 verosimillimum

1883 5424 1994 5479 est,
2045 5433 2164 5473 cum
2217 5419 2285 5475 de
2333 5421 2510 5477 subito
2557 5423 2753 5482 Juliani
2811 5430 3027 5484 interitu
3077 5432 3274 5489 dictum
3329 5434 3464 5491 illud

1881 5509 2078 5565 ethnici
2099 5511 2317 5567 audivit.
2350 5514 2474 5569 Erat
2499 5531 2630 5571 vero
2661 5517 2750 5573 ille
2774 5534 2946 5575 annus
2972 5521 3099 5586 563,
3129 5533 3187 5577 ut
3213 5525 3459 5592 superius

1879 5601 2376 5670 animadvertimus,
2405 5613 2460 5662 et
2502 5623 2716 5672 puerum
2761 5622 2820 5664 se
2866 5621 2992 5666 tune
3020 5613 3072 5665 in
3101 5611 3462 5671 Grammalica:

1880 5693 2000 5748 ludo
2031 5701 2338 5752 exercuisse
2366 5706 2612 5754 testatur.
2656 5701 2957 5770 Applicavit
2983 5710 3160 5755 autem
3201 5701 3270 5756 ibi
3300 5719 3360 5759 se
3390 5711 3457 5764 ad

1881 5788 2142 5844 Donatum
2172 5789 2588 5845 Gr:umnaticum
2633 5798 2757 5844 tunc
2796 5792 3300 5861 celebratissimum,
3332 5811 3458 5856 eum
