  <div class='ocr_page' id='page_1' title='image "/cluster/home/n/w/nwhite01/storage/ocr_20150623/22/hvd.32044015471378/060.png"; bbox 0 0 4004 6328; ppageno 0'>
   <div class='ocr_carea' id='block_1_1' title="bbox 238 346 1741 434">
    <p class='ocr_par' dir='ltr' id='par_1_1' title="bbox 238 348 1741 434">
     <span class='ocr_line' id='line_1_1' title="bbox 238 348 1741 434; baseline -0.009 -19"><span class='ocrx_word' id='word_1_1' title='bbox 238 358 296 416; x_wconf 84' lang='lat' dir='ltr'><strong>t7</strong></span> <span class='ocrx_word' id='word_1_2' title='bbox 1437 353 1539 434; x_wconf 68' lang='grc' dir='ltr'><strong>⁸ες.</strong></span> <span class='ocrx_word' id='word_1_3' title='bbox 1578 348 1741 405; x_wconf 70' lang='lat' dir='ltr'><strong>mea</strong></span> 
     </span>
    </p>
   </div>
   <div class='ocr_carea' id='block_1_2' title="bbox 1851 346 2184 434">
    <p class='ocr_par' dir='ltr' id='par_1_2' title="bbox 1851 346 2184 404">
     <span class='ocr_line' id='line_1_2' title="bbox 1851 346 2184 404; baseline -0.006 -2"><span class='ocrx_word' id='word_1_4' title='bbox 1851 346 1959 402; x_wconf 69' lang='lat' dir='ltr'><strong>Hll</strong></span> <span class='ocrx_word' id='word_1_5' title='bbox 2006 347 2184 404; x_wconf 77' lang='lat' dir='ltr'><strong>\&#39;lT.\.</strong></span> 
     </span>
    </p>
   </div>
   <div class='ocr_carea' id='block_1_3' title="bbox 235 465 1776 539">
    <p class='ocr_par' dir='ltr' id='par_1_3' title="bbox 235 465 1776 539">
     <span class='ocr_line' id='line_1_3' title="bbox 235 465 1776 539; baseline -0.006 -12"><span class='ocrx_word' id='word_1_6' title='bbox 235 471 399 527; x_wconf 80' lang='lat' dir='ltr'><strong>hibeat</strong></span> <span class='ocrx_word' id='word_1_7' title='bbox 421 469 470 524; x_wconf 94' lang='lat' dir='ltr'><strong>in</strong></span> <span class='ocrx_word' id='word_1_8' title='bbox 498 483 617 522; x_wconf 86' lang='lat' dir='ltr'><strong>eam</strong></span> <span class='ocrx_word' id='word_1_9' title='bbox 664 483 797 534; x_wconf 88' lang='lat' dir='ltr'><strong>rem,</strong></span> <span class='ocrx_word' id='word_1_10' title='bbox 820 468 994 522; x_wconf 87' lang='lat' dir='ltr'><strong>valere</strong></span> <span class='ocrx_word' id='word_1_11' title='bbox 1025 467 1236 539; x_wconf 87' lang='lat' dir='ltr'><strong>penitus</strong></span> <span class='ocrx_word' id='word_1_12' title='bbox 1261 467 1567 536; x_wconf 85' lang='lat' dir='ltr'><strong>jubeamus.</strong></span> <span class='ocrx_word' id='word_1_13' title='bbox 1600 465 1776 520; x_wconf 83' lang='lat' dir='ltr'><strong>Testis</strong></span> 
     </span>
    </p>
   </div>
   <div class='ocr_carea' id='block_1_4' title="bbox 229 555 1776 631">
    <p class='ocr_par' dir='ltr' id='par_1_4' title="bbox 229 555 1776 631">
     <span class='ocr_line' id='line_1_4' title="bbox 229 555 1776 631; baseline -0.006 -15"><span class='ocrx_word' id='word_1_14' title='bbox 229 562 330 631; x_wconf 85' lang='lat' dir='ltr'><strong>ipse</strong></span> <span class='ocrx_word' id='word_1_15' title='bbox 357 559 495 613; x_wconf 89' lang='lat' dir='ltr'><strong>omni</strong></span> <span class='ocrx_word' id='word_1_16' title='bbox 524 559 836 629; x_wconf 78' lang='lat' dir='ltr'><strong>exceptione</strong></span> <span class='ocrx_word' id='word_1_17' title='bbox 877 559 1051 627; x_wconf 86' lang='lat' dir='ltr'><strong>major</strong></span> <span class='ocrx_word' id='word_1_18' title='bbox 1087 569 1170 613; x_wconf 90' lang='lat' dir='ltr'><strong>est</strong></span> <span class='ocrx_word' id='word_1_19' title='bbox 1215 557 1271 613; x_wconf 91' lang='lat' dir='ltr'><strong>S.</strong></span> <span class='ocrx_word' id='word_1_20' title='bbox 1305 558 1463 612; x_wconf 89' lang='lat' dir='ltr'><strong>Pater</strong></span> <span class='ocrx_word' id='word_1_21' title='bbox 1486 557 1539 613; x_wconf 93' lang='lat' dir='ltr'><strong>in</strong></span> <span class='ocrx_word' id='word_1_22' title='bbox 1572 555 1776 610; x_wconf 86' lang='lat' dir='ltr'><strong>duabus</strong></span> 
     </span>
    </p>
   </div>
   <div class='ocr_carea' id='block_1_5' title="bbox 224 646 1771 720">
    <p class='ocr_par' dir='ltr' id='par_1_5' title="bbox 224 646 1771 720">
     <span class='ocr_line' id='line_1_5' title="bbox 224 646 1771 720; baseline -0.007 -13"><span class='ocrx_word' id='word_1_23' title='bbox 224 652 281 707; x_wconf 84' lang='lat' dir='ltr'><strong>ad</strong></span> <span class='ocrx_word' id='word_1_24' title='bbox 311 651 592 706; x_wconf 83' lang='lat' dir='ltr'><strong>Damasum</strong></span> <span class='ocrx_word' id='word_1_25' title='bbox 622 650 874 720; x_wconf 78' lang='lat' dir='ltr'><strong>Epistolis</strong></span> <span class='ocrx_word' id='word_1_26' title='bbox 902 649 1015 704; x_wconf 70' lang='lat' dir='ltr'><strong>XV.</strong></span> <span class='ocrx_word' id='word_1_27' title='bbox 1052 659 1105 704; x_wconf 91' lang='lat' dir='ltr'><strong>et</strong></span> <span class='ocrx_word' id='word_1_28' title='bbox 1136 647 1276 703; x_wconf 71' lang='lat' dir='ltr'><strong>XVI.</strong></span> <span class='ocrx_word' id='word_1_29' title='bbox 1307 647 1460 715; x_wconf 80' lang='lat' dir='ltr'><strong>Inde,</strong></span> <span class='ocrx_word' id='word_1_30' title='bbox 1504 646 1771 718; x_wconf 79' lang='lat' dir='ltr'><strong>inquiens,</strong></span> 
     </span>
    </p>
   </div>
   <div class='ocr_carea' id='block_1_6' title="bbox 222 736 1774 816">
    <p class='ocr_par' dir='ltr' id='par_1_6' title="bbox 222 736 1774 816">
     <span class='ocr_line' id='line_1_6' title="bbox 222 736 1774 816; baseline -0.006 -19"><span class='ocrx_word' id='word_1_31' title='bbox 222 760 341 797; x_wconf 76' lang='lat' dir='ltr'><strong>nunc</strong></span> <span class='ocrx_word' id='word_1_32' title='bbox 364 757 483 797; x_wconf 77' lang='lat' dir='ltr'><strong>mea:</strong></span> <span class='ocrx_word' id='word_1_33' title='bbox 516 744 703 796; x_wconf 69' lang='lat' dir='ltr'><strong>animm</strong></span> <span class='ocrx_word' id='word_1_34' title='bbox 746 742 1008 816; x_wconf 82' lang='lat' dir='ltr'><strong>postulans</strong></span> <span class='ocrx_word' id='word_1_35' title='bbox 1049 741 1238 804; x_wconf 84' lang='lat' dir='ltr'><strong>cibum,</strong></span> <span class='ocrx_word' id='word_1_36' title='bbox 1271 739 1404 793; x_wconf 83' lang='lat' dir='ltr'><strong>unde</strong></span> <span class='ocrx_word' id='word_1_37' title='bbox 1434 739 1554 793; x_wconf 85' lang='lat' dir='ltr'><strong>olim</strong></span> <span class='ocrx_word' id='word_1_38' title='bbox 1587 736 1774 792; x_wconf 75' lang='lat' dir='ltr'><strong>Christi</strong></span> 
     </span>
    </p>
   </div>
   <div class='ocr_carea' id='block_1_7' title="bbox 221 833 1770 905">
    <p class='ocr_par' dir='ltr' id='par_1_7' title="bbox 221 833 1770 905">
     <span class='ocr_line' id='line_1_7' title="bbox 221 833 1770 905; baseline -0.003 -15"><span class='ocrx_word' id='word_1_39' title='bbox 221 836 491 890; x_wconf 71' lang='lat' dir='ltr'><strong>vestimenta</strong></span> <span class='ocrx_word' id='word_1_40' title='bbox 513 834 735 904; x_wconf 84' lang='lat' dir='ltr'><strong>suscepi.</strong></span> <span class='ocrx_word' id='word_1_41' title='bbox 762 833 846 899; x_wconf 83' lang='lat' dir='ltr'><strong>Et,</strong></span> <span class='ocrx_word' id='word_1_42' title='bbox 880 833 992 904; x_wconf 79' lang='lat' dir='ltr'><strong>Ego</strong></span> <span class='ocrx_word' id='word_1_43' title='bbox 1014 833 1191 904; x_wconf 82' lang='lat' dir='ltr'><strong>igitur,</strong></span> <span class='ocrx_word' id='word_1_44' title='bbox 1215 844 1268 886; x_wconf 86' lang='lat' dir='ltr'><strong>ut</strong></span> <span class='ocrx_word' id='word_1_45' title='bbox 1295 844 1410 886; x_wconf 85' lang='lat' dir='ltr'><strong>ante</strong></span> <span class='ocrx_word' id='word_1_46' title='bbox 1430 833 1540 905; x_wconf 80' lang='lat' dir='ltr'><strong>jam</strong></span> <span class='ocrx_word' id='word_1_47' title='bbox 1571 833 1770 901; x_wconf 82' lang='lat' dir='ltr'><strong>scripsi,</strong></span> 
     </span>
    </p>
   </div>
   <div class='ocr_carea' id='block_1_8' title="bbox 217 925 1771 997">
    <p class='ocr_par' dir='ltr' id='par_1_8' title="bbox 217 925 1771 997">
     <span class='ocr_line' id='line_1_8' title="bbox 217 925 1771 997; baseline -0.003 -14"><span class='ocrx_word' id='word_1_48' title='bbox 217 927 385 983; x_wconf 80' lang='lat' dir='ltr'><strong>Christi</strong></span> <span class='ocrx_word' id='word_1_49' title='bbox 414 938 597 981; x_wconf 79' lang='lat' dir='ltr'><strong>restem</strong></span> <span class='ocrx_word' id='word_1_50' title='bbox 638 928 690 981; x_wconf 86' lang='lat' dir='ltr'><strong>in</strong></span> <span class='ocrx_word' id='word_1_51' title='bbox 729 926 959 981; x_wconf 87' lang='lat' dir='ltr'><strong>Romana</strong></span> <span class='ocrx_word' id='word_1_52' title='bbox 989 925 1108 982; x_wconf 83' lang='lat' dir='ltr'><strong>urbe</strong></span> <span class='ocrx_word' id='word_1_53' title='bbox 1154 927 1454 997; x_wconf 81' lang='lat' dir='ltr'><strong>suscipiens,</strong></span> <span class='ocrx_word' id='word_1_54' title='bbox 1485 942 1614 978; x_wconf 85' lang='lat' dir='ltr'><strong>nunc</strong></span> <span class='ocrx_word' id='word_1_55' title='bbox 1653 925 1771 978; x_wconf 87' lang='lat' dir='ltr'><strong>bar-</strong></span> 
     </span>
    </p>
   </div>
   <div class='ocr_carea' id='block_1_9' title="bbox 213 1017 1772 1092">
    <p class='ocr_par' dir='ltr' id='par_1_9' title="bbox 213 1017 1772 1092">
     <span class='ocr_line' id='line_1_9' title="bbox 213 1017 1772 1092; baseline -0.004 -15"><span class='ocrx_word' id='word_1_56' title='bbox 213 1022 318 1077; x_wconf 71' lang='lat' dir='ltr'><strong>baro</strong></span> <span class='ocrx_word' id='word_1_57' title='bbox 343 1018 510 1092; x_wconf 67' lang='lat' dir='ltr'><strong>Syrica</strong></span> <span class='ocrx_word' id='word_1_58' title='bbox 537 1020 700 1074; x_wconf 79' lang='lat' dir='ltr'><strong>limite</strong></span> <span class='ocrx_word' id='word_1_59' title='bbox 723 1029 911 1074; x_wconf 81' lang='lat' dir='ltr'><strong>teneor.</strong></span> <span class='ocrx_word' id='word_1_60' title='bbox 943 1018 1126 1090; x_wconf 84' lang='lat' dir='ltr'><strong>Neque</strong></span> <span class='ocrx_word' id='word_1_61' title='bbox 1152 1020 1294 1073; x_wconf 90' lang='lat' dir='ltr'><strong>cnim</strong></span> <span class='ocrx_word' id='word_1_62' title='bbox 1335 1019 1451 1074; x_wconf 86' lang='lat' dir='ltr'><strong>lteic</strong></span> <span class='ocrx_word' id='word_1_63' title='bbox 1479 1017 1580 1072; x_wconf 85' lang='lat' dir='ltr'><strong>alia</strong></span> <span class='ocrx_word' id='word_1_64' title='bbox 1610 1017 1772 1072; x_wconf 84' lang='lat' dir='ltr'><strong>Chri-</strong></span> 
     </span>
    </p>
   </div>
   <div class='ocr_carea' id='block_1_10' title="bbox 211 1110 1769 1182">
    <p class='ocr_par' dir='ltr' id='par_1_10' title="bbox 211 1110 1769 1182">
     <span class='ocr_line' id='line_1_10' title="bbox 211 1110 1769 1182; baseline -0.001 -16"><span class='ocrx_word' id='word_1_65' title='bbox 211 1113 266 1166; x_wconf 85' lang='lat' dir='ltr'><strong>sti</strong></span> <span class='ocrx_word' id='word_1_66' title='bbox 317 1112 631 1166; x_wconf 88' lang='lat' dir='ltr'><strong>vestimenta</strong></span> <span class='ocrx_word' id='word_1_67' title='bbox 681 1111 902 1182; x_wconf 69' lang='lat' dir='ltr'><strong>intelligi</strong></span> <span class='ocrx_word' id='word_1_68' title='bbox 953 1112 1060 1166; x_wconf 92' lang='lat' dir='ltr'><strong>ullo</strong></span> <span class='ocrx_word' id='word_1_69' title='bbox 1106 1110 1266 1166; x_wconf 91' lang='lat' dir='ltr'><strong>modo</strong></span> <span class='ocrx_word' id='word_1_70' title='bbox 1317 1121 1560 1181; x_wconf 90' lang='lat' dir='ltr'><strong>possunt.</strong></span> <span class='ocrx_word' id='word_1_71' title='bbox 1609 1125 1769 1178; x_wconf 88' lang='lat' dir='ltr'><strong>quam</strong></span> 
     </span>
    </p>
   </div>
   <div class='ocr_carea' id='block_1_11' title="bbox 207 1203 1768 1274">
    <p class='ocr_par' dir='ltr' id='par_1_11' title="bbox 207 1203 1768 1274">
     <span class='ocr_line' id='line_1_11' title="bbox 207 1203 1768 1274; baseline 0 -16"><span class='ocrx_word' id='word_1_72' title='bbox 207 1220 308 1274; x_wconf 67' lang='lat' dir='ltr'><strong>qua:</strong></span> <span class='ocrx_word' id='word_1_73' title='bbox 325 1203 472 1274; x_wconf 78' lang='lat' dir='ltr'><strong>juxta</strong></span> <span class='ocrx_word' id='word_1_74' title='bbox 506 1205 825 1274; x_wconf 86' lang='lat' dir='ltr'><strong>Apostolum</strong></span> <span class='ocrx_word' id='word_1_75' title='bbox 851 1221 945 1274; x_wconf 91' lang='lat' dir='ltr'><strong>per</strong></span> <span class='ocrx_word' id='word_1_76' title='bbox 968 1205 1166 1261; x_wconf 78' lang='lat' dir='ltr'><strong>Gratia:</strong></span> <span class='ocrx_word' id='word_1_77' title='bbox 1204 1206 1468 1259; x_wconf 84' lang='lat' dir='ltr'><strong>lavacrum</strong></span> <span class='ocrx_word' id='word_1_78' title='bbox 1499 1214 1552 1258; x_wconf 89' lang='lat' dir='ltr'><strong>et</strong></span> <span class='ocrx_word' id='word_1_79' title='bbox 1581 1204 1768 1259; x_wconf 82' lang='lat' dir='ltr'><strong>Fidem</strong></span> 
     </span>
    </p>
   </div>
   <div class='ocr_carea' id='block_1_12' title="bbox 205 1297 1766 1369">
    <p class='ocr_par' dir='ltr' id='par_1_12' title="bbox 205 1297 1766 1369">
     <span class='ocr_line' id='line_1_12' title="bbox 205 1297 1766 1369; baseline -0.001 -16"><span class='ocrx_word' id='word_1_80' title='bbox 205 1297 475 1364; x_wconf 85' lang='lat' dir='ltr'><strong>induimus,</strong></span> <span class='ocrx_word' id='word_1_81' title='bbox 500 1307 558 1353; x_wconf 91' lang='lat' dir='ltr'><strong>ut</strong></span> <span class='ocrx_word' id='word_1_82' title='bbox 590 1308 932 1368; x_wconf 71' lang='lat' dir='ltr'><strong>praeteream,</strong></span> <span class='ocrx_word' id='word_1_83' title='bbox 961 1298 1028 1352; x_wconf 89' lang='lat' dir='ltr'><strong>ad</strong></span> <span class='ocrx_word' id='word_1_84' title='bbox 1054 1297 1310 1353; x_wconf 88' lang='lat' dir='ltr'><strong>candidas</strong></span> <span class='ocrx_word' id='word_1_85' title='bbox 1331 1314 1540 1369; x_wconf 92' lang='lat' dir='ltr'><strong>quoque</strong></span> <span class='ocrx_word' id='word_1_86' title='bbox 1566 1307 1766 1362; x_wconf 80' lang='lat' dir='ltr'><strong>vestes,</strong></span> 
     </span>
    </p>
   </div>
   <div class='ocr_carea' id='block_1_13' title="bbox 201 1387 1766 1460">
    <p class='ocr_par' dir='ltr' id='par_1_13' title="bbox 201 1387 1766 1460">
     <span class='ocr_line' id='line_1_13' title="bbox 201 1387 1766 1460; baseline 0.001 -19"><span class='ocrx_word' id='word_1_87' title='bbox 201 1389 376 1459; x_wconf 88' lang='lat' dir='ltr'><strong>quibus</strong></span> <span class='ocrx_word' id='word_1_88' title='bbox 419 1390 635 1444; x_wconf 84' lang='lat' dir='ltr'><strong>amiciri</strong></span> <span class='ocrx_word' id='word_1_89' title='bbox 687 1391 933 1445; x_wconf 70' lang='lat' dir='ltr'><strong>sciebant</strong></span> <span class='ocrx_word' id='word_1_90' title='bbox 979 1390 1106 1443; x_wconf 92' lang='lat' dir='ltr'><strong>olim</strong></span> <span class='ocrx_word' id='word_1_91' title='bbox 1155 1389 1446 1444; x_wconf 89' lang='lat' dir='ltr'><strong>Christiani</strong></span> <span class='ocrx_word' id='word_1_92' title='bbox 1503 1387 1766 1460; x_wconf 77' lang='lat' dir='ltr'><strong>Baptismi</strong></span> 
     </span>
    </p>
   </div>
   <div class='ocr_carea' id='block_1_14' title="bbox 203 1480 1759 1550">
    <p class='ocr_par' dir='ltr' id='par_1_14' title="bbox 203 1480 1759 1550">
     <span class='ocr_line' id='line_1_14' title="bbox 203 1480 1759 1550; baseline 0.001 -16"><span class='ocrx_word' id='word_1_93' title='bbox 203 1490 438 1549; x_wconf 87' lang='lat' dir='ltr'><strong>tempore,</strong></span> <span class='ocrx_word' id='word_1_94' title='bbox 475 1481 543 1536; x_wconf 90' lang='lat' dir='ltr'><strong>iis</strong></span> <span class='ocrx_word' id='word_1_95' title='bbox 594 1482 774 1536; x_wconf 80' lang='lat' dir='ltr'><strong>verbis</strong></span> <span class='ocrx_word' id='word_1_96' title='bbox 819 1481 1019 1536; x_wconf 88' lang='lat' dir='ltr'><strong>adludi.</strong></span> <span class='ocrx_word' id='word_1_97' title='bbox 1063 1480 1280 1536; x_wconf 91' lang='lat' dir='ltr'><strong>Certum</strong></span> <span class='ocrx_word' id='word_1_98' title='bbox 1327 1489 1604 1550; x_wconf 58' lang='lat' dir='ltr'><strong>prasterea,</strong></span> <span class='ocrx_word' id='word_1_99' title='bbox 1649 1481 1759 1535; x_wconf 92' lang='lat' dir='ltr'><strong>imo</strong></span> 
     </span>
    </p>
   </div>
   <div class='ocr_carea' id='block_1_15' title="bbox 198 1573 1762 1644">
    <p class='ocr_par' dir='ltr' id='par_1_15' title="bbox 198 1573 1762 1644">
     <span class='ocr_line' id='line_1_15' title="bbox 198 1573 1762 1644; baseline 0.001 -16"><span class='ocrx_word' id='word_1_100' title='bbox 198 1584 240 1628; x_wconf 90' lang='lat' dir='ltr'><strong>et</strong></span> <span class='ocrx_word' id='word_1_101' title='bbox 259 1575 540 1628; x_wconf 80' lang='lat' dir='ltr'><strong>sententia:</strong></span> <span class='ocrx_word' id='word_1_102' title='bbox 565 1573 727 1644; x_wconf 83' lang='lat' dir='ltr'><strong>hujus</strong></span> <span class='ocrx_word' id='word_1_103' title='bbox 755 1576 1147 1630; x_wconf 87' lang='lat' dir='ltr'><strong>consectarium</strong></span> <span class='ocrx_word' id='word_1_104' title='bbox 1177 1584 1281 1643; x_wconf 90' lang='lat' dir='ltr'><strong>est,</strong></span> <span class='ocrx_word' id='word_1_105' title='bbox 1300 1589 1421 1629; x_wconf 89' lang='lat' dir='ltr'><strong>eum</strong></span> <span class='ocrx_word' id='word_1_106' title='bbox 1449 1591 1556 1628; x_wconf 85' lang='lat' dir='ltr'><strong>non</strong></span> <span class='ocrx_word' id='word_1_107' title='bbox 1585 1575 1762 1629; x_wconf 80' lang='lat' dir='ltr'><strong>statim</strong></span> 
     </span>
    </p>
   </div>
   <div class='ocr_carea' id='block_1_16' title="bbox 196 1665 1760 1737">
    <p class='ocr_par' dir='ltr' id='par_1_16' title="bbox 196 1665 1760 1737">
     <span class='ocr_line' id='line_1_16' title="bbox 196 1665 1760 1737; baseline 0.003 -19"><span class='ocrx_word' id='word_1_108' title='bbox 196 1665 542 1732; x_wconf 87' lang='lat' dir='ltr'><strong>anativitate,</strong></span> <span class='ocrx_word' id='word_1_109' title='bbox 593 1681 772 1736; x_wconf 87' lang='lat' dir='ltr'><strong>neque</strong></span> <span class='ocrx_word' id='word_1_110' title='bbox 823 1667 1012 1737; x_wconf 88' lang='lat' dir='ltr'><strong>primis</strong></span> <span class='ocrx_word' id='word_1_111' title='bbox 1064 1665 1298 1720; x_wconf 73' lang='lat' dir='ltr'><strong>infantia:</strong></span> <span class='ocrx_word' id='word_1_112' title='bbox 1350 1667 1527 1733; x_wconf 89' lang='lat' dir='ltr'><strong>annis,</strong></span> <span class='ocrx_word' id='word_1_113' title='bbox 1580 1665 1760 1735; x_wconf 77' lang='lat' dir='ltr'><strong>Btpli-</strong></span> 
     </span>
    </p>
   </div>
   <div class='ocr_carea' id='block_1_17' title="bbox 192 1757 1759 1827">
    <p class='ocr_par' dir='ltr' id='par_1_17' title="bbox 192 1757 1759 1827">
     <span class='ocr_line' id='line_1_17' title="bbox 192 1757 1759 1827; baseline 0.003 -17"><span class='ocrx_word' id='word_1_114' title='bbox 192 1771 345 1810; x_wconf 86' lang='lat' dir='ltr'><strong>smum</strong></span> <span class='ocrx_word' id='word_1_115' title='bbox 384 1757 723 1827; x_wconf 83' lang='lat' dir='ltr'><strong>suscepisse,</strong></span> <span class='ocrx_word' id='word_1_116' title='bbox 764 1758 859 1813; x_wconf 90' lang='lat' dir='ltr'><strong>sed</strong></span> <span class='ocrx_word' id='word_1_117' title='bbox 903 1757 1085 1813; x_wconf 84' lang='lat' dir='ltr'><strong>adulta</strong></span> <span class='ocrx_word' id='word_1_118' title='bbox 1132 1767 1313 1825; x_wconf 72' lang='lat' dir='ltr'><strong>tetate,</strong></span> <span class='ocrx_word' id='word_1_119' title='bbox 1344 1760 1593 1814; x_wconf 86' lang='lat' dir='ltr'><strong>nimirum</strong></span> <span class='ocrx_word' id='word_1_120' title='bbox 1640 1777 1759 1816; x_wconf 90' lang='lat' dir='ltr'><strong>cum</strong></span> 
     </span>
    </p>
   </div>
   <div class='ocr_carea' id='block_1_18' title="bbox 191 1846 1755 1922">
    <p class='ocr_par' dir='ltr' id='par_1_18' title="bbox 191 1846 1755 1922">
     <span class='ocr_line' id='line_1_18' title="bbox 191 1846 1755 1922; baseline 0.004 -22"><span class='ocrx_word' id='word_1_121' title='bbox 191 1846 354 1901; x_wconf 76' lang='lat' dir='ltr'><strong>lionne</strong></span> <span class='ocrx_word' id='word_1_122' title='bbox 379 1858 552 1902; x_wconf 88' lang='lat' dir='ltr'><strong>esset.</strong></span> <span class='ocrx_word' id='word_1_123' title='bbox 584 1847 779 1902; x_wconf 80' lang='lat' dir='ltr'><strong>\‘erum</strong></span> <span class='ocrx_word' id='word_1_124' title='bbox 815 1848 933 1903; x_wconf 89' lang='lat' dir='ltr'><strong>heic</strong></span> <span class='ocrx_word' id='word_1_125' title='bbox 959 1847 1289 1918; x_wconf 80' lang='lat' dir='ltr'><strong>perdifficilis</strong></span> <span class='ocrx_word' id='word_1_126' title='bbox 1318 1853 1541 1922; x_wconf 69' lang='lat' dir='ltr'><strong>quaestio</strong></span> <span class='ocrx_word' id='word_1_127' title='bbox 1563 1852 1755 1915; x_wconf 90' lang='lat' dir='ltr'><strong>oritur,</strong></span> 
     </span>
    </p>
   </div>
   <div class='ocr_carea' id='block_1_19' title="bbox 187 1940 1750 2011">
    <p class='ocr_par' dir='ltr' id='par_1_19' title="bbox 187 1940 1750 2011">
     <span class='ocr_line' id='line_1_19' title="bbox 187 1940 1750 2011; baseline 0.004 -17"><span class='ocrx_word' id='word_1_128' title='bbox 187 1956 298 1994; x_wconf 87' lang='lat' dir='ltr'><strong>num</strong></span> <span class='ocrx_word' id='word_1_129' title='bbox 328 1940 545 1997; x_wconf 90' lang='lat' dir='ltr'><strong>scilicet</strong></span> <span class='ocrx_word' id='word_1_130' title='bbox 575 1957 698 1996; x_wconf 89' lang='lat' dir='ltr'><strong>cum</strong></span> <span class='ocrx_word' id='word_1_131' title='bbox 731 1943 903 2011; x_wconf 90' lang='lat' dir='ltr'><strong>primo</strong></span> <span class='ocrx_word' id='word_1_132' title='bbox 934 1943 1159 1998; x_wconf 83' lang='lat' dir='ltr'><strong>Romam</strong></span> <span class='ocrx_word' id='word_1_133' title='bbox 1210 1944 1427 2000; x_wconf 90' lang='lat' dir='ltr'><strong>advenit</strong></span> <span class='ocrx_word' id='word_1_134' title='bbox 1475 1946 1750 2002; x_wconf 83' lang='lat' dir='ltr'><strong>literarum</strong></span> 
     </span>
    </p>
   </div>
   <div class='ocr_carea' id='block_1_20' title="bbox 184 2031 1754 2110">
    <p class='ocr_par' dir='ltr' id='par_1_20' title="bbox 184 2031 1754 2110">
     <span class='ocr_line' id='line_1_20' title="bbox 184 2031 1754 2110; baseline 0.005 -24"><span class='ocrx_word' id='word_1_135' title='bbox 184 2031 356 2089; x_wconf 84' lang='lat' dir='ltr'><strong>studiis</strong></span> <span class='ocrx_word' id='word_1_136' title='bbox 378 2034 738 2098; x_wconf 83' lang='lat' dir='ltr'><strong>erudiendos,</strong></span> <span class='ocrx_word' id='word_1_137' title='bbox 778 2050 843 2090; x_wconf 86' lang='lat' dir='ltr'><strong>an</strong></span> <span class='ocrx_word' id='word_1_138' title='bbox 891 2045 1103 2107; x_wconf 89' lang='lat' dir='ltr'><strong>postea,</strong></span> <span class='ocrx_word' id='word_1_139' title='bbox 1142 2052 1286 2102; x_wconf 90' lang='lat' dir='ltr'><strong>cum,</strong></span> <span class='ocrx_word' id='word_1_140' title='bbox 1326 2040 1622 2110; x_wconf 77' lang='lat' dir='ltr'><strong>peragratis</strong></span> <span class='ocrx_word' id='word_1_141' title='bbox 1643 2040 1754 2109; x_wconf 87' lang='lat' dir='ltr'><strong>jatn</strong></span> 
     </span>
    </p>
   </div>
   <div class='ocr_carea' id='block_1_21' title="bbox 184 2123 1758 2200">
    <p class='ocr_par' dir='ltr' id='par_1_21' title="bbox 184 2123 1758 2200">
     <span class='ocr_line' id='line_1_21' title="bbox 184 2123 1758 2200; baseline 0.005 -21"><span class='ocrx_word' id='word_1_142' title='bbox 184 2124 372 2190; x_wconf 79' lang='lat' dir='ltr'><strong>Galliis,</strong></span> <span class='ocrx_word' id='word_1_143' title='bbox 398 2136 457 2182; x_wconf 90' lang='lat' dir='ltr'><strong>et</strong></span> <span class='ocrx_word' id='word_1_144' title='bbox 495 2127 568 2182; x_wconf 84' lang='lat' dir='ltr'><strong>de</strong></span> <span class='ocrx_word' id='word_1_145' title='bbox 597 2128 891 2183; x_wconf 84' lang='lat' dir='ltr'><strong>solitudine</strong></span> <span class='ocrx_word' id='word_1_146' title='bbox 921 2129 1159 2184; x_wconf 81' lang='lat' dir='ltr'><strong>incunda.</strong></span> <span class='ocrx_word' id='word_1_147' title='bbox 1179 2123 1444 2200; x_wconf 75' lang='lat' dir='ltr'><strong>Cogitanti,</strong></span> <span class='ocrx_word' id='word_1_148' title='bbox 1467 2148 1532 2188; x_wconf 89' lang='lat' dir='ltr'><strong>eo</strong></span> <span class='ocrx_word' id='word_1_149' title='bbox 1567 2133 1758 2188; x_wconf 68' lang='lat' dir='ltr'><strong>rediis-</strong></span> 
     </span>
    </p>
   </div>
   <div class='ocr_carea' id='block_1_22' title="bbox 180 2219 1759 2291">
    <p class='ocr_par' dir='ltr' id='par_1_22' title="bbox 180 2219 1759 2291">
     <span class='ocr_line' id='line_1_22' title="bbox 180 2219 1759 2291; baseline 0.004 -22"><span class='ocrx_word' id='word_1_150' title='bbox 180 2225 265 2280; x_wconf 86' lang='lat' dir='ltr'><strong>set,</strong></span> <span class='ocrx_word' id='word_1_151' title='bbox 291 2219 468 2272; x_wconf 88' lang='lat' dir='ltr'><strong>sacris</strong></span> <span class='ocrx_word' id='word_1_152' title='bbox 499 2235 560 2274; x_wconf 88' lang='lat' dir='ltr'><strong>se</strong></span> <span class='ocrx_word' id='word_1_153' title='bbox 599 2219 760 2274; x_wconf 92' lang='lat' dir='ltr'><strong>undis</strong></span> <span class='ocrx_word' id='word_1_154' title='bbox 796 2219 1048 2275; x_wconf 65' lang='lat' dir='ltr'><strong>abluet-it.</strong></span> <span class='ocrx_word' id='word_1_155' title='bbox 1079 2219 1314 2274; x_wconf 85' lang='lat' dir='ltr'><strong>Alteram</strong></span> <span class='ocrx_word' id='word_1_156' title='bbox 1363 2221 1501 2276; x_wconf 87' lang='lat' dir='ltr'><strong>hanc</strong></span> <span class='ocrx_word' id='word_1_157' title='bbox 1549 2223 1759 2291; x_wconf 83' lang='lat' dir='ltr'><strong>Opinio-</strong></span> 
     </span>
    </p>
   </div>
   <div class='ocr_carea' id='block_1_23' title="bbox 177 2308 1756 2380">
    <p class='ocr_par' dir='ltr' id='par_1_23' title="bbox 177 2308 1756 2380">
     <span class='ocr_line' id='line_1_23' title="bbox 177 2308 1756 2380; baseline 0.005 -21"><span class='ocrx_word' id='word_1_158' title='bbox 177 2322 277 2360; x_wconf 75' lang='lat' dir='ltr'><strong>nem</strong></span> <span class='ocrx_word' id='word_1_159' title='bbox 319 2308 694 2364; x_wconf 75' lang='lat' dir='ltr'><strong>eruditissimi</strong></span> <span class='ocrx_word' id='word_1_160' title='bbox 749 2311 948 2380; x_wconf 88' lang='lat' dir='ltr'><strong>quique</strong></span> <span class='ocrx_word' id='word_1_161' title='bbox 1003 2311 1362 2365; x_wconf 77' lang='lat' dir='ltr'><strong>recentiorum</strong></span> <span class='ocrx_word' id='word_1_162' title='bbox 1413 2321 1647 2376; x_wconf 91' lang='lat' dir='ltr'><strong>tuentur,</strong></span> <span class='ocrx_word' id='word_1_163' title='bbox 1695 2327 1756 2367; x_wconf 85' lang='lat' dir='ltr'><strong>ea</strong></span> 
     </span>
    </p>
   </div>
   <div class='ocr_carea' id='block_1_24' title="bbox 177 2398 1758 2470">
    <p class='ocr_par' dir='ltr' id='par_1_24' title="bbox 177 2398 1758 2470">
     <span class='ocr_line' id='line_1_24' title="bbox 177 2398 1758 2470; baseline 0.004 -21"><span class='ocrx_word' id='word_1_164' title='bbox 177 2398 296 2452; x_wconf 89' lang='lat' dir='ltr'><strong>ducti</strong></span> <span class='ocrx_word' id='word_1_165' title='bbox 326 2401 672 2470; x_wconf 82' lang='lat' dir='ltr'><strong>cumprimis</strong></span> <span class='ocrx_word' id='word_1_166' title='bbox 700 2401 927 2463; x_wconf 85' lang='lat' dir='ltr'><strong>ratione,</strong></span> <span class='ocrx_word' id='word_1_167' title='bbox 959 2401 1100 2470; x_wconf 88' lang='lat' dir='ltr'><strong>quod</strong></span> <span class='ocrx_word' id='word_1_168' title='bbox 1129 2401 1258 2454; x_wconf 81' lang='lat' dir='ltr'><strong>olim</strong></span> <span class='ocrx_word' id='word_1_169' title='bbox 1290 2401 1381 2470; x_wconf 90' lang='lat' dir='ltr'><strong>qui</strong></span> <span class='ocrx_word' id='word_1_170' title='bbox 1414 2401 1640 2456; x_wconf 75' lang='lat' dir='ltr'><strong>infantes</strong></span> <span class='ocrx_word' id='word_1_171' title='bbox 1666 2401 1758 2455; x_wconf 60' lang='lat' dir='ltr'><strong>bac</strong></span> 
     </span>
    </p>
   </div>
   <div class='ocr_carea' id='block_1_25' title="bbox 176 2490 1757 2568">
    <p class='ocr_par' dir='ltr' id='par_1_25' title="bbox 176 2490 1757 2568">
     <span class='ocr_line' id='line_1_25' title="bbox 176 2490 1757 2568; baseline 0.004 -28"><span class='ocrx_word' id='word_1_172' title='bbox 176 2490 333 2558; x_wconf 83' lang='lat' dir='ltr'><strong>ptizati</strong></span> <span class='ocrx_word' id='word_1_173' title='bbox 366 2508 490 2545; x_wconf 78' lang='lat' dir='ltr'><strong>rion</strong></span> <span class='ocrx_word' id='word_1_174' title='bbox 525 2490 1034 2568; x_wconf 42' lang='lat' dir='ltr'><strong>fuissentbdill‘erre</strong></span> <span class='ocrx_word' id='word_1_175' title='bbox 1065 2504 1233 2559; x_wconf 89' lang='lat' dir='ltr'><strong>usque</strong></span> <span class='ocrx_word' id='word_1_176' title='bbox 1265 2490 1585 2558; x_wconf 85' lang='lat' dir='ltr'><strong>baptismum</strong></span> <span class='ocrx_word' id='word_1_177' title='bbox 1615 2493 1757 2547; x_wconf 87' lang='lat' dir='ltr'><strong>sole-</strong></span> 
     </span>
    </p>
   </div>
   <div class='ocr_carea' id='block_1_26' title="bbox 173 2581 1752 2655">
    <p class='ocr_par' dir='ltr' id='par_1_26' title="bbox 173 2581 1752 2655">
     <span class='ocr_line' id='line_1_26' title="bbox 173 2581 1752 2655; baseline 0 -19"><span class='ocrx_word' id='word_1_178' title='bbox 173 2593 283 2648; x_wconf 88' lang='lat' dir='ltr'><strong>rent,</strong></span> <span class='ocrx_word' id='word_1_179' title='bbox 310 2582 512 2652; x_wconf 81' lang='lat' dir='ltr'><strong>quoad</strong></span> <span class='ocrx_word' id='word_1_180' title='bbox 532 2583 834 2655; x_wconf 89' lang='lat' dir='ltr'><strong>juventutis</strong></span> <span class='ocrx_word' id='word_1_181' title='bbox 862 2581 1169 2636; x_wconf 83' lang='lat' dir='ltr'><strong>discrimina</strong></span> <span class='ocrx_word' id='word_1_182' title='bbox 1194 2583 1535 2654; x_wconf 90' lang='lat' dir='ltr'><strong>acrioresque</strong></span> <span class='ocrx_word' id='word_1_183' title='bbox 1563 2584 1752 2638; x_wconf 83' lang='lat' dir='ltr'><strong>stimu-</strong></span> 
     </span>
    </p>
   </div>
   <div class='ocr_carea' id='block_1_27' title="bbox 173 2673 1748 2746">
    <p class='ocr_par' dir='ltr' id='par_1_27' title="bbox 173 2673 1748 2746">
     <span class='ocr_line' id='line_1_27' title="bbox 173 2673 1748 2746; baseline 0.001 -19"><span class='ocrx_word' id='word_1_184' title='bbox 173 2673 234 2728; x_wconf 89' lang='lat' dir='ltr'><strong>los</strong></span> <span class='ocrx_word' id='word_1_185' title='bbox 258 2677 592 2730; x_wconf 76' lang='lat' dir='ltr'><strong>evasissent</strong></span> <span class='ocrx_word' id='word_1_186' title='bbox 620 2691 632 2727; x_wconf 92' lang='lat'>:</span> <span class='ocrx_word' id='word_1_187' title='bbox 667 2673 721 2728; x_wconf 92' lang='lat' dir='ltr'><strong>id</strong></span> <span class='ocrx_word' id='word_1_188' title='bbox 751 2673 891 2744; x_wconf 91' lang='lat' dir='ltr'><strong>quod</strong></span> <span class='ocrx_word' id='word_1_189' title='bbox 946 2673 1151 2728; x_wconf 87' lang='lat' dir='ltr'><strong>fervido</strong></span> <span class='ocrx_word' id='word_1_190' title='bbox 1182 2673 1489 2746; x_wconf 84' lang='lat' dir='ltr'><strong>llieronymi</strong></span> <span class='ocrx_word' id='word_1_191' title='bbox 1535 2674 1748 2744; x_wconf 89' lang='lat' dir='ltr'><strong>ingenio</strong></span> 
     </span>
    </p>
   </div>
   <div class='ocr_carea' id='block_1_28' title="bbox 171 2764 1738 2833">
    <p class='ocr_par' dir='ltr' id='par_1_28' title="bbox 171 2764 1738 2833">
     <span class='ocr_line' id='line_1_28' title="bbox 171 2764 1738 2833; baseline 0.001 -15"><span class='ocrx_word' id='word_1_192' title='bbox 171 2767 385 2820; x_wconf 77' lang='lat' dir='ltr'><strong>maxime</strong></span> <span class='ocrx_word' id='word_1_193' title='bbox 447 2773 880 2820; x_wconf 86' lang='lat' dir='ltr'><strong>consentaneum</strong></span> <span class='ocrx_word' id='word_1_194' title='bbox 915 2765 1094 2820; x_wconf 90' lang='lat' dir='ltr'><strong>fuerit.</strong></span> <span class='ocrx_word' id='word_1_195' title='bbox 1123 2764 1302 2820; x_wconf 81' lang='lat' dir='ltr'><strong>Videri</strong></span> <span class='ocrx_word' id='word_1_196' title='bbox 1338 2773 1540 2833; x_wconf 91' lang='lat' dir='ltr'><strong>autem,</strong></span> <span class='ocrx_word' id='word_1_197' title='bbox 1570 2767 1738 2831; x_wconf 89' lang='lat' dir='ltr'><strong>aiunt,</strong></span> 
     </span>
    </p>
   </div>
   <div class='ocr_carea' id='block_1_29' title="bbox 171 2855 1740 2928">
    <p class='ocr_par' dir='ltr' id='par_1_29' title="bbox 171 2855 1740 2928">
     <span class='ocr_line' id='line_1_29' title="bbox 171 2855 1740 2928; baseline 0.001 -18"><span class='ocrx_word' id='word_1_198' title='bbox 171 2859 332 2926; x_wconf 89' lang='lat' dir='ltr'><strong>pietati</strong></span> <span class='ocrx_word' id='word_1_199' title='bbox 361 2856 494 2926; x_wconf 86' lang='lat' dir='ltr'><strong>ejus</strong></span> <span class='ocrx_word' id='word_1_200' title='bbox 522 2872 588 2910; x_wconf 92' lang='lat' dir='ltr'><strong>ac</strong></span> <span class='ocrx_word' id='word_1_201' title='bbox 617 2855 863 2925; x_wconf 87' lang='lat' dir='ltr'><strong>religioni</strong></span> <span class='ocrx_word' id='word_1_202' title='bbox 895 2857 1008 2911; x_wconf 82' lang='lat' dir='ltr'><strong>fieri</strong></span> <span class='ocrx_word' id='word_1_203' title='bbox 1039 2856 1306 2925; x_wconf 84' lang='lat' dir='ltr'><strong>injuriam,</strong></span> <span class='ocrx_word' id='word_1_204' title='bbox 1335 2855 1378 2911; x_wconf 91' lang='lat' dir='ltr'><strong>si</strong></span> <span class='ocrx_word' id='word_1_205' title='bbox 1411 2858 1740 2928; x_wconf 88' lang='lat' dir='ltr'><strong>propositutn</strong></span> 
     </span>
    </p>
   </div>
   <div class='ocr_carea' id='block_1_30' title="bbox 166 2947 1738 3018">
    <p class='ocr_par' dir='ltr' id='par_1_30' title="bbox 166 2947 1738 3018">
     <span class='ocr_line' id='line_1_30' title="bbox 166 2947 1738 3018; baseline 0.002 -16"><span class='ocrx_word' id='word_1_206' title='bbox 166 2950 258 3005; x_wconf 82' lang='lat' dir='ltr'><strong>Deo</strong></span> <span class='ocrx_word' id='word_1_207' title='bbox 285 2947 646 3013; x_wconf 83' lang='lat' dir='ltr'><strong>inserviendi,</strong></span> <span class='ocrx_word' id='word_1_208' title='bbox 679 2947 819 3017; x_wconf 90' lang='lat' dir='ltr'><strong>quod</strong></span> <span class='ocrx_word' id='word_1_209' title='bbox 848 2950 1008 3018; x_wconf 77' lang='lat' dir='ltr'><strong>erepit</strong></span> <span class='ocrx_word' id='word_1_210' title='bbox 1049 2964 1266 3004; x_wconf 81' lang='lat' dir='ltr'><strong>verSare</strong></span> <span class='ocrx_word' id='word_1_211' title='bbox 1303 2951 1502 3013; x_wconf 90' lang='lat' dir='ltr'><strong>animo,</strong></span> <span class='ocrx_word' id='word_1_212' title='bbox 1537 2959 1594 3004; x_wconf 92' lang='lat' dir='ltr'><strong>ut</strong></span> <span class='ocrx_word' id='word_1_213' title='bbox 1616 2966 1738 3006; x_wconf 79' lang='lat' dir='ltr'><strong>mox</strong></span> 
     </span>
    </p>
   </div>
   <div class='ocr_carea' id='block_1_31' title="bbox 163 3040 1738 3115">
    <p class='ocr_par' dir='ltr' id='par_1_31' title="bbox 163 3040 1738 3115">
     <span class='ocr_line' id='line_1_31' title="bbox 163 3040 1738 3115; baseline 0.003 -21"><span class='ocrx_word' id='word_1_214' title='bbox 163 3041 408 3106; x_wconf 88' lang='lat' dir='ltr'><strong>dicemus,</strong></span> <span class='ocrx_word' id='word_1_215' title='bbox 459 3055 588 3095; x_wconf 89' lang='lat' dir='ltr'><strong>cum</strong></span> <span class='ocrx_word' id='word_1_216' title='bbox 640 3041 692 3094; x_wconf 91' lang='lat' dir='ltr'><strong>in</strong></span> <span class='ocrx_word' id='word_1_217' title='bbox 723 3040 922 3097; x_wconf 84' lang='lat' dir='ltr'><strong>Gallias</strong></span> <span class='ocrx_word' id='word_1_218' title='bbox 962 3043 1414 3110; x_wconf 82' lang='lat' dir='ltr'><strong>peregrinaretur,</strong></span> <span class='ocrx_word' id='word_1_219' title='bbox 1464 3044 1738 3115; x_wconf 83' lang='lat' dir='ltr'><strong>Baptismo</strong></span> 
     </span>
    </p>
   </div>
   <div class='ocr_carea' id='block_1_32' title="bbox 165 3129 1732 3205">
    <p class='ocr_par' dir='ltr' id='par_1_32' title="bbox 165 3129 1732 3205">
     <span class='ocr_line' id='line_1_32' title="bbox 165 3129 1732 3205; baseline 0.003 -19"><span class='ocrx_word' id='word_1_220' title='bbox 165 3133 416 3202; x_wconf 60' lang='lat' dir='ltr'><strong>pmterius</strong></span> <span class='ocrx_word' id='word_1_221' title='bbox 453 3129 590 3198; x_wconf 88' lang='lat' dir='ltr'><strong>fuit,</strong></span> <span class='ocrx_word' id='word_1_222' title='bbox 622 3146 723 3185; x_wconf 90' lang='lat' dir='ltr'><strong>nec</strong></span> <span class='ocrx_word' id='word_1_223' title='bbox 763 3146 891 3186; x_wconf 89' lang='lat' dir='ltr'><strong>sane</strong></span> <span class='ocrx_word' id='word_1_224' title='bbox 931 3129 1144 3186; x_wconf 90' lang='lat' dir='ltr'><strong>modico</strong></span> <span class='ocrx_word' id='word_1_225' title='bbox 1179 3133 1434 3202; x_wconf 90' lang='lat' dir='ltr'><strong>temporis</strong></span> <span class='ocrx_word' id='word_1_226' title='bbox 1468 3134 1659 3205; x_wconf 78' lang='lat' dir='ltr'><strong>Spatia,</strong></span> <span class='ocrx_word' id='word_1_227' title='bbox 1689 3136 1732 3190; x_wconf 85' lang='lat' dir='ltr'><strong>si</strong></span> 
     </span>
    </p>
   </div>
   <div class='ocr_carea' id='block_1_33' title="bbox 165 3220 1732 3292">
    <p class='ocr_par' dir='ltr' id='par_1_33' title="bbox 165 3220 1732 3292">
     <span class='ocr_line' id='line_1_33' title="bbox 165 3220 1732 3292; baseline 0.004 -17"><span class='ocrx_word' id='word_1_228' title='bbox 165 3222 306 3278; x_wconf 86' lang='lat' dir='ltr'><strong>debet</strong></span> <span class='ocrx_word' id='word_1_229' title='bbox 333 3223 440 3278; x_wconf 89' lang='lat' dir='ltr'><strong>iste</strong></span> <span class='ocrx_word' id='word_1_230' title='bbox 483 3221 554 3276; x_wconf 91' lang='lat' dir='ltr'><strong>ad</strong></span> <span class='ocrx_word' id='word_1_231' title='bbox 601 3223 837 3292; x_wconf 84' lang='lat' dir='ltr'><strong>priorem</strong></span> <span class='ocrx_word' id='word_1_232' title='bbox 873 3220 1029 3277; x_wconf 89' lang='lat' dir='ltr'><strong>Urbis</strong></span> <span class='ocrx_word' id='word_1_233' title='bbox 1058 3221 1344 3278; x_wconf 85' lang='lat' dir='ltr'><strong>incolatunt</strong></span> <span class='ocrx_word' id='word_1_234' title='bbox 1375 3224 1582 3280; x_wconf 88' lang='lat' dir='ltr'><strong>referri.</strong></span> <span class='ocrx_word' id='word_1_235' title='bbox 1627 3225 1732 3282; x_wconf 85' lang='lat' dir='ltr'><strong>Sed</strong></span> 
     </span>
    </p>
   </div>
   <div class='ocr_carea' id='block_1_34' title="bbox 164 3311 1726 3385">
    <p class='ocr_par' dir='ltr' id='par_1_34' title="bbox 164 3311 1726 3385">
     <span class='ocr_line' id='line_1_34' title="bbox 164 3311 1726 3385; baseline 0.003 -18"><span class='ocrx_word' id='word_1_236' title='bbox 164 3311 264 3368; x_wconf 75' lang='lat' dir='ltr'><strong>lnec</strong></span> <span class='ocrx_word' id='word_1_237' title='bbox 293 3330 394 3368; x_wconf 91' lang='lat' dir='ltr'><strong>nos</strong></span> <span class='ocrx_word' id='word_1_238' title='bbox 437 3314 671 3369; x_wconf 87' lang='lat' dir='ltr'><strong>minime</strong></span> <span class='ocrx_word' id='word_1_239' title='bbox 699 3323 954 3373; x_wconf 85' lang='lat' dir='ltr'><strong>movent;</strong></span> <span class='ocrx_word' id='word_1_240' title='bbox 986 3329 1108 3368; x_wconf 89' lang='lat' dir='ltr'><strong>nam</strong></span> <span class='ocrx_word' id='word_1_241' title='bbox 1140 3329 1313 3385; x_wconf 89' lang='lat' dir='ltr'><strong>neque</strong></span> <span class='ocrx_word' id='word_1_242' title='bbox 1339 3314 1582 3372; x_wconf 87' lang='lat' dir='ltr'><strong>solemne</strong></span> <span class='ocrx_word' id='word_1_243' title='bbox 1608 3333 1726 3382; x_wconf 83' lang='lat' dir='ltr'><strong>om-</strong></span> 
     </span>
    </p>
   </div>
   <div class='ocr_carea' id='block_1_35' title="bbox 164 3404 1728 3480">
    <p class='ocr_par' dir='ltr' id='par_1_35' title="bbox 164 3404 1728 3480">
     <span class='ocr_line' id='line_1_35' title="bbox 164 3404 1728 3480; baseline 0.006 -24"><span class='ocrx_word' id='word_1_244' title='bbox 164 3404 300 3460; x_wconf 87' lang='lat' dir='ltr'><strong>nibus</strong></span> <span class='ocrx_word' id='word_1_245' title='bbox 326 3405 652 3461; x_wconf 82' lang='lat' dir='ltr'><strong>Christianis</strong></span> <span class='ocrx_word' id='word_1_246' title='bbox 697 3405 814 3471; x_wconf 87' lang='lat' dir='ltr'><strong>fuit,</strong></span> <span class='ocrx_word' id='word_1_247' title='bbox 839 3407 925 3476; x_wconf 90' lang='lat' dir='ltr'><strong>qui</strong></span> <span class='ocrx_word' id='word_1_248' title='bbox 953 3406 1070 3461; x_wconf 89' lang='lat' dir='ltr'><strong>sine</strong></span> <span class='ocrx_word' id='word_1_249' title='bbox 1093 3405 1368 3476; x_wconf 84' lang='lat' dir='ltr'><strong>Baptismo</strong></span> <span class='ocrx_word' id='word_1_250' title='bbox 1410 3417 1567 3464; x_wconf 71' lang='lat' dir='ltr'><strong>relate</strong></span> <span class='ocrx_word' id='word_1_251' title='bbox 1595 3426 1728 3480; x_wconf 90' lang='lat' dir='ltr'><strong>pau-</strong></span> 
     </span>
    </p>
   </div>
   <div class='ocr_carea' id='block_1_36' title="bbox 164 3493 1730 3573">
    <p class='ocr_par' dir='ltr' id='par_1_36' title="bbox 164 3493 1730 3573">
     <span class='ocr_line' id='line_1_36' title="bbox 164 3493 1730 3573; baseline 0.003 -26"><span class='ocrx_word' id='word_1_252' title='bbox 164 3493 259 3549; x_wconf 86' lang='lat' dir='ltr'><strong>lum</strong></span> <span class='ocrx_word' id='word_1_253' title='bbox 300 3497 720 3566; x_wconf 62' lang='lat' dir='ltr'><strong>processissent,</strong></span> <span class='ocrx_word' id='word_1_254' title='bbox 756 3505 811 3550; x_wconf 93' lang='lat' dir='ltr'><strong>ut</strong></span> <span class='ocrx_word' id='word_1_255' title='bbox 852 3496 1025 3550; x_wconf 87' lang='lat' dir='ltr'><strong>serius</strong></span> <span class='ocrx_word' id='word_1_256' title='bbox 1063 3495 1382 3554; x_wconf 81' lang='lat' dir='ltr'><strong>diﬂ‘errent:</strong></span> <span class='ocrx_word' id='word_1_257' title='bbox 1416 3515 1589 3572; x_wconf 89' lang='lat' dir='ltr'><strong>neque</strong></span> <span class='ocrx_word' id='word_1_258' title='bbox 1631 3517 1730 3573; x_wconf 67' lang='lat' dir='ltr'><strong>po.-</strong></span> 
     </span>
    </p>
   </div>
   <div class='ocr_carea' id='block_1_37' title="bbox 162 3587 1724 3663">
    <p class='ocr_par' dir='ltr' id='par_1_37' title="bbox 162 3587 1724 3663">
     <span class='ocr_line' id='line_1_37' title="bbox 162 3587 1724 3663; baseline 0.004 -24"><span class='ocrx_word' id='word_1_259' title='bbox 162 3588 338 3641; x_wconf 83' lang='lat' dir='ltr'><strong>sterius</strong></span> <span class='ocrx_word' id='word_1_260' title='bbox 369 3587 503 3642; x_wconf 89' lang='lat' dir='ltr'><strong>illud</strong></span> <span class='ocrx_word' id='word_1_261' title='bbox 559 3588 874 3654; x_wconf 66' lang='lat' dir='ltr'><strong>llieronvmi</strong></span> <span class='ocrx_word' id='word_1_262' title='bbox 916 3587 1023 3642; x_wconf 91' lang='lat' dir='ltr'><strong>Deo</strong></span> <span class='ocrx_word' id='word_1_263' title='bbox 1049 3589 1316 3644; x_wconf 90' lang='lat' dir='ltr'><strong>serviendi</strong></span> <span class='ocrx_word' id='word_1_264' title='bbox 1368 3593 1724 3663; x_wconf 86' lang='lat' dir='ltr'><strong>propositum,</strong></span> 
     </span>
    </p>
   </div>
   <div class='ocr_carea' id='block_1_38' title="bbox 163 3681 1724 3752">
    <p class='ocr_par' dir='ltr' id='par_1_38' title="bbox 163 3681 1724 3752">
     <span class='ocr_line' id='line_1_38' title="bbox 163 3681 1724 3752; baseline 0.003 -19"><span class='ocrx_word' id='word_1_265' title='bbox 163 3681 427 3752; x_wconf 86' lang='lat' dir='ltr'><strong>quidquam</strong></span> <span class='ocrx_word' id='word_1_266' title='bbox 451 3681 694 3736; x_wconf 85' lang='lat' dir='ltr'><strong>defuisse</strong></span> <span class='ocrx_word' id='word_1_267' title='bbox 737 3681 918 3750; x_wconf 85' lang='lat' dir='ltr'><strong>pietati</strong></span> <span class='ocrx_word' id='word_1_268' title='bbox 949 3681 1066 3749; x_wconf 89' lang='lat' dir='ltr'><strong>ejus</strong></span> <span class='ocrx_word' id='word_1_269' title='bbox 1089 3682 1334 3752; x_wconf 65' lang='lat' dir='ltr'><strong>pristinae</strong></span> <span class='ocrx_word' id='word_1_270' title='bbox 1376 3693 1546 3738; x_wconf 89' lang='lat' dir='ltr'><strong>notat.</strong></span> <span class='ocrx_word' id='word_1_271' title='bbox 1587 3683 1724 3752; x_wconf 86' lang='lat' dir='ltr'><strong>Quin</strong></span> 
     </span>
    </p>
   </div>
   <div class='ocr_carea' id='block_1_39' title="bbox 165 3772 1724 3846">
    <p class='ocr_par' dir='ltr' id='par_1_39' title="bbox 165 3772 1724 3846">
     <span class='ocr_line' id='line_1_39' title="bbox 165 3772 1724 3846; baseline 0.004 -22"><span class='ocrx_word' id='word_1_272' title='bbox 165 3772 254 3825; x_wconf 89' lang='lat' dir='ltr'><strong>imo</strong></span> <span class='ocrx_word' id='word_1_273' title='bbox 277 3789 410 3829; x_wconf 88' lang='lat' dir='ltr'><strong>nova</strong></span> <span class='ocrx_word' id='word_1_274' title='bbox 457 3790 576 3829; x_wconf 92' lang='lat' dir='ltr'><strong>cam</strong></span> <span class='ocrx_word' id='word_1_275' title='bbox 606 3774 922 3828; x_wconf 83' lang='lat' dir='ltr'><strong>accessione</strong></span> <span class='ocrx_word' id='word_1_276' title='bbox 952 3774 1192 3828; x_wconf 89' lang='lat' dir='ltr'><strong>cumulat</strong></span> <span class='ocrx_word' id='word_1_277' title='bbox 1223 3790 1238 3826; x_wconf 89' lang='lat'><strong>:</strong></span> <span class='ocrx_word' id='word_1_278' title='bbox 1286 3775 1550 3846; x_wconf 87' lang='lat' dir='ltr'><strong>siquidem</strong></span> <span class='ocrx_word' id='word_1_279' title='bbox 1592 3777 1724 3831; x_wconf 90' lang='lat' dir='ltr'><strong>illud</strong></span> 
     </span>
    </p>
   </div>
   <div class='ocr_carea' id='block_1_40' title="bbox 165 3863 1729 3936">
    <p class='ocr_par' dir='ltr' id='par_1_40' title="bbox 165 3863 1729 3936">
     <span class='ocr_line' id='line_1_40' title="bbox 165 3863 1729 3936; baseline 0.002 -18"><span class='ocrx_word' id='word_1_280' title='bbox 165 3876 280 3928; x_wconf 81' lang='lat' dir='ltr'><strong>erat,</strong></span> <span class='ocrx_word' id='word_1_281' title='bbox 311 3883 416 3920; x_wconf 89' lang='lat' dir='ltr'><strong>non</strong></span> <span class='ocrx_word' id='word_1_282' title='bbox 474 3865 817 3936; x_wconf 79' lang='lat' dir='ltr'><strong>ingrediendi</strong></span> <span class='ocrx_word' id='word_1_283' title='bbox 860 3876 986 3920; x_wconf 92' lang='lat' dir='ltr'><strong>tunc</strong></span> <span class='ocrx_word' id='word_1_284' title='bbox 1013 3865 1232 3919; x_wconf 88' lang='lat' dir='ltr'><strong>demum</strong></span> <span class='ocrx_word' id='word_1_285' title='bbox 1259 3863 1618 3921; x_wconf 79' lang='lat' dir='ltr'><strong>Christianam</strong></span> <span class='ocrx_word' id='word_1_286' title='bbox 1649 3869 1729 3921; x_wconf 81' lang='lat' dir='ltr'><strong>vi-</strong></span> 
     </span>
    </p>
   </div>
   <div class='ocr_carea' id='block_1_41' title="bbox 164 3954 1724 4027">
    <p class='ocr_par' dir='ltr' id='par_1_41' title="bbox 164 3954 1724 4027">
     <span class='ocr_line' id='line_1_41' title="bbox 164 3954 1724 4027; baseline 0.001 -20"><span class='ocrx_word' id='word_1_287' title='bbox 164 3964 274 4021; x_wconf 76' lang='lat' dir='ltr'><strong>tam,</strong></span> <span class='ocrx_word' id='word_1_288' title='bbox 302 3957 395 4012; x_wconf 90' lang='lat' dir='ltr'><strong>sed</strong></span> <span class='ocrx_word' id='word_1_289' title='bbox 450 3956 832 4027; x_wconf 86' lang='lat' dir='ltr'><strong>perfectioretu</strong></span> <span class='ocrx_word' id='word_1_290' title='bbox 885 3956 1058 4010; x_wconf 77' lang='lat' dir='ltr'><strong>multo</strong></span> <span class='ocrx_word' id='word_1_291' title='bbox 1109 3954 1320 4025; x_wconf 78' lang='lat' dir='ltr'><strong>agendi,</strong></span> <span class='ocrx_word' id='word_1_292' title='bbox 1373 3956 1724 4025; x_wconf 86' lang='lat' dir='ltr'><strong>propositum,</strong></span> 
     </span>
    </p>
   </div>
   <div class='ocr_carea' id='block_1_42' title="bbox 165 4045 1725 4118">
    <p class='ocr_par' dir='ltr' id='par_1_42' title="bbox 165 4045 1725 4118">
     <span class='ocr_line' id='line_1_42' title="bbox 165 4045 1725 4118; baseline 0.004 -21"><span class='ocrx_word' id='word_1_293' title='bbox 165 4049 286 4115; x_wconf 90' lang='lat' dir='ltr'><strong>quod</strong></span> <span class='ocrx_word' id='word_1_294' title='bbox 319 4049 663 4117; x_wconf 90' lang='lat' dir='ltr'><strong>postmodum</strong></span> <span class='ocrx_word' id='word_1_295' title='bbox 695 4049 748 4102; x_wconf 91' lang='lat' dir='ltr'><strong>in</strong></span> <span class='ocrx_word' id='word_1_296' title='bbox 773 4063 959 4103; x_wconf 90' lang='lat' dir='ltr'><strong>eremo</strong></span> <span class='ocrx_word' id='word_1_297' title='bbox 988 4046 1248 4118; x_wconf 90' lang='lat' dir='ltr'><strong>implevit.</strong></span> <span class='ocrx_word' id='word_1_298' title='bbox 1272 4045 1562 4112; x_wconf 71' lang='lat' dir='ltr'><strong>Praeterea,</strong></span> <span class='ocrx_word' id='word_1_299' title='bbox 1583 4047 1725 4116; x_wconf 91' lang='lat' dir='ltr'><strong>quod</strong></span> 
     </span>
    </p>
   </div>
   <div class='ocr_carea' id='block_1_43' title="bbox 164 4139 1723 4211">
    <p class='ocr_par' dir='ltr' id='par_1_43' title="bbox 164 4139 1723 4211">
     <span class='ocr_line' id='line_1_43' title="bbox 164 4139 1723 4211; baseline 0.001 -19"><span class='ocrx_word' id='word_1_300' title='bbox 164 4141 308 4196; x_wconf 78' lang='lat' dir='ltr'><strong>redux</strong></span> <span class='ocrx_word' id='word_1_301' title='bbox 335 4159 362 4195; x_wconf 88' lang='lat' dir='ltr'><strong>a</strong></span> <span class='ocrx_word' id='word_1_302' title='bbox 387 4142 577 4198; x_wconf 85' lang='lat' dir='ltr'><strong>Galliis</strong></span> <span class='ocrx_word' id='word_1_303' title='bbox 624 4141 848 4196; x_wconf 81' lang='lat' dir='ltr'><strong>Romam</strong></span> <span class='ocrx_word' id='word_1_304' title='bbox 879 4140 1160 4211; x_wconf 85' lang='lat' dir='ltr'><strong>repetierit</strong></span> <span class='ocrx_word' id='word_1_305' title='bbox 1189 4139 1246 4196; x_wconf 91' lang='lat' dir='ltr'><strong>S.</strong></span> <span class='ocrx_word' id='word_1_306' title='bbox 1291 4139 1470 4206; x_wconf 84' lang='lat' dir='ltr'><strong>Pater,</strong></span> <span class='ocrx_word' id='word_1_307' title='bbox 1499 4141 1646 4194; x_wconf 90' lang='lat' dir='ltr'><strong>nullo</strong></span> <span class='ocrx_word' id='word_1_308' title='bbox 1671 4140 1723 4196; x_wconf 89' lang='lat' dir='ltr'><strong>iu</strong></span> 
     </span>
    </p>
   </div>
   <div class='ocr_carea' id='block_1_44' title="bbox 168 4233 1718 4305">
    <p class='ocr_par' dir='ltr' id='par_1_44' title="bbox 168 4233 1718 4305">
     <span class='ocr_line' id='line_1_44' title="bbox 168 4233 1718 4305; baseline 0.003 -20"><span class='ocrx_word' id='word_1_309' title='bbox 168 4233 265 4301; x_wconf 85' lang='lat' dir='ltr'><strong>ejus</strong></span> <span class='ocrx_word' id='word_1_310' title='bbox 293 4237 409 4292; x_wconf 78' lang='lat' dir='ltr'><strong>vita:</strong></span> <span class='ocrx_word' id='word_1_311' title='bbox 440 4237 602 4302; x_wconf 91' lang='lat' dir='ltr'><strong>serie,</strong></span> <span class='ocrx_word' id='word_1_312' title='bbox 641 4233 989 4305; x_wconf 71' lang='lat' dir='ltr'><strong>fundamento</strong></span> <span class='ocrx_word' id='word_1_313' title='bbox 1015 4234 1224 4299; x_wconf 89' lang='lat' dir='ltr'><strong>nititur,</strong></span> <span class='ocrx_word' id='word_1_314' title='bbox 1254 4234 1362 4289; x_wconf 93' lang='lat' dir='ltr'><strong>imo</strong></span> <span class='ocrx_word' id='word_1_315' title='bbox 1383 4250 1413 4289; x_wconf 92' lang='lat' dir='ltr'><strong>a</strong></span> <span class='ocrx_word' id='word_1_316' title='bbox 1438 4234 1548 4289; x_wconf 89' lang='lat' dir='ltr'><strong>veri</strong></span> <span class='ocrx_word' id='word_1_317' title='bbox 1593 4248 1718 4303; x_wconf 90' lang='lat' dir='ltr'><strong>spe-</strong></span> 
     </span>
    </p>
   </div>
   <div class='ocr_carea' id='block_1_45' title="bbox 164 4327 1724 4399">
    <p class='ocr_par' dir='ltr' id='par_1_45' title="bbox 164 4327 1724 4399">
     <span class='ocr_line' id='line_1_45' title="bbox 164 4327 1724 4399; baseline 0.001 -19"><span class='ocrx_word' id='word_1_318' title='bbox 164 4327 232 4382; x_wconf 81' lang='lat' dir='ltr'><strong>cie</strong></span> <span class='ocrx_word' id='word_1_319' title='bbox 268 4332 405 4384; x_wconf 89' lang='lat' dir='ltr'><strong>omni</strong></span> <span class='ocrx_word' id='word_1_320' title='bbox 453 4330 734 4385; x_wconf 89' lang='lat' dir='ltr'><strong>abhorret.</strong></span> <span class='ocrx_word' id='word_1_321' title='bbox 779 4329 884 4384; x_wconf 92' lang='lat' dir='ltr'><strong>Sed</strong></span> <span class='ocrx_word' id='word_1_322' title='bbox 930 4328 1046 4383; x_wconf 71' lang='lat' dir='ltr'><strong>bare</strong></span> <span class='ocrx_word' id='word_1_323' title='bbox 1095 4329 1302 4399; x_wconf 80' lang='lat' dir='ltr'><strong>plenius</strong></span> <span class='ocrx_word' id='word_1_324' title='bbox 1350 4342 1415 4383; x_wconf 79' lang='lat' dir='ltr'><strong>ex</strong></span> <span class='ocrx_word' id='word_1_325' title='bbox 1464 4328 1568 4393; x_wconf 90' lang='lat' dir='ltr'><strong>his,</strong></span> <span class='ocrx_word' id='word_1_326' title='bbox 1604 4343 1724 4398; x_wconf 75' lang='lat' dir='ltr'><strong>qua:</strong></span> 
     </span>
    </p>
   </div>
   <div class='ocr_carea' id='block_1_46' title="bbox 166 4416 1171 4488">
    <p class='ocr_par' dir='ltr' id='par_1_46' title="bbox 166 4416 1171 4488">
     <span class='ocr_line' id='line_1_46' title="bbox 166 4416 1171 4488; baseline 0.002 -16"><span class='ocrx_word' id='word_1_327' title='bbox 166 4416 362 4476; x_wconf 77' lang='lat' dir='ltr'><strong>dicenda</strong></span> <span class='ocrx_word' id='word_1_328' title='bbox 392 4432 519 4477; x_wconf 91' lang='lat' dir='ltr'><strong>sunt</strong></span> <span class='ocrx_word' id='word_1_329' title='bbox 548 4421 793 4488; x_wconf 86' lang='lat' dir='ltr'><strong>inferius,</strong></span> <span class='ocrx_word' id='word_1_330' title='bbox 828 4421 1171 4476; x_wconf 88' lang='lat' dir='ltr'><strong>constabunt.</strong></span> 
     </span>
    </p>
   </div>
   <div class='ocr_carea' id='block_1_47' title="bbox 224 4513 1718 4586">
    <p class='ocr_par' dir='ltr' id='par_1_47' title="bbox 224 4513 1718 4586">
     <span class='ocr_line' id='line_1_47' title="bbox 224 4513 1718 4586; baseline 0.004 -21"><span class='ocrx_word' id='word_1_331' title='bbox 224 4513 278 4566; x_wconf 91' lang='lat' dir='ltr'><strong>ll.</strong></span> <span class='ocrx_word' id='word_1_332' title='bbox 319 4515 508 4571; x_wconf 75' lang='lat' dir='ltr'><strong>flatum</strong></span> <span class='ocrx_word' id='word_1_333' title='bbox 537 4517 717 4586; x_wconf 86' lang='lat' dir='ltr'><strong>itaque</strong></span> <span class='ocrx_word' id='word_1_334' title='bbox 738 4525 872 4581; x_wconf 83' lang='lat' dir='ltr'><strong>esto,</strong></span> <span class='ocrx_word' id='word_1_335' title='bbox 902 4530 1023 4570; x_wconf 89' lang='lat' dir='ltr'><strong>eum</strong></span> <span class='ocrx_word' id='word_1_336' title='bbox 1051 4524 1335 4586; x_wconf 88' lang='lat' dir='ltr'><strong>antequam</strong></span> <span class='ocrx_word' id='word_1_337' title='bbox 1359 4514 1525 4570; x_wconf 79' lang='lat' dir='ltr'><strong>Roma</strong></span> <span class='ocrx_word' id='word_1_338' title='bbox 1553 4515 1718 4571; x_wconf 83' lang='lat' dir='ltr'><strong>dece-</strong></span> 
     </span>
    </p>
   </div>
   <div class='ocr_carea' id='block_1_48' title="bbox 167 4603 1722 4678">
    <p class='ocr_par' dir='ltr' id='par_1_48' title="bbox 167 4603 1722 4678">
     <span class='ocr_line' id='line_1_48' title="bbox 167 4603 1722 4678; baseline 0.003 -22"><span class='ocrx_word' id='word_1_339' title='bbox 167 4603 317 4673; x_wconf 84' lang='lat' dir='ltr'><strong>deret,</strong></span> <span class='ocrx_word' id='word_1_340' title='bbox 342 4625 463 4662; x_wconf 90' lang='lat' dir='ltr'><strong>eum</strong></span> <span class='ocrx_word' id='word_1_341' title='bbox 495 4624 562 4663; x_wconf 92' lang='lat' dir='ltr'><strong>eo</strong></span> <span class='ocrx_word' id='word_1_342' title='bbox 592 4608 823 4678; x_wconf 88' lang='lat' dir='ltr'><strong>primmn</strong></span> <span class='ocrx_word' id='word_1_343' title='bbox 855 4607 924 4662; x_wconf 88' lang='lat' dir='ltr'><strong>ad</strong></span> <span class='ocrx_word' id='word_1_344' title='bbox 952 4607 1238 4662; x_wconf 63' lang='lat' dir='ltr'><strong>saeculares</strong></span> <span class='ocrx_word' id='word_1_345' title='bbox 1266 4607 1448 4663; x_wconf 87' lang='lat' dir='ltr'><strong>literas</strong></span> <span class='ocrx_word' id='word_1_346' title='bbox 1473 4606 1722 4662; x_wconf 78' lang='lat' dir='ltr'><strong>ediscen-</strong></span> 
     </span>
    </p>
   </div>
   <div class='ocr_carea' id='block_1_49' title="bbox 167 4693 1722 4770">
    <p class='ocr_par' dir='ltr' id='par_1_49' title="bbox 167 4693 1722 4770">
     <span class='ocr_line' id='line_1_49' title="bbox 167 4693 1722 4770; baseline 0.001 -23"><span class='ocrx_word' id='word_1_347' title='bbox 167 4693 246 4750; x_wconf 86' lang='lat' dir='ltr'><strong>das</strong></span> <span class='ocrx_word' id='word_1_348' title='bbox 269 4697 715 4770; x_wconf 34' lang='lat' dir='ltr'><strong>venissetpsacris</strong></span> <span class='ocrx_word' id='word_1_349' title='bbox 742 4697 904 4752; x_wconf 87' lang='lat' dir='ltr'><strong>fuisse</strong></span> <span class='ocrx_word' id='word_1_350' title='bbox 930 4697 1084 4756; x_wconf 85' lang='lat' dir='ltr'><strong>undis</strong></span> <span class='ocrx_word' id='word_1_351' title='bbox 1113 4697 1351 4751; x_wconf 84' lang='lat' dir='ltr'><strong>ablutum</strong></span> <span class='ocrx_word' id='word_1_352' title='bbox 1377 4714 1390 4749; x_wconf 86' lang='lat'><strong>:</strong></span> <span class='ocrx_word' id='word_1_353' title='bbox 1421 4696 1522 4752; x_wconf 86' lang='lat' dir='ltr'><strong>hoc</strong></span> <span class='ocrx_word' id='word_1_354' title='bbox 1561 4697 1722 4750; x_wconf 87' lang='lat' dir='ltr'><strong>nimi-</strong></span> 
     </span>
    </p>
   </div>
   <div class='ocr_carea' id='block_1_50' title="bbox 168 4787 1724 4860">
    <p class='ocr_par' dir='ltr' id='par_1_50' title="bbox 168 4787 1724 4860">
     <span class='ocr_line' id='line_1_50' title="bbox 168 4787 1724 4860; baseline 0.004 -24"><span class='ocrx_word' id='word_1_355' title='bbox 168 4799 266 4840; x_wconf 88' lang='lat' dir='ltr'><strong>rum</strong></span> <span class='ocrx_word' id='word_1_356' title='bbox 308 4800 565 4860; x_wconf 89' lang='lat' dir='ltr'><strong>tempore,</strong></span> <span class='ocrx_word' id='word_1_357' title='bbox 607 4789 675 4844; x_wconf 91' lang='lat' dir='ltr'><strong>ad</strong></span> <span class='ocrx_word' id='word_1_358' title='bbox 722 4788 862 4859; x_wconf 89' lang='lat' dir='ltr'><strong>quod</strong></span> <span class='ocrx_word' id='word_1_359' title='bbox 897 4803 995 4844; x_wconf 93' lang='lat' dir='ltr'><strong>nos</strong></span> <span class='ocrx_word' id='word_1_360' title='bbox 1040 4787 1172 4842; x_wconf 89' lang='lat' dir='ltr'><strong>ordo</strong></span> <span class='ocrx_word' id='word_1_361' title='bbox 1220 4787 1354 4842; x_wconf 61' lang='lat' dir='ltr'><strong>Vitae</strong></span> <span class='ocrx_word' id='word_1_362' title='bbox 1397 4788 1514 4858; x_wconf 84' lang='lat' dir='ltr'><strong>ejus</strong></span> <span class='ocrx_word' id='word_1_363' title='bbox 1562 4802 1724 4858; x_wconf 83' lang='lat' dir='ltr'><strong>quam</strong></span> 
     </span>
    </p>
   </div>
   <div class='ocr_carea' id='block_1_51' title="bbox 168 4881 1721 4951">
    <p class='ocr_par' dir='ltr' id='par_1_51' title="bbox 168 4881 1721 4951">
     <span class='ocr_line' id='line_1_51' title="bbox 168 4881 1721 4951; baseline 0.003 -20"><span class='ocrx_word' id='word_1_364' title='bbox 168 4882 548 4941; x_wconf 80' lang='lat' dir='ltr'><strong>conseribimns.</strong></span> <span class='ocrx_word' id='word_1_365' title='bbox 577 4881 748 4948; x_wconf 72' lang='lat' dir='ltr'><strong>duxit,</strong></span> <span class='ocrx_word' id='word_1_366' title='bbox 771 4881 871 4936; x_wconf 89' lang='lat' dir='ltr'><strong>sub</strong></span> <span class='ocrx_word' id='word_1_367' title='bbox 896 4881 1108 4936; x_wconf 87' lang='lat' dir='ltr'><strong>Liberio</strong></span> <span class='ocrx_word' id='word_1_368' title='bbox 1141 4881 1300 4951; x_wconf 89' lang='lat' dir='ltr'><strong>Papa,</strong></span> <span class='ocrx_word' id='word_1_369' title='bbox 1332 4897 1438 4937; x_wconf 88' lang='lat' dir='ltr'><strong>non</strong></span> <span class='ocrx_word' id='word_1_370' title='bbox 1473 4881 1721 4947; x_wconf 87' lang='lat' dir='ltr'><strong>Damaso,</strong></span> 
     </span>
    </p>
   </div>
   <div class='ocr_carea' id='block_1_52' title="bbox 170 4971 1725 5043">
    <p class='ocr_par' dir='ltr' id='par_1_52' title="bbox 170 4971 1725 5043">
     <span class='ocr_line' id='line_1_52' title="bbox 170 4971 1725 5043; baseline 0.004 -21"><span class='ocrx_word' id='word_1_371' title='bbox 170 4979 340 5026; x_wconf 89' lang='lat' dir='ltr'><strong>etcum</strong></span> <span class='ocrx_word' id='word_1_372' title='bbox 368 4974 607 5029; x_wconf 89' lang='lat' dir='ltr'><strong>nondum</strong></span> <span class='ocrx_word' id='word_1_373' title='bbox 632 4974 768 5043; x_wconf 88' lang='lat' dir='ltr'><strong>ipse,</strong></span> <span class='ocrx_word' id='word_1_374' title='bbox 799 4982 855 5026; x_wconf 93' lang='lat' dir='ltr'><strong>ut</strong></span> <span class='ocrx_word' id='word_1_375' title='bbox 883 4971 1114 5040; x_wconf 90' lang='lat' dir='ltr'><strong>videtur,</strong></span> <span class='ocrx_word' id='word_1_376' title='bbox 1144 4987 1340 5026; x_wconf 90' lang='lat' dir='ltr'><strong>annum</strong></span> <span class='ocrx_word' id='word_1_377' title='bbox 1370 4972 1545 5027; x_wconf 68' lang='lat' dir='ltr'><strong>tetatis</strong></span> <span class='ocrx_word' id='word_1_378' title='bbox 1575 4973 1725 5042; x_wconf 87' lang='lat' dir='ltr'><strong>vige-</strong></span> 
     </span>
    </p>
   </div>
   <div class='ocr_carea' id='block_1_53' title="bbox 168 5061 1721 5137">
    <p class='ocr_par' dir='ltr' id='par_1_53' title="bbox 168 5061 1721 5137">
     <span class='ocr_line' id='line_1_53' title="bbox 168 5061 1721 5137; baseline 0.004 -25"><span class='ocrx_word' id='word_1_379' title='bbox 168 5061 335 5118; x_wconf 82' lang='lat' dir='ltr'><strong>simum</strong></span> <span class='ocrx_word' id='word_1_380' title='bbox 361 5065 650 5137; x_wconf 79' lang='lat' dir='ltr'><strong>attigisset.</strong></span> <span class='ocrx_word' id='word_1_381' title='bbox 681 5065 749 5120; x_wconf 89' lang='lat' dir='ltr'><strong>Et</strong></span> <span class='ocrx_word' id='word_1_382' title='bbox 775 5079 900 5120; x_wconf 86' lang='lat' dir='ltr'><strong>vero</strong></span> <span class='ocrx_word' id='word_1_383' title='bbox 937 5066 1007 5132; x_wconf 92' lang='lat' dir='ltr'><strong>si,</strong></span> <span class='ocrx_word' id='word_1_384' title='bbox 1047 5073 1102 5118; x_wconf 94' lang='lat' dir='ltr'><strong>ut</strong></span> <span class='ocrx_word' id='word_1_385' title='bbox 1128 5063 1328 5118; x_wconf 88' lang='lat' dir='ltr'><strong>dudum</strong></span> <span class='ocrx_word' id='word_1_386' title='bbox 1366 5064 1721 5132; x_wconf 83' lang='lat' dir='ltr'><strong>ostendimus,</strong></span> 
     </span>
    </p>
   </div>
   <div class='ocr_carea' id='block_1_54' title="bbox 168 5157 1720 5230">
    <p class='ocr_par' dir='ltr' id='par_1_54' title="bbox 168 5157 1720 5230">
     <span class='ocr_line' id='line_1_54' title="bbox 168 5157 1720 5230; baseline 0.005 -24"><span class='ocrx_word' id='word_1_387' title='bbox 168 5168 257 5209; x_wconf 90' lang='lat' dir='ltr'><strong>non</strong></span> <span class='ocrx_word' id='word_1_388' title='bbox 277 5172 338 5212; x_wconf 92' lang='lat' dir='ltr'><strong>eo</strong></span> <span class='ocrx_word' id='word_1_389' title='bbox 360 5174 528 5230; x_wconf 90' lang='lat' dir='ltr'><strong>usque</strong></span> <span class='ocrx_word' id='word_1_390' title='bbox 557 5159 887 5228; x_wconf 88' lang='lat' dir='ltr'><strong>Baptismum</strong></span> <span class='ocrx_word' id='word_1_391' title='bbox 915 5157 1136 5224; x_wconf 84' lang='lat' dir='ltr'><strong>distulit,</strong></span> <span class='ocrx_word' id='word_1_392' title='bbox 1167 5157 1308 5228; x_wconf 85' lang='lat' dir='ltr'><strong>quod</strong></span> <span class='ocrx_word' id='word_1_393' title='bbox 1338 5173 1368 5212; x_wconf 88' lang='lat' dir='ltr'><strong>a</strong></span> <span class='ocrx_word' id='word_1_394' title='bbox 1393 5157 1592 5215; x_wconf 86' lang='lat' dir='ltr'><strong>Gallica</strong></span> <span class='ocrx_word' id='word_1_395' title='bbox 1623 5175 1720 5230; x_wconf 87' lang='lat' dir='ltr'><strong>pe-</strong></span> 
     </span>
    </p>
   </div>
   <div class='ocr_carea' id='block_1_55' title="bbox 167 5249 1720 5323">
    <p class='ocr_par' dir='ltr' id='par_1_55' title="bbox 167 5249 1720 5323">
     <span class='ocr_line' id='line_1_55' title="bbox 167 5249 1720 5323; baseline 0.005 -25"><span class='ocrx_word' id='word_1_396' title='bbox 167 5249 500 5317; x_wconf 84' lang='lat' dir='ltr'><strong>regrinatione</strong></span> <span class='ocrx_word' id='word_1_397' title='bbox 537 5251 934 5323; x_wconf 76' lang='lat' dir='ltr'><strong>regrederetur,</strong></span> <span class='ocrx_word' id='word_1_398' title='bbox 969 5264 1303 5320; x_wconf 90' lang='lat' dir='ltr'><strong>consequens</strong></span> <span class='ocrx_word' id='word_1_399' title='bbox 1332 5261 1438 5316; x_wconf 88' lang='lat' dir='ltr'><strong>est,</strong></span> <span class='ocrx_word' id='word_1_400' title='bbox 1469 5261 1526 5304; x_wconf 94' lang='lat' dir='ltr'><strong>ut</strong></span> <span class='ocrx_word' id='word_1_401' title='bbox 1562 5262 1720 5306; x_wconf 89' lang='lat' dir='ltr'><strong>antea</strong></span> 
     </span>
    </p>
   </div>
   <div class='ocr_carea' id='block_1_56' title="bbox 169 5342 1720 5414">
    <p class='ocr_par' dir='ltr' id='par_1_56' title="bbox 169 5342 1720 5414">
     <span class='ocr_line' id='line_1_56' title="bbox 169 5342 1720 5414; baseline 0.003 -20"><span class='ocrx_word' id='word_1_402' title='bbox 169 5343 454 5413; x_wconf 88' lang='lat' dir='ltr'><strong>susceperit,</strong></span> <span class='ocrx_word' id='word_1_403' title='bbox 499 5359 625 5400; x_wconf 91' lang='lat' dir='ltr'><strong>cum</strong></span> <span class='ocrx_word' id='word_1_404' title='bbox 668 5343 874 5399; x_wconf 86' lang='lat' dir='ltr'><strong>scilicet</strong></span> <span class='ocrx_word' id='word_1_405' title='bbox 921 5343 1142 5398; x_wconf 79' lang='lat' dir='ltr'><strong>Romam</strong></span> <span class='ocrx_word' id='word_1_406' title='bbox 1181 5342 1378 5414; x_wconf 88' lang='lat' dir='ltr'><strong>(neque</strong></span> <span class='ocrx_word' id='word_1_407' title='bbox 1409 5343 1552 5399; x_wconf 91' lang='lat' dir='ltr'><strong>enim</strong></span> <span class='ocrx_word' id='word_1_408' title='bbox 1595 5342 1720 5398; x_wconf 86' lang='lat' dir='ltr'><strong>alibi</strong></span> 
     </span>
    </p>
   </div>
   <div class='ocr_carea' id='block_1_57' title="bbox 168 5428 1719 5507">
    <p class='ocr_par' dir='ltr' id='par_1_57' title="bbox 168 5428 1719 5507">
     <span class='ocr_line' id='line_1_57' title="bbox 168 5428 1719 5507; baseline 0.005 -23"><span class='ocrx_word' id='word_1_409' title='bbox 168 5428 336 5490; x_wconf 88' lang='lat' dir='ltr'><strong>tinctus</strong></span> <span class='ocrx_word' id='word_1_410' title='bbox 352 5437 453 5507; x_wconf 79' lang='lat' dir='ltr'><strong>est)</strong></span> <span class='ocrx_word' id='word_1_411' title='bbox 480 5437 676 5492; x_wconf 90' lang='lat' dir='ltr'><strong>litteris</strong></span> <span class='ocrx_word' id='word_1_412' title='bbox 705 5435 1028 5491; x_wconf 85' lang='lat' dir='ltr'><strong>erudiendos</strong></span> <span class='ocrx_word' id='word_1_413' title='bbox 1059 5435 1233 5498; x_wconf 85' lang='lat' dir='ltr'><strong>venit;</strong></span> <span class='ocrx_word' id='word_1_414' title='bbox 1275 5446 1332 5490; x_wconf 94' lang='lat' dir='ltr'><strong>ut</strong></span> <span class='ocrx_word' id='word_1_415' title='bbox 1355 5435 1398 5489; x_wconf 90' lang='lat' dir='ltr'><strong>si</strong></span> <span class='ocrx_word' id='word_1_416' title='bbox 1422 5433 1545 5506; x_wconf 79' lang='lat' dir='ltr'><strong>jure</strong></span> <span class='ocrx_word' id='word_1_417' title='bbox 1575 5435 1719 5491; x_wconf 89' lang='lat' dir='ltr'><strong>illam</strong></span> 
     </span>
    </p>
   </div>
   <div class='ocr_carea' id='block_1_58' title="bbox 166 5520 1720 5601">
    <p class='ocr_par' dir='ltr' id='par_1_58' title="bbox 166 5520 1720 5601">
     <span class='ocr_line' id='line_1_58' title="bbox 166 5520 1720 5601; baseline 0.005 -27"><span class='ocrx_word' id='word_1_418' title='bbox 166 5520 263 5579; x_wconf 81' lang='lat' dir='ltr'><strong>falsi</strong></span> <span class='ocrx_word' id='word_1_419' title='bbox 291 5530 678 5601; x_wconf 83' lang='lat' dir='ltr'><strong>redarguimus,</strong></span> <span class='ocrx_word' id='word_1_420' title='bbox 717 5528 936 5584; x_wconf 90' lang='lat' dir='ltr'><strong>omnino</strong></span> <span class='ocrx_word' id='word_1_421' title='bbox 961 5528 1126 5582; x_wconf 83' lang='lat' dir='ltr'><strong>altera</strong></span> <span class='ocrx_word' id='word_1_422' title='bbox 1163 5526 1276 5583; x_wconf 77' lang='lat' dir='ltr'><strong>[nec</strong></span> <span class='ocrx_word' id='word_1_423' title='bbox 1325 5542 1448 5584; x_wconf 89' lang='lat' dir='ltr'><strong>vera</strong></span> <span class='ocrx_word' id='word_1_424' title='bbox 1498 5538 1720 5599; x_wconf 82' lang='lat' dir='ltr'><strong>senten-</strong></span> 
     </span>
    </p>
   </div>
   <div class='ocr_carea' id='block_1_59' title="bbox 165 5613 1722 5692">
    <p class='ocr_par' dir='ltr' id='par_1_59' title="bbox 165 5613 1722 5692">
     <span class='ocr_line' id='line_1_59' title="bbox 165 5613 1722 5692; baseline 0.006 -27"><span class='ocrx_word' id='word_1_425' title='bbox 165 5613 224 5669; x_wconf 82' lang='lat' dir='ltr'><strong>tia</strong></span> <span class='ocrx_word' id='word_1_426' title='bbox 261 5622 343 5676; x_wconf 89' lang='lat' dir='ltr'><strong>sit.</strong></span> <span class='ocrx_word' id='word_1_427' title='bbox 373 5621 479 5678; x_wconf 88' lang='lat' dir='ltr'><strong>Sed</strong></span> <span class='ocrx_word' id='word_1_428' title='bbox 521 5631 578 5679; x_wconf 89' lang='lat' dir='ltr'><strong>et</strong></span> <span class='ocrx_word' id='word_1_429' title='bbox 620 5621 976 5692; x_wconf 88' lang='lat' dir='ltr'><strong>peculiaribus</strong></span> <span class='ocrx_word' id='word_1_430' title='bbox 1018 5621 1066 5675; x_wconf 92' lang='lat' dir='ltr'><strong>id</strong></span> <span class='ocrx_word' id='word_1_431' title='bbox 1103 5621 1352 5676; x_wconf 86' lang='lat' dir='ltr'><strong>evincere</strong></span> <span class='ocrx_word' id='word_1_432' title='bbox 1389 5621 1722 5692; x_wconf 76' lang='lat' dir='ltr'><strong>argumentis</strong></span> 
     </span>
    </p>
   </div>
   <div class='ocr_carea' id='block_1_60' title="bbox 165 5703 1718 5784">
    <p class='ocr_par' dir='ltr' id='par_1_60' title="bbox 165 5703 1718 5784">
     <span class='ocr_line' id='line_1_60' title="bbox 165 5703 1718 5784; baseline 0.002 -21"><span class='ocrx_word' id='word_1_433' title='bbox 165 5703 291 5764; x_wconf 84' lang='lat' dir='ltr'><strong>libet.</strong></span> <span class='ocrx_word' id='word_1_434' title='bbox 316 5713 524 5784; x_wconf 84' lang='lat' dir='ltr'><strong>Quippe</strong></span> <span class='ocrx_word' id='word_1_435' title='bbox 566 5729 669 5769; x_wconf 88' lang='lat' dir='ltr'><strong>nec</strong></span> <span class='ocrx_word' id='word_1_436' title='bbox 695 5713 809 5783; x_wconf 89' lang='lat' dir='ltr'><strong>ipse</strong></span> <span class='ocrx_word' id='word_1_437' title='bbox 845 5712 1069 5769; x_wconf 85' lang='lat' dir='ltr'><strong>obscure</strong></span> <span class='ocrx_word' id='word_1_438' title='bbox 1111 5711 1313 5768; x_wconf 88' lang='lat' dir='ltr'><strong>indicat</strong></span> <span class='ocrx_word' id='word_1_439' title='bbox 1347 5712 1402 5766; x_wconf 93' lang='lat' dir='ltr'><strong>S.</strong></span> <span class='ocrx_word' id='word_1_440' title='bbox 1436 5711 1614 5774; x_wconf 85' lang='lat' dir='ltr'><strong>Pater,</strong></span> <span class='ocrx_word' id='word_1_441' title='bbox 1659 5727 1718 5766; x_wconf 89' lang='lat' dir='ltr'><strong>se</strong></span> 
     </span>
    </p>
   </div>
   <div class='ocr_carea' id='block_1_61' title="bbox 161 5801 1714 5876">
    <p class='ocr_par' dir='ltr' id='par_1_61' title="bbox 161 5801 1714 5876">
     <span class='ocr_line' id='line_1_61' title="bbox 161 5801 1714 5876; baseline 0.003 -21"><span class='ocrx_word' id='word_1_442' title='bbox 161 5807 252 5855; x_wconf 71' lang='lat' dir='ltr'><strong>non</strong></span> <span class='ocrx_word' id='word_1_443' title='bbox 279 5803 524 5875; x_wconf 87' lang='lat' dir='ltr'><strong>Damaso,</strong></span> <span class='ocrx_word' id='word_1_444' title='bbox 555 5803 649 5862; x_wconf 87' lang='lat' dir='ltr'><strong>sed</strong></span> <span class='ocrx_word' id='word_1_445' title='bbox 683 5803 888 5876; x_wconf 86' lang='lat' dir='ltr'><strong>pridem</strong></span> <span class='ocrx_word' id='word_1_446' title='bbox 917 5805 1030 5876; x_wconf 84' lang='lat' dir='ltr'><strong>ejus</strong></span> <span class='ocrx_word' id='word_1_447' title='bbox 1059 5804 1342 5862; x_wconf 76' lang='lat' dir='ltr'><strong>decessore</strong></span> <span class='ocrx_word' id='word_1_448' title='bbox 1369 5801 1580 5860; x_wconf 86' lang='lat' dir='ltr'><strong>Liberio</strong></span> <span class='ocrx_word' id='word_1_449' title='bbox 1605 5801 1714 5859; x_wconf 80' lang='lat' dir='ltr'><strong>Ro-</strong></span> 
     </span>
    </p>
   </div>
   <div class='ocr_carea' id='block_1_62' title="bbox 3403 360 3478 415">
    <p class='ocr_par' dir='ltr' id='par_1_62' title="bbox 3403 360 3478 415">
     <span class='ocr_line' id='line_1_62' title="bbox 3403 360 3478 415; baseline 0.013 -1"><span class='ocrx_word' id='word_1_450' title='bbox 3403 360 3478 415; x_wconf 62' lang='lat'><strong>1&#39;8</strong></span> 
     </span>
    </p>
   </div>
   <div class='ocr_carea' id='block_1_63' title="bbox 1884 460 3472 541">
    <p class='ocr_par' dir='ltr' id='par_1_63' title="bbox 1884 460 3472 541">
     <span class='ocr_line' id='line_1_63' title="bbox 1884 460 3472 541; baseline 0.01 -27"><span class='ocrx_word' id='word_1_451' title='bbox 1884 474 2094 514; x_wconf 88' lang='lat' dir='ltr'><strong>manam</strong></span> <span class='ocrx_word' id='word_1_452' title='bbox 2142 460 2435 517; x_wconf 84' lang='lat' dir='ltr'><strong>Eeclesiam</strong></span> <span class='ocrx_word' id='word_1_453' title='bbox 2481 463 2903 534; x_wconf 84' lang='lat' dir='ltr'><strong>administrante,</strong></span> <span class='ocrx_word' id='word_1_454' title='bbox 2949 469 3291 541; x_wconf 76' lang='lat' dir='ltr'><strong>baptizatum.</strong></span> <span class='ocrx_word' id='word_1_455' title='bbox 3331 475 3472 532; x_wconf 83' lang='lat' dir='ltr'><strong>Cum-</strong></span> 
     </span>
    </p>
   </div>
   <div class='ocr_carea' id='block_1_64' title="bbox 1884 553 3468 634">
    <p class='ocr_par' dir='ltr' id='par_1_64' title="bbox 1884 553 3468 634">
     <span class='ocr_line' id='line_1_64' title="bbox 1884 553 3468 634; baseline 0.012 -29"><span class='ocrx_word' id='word_1_456' title='bbox 1884 553 2026 606; x_wconf 87' lang='lat' dir='ltr'><strong>enim</strong></span> <span class='ocrx_word' id='word_1_457' title='bbox 2058 553 2122 606; x_wconf 88' lang='lat' dir='ltr'><strong>ad</strong></span> <span class='ocrx_word' id='word_1_458' title='bbox 2154 554 2302 609; x_wconf 90' lang='lat' dir='ltr'><strong>illum</strong></span> <span class='ocrx_word' id='word_1_459' title='bbox 2331 555 2600 624; x_wconf 77' lang='lat' dir='ltr'><strong>Epistolas</strong></span> <span class='ocrx_word' id='word_1_460' title='bbox 2632 559 2793 619; x_wconf 86' lang='lat' dir='ltr'><strong>modo</strong></span> <span class='ocrx_word' id='word_1_461' title='bbox 2835 562 3074 619; x_wconf 87' lang='lat' dir='ltr'><strong>laudatas</strong></span> <span class='ocrx_word' id='word_1_462' title='bbox 3103 563 3364 634; x_wconf 79' lang='lat' dir='ltr'><strong>scribens,</strong></span> <span class='ocrx_word' id='word_1_463' title='bbox 3405 571 3468 624; x_wconf 87' lang='lat' dir='ltr'><strong>il-</strong></span> 
     </span>
    </p>
   </div>
   <div class='ocr_carea' id='block_1_65' title="bbox 1885 642 3462 727">
    <p class='ocr_par' dir='ltr' id='par_1_65' title="bbox 1885 642 3462 727">
     <span class='ocr_line' id='line_1_65' title="bbox 1885 642 3462 727; baseline 0.011 -31"><span class='ocrx_word' id='word_1_464' title='bbox 1885 642 1972 696; x_wconf 84' lang='lat' dir='ltr'><strong>lud</strong></span> <span class='ocrx_word' id='word_1_465' title='bbox 2005 653 2209 713; x_wconf 89' lang='lat' dir='ltr'><strong>urgeat,</strong></span> <span class='ocrx_word' id='word_1_466' title='bbox 2237 645 2379 715; x_wconf 86' lang='lat' dir='ltr'><strong>quod</strong></span> <span class='ocrx_word' id='word_1_467' title='bbox 2409 646 2592 702; x_wconf 73' lang='lat' dir='ltr'><strong>Roma:</strong></span> <span class='ocrx_word' id='word_1_468' title='bbox 2631 647 2828 705; x_wconf 80' lang='lat' dir='ltr'><strong>Citristi</strong></span> <span class='ocrx_word' id='word_1_469' title='bbox 2859 654 3172 710; x_wconf 88' lang='lat' dir='ltr'><strong>vestimenta</strong></span> <span class='ocrx_word' id='word_1_470' title='bbox 3211 673 3462 727; x_wconf 81' lang='lat' dir='ltr'><strong>suscepe-</strong></span> 
     </span>
    </p>
   </div>
   <div class='ocr_carea' id='block_1_66' title="bbox 1883 735 3465 817">
    <p class='ocr_par' dir='ltr' id='par_1_66' title="bbox 1883 735 3465 817">
     <span class='ocr_line' id='line_1_66' title="bbox 1883 735 3465 817; baseline 0.011 -29"><span class='ocrx_word' id='word_1_471' title='bbox 1883 735 1971 792; x_wconf 86' lang='lat' dir='ltr'><strong>rit.</strong></span> <span class='ocrx_word' id='word_1_472' title='bbox 2005 745 2061 789; x_wconf 92' lang='lat' dir='ltr'><strong>ut</strong></span> <span class='ocrx_word' id='word_1_473' title='bbox 2099 750 2166 790; x_wconf 92' lang='lat' dir='ltr'><strong>eo</strong></span> <span class='ocrx_word' id='word_1_474' title='bbox 2199 736 2396 806; x_wconf 87' lang='lat' dir='ltr'><strong>justius</strong></span> <span class='ocrx_word' id='word_1_475' title='bbox 2425 739 2546 794; x_wconf 88' lang='lat' dir='ltr'><strong>inde</strong></span> <span class='ocrx_word' id='word_1_476' title='bbox 2580 741 2865 796; x_wconf 89' lang='lat' dir='ltr'><strong>consilium</strong></span> <span class='ocrx_word' id='word_1_477' title='bbox 2897 743 2964 798; x_wconf 86' lang='lat' dir='ltr'><strong>de</strong></span> <span class='ocrx_word' id='word_1_478' title='bbox 3006 743 3110 800; x_wconf 88' lang='lat' dir='ltr'><strong>fide</strong></span> <span class='ocrx_word' id='word_1_479' title='bbox 3137 758 3282 817; x_wconf 85' lang='lat' dir='ltr'><strong>petat</strong></span> <span class='ocrx_word' id='word_1_480' title='bbox 3312 767 3324 804; x_wconf 94' lang='lat'><strong>:</strong></span> <span class='ocrx_word' id='word_1_481' title='bbox 3359 752 3402 804; x_wconf 87' lang='lat' dir='ltr'><strong>si</strong></span> <span class='ocrx_word' id='word_1_482' title='bbox 3435 768 3465 805; x_wconf 88' lang='lat' dir='ltr'><strong>a</strong></span> 
     </span>
    </p>
   </div>
   <div class='ocr_carea' id='block_1_67' title="bbox 1884 827 3458 912">
    <p class='ocr_par' dir='ltr' id='par_1_67' title="bbox 1884 827 3458 912">
     <span class='ocr_line' id='line_1_67' title="bbox 1884 827 3458 912; baseline 0.011 -32"><span class='ocrx_word' id='word_1_483' title='bbox 1884 827 2131 888; x_wconf 82' lang='lat' dir='ltr'><strong>Damaso,</strong></span> <span class='ocrx_word' id='word_1_484' title='bbox 2179 840 2271 884; x_wconf 89' lang='lat' dir='ltr'><strong>aut</strong></span> <span class='ocrx_word' id='word_1_485' title='bbox 2321 830 2411 884; x_wconf 90' lang='lat' dir='ltr'><strong>illo</strong></span> <span class='ocrx_word' id='word_1_486' title='bbox 2457 831 2776 888; x_wconf 84' lang='lat' dir='ltr'><strong>Catltedram</strong></span> <span class='ocrx_word' id='word_1_487' title='bbox 2827 843 3063 903; x_wconf 88' lang='lat' dir='ltr'><strong>tenente,</strong></span> <span class='ocrx_word' id='word_1_488' title='bbox 3110 841 3458 912; x_wconf 76' lang='lat' dir='ltr'><strong>suscepisset.</strong></span> 
     </span>
    </p>
   </div>
   <div class='ocr_carea' id='block_1_68' title="bbox 1881 917 3464 998">
    <p class='ocr_par' dir='ltr' id='par_1_68' title="bbox 1881 917 3464 998">
     <span class='ocr_line' id='line_1_68' title="bbox 1881 917 3464 998; baseline 0.009 -25"><span class='ocrx_word' id='word_1_489' title='bbox 1881 918 2064 986; x_wconf 78' lang='lat' dir='ltr'><strong>Utique</strong></span> <span class='ocrx_word' id='word_1_490' title='bbox 2092 917 2255 982; x_wconf 84' lang='lat' dir='ltr'><strong>istud,</strong></span> <span class='ocrx_word' id='word_1_491' title='bbox 2282 922 2422 991; x_wconf 93' lang='lat' dir='ltr'><strong>quod</strong></span> <span class='ocrx_word' id='word_1_492' title='bbox 2445 939 2556 978; x_wconf 76' lang='lat' dir='ltr'><strong>sua:</strong></span> <span class='ocrx_word' id='word_1_493' title='bbox 2581 933 2696 980; x_wconf 90' lang='lat' dir='ltr'><strong>erat</strong></span> <span class='ocrx_word' id='word_1_494' title='bbox 2723 940 2926 982; x_wconf 73' lang='lat' dir='ltr'><strong>caussa:</strong></span> <span class='ocrx_word' id='word_1_495' title='bbox 2949 929 3285 998; x_wconf 88' lang='lat' dir='ltr'><strong>palmarium,</strong></span> <span class='ocrx_word' id='word_1_496' title='bbox 3310 934 3464 988; x_wconf 84' lang='lat' dir='ltr'><strong>addi-</strong></span> 
     </span>
    </p>
   </div>
   <div class='ocr_carea' id='block_1_69' title="bbox 1877 1007 3467 1090">
    <p class='ocr_par' dir='ltr' id='par_1_69' title="bbox 1877 1007 3467 1090">
     <span class='ocr_line' id='line_1_69' title="bbox 1877 1007 3467 1090; baseline 0.01 -26"><span class='ocrx_word' id='word_1_497' title='bbox 1877 1007 2072 1072; x_wconf 74' lang='lat' dir='ltr'><strong>disset;</strong></span> <span class='ocrx_word' id='word_1_498' title='bbox 2117 1011 2278 1082; x_wconf 86' lang='lat' dir='ltr'><strong>plane</strong></span> <span class='ocrx_word' id='word_1_499' title='bbox 2316 1022 2492 1069; x_wconf 88' lang='lat' dir='ltr'><strong>autem</strong></span> <span class='ocrx_word' id='word_1_500' title='bbox 2523 1025 2660 1070; x_wconf 88' lang='lat' dir='ltr'><strong>tacet</strong></span> <span class='ocrx_word' id='word_1_501' title='bbox 2686 1017 2738 1070; x_wconf 92' lang='lat' dir='ltr'><strong>in</strong></span> <span class='ocrx_word' id='word_1_502' title='bbox 2771 1026 2993 1089; x_wconf 90' lang='lat' dir='ltr'><strong>utraque</strong></span> <span class='ocrx_word' id='word_1_503' title='bbox 3021 1019 3279 1088; x_wconf 83' lang='lat' dir='ltr'><strong>Epistola.</strong></span> <span class='ocrx_word' id='word_1_504' title='bbox 3317 1026 3467 1090; x_wconf 85' lang='lat' dir='ltr'><strong>Quin.-</strong></span> 
     </span>
    </p>
   </div>
   <div class='ocr_carea' id='block_1_70' title="bbox 1880 1103 3454 1182">
    <p class='ocr_par' dir='ltr' id='par_1_70' title="bbox 1880 1103 3454 1182">
     <span class='ocr_line' id='line_1_70' title="bbox 1880 1103 3454 1182; baseline 0.009 -28"><span class='ocrx_word' id='word_1_505' title='bbox 1880 1103 1988 1156; x_wconf 86' lang='lat' dir='ltr'><strong>imo</strong></span> <span class='ocrx_word' id='word_1_506' title='bbox 2029 1107 2356 1160; x_wconf 88' lang='lat' dir='ltr'><strong>contrarium</strong></span> <span class='ocrx_word' id='word_1_507' title='bbox 2386 1107 2436 1160; x_wconf 94' lang='lat' dir='ltr'><strong>in</strong></span> <span class='ocrx_word' id='word_1_508' title='bbox 2466 1108 2645 1176; x_wconf 91' lang='lat' dir='ltr'><strong>priore</strong></span> <span class='ocrx_word' id='word_1_509' title='bbox 2676 1109 2866 1174; x_wconf 89' lang='lat' dir='ltr'><strong>innuit,</strong></span> <span class='ocrx_word' id='word_1_510' title='bbox 2901 1111 3023 1165; x_wconf 81' lang='lat' dir='ltr'><strong>olim</strong></span> <span class='ocrx_word' id='word_1_511' title='bbox 3047 1111 3146 1168; x_wconf 91' lang='lat' dir='ltr'><strong>illo</strong></span> <span class='ocrx_word' id='word_1_512' title='bbox 3175 1114 3454 1182; x_wconf 88' lang='lat' dir='ltr'><strong>adverbio,</strong></span> 
     </span>
    </p>
   </div>
   <div class='ocr_carea' id='block_1_71' title="bbox 1879 1193 3454 1278">
    <p class='ocr_par' dir='ltr' id='par_1_71' title="bbox 1879 1193 3454 1278">
     <span class='ocr_line' id='line_1_71' title="bbox 1879 1193 3454 1278; baseline 0.005 -28"><span class='ocrx_word' id='word_1_513' title='bbox 1879 1193 2048 1262; x_wconf 82' lang='lat' dir='ltr'><strong>Unde,</strong></span> <span class='ocrx_word' id='word_1_514' title='bbox 2105 1198 2374 1269; x_wconf 84' lang='lat' dir='ltr'><strong>inquiens,</strong></span> <span class='ocrx_word' id='word_1_515' title='bbox 2432 1198 2615 1254; x_wconf 72' lang='lat' dir='ltr'><strong>0L1.&quot;</strong></span> <span class='ocrx_word' id='word_1_516' title='bbox 2669 1200 2857 1257; x_wconf 79' lang='lat' dir='ltr'><strong>Christi</strong></span> <span class='ocrx_word' id='word_1_517' title='bbox 2897 1205 3186 1258; x_wconf 73' lang='lat' dir='ltr'><strong>uestimenta</strong></span> <span class='ocrx_word' id='word_1_518' title='bbox 3235 1209 3454 1278; x_wconf 77' lang='lat' dir='ltr'><strong>suscepi,</strong></span> 
     </span>
    </p>
   </div>
   <div class='ocr_carea' id='block_1_72' title="bbox 1875 1289 3457 1364">
    <p class='ocr_par' dir='ltr' id='par_1_72' title="bbox 1875 1289 3457 1364">
     <span class='ocr_line' id='line_1_72' title="bbox 1875 1289 3457 1364; baseline 0.007 -21"><span class='ocrx_word' id='word_1_519' title='bbox 1875 1289 2094 1357; x_wconf 87' lang='lat' dir='ltr'><strong>perinde</strong></span> <span class='ocrx_word' id='word_1_520' title='bbox 2115 1307 2175 1345; x_wconf 88' lang='lat' dir='ltr'><strong>ac</strong></span> <span class='ocrx_word' id='word_1_521' title='bbox 2203 1291 2248 1346; x_wconf 89' lang='lat' dir='ltr'><strong>si</strong></span> <span class='ocrx_word' id='word_1_522' title='bbox 2271 1291 2493 1358; x_wconf 80' lang='lat' dir='ltr'><strong>diceret,</strong></span> <span class='ocrx_word' id='word_1_523' title='bbox 2516 1302 2801 1360; x_wconf 82' lang='lat' dir='ltr'><strong>antequam</strong></span> <span class='ocrx_word' id='word_1_524' title='bbox 2833 1304 2886 1348; x_wconf 93' lang='lat' dir='ltr'><strong>tu</strong></span> <span class='ocrx_word' id='word_1_525' title='bbox 2910 1295 3064 1364; x_wconf 89' lang='lat' dir='ltr'><strong>lmjus</strong></span> <span class='ocrx_word' id='word_1_526' title='bbox 3085 1295 3340 1352; x_wconf 61' lang='lat' dir='ltr'><strong>Ecclesize</strong></span> <span class='ocrx_word' id='word_1_527' title='bbox 3369 1315 3457 1353; x_wconf 85' lang='lat' dir='ltr'><strong>re-</strong></span> 
     </span>
    </p>
   </div>
   <div class='ocr_carea' id='block_1_73' title="bbox 1871 1381 3456 1450">
    <p class='ocr_par' dir='ltr' id='par_1_73' title="bbox 1871 1381 3456 1450">
     <span class='ocr_line' id='line_1_73' title="bbox 1871 1381 3456 1450; baseline 0.007 -17"><span class='ocrx_word' id='word_1_528' title='bbox 1871 1381 2054 1450; x_wconf 82' lang='lat' dir='ltr'><strong>gimen</strong></span> <span class='ocrx_word' id='word_1_529' title='bbox 2096 1381 2388 1438; x_wconf 88' lang='lat' dir='ltr'><strong>obtineres.</strong></span> <span class='ocrx_word' id='word_1_530' title='bbox 2435 1384 2556 1438; x_wconf 90' lang='lat' dir='ltr'><strong>luiit</strong></span> <span class='ocrx_word' id='word_1_531' title='bbox 2611 1400 2738 1439; x_wconf 88' lang='lat' dir='ltr'><strong>vero</strong></span> <span class='ocrx_word' id='word_1_532' title='bbox 2783 1385 3149 1442; x_wconf 75' lang='lat' dir='ltr'><strong>l‘ontilicatum</strong></span> <span class='ocrx_word' id='word_1_533' title='bbox 3197 1388 3456 1444; x_wconf 83' lang='lat' dir='ltr'><strong>Damasus</strong></span> 
     </span>
    </p>
   </div>
   <div class='ocr_carea' id='block_1_74' title="bbox 1872 1472 3452 1550">
    <p class='ocr_par' dir='ltr' id='par_1_74' title="bbox 1872 1472 3452 1550">
     <span class='ocr_line' id='line_1_74' title="bbox 1872 1472 3452 1550; baseline 0.006 -24"><span class='ocrx_word' id='word_1_534' title='bbox 1872 1472 1970 1527; x_wconf 81' lang='lat' dir='ltr'><strong>Sub</strong></span> <span class='ocrx_word' id='word_1_535' title='bbox 2009 1475 2132 1527; x_wconf 87' lang='lat' dir='ltr'><strong>anni</strong></span> <span class='ocrx_word' id='word_1_536' title='bbox 2173 1475 2278 1530; x_wconf 77' lang='grc'><strong>566</strong></span> <span class='ocrx_word' id='word_1_537' title='bbox 2325 1475 2484 1537; x_wconf 82' lang='lat' dir='ltr'><strong>linem</strong></span> <span class='ocrx_word' id='word_1_538' title='bbox 2514 1517 2528 1540; x_wconf 94' lang='lat'><strong>,</strong></span> <span class='ocrx_word' id='word_1_539' title='bbox 2569 1491 2689 1530; x_wconf 90' lang='lat' dir='ltr'><strong>cum</strong></span> <span class='ocrx_word' id='word_1_540' title='bbox 2741 1476 3097 1550; x_wconf 81' lang='lat' dir='ltr'><strong>Hieronymus</strong></span> <span class='ocrx_word' id='word_1_541' title='bbox 3138 1479 3452 1548; x_wconf 80' lang='lat' dir='ltr'><strong>vigesimum</strong></span> 
     </span>
    </p>
   </div>
   <div class='ocr_carea' id='block_1_75' title="bbox 1871 1562 3452 1641">
    <p class='ocr_par' dir='ltr' id='par_1_75' title="bbox 1871 1562 3452 1641">
     <span class='ocr_line' id='line_1_75' title="bbox 1871 1562 3452 1641; baseline 0.007 -26"><span class='ocrx_word' id='word_1_542' title='bbox 1871 1562 2086 1619; x_wconf 89' lang='lat' dir='ltr'><strong>circiter</strong></span> <span class='ocrx_word' id='word_1_543' title='bbox 2127 1564 2250 1619; x_wconf 68' lang='lat' dir='ltr'><strong>vita:</strong></span> <span class='ocrx_word' id='word_1_544' title='bbox 2286 1575 2488 1637; x_wconf 85' lang='lat' dir='ltr'><strong>ageret.</strong></span> <span class='ocrx_word' id='word_1_545' title='bbox 2521 1566 2669 1622; x_wconf 86' lang='lat' dir='ltr'><strong>Idem</strong></span> <span class='ocrx_word' id='word_1_546' title='bbox 2707 1581 2930 1638; x_wconf 84' lang='lat' dir='ltr'><strong>arguere</strong></span> <span class='ocrx_word' id='word_1_547' title='bbox 2977 1579 3058 1624; x_wconf 89' lang='lat' dir='ltr'><strong>est</strong></span> <span class='ocrx_word' id='word_1_548' title='bbox 3098 1585 3162 1624; x_wconf 82' lang='lat' dir='ltr'><strong>ex</strong></span> <span class='ocrx_word' id='word_1_549' title='bbox 3196 1572 3452 1641; x_wconf 87' lang='lat' dir='ltr'><strong>temporis</strong></span> 
     </span>
    </p>
   </div>
   <div class='ocr_carea' id='block_1_76' title="bbox 1871 1654 3450 1730">
    <p class='ocr_par' dir='ltr' id='par_1_76' title="bbox 1871 1654 3450 1730">
     <span class='ocr_line' id='line_1_76' title="bbox 1871 1654 3450 1730; baseline 0.004 -22"><span class='ocrx_word' id='word_1_550' title='bbox 1871 1654 2164 1722; x_wconf 88' lang='lat' dir='ltr'><strong>notatione,</strong></span> <span class='ocrx_word' id='word_1_551' title='bbox 2191 1671 2296 1726; x_wconf 91' lang='lat' dir='ltr'><strong>quo</strong></span> <span class='ocrx_word' id='word_1_552' title='bbox 2331 1657 2534 1712; x_wconf 86' lang='lat' dir='ltr'><strong>amicus</strong></span> <span class='ocrx_word' id='word_1_553' title='bbox 2561 1657 2679 1728; x_wconf 83' lang='lat' dir='ltr'><strong>ejus</strong></span> <span class='ocrx_word' id='word_1_554' title='bbox 2720 1658 2957 1712; x_wconf 82' lang='lat' dir='ltr'><strong>ltuflinus</strong></span> <span class='ocrx_word' id='word_1_555' title='bbox 2993 1659 3320 1730; x_wconf 88' lang='lat' dir='ltr'><strong>Baptismum</strong></span> <span class='ocrx_word' id='word_1_556' title='bbox 3353 1677 3450 1715; x_wconf 84' lang='lat' dir='ltr'><strong>su--</strong></span> 
     </span>
    </p>
   </div>
   <div class='ocr_carea' id='block_1_77' title="bbox 1867 1746 3444 1822">
    <p class='ocr_par' dir='ltr' id='par_1_77' title="bbox 1867 1746 3444 1822">
     <span class='ocr_line' id='line_1_77' title="bbox 1867 1746 3444 1822; baseline 0.005 -24"><span class='ocrx_word' id='word_1_557' title='bbox 1867 1746 2058 1815; x_wconf 82' lang='lat' dir='ltr'><strong>scepit,</strong></span> <span class='ocrx_word' id='word_1_558' title='bbox 2091 1762 2232 1800; x_wconf 88' lang='lat' dir='ltr'><strong>anno</strong></span> <span class='ocrx_word' id='word_1_559' title='bbox 2275 1748 2497 1814; x_wconf 79' lang='lat' dir='ltr'><strong>scilicet,</strong></span> <span class='ocrx_word' id='word_1_560' title='bbox 2545 1760 2602 1804; x_wconf 89' lang='lat' dir='ltr'><strong>ut</strong></span> <span class='ocrx_word' id='word_1_561' title='bbox 2643 1749 2816 1805; x_wconf 89' lang='lat' dir='ltr'><strong>serius</strong></span> <span class='ocrx_word' id='word_1_562' title='bbox 2847 1750 2972 1816; x_wconf 80' lang='lat'><strong>571,</strong></span> <span class='ocrx_word' id='word_1_563' title='bbox 3021 1760 3077 1804; x_wconf 94' lang='lat' dir='ltr'><strong>ut</strong></span> <span class='ocrx_word' id='word_1_564' title='bbox 3107 1767 3168 1805; x_wconf 80' lang='lat' dir='ltr'><strong>ex</strong></span> <span class='ocrx_word' id='word_1_565' title='bbox 3205 1751 3444 1822; x_wconf 72' lang='lat' dir='ltr'><strong>ejusdem</strong></span> 
     </span>
    </p>
   </div>
   <div class='ocr_carea' id='block_1_78' title="bbox 1868 1838 3447 1911">
    <p class='ocr_par' dir='ltr' id='par_1_78' title="bbox 1868 1838 3447 1911">
     <span class='ocr_line' id='line_1_78' title="bbox 1868 1838 3447 1911; baseline 0.004 -20"><span class='ocrx_word' id='word_1_566' title='bbox 1868 1838 2102 1909; x_wconf 71' lang='lat' dir='ltr'><strong>leistola</strong></span> <span class='ocrx_word' id='word_1_567' title='bbox 2133 1839 2197 1894; x_wconf 89' lang='lat' dir='ltr'><strong>ad</strong></span> <span class='ocrx_word' id='word_1_568' title='bbox 2229 1841 2570 1895; x_wconf 83' lang='lat' dir='ltr'><strong>Anastasium</strong></span> <span class='ocrx_word' id='word_1_569' title='bbox 2594 1840 2816 1911; x_wconf 86' lang='lat' dir='ltr'><strong>Papam,</strong></span> <span class='ocrx_word' id='word_1_570' title='bbox 2842 1851 2898 1897; x_wconf 92' lang='lat' dir='ltr'><strong>et</strong></span> <span class='ocrx_word' id='word_1_571' title='bbox 2937 1843 3028 1900; x_wconf 90' lang='lat' dir='ltr'><strong>lib.</strong></span> <span class='ocrx_word' id='word_1_572' title='bbox 3056 1841 3120 1897; x_wconf 94' lang='lat' dir='ltr'><strong>ll.</strong></span> <span class='ocrx_word' id='word_1_573' title='bbox 3150 1844 3447 1900; x_wconf 77' lang='lat' dir='ltr'><strong>Invectiva-</strong></span> 
     </span>
    </p>
   </div>
   <div class='ocr_carea' id='block_1_79' title="bbox 1867 1932 3449 2004">
    <p class='ocr_par' dir='ltr' id='par_1_79' title="bbox 1867 1932 3449 2004">
     <span class='ocr_line' id='line_1_79' title="bbox 1867 1932 3449 2004; baseline 0.006 -20"><span class='ocrx_word' id='word_1_574' title='bbox 1867 1947 1982 1985; x_wconf 90' lang='lat' dir='ltr'><strong>rum</strong></span> <span class='ocrx_word' id='word_1_575' title='bbox 2037 1932 2345 2004; x_wconf 81' lang='lat' dir='ltr'><strong>Hieronymi</strong></span> <span class='ocrx_word' id='word_1_576' title='bbox 2400 1943 2737 2004; x_wconf 82' lang='lat' dir='ltr'><strong>compertum</strong></span> <span class='ocrx_word' id='word_1_577' title='bbox 2779 1943 2886 1990; x_wconf 85' lang='lat' dir='ltr'><strong>est.</strong></span> <span class='ocrx_word' id='word_1_578' title='bbox 2938 1934 3188 1992; x_wconf 81' lang='lat' dir='ltr'><strong>Nostrum</strong></span> <span class='ocrx_word' id='word_1_579' title='bbox 3245 1937 3449 1992; x_wconf 76' lang='lat' dir='ltr'><strong>scilicet</strong></span> 
     </span>
    </p>
   </div>
   <div class='ocr_carea' id='block_1_80' title="bbox 1864 2023 3445 2094">
    <p class='ocr_par' dir='ltr' id='par_1_80' title="bbox 1864 2023 3445 2094">
     <span class='ocr_line' id='line_1_80' title="bbox 1864 2023 3445 2094; baseline 0.005 -18"><span class='ocrx_word' id='word_1_580' title='bbox 1864 2023 2025 2077; x_wconf 73' lang='lat' dir='ltr'><strong>fuisse</strong></span> <span class='ocrx_word' id='word_1_581' title='bbox 2047 2024 2245 2094; x_wconf 88' lang='lat' dir='ltr'><strong>aliquot</strong></span> <span class='ocrx_word' id='word_1_582' title='bbox 2267 2036 2391 2080; x_wconf 91' lang='lat' dir='ltr'><strong>ante</strong></span> <span class='ocrx_word' id='word_1_583' title='bbox 2423 2026 2568 2080; x_wconf 74' lang='lat' dir='ltr'><strong>iflttm</strong></span> <span class='ocrx_word' id='word_1_584' title='bbox 2601 2027 2755 2082; x_wconf 83' lang='lat' dir='ltr'><strong>annis</strong></span> <span class='ocrx_word' id='word_1_585' title='bbox 2783 2026 2950 2084; x_wconf 85' lang='lat' dir='ltr'><strong>hocce</strong></span> <span class='ocrx_word' id='word_1_586' title='bbox 2975 2039 3311 2084; x_wconf 74' lang='lat' dir='ltr'><strong>sacramenta</strong></span> <span class='ocrx_word' id='word_1_587' title='bbox 3339 2029 3445 2084; x_wconf 88' lang='lat' dir='ltr'><strong>ini-</strong></span> 
     </span>
    </p>
   </div>
   <div class='ocr_carea' id='block_1_81' title="bbox 1865 2115 3442 2187">
    <p class='ocr_par' dir='ltr' id='par_1_81' title="bbox 1865 2115 3442 2187">
     <span class='ocr_line' id='line_1_81' title="bbox 1865 2115 3442 2187; baseline 0.008 -19"><span class='ocrx_word' id='word_1_588' title='bbox 1865 2115 2074 2181; x_wconf 90' lang='lat' dir='ltr'><strong>tiatum,</strong></span> <span class='ocrx_word' id='word_1_589' title='bbox 2108 2126 2164 2172; x_wconf 89' lang='lat' dir='ltr'><strong>et</strong></span> <span class='ocrx_word' id='word_1_590' title='bbox 2205 2133 2432 2174; x_wconf 87' lang='lat' dir='ltr'><strong>concors</strong></span> <span class='ocrx_word' id='word_1_591' title='bbox 2461 2120 2740 2174; x_wconf 90' lang='lat' dir='ltr'><strong>doctorum</strong></span> <span class='ocrx_word' id='word_1_592' title='bbox 2768 2123 3057 2187; x_wconf 87' lang='lat' dir='ltr'><strong>sententia,</strong></span> <span class='ocrx_word' id='word_1_593' title='bbox 3099 2133 3152 2177; x_wconf 91' lang='lat' dir='ltr'><strong>et</strong></span> <span class='ocrx_word' id='word_1_594' title='bbox 3191 2125 3442 2180; x_wconf 87' lang='lat' dir='ltr'><strong>nonnulla</strong></span> 
     </span>
    </p>
   </div>
   <div class='ocr_carea' id='block_1_82' title="bbox 1848 2207 3446 2285">
    <p class='ocr_par' dir='ltr' id='par_1_82' title="bbox 1848 2207 3446 2285">
     <span class='ocr_line' id='line_1_82' title="bbox 1848 2207 3446 2285; baseline 0.003 -19"><span class='ocrx_word' id='word_1_595' title='bbox 1848 2207 1918 2266; x_wconf 92' lang='lat' dir='ltr'><strong>.S.</strong></span> <span class='ocrx_word' id='word_1_596' title='bbox 1964 2209 2205 2277; x_wconf 84' lang='lat' dir='ltr'><strong>ejusdem</strong></span> <span class='ocrx_word' id='word_1_597' title='bbox 2253 2211 2424 2264; x_wconf 81' lang='lat' dir='ltr'><strong>Patris</strong></span> <span class='ocrx_word' id='word_1_598' title='bbox 2472 2213 2774 2266; x_wconf 85' lang='lat' dir='ltr'><strong>testimonia</strong></span> <span class='ocrx_word' id='word_1_599' title='bbox 2825 2214 3197 2282; x_wconf 86' lang='lat' dir='ltr'><strong>comprobant.</strong></span> <span class='ocrx_word' id='word_1_600' title='bbox 3246 2217 3446 2285; x_wconf 89' lang='lat' dir='ltr'><strong>Accipe</strong></span> 
     </span>
    </p>
   </div>
   <div class='ocr_carea' id='block_1_83' title="bbox 1863 2299 3442 2379">
    <p class='ocr_par' dir='ltr' id='par_1_83' title="bbox 1863 2299 3442 2379">
     <span class='ocr_line' id='line_1_83' title="bbox 1863 2299 3442 2379; baseline 0.008 -27"><span class='ocrx_word' id='word_1_601' title='bbox 1863 2299 2010 2354; x_wconf 74' lang='lat' dir='ltr'><strong>istud</strong></span> <span class='ocrx_word' id='word_1_602' title='bbox 2046 2315 2110 2354; x_wconf 78' lang='lat' dir='ltr'><strong>ex</strong></span> <span class='ocrx_word' id='word_1_603' title='bbox 2153 2300 2322 2370; x_wconf 87' lang='lat' dir='ltr'><strong>Epist.</strong></span> <span class='ocrx_word' id='word_1_604' title='bbox 2368 2301 2456 2356; x_wconf 81' lang='lat' dir='ltr'><strong>IV.</strong></span> <span class='ocrx_word' id='word_1_605' title='bbox 2497 2303 2564 2357; x_wconf 90' lang='lat' dir='ltr'><strong>ad</strong></span> <span class='ocrx_word' id='word_1_606' title='bbox 2619 2304 2986 2359; x_wconf 72' lang='lat' dir='ltr'><strong>Florentium:</strong></span> <span class='ocrx_word' id='word_1_607' title='bbox 3021 2305 3120 2368; x_wconf 80' lang='lat' dir='ltr'><strong>Ille</strong></span> <span class='ocrx_word' id='word_1_608' title='bbox 3151 2307 3442 2379; x_wconf 74' lang='lat' dir='ltr'><strong>(Bullinus)</strong></span> 
     </span>
    </p>
   </div>
   <div class='ocr_carea' id='block_1_84' title="bbox 1863 2391 3440 2469">
    <p class='ocr_par' dir='ltr' id='par_1_84' title="bbox 1863 2391 3440 2469">
     <span class='ocr_line' id='line_1_84' title="bbox 1863 2391 3440 2469; baseline 0.01 -27"><span class='ocrx_word' id='word_1_609' title='bbox 1863 2391 2093 2446; x_wconf 58' lang='lat' dir='ltr'><strong>madore</strong></span> <span class='ocrx_word' id='word_1_610' title='bbox 2121 2393 2267 2461; x_wconf 81' lang='lat' dir='ltr'><strong>lavit,</strong></span> <span class='ocrx_word' id='word_1_611' title='bbox 2293 2403 2338 2448; x_wconf 87' lang='lat' dir='ltr'><strong>et</strong></span> <span class='ocrx_word' id='word_1_612' title='bbox 2368 2395 2587 2450; x_wconf 84' lang='lat' dir='ltr'><strong>mundus</strong></span> <span class='ocrx_word' id='word_1_613' title='bbox 2615 2406 2707 2460; x_wconf 87' lang='lat' dir='ltr'><strong>est,</strong></span> <span class='ocrx_word' id='word_1_614' title='bbox 2749 2406 2794 2451; x_wconf 85' lang='lat' dir='ltr'><strong>et</strong></span> <span class='ocrx_word' id='word_1_615' title='bbox 2822 2407 3063 2469; x_wconf 81' lang='lat' dir='ltr'><strong>tanquam</strong></span> <span class='ocrx_word' id='word_1_616' title='bbox 3100 2401 3189 2455; x_wconf 80' lang='lat' dir='ltr'><strong>nia:</strong></span> <span class='ocrx_word' id='word_1_617' title='bbox 3229 2402 3440 2457; x_wconf 83' lang='lat' dir='ltr'><strong>dealba-</strong></span> 
     </span>
    </p>
   </div>
   <div class='ocr_carea' id='block_1_85' title="bbox 1861 2487 3437 2559">
    <p class='ocr_par' dir='ltr' id='par_1_85' title="bbox 1861 2487 3437 2559">
     <span class='ocr_line' id='line_1_85' title="bbox 1861 2487 3437 2559; baseline 0.009 -25"><span class='ocrx_word' id='word_1_618' title='bbox 1861 2496 1940 2536; x_wconf 84' lang='lat' dir='ltr'><strong>tns</strong></span> <span class='ocrx_word' id='word_1_619' title='bbox 1969 2498 1988 2536; x_wconf 90' lang='lat'><strong><em>:</em></strong></span> <span class='ocrx_word' id='word_1_620' title='bbox 2012 2500 2102 2554; x_wconf 84' lang='lat' dir='ltr'><strong>ego</strong></span> <span class='ocrx_word' id='word_1_621' title='bbox 2129 2487 2322 2538; x_wconf 81' lang='lat' dir='ltr'><strong>cunctis</strong></span> <span class='ocrx_word' id='word_1_622' title='bbox 2343 2495 2659 2554; x_wconf 80' lang='lat' dir='ltr'><strong>peccatorum</strong></span> <span class='ocrx_word' id='word_1_623' title='bbox 2685 2490 2918 2543; x_wconf 80' lang='lat' dir='ltr'><strong>sordibus</strong></span> <span class='ocrx_word' id='word_1_624' title='bbox 2942 2491 3231 2559; x_wconf 83' lang='lat' dir='ltr'><strong>inquinatus</strong></span> <span class='ocrx_word' id='word_1_625' title='bbox 3262 2493 3437 2548; x_wconf 80' lang='lat' dir='ltr'><strong>diebus</strong></span> 
     </span>
    </p>
   </div>
   <div class='ocr_carea' id='block_1_86' title="bbox 1855 2575 3436 2645">
    <p class='ocr_par' dir='ltr' id='par_1_86' title="bbox 1855 2575 3436 2645">
     <span class='ocr_line' id='line_1_86' title="bbox 1855 2575 3436 2645; baseline 0.009 -19"><span class='ocrx_word' id='word_1_626' title='bbox 1855 2590 1916 2627; x_wconf 86' lang='lat' dir='ltr'><strong>ac</strong></span> <span class='ocrx_word' id='word_1_627' title='bbox 1942 2575 2169 2629; x_wconf 84' lang='lat' dir='ltr'><strong>noctibus</strong></span> <span class='ocrx_word' id='word_1_628' title='bbox 2195 2577 2432 2645; x_wconf 81' lang='lat' dir='ltr'><strong>Opperiar</strong></span> <span class='ocrx_word' id='word_1_629' title='bbox 2469 2594 2583 2632; x_wconf 86' lang='lat' dir='ltr'><strong>cum</strong></span> <span class='ocrx_word' id='word_1_630' title='bbox 2612 2587 2825 2634; x_wconf 86' lang='lat' dir='ltr'><strong>tremore</strong></span> <span class='ocrx_word' id='word_1_631' title='bbox 2872 2582 3083 2636; x_wconf 80' lang='lat' dir='ltr'><strong>reddere</strong></span> <span class='ocrx_word' id='word_1_632' title='bbox 3111 2585 3436 2642; x_wconf 81' lang='lat' dir='ltr'><strong>novissimum</strong></span> 
     </span>
    </p>
   </div>
   <div class='ocr_carea' id='block_1_87' title="bbox 1851 2666 3432 2738">
    <p class='ocr_par' dir='ltr' id='par_1_87' title="bbox 1851 2666 3432 2738">
     <span class='ocr_line' id='line_1_87' title="bbox 1851 2666 3432 2738; baseline 0.011 -21"><span class='ocrx_word' id='word_1_633' title='bbox 1851 2666 2206 2736; x_wconf 75' lang='lat' dir='ltr'><strong>quadrantem.</strong></span> <span class='ocrx_word' id='word_1_634' title='bbox 2243 2671 2310 2722; x_wconf 86' lang='lat' dir='ltr'><strong>At</strong></span> <span class='ocrx_word' id='word_1_635' title='bbox 2348 2669 2392 2722; x_wconf 89' lang='lat' dir='ltr'><strong>si</strong></span> <span class='ocrx_word' id='word_1_636' title='bbox 2418 2679 2538 2738; x_wconf 89' lang='lat' dir='ltr'><strong>post</strong></span> <span class='ocrx_word' id='word_1_637' title='bbox 2563 2669 2822 2727; x_wconf 84' lang='lat' dir='ltr'><strong>Gallicum</strong></span> <span class='ocrx_word' id='word_1_638' title='bbox 2848 2672 3060 2730; x_wconf 89' lang='lat' dir='ltr'><strong>demum</strong></span> <span class='ocrx_word' id='word_1_639' title='bbox 3086 2675 3187 2731; x_wconf 64' lang='lat' dir='ltr'><strong>iter</strong></span> <span class='ocrx_word' id='word_1_640' title='bbox 3215 2677 3300 2732; x_wconf 87' lang='lat' dir='ltr'><strong>hic</strong></span> <span class='ocrx_word' id='word_1_641' title='bbox 3326 2680 3432 2734; x_wconf 88' lang='lat' dir='ltr'><strong>titt-</strong></span> 
     </span>
    </p>
   </div>
   <div class='ocr_carea' id='block_1_88' title="bbox 1849 2759 3428 2835">
    <p class='ocr_par' dir='ltr' id='par_1_88' title="bbox 1849 2759 3428 2835">
     <span class='ocr_line' id='line_1_88' title="bbox 1849 2759 3428 2835; baseline 0.011 -25"><span class='ocrx_word' id='word_1_642' title='bbox 1849 2766 1966 2812; x_wconf 82' lang='lat' dir='ltr'><strong>rtus</strong></span> <span class='ocrx_word' id='word_1_643' title='bbox 1987 2767 2098 2822; x_wconf 90' lang='lat' dir='ltr'><strong>.est,</strong></span> <span class='ocrx_word' id='word_1_644' title='bbox 2130 2759 2215 2812; x_wconf 80' lang='lat' dir='ltr'><strong>vix</strong></span> <span class='ocrx_word' id='word_1_645' title='bbox 2245 2770 2360 2815; x_wconf 90' lang='lat' dir='ltr'><strong>erat</strong></span> <span class='ocrx_word' id='word_1_646' title='bbox 2397 2769 2578 2816; x_wconf 91' lang='lat' dir='ltr'><strong>notatu</strong></span> <span class='ocrx_word' id='word_1_647' title='bbox 2609 2763 2767 2834; x_wconf 84' lang='lat' dir='ltr'><strong>digna</strong></span> <span class='ocrx_word' id='word_1_648' title='bbox 2799 2767 3056 2835; x_wconf 86' lang='lat' dir='ltr'><strong>temporis</strong></span> <span class='ocrx_word' id='word_1_649' title='bbox 3079 2766 3380 2825; x_wconf 78' lang='lat' dir='ltr'><strong>ditfcrentia</strong></span> <span class='ocrx_word' id='word_1_650' title='bbox 3414 2791 3428 2828; x_wconf 89' lang='lat'>:</span> 
     </span>
    </p>
   </div>
   <div class='ocr_carea' id='block_1_89' title="bbox 1834 2850 3424 2930">
    <p class='ocr_par' dir='ltr' id='par_1_89' title="bbox 1834 2850 3424 2930">
     <span class='ocr_line' id='line_1_89' title="bbox 1834 2850 3424 2930; baseline 0.007 -22"><span class='ocrx_word' id='word_1_651' title='bbox 1834 2859 1991 2908; x_wconf 90' lang='lat' dir='ltr'><strong>.certe</strong></span> <span class='ocrx_word' id='word_1_652' title='bbox 2019 2850 2232 2920; x_wconf 87' lang='lat' dir='ltr'><strong>quidem</strong></span> <span class='ocrx_word' id='word_1_653' title='bbox 2261 2866 2364 2908; x_wconf 92' lang='lat' dir='ltr'><strong>non</strong></span> <span class='ocrx_word' id='word_1_654' title='bbox 2397 2862 2562 2920; x_wconf 85' lang='lat' dir='ltr'><strong>tanta,</strong></span> <span class='ocrx_word' id='word_1_655' title='bbox 2603 2871 2668 2912; x_wconf 80' lang='lat' dir='ltr'><strong>ex</strong></span> <span class='ocrx_word' id='word_1_656' title='bbox 2698 2872 2801 2928; x_wconf 91' lang='lat' dir='ltr'><strong>qua</strong></span> <span class='ocrx_word' id='word_1_657' title='bbox 2843 2857 2932 2913; x_wconf 90' lang='lat' dir='ltr'><strong>illa</strong></span> <span class='ocrx_word' id='word_1_658' title='bbox 2961 2869 3193 2930; x_wconf 75' lang='lat' dir='ltr'><strong>recepta:</strong></span> <span class='ocrx_word' id='word_1_659' title='bbox 3222 2861 3424 2919; x_wconf 91' lang='lat' dir='ltr'><strong>dudum</strong></span> 
     </span>
    </p>
   </div>
   <div class='ocr_carea' id='block_1_90' title="bbox 1845 2941 3428 3018">
    <p class='ocr_par' dir='ltr' id='par_1_90' title="bbox 1845 2941 3428 3018">
     <span class='ocr_line' id='line_1_90' title="bbox 1845 2941 3428 3018; baseline 0.009 -23"><span class='ocrx_word' id='word_1_660' title='bbox 1845 2941 2187 3009; x_wconf 68' lang='lat' dir='ltr'><strong>innocentiae,</strong></span> <span class='ocrx_word' id='word_1_661' title='bbox 2229 2952 2282 2998; x_wconf 93' lang='lat' dir='ltr'><strong>et</strong></span> <span class='ocrx_word' id='word_1_662' title='bbox 2321 2953 2718 3004; x_wconf 79' lang='lat' dir='ltr'><strong>contractarum</strong></span> <span class='ocrx_word' id='word_1_663' title='bbox 2751 2949 3007 3018; x_wconf 90' lang='lat' dir='ltr'><strong>temporis</strong></span> <span class='ocrx_word' id='word_1_664' title='bbox 3043 2949 3271 3013; x_wconf 85' lang='lat' dir='ltr'><strong>decursu</strong></span> <span class='ocrx_word' id='word_1_665' title='bbox 3304 2968 3428 3009; x_wconf 83' lang='lat' dir='ltr'><strong>sor-</strong></span> 
     </span>
    </p>
   </div>
   <div class='ocr_carea' id='block_1_91' title="bbox 1833 3035 3427 3112">
    <p class='ocr_par' dir='ltr' id='par_1_91' title="bbox 1833 3035 3427 3112">
     <span class='ocr_line' id='line_1_91' title="bbox 1833 3035 3427 3112; baseline 0.005 -20"><span class='ocrx_word' id='word_1_666' title='bbox 1833 3035 2012 3102; x_wconf 89' lang='lat' dir='ltr'><strong>.dium,</strong></span> <span class='ocrx_word' id='word_1_667' title='bbox 2047 3037 2252 3093; x_wconf 90' lang='lat' dir='ltr'><strong>institui</strong></span> <span class='ocrx_word' id='word_1_668' title='bbox 2290 3039 2622 3110; x_wconf 84' lang='lat' dir='ltr'><strong>comparatio</strong></span> <span class='ocrx_word' id='word_1_669' title='bbox 2653 3051 2854 3111; x_wconf 85' lang='lat' dir='ltr'><strong>posset.</strong></span> <span class='ocrx_word' id='word_1_670' title='bbox 2900 3041 3063 3112; x_wconf 84' lang='lat' dir='ltr'><strong>Igitur</strong></span> <span class='ocrx_word' id='word_1_671' title='bbox 3083 3044 3285 3100; x_wconf 87' lang='lat' dir='ltr'><strong>tinctus</strong></span> <span class='ocrx_word' id='word_1_672' title='bbox 3309 3061 3427 3100; x_wconf 82' lang='lat' dir='ltr'><strong>om-</strong></span> 
     </span>
    </p>
   </div>
   <div class='ocr_carea' id='block_1_92' title="bbox 1831 3129 3425 3201">
    <p class='ocr_par' dir='ltr' id='par_1_92' title="bbox 1831 3129 3425 3201">
     <span class='ocr_line' id='line_1_92' title="bbox 1831 3129 3425 3201; baseline 0.008 -19"><span class='ocrx_word' id='word_1_673' title='bbox 1831 3129 1968 3183; x_wconf 89' lang='lat' dir='ltr'><strong>.nino</strong></span> <span class='ocrx_word' id='word_1_674' title='bbox 2000 3138 2081 3184; x_wconf 62' lang='lat' dir='ltr'><strong>est</strong></span> <span class='ocrx_word' id='word_1_675' title='bbox 2110 3138 2394 3201; x_wconf 87' lang='lat' dir='ltr'><strong>antequam</strong></span> <span class='ocrx_word' id='word_1_676' title='bbox 2421 3147 2645 3188; x_wconf 88' lang='lat' dir='ltr'><strong>emenso</strong></span> <span class='ocrx_word' id='word_1_677' title='bbox 2667 3133 2964 3188; x_wconf 76' lang='lat' dir='ltr'><strong>Studiorum</strong></span> <span class='ocrx_word' id='word_1_678' title='bbox 2992 3136 3258 3191; x_wconf 89' lang='lat' dir='ltr'><strong>curriculo</strong></span> <span class='ocrx_word' id='word_1_679' title='bbox 3280 3136 3425 3194; x_wconf 89' lang='lat' dir='ltr'><strong>Urbe</strong></span> 
     </span>
    </p>
   </div>
   <div class='ocr_carea' id='block_1_93' title="bbox 1829 3220 3420 3300">
    <p class='ocr_par' dir='ltr' id='par_1_93' title="bbox 1829 3220 3420 3300">
     <span class='ocr_line' id='line_1_93' title="bbox 1829 3220 3420 3300; baseline 0.006 -24"><span class='ocrx_word' id='word_1_680' title='bbox 1829 3220 2144 3286; x_wconf 83' lang='lat' dir='ltr'><strong>decederet,</strong></span> <span class='ocrx_word' id='word_1_681' title='bbox 2174 3225 2329 3279; x_wconf 89' lang='lat' dir='ltr'><strong>annis</strong></span> <span class='ocrx_word' id='word_1_682' title='bbox 2361 3225 2477 3294; x_wconf 89' lang='lat' dir='ltr'><strong>plus</strong></span> <span class='ocrx_word' id='word_1_683' title='bbox 2507 3227 2686 3281; x_wconf 89' lang='lat' dir='ltr'><strong>minus</strong></span> <span class='ocrx_word' id='word_1_684' title='bbox 2719 3236 2845 3282; x_wconf 91' lang='lat' dir='ltr'><strong>ante</strong></span> <span class='ocrx_word' id='word_1_685' title='bbox 2866 3227 3140 3284; x_wconf 72' lang='lat' dir='ltr'><strong>Rullinum</strong></span> <span class='ocrx_word' id='word_1_686' title='bbox 3168 3241 3420 3300; x_wconf 88' lang='lat' dir='ltr'><strong>quatuor.</strong></span> 
     </span>
    </p>
   </div>
   <div class='ocr_carea' id='block_1_94' title="bbox 1839 3311 3422 3388">
    <p class='ocr_par' dir='ltr' id='par_1_94' title="bbox 1839 3311 3422 3388">
     <span class='ocr_line' id='line_1_94' title="bbox 1839 3311 3422 3388; baseline 0.007 -22"><span class='ocrx_word' id='word_1_687' title='bbox 1839 3314 2013 3383; x_wconf 84' lang='lat' dir='ltr'><strong>Atque</strong></span> <span class='ocrx_word' id='word_1_688' title='bbox 2042 3311 2146 3368; x_wconf 88' lang='lat' dir='ltr'><strong>buc</strong></span> <span class='ocrx_word' id='word_1_689' title='bbox 2169 3313 2357 3368; x_wconf 79' lang='lat' dir='ltr'><strong>referri</strong></span> <span class='ocrx_word' id='word_1_690' title='bbox 2391 3315 2519 3369; x_wconf 90' lang='lat' dir='ltr'><strong>illud</strong></span> <span class='ocrx_word' id='word_1_691' title='bbox 2561 3317 2720 3369; x_wconf 84' lang='lat' dir='ltr'><strong>etiam</strong></span> <span class='ocrx_word' id='word_1_692' title='bbox 2751 3317 2933 3383; x_wconf 82' lang='lat' dir='ltr'><strong>velint,</strong></span> <span class='ocrx_word' id='word_1_693' title='bbox 2967 3317 3110 3388; x_wconf 91' lang='lat' dir='ltr'><strong>quod</strong></span> <span class='ocrx_word' id='word_1_694' title='bbox 3155 3321 3286 3374; x_wconf 77' lang='lat' dir='ltr'><strong>alias</strong></span> <span class='ocrx_word' id='word_1_695' title='bbox 3310 3322 3422 3377; x_wconf 86' lang='lat' dir='ltr'><strong>lau-</strong></span> 
     </span>
    </p>
   </div>
   <div class='ocr_carea' id='block_1_95' title="bbox 1837 3402 3420 3480">
    <p class='ocr_par' dir='ltr' id='par_1_95' title="bbox 1837 3402 3420 3480">
     <span class='ocr_line' id='line_1_95' title="bbox 1837 3402 3420 3480; baseline 0.006 -23"><span class='ocrx_word' id='word_1_696' title='bbox 1837 3402 1961 3458; x_wconf 85' lang='lat' dir='ltr'><strong>dato</strong></span> <span class='ocrx_word' id='word_1_697' title='bbox 1989 3404 2109 3458; x_wconf 90' lang='lat' dir='ltr'><strong>loco</strong></span> <span class='ocrx_word' id='word_1_698' title='bbox 2150 3404 2243 3459; x_wconf 86' lang='lat' dir='ltr'><strong>lib.</strong></span> <span class='ocrx_word' id='word_1_699' title='bbox 2278 3404 2391 3460; x_wconf 77' lang='lat' dir='ltr'><strong>XII.</strong></span> <span class='ocrx_word' id='word_1_700' title='bbox 2442 3407 2492 3459; x_wconf 87' lang='lat' dir='ltr'><strong>in</strong></span> <span class='ocrx_word' id='word_1_701' title='bbox 2540 3407 2899 3471; x_wconf 82' lang='lat' dir='ltr'><strong>Ezecltielem,</strong></span> <span class='ocrx_word' id='word_1_702' title='bbox 2934 3425 2993 3465; x_wconf 80' lang='lat' dir='ltr'><strong>se</strong></span> <span class='ocrx_word' id='word_1_703' title='bbox 3035 3411 3109 3464; x_wconf 82' lang='lat' dir='ltr'><strong>ait</strong></span> <span class='ocrx_word' id='word_1_704' title='bbox 3149 3411 3204 3466; x_wconf 86' lang='lat' dir='ltr'><strong>S.</strong></span> <span class='ocrx_word' id='word_1_705' title='bbox 3239 3411 3420 3480; x_wconf 81' lang='lat' dir='ltr'><strong>Pater,</strong></span> 
     </span>
    </p>
   </div>
   <div class='ocr_carea' id='block_1_96' title="bbox 1835 3495 3418 3568">
    <p class='ocr_par' dir='ltr' id='par_1_96' title="bbox 1835 3495 3418 3568">
     <span class='ocr_line' id='line_1_96' title="bbox 1835 3495 3418 3568; baseline 0.006 -19"><span class='ocrx_word' id='word_1_706' title='bbox 1835 3511 1957 3550; x_wconf 89' lang='lat' dir='ltr'><strong>cmn</strong></span> <span class='ocrx_word' id='word_1_707' title='bbox 1984 3505 2128 3550; x_wconf 89' lang='lat' dir='ltr'><strong>esset</strong></span> <span class='ocrx_word' id='word_1_708' title='bbox 2150 3495 2336 3552; x_wconf 75' lang='lat' dir='ltr'><strong>Ronue</strong></span> <span class='ocrx_word' id='word_1_709' title='bbox 2367 3512 2515 3568; x_wconf 89' lang='lat' dir='ltr'><strong>puer,</strong></span> <span class='ocrx_word' id='word_1_710' title='bbox 2542 3505 2596 3551; x_wconf 94' lang='lat' dir='ltr'><strong>et</strong></span> <span class='ocrx_word' id='word_1_711' title='bbox 2620 3497 2929 3556; x_wconf 88' lang='lat' dir='ltr'><strong>liberalibus</strong></span> <span class='ocrx_word' id='word_1_712' title='bbox 2953 3501 3144 3555; x_wconf 90' lang='lat' dir='ltr'><strong>studiis</strong></span> <span class='ocrx_word' id='word_1_713' title='bbox 3172 3503 3418 3559; x_wconf 86' lang='lat' dir='ltr'><strong>erudire-</strong></span> 
     </span>
    </p>
   </div>
   <div class='ocr_carea' id='block_1_97' title="bbox 1836 3587 3414 3661">
    <p class='ocr_par' dir='ltr' id='par_1_97' title="bbox 1836 3587 3414 3661">
     <span class='ocr_line' id='line_1_97' title="bbox 1836 3587 3414 3661; baseline 0.004 -20"><span class='ocrx_word' id='word_1_714' title='bbox 1836 3598 1937 3652; x_wconf 90' lang='lat' dir='ltr'><strong>tur,</strong></span> <span class='ocrx_word' id='word_1_715' title='bbox 1973 3587 2188 3642; x_wconf 90' lang='lat' dir='ltr'><strong>solitum</strong></span> <span class='ocrx_word' id='word_1_716' title='bbox 2216 3603 2334 3642; x_wconf 90' lang='lat' dir='ltr'><strong>eum</strong></span> <span class='ocrx_word' id='word_1_717' title='bbox 2357 3587 2569 3644; x_wconf 69' lang='lat' dir='ltr'><strong>caeteris</strong></span> <span class='ocrx_word' id='word_1_718' title='bbox 2592 3589 2830 3658; x_wconf 87' lang='lat' dir='ltr'><strong>ejusdem</strong></span> <span class='ocrx_word' id='word_1_719' title='bbox 2853 3592 3026 3645; x_wconf 67' lang='lat' dir='ltr'><strong>aetatis</strong></span> <span class='ocrx_word' id='word_1_720' title='bbox 3047 3608 3110 3645; x_wconf 92' lang='lat' dir='ltr'><strong>ac</strong></span> <span class='ocrx_word' id='word_1_721' title='bbox 3134 3595 3414 3661; x_wconf 88' lang='lat' dir='ltr'><strong>propositi.</strong></span> 
     </span>
    </p>
   </div>
   <div class='ocr_carea' id='block_1_98' title="bbox 1835 3680 3413 3756">
    <p class='ocr_par' dir='ltr' id='par_1_98' title="bbox 1835 3680 3413 3756">
     <span class='ocr_line' id='line_1_98' title="bbox 1835 3680 3413 3756; baseline 0.003 -23"><span class='ocrx_word' id='word_1_722' title='bbox 1835 3681 2022 3734; x_wconf 88' lang='lat' dir='ltr'><strong>diebus</strong></span> <span class='ocrx_word' id='word_1_723' title='bbox 2051 3680 2339 3734; x_wconf 86' lang='lat' dir='ltr'><strong>Dominicis</strong></span> <span class='ocrx_word' id='word_1_724' title='bbox 2382 3680 2663 3750; x_wconf 87' lang='lat' dir='ltr'><strong>sepulchra</strong></span> <span class='ocrx_word' id='word_1_725' title='bbox 2707 3683 3083 3751; x_wconf 79' lang='lat' dir='ltr'><strong>Apostolorum</strong></span> <span class='ocrx_word' id='word_1_726' title='bbox 3123 3694 3177 3738; x_wconf 91' lang='lat' dir='ltr'><strong>et</strong></span> <span class='ocrx_word' id='word_1_727' title='bbox 3216 3684 3413 3756; x_wconf 81' lang='lat' dir='ltr'><strong>Marty-</strong></span> 
     </span>
    </p>
   </div>
   <div class='ocr_carea' id='block_1_99' title="bbox 1838 3771 3417 3843">
    <p class='ocr_par' dir='ltr' id='par_1_99' title="bbox 1838 3771 3417 3843">
     <span class='ocr_line' id='line_1_99' title="bbox 1838 3771 3417 3843; baseline 0.005 -19"><span class='ocrx_word' id='word_1_728' title='bbox 1838 3788 1954 3824; x_wconf 89' lang='lat' dir='ltr'><strong>rmn</strong></span> <span class='ocrx_word' id='word_1_729' title='bbox 1982 3773 2231 3826; x_wconf 80' lang='lat' dir='ltr'><strong>circuire.</strong></span> <span class='ocrx_word' id='word_1_730' title='bbox 2257 3771 2394 3838; x_wconf 84' lang='lat' dir='ltr'><strong>Quid</strong></span> <span class='ocrx_word' id='word_1_731' title='bbox 2425 3771 2567 3826; x_wconf 86' lang='lat' dir='ltr'><strong>enim</strong></span> <span class='ocrx_word' id='word_1_732' title='bbox 2591 3773 2733 3826; x_wconf 88' lang='lat' dir='ltr'><strong>aliud</strong></span> <span class='ocrx_word' id='word_1_733' title='bbox 2766 3776 3024 3843; x_wconf 89' lang='lat' dir='ltr'><strong>propositi</strong></span> <span class='ocrx_word' id='word_1_734' title='bbox 3055 3776 3268 3829; x_wconf 89' lang='lat' dir='ltr'><strong>nomine</strong></span> <span class='ocrx_word' id='word_1_735' title='bbox 3299 3775 3417 3832; x_wconf 89' lang='lat' dir='ltr'><strong>beic</strong></span> 
     </span>
    </p>
   </div>
   <div class='ocr_carea' id='block_1_100' title="bbox 1842 3861 3416 3934">
    <p class='ocr_par' dir='ltr' id='par_1_100' title="bbox 1842 3861 3416 3934">
     <span class='ocr_line' id='line_1_100' title="bbox 1842 3861 3416 3934; baseline 0.004 -20"><span class='ocrx_word' id='word_1_736' title='bbox 1842 3862 1942 3915; x_wconf 85' lang='lat' dir='ltr'><strong>loci</strong></span> <span class='ocrx_word' id='word_1_737' title='bbox 1963 3861 2298 3916; x_wconf 90' lang='lat' dir='ltr'><strong>commodius</strong></span> <span class='ocrx_word' id='word_1_738' title='bbox 2327 3861 2612 3931; x_wconf 85' lang='lat' dir='ltr'><strong>intelligas,</strong></span> <span class='ocrx_word' id='word_1_739' title='bbox 2631 3878 2788 3932; x_wconf 89' lang='lat' dir='ltr'><strong>quam</strong></span> <span class='ocrx_word' id='word_1_740' title='bbox 2815 3865 3127 3934; x_wconf 85' lang='lat' dir='ltr'><strong>religionem</strong></span> <span class='ocrx_word' id='word_1_741' title='bbox 3154 3865 3416 3920; x_wconf 75' lang='lat' dir='ltr'><strong>Christia-</strong></span> 
     </span>
    </p>
   </div>
   <div class='ocr_carea' id='block_1_101' title="bbox 1837 3953 3416 4026">
    <p class='ocr_par' dir='ltr' id='par_1_101' title="bbox 1837 3953 3416 4026">
     <span class='ocr_line' id='line_1_101' title="bbox 1837 3953 3416 4026; baseline 0.004 -21"><span class='ocrx_word' id='word_1_742' title='bbox 1837 3969 1981 4018; x_wconf 91' lang='lat' dir='ltr'><strong>nam,</strong></span> <span class='ocrx_word' id='word_1_743' title='bbox 2019 3956 2102 4007; x_wconf 89' lang='lat' dir='ltr'><strong>cui</strong></span> <span class='ocrx_word' id='word_1_744' title='bbox 2141 3967 2335 4008; x_wconf 84' lang='lat' dir='ltr'><strong>nomen</strong></span> <span class='ocrx_word' id='word_1_745' title='bbox 2381 3968 2475 4021; x_wconf 84' lang='lat' dir='ltr'><strong>per</strong></span> <span class='ocrx_word' id='word_1_746' title='bbox 2504 3953 2828 4022; x_wconf 85' lang='lat' dir='ltr'><strong>Baptismmn</strong></span> <span class='ocrx_word' id='word_1_747' title='bbox 2869 3955 3148 4009; x_wconf 85' lang='lat' dir='ltr'><strong>dedisset?</strong></span> <span class='ocrx_word' id='word_1_748' title='bbox 3175 3956 3416 4026; x_wconf 88' lang='lat' dir='ltr'><strong>Denique</strong></span> 
     </span>
    </p>
   </div>
   <div class='ocr_carea' id='block_1_102' title="bbox 1836 4041 3417 4114">
    <p class='ocr_par' dir='ltr' id='par_1_102' title="bbox 1836 4041 3417 4114">
     <span class='ocr_line' id='line_1_102' title="bbox 1836 4041 3417 4114; baseline 0.002 -19"><span class='ocrx_word' id='word_1_749' title='bbox 1836 4053 1987 4098; x_wconf 84' lang='lat' dir='ltr'><strong>vetus</strong></span> <span class='ocrx_word' id='word_1_750' title='bbox 2012 4057 2224 4112; x_wconf 87' lang='lat' dir='ltr'><strong>quoque</strong></span> <span class='ocrx_word' id='word_1_751' title='bbox 2263 4041 2396 4098; x_wconf 74' lang='lat' dir='ltr'><strong>Viue</strong></span> <span class='ocrx_word' id='word_1_752' title='bbox 2442 4042 2870 4114; x_wconf 76' lang='lat' dir='ltr'><strong>llieronymianzn</strong></span> <span class='ocrx_word' id='word_1_753' title='bbox 2897 4044 3112 4107; x_wconf 87' lang='lat' dir='ltr'><strong>Auctor,</strong></span> <span class='ocrx_word' id='word_1_754' title='bbox 3145 4045 3233 4113; x_wconf 93' lang='lat' dir='ltr'><strong>qui</strong></span> <span class='ocrx_word' id='word_1_755' title='bbox 3271 4043 3417 4100; x_wconf 86' lang='lat' dir='ltr'><strong>Gen-</strong></span> 
     </span>
    </p>
   </div>
   <div class='ocr_carea' id='block_1_103' title="bbox 1837 4135 3418 4207">
    <p class='ocr_par' dir='ltr' id='par_1_103' title="bbox 1837 4135 3418 4207">
     <span class='ocr_line' id='line_1_103' title="bbox 1837 4135 3418 4207; baseline 0.004 -18"><span class='ocrx_word' id='word_1_756' title='bbox 1837 4135 2024 4190; x_wconf 82' lang='lat' dir='ltr'><strong>narlius</strong></span> <span class='ocrx_word' id='word_1_757' title='bbox 2069 4136 2236 4202; x_wconf 89' lang='lat' dir='ltr'><strong>audit,</strong></span> <span class='ocrx_word' id='word_1_758' title='bbox 2285 4151 2408 4190; x_wconf 90' lang='lat' dir='ltr'><strong>eum</strong></span> <span class='ocrx_word' id='word_1_759' title='bbox 2449 4144 2693 4200; x_wconf 87' lang='lat' dir='ltr'><strong>testatur,</strong></span> <span class='ocrx_word' id='word_1_760' title='bbox 2739 4151 2859 4191; x_wconf 86' lang='lat' dir='ltr'><strong>cum</strong></span> <span class='ocrx_word' id='word_1_761' title='bbox 2901 4153 3026 4207; x_wconf 82' lang='lat' dir='ltr'><strong>puer</strong></span> <span class='ocrx_word' id='word_1_762' title='bbox 3052 4136 3230 4195; x_wconf 86' lang='lat' dir='ltr'><strong>adhuc</strong></span> <span class='ocrx_word' id='word_1_763' title='bbox 3270 4151 3418 4196; x_wconf 85' lang='lat' dir='ltr'><strong>esset</strong></span> 
     </span>
    </p>
   </div>
   <div class='ocr_carea' id='block_1_104' title="bbox 1835 4229 3411 4301">
    <p class='ocr_par' dir='ltr' id='par_1_104' title="bbox 1835 4229 3411 4301">
     <span class='ocr_line' id='line_1_104' title="bbox 1835 4229 3411 4301; baseline 0.005 -23"><span class='ocrx_word' id='word_1_764' title='bbox 1835 4229 1997 4301; x_wconf 76' lang='lat' dir='ltr'><strong>(quod</strong></span> <span class='ocrx_word' id='word_1_765' title='bbox 2029 4237 2110 4284; x_wconf 87' lang='lat' dir='ltr'><strong>est</strong></span> <span class='ocrx_word' id='word_1_766' title='bbox 2143 4245 2206 4284; x_wconf 82' lang='lat' dir='ltr'><strong>ex</strong></span> <span class='ocrx_word' id='word_1_767' title='bbox 2238 4230 2588 4300; x_wconf 87' lang='lat' dir='ltr'><strong>Antiquorum</strong></span> <span class='ocrx_word' id='word_1_768' title='bbox 2628 4243 2812 4296; x_wconf 88' lang='lat' dir='ltr'><strong>sensu,</strong></span> <span class='ocrx_word' id='word_1_769' title='bbox 2845 4246 2966 4284; x_wconf 89' lang='lat' dir='ltr'><strong>eum</strong></span> <span class='ocrx_word' id='word_1_770' title='bbox 2991 4229 3228 4286; x_wconf 90' lang='lat' dir='ltr'><strong>nondum</strong></span> <span class='ocrx_word' id='word_1_771' title='bbox 3260 4230 3411 4300; x_wconf 87' lang='lat' dir='ltr'><strong>vige-</strong></span> 
     </span>
    </p>
   </div>
   <div class='ocr_carea' id='block_1_105' title="bbox 1831 4319 3412 4392">
    <p class='ocr_par' dir='ltr' id='par_1_105' title="bbox 1831 4319 3412 4392">
     <span class='ocr_line' id='line_1_105' title="bbox 1831 4319 3412 4392; baseline 0.001 -17"><span class='ocrx_word' id='word_1_772' title='bbox 1831 4323 2024 4376; x_wconf 92' lang='lat' dir='ltr'><strong>simum</strong></span> <span class='ocrx_word' id='word_1_773' title='bbox 2067 4335 2265 4374; x_wconf 89' lang='lat' dir='ltr'><strong>annum</strong></span> <span class='ocrx_word' id='word_1_774' title='bbox 2320 4321 2662 4389; x_wconf 62' lang='lat' dir='ltr'><strong>excessBset)</strong></span> <span class='ocrx_word' id='word_1_775' title='bbox 2713 4319 3042 4390; x_wconf 88' lang='lat' dir='ltr'><strong>Baptismum</strong></span> <span class='ocrx_word' id='word_1_776' title='bbox 3086 4322 3412 4392; x_wconf 88' lang='lat' dir='ltr'><strong>suscepisse.</strong></span> 
     </span>
    </p>
   </div>
   <div class='ocr_carea' id='block_1_106' title="bbox 1836 4410 3432 4480">
    <p class='ocr_par' dir='ltr' id='par_1_106' title="bbox 1836 4410 3432 4480">
     <span class='ocr_line' id='line_1_106' title="bbox 1836 4410 3432 4480; baseline 0.001 -15"><span class='ocrx_word' id='word_1_777' title='bbox 1836 4412 1945 4465; x_wconf 85' lang='lat' dir='ltr'><strong>lloc</strong></span> <span class='ocrx_word' id='word_1_778' title='bbox 1986 4412 2313 4476; x_wconf 89' lang='lat' dir='ltr'><strong>testimonio,</strong></span> <span class='ocrx_word' id='word_1_779' title='bbox 2349 4411 2450 4464; x_wconf 90' lang='lat' dir='ltr'><strong>etsi</strong></span> <span class='ocrx_word' id='word_1_780' title='bbox 2490 4410 2610 4464; x_wconf 89' lang='lat' dir='ltr'><strong>aliis</strong></span> <span class='ocrx_word' id='word_1_781' title='bbox 2635 4410 2702 4464; x_wconf 90' lang='lat' dir='ltr'><strong>de</strong></span> <span class='ocrx_word' id='word_1_782' title='bbox 2727 4411 2930 4464; x_wconf 83' lang='lat' dir='ltr'><strong>caussis</strong></span> <span class='ocrx_word' id='word_1_783' title='bbox 2971 4412 3212 4477; x_wconf 85' lang='lat' dir='ltr'><strong>Auetori,</strong></span> <span class='ocrx_word' id='word_1_784' title='bbox 3239 4411 3332 4480; x_wconf 91' lang='lat' dir='ltr'><strong>qui</strong></span> <span class='ocrx_word' id='word_1_785' title='bbox 3359 4422 3432 4467; x_wconf 64' lang='lat' dir='ltr'><strong>eL</strong></span> 
     </span>
    </p>
   </div>
   <div class='ocr_carea' id='block_1_107' title="bbox 1832 4500 3411 4567">
    <p class='ocr_par' dir='ltr' id='par_1_107' title="bbox 1832 4500 3411 4567">
     <span class='ocr_line' id='line_1_107' title="bbox 1832 4500 3411 4567; baseline 0 -12"><span class='ocrx_word' id='word_1_786' title='bbox 1832 4517 2026 4555; x_wconf 90' lang='lat' dir='ltr'><strong>nomen</strong></span> <span class='ocrx_word' id='word_1_787' title='bbox 2071 4502 2344 4566; x_wconf 86' lang='lat' dir='ltr'><strong>mentitur,</strong></span> <span class='ocrx_word' id='word_1_788' title='bbox 2387 4500 2528 4554; x_wconf 86' lang='lat' dir='ltr'><strong>haud</strong></span> <span class='ocrx_word' id='word_1_789' title='bbox 2570 4500 2792 4554; x_wconf 89' lang='lat' dir='ltr'><strong>multum</strong></span> <span class='ocrx_word' id='word_1_790' title='bbox 2841 4501 3152 4567; x_wconf 89' lang='lat' dir='ltr'><strong>tribuamus,</strong></span> <span class='ocrx_word' id='word_1_791' title='bbox 3201 4501 3411 4556; x_wconf 88' lang='lat' dir='ltr'><strong>nullum</strong></span> 
     </span>
    </p>
   </div>
   <div class='ocr_carea' id='block_1_108' title="bbox 1834 4593 3414 4664">
    <p class='ocr_par' dir='ltr' id='par_1_108' title="bbox 1834 4593 3414 4664">
     <span class='ocr_line' id='line_1_108' title="bbox 1834 4593 3414 4664; baseline 0.002 -17"><span class='ocrx_word' id='word_1_792' title='bbox 1834 4607 2010 4648; x_wconf 91' lang='lat' dir='ltr'><strong>tamen</strong></span> <span class='ocrx_word' id='word_1_793' title='bbox 2035 4605 2119 4648; x_wconf 91' lang='lat' dir='ltr'><strong>est</strong></span> <span class='ocrx_word' id='word_1_794' title='bbox 2151 4603 2243 4649; x_wconf 89' lang='lat' dir='ltr'><strong>aut</strong></span> <span class='ocrx_word' id='word_1_795' title='bbox 2271 4595 2551 4655; x_wconf 84' lang='lat' dir='ltr'><strong>vetustius.</strong></span> <span class='ocrx_word' id='word_1_796' title='bbox 2575 4603 2666 4647; x_wconf 88' lang='lat' dir='ltr'><strong>aut</strong></span> <span class='ocrx_word' id='word_1_797' title='bbox 2691 4594 2908 4664; x_wconf 82' lang='lat' dir='ltr'><strong>propius</strong></span> <span class='ocrx_word' id='word_1_798' title='bbox 2933 4594 2998 4647; x_wconf 88' lang='lat' dir='ltr'><strong>ad</strong></span> <span class='ocrx_word' id='word_1_799' title='bbox 3029 4593 3324 4650; x_wconf 89' lang='lat' dir='ltr'><strong>faciendam</strong></span> <span class='ocrx_word' id='word_1_800' title='bbox 3349 4595 3414 4650; x_wconf 82' lang='lat' dir='ltr'><strong>fi-</strong></span> 
     </span>
    </p>
   </div>
   <div class='ocr_carea' id='block_1_109' title="bbox 1832 4678 2777 4743">
    <p class='ocr_par' dir='ltr' id='par_1_109' title="bbox 1832 4678 2777 4743">
     <span class='ocr_line' id='line_1_109' title="bbox 1832 4678 2777 4743; baseline -0.003 -1"><span class='ocrx_word' id='word_1_801' title='bbox 1832 4687 1974 4742; x_wconf 82' lang='lat' dir='ltr'><strong>dem.</strong></span> <span class='ocrx_word' id='word_1_802' title='bbox 2017 4688 2122 4743; x_wconf 86' lang='lat' dir='ltr'><strong>Sed</strong></span> <span class='ocrx_word' id='word_1_803' title='bbox 2148 4690 2260 4742; x_wconf 70' lang='lat' dir='ltr'><strong>lucc</strong></span> <span class='ocrx_word' id='word_1_804' title='bbox 2290 4688 2565 4742; x_wconf 85' lang='lat' dir='ltr'><strong>hactenus.</strong></span> <span class='ocrx_word' id='word_1_805' title='bbox 2771 4678 2777 4681; x_wconf 52' lang='grc'>”</span> 
     </span>
    </p>
   </div>
   <div class='ocr_carea' id='block_1_110' title="bbox 2459 4821 2812 4878">
    <p class='ocr_par' dir='ltr' id='par_1_110' title="bbox 2459 4821 2812 4878">
     <span class='ocr_line' id='line_1_110' title="bbox 2459 4821 2812 4878; baseline -0.011 0"><span class='ocrx_word' id='word_1_806' title='bbox 2459 4821 2685 4878; x_wconf 80' lang='lat' dir='ltr'><strong>CAPUT</strong></span> <span class='ocrx_word' id='word_1_807' title='bbox 2724 4823 2812 4877; x_wconf 74' lang='grc' dir='ltr'><strong>ιν.</strong></span> 
     </span>
    </p>
   </div>
   <div class='ocr_carea' id='block_1_111' title="bbox 1833 5001 3418 5079">
    <p class='ocr_par' dir='ltr' id='par_1_111' title="bbox 1833 5001 3418 5079">
     <span class='ocr_line' id='line_1_111' title="bbox 1833 5001 3418 5079; baseline 0.003 -19"><span class='ocrx_word' id='word_1_808' title='bbox 1833 5001 2045 5061; x_wconf 63' lang='grc' dir='ltr'><strong>[Ῥοδι</strong></span> <span class='ocrx_word' id='word_1_809' title='bbox 2080 5005 2310 5060; x_wconf 84' lang='lat' dir='ltr'><strong>Ilontana</strong></span> <span class='ocrx_word' id='word_1_810' title='bbox 2339 5003 2508 5058; x_wconf 83' lang='lat' dir='ltr'><strong>studia</strong></span> <span class='ocrx_word' id='word_1_811' title='bbox 2535 5003 2743 5058; x_wconf 84' lang='lat' dir='ltr'><strong>domum</strong></span> <span class='ocrx_word' id='word_1_812' title='bbox 2762 5007 3041 5060; x_wconf 81' lang='lat' dir='ltr'><strong>revortitur.</strong></span> <span class='ocrx_word' id='word_1_813' title='bbox 3076 5007 3140 5061; x_wconf 88' lang='lat' dir='ltr'><strong>ll.</strong></span> <span class='ocrx_word' id='word_1_814' title='bbox 3175 5007 3418 5079; x_wconf 72' lang='lat' dir='ltr'><strong>Aquileia:</strong></span> 
     </span>
    </p>
   </div>
   <div class='ocr_carea' id='block_1_112' title="bbox 2092 5095 3150 5168">
    <p class='ocr_par' dir='ltr' id='par_1_112' title="bbox 2092 5095 3150 5168">
     <span class='ocr_line' id='line_1_112' title="bbox 2092 5095 3150 5168; baseline 0.003 -19"><span class='ocrx_word' id='word_1_815' title='bbox 2092 5113 2364 5168; x_wconf 81' lang='lat' dir='ltr'><strong>parumper</strong></span> <span class='ocrx_word' id='word_1_816' title='bbox 2389 5106 2635 5151; x_wconf 78' lang='lat' dir='ltr'><strong>moratur.</strong></span> <span class='ocrx_word' id='word_1_817' title='bbox 2674 5095 2762 5150; x_wconf 78' lang='grc' dir='ltr'><strong>ΙΙΙ.</strong></span> <span class='ocrx_word' id='word_1_818' title='bbox 2788 5097 2984 5152; x_wconf 76' lang='lat' dir='ltr'><strong>Callias</strong></span> <span class='ocrx_word' id='word_1_819' title='bbox 3009 5100 3150 5168; x_wconf 83' lang='lat' dir='ltr'><strong>petit.</strong></span> 
     </span>
    </p>
   </div>
   <div class='ocr_carea' id='block_1_113' title="bbox 1909 5252 3409 5326">
    <p class='ocr_par' dir='ltr' id='par_1_113' title="bbox 1909 5252 3409 5326">
     <span class='ocr_line' id='line_1_113' title="bbox 1909 5252 3409 5326; baseline 0.005 -21"><span class='ocrx_word' id='word_1_820' title='bbox 1909 5252 1949 5307; x_wconf 86' lang='grc' dir='ltr'>Ι.</span> <span class='ocrx_word' id='word_1_821' title='bbox 1974 5253 2328 5309; x_wconf 65' lang='grc' dir='ltr'><strong>ὃηξειιιςη-ἰὺιιε</strong></span> <span class='ocrx_word' id='word_1_822' title='bbox 2359 5253 2534 5324; x_wconf 89' lang='lat' dir='ltr'><strong>itaque</strong></span> <span class='ocrx_word' id='word_1_823' title='bbox 2556 5254 2727 5310; x_wconf 92' lang='lat' dir='ltr'><strong>literis</strong></span> <span class='ocrx_word' id='word_1_824' title='bbox 2751 5253 3012 5312; x_wconf 66' lang='lat' dir='ltr'><strong>Romam!</strong></span> <span class='ocrx_word' id='word_1_825' title='bbox 3039 5257 3253 5326; x_wconf 86' lang='lat' dir='ltr'><strong>plenum</strong></span> <span class='ocrx_word' id='word_1_826' title='bbox 3281 5273 3409 5312; x_wconf 58' lang='lat' dir='ltr'><strong>cru-</strong></span> 
     </span>
    </p>
   </div>
   <div class='ocr_carea' id='block_1_114' title="bbox 1833 5344 3416 5415">
    <p class='ocr_par' dir='ltr' id='par_1_114' title="bbox 1833 5344 3416 5415">
     <span class='ocr_line' id='line_1_114' title="bbox 1833 5344 3416 5415; baseline 0.005 -21"><span class='ocrx_word' id='word_1_827' title='bbox 1833 5344 1996 5407; x_wconf 67' lang='lat' dir='ltr'><strong>«litus,</strong></span> <span class='ocrx_word' id='word_1_828' title='bbox 2038 5345 2237 5415; x_wconf 87' lang='lat' dir='ltr'><strong>diuque</strong></span> <span class='ocrx_word' id='word_1_829' title='bbox 2277 5344 2346 5398; x_wconf 90' lang='lat' dir='ltr'><strong>ibi</strong></span> <span class='ocrx_word' id='word_1_830' title='bbox 2390 5344 2440 5398; x_wconf 92' lang='lat' dir='ltr'><strong>in</strong></span> <span class='ocrx_word' id='word_1_831' title='bbox 2489 5344 2783 5400; x_wconf 78' lang='lat' dir='ltr'><strong>Rhetorum</strong></span> <span class='ocrx_word' id='word_1_832' title='bbox 2830 5345 3028 5402; x_wconf 90' lang='lat' dir='ltr'><strong>scholis</strong></span> <span class='ocrx_word' id='word_1_833' title='bbox 3066 5349 3416 5409; x_wconf 78' lang='lat' dir='ltr'><strong>exercitatus,</strong></span> 
     </span>
    </p>
   </div>
   <div class='ocr_carea' id='block_1_115' title="bbox 1831 5435 3418 5506">
    <p class='ocr_par' dir='ltr' id='par_1_115' title="bbox 1831 5435 3418 5506">
     <span class='ocr_line' id='line_1_115' title="bbox 1831 5435 3418 5506; baseline -0.002 -13"><span class='ocrx_word' id='word_1_834' title='bbox 1831 5435 2030 5493; x_wconf 88' lang='lat' dir='ltr'><strong>Urbem</strong></span> <span class='ocrx_word' id='word_1_835' title='bbox 2053 5436 2379 5506; x_wconf 86' lang='lat' dir='ltr'><strong>relinquere,</strong></span> <span class='ocrx_word' id='word_1_836' title='bbox 2410 5444 2463 5490; x_wconf 91' lang='lat' dir='ltr'><strong>et</strong></span> <span class='ocrx_word' id='word_1_837' title='bbox 2486 5436 2684 5491; x_wconf 86' lang='lat' dir='ltr'><strong>Gallias</strong></span> <span class='ocrx_word' id='word_1_838' title='bbox 2713 5447 2898 5506; x_wconf 88' lang='lat' dir='ltr'><strong>petere</strong></span> <span class='ocrx_word' id='word_1_839' title='bbox 2920 5437 3234 5494; x_wconf 88' lang='lat' dir='ltr'><strong>eruditionis</strong></span> <span class='ocrx_word' id='word_1_840' title='bbox 3263 5438 3418 5492; x_wconf 87' lang='lat' dir='ltr'><strong>laude</strong></span> 
     </span>
    </p>
   </div>
   <div class='ocr_carea' id='block_1_116' title="bbox 1832 5525 3416 5595">
    <p class='ocr_par' dir='ltr' id='par_1_116' title="bbox 1832 5525 3416 5595">
     <span class='ocr_line' id='line_1_116' title="bbox 1832 5525 3416 5595; baseline -0.005 -12"><span class='ocrx_word' id='word_1_841' title='bbox 1832 5536 1958 5583; x_wconf 88' lang='lat' dir='ltr'><strong>tunc</strong></span> <span class='ocrx_word' id='word_1_842' title='bbox 1979 5527 2252 5589; x_wconf 80' lang='lat' dir='ltr'><strong>florentes,</strong></span> <span class='ocrx_word' id='word_1_843' title='bbox 2277 5541 2377 5580; x_wconf 89' lang='lat' dir='ltr'><strong>uua</strong></span> <span class='ocrx_word' id='word_1_844' title='bbox 2409 5541 2528 5581; x_wconf 93' lang='lat' dir='ltr'><strong>cum</strong></span> <span class='ocrx_word' id='word_1_845' title='bbox 2567 5525 2799 5590; x_wconf 86' lang='lat' dir='ltr'><strong>Donoso,</strong></span> <span class='ocrx_word' id='word_1_846' title='bbox 2832 5533 3090 5595; x_wconf 86' lang='lat' dir='ltr'><strong>perpetuo</strong></span> <span class='ocrx_word' id='word_1_847' title='bbox 3119 5525 3416 5579; x_wconf 88' lang='lat' dir='ltr'><strong>studiorum</strong></span> 
     </span>
    </p>
   </div>
   <div class='ocr_carea' id='block_1_117' title="bbox 1830 5615 3415 5688">
    <p class='ocr_par' dir='ltr' id='par_1_117' title="bbox 1830 5615 3415 5688">
     <span class='ocr_line' id='line_1_117' title="bbox 1830 5615 3415 5688; baseline -0.004 -15"><span class='ocrx_word' id='word_1_848' title='bbox 1830 5634 1895 5674; x_wconf 88' lang='lat' dir='ltr'><strong>ac</strong></span> <span class='ocrx_word' id='word_1_849' title='bbox 1937 5619 2058 5674; x_wconf 64' lang='lat' dir='ltr'><strong>vita!</strong></span> <span class='ocrx_word' id='word_1_850' title='bbox 2094 5619 2312 5684; x_wconf 89' lang='lat' dir='ltr'><strong>comite,</strong></span> <span class='ocrx_word' id='word_1_851' title='bbox 2355 5617 2601 5672; x_wconf 90' lang='lat' dir='ltr'><strong>instituit.</strong></span> <span class='ocrx_word' id='word_1_852' title='bbox 2649 5617 2834 5688; x_wconf 86' lang='lat' dir='ltr'><strong>Egerit</strong></span> <span class='ocrx_word' id='word_1_853' title='bbox 2883 5626 3008 5670; x_wconf 91' lang='lat' dir='ltr'><strong>tunc</strong></span> <span class='ocrx_word' id='word_1_854' title='bbox 3053 5615 3415 5681; x_wconf 76' lang='lat' dir='ltr'><strong>Hieronymus</strong></span> 
     </span>
    </p>
   </div>
   <div class='ocr_carea' id='block_1_118' title="bbox 1831 5701 3412 5779">
    <p class='ocr_par' dir='ltr' id='par_1_118' title="bbox 1831 5701 3412 5779">
     <span class='ocr_line' id='line_1_118' title="bbox 1831 5701 3412 5779; baseline -0.004 -17"><span class='ocrx_word' id='word_1_855' title='bbox 1831 5709 2144 5779; x_wconf 84' lang='lat' dir='ltr'><strong>vigesimum</strong></span> <span class='ocrx_word' id='word_1_856' title='bbox 2167 5709 2380 5763; x_wconf 89' lang='lat' dir='ltr'><strong>tertium</strong></span> <span class='ocrx_word' id='word_1_857' title='bbox 2407 5707 2526 5776; x_wconf 91' lang='lat' dir='ltr'><strong>plus</strong></span> <span class='ocrx_word' id='word_1_858' title='bbox 2555 5707 2734 5762; x_wconf 87' lang='lat' dir='ltr'><strong>minus</strong></span> <span class='ocrx_word' id='word_1_859' title='bbox 2755 5703 2926 5760; x_wconf 64' lang='lat' dir='ltr'><strong>aetatis</strong></span> <span class='ocrx_word' id='word_1_860' title='bbox 2946 5717 3165 5764; x_wconf 89' lang='lat' dir='ltr'><strong>annum,</strong></span> <span class='ocrx_word' id='word_1_861' title='bbox 3199 5701 3288 5769; x_wconf 89' lang='lat' dir='ltr'><strong>qui</strong></span> <span class='ocrx_word' id='word_1_862' title='bbox 3321 5717 3412 5756; x_wconf 85' lang='lat' dir='ltr'><strong>re-</strong></span> 
     </span>
    </p>
   </div>
   <div class='ocr_carea' id='block_1_119' title="bbox 1832 5791 3418 5874">
    <p class='ocr_par' dir='ltr' id='par_1_119' title="bbox 1832 5791 3418 5874">
     <span class='ocr_line' id='line_1_119' title="bbox 1832 5791 3418 5874; baseline -0.009 -18"><span class='ocrx_word' id='word_1_863' title='bbox 1832 5809 2030 5874; x_wconf 81' lang='lat' dir='ltr'><strong>parata:</strong></span> <span class='ocrx_word' id='word_1_864' title='bbox 2070 5800 2269 5858; x_wconf 83' lang='lat' dir='ltr'><strong>Salutis</strong></span> <span class='ocrx_word' id='word_1_865' title='bbox 2310 5807 2423 5857; x_wconf 86' lang='lat' dir='ltr'><strong>erat</strong></span> <span class='ocrx_word' id='word_1_866' title='bbox 2465 5797 2866 5853; x_wconf 81' lang='lat' dir='ltr'><strong>trecentesimus</strong></span> <span class='ocrx_word' id='word_1_867' title='bbox 2909 5791 3268 5862; x_wconf 78' lang='lat' dir='ltr'><strong>sexagesimus</strong></span> <span class='ocrx_word' id='word_1_868' title='bbox 3321 5812 3418 5850; x_wconf 77' lang='lat' dir='ltr'><strong>na.</strong></span> 
     </span>
    </p>
   </div>
  </div>
