4004 6328
555 389 624 448 19
1824 387 1880 442 S.
1926 381 2302 442 HIERONUH
2345 386 2553 447 VITA.
3721 349 3724 352 ἢ
3759 393 3832 451 23

549 523 672 565 nus.
691 505 959 577 Colligere
981 505 1084 562 hoc
1115 512 1197 561 est
1224 520 1288 562 ex
1321 505 1598 576 ipsiusmet
1615 501 1920 558 testimonio
1942 501 2034 556 lib.
2056 500 2122 556 I‘l.

547 598 807 654 adversus
837 595 1202 661 .Iovinianum,
1245 596 1337 652 ubi
1379 592 1808 649 adolescentulum
1849 606 1908 647 se
1952 598 2130 656 vocat,

549 707 670 746 cum
702 689 756 746 in
787 689 973 749 CalLis
999 699 1384 761 peregrinatus,
1415 685 1672 757 quosdam
1704 683 1976 745 Attacottis,
2007 700 2134 754 gett-

549 793 647 837 tem
675 781 1024 838 Britannicam
1063 781 1298 836 humanis
1324 779 1453 833 uesci
1477 776 1710 831 carnibus
1741 775 1884 828 vidit.
1927 773 2130 828 Eadem

549 876 723 930 :elatis
760 875 964 930 notatio
991 884 1095 938 est,
1123 887 1243 927 cum
1275 887 1328 924 se
1347 871 1462 936 jam
1490 867 1884 927 adolescentulo,
1917 863 2135 932 Deiphi-

549 966 697 1022 diutn
721 980 907 1020 omnes
929 963 1127 1020 Gallias
1157 977 1316 1040 prosa
1347 974 1610 1028 versuque
1639 958 1937 1011 illustrasse
1959 953 2131 1008 adno.

551 1069 626 1113 tat
651 1076 664 1111 :
689 1073 751 1112 ea
777 1056 1022 1116 nimirum
1045 1054 1111 1109 de
1133 1068 1344 1116 caussa,
1368 1050 1508 1122 quod
1532 1050 1757 1120 ipsemet
1780 1047 1832 1102 in
1862 1045 2050 1102 Galliis
2072 1059 2133 1101 ea

551 1157 870 1219 tempestate
896 1154 1095 1216 ageret.

627 1240 690 1296 II.
716 1240 856 1295 Nihil
874 1253 1034 1308 porro
1053 1245 1160 1290 tam
1173 1245 1253 1290 cst
1267 1233 1590 1291 verositnile.
1609 1247 1766 1293 quam
1781 1240 1838 1284 ιιι
1858 1230 2022 1283 Roma
2036 1229 2138 1285 dis-

553 1331 773 1395 cedens,
799 1329 1103 1384 Stridonem
1129 1327 1296 1393 primo
1321 1326 1655 1392 remigraret,
1682 1322 1824 1376 unde
1841 1330 1893 1376 et
1914 1331 2056 1376 recta
2085 1321 2136 1374 in

556 1422 754 1476 Gallias
777 1420 1122 1484 contendere,
1146 1429 1200 1472 et
1225 1421 1274 1470 itt
1303 1429 1519 1486 paterna
1542 1416 1704 1470 domo
1723 1423 1901 1483 posset
1927 1411 2139 1482 longin-

553 1514 758 1584 quioris
781 1509 1230 1582 peregrinationis
1249 1517 1494 1578 sumptus
1519 1521 1720 1575 parare.
1738 1503 1841 1560 Sed
1862 1504 1914 1558 in
1949 1503 2135 1571 patria,

553 1623 674 1675 qua:
713 1605 778 1659 ad
820 1603 1090 1676 ingenium
1135 1615 1240 1656 non
1273 1608 1408 1664 erat,
1452 1615 1638 1669 parum
1680 1597 1829 1651 stetit
1886 1594 2137 1650 Proxime

554 1700 763 1764 aberat,
814 1707 871 1752 ut
909 1696 1041 1766 Cap.
1089 1693 1125 1752 Ι.
1169 1695 1522 1758 ostendimus,
1567 1690 1819 1746 Stridone
1859 1689 2135 1760 Aquileia:

555 1803 670 1845 erat
704 1792 815 1844 luee
839 1791 998 1844 etiam
1029 1789 1154 1843 urbs
1177 1789 1346 1842 multo
1383 1786 1731 1846 nobilissima,
1762 1792 1817 1839 et
1843 1783 1982 1853 qttod
2015 1783 2140 1837 llic-

556 1897 838 1955 ronymum
863 1881 1031 1951 magis
1055 1880 1312 1945 alliceret,
1335 1893 1400 1934 ac
1422 1878 1705 1940 detineret,
1726 1877 1923 1930 sanctis
1944 1873 2142 1927 doctis.

555 1992 658 2045 que
684 1974 834 2039 vitis,
866 1973 1098 2028 maxime
1125 1971 1216 2042 qui
1243 1972 1295 2030 in
1337 1969 1693 2026 celeberrimo
1721 1968 1793 2022 ibi
1821 1965 2143 2021 .Houasterio

558 2065 933 2131 versabantur,
953 2063 1278 2129 abundabat,
1302 2077 1528 2134 quorum
1555 2061 1778 2116 illustria
1805 2059 1981 2113 adhuc
2005 2059 2143 2113 inter

560 2158 872 2230 Hieronymi
919 2157 1121 2213 amicos
1156 2156 1368 2212 nomina
1410 2155 1572 2210 mttlta
1614 2163 1892 2224 superant.
1938 2153 2012 2206 Ex
2062 2151 2144 2205 ltis

558 2264 695 2304 unus
715 2259 826 2304 erat
848 2249 1115 2314 Bullinus,
1145 2248 1297 2318 cujus
1325 2248 1394 2301 ob
1417 2246 1611 2317 ingenii
1638 2245 1865 2300 fortasse
1885 2254 2145 2314 prtestan-

559 2343 686 2398 tiam
717 2358 877 2415 supra
909 2351 1137 2399 ca-teros
1160 2340 1550 2397 consuetudine
1572 2339 1768 2410 smpins
1795 2346 2057 2400 uteretur,
2091 2344 2141 2390 ct

558 2452 792 2506 quocum
834 2436 901 2492 de
942 2436 1133 2492 studiis
1160 2435 1320 2491 verba
1356 2435 1643 2491 conferret.
1675 2435 1728 2489 In
1755 2433 1896 2488 hunc
1927 2445 2146 2486 sensum

559 2529 771 2584 videtur
819 2539 937 2600 post
977 2530 1181 2600 aliquot
1219 2546 1388 2584 annos
1436 2529 1504 2584 ad
1555 2545 1677 2584 cttttt
1723 2527 1966 2581 scribens
2016 2524 2142 2592 Epi-

559 2621 684 2676 stol.
708 2619 797 2676 HI.
827 2621 1045 2685 dixisse,
1074 2621 1239 2695 Quam
1268 2622 1402 2676 illud
1428 2639 1503 2685 os,
1533 2621 1670 2689 quod
1691 2634 1883 2672 mecum
1906 2618 1980 2670 vel
2007 2631 2146 2669 erra-

561 2713 630 2768 uit
655 2713 931 2785 aliquando
954 2731 974 2781 ;
1003 2715 1080 2769 uel
1107 2715 1298 2784 sapuit,
1332 2714 1592 2784 impressis
1617 2713 1823 2784 ﬁget-em
1853 2708 2044 2763 labiis?
2071 2708 2148 2762 Ex

567 2807 672 2866 hoc
704 2819 852 2862 certe
877 2807 1105 2876 primum
1130 2817 1371 2875 tempore
1396 2805 1733 2859 innotescere
1766 2801 2150 2873 Hieronymum

562 2902 706 2956 inter
736 2909 789 2956 et
821 2899 1090 2954 Bullinum
1133 2899 1365 2954 amicitia
1407 2896 1623 2970 incepit,
1672 2909 1771 2950 nec
1805 2909 1902 2964 par
1929 2893 2151 2949 credere

563 3004 667 3059 est,
703 3006 798 3048 eos
827 2991 954 3047 alibi
991 3006 1152 3062 quam
1194 2989 1454 3060 Aquileia:
1503 2988 1667 3058 prima
1713 2996 1842 3041 usos
1880 2983 2153 3039 familiari-

565 3095 703 3150 tate;
734 3099 846 3139 rem
871 3082 1013 3138 enim
1042 3083 1195 3153 plane
1230 3096 1422 3135 novam
1452 3079 1655 3141 dicunt,
1687 3087 1740 3132 et
1765 3077 1918 3148 cujus
1947 3075 2150 3130 nullum

566 3177 621 3232 in
649 3174 960 3248 Hieronymi
1001 3173 1235 3243 scriptis,
1282 3181 1337 3228 et
1377 3186 1554 3228 rerum
1601 3169 1741 3225 serie
1781 3175 2152 3240 argumentum

567 3268 807 3338 reperire
845 3277 948 3332 est,
979 3266 1071 3337 qui
1111 3266 1294 3320 liomze
1330 3278 1426 3320 eos
1469 3261 1636 3318 multo
1677 3260 1882 3334 pridem
1910 3259 2154 3332 junxisse

568 3359 852 3424 amicitias,
875 3357 1078 3412 volunt.

647 3450 734 3511 Ill.
775 3451 1121 3521 Compertum
1151 3449 1276 3504 hinc
1306 3457 1408 3512 est,
1452 3462 1556 3502 non
1595 3448 1664 3502 ita
1701 3445 1892 3517 exiguo
1913 3452 2155 3514 tempore

572 3543 958 3614 Hieronymum
1001 3541 1259 3613 Aquileia:
1303 3540 1626 3594 substitisse.
1675 3537 1870 3594 Verum
1899 3551 2004 3591 non
2039 3550 2156 3606 per-

575 3633 818 3690 mittebat
854 3633 1047 3692 insitus
1075 3632 1313 3688 discendi
1335 3632 1515 3695 ardor,
1545 3631 1982 3698 celebrioresque
2018 3627 2156 3697 apud

573 3733 784 3783 exteras
807 3726 1050 3780 nationes
1070 3724 1329 3780 doctrinae
1353 3722 1506 3777 laude
1530 3723 1672 3777 viros
1693 3721 1925 3776 adeundi
1946 3718 2158 3774 deside-

576 3820 736 3886 rium,
766 3828 822 3875 ut
849 3817 1049 3874 diutius
1069 3817 1143 3875 ibi
1163 3818 1501 3874 consisteret.
1527 3815 1766 3887 Arripuit
1789 3817 1966 3884 itaque
1989 3814 2088 3868 iter
2105 3815 2157 3870 itt

575 3911 799 3979 Gallias,
822 3927 996 3983 neque
1018 3926 1177 3966 unam
1212 3911 1372 3966 modo
1393 3918 1484 3965 aut
1511 3910 1733 3964 alteram
1758 3924 1820 3964 es
1849 3909 1928 3963 Itis
1957 3907 2157 3975 invisit,

577 4002 672 4058 sed
698 4016 908 4070 omnes,
944 4000 1118 4074 quoad
1153 4002 1269 4073 ejus
1292 4002 1460 4068 licuit,
1500 4001 1792 4057 Galliarum
1822 4015 1947 4055 oras
1985 3999 2163 4068 perlu-

577 4093 788 4159 stravit,
815 4102 871 4153 ut
891 4110 956 4150 ex
979 4095 1224 4151 onmibus
1251 4095 1422 4152 doctis
1442 4095 1587 4157 viris.
1607 4104 1661 4150 et
1687 4094 2023 4150 bibliothecis
2044 4096 2163 4148 the-

580 4199 796 4238 saurunt
818 4185 920 4242 sibi
939 4186 1179 4241 scientia:
1197 4195 1547 4264 compararet.
1574 4185 1629 4240 id
1652 4201 1716 4241 ex
1740 4201 1805 4240 eo
1829 4186 2162 4255 potissimmn

580 4287 824 4344 ap,>aret,
847 4277 988 4347 quod
1020 4277 1259 4332 iocorum
1288 4293 1381 4347 per
1411 4289 1590 4348 partes
1619 4294 1722 4332 non
1756 4293 1896 4341 raro,
1923 4293 2023 4332 nec
2047 4277 2164 4333 sine

584 4368 838 4436 peculiari
891 4369 1055 4425 animi
1095 4368 1286 4425 affectu
1335 4335 1662 4434 rcco.rdatur,
1714 4369 2162 4439 quemadmodum

587 4459 992 4537 EpistLXXlll.
1012 4461 1078 4516 ad
1095 4462 1468 4533 Ageruchiam,
1491 4463 1575 4514 ubi
1599 4461 1996 4530 Quittqut‘ttintcr
2015 4461 2167 4541 .llpes

584 4563 630 4614 et
658 4551 962 4627 Pyrettteum
984 4563 1078 4622 est,
1105 4554 1242 4624 quod
1274 4554 1476 4608 Oceano
1499 4563 1546 4607 et
1574 4551 1752 4606 Rheno
1775 4553 2052 4606 includitur
2081 4555 2165 4606 di-

587 4655 801 4716 reptum
823 4664 850 4700 a
881 4648 1129 4705 Barbaris
1152 4650 1405 4704 miserum
1430 4647 1482 4702 in
1515 4647 1727 4702 modum
1756 4648 1920 4702 dolet.
1957 4647 2170 4718 .lluguu-

587 4738 804 4804 tiacunt,
852 4739 1040 4810 inquit,
1091 4741 1271 4794 nobilis
1314 4740 1565 4811 quondam
1605 4741 1776 4793 civitas
1829 4751 1979 4808 capta
2019 4751 2170 4808 utque

583 4828 821 4884 subversa
854 4840 946 4896 est,
974 4842 1020 4884 et
1051 4832 1102 4885 itt
1130 4831 1361 4887 Ecclesia
1387 4835 1545 4887 multa
1575 4832 1834 4885 hominum
1866 4832 2026 4884 millia
2058 4842 2168 4885 tru-

586 4923 778 4978 cidata.
839 4922 1124 4995 Vangiones
1182 4925 1333 4995 longa
1376 4925 1638 4979 obsidione
1675 4924 1844 4979 deleti.
1897 4923 2170 4979 Remorum

587 5014 708 5069 urbs
743 5024 1029 5086 prwpotens
1069 5015 1325 5076 Ambiani.
1359 5016 1628 5077 .itrcbatce,
1661 5016 1969 5085 extremique
2004 5016 2171 5071 homi-

589 5123 710 5160 num
743 5106 954 5172 Morini,
985 5107 1263 5173 Tomacus,
1321 5107 1570 5173 Neutetc,
1601 5108 1962 5181 Argentoratus
2005 5119 2170 5162 trans-

591 5198 684 5250 lati
721 5199 770 5252 itt
801 5197 1145 5254 Germaniam.
1187 5200 1488 5268 Aquitanica,
1518 5199 1811 5269 Novetttque
1838 5203 2167 5274 papttlorutn,

591 5290 946 5361 Lugdunensis
984 5302 1030 5345 et
1073 5290 1416 5349 Narbonensis
1459 5296 1733 5366 provincia:
1758 5304 1941 5363 prater
1981 5311 2171 5364 paucas

589 5383 736 5438 urbes
782 5385 1026 5454 papulutu
1064 5395 1181 5437 sunt
1221 5396 1422 5453 cuncta,
1466 5405 1594 5456 quas
1635 5399 1680 5441 et
1723 5389 1860 5456 ipsas
1891 5390 2018 5460 foris
2059 5389 2172 5461 gla-

589 5478 703 5529 dius
723 5518 738 5542 ,
769 5477 901 5530 intus
930 5487 1087 5530 vastat
1113 5477 1289 5546 futues.
1323 5477 1444 5533 Non
1474 5497 1678 5548 possunt
1715 5483 1902 5552 absque
1930 5483 2173 5554 lacrymis

589 5567 794 5623 Tolosa:
815 5571 983 5640 facere
1012 5570 1352 5630 mentionem;
1395 5587 1508 5641 qua:
1540 5585 1592 5626 ut
1615 5573 1867 5641 hucusque
1909 5591 2011 5628 non
2042 5561 2170 5628 ruc-

591 5669 685 5718 rct.
731 5659 793 5715 S.
843 5658 1085 5732 Episwpi
1138 5659 1383 5730 Erupcrii
1436 5665 1612 5718 merita
1660 5665 2016 5736 prazstiterunt.
2065 5662 2171 5718 Sed

591 5752 789 5807 nullam
829 5752 1037 5808 videtur
1077 5770 1144 5809 ex
1191 5755 1335 5810 onmi
1380 5754 1671 5812 Galliarum
1719 5757 1937 5827 regione
1973 5756 2173 5810 diutius

589 5843 873 5902 incoluisse
913 5861 1070 5920 quam
1101 5846 1368 5906 Treviros.
1416 5849 1645 5908 Peltcrat
1688 5851 1932 5908 Rul‘t'utus
1973 5849 2039 5904 ab
2078 5864 2164 5917 ε),

2243 516 2365 558 eum
2387 501 2495 573 jant
2516 501 2626 574 jam
2655 505 3100 576 proﬁcisceretur,
3132 519 3189 563 ut
3216 508 3272 565 S.
3313 508 3500 566 Hilarii
3526 509 3696 565 libros
3727 511 3827 566 sibi

2241 597 2570 652 exseriberet
2602 617 2615 654 :
2644 600 2785 670 quod
2814 601 2927 670 ipse
2951 617 3070 656 cutn
3094 601 3344 667 Tregiros
3372 603 3634 666 venisset,
3670 617 3828 672 «gre-

2241 689 2324 760 gie
2353 699 2658 759 persecutus
2688 701 2791 758 est,
2825 704 2986 763 utque
3020 693 3112 760 ait,
3150 694 3490 762 postmodum
3523 693 3704 763 Epist.
3738 693 3826 750 Vl.

2241 781 2306 836 ad
2341 781 2666 837 Florentium
2707 784 2965 849 scribens,
2999 783 3270 839 Prolixum
3308 786 3456 840 valde
3484 786 3549 839 de
3595 786 3829 855 Synodts

2242 872 2424 926 librum
2458 873 2520 928 S.
2570 873 2778 940 Hilarii,
2821 877 2867 928 ei
2914 875 3174 947 (Rttmno)
3214 876 3355 946 apud
3388 875 3623 932 Treviros
3673 893 3829 931 manu

2243 980 2353 1016 utea
2395 965 2503 1034 ipse
2533 964 2918 1036 descripseram.
2953 967 3018 1022 Et
3061 982 3190 1023 sane
3233 968 3451 1039 scriptio
3491 969 3581 1022 illa
3627 968 3831 1025 codicis

2243 1054 2500 1110 Hilariani
2537 1073 2640 1110 non
2667 1057 2742 1112 ita
2773 1057 2926 1114 brevi
2941 1058 3132 1114 cnnlici
3159 1060 3350 1128 potuit.
3381 1060 3465 1115 Ad
3503 1061 3619 1114 haec
3641 1061 3832 1116 Trevi-

2245 1153 2478 1205 rensium
2507 1149 2700 1205 idioma
2731 1151 2893 1220 probe
2931 1167 2990 1207 se
3018 1153 3267 1208 calluisse
3297 1152 3500 1207 indicat
3545 1155 3600 1208 in
3638 1153 3829 1209 I‘rouz~

2245 1241 2354 1295 ntio
2381 1243 2597 1296 sccnndi
2632 1241 2752 1297 libri
2788 1243 3312 1299 Commentariorum
3354 1245 3406 1299 in
3438 1245 3742 1314 Epistolant
3768 1245 3834 1300 ad

2244 1332 2478 1400 Galatas,
2511 1335 2597 1388 ubi
2631 1334 2750 1402 hos,
2782 1346 3008 1406 excepto
3046 1351 3295 1394 sermone
3321 1338 3532 1404 erco,
3559 1339 3835 1408 pr0priam

2245 1425 2371 1480 dicit
2396 1427 2626 1495 linguam
2656 1427 2903 1481 habuisse
2919 1437 3076 1494 atque
3101 1429 3345 1483 eamdem
3374 1444 3514 1501 pene
3536 1430 3689 1485 illam
3716 1443 3837 1485 esse

2245 1532 2404 1585 quam
2434 1519 2484 1571 itt
2513 1518 2684 1573 Gallia
2709 1518 3071 1574 Treverenses
3098 1521 3392 1575 haberent:
3427 1523 3477 1576 id
3509 1523 3654 1593 quod
3678 1536 3837 1579 nosse

2248 1617 2354 1662 tam
2401 1608 2557 1674 bene,
2601 1618 2657 1664 ut
2703 1611 2898 1681 prodit,
2953 1610 3094 1666 haud
3137 1622 3284 1668 certe
3334 1615 3528 1686 exiguo
3571 1615 3834 1683 temporis

2247 1701 2418 1770 spatio
2448 1702 2637 1770 potuit.
2683 1703 2832 1757 Alias
2873 1704 3034 1759 etiam
3082 1720 3202 1760 cum
3236 1706 3688 1777 peregrinationis
3726 1721 3835 1761 sua:

2248 1809 2348 1847 uua
2377 1809 2498 1848 cum
2528 1794 2740 1850 Bonoso
2783 1798 3164 1865 reminiscitur,
3196 1816 3317 1854 eum
3367 1801 3547 1855 statim
3600 1811 3830 1856 tractum

2248 1884 2479 1954 regionis
2502 1887 2757 1951 nominat,
2790 1886 2978 1954 Rheni,
3005 1890 3226 1954 scilicet,
3258 1891 3630 1945 setnibarbaras
3673 1894 3833 1962 ripas,

2247 1980 2313 2035 ad
2343 1995 2474 2050 quas
2509 1997 2690 2035 secum
2722 1980 2813 2037 illo
2855 1991 2962 2051 post
3006 1982 3237 2037 Romana
3275 1984 3443 2038 studia
3481 1985 3658 2038 eodem
3704 1987 3834 2051 cibo,

2249 2073 2361 2142 pari
2401 2073 2653 2142 frueretur
2690 2073 2908 2140 hospitio
2936 2071 3127 2143 (Epist.
3152 2072 3294 2144 Ill).
3340 2075 3578 2144 Denique
3618 2075 3694 2130 ibi
3728 2079 3835 2146 pri-

2250 2180 2362 2216 mus
2405 2163 2519 2234 ipse
2556 2164 2702 2234 carpit
2741 2163 2868 2218 velle
2908 2163 3072 2218 Deum
3117 2165 3278 2220 colere
3312 2164 3522 2236 (ibid),
3549 2167 3599 2222 id
3633 2177 3737 2232 est,
3771 2169 3838 2223 de

2251 2254 2480 2309 ineunda
2522 2269 2675 2309 nova:
2706 2254 2841 2310 Vita:
2871 2257 3098 2322 ratione,
3144 2272 3210 2312 ac
3251 2257 3323 2313 de
3348 2258 3703 2327 ingredienda
3731 2259 3839 2313 lor-

2253 2347 2408 2401 tassis
2429 2346 2586 2400 etiam
2611 2346 2895 2402 solitudine
2920 2346 3240 2414 deliberare,
3266 2360 3320 2404 et
3348 2349 3585 2417 Bonoso,
3611 2359 3670 2405 ut
3697 2349 3839 2408 idem

2253 2439 2552 2494 institutum
2580 2439 2862 2510 arriperet,
2895 2447 3083 2494 auctor
3107 2455 3246 2495 esse.

2879 2614 3103 2671 CAPUT
3145 2558 3204 2668 V'.

2253 2748 2294 2804 Ι.
2354 2749 2398 2804 Ε
2458 2749 2629 2804 Gallia
2680 2747 2973 2806 Stt‘idouem
3036 2751 3351 2818 regreditur,
3414 2762 3459 2805 et
3532 2751 3839 2819 Aquileiam.

2327 2843 2389 2898 Il.
2438 2842 2624 2898 Scribit
2673 2842 2956 2913 Epistulam
3003 2847 3070 2898 att
3114 2841 3469 2900 Innocentium
3526 2844 3593 2900 de
3637 2846 3848 2901 muliere

2325 2939 2506 3010 septies
2546 2953 2806 3008 percussa.

2329 3073 2368 3128 1.
2388 3071 2538 3140 Quod
2550 3071 2728 3127 animo
2744 3081 2979 3143 eruperat
2992 3070 3206 3128 Christo
3219 3071 3486 3128 serviendi
3509 3075 3846 3144 propositum

2257 3167 2310 3224 in
2351 3166 2571 3235 Galliis,
2622 3175 2681 3221 ut
2707 3181 2868 3238 opere
2907 3167 3225 3236 quantocius
3253 3167 3590 3236 compleret,
3642 3167 3844 3224 Italiam

2255 3261 2360 3316 sibi
2410 3268 2464 3316 et
2513 3259 2740 3330 patriam
2791 3257 3141 3329 repetendam
3199 3257 3482 3313 intellexit.
3541 3258 3660 3315 Non
3704 3261 3845 3331 quod

2257 3354 2416 3409 vellet
2446 3352 2498 3407 itt
2548 3361 2768 3422 paterna
2796 3349 2997 3417 domo,
3049 3351 3189 3405 inter
3232 3361 3487 3422 cognatos
3527 3361 3583 3407 et
3623 3353 3846 3423 propin-

2258 3459 2394 3515 quos
2440 3443 2761 3499 Monachum
2811 3442 3048 3513 proliteri
3094 3442 3291 3516 (Epist.
3320 3443 3483 3514 XV);
3525 3459 3651 3498 cum
3698 3461 3765 3500 nc
3797 3445 3846 3500 in

2259 3538 2479 3594 urbibus
2505 3537 2719 3608 quidem
2750 3552 2870 3592 esse
2894 3536 3206 3605 Monachus,
3235 3552 3390 3608 a'quo
3417 3537 3602 3593 animo
3629 3550 3848 3608 patere-

2260 3639 2380 3696 tur;
2403 3629 2663 3698 sedquod
2693 3630 2768 3685 rei
2797 3629 3079 3684 familiaris
3100 3671 3115 3696 ,
3149 3631 3353 3684 sororis
3385 3631 3511 3686 item
3537 3672 3552 3696 ,
3587 3642 3638 3686 et
3671 3631 3850 3686 fratris

2262 3721 2561 3778 Pauliniani
2591 3762 2606 3785 ,
2652 3721 2740 3791 qui
2773 3721 2977 3792 primos
3009 3731 3134 3776 tunc
3161 3737 3332 3775 annos
3364 3720 3604 3776 infantia:
3644 3733 3848 3793 ageret,

2261 3829 2387 3870 cura
2429 3815 2615 3869 nescio
2661 3829 2778 3884 qua:
2831 3815 2931 3870 sibi
2963 3814 3322 3870 incumberet.
3357 3815 3517 3869 Certe
3559 3818 3851 3885 quominus

2265 3909 2597 3980 propositum
2627 3908 2756 3963 illttd
2790 3909 2967 3962 statim
3002 3908 3305 3978 perliceret,
3335 3908 3590 3962 ιιυιιιιιιηι
3626 3910 3852 3980 impedi-

2265 4011 2447 4058 tnento
2469 4000 2642 4067 fuere,
2661 4015 2780 4076 qua:
2811 3999 2926 4068 ip-e
2946 3998 3217 4054 Christum
3247 3999 3541 4068 adloquens
3565 3999 3742 4068 Epist.
3767 3999 3851 4055 Ill.

2264 4098 2329 4151 ad
2375 4094 2684 4161 Bullinum,
2725 4094 2906 4149 verbis
2953 4095 3092 4157 illis,
3123 4095 3242 4161 quia
3272 4095 3486 4162 implere
3534 4113 3638 4150 non
3675 4099 3852 4166 potui,

2265 4195 2505 4242 excusat.
2530 4186 2778 4242 Substitit
2801 4186 3024 4255 proinde
3053 4186 3104 4240 in
3138 4187 3326 4256 patria,
3356 4201 3450 4241 seu
3494 4186 3674 4257 potius
3699 4189 3857 4257 Aqui-

2269 4277 2388 4332 leiae
2422 4285 2642 4347 propter
2672 4277 2772 4332 loci
2806 4275 3076 4341 viciniam,
3113 4285 3166 4331 et
3207 4277 3500 4331 amicorum
3545 4279 3600 4331 in
3629 4294 3693 4333 ea
3723 4295 3856 4334 con-

2268 4368 2605 4424 suetudinem
2631 4385 2645 4436 ;
2676 4384 2797 4423 nam
2825 4379 2878 4424 et
2910 4368 3161 4423 videntur
3189 4384 3253 4422 eo
3281 4368 3563 4425 referenda
3589 4373 3856 4441 pra-ciptta

2270 4461 2620 4515 amicitiarum
2652 4460 2768 4529 ejus
2788 4476 2908 4514 cum
2941 4461 3239 4524 Valeriano,
3271 4459 3604 4528 Chromatio,
3631 4460 3854 4525 J‘OViIm,

2274 4554 2525 4620 Eusebio,
2551 4553 2786 4618 Juliano,
2815 4553 3013 4616 Nicma,
3043 4553 3411 4624 Chrysogono,
3439 4553 3676 4621 nulline,
3702 4568 3862 4627 atque

2271 4645 2411 4710 aliis,
2443 4662 2561 4717 qua:
2599 4655 2654 4700 et
2681 4662 2843 4716 supra
2873 4646 3240 4701 recensuimtts
3266 4646 3531 4716 exempla.
3579 4646 3688 4701 Per
3720 4649 3859 4701 idem

2274 4750 2503 4810 tempus,
2537 4739 2650 4796 sive
2675 4741 2835 4794 etiam
2863 4781 2876 4804 ,
2907 4740 2952 4793 si
2985 4739 3169 4804 mavis,
3203 4740 3256 4793 in
3300 4739 3492 4794 itinere
3521 4739 3587 4793 ad
3619 4739 3822 4796 Gallias
3845 4784 3858 4804 ,

2273 4832 2602 4898 C0neordize,
2635 4831 2776 4903 quod
2827 4842 2910 4887 est
2941 4832 3226 4902 Aquileire,
3277 4832 3435 4902 (nan,
3484 4841 3542 4887 ut
3590 4833 3864 4888 Victorius

2276 4935 2459 4996 putat,
2513 4926 2656 4981 aliud
2704 4923 3017 4979 Mirandnlte
3064 4924 3299 4978 vicinum
3346 4923 3624 4993 oppidum)
3677 4941 3862 4980 senem

2276 5018 2498 5074 Paulum
2531 5017 2782 5088 cOgnovit
2823 5023 2982 5086 atque
3028 5014 3259 5068 amicum
3307 5015 3408 5070 sibi
3435 5015 3649 5085 jnnxit,
3695 5032 3865 5070 annos

2277 5109 2562 5165 habentem
2620 5117 2869 5172 centum,
2921 5113 2978 5160 et
3028 5105 3117 5175 qui
3165 5105 3222 5160 S.
3273 5105 3526 5178 Cypriani
3585 5107 3862 5161 Notarium

2276 5203 2462 5258 Romae
2495 5209 2842 5256 traetaverat.
2890 5196 3026 5252 Sunt
3075 5198 3236 5252 etiam
3289 5197 3380 5268 qui
3429 5213 3552 5253 eum
3607 5199 3864 5266 tradunt,

2277 5296 2413 5351 inter
2440 5292 2728 5348 Monachus
2756 5287 3150 5358 Aquileienses,
3183 5289 3297 5343 sive
3327 5289 3415 5361 qui
3444 5291 3544 5345 sub
3577 5289 3865 5346 Valeriano

2276 5385 2542 5455 Episcopo
2593 5381 2658 5436 :td
2707 5377 3084 5435 Monacborum
3132 5379 3301 5434 instar
3347 5381 3506 5435 vitam
3552 5381 3862 5452 degebant,

2276 5493 2472 5533 nomen
2503 5473 2738 5545 proliteri
2768 5486 2921 5526 suum
2949 5471 3200 5525 voluisse.
3229 5470 3336 5526 Sed
3369 5486 3544 5541 neque
3580 5472 3688 5526 hoc
3715 5473 3867 5528 certo

2277 5570 2456 5638 aliquo
2505 5564 2810 5621 testimonio
2852 5571 3098 5626 constat,
3147 5579 3322 5633 neque
3367 5578 3432 5618 ex
3464 5579 3529 5618 co
3572 5565 3696 5619 loco
3743 5567 3869 5620 licet

2277 5659 2565 5728 colligere,
2621 5671 2778 5726 quem
2831 5655 2883 5710 in
2935 5669 3054 5709 eam
3113 5669 3226 5708 rem
3280 5653 3502 5708 laudant
3562 5671 3631 5710 cx
3690 5655 3862 5726 Ep‘st.

2279 5747 2537 5808 LXXXII.
2594 5748 2659 5801 ad
2707 5745 3062 5816 Teophilum.
3110 5744 3197 5798 ubi
3239 5759 3299 5799 se
3340 5745 3416 5798 ait
3455 5743 3515 5799 S.
3550 5745 3744 5813 Pater,
3790 5747 3866 5799 Ab

2281 5840 2616 5898 adolescentia
2647 5841 2696 5893 in
2730 5836 3028 5895 :‘lonastcrit'
3067 5835 3295 5890 clausum
3336 5834 3534 5890 cellulis
3563 5839 3726 5909 magis
3758 5854 3864 5894 csse
