  <div class='ocr_page' id='page_1' title='image "/cluster/home/n/w/nwhite01/storage/ocr_20150623/22/hvd.32044015471378/062.png"; bbox 0 0 4004 6328; ppageno 0'>
   <div class='ocr_carea' id='block_1_1' title="bbox 262 362 2208 457">
    <p class='ocr_par' dir='ltr' id='par_1_1' title="bbox 262 362 2208 457">
     <span class='ocr_line' id='line_1_1' title="bbox 262 362 2208 457; baseline -0.014 -15"><span class='ocrx_word' id='word_1_1' title='bbox 262 386 318 442; x_wconf 73' lang='grc'><strong>21</strong></span> <span class='ocrx_word' id='word_1_2' title='bbox 1427 419 1444 428; x_wconf 83' lang='lat'><strong>-</strong></span> <span class='ocrx_word' id='word_1_3' title='bbox 1515 371 1573 426; x_wconf 89' lang='lat' dir='ltr'><strong>S.</strong></span> <span class='ocrx_word' id='word_1_4' title='bbox 1611 363 1990 457; x_wconf 73' lang='lat' dir='ltr'><strong>HlERONYMl</strong></span> <span class='ocrx_word' id='word_1_5' title='bbox 2030 362 2208 418; x_wconf 70' lang='lat' dir='ltr'><strong>VITA.</strong></span> 
     </span>
    </p>
   </div>
   <div class='ocr_carea' id='block_1_2' title="bbox 264 478 1807 562">
    <p class='ocr_par' dir='ltr' id='par_1_2' title="bbox 264 478 1807 562">
     <span class='ocr_line' id='line_1_2' title="bbox 264 478 1807 562; baseline -0.014 -7"><span class='ocrx_word' id='word_1_6' title='bbox 264 497 462 555; x_wconf 75' lang='lat' dir='ltr'><strong>soluisse</strong></span> <span class='ocrx_word' id='word_1_7' title='bbox 507 492 702 561; x_wconf 77' lang='lat' dir='ltr'><strong>aliquid</strong></span> <span class='ocrx_word' id='word_1_8' title='bbox 720 507 868 562; x_wconf 83' lang='lat' dir='ltr'><strong>quant</strong></span> <span class='ocrx_word' id='word_1_9' title='bbox 899 487 1069 544; x_wconf 71' lang='lat' dir='ltr'><strong>videri.</strong></span> <span class='ocrx_word' id='word_1_10' title='bbox 1096 485 1328 542; x_wconf 84' lang='lat' dir='ltr'><strong>Omnino</strong></span> <span class='ocrx_word' id='word_1_11' title='bbox 1353 483 1497 539; x_wconf 90' lang='lat' dir='ltr'><strong>enim</strong></span> <span class='ocrx_word' id='word_1_12' title='bbox 1528 481 1596 536; x_wconf 91' lang='lat' dir='ltr'><strong>de</strong></span> <span class='ocrx_word' id='word_1_13' title='bbox 1637 478 1807 550; x_wconf 68' lang='lat' dir='ltr'><strong>Syriae</strong></span> 
     </span>
    </p>
   </div>
   <div class='ocr_carea' id='block_1_3' title="bbox 263 570 1815 656">
    <p class='ocr_par' dir='ltr' id='par_1_3' title="bbox 263 570 1815 656">
     <span class='ocr_line' id='line_1_3' title="bbox 263 570 1815 656; baseline -0.013 -9"><span class='ocrx_word' id='word_1_14' title='bbox 263 570 570 650; x_wconf 88' lang='lat' dir='ltr'><strong>solitudine,</strong></span> <span class='ocrx_word' id='word_1_15' title='bbox 600 601 758 656; x_wconf 87' lang='lat' dir='ltr'><strong>quam</strong></span> <span class='ocrx_word' id='word_1_16' title='bbox 796 582 1108 638; x_wconf 76' lang='lat' dir='ltr'><strong>adolescens</strong></span> <span class='ocrx_word' id='word_1_17' title='bbox 1151 579 1325 634; x_wconf 89' lang='lat' dir='ltr'><strong>adhuc</strong></span> <span class='ocrx_word' id='word_1_18' title='bbox 1367 577 1559 640; x_wconf 87' lang='lat' dir='ltr'><strong>inivit,</strong></span> <span class='ocrx_word' id='word_1_19' title='bbox 1609 587 1716 628; x_wconf 89' lang='lat' dir='ltr'><strong>non</strong></span> <span class='ocrx_word' id='word_1_20' title='bbox 1745 571 1815 628; x_wconf 87' lang='lat' dir='ltr'><strong>de</strong></span> 
     </span>
    </p>
   </div>
   <div class='ocr_carea' id='block_1_4' title="bbox 262 665 1816 753">
    <p class='ocr_par' dir='ltr' id='par_1_4' title="bbox 262 665 1816 753">
     <span class='ocr_line' id='line_1_4' title="bbox 262 665 1816 753; baseline -0.014 -14"><span class='ocrx_word' id='word_1_21' title='bbox 262 679 572 753; x_wconf 82' lang='lat' dir='ltr'><strong>Aquileiensi</strong></span> <span class='ocrx_word' id='word_1_22' title='bbox 605 676 926 732; x_wconf 78' lang='lat' dir='ltr'><strong>Monasterio</strong></span> <span class='ocrx_word' id='word_1_23' title='bbox 965 683 1047 730; x_wconf 91' lang='lat' dir='ltr'><strong>est</strong></span> <span class='ocrx_word' id='word_1_24' title='bbox 1091 669 1490 740; x_wconf 86' lang='lat' dir='ltr'><strong>intelligendus.</strong></span> <span class='ocrx_word' id='word_1_25' title='bbox 1537 665 1816 721; x_wconf 84' lang='lat' dir='ltr'><strong>Falluntur</strong></span> 
     </span>
    </p>
   </div>
   <div class='ocr_carea' id='block_1_5' title="bbox 259 753 1814 838">
    <p class='ocr_par' dir='ltr' id='par_1_5' title="bbox 259 753 1814 838">
     <span class='ocr_line' id='line_1_5' title="bbox 259 753 1814 838; baseline -0.014 -9"><span class='ocrx_word' id='word_1_26' title='bbox 259 783 418 829; x_wconf 79' lang='lat' dir='ltr'><strong>autem</strong></span> <span class='ocrx_word' id='word_1_27' title='bbox 456 784 522 826; x_wconf 86' lang='lat' dir='ltr'><strong>eo</strong></span> <span class='ocrx_word' id='word_1_28' title='bbox 565 769 770 838; x_wconf 84' lang='lat' dir='ltr'><strong>magis,</strong></span> <span class='ocrx_word' id='word_1_29' title='bbox 801 781 864 822; x_wconf 86' lang='lat' dir='ltr'><strong>ac</strong></span> <span class='ocrx_word' id='word_1_30' title='bbox 906 766 1028 820; x_wconf 70' lang='lat' dir='ltr'><strong>vitae</strong></span> <span class='ocrx_word' id='word_1_31' title='bbox 1055 761 1482 832; x_wconf 74' lang='lat' dir='ltr'><strong>Hieronymianze</strong></span> <span class='ocrx_word' id='word_1_32' title='bbox 1507 757 1700 812; x_wconf 89' lang='lat' dir='ltr'><strong>seriem</strong></span> <span class='ocrx_word' id='word_1_33' title='bbox 1728 753 1814 818; x_wconf 80' lang='lat' dir='ltr'><strong>in-</strong></span> 
     </span>
    </p>
   </div>
   <div class='ocr_carea' id='block_1_6' title="bbox 257 851 1810 932">
    <p class='ocr_par' dir='ltr' id='par_1_6' title="bbox 257 851 1810 932">
     <span class='ocr_line' id='line_1_6' title="bbox 257 851 1810 932; baseline -0.014 -11"><span class='ocrx_word' id='word_1_34' title='bbox 257 871 457 921; x_wconf 84' lang='lat' dir='ltr'><strong>vertunt</strong></span> <span class='ocrx_word' id='word_1_35' title='bbox 478 902 493 925; x_wconf 94' lang='lat'><strong>,</strong></span> <span class='ocrx_word' id='word_1_36' title='bbox 536 862 629 932; x_wconf 88' lang='lat' dir='ltr'><strong>qui</strong></span> <span class='ocrx_word' id='word_1_37' title='bbox 654 876 777 916; x_wconf 92' lang='lat' dir='ltr'><strong>eum</strong></span> <span class='ocrx_word' id='word_1_38' title='bbox 802 858 992 915; x_wconf 92' lang='lat' dir='ltr'><strong>volunt</strong></span> <span class='ocrx_word' id='word_1_39' title='bbox 1035 872 1066 912; x_wconf 89' lang='lat' dir='ltr'><strong>e</strong></span> <span class='ocrx_word' id='word_1_40' title='bbox 1093 854 1278 913; x_wconf 83' lang='lat' dir='ltr'><strong>Galliis</strong></span> <span class='ocrx_word' id='word_1_41' title='bbox 1302 853 1533 924; x_wconf 90' lang='lat' dir='ltr'><strong>primum</strong></span> <span class='ocrx_word' id='word_1_42' title='bbox 1564 851 1810 913; x_wconf 78' lang='lat' dir='ltr'><strong>Romam,</strong></span> 
     </span>
    </p>
   </div>
   <div class='ocr_carea' id='block_1_7' title="bbox 256 937 1814 1020">
    <p class='ocr_par' dir='ltr' id='par_1_7' title="bbox 256 937 1814 1020">
     <span class='ocr_line' id='line_1_7' title="bbox 256 937 1814 1020; baseline -0.013 -9"><span class='ocrx_word' id='word_1_43' title='bbox 256 953 432 1011; x_wconf 86' lang='lat' dir='ltr'><strong>deinde</strong></span> <span class='ocrx_word' id='word_1_44' title='bbox 455 952 628 1007; x_wconf 82' lang='lat' dir='ltr'><strong>Roma</strong></span> <span class='ocrx_word' id='word_1_45' title='bbox 665 950 965 1020; x_wconf 76' lang='lat' dir='ltr'><strong>Aquileiam</strong></span> <span class='ocrx_word' id='word_1_46' title='bbox 1009 947 1364 1003; x_wconf 84' lang='lat' dir='ltr'><strong>concessisse.</strong></span> <span class='ocrx_word' id='word_1_47' title='bbox 1410 940 1562 1011; x_wconf 85' lang='lat' dir='ltr'><strong>Quod</strong></span> <span class='ocrx_word' id='word_1_48' title='bbox 1597 937 1814 1009; x_wconf 83' lang='lat' dir='ltr'><strong>quidem</strong></span> 
     </span>
    </p>
   </div>
   <div class='ocr_carea' id='block_1_8' title="bbox 254 1031 1816 1110">
    <p class='ocr_par' dir='ltr' id='par_1_8' title="bbox 254 1031 1816 1110">
     <span class='ocr_line' id='line_1_8' title="bbox 254 1031 1816 1110; baseline -0.012 -9"><span class='ocrx_word' id='word_1_49' title='bbox 254 1042 753 1106; x_wconf 71' lang='lat' dir='ltr'><strong>comminiscuntur,</strong></span> <span class='ocrx_word' id='word_1_50' title='bbox 808 1048 867 1094; x_wconf 91' lang='lat' dir='ltr'><strong>ut</strong></span> <span class='ocrx_word' id='word_1_51' title='bbox 909 1036 1196 1110; x_wconf 84' lang='lat' dir='ltr'><strong>hypothesi</strong></span> <span class='ocrx_word' id='word_1_52' title='bbox 1243 1049 1356 1090; x_wconf 73' lang='lat' dir='ltr'><strong>sua:</strong></span> <span class='ocrx_word' id='word_1_53' title='bbox 1406 1031 1730 1095; x_wconf 91' lang='lat' dir='ltr'><strong>inserviant,</strong></span> <span class='ocrx_word' id='word_1_54' title='bbox 1760 1035 1816 1082; x_wconf 88' lang='lat' dir='ltr'><strong>et</strong></span> 
     </span>
    </p>
   </div>
   <div class='ocr_carea' id='block_1_9' title="bbox 253 1123 1815 1206">
    <p class='ocr_par' dir='ltr' id='par_1_9' title="bbox 253 1123 1815 1206">
     <span class='ocr_line' id='line_1_9' title="bbox 253 1123 1815 1206; baseline -0.012 -13"><span class='ocrx_word' id='word_1_55' title='bbox 253 1136 564 1206; x_wconf 84' lang='lat' dir='ltr'><strong>Baptismum</strong></span> <span class='ocrx_word' id='word_1_56' title='bbox 593 1133 655 1190; x_wconf 91' lang='lat' dir='ltr'><strong>S.</strong></span> <span class='ocrx_word' id='word_1_57' title='bbox 704 1132 910 1198; x_wconf 81' lang='lat' dir='ltr'><strong>Patris,</strong></span> <span class='ocrx_word' id='word_1_58' title='bbox 941 1145 1102 1202; x_wconf 87' lang='lat' dir='ltr'><strong>quem</strong></span> <span class='ocrx_word' id='word_1_59' title='bbox 1128 1137 1276 1184; x_wconf 90' lang='lat' dir='ltr'><strong>certe</strong></span> <span class='ocrx_word' id='word_1_60' title='bbox 1315 1141 1420 1182; x_wconf 92' lang='lat' dir='ltr'><strong>non</strong></span> <span class='ocrx_word' id='word_1_61' title='bbox 1462 1123 1590 1179; x_wconf 83' lang='lat' dir='ltr'><strong>alibi</strong></span> <span class='ocrx_word' id='word_1_62' title='bbox 1630 1133 1815 1176; x_wconf 87' lang='lat' dir='ltr'><strong>susce-</strong></span> 
     </span>
    </p>
   </div>
   <div class='ocr_carea' id='block_1_10' title="bbox 251 1216 1816 1298">
    <p class='ocr_par' dir='ltr' id='par_1_10' title="bbox 251 1216 1816 1298">
     <span class='ocr_line' id='line_1_10' title="bbox 251 1216 1816 1298; baseline -0.01 -16"><span class='ocrx_word' id='word_1_63' title='bbox 251 1229 380 1298; x_wconf 85' lang='lat' dir='ltr'><strong>pisse</strong></span> <span class='ocrx_word' id='word_1_64' title='bbox 420 1241 544 1282; x_wconf 91' lang='lat' dir='ltr'><strong>eum</strong></span> <span class='ocrx_word' id='word_1_65' title='bbox 587 1224 864 1288; x_wconf 87' lang='lat' dir='ltr'><strong>sentiunt,</strong></span> <span class='ocrx_word' id='word_1_66' title='bbox 911 1237 1070 1292; x_wconf 91' lang='lat' dir='ltr'><strong>quam</strong></span> <span class='ocrx_word' id='word_1_67' title='bbox 1113 1221 1297 1275; x_wconf 83' lang='lat' dir='ltr'><strong>Romae</strong></span> <span class='ocrx_word' id='word_1_68' title='bbox 1321 1258 1337 1284; x_wconf 94' lang='lat'><strong>,</strong></span> <span class='ocrx_word' id='word_1_69' title='bbox 1387 1217 1439 1272; x_wconf 91' lang='lat' dir='ltr'><strong>in</strong></span> <span class='ocrx_word' id='word_1_70' title='bbox 1469 1216 1571 1272; x_wconf 92' lang='lat' dir='ltr'><strong>hoc</strong></span> <span class='ocrx_word' id='word_1_71' title='bbox 1605 1224 1816 1282; x_wconf 84' lang='lat' dir='ltr'><strong>tempus</strong></span> 
     </span>
    </p>
   </div>
   <div class='ocr_carea' id='block_1_11' title="bbox 253 1305 1812 1380">
    <p class='ocr_par' dir='ltr' id='par_1_11' title="bbox 253 1305 1812 1380">
     <span class='ocr_line' id='line_1_11' title="bbox 253 1305 1812 1380; baseline -0.012 -5"><span class='ocrx_word' id='word_1_72' title='bbox 253 1319 577 1375; x_wconf 86' lang='lat' dir='ltr'><strong>transferant.</strong></span> <span class='ocrx_word' id='word_1_73' title='bbox 635 1319 704 1374; x_wconf 86' lang='lat' dir='ltr'><strong>At</strong></span> <span class='ocrx_word' id='word_1_74' title='bbox 735 1316 938 1370; x_wconf 91' lang='lat' dir='ltr'><strong>nullum</strong></span> <span class='ocrx_word' id='word_1_75' title='bbox 986 1323 1069 1369; x_wconf 88' lang='lat' dir='ltr'><strong>est</strong></span> <span class='ocrx_word' id='word_1_76' title='bbox 1114 1314 1166 1368; x_wconf 92' lang='lat' dir='ltr'><strong>in</strong></span> <span class='ocrx_word' id='word_1_77' title='bbox 1198 1309 1504 1380; x_wconf 82' lang='lat' dir='ltr'><strong>Hieronymi</strong></span> <span class='ocrx_word' id='word_1_78' title='bbox 1555 1305 1812 1376; x_wconf 86' lang='lat' dir='ltr'><strong>scriptis,</strong></span> 
     </span>
    </p>
   </div>
   <div class='ocr_carea' id='block_1_12' title="bbox 248 1402 1809 1480">
    <p class='ocr_par' dir='ltr' id='par_1_12' title="bbox 248 1402 1809 1480">
     <span class='ocr_line' id='line_1_12' title="bbox 248 1402 1809 1480; baseline -0.012 -14"><span class='ocrx_word' id='word_1_79' title='bbox 248 1421 447 1479; x_wconf 88' lang='lat' dir='ltr'><strong>totaque</strong></span> <span class='ocrx_word' id='word_1_80' title='bbox 475 1409 597 1480; x_wconf 90' lang='lat' dir='ltr'><strong>ejus</strong></span> <span class='ocrx_word' id='word_1_81' title='bbox 623 1407 844 1462; x_wconf 90' lang='lat' dir='ltr'><strong>historia</strong></span> <span class='ocrx_word' id='word_1_82' title='bbox 867 1448 882 1472; x_wconf 95' lang='lat'><strong>,</strong></span> <span class='ocrx_word' id='word_1_83' title='bbox 915 1421 1021 1476; x_wconf 90' lang='lat' dir='ltr'><strong>quo</strong></span> <span class='ocrx_word' id='word_1_84' title='bbox 1051 1403 1103 1459; x_wconf 91' lang='lat' dir='ltr'><strong>id</strong></span> <span class='ocrx_word' id='word_1_85' title='bbox 1151 1402 1373 1472; x_wconf 85' lang='lat' dir='ltr'><strong>probent</strong></span> <span class='ocrx_word' id='word_1_86' title='bbox 1398 1410 1809 1469; x_wconf 79' lang='lat' dir='ltr'><strong>argumentum;</strong></span> 
     </span>
    </p>
   </div>
   <div class='ocr_carea' id='block_1_13' title="bbox 246 1487 1814 1572">
    <p class='ocr_par' dir='ltr' id='par_1_13' title="bbox 246 1487 1814 1572">
     <span class='ocr_line' id='line_1_13' title="bbox 246 1487 1814 1572; baseline -0.01 -15"><span class='ocrx_word' id='word_1_87' title='bbox 246 1511 295 1558; x_wconf 90' lang='lat' dir='ltr'><strong>et</strong></span> <span class='ocrx_word' id='word_1_88' title='bbox 318 1500 456 1572; x_wconf 88' lang='lat' dir='ltr'><strong>quod</strong></span> <span class='ocrx_word' id='word_1_89' title='bbox 489 1516 657 1556; x_wconf 91' lang='lat' dir='ltr'><strong>unum</strong></span> <span class='ocrx_word' id='word_1_90' title='bbox 689 1498 956 1554; x_wconf 78' lang='lat' dir='ltr'><strong>excudunt</strong></span> <span class='ocrx_word' id='word_1_91' title='bbox 976 1513 1042 1552; x_wconf 81' lang='lat' dir='ltr'><strong>ex</strong></span> <span class='ocrx_word' id='word_1_92' title='bbox 1073 1496 1243 1566; x_wconf 85' lang='lat' dir='ltr'><strong>Epist.</strong></span> <span class='ocrx_word' id='word_1_93' title='bbox 1285 1491 1449 1548; x_wconf 81' lang='lat' dir='ltr'><strong>XLIII</strong></span> <span class='ocrx_word' id='word_1_94' title='bbox 1497 1490 1564 1545; x_wconf 86' lang='lat' dir='ltr'><strong>ad</strong></span> <span class='ocrx_word' id='word_1_95' title='bbox 1593 1487 1814 1544; x_wconf 78' lang='lat' dir='ltr'><strong>Marcel-</strong></span> 
     </span>
    </p>
   </div>
   <div class='ocr_carea' id='block_1_14' title="bbox 245 1582 1812 1661">
    <p class='ocr_par' dir='ltr' id='par_1_14' title="bbox 245 1582 1812 1661">
     <span class='ocr_line' id='line_1_14' title="bbox 245 1582 1812 1661; baseline -0.01 -13"><span class='ocrx_word' id='word_1_96' title='bbox 245 1593 378 1660; x_wconf 87' lang='lat' dir='ltr'><strong>lam,</strong></span> <span class='ocrx_word' id='word_1_97' title='bbox 429 1593 518 1648; x_wconf 91' lang='lat' dir='ltr'><strong>ubi</strong></span> <span class='ocrx_word' id='word_1_98' title='bbox 551 1607 615 1648; x_wconf 90' lang='lat' dir='ltr'><strong>se</strong></span> <span class='ocrx_word' id='word_1_99' title='bbox 645 1592 735 1647; x_wconf 92' lang='lat' dir='ltr'><strong>ille</strong></span> <span class='ocrx_word' id='word_1_100' title='bbox 763 1589 1027 1661; x_wconf 84' lang='lat' dir='ltr'><strong>significat</strong></span> <span class='ocrx_word' id='word_1_101' title='bbox 1069 1589 1289 1643; x_wconf 89' lang='lat' dir='ltr'><strong>invitum</strong></span> <span class='ocrx_word' id='word_1_102' title='bbox 1338 1586 1523 1640; x_wconf 72' lang='lat' dir='ltr'><strong>Roma:</strong></span> <span class='ocrx_word' id='word_1_103' title='bbox 1567 1582 1621 1636; x_wconf 92' lang='lat' dir='ltr'><strong>in</strong></span> <span class='ocrx_word' id='word_1_104' title='bbox 1668 1587 1812 1635; x_wconf 91' lang='lat' dir='ltr'><strong>tanta</strong></span> 
     </span>
    </p>
   </div>
   <div class='ocr_carea' id='block_1_15' title="bbox 242 1675 1812 1755">
    <p class='ocr_par' dir='ltr' id='par_1_15' title="bbox 242 1675 1812 1755">
     <span class='ocr_line' id='line_1_15' title="bbox 242 1675 1812 1755; baseline -0.01 -14"><span class='ocrx_word' id='word_1_105' title='bbox 242 1686 424 1741; x_wconf 85' lang='lat' dir='ltr'><strong>civium</strong></span> <span class='ocrx_word' id='word_1_106' title='bbox 455 1694 514 1740; x_wconf 92' lang='lat' dir='ltr'><strong>et</strong></span> <span class='ocrx_word' id='word_1_107' title='bbox 541 1684 947 1755; x_wconf 86' lang='lat' dir='ltr'><strong>peregrinorum</strong></span> <span class='ocrx_word' id='word_1_108' title='bbox 977 1679 1276 1750; x_wconf 74' lang='lat' dir='ltr'><strong>frequentia</strong></span> <span class='ocrx_word' id='word_1_109' title='bbox 1305 1675 1530 1742; x_wconf 89' lang='lat' dir='ltr'><strong>versari,</strong></span> <span class='ocrx_word' id='word_1_110' title='bbox 1562 1689 1625 1729; x_wconf 90' lang='lat' dir='ltr'><strong>ac</strong></span> <span class='ocrx_word' id='word_1_111' title='bbox 1651 1687 1812 1744; x_wconf 91' lang='lat' dir='ltr'><strong>porro</strong></span> 
     </span>
    </p>
   </div>
   <div class='ocr_carea' id='block_1_16' title="bbox 241 1765 1812 1840">
    <p class='ocr_par' dir='ltr' id='par_1_16' title="bbox 241 1765 1812 1840">
     <span class='ocr_line' id='line_1_16' title="bbox 241 1765 1812 1840; baseline -0.011 -6"><span class='ocrx_word' id='word_1_112' title='bbox 241 1777 387 1834; x_wconf 89' lang='lat' dir='ltr'><strong>malle</strong></span> <span class='ocrx_word' id='word_1_113' title='bbox 407 1791 468 1831; x_wconf 84' lang='lat' dir='ltr'><strong>se</strong></span> <span class='ocrx_word' id='word_1_114' title='bbox 501 1776 613 1832; x_wconf 86' lang='lat' dir='ltr'><strong>alio</strong></span> <span class='ocrx_word' id='word_1_115' title='bbox 643 1775 954 1837; x_wconf 88' lang='lat' dir='ltr'><strong>transferre,</strong></span> <span class='ocrx_word' id='word_1_116' title='bbox 983 1771 1137 1836; x_wconf 90' lang='lat' dir='ltr'><strong>illud,</strong></span> <span class='ocrx_word' id='word_1_117' title='bbox 1170 1772 1406 1840; x_wconf 89' lang='lat' dir='ltr'><strong>inquam,</strong></span> <span class='ocrx_word' id='word_1_118' title='bbox 1437 1766 1569 1822; x_wconf 90' lang='lat' dir='ltr'><strong>nihil</strong></span> <span class='ocrx_word' id='word_1_119' title='bbox 1597 1765 1664 1820; x_wconf 92' lang='lat' dir='ltr'><strong>ad</strong></span> <span class='ocrx_word' id='word_1_120' title='bbox 1696 1778 1812 1818; x_wconf 90' lang='lat' dir='ltr'><strong>rem</strong></span> 
     </span>
    </p>
   </div>
   <div class='ocr_carea' id='block_1_17' title="bbox 240 1860 1810 1940">
    <p class='ocr_par' dir='ltr' id='par_1_17' title="bbox 240 1860 1810 1940">
     <span class='ocr_line' id='line_1_17' title="bbox 240 1860 1810 1940; baseline -0.01 -16"><span class='ocrx_word' id='word_1_121' title='bbox 240 1871 373 1924; x_wconf 88' lang='lat' dir='ltr'><strong>facit.</strong></span> <span class='ocrx_word' id='word_1_122' title='bbox 401 1869 536 1924; x_wconf 87' lang='lat' dir='ltr'><strong>Data</strong></span> <span class='ocrx_word' id='word_1_123' title='bbox 568 1869 772 1940; x_wconf 89' lang='lat' dir='ltr'><strong>quippe</strong></span> <span class='ocrx_word' id='word_1_124' title='bbox 803 1876 887 1922; x_wconf 88' lang='lat' dir='ltr'><strong>est</strong></span> <span class='ocrx_word' id='word_1_125' title='bbox 915 1865 1151 1936; x_wconf 84' lang='lat' dir='ltr'><strong>Epistula</strong></span> <span class='ocrx_word' id='word_1_126' title='bbox 1176 1864 1266 1918; x_wconf 89' lang='lat' dir='ltr'><strong>illa</strong></span> <span class='ocrx_word' id='word_1_127' title='bbox 1298 1870 1417 1931; x_wconf 91' lang='lat' dir='ltr'><strong>post</strong></span> <span class='ocrx_word' id='word_1_128' title='bbox 1441 1860 1629 1924; x_wconf 90' lang='lat' dir='ltr'><strong>multo,</strong></span> <span class='ocrx_word' id='word_1_129' title='bbox 1650 1871 1810 1928; x_wconf 86' lang='lat' dir='ltr'><strong>quam</strong></span> 
     </span>
    </p>
   </div>
   <div class='ocr_carea' id='block_1_18' title="bbox 238 1951 1808 2028">
    <p class='ocr_par' dir='ltr' id='par_1_18' title="bbox 238 1951 1808 2028">
     <span class='ocr_line' id='line_1_18' title="bbox 238 1951 1808 2028; baseline -0.009 -11"><span class='ocrx_word' id='word_1_130' title='bbox 238 1963 304 2018; x_wconf 92' lang='lat' dir='ltr'><strong>illi</strong></span> <span class='ocrx_word' id='word_1_131' title='bbox 329 1963 680 2028; x_wconf 81' lang='lat' dir='ltr'><strong>existimant,</strong></span> <span class='ocrx_word' id='word_1_132' title='bbox 711 1961 823 2016; x_wconf 84' lang='lat' dir='ltr'><strong>sive</strong></span> <span class='ocrx_word' id='word_1_133' title='bbox 865 1975 986 2015; x_wconf 91' lang='lat' dir='ltr'><strong>cum</strong></span> <span class='ocrx_word' id='word_1_134' title='bbox 1017 1959 1198 2013; x_wconf 87' lang='lat' dir='ltr'><strong>relicta</strong></span> <span class='ocrx_word' id='word_1_135' title='bbox 1228 1953 1459 2011; x_wconf 86' lang='lat' dir='ltr'><strong>Calcidis</strong></span> <span class='ocrx_word' id='word_1_136' title='bbox 1484 1951 1771 2008; x_wconf 83' lang='lat' dir='ltr'><strong>solitudine</strong></span> <span class='ocrx_word' id='word_1_137' title='bbox 1791 1990 1808 2017; x_wconf 91' lang='lat'><strong>,</strong></span> 
     </span>
    </p>
   </div>
   <div class='ocr_carea' id='block_1_19' title="bbox 237 2046 1808 2121">
    <p class='ocr_par' dir='ltr' id='par_1_19' title="bbox 237 2046 1808 2121">
     <span class='ocr_line' id='line_1_19' title="bbox 237 2046 1808 2121; baseline -0.01 -11"><span class='ocrx_word' id='word_1_138' title='bbox 237 2055 450 2110; x_wconf 74' lang='lat' dir='ltr'><strong>Romam</strong></span> <span class='ocrx_word' id='word_1_139' title='bbox 474 2053 740 2118; x_wconf 79' lang='lat' dir='ltr'><strong>venisset,</strong></span> <span class='ocrx_word' id='word_1_140' title='bbox 767 2060 822 2106; x_wconf 93' lang='lat' dir='ltr'><strong>et</strong></span> <span class='ocrx_word' id='word_1_141' title='bbox 838 2050 1041 2121; x_wconf 82' lang='lat' dir='ltr'><strong>jamdiu</strong></span> <span class='ocrx_word' id='word_1_142' title='bbox 1064 2049 1136 2104; x_wconf 92' lang='lat' dir='ltr'><strong>ibi</strong></span> <span class='ocrx_word' id='word_1_143' title='bbox 1154 2047 1292 2116; x_wconf 89' lang='lat' dir='ltr'><strong>apud</strong></span> <span class='ocrx_word' id='word_1_144' title='bbox 1316 2046 1599 2100; x_wconf 84' lang='lat' dir='ltr'><strong>Damasum</strong></span> <span class='ocrx_word' id='word_1_145' title='bbox 1621 2057 1808 2113; x_wconf 90' lang='lat' dir='ltr'><strong>agens,</strong></span> 
     </span>
    </p>
   </div>
   <div class='ocr_carea' id='block_1_20' title="bbox 233 2133 1811 2217">
    <p class='ocr_par' dir='ltr' id='par_1_20' title="bbox 233 2133 1811 2217">
     <span class='ocr_line' id='line_1_20' title="bbox 233 2133 1811 2217; baseline -0.01 -17"><span class='ocrx_word' id='word_1_146' title='bbox 233 2146 490 2217; x_wconf 74' lang='lat' dir='ltr'><strong>iunxisset</strong></span> <span class='ocrx_word' id='word_1_147' title='bbox 520 2155 578 2202; x_wconf 94' lang='lat' dir='ltr'><strong>et</strong></span> <span class='ocrx_word' id='word_1_148' title='bbox 606 2161 730 2200; x_wconf 92' lang='lat' dir='ltr'><strong>cum</strong></span> <span class='ocrx_word' id='word_1_149' title='bbox 762 2143 1005 2198; x_wconf 77' lang='lat' dir='ltr'><strong>Marcella</strong></span> <span class='ocrx_word' id='word_1_150' title='bbox 1049 2139 1374 2204; x_wconf 89' lang='lat' dir='ltr'><strong>amicitiam;</strong></span> <span class='ocrx_word' id='word_1_151' title='bbox 1399 2152 1518 2208; x_wconf 77' lang='lat' dir='ltr'><strong>quae</strong></span> <span class='ocrx_word' id='word_1_152' title='bbox 1545 2134 1670 2188; x_wconf 92' lang='lat' dir='ltr'><strong>anni</strong></span> <span class='ocrx_word' id='word_1_153' title='bbox 1699 2133 1811 2188; x_wconf 83' lang='lat' dir='ltr'><strong>cir-</strong></span> 
     </span>
    </p>
   </div>
   <div class='ocr_carea' id='block_1_21' title="bbox 234 2225 1814 2304">
    <p class='ocr_par' dir='ltr' id='par_1_21' title="bbox 234 2225 1814 2304">
     <span class='ocr_line' id='line_1_21' title="bbox 234 2225 1814 2304; baseline -0.01 -13"><span class='ocrx_word' id='word_1_154' title='bbox 234 2239 359 2292; x_wconf 90' lang='lat' dir='ltr'><strong>citer</strong></span> <span class='ocrx_word' id='word_1_155' title='bbox 407 2237 521 2293; x_wconf 78' lang='lat'><strong>385</strong></span> <span class='ocrx_word' id='word_1_156' title='bbox 552 2245 680 2291; x_wconf 90' lang='lat' dir='ltr'><strong>nota</strong></span> <span class='ocrx_word' id='word_1_157' title='bbox 710 2245 813 2291; x_wconf 90' lang='lat' dir='ltr'><strong>est.</strong></span> <span class='ocrx_word' id='word_1_158' title='bbox 839 2233 984 2290; x_wconf 81' lang='lat' dir='ltr'><strong>Nihil</strong></span> <span class='ocrx_word' id='word_1_159' title='bbox 1029 2245 1189 2304; x_wconf 88' lang='lat' dir='ltr'><strong>porro</strong></span> <span class='ocrx_word' id='word_1_160' title='bbox 1219 2231 1393 2282; x_wconf 89' lang='lat' dir='ltr'><strong>minus</strong></span> <span class='ocrx_word' id='word_1_161' title='bbox 1423 2242 1488 2281; x_wconf 79' lang='lat' dir='ltr'><strong>ex</strong></span> <span class='ocrx_word' id='word_1_162' title='bbox 1531 2225 1647 2293; x_wconf 84' lang='lat' dir='ltr'><strong>ejus</strong></span> <span class='ocrx_word' id='word_1_163' title='bbox 1684 2238 1814 2278; x_wconf 58' lang='lat' dir='ltr'><strong>con.</strong></span> 
     </span>
    </p>
   </div>
   <div class='ocr_carea' id='block_1_22' title="bbox 233 2314 1819 2400">
    <p class='ocr_par' dir='ltr' id='par_1_22' title="bbox 233 2314 1819 2400">
     <span class='ocr_line' id='line_1_22' title="bbox 233 2314 1819 2400; baseline -0.011 -16"><span class='ocrx_word' id='word_1_164' title='bbox 233 2338 371 2386; x_wconf 74' lang='lat' dir='ltr'><strong>textu</strong></span> <span class='ocrx_word' id='word_1_165' title='bbox 399 2329 635 2400; x_wconf 78' lang='lat' dir='ltr'><strong>colligas</strong></span> <span class='ocrx_word' id='word_1_166' title='bbox 655 2369 670 2393; x_wconf 93' lang='lat'><strong>,</strong></span> <span class='ocrx_word' id='word_1_167' title='bbox 696 2343 820 2384; x_wconf 89' lang='lat' dir='ltr'><strong>eum</strong></span> <span class='ocrx_word' id='word_1_168' title='bbox 869 2327 922 2380; x_wconf 90' lang='lat' dir='ltr'><strong>in</strong></span> <span class='ocrx_word' id='word_1_169' title='bbox 953 2327 1133 2378; x_wconf 86' lang='lat' dir='ltr'><strong>animo</strong></span> <span class='ocrx_word' id='word_1_170' title='bbox 1161 2321 1434 2383; x_wconf 88' lang='lat' dir='ltr'><strong>habuisse,</strong></span> <span class='ocrx_word' id='word_1_171' title='bbox 1462 2332 1620 2388; x_wconf 89' lang='lat' dir='ltr'><strong>quam</strong></span> <span class='ocrx_word' id='word_1_172' title='bbox 1653 2314 1819 2384; x_wconf 81' lang='lat' dir='ltr'><strong>Aqui-</strong></span> 
     </span>
    </p>
   </div>
   <div class='ocr_carea' id='block_1_23' title="bbox 229 2406 1816 2490">
    <p class='ocr_par' dir='ltr' id='par_1_23' title="bbox 229 2406 1816 2490">
     <span class='ocr_line' id='line_1_23' title="bbox 229 2406 1816 2490; baseline -0.01 -16"><span class='ocrx_word' id='word_1_173' title='bbox 229 2421 377 2476; x_wconf 87' lang='lat' dir='ltr'><strong>leiam</strong></span> <span class='ocrx_word' id='word_1_174' title='bbox 405 2461 422 2487; x_wconf 92' lang='lat'><strong>,</strong></span> <span class='ocrx_word' id='word_1_175' title='bbox 484 2420 580 2490; x_wconf 93' lang='lat' dir='ltr'><strong>qui</strong></span> <span class='ocrx_word' id='word_1_176' title='bbox 647 2426 904 2488; x_wconf 88' lang='lat' dir='ltr'><strong>quantum</strong></span> <span class='ocrx_word' id='word_1_177' title='bbox 959 2414 1181 2468; x_wconf 86' lang='lat' dir='ltr'><strong>haberet</strong></span> <span class='ocrx_word' id='word_1_178' title='bbox 1236 2411 1403 2464; x_wconf 77' lang='lat' dir='ltr'><strong>Roma</strong></span> <span class='ocrx_word' id='word_1_179' title='bbox 1452 2406 1816 2462; x_wconf 89' lang='lat' dir='ltr'><strong>molestiarum</strong></span> 
     </span>
    </p>
   </div>
   <div class='ocr_carea' id='block_1_24' title="bbox 229 2497 1818 2582">
    <p class='ocr_par' dir='ltr' id='par_1_24' title="bbox 229 2497 1818 2582">
     <span class='ocr_line' id='line_1_24' title="bbox 229 2497 1818 2582; baseline -0.009 -17"><span class='ocrx_word' id='word_1_180' title='bbox 229 2523 592 2582; x_wconf 75' lang='lat' dir='ltr'><strong>exaggerans,</strong></span> <span class='ocrx_word' id='word_1_181' title='bbox 623 2524 730 2562; x_wconf 92' lang='lat' dir='ltr'><strong>non</strong></span> <span class='ocrx_word' id='word_1_182' title='bbox 761 2516 868 2560; x_wconf 89' lang='lat' dir='ltr'><strong>tam</strong></span> <span class='ocrx_word' id='word_1_183' title='bbox 903 2503 1206 2559; x_wconf 80' lang='lat' dir='ltr'><strong>Marcellam</strong></span> <span class='ocrx_word' id='word_1_184' title='bbox 1228 2543 1244 2568; x_wconf 91' lang='lat'><strong>,</strong></span> <span class='ocrx_word' id='word_1_185' title='bbox 1287 2514 1445 2570; x_wconf 87' lang='lat' dir='ltr'><strong>quam</strong></span> <span class='ocrx_word' id='word_1_186' title='bbox 1471 2497 1818 2566; x_wconf 87' lang='lat' dir='ltr'><strong>semetipsum</strong></span> 
     </span>
    </p>
   </div>
   <div class='ocr_carea' id='block_1_25' title="bbox 227 2587 1818 2657">
    <p class='ocr_par' dir='ltr' id='par_1_25' title="bbox 227 2587 1818 2657">
     <span class='ocr_line' id='line_1_25' title="bbox 227 2587 1818 2657; baseline -0.009 -3"><span class='ocrx_word' id='word_1_187' title='bbox 227 2601 556 2656; x_wconf 86' lang='lat' dir='ltr'><strong>dehortatur</strong></span> <span class='ocrx_word' id='word_1_188' title='bbox 578 2597 648 2652; x_wconf 90' lang='lat' dir='ltr'><strong>ab</strong></span> <span class='ocrx_word' id='word_1_189' title='bbox 676 2597 887 2651; x_wconf 91' lang='lat' dir='ltr'><strong>urbium</strong></span> <span class='ocrx_word' id='word_1_190' title='bbox 916 2592 1250 2657; x_wconf 86' lang='lat' dir='ltr'><strong>tumultibus,</strong></span> <span class='ocrx_word' id='word_1_191' title='bbox 1281 2599 1332 2646; x_wconf 92' lang='lat' dir='ltr'><strong>et</strong></span> <span class='ocrx_word' id='word_1_192' title='bbox 1359 2589 1423 2644; x_wconf 91' lang='lat' dir='ltr'><strong>ad</strong></span> <span class='ocrx_word' id='word_1_193' title='bbox 1445 2597 1648 2644; x_wconf 90' lang='lat' dir='ltr'><strong>secreta</strong></span> <span class='ocrx_word' id='word_1_194' title='bbox 1677 2587 1818 2641; x_wconf 83' lang='lat' dir='ltr'><strong>ruris</strong></span> 
     </span>
    </p>
   </div>
   <div class='ocr_carea' id='block_1_26' title="bbox 226 2682 1815 2754">
    <p class='ocr_par' dir='ltr' id='par_1_26' title="bbox 226 2682 1815 2754">
     <span class='ocr_line' id='line_1_26' title="bbox 226 2682 1815 2754; baseline -0.008 -7"><span class='ocrx_word' id='word_1_195' title='bbox 226 2693 434 2747; x_wconf 81' lang='lat' dir='ltr'><strong>invitat.</strong></span> <span class='ocrx_word' id='word_1_196' title='bbox 471 2689 655 2754; x_wconf 87' lang='lat' dir='ltr'><strong>Addo,</strong></span> <span class='ocrx_word' id='word_1_197' title='bbox 681 2703 781 2743; x_wconf 90' lang='lat' dir='ltr'><strong>nec</strong></span> <span class='ocrx_word' id='word_1_198' title='bbox 807 2687 1111 2742; x_wconf 87' lang='lat' dir='ltr'><strong>verosimile</strong></span> <span class='ocrx_word' id='word_1_199' title='bbox 1141 2700 1359 2754; x_wconf 89' lang='lat' dir='ltr'><strong>prorsus</strong></span> <span class='ocrx_word' id='word_1_200' title='bbox 1388 2698 1508 2737; x_wconf 89' lang='lat' dir='ltr'><strong>esse</strong></span> <span class='ocrx_word' id='word_1_201' title='bbox 1536 2682 1608 2735; x_wconf 92' lang='lat' dir='ltr'><strong>ob</strong></span> <span class='ocrx_word' id='word_1_202' title='bbox 1639 2683 1815 2752; x_wconf 84' lang='lat' dir='ltr'><strong>regio-</strong></span> 
     </span>
    </p>
   </div>
   <div class='ocr_carea' id='block_1_27' title="bbox 227 2771 1815 2848">
    <p class='ocr_par' dir='ltr' id='par_1_27' title="bbox 227 2771 1815 2848">
     <span class='ocr_line' id='line_1_27' title="bbox 227 2771 1815 2848; baseline -0.008 -10"><span class='ocrx_word' id='word_1_203' title='bbox 227 2799 344 2838; x_wconf 88' lang='lat' dir='ltr'><strong>num</strong></span> <span class='ocrx_word' id='word_1_204' title='bbox 369 2781 571 2844; x_wconf 90' lang='lat' dir='ltr'><strong>situm,</strong></span> <span class='ocrx_word' id='word_1_205' title='bbox 602 2777 1079 2848; x_wconf 90' lang='lat' dir='ltr'><strong>atqueinstitutum</strong></span> <span class='ocrx_word' id='word_1_206' title='bbox 1111 2773 1538 2844; x_wconf 70' lang='lat' dir='ltr'><strong>Hieronymianae</strong></span> <span class='ocrx_word' id='word_1_207' title='bbox 1581 2771 1815 2842; x_wconf 78' lang='lat' dir='ltr'><strong>peregri-</strong></span> 
     </span>
    </p>
   </div>
   <div class='ocr_carea' id='block_1_28' title="bbox 229 2865 1816 2936">
    <p class='ocr_par' dir='ltr' id='par_1_28' title="bbox 229 2865 1816 2936">
     <span class='ocr_line' id='line_1_28' title="bbox 229 2865 1816 2936; baseline -0.007 -8"><span class='ocrx_word' id='word_1_208' title='bbox 229 2872 480 2936; x_wconf 84' lang='lat' dir='ltr'><strong>nationis,</strong></span> <span class='ocrx_word' id='word_1_209' title='bbox 517 2869 735 2924; x_wconf 78' lang='lat' dir='ltr'><strong>venisse</strong></span> <span class='ocrx_word' id='word_1_210' title='bbox 762 2882 884 2922; x_wconf 90' lang='lat' dir='ltr'><strong>eum</strong></span> <span class='ocrx_word' id='word_1_211' title='bbox 915 2866 984 2922; x_wconf 90' lang='lat' dir='ltr'><strong>de</strong></span> <span class='ocrx_word' id='word_1_212' title='bbox 1010 2865 1196 2921; x_wconf 89' lang='lat' dir='ltr'><strong>Galliis</strong></span> <span class='ocrx_word' id='word_1_213' title='bbox 1224 2865 1466 2931; x_wconf 83' lang='lat' dir='ltr'><strong>Romam,</strong></span> <span class='ocrx_word' id='word_1_214' title='bbox 1499 2874 1556 2919; x_wconf 92' lang='lat' dir='ltr'><strong>ut</strong></span> <span class='ocrx_word' id='word_1_215' title='bbox 1582 2879 1640 2919; x_wconf 89' lang='lat' dir='ltr'><strong>se</strong></span> <span class='ocrx_word' id='word_1_216' title='bbox 1671 2871 1816 2934; x_wconf 87' lang='lat' dir='ltr'><strong>post-</strong></span> 
     </span>
    </p>
   </div>
   <div class='ocr_carea' id='block_1_29' title="bbox 229 2956 1816 3034">
    <p class='ocr_par' dir='ltr' id='par_1_29' title="bbox 229 2956 1816 3034">
     <span class='ocr_line' id='line_1_29' title="bbox 229 2956 1816 3034; baseline -0.008 -12"><span class='ocrx_word' id='word_1_217' title='bbox 229 2967 442 3023; x_wconf 90' lang='lat' dir='ltr'><strong>modum</strong></span> <span class='ocrx_word' id='word_1_218' title='bbox 493 2964 549 3018; x_wconf 93' lang='lat' dir='ltr'><strong>in</strong></span> <span class='ocrx_word' id='word_1_219' title='bbox 581 2963 754 3034; x_wconf 87' lang='lat' dir='ltr'><strong>patria</strong></span> <span class='ocrx_word' id='word_1_220' title='bbox 779 3002 794 3027; x_wconf 94' lang='lat'><strong>,</strong></span> <span class='ocrx_word' id='word_1_221' title='bbox 835 2961 948 3015; x_wconf 94' lang='lat' dir='ltr'><strong>sive</strong></span> <span class='ocrx_word' id='word_1_222' title='bbox 990 2957 1247 3028; x_wconf 74' lang='lat' dir='ltr'><strong>Aquileia:</strong></span> <span class='ocrx_word' id='word_1_223' title='bbox 1278 2957 1559 3027; x_wconf 86' lang='lat' dir='ltr'><strong>reciperet.</strong></span> <span class='ocrx_word' id='word_1_224' title='bbox 1587 2956 1702 3010; x_wconf 85' lang='lat' dir='ltr'><strong>Alia</strong></span> <span class='ocrx_word' id='word_1_225' title='bbox 1747 2971 1816 3010; x_wconf 75' lang='lat' dir='ltr'><strong>ex</strong></span> 
     </span>
    </p>
   </div>
   <div class='ocr_carea' id='block_1_30' title="bbox 232 3045 1816 3128">
    <p class='ocr_par' dir='ltr' id='par_1_30' title="bbox 232 3045 1816 3128">
     <span class='ocr_line' id='line_1_30' title="bbox 232 3045 1816 3128; baseline -0.008 -16"><span class='ocrx_word' id='word_1_226' title='bbox 232 3066 374 3128; x_wconf 89' lang='lat' dir='ltr'><strong>parte</strong></span> <span class='ocrx_word' id='word_1_227' title='bbox 415 3056 538 3127; x_wconf 88' lang='lat' dir='ltr'><strong>jam</strong></span> <span class='ocrx_word' id='word_1_228' title='bbox 593 3052 928 3108; x_wconf 89' lang='lat' dir='ltr'><strong>ostendimus</strong></span> <span class='ocrx_word' id='word_1_229' title='bbox 979 3050 1256 3119; x_wconf 88' lang='lat' dir='ltr'><strong>superiore</strong></span> <span class='ocrx_word' id='word_1_230' title='bbox 1309 3047 1497 3117; x_wconf 87' lang='lat' dir='ltr'><strong>Capite</strong></span> <span class='ocrx_word' id='word_1_231' title='bbox 1548 3045 1638 3104; x_wconf 84' lang='lat' dir='ltr'><strong>Ill.</strong></span> <span class='ocrx_word' id='word_1_232' title='bbox 1691 3061 1816 3102; x_wconf 88' lang='lat' dir='ltr'><strong>eum</strong></span> 
     </span>
    </p>
   </div>
   <div class='ocr_carea' id='block_1_31' title="bbox 233 3140 1812 3220">
    <p class='ocr_par' dir='ltr' id='par_1_31' title="bbox 233 3140 1812 3220">
     <span class='ocr_line' id='line_1_31' title="bbox 233 3140 1812 3220; baseline -0.01 -11"><span class='ocrx_word' id='word_1_233' title='bbox 233 3161 399 3216; x_wconf 87' lang='lat' dir='ltr'><strong>antea,</strong></span> <span class='ocrx_word' id='word_1_234' title='bbox 417 3165 551 3207; x_wconf 86' lang='lat' dir='ltr'><strong>cum</strong></span> <span class='ocrx_word' id='word_1_235' title='bbox 568 3148 748 3220; x_wconf 90' lang='lat' dir='ltr'><strong>primo</strong></span> <span class='ocrx_word' id='word_1_236' title='bbox 764 3146 970 3202; x_wconf 87' lang='lat' dir='ltr'><strong>scilicet</strong></span> <span class='ocrx_word' id='word_1_237' title='bbox 987 3145 1171 3199; x_wconf 65' lang='lat' dir='ltr'><strong>Romae</strong></span> <span class='ocrx_word' id='word_1_238' title='bbox 1191 3142 1344 3197; x_wconf 90' lang='lat' dir='ltr'><strong>daret</strong></span> <span class='ocrx_word' id='word_1_239' title='bbox 1365 3140 1554 3196; x_wconf 89' lang='lat' dir='ltr'><strong>litteris</strong></span> <span class='ocrx_word' id='word_1_240' title='bbox 1570 3154 1812 3210; x_wconf 83' lang='lat' dir='ltr'><strong>Operam,</strong></span> 
     </span>
    </p>
   </div>
   <div class='ocr_carea' id='block_1_32' title="bbox 235 3228 1816 3312">
    <p class='ocr_par' dir='ltr' id='par_1_32' title="bbox 235 3228 1816 3312">
     <span class='ocr_line' id='line_1_32' title="bbox 235 3228 1816 3312; baseline -0.008 -15"><span class='ocrx_word' id='word_1_241' title='bbox 235 3241 564 3312; x_wconf 87' lang='lat' dir='ltr'><strong>Baptismum</strong></span> <span class='ocrx_word' id='word_1_242' title='bbox 593 3235 920 3306; x_wconf 87' lang='lat' dir='ltr'><strong>suscepisse,</strong></span> <span class='ocrx_word' id='word_1_243' title='bbox 948 3242 1004 3288; x_wconf 92' lang='lat' dir='ltr'><strong>ut</strong></span> <span class='ocrx_word' id='word_1_244' title='bbox 1031 3242 1086 3288; x_wconf 91' lang='lat' dir='ltr'><strong>et</strong></span> <span class='ocrx_word' id='word_1_245' title='bbox 1113 3246 1300 3286; x_wconf 88' lang='lat' dir='ltr'><strong>caussa</strong></span> <span class='ocrx_word' id='word_1_246' title='bbox 1335 3245 1432 3284; x_wconf 92' lang='lat' dir='ltr'><strong>cur</strong></span> <span class='ocrx_word' id='word_1_247' title='bbox 1457 3244 1524 3285; x_wconf 92' lang='lat' dir='ltr'><strong>eo</strong></span> <span class='ocrx_word' id='word_1_248' title='bbox 1563 3228 1816 3298; x_wconf 86' lang='lat' dir='ltr'><strong>regrede-</strong></span> 
     </span>
    </p>
   </div>
   <div class='ocr_carea' id='block_1_33' title="bbox 236 3320 1816 3400">
    <p class='ocr_par' dir='ltr' id='par_1_33' title="bbox 236 3320 1816 3400">
     <span class='ocr_line' id='line_1_33' title="bbox 236 3320 1816 3400; baseline -0.01 -12"><span class='ocrx_word' id='word_1_249' title='bbox 236 3346 396 3399; x_wconf 83' lang='lat' dir='ltr'><strong>retur,</strong></span> <span class='ocrx_word' id='word_1_250' title='bbox 415 3332 581 3400; x_wconf 85' lang='lat' dir='ltr'><strong>plane</strong></span> <span class='ocrx_word' id='word_1_251' title='bbox 600 3327 831 3384; x_wconf 84' lang='lat' dir='ltr'><strong>conlicta</strong></span> <span class='ocrx_word' id='word_1_252' title='bbox 853 3325 943 3390; x_wconf 85' lang='lat' dir='ltr'><strong>sit,</strong></span> <span class='ocrx_word' id='word_1_253' title='bbox 969 3333 1183 3392; x_wconf 85' lang='lat' dir='ltr'><strong>totaque</strong></span> <span class='ocrx_word' id='word_1_254' title='bbox 1210 3321 1298 3375; x_wconf 92' lang='lat' dir='ltr'><strong>illa</strong></span> <span class='ocrx_word' id='word_1_255' title='bbox 1326 3320 1600 3374; x_wconf 89' lang='lat' dir='ltr'><strong>hominum</strong></span> <span class='ocrx_word' id='word_1_256' title='bbox 1623 3327 1816 3373; x_wconf 78' lang='lat' dir='ltr'><strong>ctntera</strong></span> 
     </span>
    </p>
   </div>
   <div class='ocr_carea' id='block_1_34' title="bbox 238 3411 1819 3481">
    <p class='ocr_par' dir='ltr' id='par_1_34' title="bbox 238 3411 1819 3481">
     <span class='ocr_line' id='line_1_34' title="bbox 238 3411 1819 3481; baseline -0.008 -3"><span class='ocrx_word' id='word_1_257' title='bbox 238 3423 671 3478; x_wconf 87' lang='lat' dir='ltr'><strong>doctissimorum</strong></span> <span class='ocrx_word' id='word_1_258' title='bbox 719 3417 958 3473; x_wconf 82' lang='lat' dir='ltr'><strong>narratio</strong></span> <span class='ocrx_word' id='word_1_259' title='bbox 1005 3424 1366 3470; x_wconf 90' lang='lat' dir='ltr'><strong>commentum</strong></span> <span class='ocrx_word' id='word_1_260' title='bbox 1419 3413 1611 3481; x_wconf 87' lang='lat' dir='ltr'><strong>sapiat.</strong></span> <span class='ocrx_word' id='word_1_261' title='bbox 1664 3411 1819 3466; x_wconf 79' lang='lat' dir='ltr'><strong>Venit</strong></span> 
     </span>
    </p>
   </div>
   <div class='ocr_carea' id='block_1_35' title="bbox 239 3503 1814 3584">
    <p class='ocr_par' dir='ltr' id='par_1_35' title="bbox 239 3503 1814 3584">
     <span class='ocr_line' id='line_1_35' title="bbox 239 3503 1814 3584; baseline -0.01 -14"><span class='ocrx_word' id='word_1_262' title='bbox 239 3514 408 3584; x_wconf 87' lang='lat' dir='ltr'><strong>itaque</strong></span> <span class='ocrx_word' id='word_1_263' title='bbox 431 3513 499 3569; x_wconf 88' lang='lat' dir='ltr'><strong>S.</strong></span> <span class='ocrx_word' id='word_1_264' title='bbox 527 3511 687 3567; x_wconf 86' lang='lat' dir='ltr'><strong>Pater</strong></span> <span class='ocrx_word' id='word_1_265' title='bbox 715 3509 783 3564; x_wconf 91' lang='lat' dir='ltr'><strong>de</strong></span> <span class='ocrx_word' id='word_1_266' title='bbox 811 3508 997 3564; x_wconf 90' lang='lat' dir='ltr'><strong>Galliis</strong></span> <span class='ocrx_word' id='word_1_267' title='bbox 1025 3514 1167 3561; x_wconf 89' lang='lat' dir='ltr'><strong>recta</strong></span> <span class='ocrx_word' id='word_1_268' title='bbox 1209 3504 1541 3567; x_wconf 86' lang='lat' dir='ltr'><strong>Stridonem,</strong></span> <span class='ocrx_word' id='word_1_269' title='bbox 1576 3503 1814 3572; x_wconf 83' lang='lat' dir='ltr'><strong>pleram-</strong></span> 
     </span>
    </p>
   </div>
   <div class='ocr_carea' id='block_1_36' title="bbox 241 3593 1823 3676">
    <p class='ocr_par' dir='ltr' id='par_1_36' title="bbox 241 3593 1823 3676">
     <span class='ocr_line' id='line_1_36' title="bbox 241 3593 1823 3676; baseline -0.008 -18"><span class='ocrx_word' id='word_1_270' title='bbox 241 3621 336 3676; x_wconf 90' lang='lat' dir='ltr'><strong>que</strong></span> <span class='ocrx_word' id='word_1_271' title='bbox 358 3612 548 3660; x_wconf 88' lang='lat' dir='ltr'><strong>autem</strong></span> <span class='ocrx_word' id='word_1_272' title='bbox 577 3599 835 3672; x_wconf 89' lang='lat' dir='ltr'><strong>temporis</strong></span> <span class='ocrx_word' id='word_1_273' title='bbox 863 3607 1065 3668; x_wconf 87' lang='lat' dir='ltr'><strong>partem</strong></span> <span class='ocrx_word' id='word_1_274' title='bbox 1097 3595 1354 3666; x_wconf 80' lang='lat' dir='ltr'><strong>Aquileia:</strong></span> <span class='ocrx_word' id='word_1_275' title='bbox 1378 3637 1391 3659; x_wconf 95' lang='lat'><strong>,</strong></span> <span class='ocrx_word' id='word_1_276' title='bbox 1424 3594 1491 3650; x_wconf 92' lang='lat' dir='ltr'><strong>iis</strong></span> <span class='ocrx_word' id='word_1_277' title='bbox 1518 3610 1651 3664; x_wconf 87' lang='lat' dir='ltr'><strong>quas</strong></span> <span class='ocrx_word' id='word_1_278' title='bbox 1679 3593 1823 3647; x_wconf 83' lang='lat' dir='ltr'><strong>dicc-</strong></span> 
     </span>
    </p>
   </div>
   <div class='ocr_carea' id='block_1_37' title="bbox 241 3691 1300 3756">
    <p class='ocr_par' dir='ltr' id='par_1_37' title="bbox 241 3691 1300 3756">
     <span class='ocr_line' id='line_1_37' title="bbox 241 3691 1300 3756; baseline -0.014 -4"><span class='ocrx_word' id='word_1_279' title='bbox 241 3695 420 3752; x_wconf 87' lang='lat' dir='ltr'><strong>bamus</strong></span> <span class='ocrx_word' id='word_1_280' title='bbox 449 3693 524 3749; x_wconf 89' lang='lat' dir='ltr'><strong>de</strong></span> <span class='ocrx_word' id='word_1_281' title='bbox 553 3691 780 3756; x_wconf 88' lang='lat' dir='ltr'><strong>caussis,</strong></span> <span class='ocrx_word' id='word_1_282' title='bbox 808 3696 1169 3746; x_wconf 87' lang='lat' dir='ltr'><strong>commoratus</strong></span> <span class='ocrx_word' id='word_1_283' title='bbox 1200 3694 1300 3742; x_wconf 90' lang='lat' dir='ltr'><strong>est.</strong></span> 
     </span>
    </p>
   </div>
   <div class='ocr_carea' id='block_1_38' title="bbox 306 3773 1824 3853">
    <p class='ocr_par' dir='ltr' id='par_1_38' title="bbox 306 3773 1824 3853">
     <span class='ocr_line' id='line_1_38' title="bbox 306 3773 1824 3853; baseline -0.009 -12"><span class='ocrx_word' id='word_1_284' title='bbox 306 3785 366 3841; x_wconf 90' lang='lat' dir='ltr'><strong>ll.</strong></span> <span class='ocrx_word' id='word_1_285' title='bbox 416 3784 566 3853; x_wconf 85' lang='lat' dir='ltr'><strong>Quin</strong></span> <span class='ocrx_word' id='word_1_286' title='bbox 619 3783 782 3838; x_wconf 90' lang='lat' dir='ltr'><strong>etiam</strong></span> <span class='ocrx_word' id='word_1_287' title='bbox 835 3780 1184 3850; x_wconf 87' lang='lat' dir='ltr'><strong>scriptionum</strong></span> <span class='ocrx_word' id='word_1_288' title='bbox 1233 3792 1446 3831; x_wconf 90' lang='lat' dir='ltr'><strong>suarum</strong></span> <span class='ocrx_word' id='word_1_289' title='bbox 1500 3774 1708 3829; x_wconf 86' lang='lat' dir='ltr'><strong>videtur</strong></span> <span class='ocrx_word' id='word_1_290' title='bbox 1751 3773 1824 3828; x_wconf 90' lang='lat' dir='ltr'><strong>ibi</strong></span> 
     </span>
    </p>
   </div>
   <div class='ocr_carea' id='block_1_39' title="bbox 243 3864 1825 3944">
    <p class='ocr_par' dir='ltr' id='par_1_39' title="bbox 243 3864 1825 3944">
     <span class='ocr_line' id='line_1_39' title="bbox 243 3864 1825 3944; baseline -0.009 -13"><span class='ocrx_word' id='word_1_291' title='bbox 243 3877 379 3931; x_wconf 84' lang='lat' dir='ltr'><strong>initia</strong></span> <span class='ocrx_word' id='word_1_292' title='bbox 420 3873 734 3944; x_wconf 88' lang='lat' dir='ltr'><strong>auspicatus</strong></span> <span class='ocrx_word' id='word_1_293' title='bbox 773 3871 1079 3926; x_wconf 85' lang='lat' dir='ltr'><strong>narratione</strong></span> <span class='ocrx_word' id='word_1_294' title='bbox 1112 3868 1199 3921; x_wconf 90' lang='lat' dir='ltr'><strong>illa</strong></span> <span class='ocrx_word' id='word_1_295' title='bbox 1222 3908 1235 3930; x_wconf 92' lang='lat'><strong>,</strong></span> <span class='ocrx_word' id='word_1_296' title='bbox 1288 3867 1350 3919; x_wconf 88' lang='lat' dir='ltr'><strong>de</strong></span> <span class='ocrx_word' id='word_1_297' title='bbox 1389 3866 1598 3918; x_wconf 80' lang='lat' dir='ltr'><strong>muliere</strong></span> <span class='ocrx_word' id='word_1_298' title='bbox 1642 3864 1825 3934; x_wconf 84' lang='lat' dir='ltr'><strong>septies</strong></span> 
     </span>
    </p>
   </div>
   <div class='ocr_carea' id='block_1_40' title="bbox 247 3957 1825 4039">
    <p class='ocr_par' dir='ltr' id='par_1_40' title="bbox 247 3957 1825 4039">
     <span class='ocr_line' id='line_1_40' title="bbox 247 3957 1825 4039; baseline -0.011 -14"><span class='ocrx_word' id='word_1_299' title='bbox 247 3985 503 4039; x_wconf 81' lang='lat' dir='ltr'><strong>percussa,</strong></span> <span class='ocrx_word' id='word_1_300' title='bbox 529 3981 687 4037; x_wconf 90' lang='lat' dir='ltr'><strong>quam</strong></span> <span class='ocrx_word' id='word_1_301' title='bbox 733 3963 1046 4018; x_wconf 71' lang='lat' dir='ltr'><strong>Innocentio</strong></span> <span class='ocrx_word' id='word_1_302' title='bbox 1090 3959 1382 4028; x_wconf 84' lang='lat' dir='ltr'><strong>inscripsit,</strong></span> <span class='ocrx_word' id='word_1_303' title='bbox 1411 3964 1466 4011; x_wconf 91' lang='lat' dir='ltr'><strong>et</strong></span> <span class='ocrx_word' id='word_1_304' title='bbox 1490 3957 1572 4012; x_wconf 91' lang='lat' dir='ltr'><strong>cui</strong></span> <span class='ocrx_word' id='word_1_305' title='bbox 1597 3957 1825 4026; x_wconf 84' lang='lat' dir='ltr'><strong>primunt</strong></span> 
     </span>
    </p>
   </div>
   <div class='ocr_carea' id='block_1_41' title="bbox 247 4047 1829 4128">
    <p class='ocr_par' dir='ltr' id='par_1_41' title="bbox 247 4047 1829 4128">
     <span class='ocr_line' id='line_1_41' title="bbox 247 4047 1829 4128; baseline -0.01 -12"><span class='ocrx_word' id='word_1_306' title='bbox 247 4075 336 4116; x_wconf 89' lang='lat' dir='ltr'><strong>nos</strong></span> <span class='ocrx_word' id='word_1_307' title='bbox 380 4061 439 4114; x_wconf 93' lang='lat' dir='ltr'><strong>in</strong></span> <span class='ocrx_word' id='word_1_308' title='bbox 487 4057 846 4128; x_wconf 85' lang='lat' dir='ltr'><strong>Epistolarum</strong></span> <span class='ocrx_word' id='word_1_309' title='bbox 879 4053 1019 4109; x_wconf 89' lang='lat' dir='ltr'><strong>serie</strong></span> <span class='ocrx_word' id='word_1_310' title='bbox 1041 4094 1056 4118; x_wconf 94' lang='lat'><strong>,</strong></span> <span class='ocrx_word' id='word_1_311' title='bbox 1086 4065 1245 4121; x_wconf 86' lang='lat' dir='ltr'><strong>quem</strong></span> <span class='ocrx_word' id='word_1_312' title='bbox 1285 4059 1340 4104; x_wconf 92' lang='lat' dir='ltr'><strong>et</strong></span> <span class='ocrx_word' id='word_1_313' title='bbox 1385 4050 1436 4103; x_wconf 92' lang='lat' dir='ltr'><strong>in</strong></span> <span class='ocrx_word' id='word_1_314' title='bbox 1465 4049 1686 4118; x_wconf 85' lang='lat' dir='ltr'><strong>reliquis</strong></span> <span class='ocrx_word' id='word_1_315' title='bbox 1713 4047 1829 4118; x_wconf 91' lang='lat' dir='ltr'><strong>ejus</strong></span> 
     </span>
    </p>
   </div>
   <div class='ocr_carea' id='block_1_42' title="bbox 249 4139 1828 4226">
    <p class='ocr_par' dir='ltr' id='par_1_42' title="bbox 249 4139 1828 4226">
     <span class='ocr_line' id='line_1_42' title="bbox 249 4139 1828 4226; baseline -0.008 -18"><span class='ocrx_word' id='word_1_316' title='bbox 249 4153 460 4226; x_wconf 86' lang='lat' dir='ltr'><strong>scriptis</strong></span> <span class='ocrx_word' id='word_1_317' title='bbox 508 4152 704 4216; x_wconf 87' lang='lat' dir='ltr'><strong>habet,</strong></span> <span class='ocrx_word' id='word_1_318' title='bbox 749 4149 926 4204; x_wconf 90' lang='lat' dir='ltr'><strong>locum</strong></span> <span class='ocrx_word' id='word_1_319' title='bbox 957 4145 1335 4200; x_wconf 90' lang='lat' dir='ltr'><strong>adtribuimus.</strong></span> <span class='ocrx_word' id='word_1_320' title='bbox 1369 4141 1708 4197; x_wconf 84' lang='lat' dir='ltr'><strong>Innocentius</strong></span> <span class='ocrx_word' id='word_1_321' title='bbox 1739 4139 1828 4195; x_wconf 93' lang='lat' dir='ltr'><strong>ille</strong></span> 
     </span>
    </p>
   </div>
   <div class='ocr_carea' id='block_1_43' title="bbox 251 4231 1830 4313">
    <p class='ocr_par' dir='ltr' id='par_1_43' title="bbox 251 4231 1830 4313">
     <span class='ocr_line' id='line_1_43' title="bbox 251 4231 1830 4313; baseline -0.009 -13"><span class='ocrx_word' id='word_1_322' title='bbox 251 4245 380 4302; x_wconf 91' lang='lat' dir='ltr'><strong>idem</strong></span> <span class='ocrx_word' id='word_1_323' title='bbox 415 4253 502 4301; x_wconf 90' lang='lat' dir='ltr'><strong>est</strong></span> <span class='ocrx_word' id='word_1_324' title='bbox 524 4285 539 4310; x_wconf 94' lang='lat'><strong>,</strong></span> <span class='ocrx_word' id='word_1_325' title='bbox 583 4244 672 4313; x_wconf 90' lang='lat' dir='ltr'><strong>qui</strong></span> <span class='ocrx_word' id='word_1_326' title='bbox 705 4241 861 4312; x_wconf 85' lang='lat' dir='ltr'><strong>paulo</strong></span> <span class='ocrx_word' id='word_1_327' title='bbox 899 4247 1020 4310; x_wconf 91' lang='lat' dir='ltr'><strong>post</strong></span> <span class='ocrx_word' id='word_1_328' title='bbox 1048 4238 1294 4308; x_wconf 85' lang='lat' dir='ltr'><strong>migranti</strong></span> <span class='ocrx_word' id='word_1_329' title='bbox 1329 4236 1379 4290; x_wconf 93' lang='lat' dir='ltr'><strong>in</strong></span> <span class='ocrx_word' id='word_1_330' title='bbox 1406 4235 1678 4290; x_wconf 85' lang='lat' dir='ltr'><strong>Orientem</strong></span> <span class='ocrx_word' id='word_1_331' title='bbox 1706 4231 1830 4286; x_wconf 81' lang='lat' dir='ltr'><strong>Hic-</strong></span> 
     </span>
    </p>
   </div>
   <div class='ocr_carea' id='block_1_44' title="bbox 253 4323 1830 4408">
    <p class='ocr_par' dir='ltr' id='par_1_44' title="bbox 253 4323 1830 4408">
     <span class='ocr_line' id='line_1_44' title="bbox 253 4323 1830 4408; baseline -0.009 -17"><span class='ocrx_word' id='word_1_332' title='bbox 253 4349 472 4408; x_wconf 84' lang='lat' dir='ltr'><strong>ronymo</strong></span> <span class='ocrx_word' id='word_1_333' title='bbox 503 4348 562 4388; x_wconf 91' lang='lat' dir='ltr'><strong>se</strong></span> <span class='ocrx_word' id='word_1_334' title='bbox 591 4333 844 4388; x_wconf 91' lang='lat' dir='ltr'><strong>comitem</strong></span> <span class='ocrx_word' id='word_1_335' title='bbox 875 4328 1022 4384; x_wconf 90' lang='lat' dir='ltr'><strong>dedit</strong></span> <span class='ocrx_word' id='word_1_336' title='bbox 1054 4346 1068 4384; x_wconf 89' lang='lat'><strong>:</strong></span> <span class='ocrx_word' id='word_1_337' title='bbox 1098 4341 1272 4398; x_wconf 89' lang='lat' dir='ltr'><strong>neque</strong></span> <span class='ocrx_word' id='word_1_338' title='bbox 1309 4327 1451 4381; x_wconf 89' lang='lat' dir='ltr'><strong>enim</strong></span> <span class='ocrx_word' id='word_1_339' title='bbox 1483 4323 1830 4394; x_wconf 84' lang='lat' dir='ltr'><strong>cognomines</strong></span> 
     </span>
    </p>
   </div>
   <div class='ocr_carea' id='block_1_45' title="bbox 255 4413 1828 4494">
    <p class='ocr_par' dir='ltr' id='par_1_45' title="bbox 255 4413 1828 4494">
     <span class='ocr_line' id='line_1_45' title="bbox 255 4413 1828 4494; baseline -0.006 -16"><span class='ocrx_word' id='word_1_340' title='bbox 255 4426 379 4481; x_wconf 89' lang='lat' dir='ltr'><strong>alios</strong></span> <span class='ocrx_word' id='word_1_341' title='bbox 429 4425 712 4494; x_wconf 91' lang='lat' dir='ltr'><strong>eidemque</strong></span> <span class='ocrx_word' id='word_1_342' title='bbox 762 4420 1150 4484; x_wconf 90' lang='lat' dir='ltr'><strong>amicissimos,</strong></span> <span class='ocrx_word' id='word_1_343' title='bbox 1205 4425 1264 4472; x_wconf 88' lang='lat' dir='ltr'><strong>ut</strong></span> <span class='ocrx_word' id='word_1_344' title='bbox 1313 4415 1558 4472; x_wconf 89' lang='lat' dir='ltr'><strong>nonnulli</strong></span> <span class='ocrx_word' id='word_1_345' title='bbox 1601 4413 1828 4481; x_wconf 85' lang='lat' dir='ltr'><strong>faciunt,</strong></span> 
     </span>
    </p>
   </div>
   <div class='ocr_carea' id='block_1_46' title="bbox 256 4507 1833 4584">
    <p class='ocr_par' dir='ltr' id='par_1_46' title="bbox 256 4507 1833 4584">
     <span class='ocr_line' id='line_1_46' title="bbox 256 4507 1833 4584; baseline -0.008 -10"><span class='ocrx_word' id='word_1_346' title='bbox 256 4517 592 4574; x_wconf 86' lang='lat' dir='ltr'><strong>comminisci</strong></span> <span class='ocrx_word' id='word_1_347' title='bbox 626 4517 771 4570; x_wconf 91' lang='lat' dir='ltr'><strong>licet.</strong></span> <span class='ocrx_word' id='word_1_348' title='bbox 803 4514 1039 4584; x_wconf 86' lang='lat' dir='ltr'><strong>Tempus</strong></span> <span class='ocrx_word' id='word_1_349' title='bbox 1077 4509 1218 4581; x_wconf 91' lang='lat' dir='ltr'><strong>quod</strong></span> <span class='ocrx_word' id='word_1_350' title='bbox 1249 4517 1474 4580; x_wconf 90' lang='lat' dir='ltr'><strong>spectat,</strong></span> <span class='ocrx_word' id='word_1_351' title='bbox 1506 4508 1557 4562; x_wconf 91' lang='lat' dir='ltr'><strong>in</strong></span> <span class='ocrx_word' id='word_1_352' title='bbox 1589 4507 1833 4562; x_wconf 87' lang='lat' dir='ltr'><strong>Chrono-</strong></span> 
     </span>
    </p>
   </div>
   <div class='ocr_carea' id='block_1_47' title="bbox 257 4604 1835 4684">
    <p class='ocr_par' dir='ltr' id='par_1_47' title="bbox 257 4604 1835 4684">
     <span class='ocr_line' id='line_1_47' title="bbox 257 4604 1835 4684; baseline -0.004 -18"><span class='ocrx_word' id='word_1_353' title='bbox 257 4613 433 4684; x_wconf 85' lang='lat' dir='ltr'><strong>logicis</strong></span> <span class='ocrx_word' id='word_1_354' title='bbox 460 4612 528 4666; x_wconf 87' lang='lat' dir='ltr'><strong>ad</strong></span> <span class='ocrx_word' id='word_1_355' title='bbox 579 4626 698 4665; x_wconf 87' lang='lat' dir='ltr'><strong>eam</strong></span> <span class='ocrx_word' id='word_1_356' title='bbox 729 4609 1022 4679; x_wconf 87' lang='lat' dir='ltr'><strong>Epistolatn</strong></span> <span class='ocrx_word' id='word_1_357' title='bbox 1069 4606 1238 4667; x_wconf 89' lang='lat' dir='ltr'><strong>notis,</strong></span> <span class='ocrx_word' id='word_1_358' title='bbox 1269 4621 1399 4676; x_wconf 88' lang='lat' dir='ltr'><strong>quas</strong></span> <span class='ocrx_word' id='word_1_359' title='bbox 1429 4604 1548 4658; x_wconf 90' lang='lat' dir='ltr'><strong>hcic</strong></span> <span class='ocrx_word' id='word_1_360' title='bbox 1589 4611 1835 4670; x_wconf 86' lang='lat' dir='ltr'><strong>repetere</strong></span> 
     </span>
    </p>
   </div>
   <div class='ocr_carea' id='block_1_48' title="bbox 265 4695 1835 4774">
    <p class='ocr_par' dir='ltr' id='par_1_48' title="bbox 265 4695 1835 4774">
     <span class='ocr_line' id='line_1_48' title="bbox 265 4695 1835 4774; baseline -0.008 -18"><span class='ocrx_word' id='word_1_361' title='bbox 265 4703 468 4774; x_wconf 88' lang='lat' dir='ltr'><strong>l0ngmn</strong></span> <span class='ocrx_word' id='word_1_362' title='bbox 498 4709 680 4767; x_wconf 87' lang='lat' dir='ltr'><strong>esset,</strong></span> <span class='ocrx_word' id='word_1_363' title='bbox 709 4709 761 4754; x_wconf 92' lang='lat' dir='ltr'><strong>et</strong></span> <span class='ocrx_word' id='word_1_364' title='bbox 792 4708 984 4769; x_wconf 71' lang='lat' dir='ltr'><strong>prmter</strong></span> <span class='ocrx_word' id='word_1_365' title='bbox 1011 4712 1145 4762; x_wconf 89' lang='lat' dir='ltr'><strong>rem,</strong></span> <span class='ocrx_word' id='word_1_366' title='bbox 1174 4695 1354 4750; x_wconf 88' lang='lat' dir='ltr'><strong>videre</strong></span> <span class='ocrx_word' id='word_1_367' title='bbox 1382 4703 1466 4750; x_wconf 90' lang='lat' dir='ltr'><strong>est</strong></span> <span class='ocrx_word' id='word_1_368' title='bbox 1503 4702 1835 4766; x_wconf 83' lang='lat' dir='ltr'><strong>argumenta,</strong></span> 
     </span>
    </p>
   </div>
   <div class='ocr_carea' id='block_1_49' title="bbox 260 4787 1836 4867">
    <p class='ocr_par' dir='ltr' id='par_1_49' title="bbox 260 4787 1836 4867">
     <span class='ocr_line' id='line_1_49' title="bbox 260 4787 1836 4867; baseline -0.006 -18"><span class='ocrx_word' id='word_1_369' title='bbox 260 4796 443 4867; x_wconf 90' lang='lat' dir='ltr'><strong>quibus</strong></span> <span class='ocrx_word' id='word_1_370' title='bbox 487 4808 608 4848; x_wconf 88' lang='lat' dir='ltr'><strong>eam</strong></span> <span class='ocrx_word' id='word_1_371' title='bbox 656 4790 778 4849; x_wconf 90' lang='lat' dir='ltr'><strong>huic</strong></span> <span class='ocrx_word' id='word_1_372' title='bbox 827 4790 1080 4860; x_wconf 89' lang='lat' dir='ltr'><strong>temporis</strong></span> <span class='ocrx_word' id='word_1_373' title='bbox 1112 4789 1299 4842; x_wconf 88' lang='lat' dir='ltr'><strong>tractni</strong></span> <span class='ocrx_word' id='word_1_374' title='bbox 1327 4829 1340 4852; x_wconf 91' lang='lat'><strong>,</strong></span> <span class='ocrx_word' id='word_1_375' title='bbox 1373 4787 1485 4842; x_wconf 89' lang='lat' dir='ltr'><strong>sive</strong></span> <span class='ocrx_word' id='word_1_376' title='bbox 1522 4803 1668 4842; x_wconf 89' lang='lat' dir='ltr'><strong>anno</strong></span> <span class='ocrx_word' id='word_1_377' title='bbox 1710 4787 1836 4852; x_wconf 76' lang='lat' dir='ltr'><strong>57f,</strong></span> 
     </span>
    </p>
   </div>
   <div class='ocr_carea' id='block_1_50' title="bbox 261 4874 1840 4952">
    <p class='ocr_par' dir='ltr' id='par_1_50' title="bbox 261 4874 1840 4952">
     <span class='ocr_line' id='line_1_50' title="bbox 261 4874 1840 4952; baseline -0.006 -14"><span class='ocrx_word' id='word_1_378' title='bbox 261 4883 560 4939; x_wconf 85' lang='lat' dir='ltr'><strong>adscribere</strong></span> <span class='ocrx_word' id='word_1_379' title='bbox 591 4879 831 4952; x_wconf 86' lang='lat' dir='ltr'><strong>persuasi</strong></span> <span class='ocrx_word' id='word_1_380' title='bbox 863 4893 1067 4939; x_wconf 83' lang='lat' dir='ltr'><strong>sumus.</strong></span> <span class='ocrx_word' id='word_1_381' title='bbox 1101 4877 1250 4932; x_wconf 85' lang='lat' dir='ltr'><strong>Nunc</strong></span> <span class='ocrx_word' id='word_1_382' title='bbox 1281 4877 1540 4943; x_wconf 88' lang='lat' dir='ltr'><strong>velimus,</strong></span> <span class='ocrx_word' id='word_1_383' title='bbox 1577 4890 1719 4930; x_wconf 89' lang='lat' dir='ltr'><strong>anno</strong></span> <span class='ocrx_word' id='word_1_384' title='bbox 1747 4874 1840 4929; x_wconf 84' lang='lat' dir='ltr'><strong>ad-</strong></span> 
     </span>
    </p>
   </div>
   <div class='ocr_carea' id='block_1_51' title="bbox 257 4966 1843 5046">
    <p class='ocr_par' dir='ltr' id='par_1_51' title="bbox 257 4966 1843 5046">
     <span class='ocr_line' id='line_1_51' title="bbox 257 4966 1843 5046; baseline -0.005 -16"><span class='ocrx_word' id='word_1_385' title='bbox 257 4976 359 5031; x_wconf 87' lang='lat' dir='ltr'><strong>huc</strong></span> <span class='ocrx_word' id='word_1_386' title='bbox 406 4975 582 5031; x_wconf 86' lang='lat' dir='ltr'><strong>serius</strong></span> <span class='ocrx_word' id='word_1_387' title='bbox 627 4972 831 5028; x_wconf 81' lang='lat' dir='ltr'><strong>dilierri</strong></span> <span class='ocrx_word' id='word_1_388' title='bbox 859 5013 872 5036; x_wconf 94' lang='lat'><strong>,</strong></span> <span class='ocrx_word' id='word_1_389' title='bbox 917 4971 1028 5026; x_wconf 89' lang='lat' dir='ltr'><strong>sive</strong></span> <span class='ocrx_word' id='word_1_390' title='bbox 1081 4978 1199 5046; x_wconf 89' lang='lat' dir='ltr'><strong>post</strong></span> <span class='ocrx_word' id='word_1_391' title='bbox 1259 4972 1570 5025; x_wconf 89' lang='lat' dir='ltr'><strong>damnatum</strong></span> <span class='ocrx_word' id='word_1_392' title='bbox 1632 4966 1843 5038; x_wconf 82' lang='lat' dir='ltr'><strong>Evagrii</strong></span> 
     </span>
    </p>
   </div>
   <div class='ocr_carea' id='block_1_52' title="bbox 262 5057 1844 5135">
    <p class='ocr_par' dir='ltr' id='par_1_52' title="bbox 262 5057 1844 5135">
     <span class='ocr_line' id='line_1_52' title="bbox 262 5057 1844 5135; baseline -0.003 -16"><span class='ocrx_word' id='word_1_393' title='bbox 262 5081 416 5135; x_wconf 88' lang='lat' dir='ltr'><strong>opera</strong></span> <span class='ocrx_word' id='word_1_394' title='bbox 448 5065 780 5121; x_wconf 80' lang='lat' dir='ltr'><strong>Auxentium</strong></span> <span class='ocrx_word' id='word_1_395' title='bbox 811 5063 862 5117; x_wconf 92' lang='lat' dir='ltr'><strong>in</strong></span> <span class='ocrx_word' id='word_1_396' title='bbox 891 5061 1130 5116; x_wconf 81' lang='lat' dir='ltr'><strong>Romana</strong></span> <span class='ocrx_word' id='word_1_397' title='bbox 1172 5057 1394 5132; x_wconf 86' lang='lat' dir='ltr'><strong>Synodo</strong></span> <span class='ocrx_word' id='word_1_398' title='bbox 1414 5059 1540 5114; x_wconf 91' lang='lat' dir='ltr'><strong>anni</strong></span> <span class='ocrx_word' id='word_1_399' title='bbox 1568 5058 1694 5114; x_wconf 76' lang='grc'><strong>572.</strong></span> <span class='ocrx_word' id='word_1_400' title='bbox 1725 5057 1844 5115; x_wconf 69' lang='grc' dir='ltr'><strong>(-</strong></span> 
     </span>
    </p>
   </div>
   <div class='ocr_carea' id='block_1_53' title="bbox 225 5152 1838 5230">
    <p class='ocr_par' dir='ltr' id='par_1_53' title="bbox 225 5152 1838 5230">
     <span class='ocr_line' id='line_1_53' title="bbox 225 5152 1838 5230; baseline -0.002 -20"><span class='ocrx_word' id='word_1_401' title='bbox 225 5218 237 5230; x_wconf 44' lang='grc'><strong></strong></span> <span class='ocrx_word' id='word_1_402' title='bbox 267 5163 428 5210; x_wconf 88' lang='lat' dir='ltr'><strong>terum</strong></span> <span class='ocrx_word' id='word_1_403' title='bbox 458 5172 558 5212; x_wconf 91' lang='lat' dir='ltr'><strong>nec</strong></span> <span class='ocrx_word' id='word_1_404' title='bbox 589 5155 959 5226; x_wconf 86' lang='lat' dir='ltr'><strong>probabilitate</strong></span> <span class='ocrx_word' id='word_1_405' title='bbox 986 5167 1078 5208; x_wconf 92' lang='lat' dir='ltr'><strong>sua</strong></span> <span class='ocrx_word' id='word_1_406' title='bbox 1104 5161 1295 5207; x_wconf 87' lang='lat' dir='ltr'><strong>carent</strong></span> <span class='ocrx_word' id='word_1_407' title='bbox 1319 5152 1549 5207; x_wconf 90' lang='lat' dir='ltr'><strong>aliorum</strong></span> <span class='ocrx_word' id='word_1_408' title='bbox 1580 5152 1838 5220; x_wconf 88' lang='lat' dir='ltr'><strong>rationes,</strong></span> 
     </span>
    </p>
   </div>
   <div class='ocr_carea' id='block_1_54' title="bbox 266 5245 1840 5320">
    <p class='ocr_par' dir='ltr' id='par_1_54' title="bbox 266 5245 1840 5320">
     <span class='ocr_line' id='line_1_54' title="bbox 266 5245 1840 5320; baseline -0.001 -19"><span class='ocrx_word' id='word_1_409' title='bbox 266 5252 343 5320; x_wconf 88' lang='lat' dir='ltr'><strong>qui</strong></span> <span class='ocrx_word' id='word_1_410' title='bbox 372 5251 550 5306; x_wconf 86' lang='lat' dir='ltr'><strong>serius</strong></span> <span class='ocrx_word' id='word_1_411' title='bbox 593 5249 769 5304; x_wconf 88' lang='lat' dir='ltr'><strong>adhuc</strong></span> <span class='ocrx_word' id='word_1_412' title='bbox 797 5264 913 5303; x_wconf 91' lang='lat' dir='ltr'><strong>eam</strong></span> <span class='ocrx_word' id='word_1_413' title='bbox 961 5245 1316 5318; x_wconf 90' lang='lat' dir='ltr'><strong>protrahunt,</strong></span> <span class='ocrx_word' id='word_1_414' title='bbox 1369 5246 1483 5302; x_wconf 83' lang='lat' dir='ltr'><strong>sive</strong></span> <span class='ocrx_word' id='word_1_415' title='bbox 1532 5245 1598 5300; x_wconf 89' lang='lat' dir='ltr'><strong>ad</strong></span> <span class='ocrx_word' id='word_1_416' title='bbox 1644 5261 1840 5300; x_wconf 88' lang='lat' dir='ltr'><strong>annum</strong></span> 
     </span>
    </p>
   </div>
   <div class='ocr_carea' id='block_1_55' title="bbox 268 5339 1844 5413">
    <p class='ocr_par' dir='ltr' id='par_1_55' title="bbox 268 5339 1844 5413">
     <span class='ocr_line' id='line_1_55' title="bbox 268 5339 1844 5413; baseline -0.002 -18"><span class='ocrx_word' id='word_1_417' title='bbox 268 5359 425 5413; x_wconf 89' lang='lat' dir='ltr'><strong>usque</strong></span> <span class='ocrx_word' id='word_1_418' title='bbox 450 5344 581 5410; x_wconf 63' lang='lat' dir='ltr'><strong>37d,</strong></span> <span class='ocrx_word' id='word_1_419' title='bbox 609 5358 728 5398; x_wconf 91' lang='lat' dir='ltr'><strong>cum</strong></span> <span class='ocrx_word' id='word_1_420' title='bbox 764 5349 882 5411; x_wconf 90' lang='lat' dir='ltr'><strong>post</strong></span> <span class='ocrx_word' id='word_1_421' title='bbox 925 5341 1137 5410; x_wconf 89' lang='lat' dir='ltr'><strong>longam</strong></span> <span class='ocrx_word' id='word_1_422' title='bbox 1179 5340 1232 5394; x_wconf 93' lang='lat' dir='ltr'><strong>in</strong></span> <span class='ocrx_word' id='word_1_423' title='bbox 1277 5339 1501 5394; x_wconf 86' lang='lat' dir='ltr'><strong>Oriente</strong></span> <span class='ocrx_word' id='word_1_424' title='bbox 1533 5339 1844 5408; x_wconf 87' lang='lat' dir='ltr'><strong>pcregrina-</strong></span> 
     </span>
    </p>
   </div>
   <div class='ocr_carea' id='block_1_56' title="bbox 270 5429 1844 5489">
    <p class='ocr_par' dir='ltr' id='par_1_56' title="bbox 270 5429 1844 5489">
     <span class='ocr_line' id='line_1_56' title="bbox 270 5429 1844 5489; baseline 0.001 -6"><span class='ocrx_word' id='word_1_425' title='bbox 270 5432 459 5488; x_wconf 83' lang='lat' dir='ltr'><strong>tinnem</strong></span> <span class='ocrx_word' id='word_1_426' title='bbox 490 5433 549 5489; x_wconf 92' lang='lat' dir='ltr'><strong>S.</strong></span> <span class='ocrx_word' id='word_1_427' title='bbox 575 5433 736 5488; x_wconf 87' lang='lat' dir='ltr'><strong>Pater</strong></span> <span class='ocrx_word' id='word_1_428' title='bbox 764 5431 1057 5486; x_wconf 73' lang='lat' dir='ltr'><strong>Antiochiae</strong></span> <span class='ocrx_word' id='word_1_429' title='bbox 1082 5429 1463 5484; x_wconf 89' lang='lat' dir='ltr'><strong>diversaretur.</strong></span> <span class='ocrx_word' id='word_1_430' title='bbox 1498 5429 1844 5485; x_wconf 81' lang='lat' dir='ltr'><strong>Potissimum</strong></span> 
     </span>
    </p>
   </div>
   <div class='ocr_carea' id='block_1_57' title="bbox 269 5522 1846 5597">
    <p class='ocr_par' dir='ltr' id='par_1_57' title="bbox 269 5522 1846 5597">
     <span class='ocr_line' id='line_1_57' title="bbox 269 5522 1846 5597; baseline 0.001 -20"><span class='ocrx_word' id='word_1_431' title='bbox 269 5537 438 5582; x_wconf 88' lang='lat' dir='ltr'><strong>autem</strong></span> <span class='ocrx_word' id='word_1_432' title='bbox 485 5532 886 5597; x_wconf 88' lang='lat' dir='ltr'><strong>argumentum,</strong></span> <span class='ocrx_word' id='word_1_433' title='bbox 926 5523 1066 5594; x_wconf 91' lang='lat' dir='ltr'><strong>quod</strong></span> <span class='ocrx_word' id='word_1_434' title='bbox 1098 5522 1167 5576; x_wconf 94' lang='lat' dir='ltr'><strong>ab</strong></span> <span class='ocrx_word' id='word_1_435' title='bbox 1195 5522 1444 5577; x_wconf 78' lang='lat' dir='ltr'><strong>Auxentii</strong></span> <span class='ocrx_word' id='word_1_436' title='bbox 1474 5531 1649 5578; x_wconf 90' lang='lat' dir='ltr'><strong>morte</strong></span> <span class='ocrx_word' id='word_1_437' title='bbox 1690 5537 1846 5593; x_wconf 86' lang='lat' dir='ltr'><strong>repe-</strong></span> 
     </span>
    </p>
   </div>
   <div class='ocr_carea' id='block_1_58' title="bbox 275 5615 1845 5688">
    <p class='ocr_par' dir='ltr' id='par_1_58' title="bbox 275 5615 1845 5688">
     <span class='ocr_line' id='line_1_58' title="bbox 275 5615 1845 5688; baseline 0.001 -19"><span class='ocrx_word' id='word_1_438' title='bbox 275 5625 400 5686; x_wconf 92' lang='lat' dir='ltr'><strong>tunt,</strong></span> <span class='ocrx_word' id='word_1_439' title='bbox 433 5619 527 5675; x_wconf 90' lang='lat' dir='ltr'><strong>ubi</strong></span> <span class='ocrx_word' id='word_1_440' title='bbox 571 5618 770 5674; x_wconf 89' lang='lat' dir='ltr'><strong>dicitur</strong></span> <span class='ocrx_word' id='word_1_441' title='bbox 809 5615 1017 5688; x_wconf 80' lang='lat' dir='ltr'><strong>Evagrii</strong></span> <span class='ocrx_word' id='word_1_442' title='bbox 1047 5615 1270 5670; x_wconf 73' lang='lat' dir='ltr'><strong>excubiis</strong></span> <span class='ocrx_word' id='word_1_443' title='bbox 1298 5615 1525 5685; x_wconf 83' lang='lat' dir='ltr'><strong>sepultus</strong></span> <span class='ocrx_word' id='word_1_444' title='bbox 1553 5631 1678 5686; x_wconf 84' lang='lat' dir='ltr'><strong>pene</strong></span> <span class='ocrx_word' id='word_1_445' title='bbox 1701 5625 1845 5670; x_wconf 85' lang='lat' dir='ltr'><strong>aute-</strong></span> 
     </span>
    </p>
   </div>
   <div class='ocr_carea' id='block_1_59' title="bbox 271 5707 1840 5777">
    <p class='ocr_par' dir='ltr' id='par_1_59' title="bbox 271 5707 1840 5777">
     <span class='ocr_line' id='line_1_59' title="bbox 271 5707 1840 5777; baseline 0.001 -15"><span class='ocrx_word' id='word_1_446' title='bbox 271 5724 410 5772; x_wconf 78' lang='lat' dir='ltr'><strong>quam</strong></span> <span class='ocrx_word' id='word_1_447' title='bbox 454 5719 684 5764; x_wconf 79' lang='lat' dir='ltr'><strong>mortuus</strong></span> <span class='ocrx_word' id='word_1_448' title='bbox 709 5752 724 5775; x_wconf 93' lang='lat'><strong>,</strong></span> <span class='ocrx_word' id='word_1_449' title='bbox 759 5725 867 5764; x_wconf 92' lang='lat' dir='ltr'><strong>non</strong></span> <span class='ocrx_word' id='word_1_450' title='bbox 907 5707 1151 5765; x_wconf 87' lang='lat' dir='ltr'><strong>eamdem</strong></span> <span class='ocrx_word' id='word_1_451' title='bbox 1185 5707 1324 5777; x_wconf 89' lang='lat' dir='ltr'><strong>apud</strong></span> <span class='ocrx_word' id='word_1_452' title='bbox 1373 5723 1472 5764; x_wconf 91' lang='lat' dir='ltr'><strong>nos</strong></span> <span class='ocrx_word' id='word_1_453' title='bbox 1521 5708 1629 5762; x_wconf 92' lang='lat' dir='ltr'><strong>vim</strong></span> <span class='ocrx_word' id='word_1_454' title='bbox 1661 5708 1840 5763; x_wconf 85' lang='lat' dir='ltr'><strong>habet.</strong></span> 
     </span>
    </p>
   </div>
   <div class='ocr_carea' id='block_1_60' title="bbox 275 5795 1893 5880">
    <p class='ocr_par' dir='ltr' id='par_1_60' title="bbox 275 5795 1893 5880">
     <span class='ocr_line' id='line_1_60' title="bbox 275 5795 1893 5880; baseline 0.002 -28"><span class='ocrx_word' id='word_1_455' title='bbox 275 5795 390 5856; x_wconf 82' lang='lat' dir='ltr'><strong>Nam</strong></span> <span class='ocrx_word' id='word_1_456' title='bbox 443 5813 718 5858; x_wconf 89' lang='lat' dir='ltr'><strong>mortuum</strong></span> <span class='ocrx_word' id='word_1_457' title='bbox 751 5817 939 5860; x_wconf 78' lang='lat' dir='ltr'><strong>revera</strong></span> <span class='ocrx_word' id='word_1_458' title='bbox 987 5800 1218 5880; x_wconf 83' lang='lat' dir='ltr'><strong>indicari</strong></span> <span class='ocrx_word' id='word_1_459' title='bbox 1265 5799 1439 5856; x_wconf 83' lang='lat' dir='ltr'><strong>verbis</strong></span> <span class='ocrx_word' id='word_1_460' title='bbox 1488 5801 1593 5858; x_wconf 88' lang='lat' dir='ltr'><strong>illis</strong></span> <span class='ocrx_word' id='word_1_461' title='bbox 1623 5811 1843 5858; x_wconf 80' lang='lat' dir='ltr'><strong>conten-</strong></span> <span class='ocrx_word' id='word_1_462' title='bbox 1886 5867 1893 5873; x_wconf 28' lang='lat'><strong><em>.</em></strong></span> 
     </span>
    </p>
   </div>
   <div class='ocr_carea' id='block_1_61' title="bbox 3434 365 3504 422">
    <p class='ocr_par' dir='ltr' id='par_1_61' title="bbox 3434 365 3504 422">
     <span class='ocr_line' id='line_1_61' title="bbox 3434 365 3504 422; baseline 0 -2"><span class='ocrx_word' id='word_1_463' title='bbox 3434 365 3504 422; x_wconf 75' lang='grc'><strong>22</strong></span> 
     </span>
    </p>
   </div>
   <div class='ocr_carea' id='block_1_62' title="bbox 1921 473 3498 552">
    <p class='ocr_par' dir='ltr' id='par_1_62' title="bbox 1921 473 3498 552">
     <span class='ocr_line' id='line_1_62' title="bbox 1921 473 3498 552; baseline 0.001 -18"><span class='ocrx_word' id='word_1_464' title='bbox 1921 478 2098 534; x_wconf 89' lang='lat' dir='ltr'><strong>dunt:</strong></span> <span class='ocrx_word' id='word_1_465' title='bbox 2154 489 2252 530; x_wconf 89' lang='lat' dir='ltr'><strong>nos</strong></span> <span class='ocrx_word' id='word_1_466' title='bbox 2279 473 2546 546; x_wconf 78' lang='lat' dir='ltr'><strong>sepultura</strong></span> <span class='ocrx_word' id='word_1_467' title='bbox 2596 475 2810 545; x_wconf 87' lang='lat' dir='ltr'><strong>quidem</strong></span> <span class='ocrx_word' id='word_1_468' title='bbox 2851 489 3167 552; x_wconf 67' lang='grc' dir='ltr'><strong></strong></span> <span class='ocrx_word' id='word_1_469' title='bbox 3209 477 3346 546; x_wconf 90' lang='lat' dir='ltr'><strong>dici,</strong></span> <span class='ocrx_word' id='word_1_470' title='bbox 3377 494 3498 536; x_wconf 88' lang='lat' dir='ltr'><strong>cum</strong></span> 
     </span>
    </p>
   </div>
   <div class='ocr_carea' id='block_1_63' title="bbox 1917 567 3496 642">
    <p class='ocr_par' dir='ltr' id='par_1_63' title="bbox 1917 567 3496 642">
     <span class='ocr_line' id='line_1_63' title="bbox 1917 567 3496 642; baseline 0.004 -20"><span class='ocrx_word' id='word_1_471' title='bbox 1917 567 2255 622; x_wconf 88' lang='lat' dir='ltr'><strong>anathemate</strong></span> <span class='ocrx_word' id='word_1_472' title='bbox 2287 580 2574 638; x_wconf 90' lang='lat' dir='ltr'><strong>percussus</strong></span> <span class='ocrx_word' id='word_1_473' title='bbox 2605 575 2686 621; x_wconf 90' lang='lat' dir='ltr'><strong>est</strong></span> <span class='ocrx_word' id='word_1_474' title='bbox 2707 607 2722 632; x_wconf 93' lang='lat'><strong>,</strong></span> <span class='ocrx_word' id='word_1_475' title='bbox 2771 567 3117 640; x_wconf 82' lang='lat' dir='ltr'><strong>intelligimus</strong></span> <span class='ocrx_word' id='word_1_476' title='bbox 3152 589 3166 626; x_wconf 89' lang='lat'><strong>:</strong></span> <span class='ocrx_word' id='word_1_477' title='bbox 3203 581 3496 642; x_wconf 85' lang='lat' dir='ltr'><strong>mortuum,</strong></span> 
     </span>
    </p>
   </div>
   <div class='ocr_carea' id='block_1_64' title="bbox 1917 659 2150 716">
    <p class='ocr_par' dir='ltr' id='par_1_64' title="bbox 1917 659 2150 716">
     <span class='ocr_line' id='line_1_64' title="bbox 1917 659 2150 716; baseline -0.017 0"><span class='ocrx_word' id='word_1_478' title='bbox 1917 675 2026 716; x_wconf 88' lang='lat' dir='ltr'><strong>non</strong></span> <span class='ocrx_word' id='word_1_479' title='bbox 2056 659 2150 714; x_wconf 85' lang='lat' dir='ltr'><strong>ita.</strong></span> 
     </span>
    </p>
   </div>
   <div class='ocr_carea' id='block_1_65' title="bbox 2534 790 2886 848">
    <p class='ocr_par' dir='ltr' id='par_1_65' title="bbox 2534 790 2886 848">
     <span class='ocr_line' id='line_1_65' title="bbox 2534 790 2886 848; baseline -0.003 -2"><span class='ocrx_word' id='word_1_480' title='bbox 2534 790 2760 848; x_wconf 77' lang='lat' dir='ltr'><strong>CAPUT</strong></span> <span class='ocrx_word' id='word_1_481' title='bbox 2798 791 2886 846; x_wconf 80' lang='lat' dir='ltr'><strong>Vl.</strong></span> 
     </span>
    </p>
   </div>
   <div class='ocr_carea' id='block_1_66' title="bbox 1916 905 3498 988">
    <p class='ocr_par' dir='ltr' id='par_1_66' title="bbox 1916 905 3498 988">
     <span class='ocr_line' id='line_1_66' title="bbox 1916 905 3498 988; baseline 0.002 -27"><span class='ocrx_word' id='word_1_482' title='bbox 1916 906 1960 962; x_wconf 88' lang='grc' dir='ltr'>.</span> <span class='ocrx_word' id='word_1_483' title='bbox 1993 905 2240 976; x_wconf 70' lang='lat' dir='ltr'><strong>Aquileiae</strong></span> <span class='ocrx_word' id='word_1_484' title='bbox 2278 909 2442 960; x_wconf 81' lang='lat' dir='ltr'><strong>varias</strong></span> <span class='ocrx_word' id='word_1_485' title='bbox 2472 906 2760 988; x_wconf 77' lang='lat' dir='ltr'><strong>inimicitias</strong></span> <span class='ocrx_word' id='word_1_486' title='bbox 2797 907 3030 962; x_wconf 82' lang='lat' dir='ltr'><strong>incurrit.</strong></span> <span class='ocrx_word' id='word_1_487' title='bbox 3065 906 3129 963; x_wconf 87' lang='grc'><strong>11.</strong></span> <span class='ocrx_word' id='word_1_488' title='bbox 3160 906 3293 964; x_wconf 85' lang='lat' dir='ltr'><strong>lude</strong></span> <span class='ocrx_word' id='word_1_489' title='bbox 3337 910 3498 965; x_wconf 82' lang='lat' dir='ltr'><strong>subito</strong></span> 
     </span>
    </p>
   </div>
   <div class='ocr_carea' id='block_1_67' title="bbox 2294 995 3126 1068">
    <p class='ocr_par' dir='ltr' id='par_1_67' title="bbox 2294 995 3126 1068">
     <span class='ocr_line' id='line_1_67' title="bbox 2294 995 3126 1068; baseline 0.001 -19"><span class='ocrx_word' id='word_1_490' title='bbox 2294 997 2519 1051; x_wconf 79' lang='lat' dir='ltr'><strong>divulsus</strong></span> <span class='ocrx_word' id='word_1_491' title='bbox 2549 997 2601 1050; x_wconf 84' lang='lat' dir='ltr'><strong>iu</strong></span> <span class='ocrx_word' id='word_1_492' title='bbox 2632 995 2883 1050; x_wconf 79' lang='lat' dir='ltr'><strong>Orientem</strong></span> <span class='ocrx_word' id='word_1_493' title='bbox 2905 996 3126 1068; x_wconf 84' lang='lat' dir='ltr'><strong>navigat.</strong></span> 
     </span>
    </p>
   </div>
   <div class='ocr_carea' id='block_1_68' title="bbox 1989 1131 3491 1204">
    <p class='ocr_par' dir='ltr' id='par_1_68' title="bbox 1989 1131 3491 1204">
     <span class='ocr_line' id='line_1_68' title="bbox 1989 1131 3491 1204; baseline -0.001 -14"><span class='ocrx_word' id='word_1_494' title='bbox 1989 1135 2026 1190; x_wconf 91' lang='grc' dir='ltr'>.</span> <span class='ocrx_word' id='word_1_495' title='bbox 2056 1135 2315 1204; x_wconf 88' lang='lat' dir='ltr'><strong>Perquant</strong></span> <span class='ocrx_word' id='word_1_496' title='bbox 2335 1133 2562 1188; x_wconf 89' lang='lat' dir='ltr'><strong>libenter</strong></span> <span class='ocrx_word' id='word_1_497' title='bbox 2582 1133 2816 1202; x_wconf 85' lang='lat' dir='ltr'><strong>degisset</strong></span> <span class='ocrx_word' id='word_1_498' title='bbox 2837 1131 3191 1204; x_wconf 78' lang='lat' dir='ltr'><strong>Hieronymus</strong></span> <span class='ocrx_word' id='word_1_499' title='bbox 3211 1133 3491 1202; x_wconf 50' lang='lat' dir='ltr'><strong>Aquileia;</strong></span> 
     </span>
    </p>
   </div>
   <div class='ocr_carea' id='block_1_69' title="bbox 1916 1224 3492 1298">
    <p class='ocr_par' dir='ltr' id='par_1_69' title="bbox 1916 1224 3492 1298">
     <span class='ocr_line' id='line_1_69' title="bbox 1916 1224 3492 1298; baseline -0.002 -15"><span class='ocrx_word' id='word_1_500' title='bbox 1916 1228 2145 1284; x_wconf 79' lang='lat' dir='ltr'><strong>fortasse</strong></span> <span class='ocrx_word' id='word_1_501' title='bbox 2171 1228 2332 1283; x_wconf 90' lang='lat' dir='ltr'><strong>etiam</strong></span> <span class='ocrx_word' id='word_1_502' title='bbox 2382 1226 2715 1298; x_wconf 89' lang='lat' dir='ltr'><strong>propositum</strong></span> <span class='ocrx_word' id='word_1_503' title='bbox 2746 1227 2857 1282; x_wconf 91' lang='lat' dir='ltr'><strong>Deo</strong></span> <span class='ocrx_word' id='word_1_504' title='bbox 2886 1224 3174 1297; x_wconf 80' lang='lat' dir='ltr'><strong>perfectius</strong></span> <span class='ocrx_word' id='word_1_505' title='bbox 3201 1225 3492 1289; x_wconf 88' lang='lat' dir='ltr'><strong>serviendi,</strong></span> 
     </span>
    </p>
   </div>
   <div class='ocr_carea' id='block_1_70' title="bbox 1913 1315 3497 1388">
    <p class='ocr_par' dir='ltr' id='par_1_70' title="bbox 1913 1315 3497 1388">
     <span class='ocr_line' id='line_1_70' title="bbox 1913 1315 3497 1388; baseline -0.003 -14"><span class='ocrx_word' id='word_1_506' title='bbox 1913 1318 2066 1388; x_wconf 90' lang='lat' dir='ltr'><strong>cujus</strong></span> <span class='ocrx_word' id='word_1_507' title='bbox 2108 1318 2244 1372; x_wconf 91' lang='lat' dir='ltr'><strong>miro</strong></span> <span class='ocrx_word' id='word_1_508' title='bbox 2285 1316 2480 1372; x_wconf 86' lang='lat' dir='ltr'><strong>ardore</strong></span> <span class='ocrx_word' id='word_1_509' title='bbox 2529 1317 2844 1383; x_wconf 87' lang='lat' dir='ltr'><strong>tenebatur,</strong></span> <span class='ocrx_word' id='word_1_510' title='bbox 2887 1317 2938 1371; x_wconf 93' lang='lat' dir='ltr'><strong>in</strong></span> <span class='ocrx_word' id='word_1_511' title='bbox 2969 1331 3034 1371; x_wconf 90' lang='lat' dir='ltr'><strong>eo</strong></span> <span class='ocrx_word' id='word_1_512' title='bbox 3075 1315 3216 1386; x_wconf 90' lang='lat' dir='ltr'><strong>quod</strong></span> <span class='ocrx_word' id='word_1_513' title='bbox 3259 1315 3329 1370; x_wconf 87' lang='lat' dir='ltr'><strong>ibi</strong></span> <span class='ocrx_word' id='word_1_514' title='bbox 3376 1325 3497 1370; x_wconf 86' lang='lat' dir='ltr'><strong>erat</strong></span> 
     </span>
    </p>
   </div>
   <div class='ocr_carea' id='block_1_71' title="bbox 1917 1407 3494 1478">
    <p class='ocr_par' dir='ltr' id='par_1_71' title="bbox 1917 1407 3494 1478">
     <span class='ocr_line' id='line_1_71' title="bbox 1917 1407 3494 1478; baseline -0.002 -14"><span class='ocrx_word' id='word_1_515' title='bbox 1917 1409 2236 1465; x_wconf 79' lang='lat' dir='ltr'><strong>Monasterio</strong></span> <span class='ocrx_word' id='word_1_516' title='bbox 2262 1409 2550 1478; x_wconf 82' lang='lat' dir='ltr'><strong>explesset,</strong></span> <span class='ocrx_word' id='word_1_517' title='bbox 2580 1409 2680 1463; x_wconf 92' lang='lat' dir='ltr'><strong>nisi</strong></span> <span class='ocrx_word' id='word_1_518' title='bbox 2705 1424 2826 1464; x_wconf 90' lang='lat' dir='ltr'><strong>cum</strong></span> <span class='ocrx_word' id='word_1_519' title='bbox 2858 1407 3051 1463; x_wconf 84' lang='lat' dir='ltr'><strong>subitus</strong></span> <span class='ocrx_word' id='word_1_520' title='bbox 3079 1408 3257 1477; x_wconf 85' lang='lat' dir='ltr'><strong>turbo,</strong></span> <span class='ocrx_word' id='word_1_521' title='bbox 3294 1416 3353 1462; x_wconf 93' lang='lat' dir='ltr'><strong>ut</strong></span> <span class='ocrx_word' id='word_1_522' title='bbox 3377 1408 3494 1476; x_wconf 87' lang='lat' dir='ltr'><strong>ipse</strong></span> 
     </span>
    </p>
   </div>
   <div class='ocr_carea' id='block_1_72' title="bbox 1913 1497 3495 1570">
    <p class='ocr_par' dir='ltr' id='par_1_72' title="bbox 1913 1497 3495 1570">
     <span class='ocr_line' id='line_1_72' title="bbox 1913 1497 3495 1570; baseline -0.001 -14"><span class='ocrx_word' id='word_1_523' title='bbox 1913 1503 2009 1569; x_wconf 88' lang='lat' dir='ltr'><strong>ait,</strong></span> <span class='ocrx_word' id='word_1_524' title='bbox 2033 1501 2290 1570; x_wconf 84' lang='lat' dir='ltr'><strong>impiaque</strong></span> <span class='ocrx_word' id='word_1_525' title='bbox 2313 1501 2506 1555; x_wconf 84' lang='lat' dir='ltr'><strong>avulsio</strong></span> <span class='ocrx_word' id='word_1_526' title='bbox 2540 1500 2896 1555; x_wconf 78' lang='lat' dir='ltr'><strong>distraxisset.</strong></span> <span class='ocrx_word' id='word_1_527' title='bbox 2928 1499 3064 1568; x_wconf 88' lang='lat' dir='ltr'><strong>Quid</strong></span> <span class='ocrx_word' id='word_1_528' title='bbox 3097 1501 3233 1555; x_wconf 90' lang='lat' dir='ltr'><strong>istuc</strong></span> <span class='ocrx_word' id='word_1_529' title='bbox 3261 1499 3337 1554; x_wconf 91' lang='lat' dir='ltr'><strong>rei</strong></span> <span class='ocrx_word' id='word_1_530' title='bbox 3376 1497 3495 1554; x_wconf 82' lang='lat' dir='ltr'><strong>fue-</strong></span> 
     </span>
    </p>
   </div>
   <div class='ocr_carea' id='block_1_73' title="bbox 1913 1589 3495 1662">
    <p class='ocr_par' dir='ltr' id='par_1_73' title="bbox 1913 1589 3495 1662">
     <span class='ocr_line' id='line_1_73' title="bbox 1913 1589 3495 1662; baseline -0.003 -15"><span class='ocrx_word' id='word_1_531' title='bbox 1913 1593 2002 1656; x_wconf 90' lang='lat' dir='ltr'><strong>rit,</strong></span> <span class='ocrx_word' id='word_1_532' title='bbox 2034 1593 2308 1662; x_wconf 82' lang='lat' dir='ltr'><strong>ignoratur</strong></span> <span class='ocrx_word' id='word_1_533' title='bbox 2344 1609 2357 1645; x_wconf 91' lang='lat'>:</span> <span class='ocrx_word' id='word_1_534' title='bbox 2402 1591 2496 1646; x_wconf 88' lang='lat' dir='ltr'><strong>sed</strong></span> <span class='ocrx_word' id='word_1_535' title='bbox 2538 1591 2689 1662; x_wconf 89' lang='lat' dir='ltr'><strong>plura</strong></span> <span class='ocrx_word' id='word_1_536' title='bbox 2720 1590 2970 1647; x_wconf 90' lang='lat' dir='ltr'><strong>videntur</strong></span> <span class='ocrx_word' id='word_1_537' title='bbox 3001 1591 3068 1646; x_wconf 90' lang='lat' dir='ltr'><strong>ad</strong></span> <span class='ocrx_word' id='word_1_538' title='bbox 3105 1589 3391 1646; x_wconf 88' lang='lat' dir='ltr'><strong>creandam</strong></span> <span class='ocrx_word' id='word_1_539' title='bbox 3421 1589 3495 1644; x_wconf 90' lang='lat' dir='ltr'><strong>illi</strong></span> 
     </span>
    </p>
   </div>
   <div class='ocr_carea' id='block_1_74' title="bbox 1913 1684 3494 1754">
    <p class='ocr_par' dir='ltr' id='par_1_74' title="bbox 1913 1684 3494 1754">
     <span class='ocr_line' id='line_1_74' title="bbox 1913 1684 3494 1754; baseline -0.002 -15"><span class='ocrx_word' id='word_1_540' title='bbox 1913 1685 2165 1740; x_wconf 87' lang='lat' dir='ltr'><strong>invidiam</strong></span> <span class='ocrx_word' id='word_1_541' title='bbox 2219 1685 2577 1741; x_wconf 90' lang='lat' dir='ltr'><strong>concurrisse.</strong></span> <span class='ocrx_word' id='word_1_542' title='bbox 2633 1685 2848 1740; x_wconf 90' lang='lat' dir='ltr'><strong>Sororis</strong></span> <span class='ocrx_word' id='word_1_543' title='bbox 2897 1685 3078 1740; x_wconf 88' lang='lat' dir='ltr'><strong>nescio</strong></span> <span class='ocrx_word' id='word_1_544' title='bbox 3137 1685 3259 1754; x_wconf 90' lang='lat' dir='ltr'><strong>quis</strong></span> <span class='ocrx_word' id='word_1_545' title='bbox 3311 1684 3494 1753; x_wconf 90' lang='lat' dir='ltr'><strong>lapsus</strong></span> 
     </span>
    </p>
   </div>
   <div class='ocr_carea' id='block_1_75' title="bbox 1913 1776 3496 1846">
    <p class='ocr_par' dir='ltr' id='par_1_75' title="bbox 1913 1776 3496 1846">
     <span class='ocr_line' id='line_1_75' title="bbox 1913 1776 3496 1846; baseline -0.003 -14"><span class='ocrx_word' id='word_1_546' title='bbox 1913 1792 2162 1846; x_wconf 83' lang='lat' dir='ltr'><strong>magnum</strong></span> <span class='ocrx_word' id='word_1_547' title='bbox 2191 1776 2267 1832; x_wconf 90' lang='lat' dir='ltr'><strong>illi</strong></span> <span class='ocrx_word' id='word_1_548' title='bbox 2309 1776 2490 1832; x_wconf 91' lang='lat' dir='ltr'><strong>odium</strong></span> <span class='ocrx_word' id='word_1_549' title='bbox 2520 1777 2829 1832; x_wconf 90' lang='lat' dir='ltr'><strong>concitavit.</strong></span> <span class='ocrx_word' id='word_1_550' title='bbox 2874 1776 3002 1832; x_wconf 84' lang='lat' dir='ltr'><strong>Inde</strong></span> <span class='ocrx_word' id='word_1_551' title='bbox 3050 1786 3226 1831; x_wconf 92' lang='lat' dir='ltr'><strong>ortum</strong></span> <span class='ocrx_word' id='word_1_552' title='bbox 3271 1776 3496 1830; x_wconf 87' lang='lat' dir='ltr'><strong>fortasse</strong></span> 
     </span>
    </p>
   </div>
   <div class='ocr_carea' id='block_1_76' title="bbox 1911 1867 3496 1940">
    <p class='ocr_par' dir='ltr' id='par_1_76' title="bbox 1911 1867 3496 1940">
     <span class='ocr_line' id='line_1_76' title="bbox 1911 1867 3496 1940; baseline -0.003 -14"><span class='ocrx_word' id='word_1_553' title='bbox 1911 1870 2192 1926; x_wconf 89' lang='lat' dir='ltr'><strong>dissidium</strong></span> <span class='ocrx_word' id='word_1_554' title='bbox 2242 1872 2401 1926; x_wconf 90' lang='lat' dir='ltr'><strong>etiam</strong></span> <span class='ocrx_word' id='word_1_555' title='bbox 2450 1886 2570 1925; x_wconf 92' lang='lat' dir='ltr'><strong>cum</strong></span> <span class='ocrx_word' id='word_1_556' title='bbox 2611 1869 2906 1940; x_wconf 89' lang='lat' dir='ltr'><strong>Lupicino,</strong></span> <span class='ocrx_word' id='word_1_557' title='bbox 2953 1868 3239 1926; x_wconf 90' lang='lat' dir='ltr'><strong>Sacerdote</strong></span> <span class='ocrx_word' id='word_1_558' title='bbox 3286 1867 3496 1924; x_wconf 86' lang='lat' dir='ltr'><strong>Strido-</strong></span> 
     </span>
    </p>
   </div>
   <div class='ocr_carea' id='block_1_77' title="bbox 1911 1961 3496 2033">
    <p class='ocr_par' dir='ltr' id='par_1_77' title="bbox 1911 1961 3496 2033">
     <span class='ocr_line' id='line_1_77' title="bbox 1911 1961 3496 2033; baseline -0.002 -15"><span class='ocrx_word' id='word_1_559' title='bbox 1911 1962 2086 2027; x_wconf 91' lang='lat' dir='ltr'><strong>nensi,</strong></span> <span class='ocrx_word' id='word_1_560' title='bbox 2117 1978 2274 2033; x_wconf 91' lang='lat' dir='ltr'><strong>quem</strong></span> <span class='ocrx_word' id='word_1_561' title='bbox 2305 1962 2500 2018; x_wconf 88' lang='lat' dir='ltr'><strong>acriter</strong></span> <span class='ocrx_word' id='word_1_562' title='bbox 2537 1962 2748 2032; x_wconf 92' lang='lat' dir='ltr'><strong>sugillat</strong></span> <span class='ocrx_word' id='word_1_563' title='bbox 2796 1961 2963 2032; x_wconf 89' lang='lat' dir='ltr'><strong>Epist.</strong></span> <span class='ocrx_word' id='word_1_564' title='bbox 3016 1961 3122 2015; x_wconf 83' lang='lat' dir='ltr'><strong>VH.</strong></span> <span class='ocrx_word' id='word_1_565' title='bbox 3151 1961 3363 2030; x_wconf 82' lang='lat' dir='ltr'><strong>dignum</strong></span> <span class='ocrx_word' id='word_1_566' title='bbox 3398 1975 3496 2015; x_wconf 85' lang='lat' dir='ltr'><strong>vo-</strong></span> 
     </span>
    </p>
   </div>
   <div class='ocr_carea' id='block_1_78' title="bbox 1909 2052 3500 2126">
    <p class='ocr_par' dir='ltr' id='par_1_78' title="bbox 1909 2052 3500 2126">
     <span class='ocr_line' id='line_1_78' title="bbox 1909 2052 3500 2126; baseline -0.004 -15"><span class='ocrx_word' id='word_1_567' title='bbox 1909 2069 2038 2111; x_wconf 87' lang='lat' dir='ltr'><strong>cans</strong></span> <span class='ocrx_word' id='word_1_568' title='bbox 2060 2055 2248 2126; x_wconf 84' lang='lat' dir='ltr'><strong>patella</strong></span> <span class='ocrx_word' id='word_1_569' title='bbox 2272 2053 2589 2123; x_wconf 81' lang='lat' dir='ltr'><strong>operculum,</strong></span> <span class='ocrx_word' id='word_1_570' title='bbox 2619 2053 2869 2118; x_wconf 80' lang='lat' dir='ltr'><strong>uidelicet,</strong></span> <span class='ocrx_word' id='word_1_571' title='bbox 2897 2061 2950 2105; x_wconf 86' lang='lat' dir='ltr'><strong>ut</strong></span> <span class='ocrx_word' id='word_1_572' title='bbox 2976 2067 3139 2106; x_wconf 74' lang='lat' dir='ltr'><strong>cazcus</strong></span> <span class='ocrx_word' id='word_1_573' title='bbox 3163 2067 3323 2104; x_wconf 71' lang='lat' dir='ltr'><strong>cteros</strong></span> <span class='ocrx_word' id='word_1_574' title='bbox 3347 2052 3500 2105; x_wconf 87' lang='lat' dir='ltr'><strong>duce-</strong></span> 
     </span>
    </p>
   </div>
   <div class='ocr_carea' id='block_1_79' title="bbox 1911 2143 3500 2213">
    <p class='ocr_par' dir='ltr' id='par_1_79' title="bbox 1911 2143 3500 2213">
     <span class='ocr_line' id='line_1_79' title="bbox 1911 2143 3500 2213; baseline -0.002 -14"><span class='ocrx_word' id='word_1_575' title='bbox 1911 2157 1984 2200; x_wconf 86' lang='lat' dir='ltr'><strong>ret</strong></span> <span class='ocrx_word' id='word_1_576' title='bbox 2011 2147 2064 2199; x_wconf 85' lang='lat' dir='ltr'><strong>in</strong></span> <span class='ocrx_word' id='word_1_577' title='bbox 2094 2146 2309 2213; x_wconf 74' lang='lat' dir='ltr'><strong>foveam,</strong></span> <span class='ocrx_word' id='word_1_578' title='bbox 2337 2146 2551 2213; x_wconf 79' lang='lat' dir='ltr'><strong>talisque</strong></span> <span class='ocrx_word' id='word_1_579' title='bbox 2581 2155 2704 2199; x_wconf 86' lang='lat' dir='ltr'><strong>esset</strong></span> <span class='ocrx_word' id='word_1_580' title='bbox 2725 2153 2909 2208; x_wconf 80' lang='lat' dir='ltr'><strong>rector,</strong></span> <span class='ocrx_word' id='word_1_581' title='bbox 2943 2143 3115 2206; x_wconf 81' lang='lat' dir='ltr'><strong>quales</strong></span> <span class='ocrx_word' id='word_1_582' title='bbox 3140 2144 3217 2196; x_wconf 86' lang='lat' dir='ltr'><strong>illi</strong></span> <span class='ocrx_word' id='word_1_583' title='bbox 3247 2145 3332 2208; x_wconf 87' lang='lat' dir='ltr'><strong>qui</strong></span> <span class='ocrx_word' id='word_1_584' title='bbox 3359 2160 3500 2213; x_wconf 82' lang='lat' dir='ltr'><strong>rege-</strong></span> 
     </span>
    </p>
   </div>
   <div class='ocr_carea' id='block_1_80' title="bbox 1913 2233 3500 2303">
    <p class='ocr_par' dir='ltr' id='par_1_80' title="bbox 1913 2233 3500 2303">
     <span class='ocr_line' id='line_1_80' title="bbox 1913 2233 3500 2303; baseline 0.001 -15"><span class='ocrx_word' id='word_1_585' title='bbox 1913 2247 2108 2289; x_wconf 83' lang='lat' dir='ltr'><strong>rentur.</strong></span> <span class='ocrx_word' id='word_1_586' title='bbox 2139 2236 2277 2290; x_wconf 88' lang='lat' dir='ltr'><strong>Sunt</strong></span> <span class='ocrx_word' id='word_1_587' title='bbox 2303 2236 2461 2289; x_wconf 91' lang='lat' dir='ltr'><strong>etiam</strong></span> <span class='ocrx_word' id='word_1_588' title='bbox 2485 2234 2574 2303; x_wconf 90' lang='lat' dir='ltr'><strong>qui</strong></span> <span class='ocrx_word' id='word_1_589' title='bbox 2603 2249 2726 2288; x_wconf 90' lang='lat' dir='ltr'><strong>eum</strong></span> <span class='ocrx_word' id='word_1_590' title='bbox 2750 2233 2922 2288; x_wconf 90' lang='lat' dir='ltr'><strong>notari</strong></span> <span class='ocrx_word' id='word_1_591' title='bbox 2950 2243 3133 2303; x_wconf 90' lang='lat' dir='ltr'><strong>putent</strong></span> <span class='ocrx_word' id='word_1_592' title='bbox 3163 2233 3263 2288; x_wconf 91' lang='lat' dir='ltr'><strong>sub</strong></span> <span class='ocrx_word' id='word_1_593' title='bbox 3285 2234 3500 2289; x_wconf 87' lang='lat' dir='ltr'><strong>nomine</strong></span> 
     </span>
    </p>
   </div>
   <div class='ocr_carea' id='block_1_81' title="bbox 1917 2325 3504 2395">
    <p class='ocr_par' dir='ltr' id='par_1_81' title="bbox 1917 2325 3504 2395">
     <span class='ocr_line' id='line_1_81' title="bbox 1917 2325 3504 2395; baseline 0 -14"><span class='ocrx_word' id='word_1_594' title='bbox 1917 2327 2082 2382; x_wconf 67' lang='lat' dir='ltr'><strong>lbera:</strong></span> <span class='ocrx_word' id='word_1_595' title='bbox 2125 2335 2353 2391; x_wconf 65' lang='lat' dir='ltr'><strong>excetra,</strong></span> <span class='ocrx_word' id='word_1_596' title='bbox 2385 2340 2414 2378; x_wconf 89' lang='lat' dir='ltr'><strong>a</strong></span> <span class='ocrx_word' id='word_1_597' title='bbox 2443 2340 2544 2394; x_wconf 89' lang='lat' dir='ltr'><strong>qua</strong></span> <span class='ocrx_word' id='word_1_598' title='bbox 2585 2340 2705 2380; x_wconf 89' lang='lat' dir='ltr'><strong>sese</strong></span> <span class='ocrx_word' id='word_1_599' title='bbox 2743 2326 2986 2395; x_wconf 89' lang='lat' dir='ltr'><strong>queritur</strong></span> <span class='ocrx_word' id='word_1_600' title='bbox 3024 2325 3347 2395; x_wconf 73' lang='lat' dir='ltr'><strong>przecedenti</strong></span> <span class='ocrx_word' id='word_1_601' title='bbox 3378 2327 3504 2395; x_wconf 85' lang='lat' dir='ltr'><strong>Epi-</strong></span> 
     </span>
    </p>
   </div>
   <div class='ocr_carea' id='block_1_82' title="bbox 1915 2417 3498 2475">
    <p class='ocr_par' dir='ltr' id='par_1_82' title="bbox 1915 2417 3498 2475">
     <span class='ocr_line' id='line_1_82' title="bbox 1915 2417 3498 2475; baseline -0.002 0"><span class='ocrx_word' id='word_1_602' title='bbox 1915 2420 2052 2475; x_wconf 84' lang='lat' dir='ltr'><strong>stola</strong></span> <span class='ocrx_word' id='word_1_603' title='bbox 2081 2417 2139 2475; x_wconf 90' lang='lat' dir='ltr'><strong>S.</strong></span> <span class='ocrx_word' id='word_1_604' title='bbox 2169 2417 2326 2473; x_wconf 86' lang='lat' dir='ltr'><strong>Pater</strong></span> <span class='ocrx_word' id='word_1_605' title='bbox 2355 2418 2559 2472; x_wconf 85' lang='lat' dir='ltr'><strong>sinistro</strong></span> <span class='ocrx_word' id='word_1_606' title='bbox 2585 2434 2671 2472; x_wconf 90' lang='lat' dir='ltr'><strong>ore</strong></span> <span class='ocrx_word' id='word_1_607' title='bbox 2691 2419 3016 2472; x_wconf 83' lang='lat' dir='ltr'><strong>dilaniatum.</strong></span> <span class='ocrx_word' id='word_1_608' title='bbox 3045 2418 3151 2474; x_wconf 90' lang='lat' dir='ltr'><strong>Sed</strong></span> <span class='ocrx_word' id='word_1_609' title='bbox 3178 2428 3232 2474; x_wconf 94' lang='lat' dir='ltr'><strong>et</strong></span> <span class='ocrx_word' id='word_1_610' title='bbox 3257 2419 3498 2474; x_wconf 88' lang='lat' dir='ltr'><strong>Castori-</strong></span> 
     </span>
    </p>
   </div>
   <div class='ocr_carea' id='block_1_83' title="bbox 1919 2507 3498 2580">
    <p class='ocr_par' dir='ltr' id='par_1_83' title="bbox 1919 2507 3498 2580">
     <span class='ocr_line' id='line_1_83' title="bbox 1919 2507 3498 2580; baseline 0.001 -17"><span class='ocrx_word' id='word_1_611' title='bbox 1919 2525 2003 2563; x_wconf 69' lang='lat' dir='ltr'><strong>nte</strong></span> <span class='ocrx_word' id='word_1_612' title='bbox 2027 2516 2330 2564; x_wconf 79' lang='lat' dir='ltr'><strong>materterte</strong></span> <span class='ocrx_word' id='word_1_613' title='bbox 2361 2508 2660 2562; x_wconf 89' lang='lat' dir='ltr'><strong>inimicitias</strong></span> <span class='ocrx_word' id='word_1_614' title='bbox 2682 2507 2925 2573; x_wconf 89' lang='lat' dir='ltr'><strong>incurrit,</strong></span> <span class='ocrx_word' id='word_1_615' title='bbox 2955 2524 3089 2580; x_wconf 89' lang='lat' dir='ltr'><strong>quas</strong></span> <span class='ocrx_word' id='word_1_616' title='bbox 3117 2518 3300 2580; x_wconf 86' lang='lat' dir='ltr'><strong>postea</strong></span> <span class='ocrx_word' id='word_1_617' title='bbox 3326 2509 3498 2566; x_wconf 89' lang='lat' dir='ltr'><strong>lenire</strong></span> 
     </span>
    </p>
   </div>
   <div class='ocr_carea' id='block_1_84' title="bbox 1917 2598 2910 2654">
    <p class='ocr_par' dir='ltr' id='par_1_84' title="bbox 1917 2598 2910 2654">
     <span class='ocr_line' id='line_1_84' title="bbox 1917 2598 2910 2654; baseline -0.003 0"><span class='ocrx_word' id='word_1_618' title='bbox 1917 2599 2312 2654; x_wconf 87' lang='lat' dir='ltr'><strong>lmmanissimis</strong></span> <span class='ocrx_word' id='word_1_619' title='bbox 2351 2598 2540 2653; x_wconf 88' lang='lat' dir='ltr'><strong>litteris</strong></span> <span class='ocrx_word' id='word_1_620' title='bbox 2563 2607 2782 2653; x_wconf 89' lang='lat' dir='ltr'><strong>conatus</strong></span> <span class='ocrx_word' id='word_1_621' title='bbox 2807 2607 2910 2653; x_wconf 88' lang='lat' dir='ltr'><strong>est.</strong></span> 
     </span>
    </p>
   </div>
   <div class='ocr_carea' id='block_1_85' title="bbox 1986 2690 3489 2762">
    <p class='ocr_par' dir='ltr' id='par_1_85' title="bbox 1986 2690 3489 2762">
     <span class='ocr_line' id='line_1_85' title="bbox 1986 2690 3489 2762; baseline 0.002 -16"><span class='ocrx_word' id='word_1_622' title='bbox 1986 2691 2051 2746; x_wconf 89' lang='lat' dir='ltr'><strong>ll.</strong></span> <span class='ocrx_word' id='word_1_623' title='bbox 2079 2691 2194 2746; x_wconf 78' lang='lat' dir='ltr'><strong>Alia</strong></span> <span class='ocrx_word' id='word_1_624' title='bbox 2225 2701 2348 2746; x_wconf 89' lang='lat' dir='ltr'><strong>tunc</strong></span> <span class='ocrx_word' id='word_1_625' title='bbox 2375 2690 2638 2760; x_wconf 92' lang='lat' dir='ltr'><strong>ejusmodi</strong></span> <span class='ocrx_word' id='word_1_626' title='bbox 2667 2691 2861 2746; x_wconf 87' lang='lat' dir='ltr'><strong>diaboli</strong></span> <span class='ocrx_word' id='word_1_627' title='bbox 2891 2701 3038 2758; x_wconf 89' lang='lat' dir='ltr'><strong>arte,</strong></span> <span class='ocrx_word' id='word_1_628' title='bbox 3069 2701 3127 2748; x_wconf 94' lang='lat' dir='ltr'><strong>ut</strong></span> <span class='ocrx_word' id='word_1_629' title='bbox 3153 2693 3267 2762; x_wconf 87' lang='lat' dir='ltr'><strong>ipse</strong></span> <span class='ocrx_word' id='word_1_630' title='bbox 3297 2693 3489 2759; x_wconf 91' lang='lat' dir='ltr'><strong>innuit,</strong></span> 
     </span>
    </p>
   </div>
   <div class='ocr_carea' id='block_1_86' title="bbox 1913 2781 3499 2854">
    <p class='ocr_par' dir='ltr' id='par_1_86' title="bbox 1913 2781 3499 2854">
     <span class='ocr_line' id='line_1_86' title="bbox 1913 2781 3499 2854; baseline 0.002 -19"><span class='ocrx_word' id='word_1_631' title='bbox 1913 2782 2053 2854; x_wconf 87' lang='lat' dir='ltr'><strong>gigni</strong></span> <span class='ocrx_word' id='word_1_632' title='bbox 2083 2791 2300 2851; x_wconf 90' lang='lat' dir='ltr'><strong>potuere</strong></span> <span class='ocrx_word' id='word_1_633' title='bbox 2323 2781 2562 2849; x_wconf 84' lang='lat' dir='ltr'><strong>tlissidia,</strong></span> <span class='ocrx_word' id='word_1_634' title='bbox 2583 2783 2772 2850; x_wconf 84' lang='lat' dir='ltr'><strong>quibus</strong></span> <span class='ocrx_word' id='word_1_635' title='bbox 2796 2799 2918 2838; x_wconf 91' lang='lat' dir='ltr'><strong>cum</strong></span> <span class='ocrx_word' id='word_1_636' title='bbox 2947 2800 3100 2854; x_wconf 77' lang='lat' dir='ltr'><strong>:equo</strong></span> <span class='ocrx_word' id='word_1_637' title='bbox 3128 2785 3308 2839; x_wconf 88' lang='lat' dir='ltr'><strong>animo</strong></span> <span class='ocrx_word' id='word_1_638' title='bbox 3335 2787 3499 2840; x_wconf 79' lang='lat' dir='ltr'><strong>susti-</strong></span> 
     </span>
    </p>
   </div>
   <div class='ocr_carea' id='block_1_87' title="bbox 1915 2874 3482 2946">
    <p class='ocr_par' dir='ltr' id='par_1_87' title="bbox 1915 2874 3482 2946">
     <span class='ocr_line' id='line_1_87' title="bbox 1915 2874 3482 2946; baseline 0.002 -17"><span class='ocrx_word' id='word_1_639' title='bbox 1915 2874 2106 2929; x_wconf 80' lang='lat' dir='ltr'><strong>nentlis</strong></span> <span class='ocrx_word' id='word_1_640' title='bbox 2136 2889 2230 2943; x_wconf 91' lang='lat' dir='ltr'><strong>par</strong></span> <span class='ocrx_word' id='word_1_641' title='bbox 2255 2888 2360 2928; x_wconf 92' lang='lat' dir='ltr'><strong>non</strong></span> <span class='ocrx_word' id='word_1_642' title='bbox 2388 2883 2552 2940; x_wconf 88' lang='lat' dir='ltr'><strong>esset,</strong></span> <span class='ocrx_word' id='word_1_643' title='bbox 2584 2874 2874 2946; x_wconf 89' lang='lat' dir='ltr'><strong>derepente</strong></span> <span class='ocrx_word' id='word_1_644' title='bbox 2901 2877 3104 2946; x_wconf 67' lang='lat' dir='ltr'><strong>patriar,</strong></span> <span class='ocrx_word' id='word_1_645' title='bbox 3155 2879 3482 2946; x_wconf 89' lang='lat' dir='ltr'><strong>parentibus,</strong></span> 
     </span>
    </p>
   </div>
   <div class='ocr_carea' id='block_1_88' title="bbox 1913 2963 3501 3037">
    <p class='ocr_par' dir='ltr' id='par_1_88' title="bbox 1913 2963 3501 3037">
     <span class='ocr_line' id='line_1_88' title="bbox 1913 2963 3501 3037; baseline 0 -17"><span class='ocrx_word' id='word_1_646' title='bbox 1913 2964 2176 3034; x_wconf 86' lang='lat' dir='ltr'><strong>cognatis,</strong></span> <span class='ocrx_word' id='word_1_647' title='bbox 2206 2963 2500 3034; x_wconf 87' lang='lat' dir='ltr'><strong>amicisque</strong></span> <span class='ocrx_word' id='word_1_648' title='bbox 2521 2965 2637 3020; x_wconf 88' lang='lat' dir='ltr'><strong>vale</strong></span> <span class='ocrx_word' id='word_1_649' title='bbox 2665 2967 2848 3022; x_wconf 88' lang='lat' dir='ltr'><strong>dicere</strong></span> <span class='ocrx_word' id='word_1_650' title='bbox 2871 3007 2886 3031; x_wconf 91' lang='lat'><strong>,</strong></span> <span class='ocrx_word' id='word_1_651' title='bbox 2919 2976 3078 3037; x_wconf 87' lang='lat' dir='ltr'><strong>atque</strong></span> <span class='ocrx_word' id='word_1_652' title='bbox 3126 2967 3180 3021; x_wconf 91' lang='lat' dir='ltr'><strong>in</strong></span> <span class='ocrx_word' id='word_1_653' title='bbox 3227 2967 3501 3022; x_wconf 88' lang='lat' dir='ltr'><strong>Orientem</strong></span> 
     </span>
    </p>
   </div>
   <div class='ocr_carea' id='block_1_89' title="bbox 1917 3056 3499 3128">
    <p class='ocr_par' dir='ltr' id='par_1_89' title="bbox 1917 3056 3499 3128">
     <span class='ocr_line' id='line_1_89' title="bbox 1917 3056 3499 3128; baseline 0.001 -16"><span class='ocrx_word' id='word_1_654' title='bbox 1917 3057 2146 3112; x_wconf 78' lang='lat' dir='ltr'><strong>tmasire</strong></span> <span class='ocrx_word' id='word_1_655' title='bbox 2174 3056 2474 3122; x_wconf 91' lang='lat' dir='ltr'><strong>constituit,</strong></span> <span class='ocrx_word' id='word_1_656' title='bbox 2506 3063 2566 3110; x_wconf 90' lang='lat' dir='ltr'><strong>ut</strong></span> <span class='ocrx_word' id='word_1_657' title='bbox 2595 3057 2806 3128; x_wconf 90' lang='lat' dir='ltr'><strong>longius</strong></span> <span class='ocrx_word' id='word_1_658' title='bbox 2845 3058 2916 3112; x_wconf 88' lang='lat' dir='ltr'><strong>ab</strong></span> <span class='ocrx_word' id='word_1_659' title='bbox 2957 3059 3294 3114; x_wconf 91' lang='lat' dir='ltr'><strong>inimicorum</strong></span> <span class='ocrx_word' id='word_1_660' title='bbox 3327 3059 3499 3123; x_wconf 90' lang='lat' dir='ltr'><strong>odiis,</strong></span> 
     </span>
    </p>
   </div>
   <div class='ocr_carea' id='block_1_90' title="bbox 1917 3147 3499 3218">
    <p class='ocr_par' dir='ltr' id='par_1_90' title="bbox 1917 3147 3499 3218">
     <span class='ocr_line' id='line_1_90' title="bbox 1917 3147 3499 3218; baseline 0.002 -15"><span class='ocrx_word' id='word_1_661' title='bbox 1917 3147 2189 3218; x_wconf 83' lang='lat' dir='ltr'><strong>regionem</strong></span> <span class='ocrx_word' id='word_1_662' title='bbox 2215 3147 2439 3202; x_wconf 89' lang='lat' dir='ltr'><strong>solitarii</strong></span> <span class='ocrx_word' id='word_1_663' title='bbox 2475 3150 2770 3218; x_wconf 86' lang='lat' dir='ltr'><strong>proposito,</strong></span> <span class='ocrx_word' id='word_1_664' title='bbox 2795 3160 2905 3202; x_wconf 91' lang='lat' dir='ltr'><strong>tum</strong></span> <span class='ocrx_word' id='word_1_665' title='bbox 2931 3149 3171 3204; x_wconf 91' lang='lat' dir='ltr'><strong>locorum</strong></span> <span class='ocrx_word' id='word_1_666' title='bbox 3195 3152 3499 3217; x_wconf 89' lang='lat' dir='ltr'><strong>sanctitate,</strong></span> 
     </span>
    </p>
   </div>
   <div class='ocr_carea' id='block_1_91' title="bbox 1916 3238 3501 3312">
    <p class='ocr_par' dir='ltr' id='par_1_91' title="bbox 1916 3238 3501 3312">
     <span class='ocr_line' id='line_1_91' title="bbox 1916 3238 3501 3312; baseline 0 -16"><span class='ocrx_word' id='word_1_667' title='bbox 1916 3255 2038 3296; x_wconf 92' lang='lat' dir='ltr'><strong>cum</strong></span> <span class='ocrx_word' id='word_1_668' title='bbox 2071 3238 2423 3293; x_wconf 86' lang='lat' dir='ltr'><strong>habitantium</strong></span> <span class='ocrx_word' id='word_1_669' title='bbox 2467 3239 2848 3294; x_wconf 83' lang='lat' dir='ltr'><strong>Monachorum</strong></span> <span class='ocrx_word' id='word_1_670' title='bbox 2877 3240 3071 3295; x_wconf 91' lang='lat' dir='ltr'><strong>vicinia</strong></span> <span class='ocrx_word' id='word_1_671' title='bbox 3103 3243 3273 3312; x_wconf 90' lang='lat' dir='ltr'><strong>magis</strong></span> <span class='ocrx_word' id='word_1_672' title='bbox 3299 3257 3501 3311; x_wconf 87' lang='lat' dir='ltr'><strong>oppor-</strong></span> 
     </span>
    </p>
   </div>
   <div class='ocr_carea' id='block_1_92' title="bbox 1918 3329 3502 3395">
    <p class='ocr_par' dir='ltr' id='par_1_92' title="bbox 1918 3329 3502 3395">
     <span class='ocr_line' id='line_1_92' title="bbox 1918 3329 3502 3395; baseline 0.001 -11"><span class='ocrx_word' id='word_1_673' title='bbox 1918 3337 2100 3384; x_wconf 89' lang='lat' dir='ltr'><strong>tunam</strong></span> <span class='ocrx_word' id='word_1_674' title='bbox 2133 3329 2414 3384; x_wconf 87' lang='lat' dir='ltr'><strong>inveniret.</strong></span> <span class='ocrx_word' id='word_1_675' title='bbox 2441 3329 2553 3384; x_wconf 91' lang='lat' dir='ltr'><strong>Hoc</strong></span> <span class='ocrx_word' id='word_1_676' title='bbox 2580 3345 2678 3384; x_wconf 92' lang='lat' dir='ltr'><strong>nos</strong></span> <span class='ocrx_word' id='word_1_677' title='bbox 2704 3330 2806 3385; x_wconf 86' lang='lat' dir='ltr'><strong>iter</strong></span> <span class='ocrx_word' id='word_1_678' title='bbox 2831 3330 2898 3384; x_wconf 91' lang='lat' dir='ltr'><strong>ad</strong></span> <span class='ocrx_word' id='word_1_679' title='bbox 2927 3345 3016 3384; x_wconf 88' lang='lat' dir='ltr'><strong>an.</strong></span> <span class='ocrx_word' id='word_1_680' title='bbox 3041 3332 3146 3387; x_wconf 73' lang='lat'><strong>572</strong></span> <span class='ocrx_word' id='word_1_681' title='bbox 3197 3333 3502 3395; x_wconf 81' lang='lat' dir='ltr'><strong>referimus,</strong></span> 
     </span>
    </p>
   </div>
   <div class='ocr_carea' id='block_1_93' title="bbox 1918 3421 3504 3480">
    <p class='ocr_par' dir='ltr' id='par_1_93' title="bbox 1918 3421 3504 3480">
     <span class='ocr_line' id='line_1_93' title="bbox 1918 3421 3504 3480; baseline 0 -2"><span class='ocrx_word' id='word_1_682' title='bbox 1918 3438 2019 3478; x_wconf 89' lang='lat' dir='ltr'><strong>nec</strong></span> <span class='ocrx_word' id='word_1_683' title='bbox 2051 3421 2158 3476; x_wconf 90' lang='lat' dir='ltr'><strong>falli</strong></span> <span class='ocrx_word' id='word_1_684' title='bbox 2190 3422 2481 3476; x_wconf 83' lang='lat' dir='ltr'><strong>rationibus</strong></span> <span class='ocrx_word' id='word_1_685' title='bbox 2513 3423 2872 3478; x_wconf 88' lang='lat' dir='ltr'><strong>subducendis</strong></span> <span class='ocrx_word' id='word_1_686' title='bbox 2901 3424 3142 3479; x_wconf 89' lang='lat' dir='ltr'><strong>videmur</strong></span> <span class='ocrx_word' id='word_1_687' title='bbox 3186 3425 3364 3480; x_wconf 89' lang='lat' dir='ltr'><strong>nobis.</strong></span> <span class='ocrx_word' id='word_1_688' title='bbox 3399 3425 3504 3478; x_wconf 84' lang='lat' dir='ltr'><strong>Sed</strong></span> 
     </span>
    </p>
   </div>
   <div class='ocr_carea' id='block_1_94' title="bbox 1921 3513 3507 3586">
    <p class='ocr_par' dir='ltr' id='par_1_94' title="bbox 1921 3513 3507 3586">
     <span class='ocr_line' id='line_1_94' title="bbox 1921 3513 3507 3586; baseline 0.001 -18"><span class='ocrx_word' id='word_1_689' title='bbox 1921 3515 2042 3584; x_wconf 90' lang='lat' dir='ltr'><strong>quia</strong></span> <span class='ocrx_word' id='word_1_690' title='bbox 2074 3513 2325 3584; x_wconf 78' lang='lat' dir='ltr'><strong>impedita</strong></span> <span class='ocrx_word' id='word_1_691' title='bbox 2355 3529 2443 3569; x_wconf 90' lang='lat' dir='ltr'><strong>res</strong></span> <span class='ocrx_word' id='word_1_692' title='bbox 2467 3524 2571 3580; x_wconf 90' lang='lat' dir='ltr'><strong>est,</strong></span> <span class='ocrx_word' id='word_1_693' title='bbox 2605 3515 2878 3585; x_wconf 90' lang='lat' dir='ltr'><strong>multaque</strong></span> <span class='ocrx_word' id='word_1_694' title='bbox 2909 3515 3342 3586; x_wconf 76' lang='lat' dir='ltr'><strong>llicronymiantc</strong></span> <span class='ocrx_word' id='word_1_695' title='bbox 3371 3516 3507 3570; x_wconf 73' lang='lat' dir='ltr'><strong>Vita:</strong></span> 
     </span>
    </p>
   </div>
   <div class='ocr_carea' id='block_1_95' title="bbox 1922 3607 3509 3678">
    <p class='ocr_par' dir='ltr' id='par_1_95' title="bbox 1922 3607 3509 3678">
     <span class='ocr_line' id='line_1_95' title="bbox 1922 3607 3509 3678; baseline -0.001 -15"><span class='ocrx_word' id='word_1_696' title='bbox 1922 3613 2193 3663; x_wconf 89' lang='lat' dir='ltr'><strong>momenta</strong></span> <span class='ocrx_word' id='word_1_697' title='bbox 2225 3621 2291 3661; x_wconf 80' lang='lat' dir='ltr'><strong>ex</strong></span> <span class='ocrx_word' id='word_1_698' title='bbox 2319 3621 2379 3660; x_wconf 91' lang='lat' dir='ltr'><strong>ea</strong></span> <span class='ocrx_word' id='word_1_699' title='bbox 2407 3607 2664 3675; x_wconf 90' lang='lat' dir='ltr'><strong>temporis</strong></span> <span class='ocrx_word' id='word_1_700' title='bbox 2691 3608 2967 3663; x_wconf 90' lang='lat' dir='ltr'><strong>notatione</strong></span> <span class='ocrx_word' id='word_1_701' title='bbox 2997 3609 3249 3678; x_wconf 87' lang='lat' dir='ltr'><strong>pendent,</strong></span> <span class='ocrx_word' id='word_1_702' title='bbox 3279 3609 3509 3678; x_wconf 85' lang='lat' dir='ltr'><strong>prepriis</strong></span> 
     </span>
    </p>
   </div>
   <div class='ocr_carea' id='block_1_96' title="bbox 1923 3697 3509 3769">
    <p class='ocr_par' dir='ltr' id='par_1_96' title="bbox 1923 3697 3509 3769">
     <span class='ocr_line' id='line_1_96' title="bbox 1923 3697 3509 3769; baseline 0.001 -19"><span class='ocrx_word' id='word_1_703' title='bbox 1923 3697 2034 3768; x_wconf 87' lang='lat' dir='ltr'><strong>ipsa</strong></span> <span class='ocrx_word' id='word_1_704' title='bbox 2065 3707 2147 3751; x_wconf 89' lang='lat' dir='ltr'><strong>est</strong></span> <span class='ocrx_word' id='word_1_705' title='bbox 2174 3697 2502 3764; x_wconf 89' lang='lat' dir='ltr'><strong>argumentis</strong></span> <span class='ocrx_word' id='word_1_706' title='bbox 2523 3699 2830 3753; x_wconf 89' lang='lat' dir='ltr'><strong>munienda.</strong></span> <span class='ocrx_word' id='word_1_707' title='bbox 2862 3700 2929 3753; x_wconf 87' lang='lat' dir='ltr'><strong>Et</strong></span> <span class='ocrx_word' id='word_1_708' title='bbox 2949 3701 3106 3754; x_wconf 92' lang='lat' dir='ltr'><strong>citius</strong></span> <span class='ocrx_word' id='word_1_709' title='bbox 3131 3701 3344 3769; x_wconf 86' lang='lat' dir='ltr'><strong>quidem</strong></span> <span class='ocrx_word' id='word_1_710' title='bbox 3381 3699 3509 3752; x_wconf 86' lang='lat' dir='ltr'><strong>illud</strong></span> 
     </span>
    </p>
   </div>
   <div class='ocr_carea' id='block_1_97' title="bbox 1904 3788 3509 3857">
    <p class='ocr_par' dir='ltr' id='par_1_97' title="bbox 1904 3788 3509 3857">
     <span class='ocr_line' id='line_1_97' title="bbox 1904 3788 3509 3857; baseline 0.004 -19"><span class='ocrx_word' id='word_1_711' title='bbox 1904 3788 2164 3849; x_wconf 77' lang='lat' dir='ltr'><strong>referre,</strong></span> <span class='ocrx_word' id='word_1_712' title='bbox 2211 3796 2318 3840; x_wconf 77' lang='lat' dir='ltr'><strong>tata</strong></span> <span class='ocrx_word' id='word_1_713' title='bbox 2368 3802 2570 3851; x_wconf 89' lang='lat' dir='ltr'><strong>rerum,</strong></span> <span class='ocrx_word' id='word_1_714' title='bbox 2615 3805 2746 3857; x_wconf 89' lang='lat' dir='ltr'><strong>quas</strong></span> <span class='ocrx_word' id='word_1_715' title='bbox 2794 3788 3054 3845; x_wconf 90' lang='lat' dir='ltr'><strong>hactenus</strong></span> <span class='ocrx_word' id='word_1_716' title='bbox 3099 3791 3509 3855; x_wconf 87' lang='lat' dir='ltr'><strong>edisseruimus,</strong></span> 
     </span>
    </p>
   </div>
   <div class='ocr_carea' id='block_1_98' title="bbox 1928 3874 3513 3950">
    <p class='ocr_par' dir='ltr' id='par_1_98' title="bbox 1928 3874 3513 3950">
     <span class='ocr_line' id='line_1_98' title="bbox 1928 3874 3513 3950; baseline 0.001 -17"><span class='ocrx_word' id='word_1_717' title='bbox 1928 3878 2095 3933; x_wconf 89' lang='lat' dir='ltr'><strong>series</strong></span> <span class='ocrx_word' id='word_1_718' title='bbox 2122 3885 2285 3930; x_wconf 89' lang='lat' dir='ltr'><strong>vetat.</strong></span> <span class='ocrx_word' id='word_1_719' title='bbox 2328 3874 2400 3931; x_wconf 81' lang='lat' dir='ltr'><strong>Ut</strong></span> <span class='ocrx_word' id='word_1_720' title='bbox 2428 3877 2599 3932; x_wconf 89' lang='lat' dir='ltr'><strong>serius</strong></span> <span class='ocrx_word' id='word_1_721' title='bbox 2626 3888 2804 3933; x_wconf 91' lang='lat' dir='ltr'><strong>autem</strong></span> <span class='ocrx_word' id='word_1_722' title='bbox 2835 3889 3082 3948; x_wconf 89' lang='lat' dir='ltr'><strong>putemus</strong></span> <span class='ocrx_word' id='word_1_723' title='bbox 3103 3922 3116 3945; x_wconf 95' lang='lat'><strong>,</strong></span> <span class='ocrx_word' id='word_1_724' title='bbox 3150 3881 3318 3935; x_wconf 91' lang='lat' dir='ltr'><strong>multo</strong></span> <span class='ocrx_word' id='word_1_725' title='bbox 3346 3881 3513 3950; x_wconf 83' lang='lat' dir='ltr'><strong>ntagis</strong></span> 
     </span>
    </p>
   </div>
   <div class='ocr_carea' id='block_1_99' title="bbox 1929 3965 3516 4038">
    <p class='ocr_par' dir='ltr' id='par_1_99' title="bbox 1929 3965 3516 4038">
     <span class='ocr_line' id='line_1_99' title="bbox 1929 3965 3516 4038; baseline 0 -16"><span class='ocrx_word' id='word_1_726' title='bbox 1929 3977 2072 4022; x_wconf 78' lang='lat' dir='ltr'><strong>vetat</strong></span> <span class='ocrx_word' id='word_1_727' title='bbox 2101 3965 2229 4020; x_wconf 90' lang='lat' dir='ltr'><strong>illud</strong></span> <span class='ocrx_word' id='word_1_728' title='bbox 2259 3965 2398 4035; x_wconf 90' lang='lat' dir='ltr'><strong>quod</strong></span> <span class='ocrx_word' id='word_1_729' title='bbox 2428 3981 2492 4020; x_wconf 72' lang='lat' dir='ltr'><strong>ex</strong></span> <span class='ocrx_word' id='word_1_730' title='bbox 2523 3967 2721 4020; x_wconf 75' lang='lat' dir='ltr'><strong>Bullini</strong></span> <span class='ocrx_word' id='word_1_731' title='bbox 2764 3969 3197 4038; x_wconf 88' lang='lat' dir='ltr'><strong>peregrinatione</strong></span> <span class='ocrx_word' id='word_1_732' title='bbox 3226 3985 3516 4038; x_wconf 84' lang='lat' dir='ltr'><strong>argumen-</strong></span> 
     </span>
    </p>
   </div>
   <div class='ocr_carea' id='block_1_100' title="bbox 1931 4056 3518 4114">
    <p class='ocr_par' dir='ltr' id='par_1_100' title="bbox 1931 4056 3518 4114">
     <span class='ocr_line' id='line_1_100' title="bbox 1931 4056 3518 4114; baseline 0.001 -2"><span class='ocrx_word' id='word_1_733' title='bbox 1931 4066 2041 4113; x_wconf 91' lang='lat' dir='ltr'><strong>tum</strong></span> <span class='ocrx_word' id='word_1_734' title='bbox 2069 4056 2386 4110; x_wconf 89' lang='lat' dir='ltr'><strong>desumitur.</strong></span> <span class='ocrx_word' id='word_1_735' title='bbox 2417 4058 2555 4112; x_wconf 77' lang='lat' dir='ltr'><strong>Ante</strong></span> <span class='ocrx_word' id='word_1_736' title='bbox 2577 4073 2698 4110; x_wconf 90' lang='lat' dir='ltr'><strong>eutn</strong></span> <span class='ocrx_word' id='word_1_737' title='bbox 2729 4058 2872 4111; x_wconf 87' lang='lat' dir='ltr'><strong>cnim</strong></span> <span class='ocrx_word' id='word_1_738' title='bbox 2902 4059 3001 4112; x_wconf 72' lang='lat' dir='ltr'><strong>via:</strong></span> <span class='ocrx_word' id='word_1_739' title='bbox 3043 4073 3102 4114; x_wconf 86' lang='lat' dir='ltr'><strong>se</strong></span> <span class='ocrx_word' id='word_1_740' title='bbox 3141 4059 3356 4114; x_wconf 83' lang='lat' dir='ltr'><strong>dedisse</strong></span> <span class='ocrx_word' id='word_1_741' title='bbox 3395 4059 3518 4114; x_wconf 84' lang='lat' dir='ltr'><strong>llic-</strong></span> 
     </span>
    </p>
   </div>
   <div class='ocr_carea' id='block_1_101' title="bbox 1931 4148 3522 4221">
    <p class='ocr_par' dir='ltr' id='par_1_101' title="bbox 1931 4148 3522 4221">
     <span class='ocr_line' id='line_1_101' title="bbox 1931 4148 3522 4221; baseline -0.001 -15"><span class='ocrx_word' id='word_1_742' title='bbox 1931 4165 2238 4221; x_wconf 85' lang='lat' dir='ltr'><strong>ronymutn,</strong></span> <span class='ocrx_word' id='word_1_743' title='bbox 2269 4148 2444 4217; x_wconf 86' lang='lat' dir='ltr'><strong>palam</strong></span> <span class='ocrx_word' id='word_1_744' title='bbox 2471 4157 2553 4203; x_wconf 89' lang='lat' dir='ltr'><strong>est</strong></span> <span class='ocrx_word' id='word_1_745' title='bbox 2583 4149 2854 4213; x_wconf 88' lang='lat' dir='ltr'><strong>omnibus,</strong></span> <span class='ocrx_word' id='word_1_746' title='bbox 2885 4158 3043 4219; x_wconf 88' lang='lat' dir='ltr'><strong>atque</strong></span> <span class='ocrx_word' id='word_1_747' title='bbox 3073 4150 3186 4220; x_wconf 86' lang='lat' dir='ltr'><strong>ipse</strong></span> <span class='ocrx_word' id='word_1_748' title='bbox 3217 4150 3522 4204; x_wconf 76' lang='lat' dir='ltr'><strong>luculentis-</strong></span> 
     </span>
    </p>
   </div>
   <div class='ocr_carea' id='block_1_102' title="bbox 1932 4241 3518 4312">
    <p class='ocr_par' dir='ltr' id='par_1_102' title="bbox 1932 4241 3518 4312">
     <span class='ocr_line' id='line_1_102' title="bbox 1932 4241 3518 4312; baseline -0.002 -13"><span class='ocrx_word' id='word_1_749' title='bbox 1932 4244 2100 4300; x_wconf 84' lang='lat' dir='ltr'><strong>simus</strong></span> <span class='ocrx_word' id='word_1_750' title='bbox 2132 4241 2282 4296; x_wconf 80' lang='lat' dir='ltr'><strong>testis</strong></span> <span class='ocrx_word' id='word_1_751' title='bbox 2307 4251 2390 4296; x_wconf 91' lang='lat' dir='ltr'><strong>est</strong></span> <span class='ocrx_word' id='word_1_752' title='bbox 2415 4241 2611 4312; x_wconf 83' lang='lat' dir='ltr'><strong>sa-pius</strong></span> <span class='ocrx_word' id='word_1_753' title='bbox 2639 4241 2850 4297; x_wconf 87' lang='lat' dir='ltr'><strong>laudato</strong></span> <span class='ocrx_word' id='word_1_754' title='bbox 2882 4243 3000 4298; x_wconf 89' lang='lat' dir='ltr'><strong>loco</strong></span> <span class='ocrx_word' id='word_1_755' title='bbox 3039 4244 3212 4312; x_wconf 89' lang='lat' dir='ltr'><strong>Epist.</strong></span> <span class='ocrx_word' id='word_1_756' title='bbox 3239 4245 3329 4298; x_wconf 85' lang='lat' dir='ltr'><strong>ill.</strong></span> <span class='ocrx_word' id='word_1_757' title='bbox 3362 4243 3518 4297; x_wconf 76' lang='lat' dir='ltr'><strong>Post-</strong></span> 
     </span>
    </p>
   </div>
   <div class='ocr_carea' id='block_1_103' title="bbox 1933 4333 3522 4404">
    <p class='ocr_par' dir='ltr' id='par_1_103' title="bbox 1933 4333 3522 4404">
     <span class='ocr_line' id='line_1_103' title="bbox 1933 4333 3522 4404; baseline 0.001 -16"><span class='ocrx_word' id='word_1_758' title='bbox 1933 4350 2084 4404; x_wconf 89' lang='lat' dir='ltr'><strong>quam</strong></span> <span class='ocrx_word' id='word_1_759' title='bbox 2111 4349 2188 4386; x_wconf 87' lang='lat' dir='ltr'><strong>me</strong></span> <span class='ocrx_word' id='word_1_760' title='bbox 2210 4349 2241 4386; x_wconf 90' lang='lat' dir='ltr'><strong>a</strong></span> <span class='ocrx_word' id='word_1_761' title='bbox 2273 4343 2357 4386; x_wconf 86' lang='lat' dir='ltr'><strong>tuo</strong></span> <span class='ocrx_word' id='word_1_762' title='bbox 2385 4333 2540 4387; x_wconf 85' lang='lat' dir='ltr'><strong>latere</strong></span> <span class='ocrx_word' id='word_1_763' title='bbox 2567 4333 2762 4388; x_wconf 85' lang='lat' dir='ltr'><strong>subitus</strong></span> <span class='ocrx_word' id='word_1_764' title='bbox 2792 4336 2938 4388; x_wconf 89' lang='lat' dir='ltr'><strong>turbo</strong></span> <span class='ocrx_word' id='word_1_765' title='bbox 2968 4337 3238 4402; x_wconf 79' lang='lat' dir='ltr'><strong>convulsil,</strong></span> <span class='ocrx_word' id='word_1_766' title='bbox 3276 4345 3382 4390; x_wconf 89' lang='lat' dir='ltr'><strong>etc.</strong></span> <span class='ocrx_word' id='word_1_767' title='bbox 3412 4336 3522 4390; x_wconf 93' lang='lat' dir='ltr'><strong>lloc</strong></span> 
     </span>
    </p>
   </div>
   <div class='ocr_carea' id='block_1_104' title="bbox 1935 4424 3524 4494">
    <p class='ocr_par' dir='ltr' id='par_1_104' title="bbox 1935 4424 3524 4494">
     <span class='ocr_line' id='line_1_104' title="bbox 1935 4424 3524 4494; baseline -0.001 -14"><span class='ocrx_word' id='word_1_768' title='bbox 1935 4434 2111 4480; x_wconf 90' lang='lat' dir='ltr'><strong>autem</strong></span> <span class='ocrx_word' id='word_1_769' title='bbox 2142 4424 2256 4493; x_wconf 91' lang='lat' dir='ltr'><strong>ipso</strong></span> <span class='ocrx_word' id='word_1_770' title='bbox 2278 4438 2418 4478; x_wconf 90' lang='lat' dir='ltr'><strong>anno</strong></span> <span class='ocrx_word' id='word_1_771' title='bbox 2447 4425 2574 4491; x_wconf 78' lang='lat'><strong>375,</strong></span> <span class='ocrx_word' id='word_1_772' title='bbox 2604 4433 2729 4494; x_wconf 92' lang='lat' dir='ltr'><strong>puta</strong></span> <span class='ocrx_word' id='word_1_773' title='bbox 2761 4433 2881 4494; x_wconf 90' lang='lat' dir='ltr'><strong>post</strong></span> <span class='ocrx_word' id='word_1_774' title='bbox 2905 4424 3108 4494; x_wconf 87' lang='lat' dir='ltr'><strong>aliquot</strong></span> <span class='ocrx_word' id='word_1_775' title='bbox 3135 4443 3163 4477; x_wconf 91' lang='lat' dir='ltr'><strong>a</strong></span> <span class='ocrx_word' id='word_1_776' title='bbox 3195 4425 3524 4494; x_wconf 80' lang='lat' dir='ltr'><strong>Hieronymo</strong></span> 
     </span>
    </p>
   </div>
   <div class='ocr_carea' id='block_1_105' title="bbox 1937 4515 3520 4586">
    <p class='ocr_par' dir='ltr' id='par_1_105' title="bbox 1937 4515 3520 4586">
     <span class='ocr_line' id='line_1_105' title="bbox 1937 4515 3520 4586; baseline -0.001 -14"><span class='ocrx_word' id='word_1_777' title='bbox 1937 4531 2171 4582; x_wconf 90' lang='lat' dir='ltr'><strong>menses,</strong></span> <span class='ocrx_word' id='word_1_778' title='bbox 2202 4516 2472 4571; x_wconf 75' lang='lat' dir='ltr'><strong>Bullinum</strong></span> <span class='ocrx_word' id='word_1_779' title='bbox 2525 4515 2874 4586; x_wconf 80' lang='lat' dir='ltr'><strong>Aquileiense</strong></span> <span class='ocrx_word' id='word_1_780' title='bbox 2921 4517 3307 4571; x_wconf 89' lang='lat' dir='ltr'><strong>monasterium</strong></span> <span class='ocrx_word' id='word_1_781' title='bbox 3361 4516 3520 4571; x_wconf 83' lang='lat' dir='ltr'><strong>desc-</strong></span> 
     </span>
    </p>
   </div>
   <div class='ocr_carea' id='block_1_106' title="bbox 1937 4605 3526 4677">
    <p class='ocr_par' dir='ltr' id='par_1_106' title="bbox 1937 4605 3526 4677">
     <span class='ocr_line' id='line_1_106' title="bbox 1937 4605 3526 4677; baseline -0.003 -13"><span class='ocrx_word' id='word_1_782' title='bbox 1937 4609 2114 4664; x_wconf 88' lang='lat' dir='ltr'><strong>ruisse</strong></span> <span class='ocrx_word' id='word_1_783' title='bbox 2138 4649 2153 4674; x_wconf 95' lang='lat'><strong>,</strong></span> <span class='ocrx_word' id='word_1_784' title='bbox 2194 4618 2252 4662; x_wconf 88' lang='lat' dir='ltr'><strong>ut</strong></span> <span class='ocrx_word' id='word_1_785' title='bbox 2295 4607 2347 4661; x_wconf 92' lang='lat' dir='ltr'><strong>in</strong></span> <span class='ocrx_word' id='word_1_786' title='bbox 2398 4606 2688 4677; x_wconf 68' lang='lat' dir='ltr'><strong>IEgyptum</strong></span> <span class='ocrx_word' id='word_1_787' title='bbox 2717 4621 2838 4660; x_wconf 89' lang='lat' dir='ltr'><strong>cum</strong></span> <span class='ocrx_word' id='word_1_788' title='bbox 2871 4605 3068 4660; x_wconf 88' lang='lat' dir='ltr'><strong>Sancta</strong></span> <span class='ocrx_word' id='word_1_789' title='bbox 3095 4606 3322 4661; x_wconf 82' lang='lat' dir='ltr'><strong>Melanio</strong></span> <span class='ocrx_word' id='word_1_790' title='bbox 3352 4615 3526 4661; x_wconf 88' lang='lat' dir='ltr'><strong>trans-</strong></span> 
     </span>
    </p>
   </div>
   <div class='ocr_carea' id='block_1_107' title="bbox 1941 4697 3526 4768">
    <p class='ocr_par' dir='ltr' id='par_1_107' title="bbox 1941 4697 3526 4768">
     <span class='ocr_line' id='line_1_107' title="bbox 1941 4697 3526 4768; baseline -0.003 -11"><span class='ocrx_word' id='word_1_791' title='bbox 1941 4703 2157 4758; x_wconf 88' lang='lat' dir='ltr'><strong>mittere</strong></span> <span class='ocrx_word' id='word_1_792' title='bbox 2183 4741 2198 4762; x_wconf 93' lang='lat'><strong>,</strong></span> <span class='ocrx_word' id='word_1_793' title='bbox 2240 4707 2572 4768; x_wconf 89' lang='lat' dir='ltr'><strong>compertum</strong></span> <span class='ocrx_word' id='word_1_794' title='bbox 2617 4713 2684 4752; x_wconf 76' lang='lat' dir='ltr'><strong>ex</strong></span> <span class='ocrx_word' id='word_1_795' title='bbox 2734 4697 2962 4767; x_wconf 86' lang='lat' dir='ltr'><strong>ejusmet</strong></span> <span class='ocrx_word' id='word_1_796' title='bbox 2987 4698 3190 4761; x_wconf 85' lang='lat' dir='ltr'><strong>verbis,</strong></span> <span class='ocrx_word' id='word_1_797' title='bbox 3228 4698 3418 4768; x_wconf 90' lang='lat' dir='ltr'><strong>quibus</strong></span> <span class='ocrx_word' id='word_1_798' title='bbox 3459 4698 3526 4753; x_wconf 90' lang='lat' dir='ltr'><strong>ad</strong></span> 
     </span>
    </p>
   </div>
   <div class='ocr_carea' id='block_1_108' title="bbox 1943 4787 3527 4850">
    <p class='ocr_par' dir='ltr' id='par_1_108' title="bbox 1943 4787 3527 4850">
     <span class='ocr_line' id='line_1_108' title="bbox 1943 4787 3527 4850; baseline -0.005 0"><span class='ocrx_word' id='word_1_799' title='bbox 1943 4791 2288 4850; x_wconf 83' lang='lat' dir='ltr'><strong>Anastasium</strong></span> <span class='ocrx_word' id='word_1_800' title='bbox 2318 4789 2628 4843; x_wconf 80' lang='lat' dir='ltr'><strong>Ponticem</strong></span> <span class='ocrx_word' id='word_1_801' title='bbox 2661 4787 2903 4843; x_wconf 87' lang='lat' dir='ltr'><strong>scribens</strong></span> <span class='ocrx_word' id='word_1_802' title='bbox 2951 4803 3094 4844; x_wconf 90' lang='lat' dir='ltr'><strong>anno</strong></span> <span class='ocrx_word' id='word_1_803' title='bbox 3117 4789 3224 4844; x_wconf 64' lang='lat'><strong>400</strong></span> <span class='ocrx_word' id='word_1_804' title='bbox 3255 4789 3337 4844; x_wconf 90' lang='lat' dir='ltr'><strong>vel</strong></span> <span class='ocrx_word' id='word_1_805' title='bbox 3383 4789 3527 4843; x_wconf 85' lang='lat' dir='ltr'><strong>inse-</strong></span> 
     </span>
    </p>
   </div>
   <div class='ocr_carea' id='block_1_109' title="bbox 1945 4879 3529 4957">
    <p class='ocr_par' dir='ltr' id='par_1_109' title="bbox 1945 4879 3529 4957">
     <span class='ocr_line' id='line_1_109' title="bbox 1945 4879 3529 4957; baseline -0.003 -20"><span class='ocrx_word' id='word_1_806' title='bbox 1945 4881 2156 4957; x_wconf 89' lang='lat' dir='ltr'><strong>quenti,</strong></span> <span class='ocrx_word' id='word_1_807' title='bbox 2187 4896 2245 4935; x_wconf 92' lang='lat' dir='ltr'><strong>se</strong></span> <span class='ocrx_word' id='word_1_808' title='bbox 2274 4880 2368 4945; x_wconf 87' lang='lat' dir='ltr'><strong>ait,</strong></span> <span class='ocrx_word' id='word_1_809' title='bbox 2401 4890 2512 4950; x_wconf 85' lang='lat' dir='ltr'><strong>post</strong></span> <span class='ocrx_word' id='word_1_810' title='bbox 2539 4879 2746 4950; x_wconf 83' lang='lat' dir='ltr'><strong>triginta</strong></span> <span class='ocrx_word' id='word_1_811' title='bbox 2772 4882 2876 4952; x_wconf 74' lang='lat' dir='ltr'><strong>fere</strong></span> <span class='ocrx_word' id='word_1_812' title='bbox 2901 4896 3062 4935; x_wconf 83' lang='lat' dir='ltr'><strong>annos</strong></span> <span class='ocrx_word' id='word_1_813' title='bbox 3089 4881 3378 4952; x_wconf 80' lang='lat' dir='ltr'><strong>parentibus</strong></span> <span class='ocrx_word' id='word_1_814' title='bbox 3406 4879 3529 4933; x_wconf 83' lang='lat' dir='ltr'><strong>red-</strong></span> 
     </span>
    </p>
   </div>
   <div class='ocr_carea' id='block_1_110' title="bbox 1945 4968 3530 5040">
    <p class='ocr_par' dir='ltr' id='par_1_110' title="bbox 1945 4968 3530 5040">
     <span class='ocr_line' id='line_1_110' title="bbox 1945 4968 3530 5040; baseline -0.006 -8"><span class='ocrx_word' id='word_1_815' title='bbox 1945 4977 2140 5032; x_wconf 89' lang='lat' dir='ltr'><strong>ditmn.</strong></span> <span class='ocrx_word' id='word_1_816' title='bbox 2172 4969 2322 5038; x_wconf 85' lang='lat' dir='ltr'><strong>Fere,</strong></span> <span class='ocrx_word' id='word_1_817' title='bbox 2355 4971 2548 5040; x_wconf 91' lang='lat' dir='ltr'><strong>inquit,</strong></span> <span class='ocrx_word' id='word_1_818' title='bbox 2589 4980 2648 5025; x_wconf 94' lang='lat' dir='ltr'><strong>ut</strong></span> <span class='ocrx_word' id='word_1_819' title='bbox 2691 4985 2798 5024; x_wconf 91' lang='lat' dir='ltr'><strong>non</strong></span> <span class='ocrx_word' id='word_1_820' title='bbox 2845 4969 3046 5025; x_wconf 89' lang='lat' dir='ltr'><strong>solidos</strong></span> <span class='ocrx_word' id='word_1_821' title='bbox 3095 4970 3306 5040; x_wconf 82' lang='lat' dir='ltr'><strong>triginta</strong></span> <span class='ocrx_word' id='word_1_822' title='bbox 3348 4968 3530 5023; x_wconf 88' lang='lat' dir='ltr'><strong>dicere</strong></span> 
     </span>
    </p>
   </div>
   <div class='ocr_carea' id='block_1_111' title="bbox 1947 5060 3530 5135">
    <p class='ocr_par' dir='ltr' id='par_1_111' title="bbox 1947 5060 3530 5135">
     <span class='ocr_line' id='line_1_111' title="bbox 1947 5060 3530 5135; baseline -0.007 -11"><span class='ocrx_word' id='word_1_823' title='bbox 1947 5081 2071 5124; x_wconf 88' lang='lat' dir='ltr'><strong>eum</strong></span> <span class='ocrx_word' id='word_1_824' title='bbox 2104 5074 2258 5135; x_wconf 90' lang='lat' dir='ltr'><strong>putes</strong></span> <span class='ocrx_word' id='word_1_825' title='bbox 2280 5103 2294 5126; x_wconf 94' lang='lat'><strong>,</strong></span> <span class='ocrx_word' id='word_1_826' title='bbox 2323 5063 2416 5118; x_wconf 91' lang='lat' dir='ltr'><strong>sed</strong></span> <span class='ocrx_word' id='word_1_827' title='bbox 2449 5063 2624 5132; x_wconf 89' lang='lat' dir='ltr'><strong>potius</strong></span> <span class='ocrx_word' id='word_1_828' title='bbox 2647 5063 2715 5117; x_wconf 91' lang='lat' dir='ltr'><strong>ab</strong></span> <span class='ocrx_word' id='word_1_829' title='bbox 2744 5077 2805 5116; x_wconf 90' lang='lat' dir='ltr'><strong>ea</strong></span> <span class='ocrx_word' id='word_1_830' title='bbox 2835 5061 3062 5116; x_wconf 81' lang='lat' dir='ltr'><strong>formula</strong></span> <span class='ocrx_word' id='word_1_831' title='bbox 3090 5073 3143 5117; x_wconf 92' lang='lat' dir='ltr'><strong>et</strong></span> <span class='ocrx_word' id='word_1_832' title='bbox 3170 5060 3397 5116; x_wconf 90' lang='lat' dir='ltr'><strong>rotundo</strong></span> <span class='ocrx_word' id='word_1_833' title='bbox 3430 5077 3530 5113; x_wconf 83' lang='lat' dir='ltr'><strong>nn-</strong></span> 
     </span>
    </p>
   </div>
   <div class='ocr_carea' id='block_1_112' title="bbox 1947 5152 3532 5224">
    <p class='ocr_par' dir='ltr' id='par_1_112' title="bbox 1947 5152 3532 5224">
     <span class='ocr_line' id='line_1_112' title="bbox 1947 5152 3532 5224; baseline -0.006 -10"><span class='ocrx_word' id='word_1_834' title='bbox 1947 5173 2098 5214; x_wconf 89' lang='lat' dir='ltr'><strong>mero</strong></span> <span class='ocrx_word' id='word_1_835' title='bbox 2147 5154 2415 5224; x_wconf 86' lang='lat' dir='ltr'><strong>intelligas</strong></span> <span class='ocrx_word' id='word_1_836' title='bbox 2461 5153 2591 5208; x_wconf 91' lang='lat' dir='ltr'><strong>satis</strong></span> <span class='ocrx_word' id='word_1_837' title='bbox 2633 5169 2774 5217; x_wconf 89' lang='lat' dir='ltr'><strong>esse,</strong></span> <span class='ocrx_word' id='word_1_838' title='bbox 2823 5154 2865 5207; x_wconf 92' lang='lat' dir='ltr'><strong>si</strong></span> <span class='ocrx_word' id='word_1_839' title='bbox 2910 5153 3197 5222; x_wconf 88' lang='lat' dir='ltr'><strong>vigesimus</strong></span> <span class='ocrx_word' id='word_1_840' title='bbox 3239 5167 3412 5206; x_wconf 91' lang='lat' dir='ltr'><strong>nonus</strong></span> <span class='ocrx_word' id='word_1_841' title='bbox 3443 5152 3532 5205; x_wconf 75' lang='lat' dir='ltr'><strong>vix</strong></span> 
     </span>
    </p>
   </div>
   <div class='ocr_carea' id='block_1_113' title="bbox 1946 5244 3533 5317">
    <p class='ocr_par' dir='ltr' id='par_1_113' title="bbox 1946 5244 3533 5317">
     <span class='ocr_line' id='line_1_113' title="bbox 1946 5244 3533 5317; baseline -0.007 -11"><span class='ocrx_word' id='word_1_842' title='bbox 1946 5251 2162 5307; x_wconf 88' lang='lat' dir='ltr'><strong>deumm</strong></span> <span class='ocrx_word' id='word_1_843' title='bbox 2207 5247 2514 5317; x_wconf 87' lang='lat' dir='ltr'><strong>incepisset.</strong></span> <span class='ocrx_word' id='word_1_844' title='bbox 2544 5246 2712 5302; x_wconf 87' lang='lat' dir='ltr'><strong>Porro</strong></span> <span class='ocrx_word' id='word_1_845' title='bbox 2739 5245 2957 5300; x_wconf 88' lang='lat' dir='ltr'><strong>totidem</strong></span> <span class='ocrx_word' id='word_1_846' title='bbox 2984 5261 3013 5300; x_wconf 89' lang='lat' dir='ltr'><strong>a</strong></span> <span class='ocrx_word' id='word_1_847' title='bbox 3041 5245 3146 5301; x_wconf 69' lang='grc'><strong>572</strong></span> <span class='ocrx_word' id='word_1_848' title='bbox 3187 5245 3252 5300; x_wconf 88' lang='lat' dir='ltr'><strong>ad</strong></span> <span class='ocrx_word' id='word_1_849' title='bbox 3297 5244 3392 5299; x_wconf 68' lang='grc'><strong>401</strong></span> <span class='ocrx_word' id='word_1_850' title='bbox 3432 5260 3533 5298; x_wconf 85' lang='lat' dir='ltr'><strong>tnt-</strong></span> 
     </span>
    </p>
   </div>
   <div class='ocr_carea' id='block_1_114' title="bbox 1948 5337 3534 5407">
    <p class='ocr_par' dir='ltr' id='par_1_114' title="bbox 1948 5337 3534 5407">
     <span class='ocr_line' id='line_1_114' title="bbox 1948 5337 3534 5407; baseline -0.007 -8"><span class='ocrx_word' id='word_1_851' title='bbox 1948 5353 2244 5399; x_wconf 89' lang='lat' dir='ltr'><strong>merantur.</strong></span> <span class='ocrx_word' id='word_1_852' title='bbox 2285 5339 2394 5395; x_wconf 86' lang='lat' dir='ltr'><strong>Nec</strong></span> <span class='ocrx_word' id='word_1_853' title='bbox 2418 5355 2549 5395; x_wconf 90' lang='lat' dir='ltr'><strong>sane</strong></span> <span class='ocrx_word' id='word_1_854' title='bbox 2577 5341 2727 5396; x_wconf 90' lang='lat' dir='ltr'><strong>locus</strong></span> <span class='ocrx_word' id='word_1_855' title='bbox 2755 5348 2835 5395; x_wconf 88' lang='lat' dir='ltr'><strong>est</strong></span> <span class='ocrx_word' id='word_1_856' title='bbox 2881 5339 2982 5393; x_wconf 85' lang='lat' dir='ltr'><strong>isto</strong></span> <span class='ocrx_word' id='word_1_857' title='bbox 3025 5337 3091 5393; x_wconf 88' lang='lat' dir='ltr'><strong>ad</strong></span> <span class='ocrx_word' id='word_1_858' title='bbox 3131 5337 3534 5407; x_wconf 78' lang='lat' dir='ltr'><strong>llieronymiani</strong></span> 
     </span>
    </p>
   </div>
   <div class='ocr_carea' id='block_1_115' title="bbox 1945 5427 3530 5504">
    <p class='ocr_par' dir='ltr' id='par_1_115' title="bbox 1945 5427 3530 5504">
     <span class='ocr_line' id='line_1_115' title="bbox 1945 5427 3530 5504; baseline -0.008 -14"><span class='ocrx_word' id='word_1_859' title='bbox 1945 5447 2100 5504; x_wconf 71' lang='lat' dir='ltr'><strong>teque</strong></span> <span class='ocrx_word' id='word_1_860' title='bbox 2126 5440 2287 5502; x_wconf 87' lang='lat' dir='ltr'><strong>atque</strong></span> <span class='ocrx_word' id='word_1_861' title='bbox 2317 5430 2611 5485; x_wconf 79' lang='lat' dir='ltr'><strong>Hufliniani</strong></span> <span class='ocrx_word' id='word_1_862' title='bbox 2637 5430 2846 5485; x_wconf 90' lang='lat' dir='ltr'><strong>itineris</strong></span> <span class='ocrx_word' id='word_1_863' title='bbox 2878 5439 3088 5499; x_wconf 91' lang='lat' dir='ltr'><strong>tempus</strong></span> <span class='ocrx_word' id='word_1_864' title='bbox 3126 5428 3291 5498; x_wconf 90' lang='lat' dir='ltr'><strong>probe</strong></span> <span class='ocrx_word' id='word_1_865' title='bbox 3329 5427 3530 5479; x_wconf 89' lang='lat' dir='ltr'><strong>consti-</strong></span> 
     </span>
    </p>
   </div>
   <div class='ocr_carea' id='block_1_116' title="bbox 1947 5517 3534 5585">
    <p class='ocr_par' dir='ltr' id='par_1_116' title="bbox 1947 5517 3534 5585">
     <span class='ocr_line' id='line_1_116' title="bbox 1947 5517 3534 5585; baseline -0.006 -5"><span class='ocrx_word' id='word_1_866' title='bbox 1947 5523 2206 5582; x_wconf 88' lang='lat' dir='ltr'><strong>tuendum</strong></span> <span class='ocrx_word' id='word_1_867' title='bbox 2235 5523 2582 5578; x_wconf 92' lang='lat' dir='ltr'><strong>luculentior.</strong></span> <span class='ocrx_word' id='word_1_868' title='bbox 2615 5522 2973 5578; x_wconf 87' lang='lat' dir='ltr'><strong>Nihilosecius</strong></span> <span class='ocrx_word' id='word_1_869' title='bbox 3002 5529 3160 5574; x_wconf 92' lang='lat' dir='ltr'><strong>erunt</strong></span> <span class='ocrx_word' id='word_1_870' title='bbox 3187 5518 3412 5571; x_wconf 84' lang='lat' dir='ltr'><strong>fortasse</strong></span> <span class='ocrx_word' id='word_1_871' title='bbox 3441 5517 3534 5585; x_wconf 91' lang='lat' dir='ltr'><strong>qni</strong></span> 
     </span>
    </p>
   </div>
   <div class='ocr_carea' id='block_1_117' title="bbox 1947 5615 3532 5680">
    <p class='ocr_par' dir='ltr' id='par_1_117' title="bbox 1947 5615 3532 5680">
     <span class='ocr_line' id='line_1_117' title="bbox 1947 5615 3532 5680; baseline -0.007 -7"><span class='ocrx_word' id='word_1_872' title='bbox 1947 5631 2014 5674; x_wconf 78' lang='lat' dir='ltr'><strong>ex</strong></span> <span class='ocrx_word' id='word_1_873' title='bbox 2055 5617 2246 5672; x_wconf 88' lang='lat' dir='ltr'><strong>eodem</strong></span> <span class='ocrx_word' id='word_1_874' title='bbox 2296 5615 2608 5670; x_wconf 91' lang='lat' dir='ltr'><strong>conclusum</strong></span> <span class='ocrx_word' id='word_1_875' title='bbox 2657 5616 2828 5680; x_wconf 91' lang='lat' dir='ltr'><strong>ibunt,</strong></span> <span class='ocrx_word' id='word_1_876' title='bbox 2862 5615 2916 5667; x_wconf 91' lang='lat' dir='ltr'><strong>in</strong></span> <span class='ocrx_word' id='word_1_877' title='bbox 2953 5626 3150 5665; x_wconf 88' lang='lat' dir='ltr'><strong>annum</strong></span> <span class='ocrx_word' id='word_1_878' title='bbox 3190 5615 3532 5676; x_wconf 85' lang='lat' dir='ltr'><strong>sequentem,</strong></span> 
     </span>
    </p>
   </div>
   <div class='ocr_carea' id='block_1_118' title="bbox 1947 5696 3536 5774">
    <p class='ocr_par' dir='ltr' id='par_1_118' title="bbox 1947 5696 3536 5774">
     <span class='ocr_line' id='line_1_118' title="bbox 1947 5696 3536 5774; baseline -0.008 -9"><span class='ocrx_word' id='word_1_879' title='bbox 1947 5710 2060 5765; x_wconf 82' lang='lat' dir='ltr'><strong>sive</strong></span> <span class='ocrx_word' id='word_1_880' title='bbox 2080 5708 2206 5774; x_wconf 78' lang='grc'><strong>575,</strong></span> <span class='ocrx_word' id='word_1_881' title='bbox 2238 5708 2435 5762; x_wconf 86' lang='lat' dir='ltr'><strong>debere</strong></span> <span class='ocrx_word' id='word_1_882' title='bbox 2467 5708 2567 5761; x_wconf 90' lang='lat' dir='ltr'><strong>iter</strong></span> <span class='ocrx_word' id='word_1_883' title='bbox 2597 5707 2820 5770; x_wconf 72' lang='lat' dir='ltr'><strong>differri,</strong></span> <span class='ocrx_word' id='word_1_884' title='bbox 2847 5716 2898 5759; x_wconf 86' lang='lat' dir='ltr'><strong>et</strong></span> <span class='ocrx_word' id='word_1_885' title='bbox 2920 5717 3053 5770; x_wconf 87' lang='lat' dir='ltr'><strong>quos</strong></span> <span class='ocrx_word' id='word_1_886' title='bbox 3077 5706 3337 5752; x_wconf 89' lang='lat' dir='ltr'><strong>memorat</strong></span> <span class='ocrx_word' id='word_1_887' title='bbox 3365 5696 3536 5754; x_wconf 82' lang='lat' dir='ltr'><strong>Rulli-</strong></span> 
     </span>
    </p>
   </div>
   <div class='ocr_carea' id='block_1_119' title="bbox 1950 5791 3525 5864">
    <p class='ocr_par' dir='ltr' id='par_1_119' title="bbox 1950 5791 3525 5864">
     <span class='ocr_line' id='line_1_119' title="bbox 1950 5791 3525 5864; baseline -0.003 -8"><span class='ocrx_word' id='word_1_888' title='bbox 1950 5816 2050 5856; x_wconf 89' lang='lat' dir='ltr'><strong>nus</strong></span> <span class='ocrx_word' id='word_1_889' title='bbox 2097 5815 2266 5856; x_wconf 87' lang='lat' dir='ltr'><strong>annos</strong></span> <span class='ocrx_word' id='word_1_890' title='bbox 2312 5799 2556 5864; x_wconf 75' lang='lat' dir='ltr'><strong>triginta,</strong></span> <span class='ocrx_word' id='word_1_891' title='bbox 2587 5813 2651 5854; x_wconf 78' lang='lat' dir='ltr'><strong>cx</strong></span> <span class='ocrx_word' id='word_1_892' title='bbox 2684 5813 2787 5853; x_wconf 82' lang='lat' dir='ltr'><strong>ouo</strong></span> <span class='ocrx_word' id='word_1_893' title='bbox 2817 5800 3096 5856; x_wconf 74' lang='lat' dir='ltr'><strong>parentum</strong></span> <span class='ocrx_word' id='word_1_894' title='bbox 3135 5791 3525 5850; x_wconf 83' lang='lat' dir='ltr'><strong>consuetudine</strong></span> 
     </span>
    </p>
   </div>
  </div>
