4004 6328
228 327 288 384 25
1464 325 1521 382 S.
1565 321 1941 380 lllERONYSlI
1989 322 2171 380 VITA.

225 439 379 496 currit.
411 437 548 495 Alibi
575 437 734 498 etiam
762 437 1034 508 regionum
1077 445 1272 509 praeter
1297 436 1425 492 istas
1451 479 1466 509 ,
1495 447 1654 508 atque
1685 454 1773 492 ur-

221 533 347 587 bium
395 547 488 601 per
530 546 663 603 quas
707 531 1016 596 transierit,
1049 531 1376 587 mentionem
1420 531 1583 600 facit,
1635 541 1692 585 ut
1722 534 1773 587 in

218 622 464 678 Lacharim
509 638 630 694 cap.
686 621 800 688 XII.
846 621 934 676 ubi
985 621 1211 677 Athenis
1241 637 1300 677 se
1347 622 1522 693 prodit
1570 621 1771 687 fuisse;

219 715 273 769 ln
311 731 436 780 arce,
483 715 770 785 inquiens,
807 715 1229 782 Atheniensium,
1259 717 1408 779 iuxta
1447 715 1774 770 simulacrum

215 805 432 859 lfiuervce
452 847 467 873 ,
515 806 618 859 vidi
648 806 900 876 Splteram
927 823 1123 860 teneam
1171 807 1453 875 gravissimi
1509 807 1767 876 ponderis,

211 914 338 966 quant
363 913 449 968 ego
476 914 568 966 pro
597 898 937 958 imbecillitate
965 899 1255 969 corpusculi
1286 917 1481 954 movere
1507 899 1590 955 vix
1602 901 1763 970 potui,

209 997 299 1041 etc.
326 987 388 1042 Et
426 988 477 1042 in
505 989 779 1044 Prowmio
823 991 1046 1045 secundi
1091 990 1214 1045 libri
1245 989 1764 1048 Commentariorum

206 1079 261 1134 ad
285 1078 505 1141 Galatas.
539 1081 687 1150 Scit,
720 1083 918 1153 inquit,
969 1100 1169 1138 mecum
1195 1085 1279 1154 qui
1309 1085 1432 1138 vidit
1472 1085 1764 1154 Anc/tyrant

202 1173 495 1244 metropolim
511 1175 732 1232 Galatia:
746 1177 1016 1253 ciuitatem,
1039 1187 1165 1248 quot
1191 1193 1322 1233 nunc
1345 1195 1497 1248 usque
1521 1177 1766 1232 schisma-

203 1267 313 1321 tibus
351 1268 631 1323 dilacerata
669 1269 766 1336 sit,
797 1279 916 1340 quot
962 1270 1258 1340 dogmatum
1290 1269 1609 1330 varietatibus
1638 1285 1763 1322 con-

198 1371 423 1430 stuprata.
453 1362 572 1416 Alia
603 1362 655 1416 id
685 1377 854 1434 genus
878 1362 1002 1416 alibi
1034 1363 1261 1417 rimatus
1285 1370 1384 1416 est.
1419 1362 1484 1414 Et
1521 1360 1674 1414 Tarsi
1705 1360 1757 1414 in

197 1450 358 1505 Cilicia
404 1452 719 1521 aliquandiu
769 1468 892 1508 eum
945 1454 1245 1516 mansisse,
1289 1452 1542 1523 colligere
1584 1461 1667 1508 est
1696 1468 1762 1510 ex

197 1541 343 1611 Epist.
374 1541 561 1602 CXXI.
605 1543 674 1598 ad
718 1544 990 1614 Algacium
1033 1544 1239 1610 Quaest.
1289 1560 1347 1600 tt.
1401 1544 1489 1599 ubi
1536 1544 1760 1599 Cilicum

194 1634 364 1704 lingua:
419 1637 818 1706 proprietates,
867 1636 1058 1706 quibus
1115 1636 1311 1690 Paulus
1362 1635 1650 1706 Apostolus
1708 1635 1758 1690 in

190 1723 422 1793 Epismlis
461 1727 576 1782 suis
604 1742 733 1788 usus
762 1727 853 1792 sit,
885 1728 1087 1797 Optime
1115 1742 1174 1782 se
1206 1725 1379 1796 prodit
1408 1727 1641 1781 novisse.
1683 1726 1759 1782 lta

189 1826 233 1872 et
266 1816 672 1885 Theodosium,
719 1820 808 1890 qui
848 1819 1088 1875 creditur
1134 1818 1521 1874 monasterium
1553 1818 1756 1872 consti-

189 1909 332 1964 tuisse
381 1910 526 1981 apud
581 1911 852 1966 Rbossum
907 1911 959 1972 in
1010 1910 1194 1966 Cilicia
1243 1909 1309 1963 ad
1364 1911 1526 1964 maris
1582 1924 1755 1976 uram,

184 2001 505 2067 convenisse,
530 2001 758 2072 ejusque
789 2011 845 2056 ut
874 2012 927 2056 et
955 2011 1272 2059 caeterorum
1301 1999 1401 2055 sub
1425 2016 1490 2055 co
1512 1999 1757 2055 Anacha-

184 2102 392 2146 retarum
425 2108 611 2148 mures
657 2093 824 2148 fuisse
860 2102 1289 2163 perscrutatum,
1323 2108 1384 2147 ac
1412 2093 1603 2147 similis
1632 2093 1757 2148 vitae

181 2199 339 2238 amore
379 2185 688 2250 incensum,
720 2201 785 2240 ex
818 2185 878 2240 ιι.
912 2185 1150 2256 Epistula
1176 2226 1192 2251 ,
1223 2201 1339 2252 qu:e
1366 2184 1430 2238 ad
1470 2200 1590 2239 eum
1635 2183 1756 2238 data

180 2284 264 2336 est,
303 2275 500 2346 liquet.
548 2276 811 2330 Nimirum
857 2291 1210 2346 qumcumquc
1263 2275 1552 2342 insigniora
1604 2273 1757 2328 vide-

180 2376 359 2430 rrntur,
390 2367 570 2422 oculis
594 2381 854 2435 usurpare
884 2365 1083 2427 voluit,
1119 2365 1347 2420 maxime
1377 2363 1758 2417 Monacborutn

177 2468 323 2518 cretus
363 2459 706 2514 celebriores
727 2498 742 2520 ,
773 2471 1001 2526 quorum
1033 2454 1328 2524 prmsertim
1380 2453 1617 2508 instituta
1667 2469 1761 2506 uo-

177 2551 337 2606 scendi
369 2561 547 2620 atque
588 2548 834 2603 imitandi
865 2563 1053 2603 caussa
1078 2588 1092 2611 ,
1143 2545 1597 2617 peregrinabatur.
1648 2545 1759 2598 Vill!

176 2643 384 2696 comites
423 2650 719 2709 perpetuus
750 2638 997 2703 habebat,
1031 2646 1227 2707 praeter
1253 2636 1639 2700 Innocentium,
1669 2645 1754 2690 at-

175 2749 256 2802 que
281 2731 648 2789 Ilcliodoruut
677 2771 691 2794 ,
718 2746 851 2800 quos
875 2743 1034 2799 supra
1063 2728 1493 2790 memoravimus,
1523 2725 1752 2780 Nicaram

174 2840 369 2896 quoque
423 2821 864 2893 llypodiaconum
902 2807 1160 2890 Aquileia:
1184 2861 1198 2883 ,
1231 2827 1283 2873 et
1307 2817 1516 2889 Ilylam,
1547 2818 1755 2873 Sancta:

175 2916 372 2971 Melanii
416 2913 694 2987 (eundum,
723 2913 810 2984 qui
838 2913 1060 2982 puritate
1091 2926 1287 2965 morum
1317 2910 1569 2964 maculam
1598 2911 1753 2964 servi-

175 3011 275 3063 tutis
323 3007 556 3062 abluerat
604 3004 798 3078 (Epist.
843 3002 988 3074 lll).
1030 3003 1311 3068 Bonosus,
1359 3016 1464 3072 quo
1513 3017 1635 3057 cum
1683 3001 1751 3056 ab

174 3103 383 3158 infantia
421 3100 683 3156 educatus
707 3141 722 3166 ,
751 3108 806 3154 et
833 3097 1054 3152 honestis
1097 3097 1270 3150 menti
1309 3094 1498 3149 artibus
1521 3094 1751 3150 eruditus

175 3193 260 3250 fuit
280 3237 298 3260 ,
327 3195 525 3266 quique
563 3207 689 3246 eum
718 3190 886 3244 fuerat
917 3190 970 3243 in
1001 3188 1291 3244 Galliarum
1323 3186 1750 3256 peregrinatione

177 3287 470 3350 comitatus,
495 3280 967 3350 sulitudincmjam
986 3279 1209 3348 petierat
1230 3277 1281 3331 in
1300 3277 1468 3330 insula
1494 3276 1745 3346 quadam,

180 3377 439 3431 Dalmatia:
487 3383 545 3428 ut
589 3373 833 3435 videtur,
879 3371 1066 3440 pelago
1107 3369 1538 3423 circumsouaute
1564 3409 1580 3435 ,
1613 3383 1748 3421 nau-

180 3467 334 3537 fraga,
367 3477 419 3521 et
451 3466 503 3520 in
535 3479 639 3534 qua
669 3462 800 3516 nihil
832 3477 937 3516 nou
967 3461 1156 3516 terrori
1193 3469 1354 3515 esset.

240 3561 300 3618 ll.
335 3562 470 3618 Num
513 3561 902 3630 Jerusolymam
933 3557 1036 3612 hoc
1065 3555 1237 3628 primo
1280 3556 1330 3609 in
1362 3557 1631 3610 Orientem
1667 3553 1752 3607 iti-

182 3671 299 3711 nere
337 3656 571 3719 adierit,
612 3653 938 3722 disltutatum
971 3651 1110 3704 inter
1136 3648 1396 3703 eruditos.
1433 3649 1602 3716 Atque
1636 3647 1750 3715 ipse

183 3747 379 3813 quidem
429 3746 487 3802 ὃ.
545 3745 704 3800 Pater
759 3741 993 3812 Epistula
1046 3738 1217 3794 XXII.
1276 3738 1343 3794 ad
1399 3737 1750 3792 Eustochium

184 3839 432 3899 scribens,
467 3852 525 3891 se
555 3843 781 3890 testatur
827 3847 894 3887 eo
935 3832 1164 3887 consilio
1205 3845 1233 3883 a
1276 3829 1388 3884 suis
1414 3827 1748 3891 discessisse,

185 3938 236 3984 ut
258 3928 627 4000 .lerosolgmam
656 3927 962 3981 militaturus
992 3932 1237 3995 pergeret.
1269 3920 1324 3974 In
1357 3919 1589 3990 Epistula
1615 3933 1751 3987 quo-

186 4037 278 4090 quc
303 4021 458 4076 XLV.
488 4021 554 4074 ad
588 4019 844 4082 Asellam,
869 4033 989 4072 cum
1022 4017 1207 4072 Roma:
1239 4023 1418 4073 esset.
1451 4026 1610 4066 orare
1634 4025 1752 4063 eam

185 4114 313 4183 jubet
334 4157 347 4181 ,
379 4126 436 4170 ut
465 4115 528 4170 de
555 4113 816 4183 Babylone
840 4109 1217 4180 Jerosolymam
1241 4105 1441 4176 regredi
1467 4099 1754 4173 aliquando

188 4207 273 4260 sibi
316 4208 470 4261 liceat
499 4223 513 4259 :
547 4205 745 4275 quibus
771 4202 955 4258 verbis
993 4215 1051 4254 se
1083 4199 1248 4253 fuisse
1287 4196 1494 4266 pridem
1538 4194 1754 4249 .Ieroso'

187 4298 309 4352 litua:
335 4339 348 4361 ,
389 4297 583 4352 iudicio
610 4305 712 4350 est.
745 4295 876 4349 Item
914 4293 966 4346 itt
1000 4290 1316 4345 Pra~falioue
1353 4287 1416 4342 ad
1451 4287 1657 4358 Didymi
1687 4285 1755 4342 de

189 4389 365 4458 Spiritu
392 4389 589 4445 Sancto
616 4388 834 4448 librum,
867 4400 1027 4454 quem
1057 4384 1242 4437 Latine
1265 4381 1334 4436 de
1359 4380 1546 4437 Grieco
1573 4381 1752 4447 vertit,

190 4496 239 4536 se
275 4484 374 4549 ait,
405 4482 472 4538 de
491 4481 763 4554 Babylone
785 4520 800 4543 ,
832 4479 883 4533 id
923 4487 1006 4533 cst
1034 4477 1200 4531 Roma
1226 4516 1243 4542 ,
1285 4475 1417 4529 velut
1444 4474 1755 4543 postliminio

190 4572 535 4645 lerosolyntam
567 4588 676 4627 esse
704 4585 980 4636 reversum,
1007 4577 1063 4624 et
1095 4577 1207 4638 post
1238 4565 1445 4620 Romuli
1473 4565 1675 4630 Casam,
1709 4573 1755 4618 et

192 4666 399 4720 ludcrmn
426 4663 756 4734 Lupercalia,
790 4662 1121 4716 diversorium
1153 4659 1368 4725 Mariae,
1399 4667 1446 4713 et
1473 4659 1756 4713 Saluatoris

193 4758 461 4824 speluncam
489 4757 773 4826 expetisse.
804 4752 1059 4818 Accedit,
1097 4752 1406 4818 Barouium,
1433 4748 1752 4816 Victorinm,

195 4857 332 4918 atque
357 4851 488 4904 alios
518 4849 696 4918 magni
725 4845 1120 4903 uominisviros
1151 4845 1200 4897 in
1227 4860 1288 4898 ea
1319 4859 1439 4898 esse
1463 4843 1753 4907 sententia,

198 4947 244 4993 ut
281 4940 353 4994 bis
397 4940 788 5011 ierosolymam
837 4936 1048 4992 venisse
1086 4951 1207 4990 eum
1249 4935 1451 4995 velint:
1501 4945 1552 4988 et
1591 4933 1757 4988 semel

198 5030 386 5098 quidem
418 5031 517 5086 hac
545 5031 720 5102 prima
748 5029 800 5083 in
827 5028 1098 5086 Orientem
1130 5026 1575 5097 peregrinatione,
1603 5035 1758 5081 ante-

199 5137 334 5190 quam
363 5124 590 5180 Calcidis
613 5137 857 5179 eremum
888 5120 1255 5190 ingrederetur
1288 5137 1300 5172 :
1330 5119 1397 5174 de
1423 5119 1590 5173 altero
1613 5119 1755 5174 enim

199 5216 440 5285 adventu,
474 5232 597 5273 eum
648 5215 857 5270 scilicet
903 5214 1068 5268 Roma
1115 5221 1234 5282 post
1279 5211 1488 5265 Damasi
1531 5220 1756 5264 mortem

199 5305 438 5378 discessit,
469 5323 631 5370 nemo
653 5316 734 5363 est
761 5307 851 5376 qui
878 5305 1106 5362 dubitet.
1135 5304 1328 5359 Verum
1349 5303 1604 5374 quidquid
1636 5303 1758 5357 aliis

199 5400 434 5469 videatur,
463 5418 586 5458 eum
614 5400 786 5458 semel
817 5398 996 5465 modo,
1025 5412 1200 5468 neque
1226 5398 1326 5452 hoc
1350 5396 1562 5466 quidem
1595 5396 1753 5451 itine-

202 5511 268 5561 re,
294 5496 356 5550 dc
382 5513 485 5567 quo
512 5496 726 5567 agimus
747 5535 762 5560 ,
798 5493 893 5549 sed
931 5493 1099 5547 altero
1136 5490 1225 5546 diu
1255 5499 1374 5561 post
1402 5491 1452 5545 in
1483 5489 1754 5545 Orientem

201 5584 440 5657 instituto,
466 5586 862 5657 Jcrosolymam
892 5584 1211 5653 perrexiSSc,
1237 5582 1590 5638 Iuculentiora
1609 5581 1756 5650 ejus-

201 5689 292 5732 ttzct
313 5681 367 5735 S.
399 5679 652 5749 Auctoris
684 5677 982 5732 testimonia
1023 5676 1368 5746 persuadent.
1405 5675 1692 5729 Enimvero
1712 5676 1756 5729 si

200 5782 254 5821 co
278 5779 391 5826 tunc
416 5771 770 5838 accessisset,
807 5785 893 5839 qm
925 5769 1035 5824 ﬁeri
1075 5767 1279 5839 potuit,
1329 5775 1385 5822 ut
1433 5766 1753 5822 cxantlautis

1875 437 1985 508 jam
2014 440 2464 512 peregrinationis
2494 456 2610 512 ejus
2638 443 3013 518 incommodis,
3044 451 3339 513 Antiochia:
3366 455 3466 511 de-

1877 547 2029 602 gens,
2057 543 2216 602 atque
2243 533 2368 588 hinc
2406 535 2648 591 scribens
2681 542 2880 609 sepius
2926 543 3192 602 laudatam
3233 548 3298 602 ad
3330 546 3463 604 Ruf-

1879 624 2039 678 finum
2068 625 2384 694 Epistulam,
2420 626 2559 681 inter
2584 629 2769 695 multa,
2803 646 2921 701 quae
2950 633 3018 689 de
3045 639 3156 692 suis
3187 638 3465 696 itincribus

1875 716 2047 771 eidem
2082 733 2176 787 per
2201 726 2377 788 partes
2409 728 2604 784 narrat,
2633 721 2732 776 hoc
2752 739 2911 779 unum
2942 729 3082 797 quod
3111 741 3226 786 erat
3257 734 3464 788 cmtcris

1873 809 2216 876 pratstautius
2247 809 2514 876 omnibus,
2540 815 2859 882 prmteriret.
2889 816 3140 873 Sanctam
3169 823 3459 889 civitatem,

1875 898 1926 952 in
1954 913 2058 967 qua
2088 899 2284 954 dudum
2315 902 2476 956 fuisse
2503 903 2730 958 amicum
2771 919 2925 960 suum
2973 907 3347 975 intellexerat,
3396 929 3464 969 ne

1875 999 2088 1058 arrepta
2131 991 2257 1047 hinc
2291 992 2506 1070 quidem
2546 995 2826 1050 occasione
2869 998 3199 1055 nominaret!
3237 1001 3463 1058 Praeter-

1877 1080 2041 1145 misit,
2074 1083 2194 1151 quia
2227 1083 2458 1138 nondum
2488 1084 2761 1141 inviserat.
2786 1085 2854 1141 Et
2881 1101 3010 1142 sane
3034 1089 3126 1144 lib.
3157 1090 3244 1144 Ill.
3274 1101 3459 1146 contra

1878 1171 2125 1227 eumdem
2168 1173 2432 1228 llttftiuum
2477 1175 2545 1230 de
2582 1177 2816 1233 secunda
2862 1177 2915 1232 in
2944 1178 3175 1235 Orientis
3221 1182 3460 1249 partibus

1873 1263 2297 1333 peregrinatione
2335 1279 2426 1318 sua
2455 1265 2677 1335 loquens
2697 1307 2711 1332 ,
2747 1268 2815 1321 ita
2843 1283 2902 1323 se
2928 1268 3066 1324 Loca
3097 1270 3289 1325 Sancta
3322 1272 3456 1326 invio

1866 1352 2000 1407 sissc
2049 1353 2325 1423 proﬁtetur
2352 1395 2368 1421 ,
2421 1371 2485 1410 ac
2527 1356 2570 1410 si
2620 1367 2777 1414 antea
2822 1359 2993 1414 solum
3035 1360 3104 1417 de
3147 1361 3252 1418 illis
3294 1362 3457 1418 fundo

1865 1445 2059 1515 aliquid
2105 1447 2370 1516 audierit,
2413 1448 2604 1503 viderit
2663 1461 2839 1505 autem
2889 1452 3043 1508 nihil.
3103 1452 3320 1520 Intraui,
3370 1455 3453 1510 in-

1865 1537 2013 1608 quit,
2066 1536 2480 1610 Jerosolyntant,
2538 1541 2642 1594 vidi
2696 1541 2854 1595 multa
2902 1543 3184 1609 miracula,
3241 1554 3290 1600 et
3341 1562 3453 1616 quae

1865 1635 2004 1701 prius
2029 1632 2100 1685 ad
2126 1649 2202 1685 nte
2225 1638 2363 1703 fama
2388 1635 2683 1704 pertulerat,
2707 1637 2974 1692 oculorum
2993 1640 3192 1708 judicio
3219 1657 3454 1712 compro-

1863 1726 1992 1779 bavi.
2025 1726 2138 1780 Non
2187 1735 2303 1792 est,
2333 1727 2376 1782 si
2408 1728 2532 1796 quid
2578 1729 2732 1784 video
2753 1772 2769 1796 ,
2801 1731 2943 1801 quod
2988 1731 3110 1787 huic
3139 1742 3452 1803 argumento

1860 1818 2045 1888 reponi
2080 1819 2264 1888 possit.
2290 1819 2546 1874 Adductis
2574 1829 2750 1876 autem
2772 1822 3016 1892 superius
3043 1823 3094 1877 in
3123 1825 3445 1879 contrariam

1862 1920 2065 1980 partem
2107 1910 2276 1968 facilis
2307 1914 2585 1982 responsio
2623 1923 2726 1968 est.
2780 1914 2844 1968 Et
2889 1916 3059 1984 primo
3099 1914 3349 1986 quidem,
3384 1933 3450 1972 cu

1861 2017 2045 2056 revera
2067 2002 2292 2058 consilio
2321 2013 2481 2072 atque
2510 2003 2690 2059 animo
2731 2003 2790 2060 S.
2832 2005 3112 2061 Ductorem
3165 2007 3214 2062 in
3259 2006 3450 2062 Orien-

1863 2101 1969 2148 tem
1999 2094 2258 2163 migrasse
2280 2136 2294 2158 ,
2329 2105 2385 2149 ut
2414 2095 2803 2167 Jerosolymam
2851 2097 3152 2164 inviseret,
3187 2098 3306 2168 ειὺ
3327 2100 3448 2154 aliis

1863 2184 2202 2252 postmodum
2247 2183 2315 2239 de
2353 2186 2553 2238 caussis
2597 2186 2648 2239 in
2693 2187 2902 2256 Syriam
2933 2187 3219 2243 deductum
3246 2231 3258 2253 ,
3291 2198 3450 2258 atque

1864 2273 2228 2338 Antiochiam,
2264 2274 2592 2342 propositttm
2627 2284 2861 2330 mutasse
2885 2318 2900 2343 ,
2925 2286 3016 2330 aut
3061 2278 3111 2330 in
3143 2278 3284 2331 aliud
3317 2287 3452 2332 tem-

1864 2377 1962 2432 pus
1991 2363 2280 2417 distulisse.
2313 2363 2487 2418 lunuit
2508 2369 2605 2418 hoc
2629 2365 2766 2419 idem
2789 2367 2924 2436 ipse,
2951 2381 3068 2420 cum
3086 2367 3197 2438 jam
3225 2369 3451 2427 Calcidis

1863 2468 2102 2508 eremum
2158 2455 2464 2525 ingressus,
2524 2471 2588 2510 ex
2643 2472 2812 2526 eaque
2862 2458 3103 2514 scribens
3159 2459 3446 2530 Epistulam

1861 2545 1928 2602 ν.
1949 2547 2016 2600 ad
2043 2547 2393 2614 Florentium,
2417 2549 2610 2618 prodit,
2645 2549 2798 2604 lectis
2825 2550 3066 2617 ejusdem
3097 2551 3312 2621 litteris,
3345 2555 3447 2611 sibi

1859 2655 2176 2693 reaccensum
2227 2642 2381 2711 fuisse
2407 2641 2632 2695 animant
2672 2642 3046 2714 Jerosolymam
3073 2646 3443 2716 proﬁciscendi.

1857 2728 1934 2783 Ex
1953 2745 2017 2783 eo
2037 2739 2181 2784 certe
2201 2730 2340 2784 nulla
2370 2746 2554 2786 caussa
2577 2742 2675 2797 est,
2709 2749 2805 2789 cur
2833 2735 2883 2789 in
2914 2735 2997 2789 illa
3012 2736 3077 2791 ad
3098 2736 3445 2798 Eustochium

1857 2817 2094 2888 Epistula
2123 2821 2413 2893 quidquam
2441 2824 2783 2880 iuunutcmus
2805 2868 2821 2894 ,
2852 2836 2910 2882 ut
2947 2829 3119 2884 visum
3161 2841 3244 2887 est
3274 2832 3443 2888 Tillc-

1857 2913 2075 2976 mentio,
2107 2912 2197 2984 qui
2240 2915 2446 2968 censuit
2482 2930 2577 2985 pro
2621 2916 2998 2990 .Ierosolynmm
3042 2921 3321 2992 legendum
3368 2924 3439 2979 ibi

1854 3001 2176 3056 Antiochiam
2225 3014 2315 3058 aut
2375 3004 2628 3060 Orientem
2682 3022 2822 3064 esse.
2878 3009 3102 3080 Reliqua
3161 3012 3266 3066 duo
3324 3013 3438 3067 loca

1853 3106 2068 3151 movent
2111 3112 2207 3151 uos
2249 3098 2415 3168 multo
2454 3101 2628 3155 minus
2669 3116 2732 3156 ac
2775 3101 2884 3156 fere
2927 3103 3078 3156 nihil.
3119 3104 3251 3157 Cum
3297 3106 3440 3160 enim

1853 3189 2188 3258 exploratum
2218 3189 2318 3250 sit.
2346 3205 2467 3245 eum
2514 3191 2583 3246 ibi
2627 3206 2946 3266 μεταφορικῶς
2987 3193 3208 3250 Romam
3251 3211 3443 3254 vocare

1855 3279 2202 3352 Babylonem,
2231 3296 2316 3335 res
2337 3281 2639 3352 ipsajubcl,
2674 3292 2749 3350 ut,
2783 3301 2940 3354 quam
2975 3286 3048 3340 illi
3080 3290 3320 3357 opponit,
3351 3289 3443 3344 Je-

1852 3371 2180 3442 rosolymam
2225 3371 2414 3425 eodem
2458 3387 2619 3427 sensu
2651 3375 2974 3444 accipiamus
3019 3393 3113 3447 pro
3141 3379 3446 3435 solitudinis

1853 3469 1908 3516 et
1931 3462 2127 3532 quietis
2151 3461 2291 3528 loco,
2321 3471 2380 3518 ut
2408 3477 2468 3518 se
2498 3463 2690 3519 iterum
2722 3467 3006 3537 significet,
3054 3485 3083 3523 a
3131 3472 3446 3528 tumultibus

1854 3555 2062 3609 urbium
2089 3565 2142 3609 et
2167 3555 2346 3610 s:ccnli
2379 3553 2444 3609 ad
2471 3557 2762 3612 solitariam
2791 3560 2951 3613 vitam
2982 3563 3256 3618 transisse.
3291 3564 3442 3619 Adeo

1855 3663 2027 3717 neque
2057 3662 2244 3700 eorum
2287 3648 2524 3715 opinioni
2567 3652 2928 3715 assentimur,
2977 3653 3066 3722 qui
3121 3664 3312 3724 negant
3346 3657 3446 3709 hoc

1855 3741 2068 3810 quidem
2117 3749 2361 3806 tempore
2401 3748 2684 3809 antequam
2723 3743 2774 3795 in
2819 3743 3032 3798 Calcide
3078 3759 3136 3798 se
3185 3748 3448 3816 reciperet

1856 3829 1914 3884 S.
1973 3830 2152 3894 Pater,
2209 3828 2602 3899 Jerusolymam
2652 3835 2990 3888 concessisse
3050 3851 3064 3886 :
3113 3837 3449 3892 concessisse

1858 3930 2055 3982 autem,
2083 3919 2240 3988 idque
2279 3919 2490 3988 primo,
2539 3922 2762 3985 volunt,
2812 3933 3089 3994 postquam
3135 3940 3166 3979 e
3211 3926 3447 3981 Calcidis

1861 4026 2044 4065 eremo
2092 4009 2293 4075 exivit,
2351 4009 2491 4064 circa
2542 4026 2741 4064 annum
2795 4013 2946 4078 378,
2998 4025 3280 4085 antequam
3335 4017 3443 4069 Ilo-

1867 4117 2006 4155 tnatn
2038 4109 2414 4155 reverteretur.
2449 4099 2736 4155 Enimvero
2768 4103 2992 4172 probant
3037 4122 3154 4176 qua:
3187 4106 3446 4161 hactenus

1860 4195 2123 4267 disputata
2180 4204 2344 4258 sunt,
2411 4211 2530 4248 eun
2589 4195 2795 4250 nonnisi
2849 4199 3015 4252 multo
3071 4208 3188 4268 post
3240 4199 3332 4253 illo
3381 4213 3444 4254 se

1861 4291 2217 4354 transtulisse,
2242 4305 2362 4344 cum
2389 4289 2559 4345 Roma
2587 4290 2777 4346 iterum
2805 4291 3053 4348 discessit
3083 4302 3200 4362 post
3222 4302 3447 4348 mortem

1861 4383 2094 4445 Damasi,
2127 4382 2388 4452 reliquum
2418 4382 2538 4436 vita:
2569 4382 2618 4436 in
2649 4381 2803 4437 Locis
2832 4382 3043 4438 Sanctis
3073 4394 3126 4438 et
3151 4384 3451 4443 Bethlecuti

1861 4493 2020 4547 Specn
2051 4487 2439 4530 transacturus.
3337 4467 3346 4477 ’

1935 4568 2018 4622 Ill.
2049 4567 2198 4623 Tunc
2231 4574 2406 4637 itaque
2433 4583 2536 4620 non
2566 4566 2777 4620 videtur
2807 4565 3032 4619 ulterius
3067 4581 3226 4635 quam
3255 4567 3448 4622 Antiu-

1861 4661 2034 4714 chiam
2061 4674 2224 4729 usque
2249 4657 2518 4728 profectus
2549 4673 2562 4711 :
2592 4673 2694 4727 qua
2735 4657 2788 4715 in
2817 4657 2948 4711 urbe
2973 4657 3112 4724 apud
3138 4657 3446 4728 Evagrium,

1861 4755 1945 4808 cui
1973 4761 2088 4807 erat
2116 4751 2426 4820 cumprimis
2468 4764 2624 4804 carus
2644 4791 2660 4815 ,
2699 4750 3007 4821 aliquandiu
3039 4751 3353 4819 subsistere,
3391 4765 3451 4811 ut

1863 4860 1985 4900 mox
2018 4843 2286 4908 dicemus,
2310 4851 2527 4896 coactus
2555 4849 2638 4896 est
2663 4856 2784 4895 cum
2816 4842 2933 4895 aliis
2960 4841 3026 4897 dc
3054 4841 3258 4897 caussis
3277 4885 3294 4910 ,
3328 4853 3439 4898 tum

1863 4938 2003 5010 quod
2037 4952 2139 4990 non
2161 4934 2386 5004 amplius
2409 4933 2720 4989 sufﬁcerent
2746 4934 2842 4988 sibi
2870 4935 3126 4989 attenuati
3151 4944 3256 4990 tam
3287 4937 3449 5006 longo

1865 5031 2054 5086 itinere
2093 5028 2330 5098 corporis
2360 5029 2533 5093 vires,
2583 5037 2637 5082 et
2679 5042 2816 5097 :rgra
2865 5027 3167 5082 valetudine
3214 5029 3286 5083 uti
3331 5029 3444 5099 jam

1863 5122 2129 5192 ccepissct.
2153 5117 2417 5175 Craterum
2441 5119 2570 5172 nihil
2594 5119 2746 5174 nobis
2769 5134 2834 5173 ex
2853 5118 2996 5173 omni
3015 5119 3449 5188 peregrinatione

1865 5215 1952 5270 illa
1985 5225 2090 5269 tam
2135 5214 2326 5268 mirum
2358 5222 2435 5266 est
2459 5253 2473 5276 ,
2503 5227 2660 5281 quam
2703 5211 2842 5282 quod
2869 5253 2882 5274 ,
2915 5227 3036 5265 cum
3085 5221 3266 5282 posset
3292 5227 3448 5281 tequo

1865 5309 2079 5373 animo,
2111 5304 2555 5376 quemadmodum
2600 5305 2666 5359 de
2705 5321 2762 5360 se
2802 5307 2913 5372 ipse
2958 5314 3214 5370 testatur,
3253 5320 3440 5358 carere

1867 5400 2051 5470 patria,
2076 5397 2245 5462 domo,
2267 5395 2576 5463 parentibus,
2601 5412 2791 5459 sorore,
2817 5396 3065 5465 cognatis,
3085 5393 3449 5447 consuetudine

1866 5491 2099 5545 lautioris
2129 5489 2224 5542 cibi
2263 5488 2456 5558 (Epist.
2506 5485 2735 5556 XXII),
2776 5486 3002 5556 aliisque
3044 5484 3293 5538 omnibus
3323 5486 3447 5534 vit-.c

1865 5582 2203 5645 commodis,
2259 5596 2418 5634 unam
2466 5577 2889 5639 Bibliodtecam,
2945 5572 3248 5630 lectissimis
3297 5569 3448 5624 libris

1867 5675 2199 5734 instructam,
2231 5687 2389 5742 quam
2420 5671 2520 5724 sibi
2544 5684 2752 5723 smumo
2785 5668 2966 5722 labore
2994 5673 3150 5732 atque
3177 5659 3448 5727 impendio

1869 5767 2052 5824 Roma:
2079 5745 2401 5834 confecerat,
2433 5778 2610 5820 secum
2640 5761 2776 5827 tulit,
2796 5756 2936 5827 quod
2957 5770 3019 5810 ea
3048 5751 3251 5808 omnino
3274 5766 3448 5807 carere
