4004 6328
534 366 604 424 g7
1808 358 1867 415 s.
1910 355 2286 414 lllERONY-Ml
2329 355 2510 412 VITA.
3739 348 3807 420 εἰς

536 503 638 542 non
664 491 878 556 poterat.
902 480 1107 536 Tantus
1134 475 1188 531 in
1210 488 1274 531 eo
1301 481 1414 530 erat
1445 471 1764 537 litterarum,
1797 478 1960 542 atque
1987 486 2114 526 eru-

534 577 752 634 ditionis
775 589 946 630 amor.

1122 703 1346 762 CAPUT
1389 701 1520 761 VIII.

535 823 578 879 Ι.
625 823 906 878 Antiochia:
934 820 1218 890 Itospitatur
1236 858 1252 884 ,
1278 816 1366 869 ubi
1391 815 1455 870 de
1490 812 1712 868 ineunda
1737 810 2010 866 solitudine
2033 827 2113 866 se-

604 932 718 970 cum
742 915 868 984 agit.
901 912 966 967 ll.
997 910 1188 966 Scribit
1215 925 1275 963 ea
1309 923 1460 976 super
1485 921 1540 959 re
1583 905 1651 958 ad
1676 904 1864 958 amicos
1903 902 2112 973 Episto-

604 1005 701 1059 las.
728 1003 814 1058 Ill.
845 1001 1217 1074 Apollinarium
1243 997 1585 1052 Laodicenum
1610 996 1788 1060 audit,
1818 993 1880 1048 ab
1909 996 2113 1064 ejusque

603 1097 785 1150 Iurresi
816 1104 975 1149 cavet.
1015 1094 1102 1148 IV.
1139 1092 1390 1146 Maroniw
1427 1090 1705 1144 diversatus
1742 1089 2010 1142 historiam
2047 1087 2112 1142 de

603 1187 809 1242 Malclto
837 1187 1083 1242 monacho
1110 1186 1174 1240 ab
1201 1185 1428 1256 ejusdem
1457 1199 1545 1238 ore
1584 1182 1788 1252 excipit.

600 1320 642 1374 1.
673 1320 757 1378 Ad
791 1322 948 1376 finem
979 1319 1228 1390 vergebat
1255 1332 1426 1371 annus
1452 1319 1860 1372 trecentesimus
1887 1325 2102 1386 septua-

528 1412 763 1482 gesimus
791 1411 1020 1478 tertius,
1061 1411 1105 1466 si
1147 1410 1384 1464 rationes
1427 1416 1570 1462 recte
1601 1406 1950 1475 instituimus,
1983 1423 2104 1464 cum

530 1502 872 1559 Antiochiam
899 1501 1046 1558 venit
1074 1501 1431 1572 Hieronymus
1455 1540 1468 1563 ,
1499 1500 1586 1568 qui
1619 1499 1778 1554 etiam
1810 1499 1946 1553 ultra
1977 1498 2105 1553 sub-

456 1640 478 1684 δ
523 1594 802 1665 sequentis
827 1593 949 1648 anni
975 1592 1207 1647 medium
1237 1591 1306 1645 ibi
1333 1591 1470 1661 apud
1497 1590 1781 1661 Evagrium
1805 1589 2105 1662 hospitatns

462 1680 476 1751 ξ
522 1695 626 1740 est.
670 1684 832 1739 Morte
861 1697 1102 1738 caussam
1144 1681 1306 1736 fuisse
1345 1681 1658 1750 cumprimis
1699 1681 1971 1737 innuimus
2009 1680 2107 1735 ad-

521 1789 756 1840 versam,
784 1773 836 1828 in
866 1788 1021 1842 quam
1051 1772 1328 1839 inciderat,
1357 1771 1748 1838 valetudinem;
1770 1773 1844 1826 ait
1871 1772 2012 1826 enim
2036 1771 2104 1827 de

519 1880 580 1921 se
634 1865 768 1935 ipse,
821 1864 962 1935 quod
1012 1881 1208 1934 semper
1258 1865 1493 1932 infirmus
1539 1864 1765 1935 Evagrio
1813 1864 1985 1918 amico
2035 1863 2107 1916 ad

520 1956 744 2013 laborem
771 1956 1003 2010 cumulus
1037 1957 1354 2009 accessisset
1373 1995 1389 2020 ,
1437 1954 1624 2009 fuisset
1653 1969 1781 2010 vero
1806 1995 1822 2020 ,
1854 1955 2107 2024 quidquid

519 2047 809 2102 morborum
853 2063 961 2102 esse
988 2055 1184 2116 poterat
1232 2055 1488 2115 expertus.
1535 2046 1826 2101 Accessere
1863 2046 1945 2102 his
1979 2047 2101 2103 alia:

518 2154 639 2194 cum
669 2125 888 2194 mriore
911 2139 1117 2193 fortuna
1137 2137 1587 2203 conflictationes;
1612 2139 1680 2193 de
1705 2148 1933 2209 quatuor
1956 2140 2098 2193 enim

518 2229 960 2301 peregrinationis
987 2245 1096 2284 sum
1127 2229 1307 2295 sociis,
1336 2229 1702 2284 Innocentium
1725 2239 1884 2300 atquc
1909 2231 2096 2302 Hylam

515 2321 689 2377 subita
733 2337 894 2375 unum
927 2329 1048 2391 post
1085 2320 1248 2374 alium
1292 2335 1434 2374 mors
1471 2321 1680 2390 rapuit;
1728 2321 1878 2376 illum
1921 2339 2102 2393 repen-

514 2415 651 2467 tinus
705 2414 919 2484 febrium
959 2414 1115 2468 ardor
1150 2413 1437 2478 abstraxit;
1482 2414 1563 2468 hic
1602 2415 1787 2468 nedum
1829 2416 2099 2471 obductam

513 2505 657 2560 illius
702 2515 916 2572 morte,
965 2517 1140 2562 morte
1184 2524 1278 2562 sua
1325 2508 1528 2562 rescidit
1557 2509 1864 2564 cicatricem.
1913 2511 2096 2568 Helio-

513 2595 679 2652 dorus
702 2637 718 2663 ,
758 2611 986 2667 cumque
1024 2613 1090 2653 eo
1139 2597 1365 2654 fortasse
1395 2601 1556 2654 etiam
1587 2599 1794 2656 Nicmas
1818 2643 1833 2669 ,
1874 2601 2096 2659 Jcroso-

513 2687 714 2758 lymam
750 2687 1061 2758 jamdudum
1109 2689 1348 2756 iverant;
1402 2707 1502 2746 nec
1532 2693 1676 2748 brevi
1725 2693 1848 2749 inde
1889 2697 2096 2752 reversi

512 2780 868 2846 Antiochiam,
906 2783 1231 2860 Hieronymo
1269 2800 1368 2840 suo
1406 2785 1606 2842 diutius
1643 2787 1966 2858 adfuerunt,
1999 2789 2096 2846 sed

512 2875 567 2929 in
595 2876 822 2945 patriam
863 2892 1168 2949 regressum
1218 2877 1303 2934 hic
1329 2896 1429 2934 una
1456 2921 1472 2948 ,
1505 2880 1592 2937 ille
1628 2881 1734 2936 alia
1779 2881 1847 2938 de
1882 2898 2089 2950 caussa,

511 2966 925 3023 meditabantur.
973 2970 1038 3024 Et
1065 2985 1196 3026 sane
1235 2971 1322 3041 jus
1365 2987 1575 3041 zequum
1627 2972 1948 3030 Heliodorus
1993 2975 2094 3030 ob.

511 3057 800 3125 tendebat,
844 3061 932 3131 qui
982 3061 1050 3116 de
1089 3062 1300 3132 cognati
1355 3073 1526 3119 morte
1579 3063 1858 3134 inopinato
1903 3068 2092 3122 nuntio

511 3140 813 3205 a'dmonitus
836 3191 850 3214 ,
891 3152 1052 3206 veluti
1079 3153 1282 3208 sororis
1313 3153 1485 3208 vidum
1511 3195 1525 3216 ,
1558 3165 1621 3210 ac
1666 3158 1876 3228 nepotis
1921 3175 1989 3216 ex
2026 3174 2091 3215 ea

512 3242 748 3310 parvuli,
781 3242 1058 3311 Nepotiani
1100 3245 1317 3300 nomine
1341 3287 1357 3313 ,
1406 3246 1568 3302 rebus
1617 3248 1930 3306 domesticis
1967 3266 2092 3320 pro-

511 3342 792 3402 specturus
817 3375 832 3399 ,
879 3337 1104 3405 patriam
1146 3348 1391 3407 repetere
1437 3351 1737 3411 cogeretur.
1777 3343 1886 3399 Nec
1911 3355 2089 3401 tamen

509 3425 826 3495 arripienda:
847 3428 1148 3483 solitudinis
1177 3431 1502 3499 pr0positum
1546 3449 1764 3500 prorsus
1782 3436 2089 3505 abjiciebat,

509 3515 637 3586 quin
685 3517 866 3586 potius
909 3518 1004 3573 abs
1055 3519 1379 3591 Hieronymo
1425 3523 1745 3590 postulabat,
1797 3543 1852 3578 ut
1892 3537 2090 3594 postea-

509 3624 660 3678 quam
697 3609 764 3662 ad
802 3610 998 3664 deserta
1036 3613 1315 3682 migrasset,
1357 3614 1646 3668 invitatoria
1694 3617 1762 3669 ad
1798 3603 1852 3671 se
1902 3620 2088 3687 scripta

509 3701 834 3755 trasmitteret
863 3719 882 3756 :
925 3702 976 3757 id
1026 3703 1167 3774 quod
1218 3702 1416 3759 factum
1471 3709 1628 3776 paulo
1680 3717 1818 3779 post,
1850 3707 2088 3765 dicemus

507 3804 606 3845 suo
634 3790 772 3846 loco.

580 3881 641 3936 ll.
672 3882 883 3939 interim
910 3902 1029 3940 cum
1061 3887 1112 3941 in
1144 3888 1258 3941 d.es
1289 3888 1456 3958 magis
1477 3931 1491 3954 ,
1531 3888 1807 3962 magisque
1847 3889 1907 3946 S.
1931 3890 2089 3947 Pater

505 3975 816 4031 solitudinis
853 3978 1116 4033 adeunda:
1145 3979 1326 4035 studio
1350 3978 1619 4050 ﬂagraret,
1655 3981 1896 4050 nihilque
1935 3983 2083 4037 aliud

508 4067 692 4122 animo
719 4084 898 4123 secum
930 4080 1195 4136 versaret,
1223 4072 1436 4141 scripsit
1457 4087 1519 4126 ea
1545 4071 1613 4127 de
1647 4087 1708 4128 re
1749 4073 1812 4128 ad
1845 4074 2088 4130 Theodo-

509 4160 670 4222 sium,
693 4176 814 4214 eum
847 4179 1005 4230 quem
1034 4165 1194 4231 paulo
1215 4165 1462 4234 superius
1489 4164 1724 4220 diximus
1743 4207 1758 4230 ,
1791 4176 1842 4221 et
1887 4183 2089 4222 memo-

507 4256 592 4300 rat
613 4247 984 4305 Theodoretus
1024 4252 1092 4306 de
1142 4252 1275 4307 Vitis
1335 4253 1551 4307 Patrum
1578 4270 1696 4324 cap.
1725 4255 1792 4308 X.
1824 4257 2088 4325 Prmposi-

511 4346 622 4391 tum
654 4338 959 4396 Monasterii
990 4342 1129 4410 apud
1158 4341 1429 4398 ithossum
1463 4345 1513 4398 in
1542 4343 1722 4398 Cilicia
1745 4387 1759 4412 ,
1791 4356 1845 4400 et
1895 4362 2052 4416 quem
2073 4387 2087 4412 ,

508 4440 606 4496 per
630 4443 744 4482 eam
775 4430 886 4499 ipse
918 4433 1248 4500 provinciam
1280 4435 1578 4500 transiens,
1613 4436 1768 4504 paulo
1798 4446 1924 4489 ante
1955 4436 2089 4492 invi-

508 4518 646 4573 sisse
674 4520 888 4575 indicat.
919 4522 1069 4578 Unde
1098 4525 1338 4596 colligas,
1372 4541 1554 4581 errare
1591 4541 1687 4581 eos
1716 4529 1804 4596 qui
1841 4528 2090 4586 Theodo-

509 4609 648 4664 sium
701 4611 840 4666 hunc
887 4614 1050 4668 alium
1111 4626 1330 4684 putant,
1383 4617 1472 4686 qui
1524 4616 1758 4673 Calcidis
1814 4619 2086 4678 desertum

509 4699 803 4767 incoleret;
839 4703 1069 4756 nondum
1101 4707 1243 4760 enim
1269 4722 1387 4760 cum
1422 4707 1537 4762 lucc
1570 4708 1855 4777 scriberet,
1891 4711 2086 4766 Hiero-

511 4807 708 4862 nymus
735 4809 799 4848 eo
827 4807 1148 4851 accesserat.
1173 4797 1301 4852 Orat
1322 4809 1502 4855 autem
1550 4801 1699 4856 illum
1724 4842 1739 4868 ,
1770 4819 1834 4857 ac
1859 4813 2087 4861 czcteros

511 4898 636 4939 cum
667 4884 760 4939 illo
805 4887 1168 4944 Auacboretas
1192 4930 1207 4955 ,
1241 4907 1269 4943 a
1303 4891 1410 4968 Deo
1457 4893 1777 4962 impetrent,
1827 4905 1883 4950 ut
1931 4913 2084 4954 suum

511 4975 680 5031 hocce
712 4981 1038 5048 propositum
1077 4980 1185 5034 Deo
1230 4981 1514 5052 perfrctius
1559 4986 1821 5041 serviendi
1866 4993 2086 5061 exsequi

507 5069 723 5126 demum
749 5072 877 5126 velit
904 5088 966 5128 ac
1005 5075 1191 5145 possit.
1233 5075 1538 5130 Secundum
1581 5077 1632 5131 in
1661 5089 1842 5134 nostra
1875 5081 2086 5138 Recen-

509 5162 662 5217 sione
689 5161 863 5218 locum
895 5163 1134 5233 Epistola
1184 5167 1273 5221 illa
1314 5167 1540 5223 obtinet.
1574 5168 1712 5224 Duas
1741 5181 1921 5226 autem
1953 5174 2088 5229 alias

509 5267 607 5322 per
636 5253 774 5308 idem
800 5262 1010 5324 tempus
1050 5273 1156 5325 quo
1193 5257 1433 5313 substitit
1464 5254 1762 5316 Antiochiae
1787 5304 1802 5328 ,
1832 5265 2085 5334 scripsit,

509 5342 734 5398 alteram
762 5345 826 5399 ad
858 5345 1127 5403 Rufiinum
1149 5391 1165 5417 ,
1198 5349 1266 5404 ad
1295 5350 1663 5407 Florentinum
1693 5355 1942 5422 alteram,
1965 5372 2086 5427 qua:

509 5445 564 5490 ct
588 5451 710 5491 sese
739 5438 792 5492 in
824 5438 1283 5498 Editione'eadem
1312 5453 1494 5498 nostra
1525 5445 1624 5499 sub
1652 5449 1892 5501 numeris
1927 5450 2085 5502 tertio

506 5539 562 5584 ct
585 5539 776 5600 quarto
799 5543 1215 5602 consequuntur.
1245 5534 1383 5603 Quid
1406 5534 1752 5601 contineant,
1780 5537 2084 5606 quibusque

509 5620 578 5675 de
608 5622 816 5676 caussis
856 5623 958 5678 huc.
1009 5640 1101 5680 eas
1148 5627 1445 5680 referamus
1471 5667 1486 5692 ,
1519 5627 1781 5693 replicare
1807 5668 1822 5691 ,
1854 5628 2080 5684 instituti

509 5714 674 5765 nostri
708 5729 810 5768 non
832 5717 1056 5777 videtur,
1082 5733 1311 5772 maxime
1338 5733 1460 5773 cum
1494 5716 1543 5768 in
1572 5715 1976 5785 Chronologicis
2016 5719 2078 5772 ad

506 5816 598 5857 cas
625 5803 774 5860 Notis
803 5806 909 5862 sint
959 5809 1105 5864 istaec
1134 5819 1263 5864 satis
1309 5806 1521 5865 abunde
1564 5813 1906 5874 pertractata.
1941 5807 2079 5862 Tau-

2230 478 2340 523 tum
2386 483 2666 524 monemus
2725 485 2823 540 pro
2889 485 3026 528 anno
3078 473 3204 541 374,
3260 473 3347 529 cui
3402 473 3522 530 illas
3601 475 3810 532 miscri-

2225 559 2419 626 bimus,
2449 562 2640 616 alicubi
2696 566 3088 634 typothetarum
3135 581 3320 622 errore
3367 578 3619 622 notarum
3669 585 3808 622 anno

2221 655 2348 722 573,
2375 655 2516 725 quod
2543 656 2726 711 vitium
2743 657 2806 711 ad
2828 658 3087 714 decimam
3105 668 3346 729 quartam
3388 675 3558 731 usque
3590 661 3808 730 Episto-

2221 751 2327 806 lam
2360 753 2413 807 in
2439 754 2644 824 aliquot
2668 755 3060 826 exemplaribus
3077 756 3264 812 durat:
3289 771 3387 812 nos
3407 755 3596 812 sedulo
3619 771 3805 811 emcn-

2219 841 2334 896 dari
2363 844 2626 912 cupimus.

2295 934 2384 989 Ill.
2413 936 2491 990 Ad
2533 935 2667 991 Vita:
2707 939 2901 994 seriem
2931 948 2988 994 ut
3028 939 3334 1004 redeamus,
3382 955 3488 995 non
3534 942 3608 995 ita
3659 941 3802 1010 apud

2221 1025 2508 1097 Evagrium
2559 1039 2800 1084 moratus
2826 1031 3084 1086 continuo
3109 1040 3188 1085 est
3229 1031 3287 1085 S.
3311 1030 3471 1085 Pater
3494 1072 3509 1095 ,
3542 1040 3601 1085 ut
3641 1043 3802 1085 num-

2217 1131 2374 1186 quam
2410 1118 2691 1173 Antiochia
2736 1120 3026 1176 excederet
3064 1121 3235 1190 :quiu
3294 1122 3470 1191 potius
3522 1135 3801 1176 sacrarum

2215 1208 2393 1263 studio
2421 1207 2724 1264 Literarum
2754 1211 3024 1277 incensus,
3043 1227 3186 1275 cum,
3215 1220 3272 1265 ut
3299 1211 3422 1266 alibi
3449 1211 3518 1266 de
3545 1227 3604 1266 se
3634 1219 3804 1267 testa-

2214 1309 2302 1356 tur
2323 1342 2338 1367 ,
2369 1300 2507 1356 haud
2541 1317 2804 1374 quaquam
2858 1304 3053 1374 ingenii
3085 1304 3170 1358 sui
3213 1304 3416 1358 viribus
3457 1304 3801 1372 confideret,

2213 1411 2376 1466 seque
2404 1397 2519 1465 ipse
2545 1397 2741 1452 docere
2767 1397 2947 1462 vellet,
2981 1396 3079 1452 sed
3106 1412 3135 1450 a
3163 1397 3334 1451 ductis
3359 1406 3520 1467 atque
3567 1397 3799 1451 illustri-

2212 1486 2313 1542 bus
2346 1489 2474 1543 viris
2519 1488 2874 1543 addiscendas
2905 1497 3137 1558 putaret,
3171 1489 3559 1558 Apollinarium
3591 1488 3795 1544 Laodi-

2211 1593 2404 1634 cenum
2451 1579 2770 1649 Episcopum
2823 1581 2976 1650 (qum
3007 1581 3132 1634 urbs
3177 1580 3243 1634 ab
3272 1580 3554 1635 Antiochia
3602 1595 3799 1649 parum

2211 1669 2463 1742 distabat)
2497 1671 2845 1742 interpretem
2871 1671 3268 1741 Scripturarum
3298 1671 3450 1741 longe
3498 1671 3800 1727 celeberri-

2209 1781 2354 1820 munt
2410 1765 2724 1836 frequenter
2769 1766 2938 1831 adiit,
2975 1766 3138 1834 inque
3188 1765 3306 1833 ejus
3355 1763 3700 1833 disciplinam
3739 1778 3799 1818 se

2208 1857 2373 1912 dedit.
2401 1857 2532 1913 Rem
2576 1867 2758 1912 narrat
2804 1859 2919 1928 ipse
2961 1858 3126 1927 Epist.
3171 1856 3237 1911 ad
3291 1856 3693 1910 Pammachium
3744 1865 3798 1911 et

2207 1949 2481 2004 Oceanum
2535 1947 2945 2006 LXXXIV.ubi
2996 1959 3050 2003 et
3085 1963 3143 2003 se
3191 1947 3414 2000 multum
3463 1947 3540 2000 illi
3595 1946 3795 2002 debere

2209 2038 2526 2109 profitetur,
2561 2039 2703 2108 quod
2748 2039 2800 2092 in
2847 2037 3242 2108 Scripturarum
3295 2037 3578 2103 doctrina,
3631 2052 3794 2107 quam

2205 2139 2358 2183 antea
2386 2130 2471 2183 vix
2500 2129 2565 2184 de
2591 2131 2772 2184 limine
2794 2130 3155 2194 salutaverat,
3187 2129 3518 2184 exoticorum
3575 2128 3790 2183 lectioni

2204 2221 2496 2274 Auctorqu
2525 2219 2798 2287 adsuetus,
2829 2221 2966 2276 haud
2998 2236 3129 2274 sane
3162 2236 3344 2290 parum
3390 2218 3704 2289 profecerit.
3731 2221 3796 2275 Id

2203 2326 2333 2366 vero
2381 2312 2572 2366 mirum
2621 2313 2789 2383 magis
2814 2355 2828 2380 ,
2860 2313 3001 2382 quod
3043 2312 3223 2377 addit,
3256 2329 3514 2382 nunquam
3553 2329 3607 2368 se
3651 2314 3790 2368 illius

2203 2403 2568 2457 contentiosum
2613 2420 2764 2474 super
2790 2421 2938 2458 sensu
2987 2404 3169 2474 dogma
3217 2405 3496 2466 suscepisse
3526 2420 3545 2458 :
3573 2403 3626 2459 id
3667 2414 3785 2470 est,

2203 2493 2513 2548 Ita-relicum
2543 2495 2671 2548 illttd
2699 2495 2814 2565 ejus
2845 2495 3097 2565 placitum
3139 2495 3205 2549 de
3241 2495 3642 2569 Platonicorum
3669 2511 3784 2553 cos~

2203 2587 2349 2641 nosis
2375 2584 2611 2641 fotuibus
2639 2585 2942 2640 derivatum
2973 2585 3137 2654 (quod
3160 2586 3230 2640 sit
3259 2586 3501 2655 quaedam
3531 2585 3786 2640 substan-

2203 2678 2270 2733 tia
2298 2678 2473 2733 anima
2510 2678 2845 2747 separabilis,
2882 2677 3022 2731 unde
3066 2677 3364 2743 hominem,
3393 2691 3551 2748 quem
3602 2677 3784 2732 Domi-

2200 2785 2299 2824 nus
2329 2777 2713 2840 assumpserat,
2738 2783 2799 2824 ea
2823 2779 2974 2838 parte
3003 2785 3104 2840 qua
3134 2770 3412 2824 rationalis
3438 2777 3541 2835 est,
3561 2769 3779 2823 mutila-

2202 2873 2310 2917 tum
2343 2863 2471 2929 ibat,
2499 2861 2649 2931 ejusq
2664 2877 2729 2916 ue
2757 2862 2935 2916 munia
2976 2861 3029 2915 in
3079 2859 3309 2915 Verbum
3341 2859 3693 2928 conferebat,
3726 2871 3787 2914 ut

2197 2956 2442 3012 Christus
2485 2969 2623 3010 unus
2646 2969 2710 3010 ex
2741 2953 3154 3008 hallucinatione
3177 2967 3270 3006 sua
3297 2951 3565 3007 diceretur
3589 2951 3608 3022 )
3641 2968 3777 3006 nun-

2197 3063 2354 3118 quam
2409 3049 2774 3119 excepit,nec
2801 3047 2978 3103 fucum
3026 3048 3137 3103 ﬂeri
3185 3047 3283 3102 sibi
3327 3057 3516 3114 passus
3556 3055 3660 3102 est.
3696 3045 3794 3128 Ex.

2197 3159 2304 3214 quo
2325 3141 2452 3198 illud
2495 3143 2654 3196 etiam
2695 3141 3076 3206 confirmatur,
3112 3146 3248 3202 quod
3281 3147 3544 3210 diximus,
3576 3159 3674 3214 per
3725 3145 3785 3199 id-

2199 3236 2454 3306 temporis
2510 3234 2870 3291 Laodicenum
2918 3236 3232 3305 magistrum
3283 3235 3378 3290 abs
3444 3235 3776 3307 Hieronymo

2195 3329 2434 3382 auditum
2490 3326 2659 3382 fuisse
2688 3345 2703 3384 :
2735 3329 2824 3383 ille
2866 3327 3010 3383 enim
3039 3343 3158 3384 cum
3205 3328 3406 3384 diutius
3454 3338 3774 3384 venenatum

2193 3417 2386 3489 dogma
2441 3417 2628 3473 dolose
2705 3419 3131 3484 dissimulasset,
3195 3435 3338 3475 anno
3395 3420 3609 3476 demum
3673 3422 3775 3476 576

2193 3513 2246 3566 in
2280 3523 2515 3582 apertam
2548 3513 2792 3568 hmresim
2821 3515 3015 3583 erupit.
3044 3513 3152 3569 Nec
3191 3529 3321 3569 sane
3373 3515 3484 3569 veri
3534 3513 3773 3586 Speciem

2195 3606 2356 3660 ullam
2387 3605 2566 3670 habet,
2588 3604 2750 3659 fuisse
2788 3615 3025 3659 nostrum
3056 3615 3381 3674 prmceptore
3413 3620 3566 3660 usum
3599 3605 3776 3661 homi-

2195 3713 2292 3762 ne,
2323 3696 2411 3766 qui
2457 3696 2629 3764 palam
2663 3697 2794 3750 scita
2824 3695 3076 3749 Ecclesite
3107 3695 3391 3750 Platonicis
3418 3695 3781 3766 sophismatis-

2192 3785 2946 3856 depravaret,fuissetquejam
2971 3784 3244 3842 manifesta
3267 3787 3475 3842 inustus
3494 3786 3766 3843 ltmreseos

2191 3888 2333 3935 nota.

2262 3974 2349 4032 IV.
2399 3974 2502 4031 Sed
2545 3983 2599 4031 et
2639 3973 2743 4030 alio
2771 3971 3031 4028 interdum
3076 3971 3288 4027 divertit
3327 3987 3420 4042 per
3460 3971 3516 4026 id
3561 3980 3773 4042 tempo-

2193 4069 2266 4124 ris
2292 4069 2346 4124 S.
2378 4068 2554 4123 Pater.
2599 4066 2854 4134 Maronia,
2902 4065 3112 4135 triginta
3149 4065 3259 4118 fere
3304 4064 3533 4118 millibus
3583 4065 3772 4118 Antio-

2189 4159 2308 4215 chia
2376 4159 2578 4214 distans
2635 4158 2872 4225 viculus,
2933 4167 3052 4228 post
3115 4157 3310 4211 multos
3371 4154 3624 4210 dominos
3688 4157 3770 4211 vel

2194 4259 2447 4321 patronos
2509 4251 2560 4304 in
2614 4249 2824 4318 Evagrii
2881 4249 3180 4321 Presbyteri
3237 4248 3631 4317 possessionem
3684 4264 3775 4303 vc-

2195 4351 2366 4396 uerat.
2416 4340 2528 4396 Huc
2583 4340 2941 4412 Hieronymus
3000 4355 3094 4410 pro
3149 4340 3506 4396 familiaritate
3540 4380 3556 4406 ,
3613 4356 3773 4411 quam

2191 4447 2311 4487 cum
2361 4431 2588 4502 Evagrio
2620 4431 2880 4499 habebat,
2913 4431 3218 4502 aliquandiu
3271 4432 3444 4499 venit,
3477 4448 3540 4488 ac
3589 4433 3775 4489 diver-

2192 4537 2336 4581 satus
2376 4532 2503 4579 est:
2546 4533 2827 4594 antequam
2882 4533 3025 4578 certe
3064 4526 3115 4577 in
3167 4538 3406 4578 eremum
3448 4525 3734 4580 secederet
3762 4569 3776 4591 ,

2194 4627 2250 4672 ut
2279 4617 2528 4687 pleraque
2567 4617 2745 4672 omnia
2778 4616 2931 4671 nobis
2956 4627 3267 4686 argumento
3317 4624 3461 4671 sunt.
3495 4617 3622 4672 Erat
3653 4621 3778 4690 qni-

2192 4709 2312 4765 dam
2338 4711 2407 4765 ibi
2433 4727 2594 4766 senex
2620 4712 2793 4782 magni
2823 4709 3052 4765 nominis
3067 4709 3322 4776 Malchus,
3347 4725 3502 4780 quem
3531 4710 3589 4768 S.
3617 4712 3780 4767 Pater

2195 4801 2394 4867 invisit,
2421 4801 2595 4871 deque
2625 4802 2747 4872 ejus
2787 4817 2885 4856 ore
2939 4800 3191 4868 excipere
3217 4800 3387 4854 voluit
3434 4799 3607 4870 ipsius
3655 4805 3779 4856 vita:

2196 4891 2472 4946 historiam
2499 4933 2513 4958 ,
2546 4909 2702 4963 quam
2735 4901 2916 4961 postea
2942 4933 2956 4957 ,
3000 4899 3124 4945 ante
3162 4905 3358 4944 annum
3405 4891 3533 4957 592,
3567 4903 3621 4947 ut
3679 4909 3778 4948 suo

2194 4983 2310 5038 loco
2334 4998 2685 5053 exponemus,
2717 4999 2779 5038 ex
2813 4982 2930 5051 ejus
2958 4980 3221 5036 dictorum
3256 4982 3381 5048 (ide,
3409 4982 3604 5038 li:teris
3625 4999 3780 5040 corn-

2194 5075 2479 5131 nicndavit.

2792 5209 3014 5266 CAPUT
3041 5209 3130 5265 IX.

2197 5323 2236 5377 1.
2273 5324 2295 5392 1
2305 5343 2335 5378 n
2364 5323 2588 5378 Colcidis
2635 5341 2853 5378 eremum
2883 5341 2938 5379 se
2959 5327 3157 5396 recipit,
3194 5347 3264 5382 oc'
3286 5331 3595 5397 pa’nitentia
3620 5333 3778 5386 dero-

2269 5431 2364 5472 rct.
2396 5417 2457 5469 ll.
2493 5417 2756 5471 llebraicw
2785 5420 2972 5488 lingua:
2997 5421 3064 5472 ad
3088 5437 3289 5476 carnem
3320 5425 3484 5490 magis
3525 5424 3777 5480 rdoman-
3849 5431 3858 5438 ”

2263 5509 2380 5562 dant
2404 5549 2418 5574 ,
2451 5509 2618 5562 studio
2644 5527 2698 5564 se
2739 5511 3010 5579 mancipat.
3039 5510 3122 5564 Ill.
3158 5512 3297 5565 Num
3349 5515 3499 5567 etiam
3546 5515 3779 5570 Crwcam

2265 5610 2382 5654 tunc
2409 5600 2838 5654 edidisceritHV.
2867 5600 2968 5655 Per
2998 5606 3245 5657 somnium
3277 5606 3567 5660 admonitus
3599 5613 3778 5680 profa-

2266 5694 2343 5747 nis
2373 5692 2712 5761 Scriptoribus
2741 5693 2968 5746 nuntium
2997 5696 3218 5748 remittit.

2271 5808 2308 5860 l.
2337 5809 2552 5863 Dcnnun
2594 5807 2656 5861 ad
2687 5823 2840 5879 quam
2869 5824 3008 5864 0mm
3035 5820 3206 5862 stuuto
3239 5818 3564 5880 raptemtur,
3595 5819 3770 5869 trans--
