  <div class='ocr_page' id='page_1' title='image "/cluster/home/n/w/nwhite01/storage/ocr_20150623/22/hvd.32044015471378/066.png"; bbox 0 0 4004 6328; ppageno 0'>
   <div class='ocr_carea' id='block_1_1' title="bbox 215 388 1759 459">
    <p class='ocr_par' dir='ltr' id='par_1_1' title="bbox 215 388 1759 457">
     <span class='ocr_line' id='line_1_1' title="bbox 215 388 1759 457; baseline -0.008 0"><span class='ocrx_word' id='word_1_1' title='bbox 215 399 278 457; x_wconf 63' lang='grc' dir='ltr'><strong>ξε</strong></span> <span class='ocrx_word' id='word_1_2' title='bbox 391 417 394 421; x_wconf 83' lang='lat'>‘</span> <span class='ocrx_word' id='word_1_3' title='bbox 1476 391 1533 445; x_wconf 91' lang='lat' dir='ltr'><strong>S.</strong></span> <span class='ocrx_word' id='word_1_4' title='bbox 1575 388 1759 445; x_wconf 71' lang='lat' dir='ltr'><strong>IIIERI</strong></span> 
     </span>
    </p>
   </div>
   <div class='ocr_carea' id='block_1_2' title="bbox 1867 388 3470 459">
    <p class='ocr_par' dir='ltr' id='par_1_2' title="bbox 1867 388 3470 459">
     <span class='ocr_line' id='line_1_2' title="bbox 1867 388 3470 459; baseline 0.009 -17"><span class='ocrx_word' id='word_1_5' title='bbox 1867 388 1951 443; x_wconf 69' lang='lat' dir='ltr'><strong>riu</strong></span> <span class='ocrx_word' id='word_1_6' title='bbox 1995 388 2174 446; x_wconf 72' lang='lat' dir='ltr'><strong>\‘lTA.</strong></span> <span class='ocrx_word' id='word_1_7' title='bbox 2288 417 2324 459; x_wconf 83' lang='lat'><strong>-_</strong></span> <span class='ocrx_word' id='word_1_8' title='bbox 3402 403 3470 456; x_wconf 73' lang='lat' dir='ltr'><strong>so</strong></span> 
     </span>
    </p>
   </div>
   <div class='ocr_carea' id='block_1_3' title="bbox 219 500 1773 578">
    <p class='ocr_par' dir='ltr' id='par_1_3' title="bbox 219 500 1773 578">
     <span class='ocr_line' id='line_1_3' title="bbox 219 500 1773 578; baseline -0.007 -14"><span class='ocrx_word' id='word_1_9' title='bbox 219 513 274 566; x_wconf 87' lang='lat' dir='ltr'><strong>iit</strong></span> <span class='ocrx_word' id='word_1_10' title='bbox 318 509 676 578; x_wconf 77' lang='lat' dir='ltr'><strong>llieronymus</strong></span> <span class='ocrx_word' id='word_1_11' title='bbox 703 502 1040 558; x_wconf 89' lang='lat' dir='ltr'><strong>solitudinem</strong></span> <span class='ocrx_word' id='word_1_12' title='bbox 1077 500 1253 572; x_wconf 87' lang='lat' dir='ltr'><strong>:quod</strong></span> <span class='ocrx_word' id='word_1_13' title='bbox 1284 500 1476 555; x_wconf 78' lang='lat' dir='ltr'><strong>factum</strong></span> <span class='ocrx_word' id='word_1_14' title='bbox 1523 501 1622 554; x_wconf 88' lang='lat' dir='ltr'><strong>sub</strong></span> <span class='ocrx_word' id='word_1_15' title='bbox 1672 500 1773 554; x_wconf 91' lang='lat' dir='ltr'><strong>hu-</strong></span> 
     </span>
    </p>
   </div>
   <div class='ocr_carea' id='block_1_4' title="bbox 215 593 1778 672">
    <p class='ocr_par' dir='ltr' id='par_1_4' title="bbox 215 593 1778 672">
     <span class='ocr_line' id='line_1_4' title="bbox 215 593 1778 672; baseline -0.004 -19"><span class='ocrx_word' id='word_1_16' title='bbox 215 605 354 672; x_wconf 79' lang='lat' dir='ltr'><strong>jusce</strong></span> <span class='ocrx_word' id='word_1_17' title='bbox 394 600 523 653; x_wconf 90' lang='lat' dir='ltr'><strong>anni</strong></span> <span class='ocrx_word' id='word_1_18' title='bbox 581 599 687 654; x_wconf 72' lang='grc'><strong>574</strong></span> <span class='ocrx_word' id='word_1_19' title='bbox 735 597 915 661; x_wconf 84' lang='lat' dir='ltr'><strong>ﬁnem,</strong></span> <span class='ocrx_word' id='word_1_20' title='bbox 956 595 1036 650; x_wconf 89' lang='lat' dir='ltr'><strong>vel</strong></span> <span class='ocrx_word' id='word_1_21' title='bbox 1079 594 1450 664; x_wconf 84' lang='lat' dir='ltr'><strong>subsequentis</strong></span> <span class='ocrx_word' id='word_1_22' title='bbox 1506 593 1675 655; x_wconf 87' lang='lat' dir='ltr'><strong>initio,</strong></span> <span class='ocrx_word' id='word_1_23' title='bbox 1715 607 1778 646; x_wconf 87' lang='lat' dir='ltr'><strong>ex</strong></span> 
     </span>
    </p>
   </div>
   <div class='ocr_carea' id='block_1_5' title="bbox 215 677 1778 763">
    <p class='ocr_par' dir='ltr' id='par_1_5' title="bbox 215 677 1778 763">
     <span class='ocr_line' id='line_1_5' title="bbox 215 677 1778 763; baseline -0.006 -16"><span class='ocrx_word' id='word_1_24' title='bbox 215 693 286 747; x_wconf 87' lang='lat' dir='ltr'><strong>his</strong></span> <span class='ocrx_word' id='word_1_25' title='bbox 307 690 702 763; x_wconf 69' lang='lat' dir='ltr'><strong>quaebactenus</strong></span> <span class='ocrx_word' id='word_1_26' title='bbox 726 689 987 759; x_wconf 90' lang='lat' dir='ltr'><strong>disputata</strong></span> <span class='ocrx_word' id='word_1_27' title='bbox 1015 694 1139 741; x_wconf 89' lang='lat' dir='ltr'><strong>sunt</strong></span> <span class='ocrx_word' id='word_1_28' title='bbox 1162 727 1176 750; x_wconf 92' lang='lat'><strong>,</strong></span> <span class='ocrx_word' id='word_1_29' title='bbox 1222 686 1402 755; x_wconf 88' lang='lat' dir='ltr'><strong>liquet.</strong></span> <span class='ocrx_word' id='word_1_30' title='bbox 1429 677 1497 740; x_wconf 85' lang='lat' dir='ltr'><strong>Ut</strong></span> <span class='ocrx_word' id='word_1_31' title='bbox 1525 696 1700 739; x_wconf 89' lang='lat' dir='ltr'><strong>autem</strong></span> <span class='ocrx_word' id='word_1_32' title='bbox 1729 683 1778 737; x_wconf 92' lang='lat' dir='ltr'><strong>id</strong></span> 
     </span>
    </p>
   </div>
   <div class='ocr_carea' id='block_1_6' title="bbox 211 775 1780 853">
    <p class='ocr_par' dir='ltr' id='par_1_6' title="bbox 211 775 1780 853">
     <span class='ocr_line' id='line_1_6' title="bbox 211 775 1780 853; baseline -0.006 -16"><span class='ocrx_word' id='word_1_33' title='bbox 211 782 406 853; x_wconf 88' lang='lat' dir='ltr'><strong>planius</strong></span> <span class='ocrx_word' id='word_1_34' title='bbox 431 780 535 835; x_wconf 90' lang='lat' dir='ltr'><strong>hoc</strong></span> <span class='ocrx_word' id='word_1_35' title='bbox 562 779 707 846; x_wconf 88' lang='lat' dir='ltr'><strong>loco,</strong></span> <span class='ocrx_word' id='word_1_36' title='bbox 724 792 785 833; x_wconf 89' lang='lat' dir='ltr'><strong>ac</strong></span> <span class='ocrx_word' id='word_1_37' title='bbox 805 775 1183 849; x_wconf 85' lang='lat' dir='ltr'><strong>propemodum</strong></span> <span class='ocrx_word' id='word_1_38' title='bbox 1213 775 1441 830; x_wconf 90' lang='lat' dir='ltr'><strong>evidenti</strong></span> <span class='ocrx_word' id='word_1_39' title='bbox 1464 783 1780 844; x_wconf 88' lang='lat' dir='ltr'><strong>argumento</strong></span> 
     </span>
    </p>
   </div>
   <div class='ocr_carea' id='block_1_7' title="bbox 211 865 1770 939">
    <p class='ocr_par' dir='ltr' id='par_1_7' title="bbox 211 865 1770 939">
     <span class='ocr_line' id='line_1_7' title="bbox 211 865 1770 939; baseline -0.008 -8"><span class='ocrx_word' id='word_1_40' title='bbox 211 888 418 939; x_wconf 88' lang='lat' dir='ltr'><strong>teneas,</strong></span> <span class='ocrx_word' id='word_1_41' title='bbox 496 873 742 928; x_wconf 84' lang='lat' dir='ltr'><strong>rationes</strong></span> <span class='ocrx_word' id='word_1_42' title='bbox 801 873 870 926; x_wconf 88' lang='lat' dir='ltr'><strong>ita</strong></span> <span class='ocrx_word' id='word_1_43' title='bbox 921 870 1222 926; x_wconf 90' lang='lat' dir='ltr'><strong>subducito.</strong></span> <span class='ocrx_word' id='word_1_44' title='bbox 1271 871 1458 923; x_wconf 80' lang='lat' dir='ltr'><strong>Annus</strong></span> <span class='ocrx_word' id='word_1_45' title='bbox 1511 865 1770 938; x_wconf 78' lang='lat' dir='ltr'><strong>agebatur</strong></span> 
     </span>
    </p>
   </div>
   <div class='ocr_carea' id='block_1_8' title="bbox 204 962 1776 1035">
    <p class='ocr_par' dir='ltr' id='par_1_8' title="bbox 204 962 1776 1035">
     <span class='ocr_line' id='line_1_8' title="bbox 204 962 1776 1035; baseline -0.01 -9"><span class='ocrx_word' id='word_1_46' title='bbox 204 970 318 1033; x_wconf 70' lang='grc'><strong>574,</strong></span> <span class='ocrx_word' id='word_1_47' title='bbox 373 965 721 1035; x_wconf 87' lang='lat' dir='ltr'><strong>mediamque</strong></span> <span class='ocrx_word' id='word_1_48' title='bbox 770 971 1008 1018; x_wconf 65' lang='lat' dir='ltr'><strong>aestatem</strong></span> <span class='ocrx_word' id='word_1_49' title='bbox 1057 962 1338 1030; x_wconf 82' lang='lat' dir='ltr'><strong>attigerat,</strong></span> <span class='ocrx_word' id='word_1_50' title='bbox 1381 974 1502 1014; x_wconf 91' lang='lat' dir='ltr'><strong>cum</strong></span> <span class='ocrx_word' id='word_1_51' title='bbox 1556 965 1776 1027; x_wconf 84' lang='lat' dir='ltr'><strong>accepto</strong></span> 
     </span>
    </p>
   </div>
   <div class='ocr_carea' id='block_1_9' title="bbox 204 1047 1779 1115">
    <p class='ocr_par' dir='ltr' id='par_1_9' title="bbox 204 1047 1779 1115">
     <span class='ocr_line' id='line_1_9' title="bbox 204 1047 1779 1115; baseline -0.01 0"><span class='ocrx_word' id='word_1_52' title='bbox 204 1061 264 1115; x_wconf 89' lang='lat' dir='ltr'><strong>de</strong></span> <span class='ocrx_word' id='word_1_53' title='bbox 326 1057 526 1113; x_wconf 75' lang='lat' dir='ltr'><strong>Bullini</strong></span> <span class='ocrx_word' id='word_1_54' title='bbox 571 1056 807 1112; x_wconf 87' lang='lat' dir='ltr'><strong>adventu</strong></span> <span class='ocrx_word' id='word_1_55' title='bbox 860 1054 914 1108; x_wconf 92' lang='lat' dir='ltr'><strong>in</strong></span> <span class='ocrx_word' id='word_1_56' title='bbox 967 1051 1303 1107; x_wconf 72' lang='lat' dir='ltr'><strong>Palaestinam</strong></span> <span class='ocrx_word' id='word_1_57' title='bbox 1354 1050 1578 1114; x_wconf 88' lang='lat' dir='ltr'><strong>nuntio,</strong></span> <span class='ocrx_word' id='word_1_58' title='bbox 1630 1047 1779 1101; x_wconf 92' lang='lat' dir='ltr'><strong>dedit</strong></span> 
     </span>
    </p>
   </div>
   <div class='ocr_carea' id='block_1_10' title="bbox 203 1139 1777 1215">
    <p class='ocr_par' dir='ltr' id='par_1_10' title="bbox 203 1139 1777 1215">
     <span class='ocr_line' id='line_1_10' title="bbox 203 1139 1777 1215; baseline -0.01 -7"><span class='ocrx_word' id='word_1_59' title='bbox 203 1153 253 1209; x_wconf 91' lang='lat' dir='ltr'><strong>S.</strong></span> <span class='ocrx_word' id='word_1_60' title='bbox 282 1151 440 1207; x_wconf 90' lang='lat' dir='ltr'><strong>Pater</strong></span> <span class='ocrx_word' id='word_1_61' title='bbox 492 1149 563 1204; x_wconf 91' lang='lat' dir='ltr'><strong>ad</strong></span> <span class='ocrx_word' id='word_1_62' title='bbox 620 1163 742 1203; x_wconf 86' lang='lat' dir='ltr'><strong>eum</strong></span> <span class='ocrx_word' id='word_1_63' title='bbox 815 1146 1151 1215; x_wconf 82' lang='lat' dir='ltr'><strong>Epistulam,</strong></span> <span class='ocrx_word' id='word_1_64' title='bbox 1228 1156 1424 1213; x_wconf 87' lang='lat' dir='ltr'><strong>quam,</strong></span> <span class='ocrx_word' id='word_1_65' title='bbox 1503 1148 1559 1194; x_wconf 93' lang='lat' dir='ltr'><strong>ut</strong></span> <span class='ocrx_word' id='word_1_66' title='bbox 1613 1139 1777 1192; x_wconf 90' lang='lat' dir='ltr'><strong>tutius</strong></span> 
     </span>
    </p>
   </div>
   <div class='ocr_carea' id='block_1_11' title="bbox 202 1232 1772 1308">
    <p class='ocr_par' dir='ltr' id='par_1_11' title="bbox 202 1232 1772 1308">
     <span class='ocr_line' id='line_1_11' title="bbox 202 1232 1772 1308; baseline -0.011 -7"><span class='ocrx_word' id='word_1_67' title='bbox 202 1243 542 1308; x_wconf 81' lang='lat' dir='ltr'><strong>redderetur,</strong></span> <span class='ocrx_word' id='word_1_68' title='bbox 591 1240 747 1296; x_wconf 85' lang='lat' dir='ltr'><strong>alteri</strong></span> <span class='ocrx_word' id='word_1_69' title='bbox 787 1238 854 1292; x_wconf 91' lang='lat' dir='ltr'><strong>ad</strong></span> <span class='ocrx_word' id='word_1_70' title='bbox 917 1235 1248 1291; x_wconf 85' lang='lat' dir='ltr'><strong>Florentium</strong></span> <span class='ocrx_word' id='word_1_71' title='bbox 1295 1232 1581 1304; x_wconf 87' lang='lat' dir='ltr'><strong>copulavit.</strong></span> <span class='ocrx_word' id='word_1_72' title='bbox 1640 1232 1772 1286; x_wconf 84' lang='lat' dir='ltr'><strong>Erat</strong></span> 
     </span>
    </p>
   </div>
   <div class='ocr_carea' id='block_1_12' title="bbox 199 1328 1772 1410">
    <p class='ocr_par' dir='ltr' id='par_1_12' title="bbox 199 1328 1772 1410">
     <span class='ocr_line' id='line_1_12' title="bbox 199 1328 1772 1410; baseline -0.011 -12"><span class='ocrx_word' id='word_1_73' title='bbox 199 1358 312 1398; x_wconf 84' lang='lat' dir='ltr'><strong>vero</strong></span> <span class='ocrx_word' id='word_1_74' title='bbox 355 1350 484 1397; x_wconf 90' lang='lat' dir='ltr'><strong>tunc</strong></span> <span class='ocrx_word' id='word_1_75' title='bbox 529 1340 647 1410; x_wconf 89' lang='lat' dir='ltr'><strong>ipse</strong></span> <span class='ocrx_word' id='word_1_76' title='bbox 675 1338 850 1392; x_wconf 88' lang='lat' dir='ltr'><strong>adhuc</strong></span> <span class='ocrx_word' id='word_1_77' title='bbox 890 1333 1230 1396; x_wconf 74' lang='lat' dir='ltr'><strong>Antiochite,</strong></span> <span class='ocrx_word' id='word_1_78' title='bbox 1265 1333 1378 1386; x_wconf 90' lang='lat' dir='ltr'><strong>sive</strong></span> <span class='ocrx_word' id='word_1_79' title='bbox 1427 1329 1660 1384; x_wconf 84' lang='lat' dir='ltr'><strong>nomium</strong></span> <span class='ocrx_word' id='word_1_80' title='bbox 1718 1328 1772 1381; x_wconf 90' lang='lat' dir='ltr'><strong>in</strong></span> 
     </span>
    </p>
   </div>
   <div class='ocr_carea' id='block_1_13' title="bbox 198 1417 1773 1497">
    <p class='ocr_par' dir='ltr' id='par_1_13' title="bbox 198 1417 1773 1497">
     <span class='ocr_line' id='line_1_13' title="bbox 198 1417 1773 1497; baseline -0.012 -8"><span class='ocrx_word' id='word_1_81' title='bbox 198 1448 422 1490; x_wconf 88' lang='lat' dir='ltr'><strong>eremum</strong></span> <span class='ocrx_word' id='word_1_82' title='bbox 450 1437 780 1492; x_wconf 87' lang='lat' dir='ltr'><strong>secesserat,</strong></span> <span class='ocrx_word' id='word_1_83' title='bbox 804 1426 949 1497; x_wconf 90' lang='lat' dir='ltr'><strong>quod</strong></span> <span class='ocrx_word' id='word_1_84' title='bbox 977 1441 1040 1480; x_wconf 85' lang='lat' dir='ltr'><strong>ex</strong></span> <span class='ocrx_word' id='word_1_85' title='bbox 1066 1425 1340 1492; x_wconf 89' lang='lat' dir='ltr'><strong>utriusque</strong></span> <span class='ocrx_word' id='word_1_86' title='bbox 1363 1429 1614 1476; x_wconf 76' lang='lat' dir='ltr'><strong>contextu</strong></span> <span class='ocrx_word' id='word_1_87' title='bbox 1647 1417 1773 1489; x_wconf 61' lang='lat' dir='ltr'><strong>Epio</strong></span> 
     </span>
    </p>
   </div>
   <div class='ocr_carea' id='block_1_14' title="bbox 195 1521 1770 1595">
    <p class='ocr_par' dir='ltr' id='par_1_14' title="bbox 195 1521 1770 1595">
     <span class='ocr_line' id='line_1_14' title="bbox 195 1521 1770 1595; baseline -0.013 -12"><span class='ocrx_word' id='word_1_88' title='bbox 195 1521 329 1583; x_wconf 77' lang='lat' dir='ltr'><strong>stola:</strong></span> <span class='ocrx_word' id='word_1_89' title='bbox 357 1525 581 1595; x_wconf 87' lang='lat' dir='ltr'><strong>planum</strong></span> <span class='ocrx_word' id='word_1_90' title='bbox 603 1532 706 1577; x_wconf 90' lang='lat' dir='ltr'><strong>est.</strong></span> <span class='ocrx_word' id='word_1_91' title='bbox 737 1522 817 1576; x_wconf 87' lang='lat' dir='ltr'><strong>Eo</strong></span> <span class='ocrx_word' id='word_1_92' title='bbox 841 1529 1016 1575; x_wconf 87' lang='lat' dir='ltr'><strong>autem</strong></span> <span class='ocrx_word' id='word_1_93' title='bbox 1045 1532 1104 1572; x_wconf 91' lang='lat' dir='ltr'><strong>se</strong></span> <span class='ocrx_word' id='word_1_94' title='bbox 1133 1530 1300 1586; x_wconf 87' lang='lat' dir='ltr'><strong>nuper</strong></span> <span class='ocrx_word' id='word_1_95' title='bbox 1328 1521 1621 1583; x_wconf 84' lang='lat' dir='ltr'><strong>receperat,</strong></span> <span class='ocrx_word' id='word_1_96' title='bbox 1646 1525 1770 1564; x_wconf 90' lang='lat' dir='ltr'><strong>cum</strong></span> 
     </span>
    </p>
   </div>
   <div class='ocr_carea' id='block_1_15' title="bbox 194 1602 1771 1689">
    <p class='ocr_par' dir='ltr' id='par_1_15' title="bbox 194 1602 1771 1689">
     <span class='ocr_line' id='line_1_15' title="bbox 194 1602 1771 1689; baseline -0.014 -14"><span class='ocrx_word' id='word_1_97' title='bbox 194 1631 500 1689; x_wconf 77' lang='lat' dir='ltr'><strong>rcSponsum</strong></span> <span class='ocrx_word' id='word_1_98' title='bbox 548 1630 579 1668; x_wconf 88' lang='lat' dir='ltr'><strong>a</strong></span> <span class='ocrx_word' id='word_1_99' title='bbox 612 1613 891 1668; x_wconf 82' lang='lat' dir='ltr'><strong>Florentio</strong></span> <span class='ocrx_word' id='word_1_100' title='bbox 923 1610 1148 1678; x_wconf 88' lang='lat' dir='ltr'><strong>accepit,</strong></span> <span class='ocrx_word' id='word_1_101' title='bbox 1179 1606 1322 1677; x_wconf 89' lang='lat' dir='ltr'><strong>quod</strong></span> <span class='ocrx_word' id='word_1_102' title='bbox 1348 1606 1448 1659; x_wconf 86' lang='lat' dir='ltr'><strong>sibi</strong></span> <span class='ocrx_word' id='word_1_103' title='bbox 1486 1605 1557 1658; x_wconf 86' lang='lat' dir='ltr'><strong>ait</strong></span> <span class='ocrx_word' id='word_1_104' title='bbox 1587 1602 1771 1658; x_wconf 84' lang='lat' dir='ltr'><strong>reddi-</strong></span> 
     </span>
    </p>
   </div>
   <div class='ocr_carea' id='block_1_16' title="bbox 194 1696 1769 1776">
    <p class='ocr_par' dir='ltr' id='par_1_16' title="bbox 194 1696 1769 1776">
     <span class='ocr_line' id='line_1_16' title="bbox 194 1696 1769 1776; baseline -0.011 -11"><span class='ocrx_word' id='word_1_105' title='bbox 194 1721 313 1776; x_wconf 90' lang='lat' dir='ltr'><strong>tum,</strong></span> <span class='ocrx_word' id='word_1_106' title='bbox 331 1707 400 1763; x_wconf 85' lang='lat' dir='ltr'><strong>In</strong></span> <span class='ocrx_word' id='word_1_107' title='bbox 421 1725 482 1763; x_wconf 87' lang='lat' dir='ltr'><strong>ea</strong></span> <span class='ocrx_word' id='word_1_108' title='bbox 509 1706 668 1762; x_wconf 87' lang='lat' dir='ltr'><strong>eremi</strong></span> <span class='ocrx_word' id='word_1_109' title='bbox 697 1714 841 1776; x_wconf 86' lang='lat' dir='ltr'><strong>parte</strong></span> <span class='ocrx_word' id='word_1_110' title='bbox 869 1701 1219 1765; x_wconf 87' lang='lat' dir='ltr'><strong>commoranti,</strong></span> <span class='ocrx_word' id='word_1_111' title='bbox 1261 1715 1375 1769; x_wconf 81' lang='lat' dir='ltr'><strong>qua:</strong></span> <span class='ocrx_word' id='word_1_112' title='bbox 1398 1699 1541 1760; x_wconf 75' lang='lat' dir='ltr'><strong>iuxta</strong></span> <span class='ocrx_word' id='word_1_113' title='bbox 1564 1696 1769 1766; x_wconf 79' lang='lat' dir='ltr'><strong>Syriam</strong></span> 
     </span>
    </p>
   </div>
   <div class='ocr_carea' id='block_1_17' title="bbox 190 1789 1760 1869">
    <p class='ocr_par' dir='ltr' id='par_1_17' title="bbox 190 1789 1760 1869">
     <span class='ocr_line' id='line_1_17' title="bbox 190 1789 1760 1869; baseline -0.012 -13"><span class='ocrx_word' id='word_1_114' title='bbox 190 1801 450 1856; x_wconf 85' lang='lat' dir='ltr'><strong>Saracenis</strong></span> <span class='ocrx_word' id='word_1_115' title='bbox 464 1800 715 1869; x_wconf 81' lang='lat' dir='ltr'><strong>jungitur</strong></span> <span class='ocrx_word' id='word_1_116' title='bbox 743 1813 761 1850; x_wconf 89' lang='lat'><strong><em>:</em></strong></span> <span class='ocrx_word' id='word_1_117' title='bbox 783 1807 976 1851; x_wconf 89' lang='lat' dir='ltr'><strong>etcum</strong></span> <span class='ocrx_word' id='word_1_118' title='bbox 1004 1804 1221 1854; x_wconf 78' lang='lat' dir='ltr'><strong>arrepta:</strong></span> <span class='ocrx_word' id='word_1_119' title='bbox 1261 1790 1550 1844; x_wconf 73' lang='lat' dir='ltr'><strong>solitudinis</strong></span> <span class='ocrx_word' id='word_1_120' title='bbox 1593 1789 1760 1840; x_wconf 83' lang='lat' dir='ltr'><strong>termi-</strong></span> 
     </span>
    </p>
   </div>
   <div class='ocr_carea' id='block_1_18' title="bbox 188 1877 1766 1958">
    <p class='ocr_par' dir='ltr' id='par_1_18' title="bbox 188 1877 1766 1958">
     <span class='ocr_line' id='line_1_18' title="bbox 188 1877 1766 1958; baseline -0.009 -14"><span class='ocrx_word' id='word_1_121' title='bbox 188 1894 256 1947; x_wconf 86' lang='lat' dir='ltr'><strong>nis</strong></span> <span class='ocrx_word' id='word_1_122' title='bbox 279 1901 587 1946; x_wconf 79' lang='lat' dir='ltr'><strong>arceretur.</strong></span> <span class='ocrx_word' id='word_1_123' title='bbox 619 1888 805 1958; x_wconf 85' lang='lat' dir='ltr'><strong>Igitur,</strong></span> <span class='ocrx_word' id='word_1_124' title='bbox 835 1886 936 1940; x_wconf 87' lang='lat' dir='ltr'><strong>nisi</strong></span> <span class='ocrx_word' id='word_1_125' title='bbox 960 1885 1189 1954; x_wconf 79' lang='lat' dir='ltr'><strong>longius,</strong></span> <span class='ocrx_word' id='word_1_126' title='bbox 1217 1897 1375 1950; x_wconf 88' lang='lat' dir='ltr'><strong>quam</strong></span> <span class='ocrx_word' id='word_1_127' title='bbox 1407 1896 1498 1948; x_wconf 85' lang='lat' dir='ltr'><strong>par</strong></span> <span class='ocrx_word' id='word_1_128' title='bbox 1543 1877 1766 1932; x_wconf 78' lang='lat' dir='ltr'><strong>credere</strong></span> 
     </span>
    </p>
   </div>
   <div class='ocr_carea' id='block_1_19' title="bbox 187 1971 1763 2053">
    <p class='ocr_par' dir='ltr' id='par_1_19' title="bbox 187 1971 1763 2053">
     <span class='ocr_line' id='line_1_19' title="bbox 187 1971 1763 2053; baseline -0.01 -16"><span class='ocrx_word' id='word_1_129' title='bbox 187 1993 276 2051; x_wconf 82' lang='lat' dir='ltr'><strong>cst,</strong></span> <span class='ocrx_word' id='word_1_130' title='bbox 303 1982 572 2053; x_wconf 88' lang='lat' dir='ltr'><strong>temporis</strong></span> <span class='ocrx_word' id='word_1_131' title='bbox 597 1979 833 2049; x_wconf 87' lang='lat' dir='ltr'><strong>spatium</strong></span> <span class='ocrx_word' id='word_1_132' title='bbox 866 1977 949 2031; x_wconf 86' lang='lat' dir='ltr'><strong>his</strong></span> <span class='ocrx_word' id='word_1_133' title='bbox 990 1973 1248 2028; x_wconf 85' lang='lat' dir='ltr'><strong>Florentii</strong></span> <span class='ocrx_word' id='word_1_134' title='bbox 1291 1971 1356 2025; x_wconf 88' lang='lat' dir='ltr'><strong>ad</strong></span> <span class='ocrx_word' id='word_1_135' title='bbox 1384 1971 1763 2039; x_wconf 86' lang='lat' dir='ltr'><strong>Hieronymum</strong></span> 
     </span>
    </p>
   </div>
   <div class='ocr_carea' id='block_1_20' title="bbox 189 2061 1766 2140">
    <p class='ocr_par' dir='ltr' id='par_1_20' title="bbox 189 2061 1766 2140">
     <span class='ocr_line' id='line_1_20' title="bbox 189 2061 1766 2140; baseline -0.01 -10"><span class='ocrx_word' id='word_1_136' title='bbox 189 2076 366 2130; x_wconf 87' lang='lat' dir='ltr'><strong>litteris</strong></span> <span class='ocrx_word' id='word_1_137' title='bbox 395 2076 706 2128; x_wconf 81' lang='lat' dir='ltr'><strong>tribuamus</strong></span> <span class='ocrx_word' id='word_1_138' title='bbox 725 2112 742 2138; x_wconf 91' lang='lat'><strong>,</strong></span> <span class='ocrx_word' id='word_1_139' title='bbox 768 2070 936 2140; x_wconf 89' lang='lat' dir='ltr'><strong>palam</strong></span> <span class='ocrx_word' id='word_1_140' title='bbox 971 2069 1048 2134; x_wconf 88' lang='lat' dir='ltr'><strong>tit,</strong></span> <span class='ocrx_word' id='word_1_141' title='bbox 1077 2067 1218 2120; x_wconf 86' lang='lat' dir='ltr'><strong>hunc</strong></span> <span class='ocrx_word' id='word_1_142' title='bbox 1241 2065 1339 2118; x_wconf 87' lang='lat' dir='ltr'><strong>sub</strong></span> <span class='ocrx_word' id='word_1_143' title='bbox 1362 2065 1520 2117; x_wconf 87' lang='lat' dir='ltr'><strong>linem</strong></span> <span class='ocrx_word' id='word_1_144' title='bbox 1546 2061 1766 2131; x_wconf 83' lang='lat' dir='ltr'><strong>hujusce</strong></span> 
     </span>
    </p>
   </div>
   <div class='ocr_carea' id='block_1_21' title="bbox 185 2155 1765 2231">
    <p class='ocr_par' dir='ltr' id='par_1_21' title="bbox 185 2155 1765 2231">
     <span class='ocr_line' id='line_1_21' title="bbox 185 2155 1765 2231; baseline -0.008 -9"><span class='ocrx_word' id='word_1_145' title='bbox 185 2168 296 2222; x_wconf 82' lang='lat' dir='ltr'><strong>anni</strong></span> <span class='ocrx_word' id='word_1_146' title='bbox 357 2167 493 2231; x_wconf 70' lang='grc'><strong>574,</strong></span> <span class='ocrx_word' id='word_1_147' title='bbox 526 2166 654 2230; x_wconf 88' lang='lat' dir='ltr'><strong>vel,</strong></span> <span class='ocrx_word' id='word_1_148' title='bbox 705 2173 762 2218; x_wconf 92' lang='lat' dir='ltr'><strong>ut</strong></span> <span class='ocrx_word' id='word_1_149' title='bbox 787 2177 1093 2227; x_wconf 89' lang='lat' dir='ltr'><strong>summum,</strong></span> <span class='ocrx_word' id='word_1_150' title='bbox 1123 2159 1274 2214; x_wconf 88' lang='lat' dir='ltr'><strong>initio</strong></span> <span class='ocrx_word' id='word_1_151' title='bbox 1312 2155 1686 2226; x_wconf 77' lang='lat' dir='ltr'><strong>subsequentis</strong></span> <span class='ocrx_word' id='word_1_152' title='bbox 1710 2155 1765 2209; x_wconf 92' lang='lat' dir='ltr'><strong>in</strong></span> 
     </span>
    </p>
   </div>
   <div class='ocr_carea' id='block_1_22' title="bbox 181 2245 1768 2324">
    <p class='ocr_par' dir='ltr' id='par_1_22' title="bbox 181 2245 1768 2324">
     <span class='ocr_line' id='line_1_22' title="bbox 181 2245 1768 2324; baseline -0.01 -10"><span class='ocrx_word' id='word_1_153' title='bbox 181 2274 411 2316; x_wconf 84' lang='lat' dir='ltr'><strong>ercmum</strong></span> <span class='ocrx_word' id='word_1_154' title='bbox 469 2274 597 2313; x_wconf 88' lang='lat' dir='ltr'><strong>sese</strong></span> <span class='ocrx_word' id='word_1_155' title='bbox 654 2256 944 2324; x_wconf 87' lang='lat' dir='ltr'><strong>recepisse.</strong></span> <span class='ocrx_word' id='word_1_156' title='bbox 1005 2255 1180 2321; x_wconf 81' lang='lat' dir='ltr'><strong>Atque</strong></span> <span class='ocrx_word' id='word_1_157' title='bbox 1233 2249 1370 2315; x_wconf 69' lang='lat' dir='ltr'><strong>haec,</strong></span> <span class='ocrx_word' id='word_1_158' title='bbox 1413 2263 1479 2302; x_wconf 91' lang='lat' dir='ltr'><strong>ne</strong></span> <span class='ocrx_word' id='word_1_159' title='bbox 1521 2245 1646 2316; x_wconf 91' lang='lat' dir='ltr'><strong>quid</strong></span> <span class='ocrx_word' id='word_1_160' title='bbox 1696 2245 1768 2299; x_wconf 88' lang='lat' dir='ltr'><strong>sit</strong></span> 
     </span>
    </p>
   </div>
   <div class='ocr_carea' id='block_1_23' title="bbox 181 2347 950 2420">
    <p class='ocr_par' dir='ltr' id='par_1_23' title="bbox 181 2347 950 2420">
     <span class='ocr_line' id='line_1_23' title="bbox 181 2347 950 2420; baseline -0.01 -15"><span class='ocrx_word' id='word_1_161' title='bbox 181 2351 236 2406; x_wconf 88' lang='lat' dir='ltr'><strong>de</strong></span> <span class='ocrx_word' id='word_1_162' title='bbox 261 2349 531 2420; x_wconf 83' lang='lat' dir='ltr'><strong>temporis</strong></span> <span class='ocrx_word' id='word_1_163' title='bbox 559 2358 687 2402; x_wconf 87' lang='lat' dir='ltr'><strong>nota</strong></span> <span class='ocrx_word' id='word_1_164' title='bbox 709 2347 950 2401; x_wconf 90' lang='lat' dir='ltr'><strong>dubium.</strong></span> 
     </span>
    </p>
   </div>
   <div class='ocr_carea' id='block_1_24' title="bbox 237 2430 1770 2512">
    <p class='ocr_par' dir='ltr' id='par_1_24' title="bbox 237 2430 1770 2512">
     <span class='ocr_line' id='line_1_24' title="bbox 237 2430 1770 2512; baseline -0.007 -17"><span class='ocrx_word' id='word_1_165' title='bbox 237 2442 416 2512; x_wconf 90' lang='lat' dir='ltr'><strong>Ipsam</strong></span> <span class='ocrx_word' id='word_1_166' title='bbox 451 2440 811 2497; x_wconf 88' lang='lat' dir='ltr'><strong>solitudinem</strong></span> <span class='ocrx_word' id='word_1_167' title='bbox 848 2435 991 2506; x_wconf 91' lang='lat' dir='ltr'><strong>quod</strong></span> <span class='ocrx_word' id='word_1_168' title='bbox 1033 2441 1241 2503; x_wconf 88' lang='lat' dir='ltr'><strong>spectat</strong></span> <span class='ocrx_word' id='word_1_169' title='bbox 1264 2473 1279 2499; x_wconf 91' lang='lat'><strong>,</strong></span> <span class='ocrx_word' id='word_1_170' title='bbox 1325 2431 1494 2502; x_wconf 86' lang='lat' dir='ltr'><strong>posita</strong></span> <span class='ocrx_word' id='word_1_171' title='bbox 1534 2430 1623 2484; x_wconf 88' lang='lat' dir='ltr'><strong>illa</strong></span> <span class='ocrx_word' id='word_1_172' title='bbox 1653 2437 1770 2484; x_wconf 89' lang='lat' dir='ltr'><strong>erat</strong></span> 
     </span>
    </p>
   </div>
   <div class='ocr_carea' id='block_1_25' title="bbox 181 2521 1767 2601">
    <p class='ocr_par' dir='ltr' id='par_1_25' title="bbox 181 2521 1767 2601">
     <span class='ocr_line' id='line_1_25' title="bbox 181 2521 1767 2601; baseline -0.008 -15"><span class='ocrx_word' id='word_1_173' title='bbox 181 2534 220 2586; x_wconf 91' lang='lat' dir='ltr'><strong>in</strong></span> <span class='ocrx_word' id='word_1_174' title='bbox 243 2533 476 2588; x_wconf 87' lang='lat' dir='ltr'><strong>Calcide</strong></span> <span class='ocrx_word' id='word_1_175' title='bbox 507 2531 712 2601; x_wconf 66' lang='lat' dir='ltr'><strong>Syrim,</strong></span> <span class='ocrx_word' id='word_1_176' title='bbox 741 2530 844 2582; x_wconf 90' lang='lat' dir='ltr'><strong>hoc</strong></span> <span class='ocrx_word' id='word_1_177' title='bbox 865 2535 971 2591; x_wconf 90' lang='lat' dir='ltr'><strong>est,</strong></span> <span class='ocrx_word' id='word_1_178' title='bbox 998 2526 1099 2580; x_wconf 93' lang='lat' dir='ltr'><strong>ubi</strong></span> <span class='ocrx_word' id='word_1_179' title='bbox 1127 2524 1245 2596; x_wconf 86' lang='lat' dir='ltr'><strong>Syri</strong></span> <span class='ocrx_word' id='word_1_180' title='bbox 1273 2523 1340 2577; x_wconf 88' lang='lat' dir='ltr'><strong>ab</strong></span> <span class='ocrx_word' id='word_1_181' title='bbox 1362 2523 1618 2592; x_wconf 80' lang='lat' dir='ltr'><strong>Agarenis</strong></span> <span class='ocrx_word' id='word_1_182' title='bbox 1646 2521 1767 2574; x_wconf 88' lang='lat' dir='ltr'><strong>bar-</strong></span> 
     </span>
    </p>
   </div>
   <div class='ocr_carea' id='block_1_26' title="bbox 180 2615 1761 2689">
    <p class='ocr_par' dir='ltr' id='par_1_26' title="bbox 180 2615 1761 2689">
     <span class='ocr_line' id='line_1_26' title="bbox 180 2615 1761 2689; baseline -0.008 -9"><span class='ocrx_word' id='word_1_183' title='bbox 180 2627 301 2681; x_wconf 83' lang='lat' dir='ltr'><strong>baris</strong></span> <span class='ocrx_word' id='word_1_184' title='bbox 372 2623 875 2689; x_wconf 86' lang='lat' dir='ltr'><strong>disterminantur,</strong></span> <span class='ocrx_word' id='word_1_185' title='bbox 924 2630 1076 2674; x_wconf 88' lang='lat' dir='ltr'><strong>vasto</strong></span> <span class='ocrx_word' id='word_1_186' title='bbox 1139 2631 1535 2688; x_wconf 89' lang='lat' dir='ltr'><strong>quaquaversus</strong></span> <span class='ocrx_word' id='word_1_187' title='bbox 1589 2615 1761 2683; x_wconf 87' lang='lat' dir='ltr'><strong>spatio</strong></span> 
     </span>
    </p>
   </div>
   <div class='ocr_carea' id='block_1_27' title="bbox 181 2707 1760 2788">
    <p class='ocr_par' dir='ltr' id='par_1_27' title="bbox 181 2707 1760 2788">
     <span class='ocr_line' id='line_1_27' title="bbox 181 2707 1760 2788; baseline -0.009 -13"><span class='ocrx_word' id='word_1_188' title='bbox 181 2731 344 2787; x_wconf 81' lang='lat' dir='ltr'><strong>teme,</strong></span> <span class='ocrx_word' id='word_1_189' title='bbox 377 2734 502 2788; x_wconf 67' lang='lat' dir='ltr'><strong>qua:</strong></span> <span class='ocrx_word' id='word_1_190' title='bbox 529 2727 714 2772; x_wconf 72' lang='lat' dir='ltr'><strong>exusta</strong></span> <span class='ocrx_word' id='word_1_191' title='bbox 743 2717 864 2769; x_wconf 75' lang='lat' dir='ltr'><strong>solis</strong></span> <span class='ocrx_word' id='word_1_192' title='bbox 891 2713 1178 2777; x_wconf 87' lang='lat' dir='ltr'><strong>ardoribus,</strong></span> <span class='ocrx_word' id='word_1_193' title='bbox 1208 2710 1463 2763; x_wconf 82' lang='lat' dir='ltr'><strong>horridam</strong></span> <span class='ocrx_word' id='word_1_194' title='bbox 1495 2707 1760 2761; x_wconf 80' lang='lat' dir='ltr'><strong>Monac/tis</strong></span> 
     </span>
    </p>
   </div>
   <div class='ocr_carea' id='block_1_28' title="bbox 179 2799 1753 2880">
    <p class='ocr_par' dir='ltr' id='par_1_28' title="bbox 179 2799 1753 2880">
     <span class='ocr_line' id='line_1_28' title="bbox 179 2799 1753 2880; baseline -0.009 -14"><span class='ocrx_word' id='word_1_195' title='bbox 179 2813 440 2880; x_wconf 68' lang='lat' dir='ltr'><strong>prastabat</strong></span> <span class='ocrx_word' id='word_1_196' title='bbox 452 2807 831 2863; x_wconf 80' lang='lat' dir='ltr'><strong>habitaculum.</strong></span> <span class='ocrx_word' id='word_1_197' title='bbox 846 2804 1080 2860; x_wconf 86' lang='lat' dir='ltr'><strong>Sedebat</strong></span> <span class='ocrx_word' id='word_1_198' title='bbox 1094 2802 1240 2856; x_wconf 85' lang='lat' dir='ltr'><strong>solus</strong></span> <span class='ocrx_word' id='word_1_199' title='bbox 1259 2801 1327 2855; x_wconf 88' lang='lat' dir='ltr'><strong>ibi</strong></span> <span class='ocrx_word' id='word_1_200' title='bbox 1343 2800 1398 2855; x_wconf 90' lang='lat' dir='ltr'><strong>S.</strong></span> <span class='ocrx_word' id='word_1_201' title='bbox 1420 2799 1753 2863; x_wconf 85' lang='lat' dir='ltr'><strong>adolescens,</strong></span> 
     </span>
    </p>
   </div>
   <div class='ocr_carea' id='block_1_29' title="bbox 178 2893 1756 2976">
    <p class='ocr_par' dir='ltr' id='par_1_29' title="bbox 178 2893 1756 2976">
     <span class='ocr_line' id='line_1_29' title="bbox 178 2893 1756 2976; baseline -0.008 -18"><span class='ocrx_word' id='word_1_202' title='bbox 178 2907 500 2976; x_wconf 73' lang='lat' dir='ltr'><strong>scorpionum</strong></span> <span class='ocrx_word' id='word_1_203' title='bbox 533 2911 741 2955; x_wconf 87' lang='lat' dir='ltr'><strong>tantum</strong></span> <span class='ocrx_word' id='word_1_204' title='bbox 767 2900 932 2952; x_wconf 89' lang='lat' dir='ltr'><strong>socius</strong></span> <span class='ocrx_word' id='word_1_205' title='bbox 962 2913 1011 2950; x_wconf 84' lang='lat' dir='ltr'><strong>er</strong></span> <span class='ocrx_word' id='word_1_206' title='bbox 1033 2900 1257 2966; x_wconf 81' lang='lat' dir='ltr'><strong>ferarum</strong></span> <span class='ocrx_word' id='word_1_207' title='bbox 1277 2934 1292 2959; x_wconf 96' lang='lat'><strong>,</strong></span> <span class='ocrx_word' id='word_1_208' title='bbox 1317 2895 1401 2962; x_wconf 86' lang='lat' dir='ltr'><strong>qui</strong></span> <span class='ocrx_word' id='word_1_209' title='bbox 1421 2893 1480 2946; x_wconf 90' lang='lat' dir='ltr'><strong>ob</strong></span> <span class='ocrx_word' id='word_1_210' title='bbox 1516 2893 1756 2963; x_wconf 66' lang='lat' dir='ltr'><strong>gehennae</strong></span> 
     </span>
    </p>
   </div>
   <div class='ocr_carea' id='block_1_30' title="bbox 177 2985 1753 3059">
    <p class='ocr_par' dir='ltr' id='par_1_30' title="bbox 177 2985 1753 3059">
     <span class='ocr_line' id='line_1_30' title="bbox 177 2985 1753 3059; baseline -0.005 -12"><span class='ocrx_word' id='word_1_211' title='bbox 177 3007 352 3051; x_wconf 84' lang='lat' dir='ltr'><strong>metunt</strong></span> <span class='ocrx_word' id='word_1_212' title='bbox 376 2996 468 3049; x_wconf 86' lang='lat' dir='ltr'><strong>tali</strong></span> <span class='ocrx_word' id='word_1_213' title='bbox 497 3010 553 3050; x_wconf 91' lang='lat' dir='ltr'><strong>se</strong></span> <span class='ocrx_word' id='word_1_214' title='bbox 576 2991 903 3059; x_wconf 80' lang='lat' dir='ltr'><strong>carcereipse</strong></span> <span class='ocrx_word' id='word_1_215' title='bbox 919 2990 1263 3042; x_wconf 82' lang='lat' dir='ltr'><strong>danntaverat.</strong></span> <span class='ocrx_word' id='word_1_216' title='bbox 1301 2985 1583 3039; x_wconf 81' lang='lat' dir='ltr'><strong>llorrebant</strong></span> <span class='ocrx_word' id='word_1_217' title='bbox 1605 3001 1753 3039; x_wconf 85' lang='lat' dir='ltr'><strong>sacco</strong></span> 
     </span>
    </p>
   </div>
   <div class='ocr_carea' id='block_1_31' title="bbox 177 3075 1755 3154">
    <p class='ocr_par' dir='ltr' id='par_1_31' title="bbox 177 3075 1755 3154">
     <span class='ocr_line' id='line_1_31' title="bbox 177 3075 1755 3154; baseline -0.004 -16"><span class='ocrx_word' id='word_1_218' title='bbox 177 3087 387 3140; x_wconf 81' lang='lat' dir='ltr'><strong>membra</strong></span> <span class='ocrx_word' id='word_1_219' title='bbox 416 3084 691 3154; x_wconf 77' lang='lat' dir='ltr'><strong>deformia,</strong></span> <span class='ocrx_word' id='word_1_220' title='bbox 723 3092 768 3136; x_wconf 88' lang='lat' dir='ltr'><strong>et</strong></span> <span class='ocrx_word' id='word_1_221' title='bbox 797 3079 1052 3153; x_wconf 86' lang='lat' dir='ltr'><strong>squallida</strong></span> <span class='ocrx_word' id='word_1_222' title='bbox 1080 3079 1207 3132; x_wconf 85' lang='lat' dir='ltr'><strong>cutis</strong></span> <span class='ocrx_word' id='word_1_223' title='bbox 1251 3084 1399 3132; x_wconf 84' lang='lat' dir='ltr'><strong>situm</strong></span> <span class='ocrx_word' id='word_1_224' title='bbox 1441 3075 1755 3147; x_wconf 64' lang='lat' dir='ltr'><strong>Ait/tibpica:</strong></span> 
     </span>
    </p>
   </div>
   <div class='ocr_carea' id='block_1_32' title="bbox 179 3168 1752 3239">
    <p class='ocr_par' dir='ltr' id='par_1_32' title="bbox 179 3168 1752 3239">
     <span class='ocr_line' id='line_1_32' title="bbox 179 3168 1752 3239; baseline -0.004 -11"><span class='ocrx_word' id='word_1_225' title='bbox 179 3179 336 3232; x_wconf 85' lang='lat' dir='ltr'><strong>carnis</strong></span> <span class='ocrx_word' id='word_1_226' title='bbox 359 3176 658 3230; x_wconf 74' lang='lat' dir='ltr'><strong>obduxerat.</strong></span> <span class='ocrx_word' id='word_1_227' title='bbox 693 3172 927 3239; x_wconf 83' lang='lat' dir='ltr'><strong>Quotidie</strong></span> <span class='ocrx_word' id='word_1_228' title='bbox 953 3171 1210 3239; x_wconf 79' lang='lat' dir='ltr'><strong>lacrgmtu,</strong></span> <span class='ocrx_word' id='word_1_229' title='bbox 1235 3168 1457 3238; x_wconf 83' lang='lat' dir='ltr'><strong>quotidie</strong></span> <span class='ocrx_word' id='word_1_230' title='bbox 1494 3169 1706 3238; x_wconf 88' lang='lat' dir='ltr'><strong>gemitus</strong></span> <span class='ocrx_word' id='word_1_231' title='bbox 1732 3182 1752 3221; x_wconf 89' lang='lat'><strong><em>:</em></strong></span> 
     </span>
    </p>
   </div>
   <div class='ocr_carea' id='block_1_33' title="bbox 181 3260 1752 3338">
    <p class='ocr_par' dir='ltr' id='par_1_33' title="bbox 181 3260 1752 3338">
     <span class='ocr_line' id='line_1_33' title="bbox 181 3260 1752 3338; baseline -0.006 -16"><span class='ocrx_word' id='word_1_232' title='bbox 181 3271 280 3324; x_wconf 80' lang='lat' dir='ltr'><strong>etsi</strong></span> <span class='ocrx_word' id='word_1_233' title='bbox 305 3267 506 3338; x_wconf 78' lang='lat' dir='ltr'><strong>quando</strong></span> <span class='ocrx_word' id='word_1_234' title='bbox 531 3273 900 3336; x_wconf 75' lang='lat' dir='ltr'><strong>repugnantem</strong></span> <span class='ocrx_word' id='word_1_235' title='bbox 930 3278 1135 3315; x_wconf 86' lang='lat' dir='ltr'><strong>somnus</strong></span> <span class='ocrx_word' id='word_1_236' title='bbox 1164 3261 1428 3314; x_wconf 82' lang='lat' dir='ltr'><strong>imminens</strong></span> <span class='ocrx_word' id='word_1_237' title='bbox 1471 3260 1752 3330; x_wconf 87' lang='lat' dir='ltr'><strong>oppressis-</strong></span> 
     </span>
    </p>
   </div>
   <div class='ocr_carea' id='block_1_34' title="bbox 180 3351 1750 3428">
    <p class='ocr_par' dir='ltr' id='par_1_34' title="bbox 180 3351 1750 3428">
     <span class='ocr_line' id='line_1_34' title="bbox 180 3351 1750 3428; baseline -0.006 -14"><span class='ocrx_word' id='word_1_238' title='bbox 180 3371 262 3428; x_wconf 83' lang='lat' dir='ltr'><strong>set,</strong></span> <span class='ocrx_word' id='word_1_239' title='bbox 290 3362 427 3415; x_wconf 84' lang='lat' dir='ltr'><strong>nuda</strong></span> <span class='ocrx_word' id='word_1_240' title='bbox 456 3360 610 3413; x_wconf 88' lang='lat' dir='ltr'><strong>humo</strong></span> <span class='ocrx_word' id='word_1_241' title='bbox 639 3373 757 3411; x_wconf 83' lang='lat' dir='ltr'><strong>ossa</strong></span> <span class='ocrx_word' id='word_1_242' title='bbox 784 3356 866 3408; x_wconf 82' lang='lat' dir='ltr'><strong>via:</strong></span> <span class='ocrx_word' id='word_1_243' title='bbox 900 3354 1139 3408; x_wconf 77' lang='lat' dir='ltr'><strong>Itwrcntia</strong></span> <span class='ocrx_word' id='word_1_244' title='bbox 1164 3352 1447 3407; x_wconf 80' lang='lat' dir='ltr'><strong>rollidebat.</strong></span> <span class='ocrx_word' id='word_1_245' title='bbox 1479 3351 1750 3406; x_wconf 83' lang='lat' dir='ltr'><strong>Pallebant</strong></span> 
     </span>
    </p>
   </div>
   <div class='ocr_carea' id='block_1_35' title="bbox 182 3443 1750 3522">
    <p class='ocr_par' dir='ltr' id='par_1_35' title="bbox 182 3443 1750 3522">
     <span class='ocr_line' id='line_1_35' title="bbox 182 3443 1750 3522; baseline -0.004 -18"><span class='ocrx_word' id='word_1_246' title='bbox 182 3467 260 3505; x_wconf 90' lang='lat' dir='ltr'><strong>ora</strong></span> <span class='ocrx_word' id='word_1_247' title='bbox 275 3453 504 3522; x_wconf 84' lang='lat' dir='ltr'><strong>jejuniis,</strong></span> <span class='ocrx_word' id='word_1_248' title='bbox 525 3458 580 3505; x_wconf 90' lang='lat' dir='ltr'><strong>et</strong></span> <span class='ocrx_word' id='word_1_249' title='bbox 600 3457 819 3514; x_wconf 85' lang='lat' dir='ltr'><strong>ca:tera,</strong></span> <span class='ocrx_word' id='word_1_250' title='bbox 851 3462 972 3516; x_wconf 67' lang='lat' dir='ltr'><strong>quae</strong></span> <span class='ocrx_word' id='word_1_251' title='bbox 1000 3453 1108 3500; x_wconf 88' lang='lat' dir='ltr'><strong>tute</strong></span> <span class='ocrx_word' id='word_1_252' title='bbox 1135 3454 1347 3514; x_wconf 85' lang='lat' dir='ltr'><strong>repetas</strong></span> <span class='ocrx_word' id='word_1_253' title='bbox 1372 3460 1439 3499; x_wconf 90' lang='lat' dir='ltr'><strong>ex</strong></span> <span class='ocrx_word' id='word_1_254' title='bbox 1471 3444 1580 3511; x_wconf 88' lang='lat' dir='ltr'><strong>illa,</strong></span> <span class='ocrx_word' id='word_1_255' title='bbox 1608 3443 1750 3498; x_wconf 91' lang='lat' dir='ltr'><strong>unde</strong></span> 
     </span>
    </p>
   </div>
   <div class='ocr_carea' id='block_1_36' title="bbox 183 3535 1746 3608">
    <p class='ocr_par' dir='ltr' id='par_1_36' title="bbox 183 3535 1746 3608">
     <span class='ocr_line' id='line_1_36' title="bbox 183 3535 1746 3608; baseline -0.003 -14"><span class='ocrx_word' id='word_1_256' title='bbox 183 3541 289 3598; x_wconf 79' lang='lat' dir='ltr'><strong>lucc</strong></span> <span class='ocrx_word' id='word_1_257' title='bbox 338 3542 588 3596; x_wconf 88' lang='lat' dir='ltr'><strong>translata</strong></span> <span class='ocrx_word' id='word_1_258' title='bbox 624 3547 782 3604; x_wconf 90' lang='lat' dir='ltr'><strong>sunt,</strong></span> <span class='ocrx_word' id='word_1_259' title='bbox 819 3538 1037 3608; x_wconf 81' lang='lat' dir='ltr'><strong>Epistol.</strong></span> <span class='ocrx_word' id='word_1_260' title='bbox 1068 3535 1235 3592; x_wconf 76' lang='lat' dir='ltr'><strong>XXII.</strong></span> <span class='ocrx_word' id='word_1_261' title='bbox 1267 3535 1332 3590; x_wconf 90' lang='lat' dir='ltr'><strong>ad</strong></span> <span class='ocrx_word' id='word_1_262' title='bbox 1381 3535 1746 3591; x_wconf 84' lang='lat' dir='ltr'><strong>Eustochium.</strong></span> 
     </span>
    </p>
   </div>
   <div class='ocr_carea' id='block_1_37' title="bbox 185 3628 1750 3703">
    <p class='ocr_par' dir='ltr' id='par_1_37' title="bbox 185 3628 1750 3703">
     <span class='ocr_line' id='line_1_37' title="bbox 185 3628 1750 3703; baseline -0.004 -16"><span class='ocrx_word' id='word_1_263' title='bbox 185 3637 255 3689; x_wconf 79' lang='lat' dir='ltr'><strong>Ad</strong></span> <span class='ocrx_word' id='word_1_264' title='bbox 284 3639 390 3690; x_wconf 73' lang='lat' dir='ltr'><strong>tunc</strong></span> <span class='ocrx_word' id='word_1_265' title='bbox 419 3649 563 3703; x_wconf 74' lang='lat' dir='ltr'><strong>smpe</strong></span> <span class='ocrx_word' id='word_1_266' title='bbox 594 3632 792 3701; x_wconf 58' lang='lat' dir='ltr'><strong>sapius</strong></span> <span class='ocrx_word' id='word_1_267' title='bbox 819 3645 882 3684; x_wconf 89' lang='lat' dir='ltr'><strong>ac</strong></span> <span class='ocrx_word' id='word_1_268' title='bbox 925 3629 1035 3684; x_wconf 81' lang='lat' dir='ltr'><strong>fere</strong></span> <span class='ocrx_word' id='word_1_269' title='bbox 1063 3629 1403 3684; x_wconf 89' lang='lat' dir='ltr'><strong>continenter</strong></span> <span class='ocrx_word' id='word_1_270' title='bbox 1445 3628 1750 3682; x_wconf 91' lang='lat' dir='ltr'><strong>tentabatur</strong></span> 
     </span>
    </p>
   </div>
   <div class='ocr_carea' id='block_1_38' title="bbox 187 3720 1747 3790">
    <p class='ocr_par' dir='ltr' id='par_1_38' title="bbox 187 3720 1747 3790">
     <span class='ocr_line' id='line_1_38' title="bbox 187 3720 1747 3790; baseline -0.003 -12"><span class='ocrx_word' id='word_1_271' title='bbox 187 3726 468 3781; x_wconf 78' lang='lat' dir='ltr'><strong>valetudine</strong></span> <span class='ocrx_word' id='word_1_272' title='bbox 493 3767 508 3790; x_wconf 92' lang='lat'><strong>,</strong></span> <span class='ocrx_word' id='word_1_273' title='bbox 555 3732 612 3778; x_wconf 89' lang='lat' dir='ltr'><strong>et</strong></span> <span class='ocrx_word' id='word_1_274' title='bbox 643 3722 926 3778; x_wconf 81' lang='lat' dir='ltr'><strong>stomacho</strong></span> <span class='ocrx_word' id='word_1_275' title='bbox 973 3721 1268 3776; x_wconf 88' lang='lat' dir='ltr'><strong>laborabat.</strong></span> <span class='ocrx_word' id='word_1_276' title='bbox 1301 3720 1366 3774; x_wconf 90' lang='lat' dir='ltr'><strong>Et</strong></span> <span class='ocrx_word' id='word_1_277' title='bbox 1390 3720 1499 3773; x_wconf 89' lang='lat' dir='ltr'><strong>vini</strong></span> <span class='ocrx_word' id='word_1_278' title='bbox 1533 3730 1708 3773; x_wconf 91' lang='lat' dir='ltr'><strong>tamen</strong></span> <span class='ocrx_word' id='word_1_279' title='bbox 1731 3759 1747 3786; x_wconf 94' lang='lat'><strong>,</strong></span> 
     </span>
    </p>
   </div>
   <div class='ocr_carea' id='block_1_39' title="bbox 189 3809 1748 3882">
    <p class='ocr_par' dir='ltr' id='par_1_39' title="bbox 189 3809 1748 3882">
     <span class='ocr_line' id='line_1_39' title="bbox 189 3809 1748 3882; baseline -0.004 -14"><span class='ocrx_word' id='word_1_280' title='bbox 189 3816 312 3881; x_wconf 89' lang='lat' dir='ltr'><strong>olei,</strong></span> <span class='ocrx_word' id='word_1_281' title='bbox 341 3816 677 3882; x_wconf 91' lang='lat' dir='ltr'><strong>aliorumque</strong></span> <span class='ocrx_word' id='word_1_282' title='bbox 707 3812 980 3877; x_wconf 90' lang='lat' dir='ltr'><strong>ciborum,</strong></span> <span class='ocrx_word' id='word_1_283' title='bbox 1011 3811 1202 3881; x_wconf 89' lang='lat' dir='ltr'><strong>quibus</strong></span> <span class='ocrx_word' id='word_1_284' title='bbox 1233 3810 1546 3863; x_wconf 79' lang='lat' dir='ltr'><strong>reficiuntur</strong></span> <span class='ocrx_word' id='word_1_285' title='bbox 1573 3809 1712 3862; x_wconf 89' lang='lat' dir='ltr'><strong>vires</strong></span> <span class='ocrx_word' id='word_1_286' title='bbox 1733 3847 1748 3874; x_wconf 93' lang='lat'><strong>,</strong></span> 
     </span>
    </p>
   </div>
   <div class='ocr_carea' id='block_1_40' title="bbox 190 3898 1753 3964">
    <p class='ocr_par' dir='ltr' id='par_1_40' title="bbox 190 3898 1753 3964">
     <span class='ocr_line' id='line_1_40' title="bbox 190 3898 1753 3964; baseline -0.006 -5"><span class='ocrx_word' id='word_1_287' title='bbox 190 3914 235 3959; x_wconf 87' lang='lat' dir='ltr'><strong>ct</strong></span> <span class='ocrx_word' id='word_1_288' title='bbox 260 3907 318 3960; x_wconf 87' lang='lat' dir='ltr'><strong>ad</strong></span> <span class='ocrx_word' id='word_1_289' title='bbox 345 3906 584 3961; x_wconf 87' lang='lat' dir='ltr'><strong>laborem</strong></span> <span class='ocrx_word' id='word_1_290' title='bbox 610 3898 892 3959; x_wconf 78' lang='lat' dir='ltr'><strong>ferendum</strong></span> <span class='ocrx_word' id='word_1_291' title='bbox 923 3911 1239 3956; x_wconf 81' lang='lat' dir='ltr'><strong>recreantur</strong></span> <span class='ocrx_word' id='word_1_292' title='bbox 1272 3899 1543 3964; x_wconf 91' lang='lat' dir='ltr'><strong>homines,</strong></span> <span class='ocrx_word' id='word_1_293' title='bbox 1587 3898 1753 3952; x_wconf 86' lang='lat' dir='ltr'><strong>absti-</strong></span> 
     </span>
    </p>
   </div>
   <div class='ocr_carea' id='block_1_41' title="bbox 193 3990 1753 4064">
    <p class='ocr_par' dir='ltr' id='par_1_41' title="bbox 193 3990 1753 4064">
     <span class='ocr_line' id='line_1_41' title="bbox 193 3990 1753 4064; baseline -0.004 -14"><span class='ocrx_word' id='word_1_294' title='bbox 193 4001 508 4055; x_wconf 86' lang='lat' dir='ltr'><strong>nentissimus</strong></span> <span class='ocrx_word' id='word_1_295' title='bbox 531 4039 546 4062; x_wconf 93' lang='lat'><strong>,</strong></span> <span class='ocrx_word' id='word_1_296' title='bbox 576 3998 741 4053; x_wconf 91' lang='lat' dir='ltr'><strong>etiam</strong></span> <span class='ocrx_word' id='word_1_297' title='bbox 771 4011 896 4051; x_wconf 92' lang='lat' dir='ltr'><strong>cum</strong></span> <span class='ocrx_word' id='word_1_298' title='bbox 926 3995 1236 4064; x_wconf 83' lang='lat' dir='ltr'><strong>langueret,</strong></span> <span class='ocrx_word' id='word_1_299' title='bbox 1289 3990 1479 4060; x_wconf 81' lang='lat' dir='ltr'><strong>frigida</strong></span> <span class='ocrx_word' id='word_1_300' title='bbox 1507 3990 1753 4045; x_wconf 87' lang='lat' dir='ltr'><strong>utebatur</strong></span> 
     </span>
    </p>
   </div>
   <div class='ocr_carea' id='block_1_42' title="bbox 194 4083 1753 4160">
    <p class='ocr_par' dir='ltr' id='par_1_42' title="bbox 194 4083 1753 4160">
     <span class='ocr_line' id='line_1_42' title="bbox 194 4083 1753 4160; baseline -0.004 -19"><span class='ocrx_word' id='word_1_301' title='bbox 194 4104 328 4160; x_wconf 88' lang='lat' dir='ltr'><strong>aqua,</strong></span> <span class='ocrx_word' id='word_1_302' title='bbox 357 4101 411 4146; x_wconf 90' lang='lat' dir='ltr'><strong>et</strong></span> <span class='ocrx_word' id='word_1_303' title='bbox 435 4101 653 4145; x_wconf 91' lang='lat' dir='ltr'><strong>coctum</strong></span> <span class='ocrx_word' id='word_1_304' title='bbox 676 4087 878 4158; x_wconf 88' lang='lat' dir='ltr'><strong>aliquid</strong></span> <span class='ocrx_word' id='word_1_305' title='bbox 905 4085 1198 4154; x_wconf 89' lang='lat' dir='ltr'><strong>accepisse,</strong></span> <span class='ocrx_word' id='word_1_306' title='bbox 1233 4083 1496 4137; x_wconf 82' lang='lat' dir='ltr'><strong>luxuriam</strong></span> <span class='ocrx_word' id='word_1_307' title='bbox 1539 4092 1753 4151; x_wconf 87' lang='lat' dir='ltr'><strong>reputa-</strong></span> 
     </span>
    </p>
   </div>
   <div class='ocr_carea' id='block_1_43' title="bbox 194 4174 1751 4245">
    <p class='ocr_par' dir='ltr' id='par_1_43' title="bbox 194 4174 1751 4245">
     <span class='ocr_line' id='line_1_43' title="bbox 194 4174 1751 4245; baseline -0.006 -7"><span class='ocrx_word' id='word_1_308' title='bbox 194 4182 286 4240; x_wconf 85' lang='lat' dir='ltr'><strong>bat.</strong></span> <span class='ocrx_word' id='word_1_309' title='bbox 314 4185 530 4240; x_wconf 79' lang='lat' dir='ltr'><strong>Videtur</strong></span> <span class='ocrx_word' id='word_1_310' title='bbox 573 4183 735 4236; x_wconf 82' lang='lat' dir='ltr'><strong>ctiatn</strong></span> <span class='ocrx_word' id='word_1_311' title='bbox 774 4180 1046 4235; x_wconf 89' lang='lat' dir='ltr'><strong>laboribus</strong></span> <span class='ocrx_word' id='word_1_312' title='bbox 1089 4191 1344 4232; x_wconf 88' lang='lat' dir='ltr'><strong>manuum</strong></span> <span class='ocrx_word' id='word_1_313' title='bbox 1393 4185 1597 4245; x_wconf 89' lang='lat' dir='ltr'><strong>partem</strong></span> <span class='ocrx_word' id='word_1_314' title='bbox 1647 4174 1751 4230; x_wconf 90' lang='lat' dir='ltr'><strong>diei</strong></span> 
     </span>
    </p>
   </div>
   <div class='ocr_carea' id='block_1_44' title="bbox 193 4269 1750 4347">
    <p class='ocr_par' dir='ltr' id='par_1_44' title="bbox 193 4269 1750 4347">
     <span class='ocr_line' id='line_1_44' title="bbox 193 4269 1750 4347; baseline -0.003 -20"><span class='ocrx_word' id='word_1_315' title='bbox 193 4276 393 4347; x_wconf 84' lang='lat' dir='ltr'><strong>aliquam</strong></span> <span class='ocrx_word' id='word_1_316' title='bbox 445 4278 734 4342; x_wconf 89' lang='lat' dir='ltr'><strong>tribuisse,</strong></span> <span class='ocrx_word' id='word_1_317' title='bbox 784 4269 1157 4329; x_wconf 80' lang='lat' dir='ltr'><strong>exseribeudis</strong></span> <span class='ocrx_word' id='word_1_318' title='bbox 1209 4271 1418 4325; x_wconf 84' lang='lat' dir='ltr'><strong>scilicet</strong></span> <span class='ocrx_word' id='word_1_319' title='bbox 1470 4269 1665 4324; x_wconf 90' lang='lat' dir='ltr'><strong>libris:</strong></span> <span class='ocrx_word' id='word_1_320' title='bbox 1697 4270 1750 4324; x_wconf 90' lang='lat' dir='ltr'><strong>in</strong></span> 
     </span>
    </p>
   </div>
   <div class='ocr_carea' id='block_1_45' title="bbox 195 4359 1752 4432">
    <p class='ocr_par' dir='ltr' id='par_1_45' title="bbox 195 4359 1752 4432">
     <span class='ocr_line' id='line_1_45' title="bbox 195 4359 1752 4432; baseline -0.004 -14"><span class='ocrx_word' id='word_1_321' title='bbox 195 4380 326 4432; x_wconf 87' lang='lat' dir='ltr'><strong>quam</strong></span> <span class='ocrx_word' id='word_1_322' title='bbox 367 4382 479 4422; x_wconf 93' lang='lat' dir='ltr'><strong>rem</strong></span> <span class='ocrx_word' id='word_1_323' title='bbox 503 4409 517 4431; x_wconf 87' lang='lat'><strong>,</strong></span> <span class='ocrx_word' id='word_1_324' title='bbox 568 4366 754 4419; x_wconf 88' lang='lat' dir='ltr'><strong>habere</strong></span> <span class='ocrx_word' id='word_1_325' title='bbox 783 4379 836 4417; x_wconf 85' lang='lat' dir='ltr'><strong>se</strong></span> <span class='ocrx_word' id='word_1_326' title='bbox 883 4363 1139 4425; x_wconf 90' lang='lat' dir='ltr'><strong>alumnos,</strong></span> <span class='ocrx_word' id='word_1_327' title='bbox 1166 4359 1254 4431; x_wconf 87' lang='lat' dir='ltr'><strong>qui</strong></span> <span class='ocrx_word' id='word_1_328' title='bbox 1295 4360 1612 4430; x_wconf 76' lang='lat' dir='ltr'><strong>Antiquaria:</strong></span> <span class='ocrx_word' id='word_1_329' title='bbox 1654 4360 1752 4412; x_wconf 89' lang='lat' dir='ltr'><strong>arti</strong></span> 
     </span>
    </p>
   </div>
   <div class='ocr_carea' id='block_1_46' title="bbox 196 4454 1753 4530">
    <p class='ocr_par' dir='ltr' id='par_1_46' title="bbox 196 4454 1753 4530">
     <span class='ocr_line' id='line_1_46' title="bbox 196 4454 1753 4530; baseline -0.004 -17"><span class='ocrx_word' id='word_1_330' title='bbox 196 4460 386 4515; x_wconf 70' lang='lat' dir='ltr'><strong>serviant</strong></span> <span class='ocrx_word' id='word_1_331' title='bbox 414 4463 546 4530; x_wconf 88' lang='lat' dir='ltr'><strong>(quo</strong></span> <span class='ocrx_word' id='word_1_332' title='bbox 575 4458 797 4515; x_wconf 89' lang='lat' dir='ltr'><strong>nomine</strong></span> <span class='ocrx_word' id='word_1_333' title='bbox 823 4459 1194 4512; x_wconf 87' lang='lat' dir='ltr'><strong>Amanuenscs</strong></span> <span class='ocrx_word' id='word_1_334' title='bbox 1230 4454 1460 4511; x_wconf 79' lang='lat' dir='ltr'><strong>indicari</strong></span> <span class='ocrx_word' id='word_1_335' title='bbox 1481 4495 1496 4517; x_wconf 88' lang='lat'><strong>,</strong></span> <span class='ocrx_word' id='word_1_336' title='bbox 1540 4467 1646 4506; x_wconf 91' lang='lat' dir='ltr'><strong>non</strong></span> <span class='ocrx_word' id='word_1_337' title='bbox 1670 4461 1753 4507; x_wconf 86' lang='lat' dir='ltr'><strong>est</strong></span> 
     </span>
    </p>
   </div>
   <div class='ocr_carea' id='block_1_47' title="bbox 197 4543 1752 4624">
    <p class='ocr_par' dir='ltr' id='par_1_47' title="bbox 197 4543 1752 4624">
     <span class='ocr_line' id='line_1_47' title="bbox 197 4543 1752 4624; baseline -0.005 -20"><span class='ocrx_word' id='word_1_338' title='bbox 197 4551 268 4618; x_wconf 84' lang='lat' dir='ltr'><strong>qui</strong></span> <span class='ocrx_word' id='word_1_339' title='bbox 308 4551 532 4624; x_wconf 81' lang='lat' dir='ltr'><strong>ignoret)</strong></span> <span class='ocrx_word' id='word_1_340' title='bbox 561 4551 738 4621; x_wconf 84' lang='lat' dir='ltr'><strong>Epist.</strong></span> <span class='ocrx_word' id='word_1_341' title='bbox 776 4548 834 4603; x_wconf 84' lang='lat' dir='ltr'><strong>V.</strong></span> <span class='ocrx_word' id='word_1_342' title='bbox 865 4548 929 4602; x_wconf 89' lang='lat' dir='ltr'><strong>ad</strong></span> <span class='ocrx_word' id='word_1_343' title='bbox 959 4546 1291 4602; x_wconf 84' lang='lat' dir='ltr'><strong>Florentium</strong></span> <span class='ocrx_word' id='word_1_344' title='bbox 1347 4544 1602 4615; x_wconf 84' lang='lat' dir='ltr'><strong>prodidit.</strong></span> <span class='ocrx_word' id='word_1_345' title='bbox 1636 4543 1752 4598; x_wconf 76' lang='lat' dir='ltr'><strong>Ca:-</strong></span> 
     </span>
    </p>
   </div>
   <div class='ocr_carea' id='block_1_48' title="bbox 196 4637 1750 4709">
    <p class='ocr_par' dir='ltr' id='par_1_48' title="bbox 196 4637 1750 4709">
     <span class='ocr_line' id='line_1_48' title="bbox 196 4637 1750 4709; baseline -0.003 -14"><span class='ocrx_word' id='word_1_346' title='bbox 196 4651 345 4698; x_wconf 89' lang='lat' dir='ltr'><strong>terum</strong></span> <span class='ocrx_word' id='word_1_347' title='bbox 385 4646 549 4709; x_wconf 83' lang='lat' dir='ltr'><strong>vitam</strong></span> <span class='ocrx_word' id='word_1_348' title='bbox 601 4656 820 4699; x_wconf 91' lang='lat' dir='ltr'><strong>omnem</strong></span> <span class='ocrx_word' id='word_1_349' title='bbox 849 4642 922 4696; x_wconf 82' lang='lat' dir='ltr'><strong>ita</strong></span> <span class='ocrx_word' id='word_1_350' title='bbox 947 4642 1247 4694; x_wconf 80' lang='lat' dir='ltr'><strong>orationem</strong></span> <span class='ocrx_word' id='word_1_351' title='bbox 1293 4639 1432 4693; x_wconf 89' lang='lat' dir='ltr'><strong>inter</strong></span> <span class='ocrx_word' id='word_1_352' title='bbox 1471 4653 1533 4692; x_wconf 90' lang='lat' dir='ltr'><strong>ac</strong></span> <span class='ocrx_word' id='word_1_353' title='bbox 1563 4637 1750 4692; x_wconf 82' lang='lat' dir='ltr'><strong>lectio-</strong></span> 
     </span>
    </p>
   </div>
   <div class='ocr_carea' id='block_1_49' title="bbox 199 4729 1754 4806">
    <p class='ocr_par' dir='ltr' id='par_1_49' title="bbox 199 4729 1754 4806">
     <span class='ocr_line' id='line_1_49' title="bbox 199 4729 1754 4806; baseline -0.003 -20"><span class='ocrx_word' id='word_1_354' title='bbox 199 4748 299 4788; x_wconf 86' lang='lat' dir='ltr'><strong>nem</strong></span> <span class='ocrx_word' id='word_1_355' title='bbox 335 4737 686 4806; x_wconf 88' lang='lat' dir='ltr'><strong>partiebatur;</strong></span> <span class='ocrx_word' id='word_1_356' title='bbox 716 4742 775 4788; x_wconf 89' lang='lat' dir='ltr'><strong>ut</strong></span> <span class='ocrx_word' id='word_1_357' title='bbox 794 4748 915 4787; x_wconf 90' lang='lat' dir='ltr'><strong>cum</strong></span> <span class='ocrx_word' id='word_1_358' title='bbox 945 4733 1117 4788; x_wconf 80' lang='lat' dir='ltr'><strong>muttis</strong></span> <span class='ocrx_word' id='word_1_359' title='bbox 1137 4739 1297 4800; x_wconf 90' lang='lat' dir='ltr'><strong>atque</strong></span> <span class='ocrx_word' id='word_1_360' title='bbox 1333 4729 1549 4799; x_wconf 87' lang='lat' dir='ltr'><strong>cptimis</strong></span> <span class='ocrx_word' id='word_1_361' title='bbox 1595 4742 1754 4782; x_wconf 76' lang='lat' dir='ltr'><strong>sacra:</strong></span> 
     </span>
    </p>
   </div>
   <div class='ocr_carea' id='block_1_50' title="bbox 197 4821 1750 4887">
    <p class='ocr_par' dir='ltr' id='par_1_50' title="bbox 197 4821 1750 4887">
     <span class='ocr_line' id='line_1_50' title="bbox 197 4821 1750 4887; baseline -0.001 -13"><span class='ocrx_word' id='word_1_362' title='bbox 197 4821 490 4883; x_wconf 64' lang='lat' dir='ltr'><strong>Bibliotheca</strong></span> <span class='ocrx_word' id='word_1_363' title='bbox 514 4825 780 4882; x_wconf 82' lang='lat' dir='ltr'><strong>codicibus</strong></span> <span class='ocrx_word' id='word_1_364' title='bbox 806 4824 1104 4887; x_wconf 78' lang='lat' dir='ltr'><strong>abundaret,</strong></span> <span class='ocrx_word' id='word_1_365' title='bbox 1142 4821 1302 4878; x_wconf 87' lang='lat' dir='ltr'><strong>lectio</strong></span> <span class='ocrx_word' id='word_1_366' title='bbox 1327 4821 1626 4876; x_wconf 88' lang='lat' dir='ltr'><strong>orationem</strong></span> <span class='ocrx_word' id='word_1_367' title='bbox 1654 4834 1750 4876; x_wconf 82' lang='lat' dir='ltr'><strong>ex-</strong></span> 
     </span>
    </p>
   </div>
   <div class='ocr_carea' id='block_1_51' title="bbox 198 4919 1288 4988">
    <p class='ocr_par' dir='ltr' id='par_1_51' title="bbox 198 4919 1288 4988">
     <span class='ocr_line' id='line_1_51' title="bbox 198 4919 1288 4988; baseline -0.001 -17"><span class='ocrx_word' id='word_1_368' title='bbox 198 4919 391 4988; x_wconf 88' lang='lat' dir='ltr'><strong>ciperet,</strong></span> <span class='ocrx_word' id='word_1_369' title='bbox 418 4923 594 4977; x_wconf 87' lang='lat' dir='ltr'><strong>oratio</strong></span> <span class='ocrx_word' id='word_1_370' title='bbox 626 4919 909 4975; x_wconf 90' lang='lat' dir='ltr'><strong>lectionem</strong></span> <span class='ocrx_word' id='word_1_371' title='bbox 941 4923 1288 4974; x_wconf 84' lang='lat' dir='ltr'><strong>sustentaret.</strong></span> 
     </span>
    </p>
   </div>
   <div class='ocr_carea' id='block_1_52' title="bbox 252 5006 1753 5084">
    <p class='ocr_par' dir='ltr' id='par_1_52' title="bbox 252 5006 1753 5084">
     <span class='ocr_line' id='line_1_52' title="bbox 252 5006 1753 5084; baseline -0.003 -18"><span class='ocrx_word' id='word_1_372' title='bbox 252 5011 305 5066; x_wconf 93' lang='lat' dir='ltr'><strong>ll.</strong></span> <span class='ocrx_word' id='word_1_373' title='bbox 343 5014 443 5070; x_wconf 83' lang='lat' dir='ltr'><strong>Ad.</strong></span> <span class='ocrx_word' id='word_1_374' title='bbox 473 5015 875 5084; x_wconf 88' lang='lat' dir='ltr'><strong>Scripturarum</strong></span> <span class='ocrx_word' id='word_1_375' title='bbox 907 5010 1136 5065; x_wconf 76' lang='lat' dir='ltr'><strong>maxime</strong></span> <span class='ocrx_word' id='word_1_376' title='bbox 1166 5007 1587 5077; x_wconf 76' lang='lat' dir='ltr'><strong>intelligentiam,</strong></span> <span class='ocrx_word' id='word_1_377' title='bbox 1615 5006 1753 5061; x_wconf 90' lang='lat' dir='ltr'><strong>divi-</strong></span> 
     </span>
    </p>
   </div>
   <div class='ocr_carea' id='block_1_53' title="bbox 198 5101 1751 5178">
    <p class='ocr_par' dir='ltr' id='par_1_53' title="bbox 198 5101 1751 5178">
     <span class='ocr_line' id='line_1_53' title="bbox 198 5101 1751 5178; baseline -0.001 -22"><span class='ocrx_word' id='word_1_378' title='bbox 198 5118 465 5178; x_wconf 85' lang='lat' dir='ltr'><strong>narumque</strong></span> <span class='ocrx_word' id='word_1_379' title='bbox 479 5122 664 5164; x_wconf 90' lang='lat' dir='ltr'><strong>rerum</strong></span> <span class='ocrx_word' id='word_1_380' title='bbox 684 5104 1184 5176; x_wconf 86' lang='lat' dir='ltr'><strong>pervcstigatiouem</strong></span> <span class='ocrx_word' id='word_1_381' title='bbox 1204 5103 1438 5156; x_wconf 86' lang='lat' dir='ltr'><strong>animum</strong></span> <span class='ocrx_word' id='word_1_382' title='bbox 1461 5101 1523 5154; x_wconf 86' lang='lat' dir='ltr'><strong>ad</strong></span> <span class='ocrx_word' id='word_1_383' title='bbox 1528 5101 1751 5170; x_wconf 83' lang='lat' dir='ltr'><strong>jcccrat,</strong></span> 
     </span>
    </p>
   </div>
   <div class='ocr_carea' id='block_1_54' title="bbox 197 5191 1753 5270">
    <p class='ocr_par' dir='ltr' id='par_1_54' title="bbox 197 5191 1753 5270">
     <span class='ocr_line' id='line_1_54' title="bbox 197 5191 1753 5270; baseline -0.004 -17"><span class='ocrx_word' id='word_1_384' title='bbox 197 5196 240 5249; x_wconf 86' lang='lat' dir='ltr'><strong>in</strong></span> <span class='ocrx_word' id='word_1_385' title='bbox 275 5213 436 5270; x_wconf 88' lang='lat' dir='ltr'><strong>eoque</strong></span> <span class='ocrx_word' id='word_1_386' title='bbox 478 5215 540 5256; x_wconf 88' lang='lat' dir='ltr'><strong>se</strong></span> <span class='ocrx_word' id='word_1_387' title='bbox 570 5197 754 5253; x_wconf 91' lang='lat' dir='ltr'><strong>studio</strong></span> <span class='ocrx_word' id='word_1_388' title='bbox 776 5193 1097 5266; x_wconf 77' lang='lat' dir='ltr'><strong>quotidianis</strong></span> <span class='ocrx_word' id='word_1_389' title='bbox 1141 5191 1629 5257; x_wconf 82' lang='lat' dir='ltr'><strong>exercitationibus,</strong></span> <span class='ocrx_word' id='word_1_390' title='bbox 1659 5206 1753 5246; x_wconf 89' lang='lat' dir='ltr'><strong>su-</strong></span> 
     </span>
    </p>
   </div>
   <div class='ocr_carea' id='block_1_55' title="bbox 199 5281 1754 5360">
    <p class='ocr_par' dir='ltr' id='par_1_55' title="bbox 199 5281 1754 5360">
     <span class='ocr_line' id='line_1_55' title="bbox 199 5281 1754 5360; baseline -0.003 -18"><span class='ocrx_word' id='word_1_391' title='bbox 199 5300 280 5354; x_wconf 85' lang='lat' dir='ltr'><strong>pra</strong></span> <span class='ocrx_word' id='word_1_392' title='bbox 313 5306 465 5360; x_wconf 88' lang='lat' dir='ltr'><strong>quam</strong></span> <span class='ocrx_word' id='word_1_393' title='bbox 509 5290 620 5346; x_wconf 90' lang='lat' dir='ltr'><strong>dici</strong></span> <span class='ocrx_word' id='word_1_394' title='bbox 665 5295 862 5356; x_wconf 85' lang='lat' dir='ltr'><strong>queat,</strong></span> <span class='ocrx_word' id='word_1_395' title='bbox 891 5283 1300 5354; x_wconf 85' lang='lat' dir='ltr'><strong>diligentissime</strong></span> <span class='ocrx_word' id='word_1_396' title='bbox 1323 5282 1617 5353; x_wconf 78' lang='lat' dir='ltr'><strong>subigebat.</strong></span> <span class='ocrx_word' id='word_1_397' title='bbox 1650 5281 1754 5338; x_wconf 88' lang='lat' dir='ltr'><strong>Sed</strong></span> 
     </span>
    </p>
   </div>
   <div class='ocr_carea' id='block_1_56' title="bbox 200 5373 1754 5451">
    <p class='ocr_par' dir='ltr' id='par_1_56' title="bbox 200 5373 1754 5451">
     <span class='ocr_line' id='line_1_56' title="bbox 200 5373 1754 5451; baseline -0.001 -21"><span class='ocrx_word' id='word_1_398' title='bbox 200 5390 300 5434; x_wconf 88' lang='lat' dir='ltr'><strong>cum</strong></span> <span class='ocrx_word' id='word_1_399' title='bbox 326 5396 540 5451; x_wconf 89' lang='lat' dir='ltr'><strong>operam</strong></span> <span class='ocrx_word' id='word_1_400' title='bbox 571 5394 726 5435; x_wconf 86' lang='lat' dir='ltr'><strong>suam</strong></span> <span class='ocrx_word' id='word_1_401' title='bbox 757 5377 957 5448; x_wconf 85' lang='lat' dir='ltr'><strong>absque</strong></span> <span class='ocrx_word' id='word_1_402' title='bbox 1005 5375 1276 5431; x_wconf 85' lang='lat' dir='ltr'><strong>Hebraiea:</strong></span> <span class='ocrx_word' id='word_1_403' title='bbox 1323 5375 1516 5444; x_wconf 82' lang='lat' dir='ltr'><strong>lingua:</strong></span> <span class='ocrx_word' id='word_1_404' title='bbox 1569 5373 1754 5428; x_wconf 86' lang='lat' dir='ltr'><strong>notitia</strong></span> 
     </span>
    </p>
   </div>
   <div class='ocr_carea' id='block_1_57' title="bbox 201 5462 1756 5536">
    <p class='ocr_par' dir='ltr' id='par_1_57' title="bbox 201 5462 1756 5536">
     <span class='ocr_line' id='line_1_57' title="bbox 201 5462 1756 5536; baseline -0.001 -16"><span class='ocrx_word' id='word_1_405' title='bbox 201 5467 352 5526; x_wconf 86' lang='lat' dir='ltr'><strong>minus</strong></span> <span class='ocrx_word' id='word_1_406' title='bbox 378 5473 578 5527; x_wconf 88' lang='lat' dir='ltr'><strong>utiliter</strong></span> <span class='ocrx_word' id='word_1_407' title='bbox 605 5469 850 5525; x_wconf 85' lang='lat' dir='ltr'><strong>consumi</strong></span> <span class='ocrx_word' id='word_1_408' title='bbox 894 5466 1248 5536; x_wconf 77' lang='lat' dir='ltr'><strong>intelligeret,</strong></span> <span class='ocrx_word' id='word_1_409' title='bbox 1295 5464 1458 5520; x_wconf 87' lang='lat' dir='ltr'><strong>vellet</strong></span> <span class='ocrx_word' id='word_1_410' title='bbox 1497 5462 1657 5519; x_wconf 88' lang='lat' dir='ltr'><strong>etiam</strong></span> <span class='ocrx_word' id='word_1_411' title='bbox 1688 5463 1756 5518; x_wconf 88' lang='lat' dir='ltr'><strong>ad</strong></span> 
     </span>
    </p>
   </div>
   <div class='ocr_carea' id='block_1_58' title="bbox 201 5555 1756 5633">
    <p class='ocr_par' dir='ltr' id='par_1_58' title="bbox 201 5555 1756 5633">
     <span class='ocr_line' id='line_1_58' title="bbox 201 5555 1756 5633; baseline -0.002 -19"><span class='ocrx_word' id='word_1_412' title='bbox 201 5564 592 5633; x_wconf 83' lang='lat' dir='ltr'><strong>compescendos</strong></span> <span class='ocrx_word' id='word_1_413' title='bbox 616 5563 671 5617; x_wconf 91' lang='lat' dir='ltr'><strong>in</strong></span> <span class='ocrx_word' id='word_1_414' title='bbox 709 5561 822 5616; x_wconf 91' lang='lat' dir='ltr'><strong>dies</strong></span> <span class='ocrx_word' id='word_1_415' title='bbox 849 5559 1014 5630; x_wconf 83' lang='lat' dir='ltr'><strong>magis</strong></span> <span class='ocrx_word' id='word_1_416' title='bbox 1039 5556 1218 5613; x_wconf 87' lang='lat' dir='ltr'><strong>carnis</strong></span> <span class='ocrx_word' id='word_1_417' title='bbox 1246 5564 1424 5612; x_wconf 88' lang='lat' dir='ltr'><strong>motus</strong></span> <span class='ocrx_word' id='word_1_418' title='bbox 1447 5596 1462 5620; x_wconf 89' lang='lat'><strong>,</strong></span> <span class='ocrx_word' id='word_1_419' title='bbox 1493 5570 1630 5610; x_wconf 92' lang='lat' dir='ltr'><strong>novo</strong></span> <span class='ocrx_word' id='word_1_420' title='bbox 1659 5555 1756 5611; x_wconf 87' lang='lat' dir='ltr'><strong>ali-</strong></span> 
     </span>
    </p>
   </div>
   <div class='ocr_carea' id='block_1_59' title="bbox 203 5647 1755 5719">
    <p class='ocr_par' dir='ltr' id='par_1_59' title="bbox 203 5647 1755 5719">
     <span class='ocr_line' id='line_1_59' title="bbox 203 5647 1755 5719; baseline -0.004 -11"><span class='ocrx_word' id='word_1_421' title='bbox 203 5665 291 5719; x_wconf 80' lang='lat' dir='ltr'><strong>quo</strong></span> <span class='ocrx_word' id='word_1_422' title='bbox 309 5663 570 5712; x_wconf 89' lang='lat' dir='ltr'><strong>tormento</strong></span> <span class='ocrx_word' id='word_1_423' title='bbox 588 5654 685 5719; x_wconf 90' lang='lat' dir='ltr'><strong>uti,</strong></span> <span class='ocrx_word' id='word_1_424' title='bbox 705 5652 828 5707; x_wconf 92' lang='lat' dir='ltr'><strong>huic</strong></span> <span class='ocrx_word' id='word_1_425' title='bbox 845 5665 906 5707; x_wconf 86' lang='lat' dir='ltr'><strong>se</strong></span> <span class='ocrx_word' id='word_1_426' title='bbox 921 5649 1120 5712; x_wconf 90' lang='lat' dir='ltr'><strong>studio,</strong></span> <span class='ocrx_word' id='word_1_427' title='bbox 1139 5647 1254 5703; x_wconf 86' lang='lat' dir='ltr'><strong>sive</strong></span> <span class='ocrx_word' id='word_1_428' title='bbox 1272 5656 1328 5701; x_wconf 95' lang='lat' dir='ltr'><strong>ut</strong></span> <span class='ocrx_word' id='word_1_429' title='bbox 1343 5655 1498 5702; x_wconf 88' lang='lat' dir='ltr'><strong>vocat</strong></span> <span class='ocrx_word' id='word_1_430' title='bbox 1520 5647 1652 5716; x_wconf 89' lang='lat' dir='ltr'><strong>ipse,</strong></span> <span class='ocrx_word' id='word_1_431' title='bbox 1676 5647 1755 5716; x_wconf 87' lang='lat' dir='ltr'><strong>pi-</strong></span> 
     </span>
    </p>
   </div>
   <div class='ocr_carea' id='block_1_60' title="bbox 203 5737 1750 5809">
    <p class='ocr_par' dir='ltr' id='par_1_60' title="bbox 203 5737 1750 5809">
     <span class='ocr_line' id='line_1_60' title="bbox 203 5737 1750 5809; baseline -0.001 -16"><span class='ocrx_word' id='word_1_432' title='bbox 203 5745 346 5799; x_wconf 82' lang='lat' dir='ltr'><strong>strino</strong></span> <span class='ocrx_word' id='word_1_433' title='bbox 361 5745 732 5802; x_wconf 83' lang='lat' dir='ltr'><strong>addixit.Facti</strong></span> <span class='ocrx_word' id='word_1_434' title='bbox 753 5742 1030 5798; x_wconf 89' lang='lat' dir='ltr'><strong>historiam</strong></span> <span class='ocrx_word' id='word_1_435' title='bbox 1044 5749 1225 5795; x_wconf 89' lang='lat' dir='ltr'><strong>narrat</strong></span> <span class='ocrx_word' id='word_1_436' title='bbox 1242 5739 1352 5808; x_wconf 87' lang='lat' dir='ltr'><strong>ipse</strong></span> <span class='ocrx_word' id='word_1_437' title='bbox 1367 5737 1750 5809; x_wconf 77' lang='lat' dir='ltr'><strong>Epist.CXXV.</strong></span> 
     </span>
    </p>
   </div>
   <div class='ocr_carea' id='block_1_61' title="bbox 205 5829 1754 5910">
    <p class='ocr_par' dir='ltr' id='par_1_61' title="bbox 205 5829 1754 5910">
     <span class='ocr_line' id='line_1_61' title="bbox 205 5829 1754 5910; baseline -0.003 -24"><span class='ocrx_word' id='word_1_438' title='bbox 205 5835 258 5888; x_wconf 65' lang='lat' dir='ltr'><strong>ait</strong></span> <span class='ocrx_word' id='word_1_439' title='bbox 283 5837 566 5895; x_wconf 75' lang='lat' dir='ltr'><strong>Rusticum.</strong></span> <span class='ocrx_word' id='word_1_440' title='bbox 598 5837 945 5910; x_wconf 27' lang='lat' dir='ltr'><strong>Dtimoessem,</strong></span> <span class='ocrx_word' id='word_1_441' title='bbox 981 5831 1169 5902; x_wconf 88' lang='lat' dir='ltr'><strong>inquit,</strong></span> <span class='ocrx_word' id='word_1_442' title='bbox 1193 5831 1415 5901; x_wconf 81' lang='lat' dir='ltr'><strong>juvenis,</strong></span> <span class='ocrx_word' id='word_1_443' title='bbox 1447 5840 1495 5883; x_wconf 90' lang='lat' dir='ltr'><strong>et</strong></span> <span class='ocrx_word' id='word_1_444' title='bbox 1524 5829 1754 5884; x_wconf 84' lang='lat' dir='ltr'><strong>solitudi-</strong></span> 
     </span>
    </p>
   </div>
   <div class='ocr_carea' id='block_1_62' title="bbox 1892 501 3470 576">
    <p class='ocr_par' dir='ltr' id='par_1_62' title="bbox 1892 501 3470 576">
     <span class='ocr_line' id='line_1_62' title="bbox 1892 501 3470 576; baseline 0.01 -23"><span class='ocrx_word' id='word_1_445' title='bbox 1892 501 1969 554; x_wconf 85' lang='lat' dir='ltr'><strong>nis</strong></span> <span class='ocrx_word' id='word_1_446' title='bbox 2003 517 2082 554; x_wconf 89' lang='lat' dir='ltr'><strong>me</strong></span> <span class='ocrx_word' id='word_1_447' title='bbox 2124 501 2321 556; x_wconf 85' lang='lat' dir='ltr'><strong>deserta</strong></span> <span class='ocrx_word' id='word_1_448' title='bbox 2347 501 2611 571; x_wconf 81' lang='lat' dir='ltr'><strong>vallarent,</strong></span> <span class='ocrx_word' id='word_1_449' title='bbox 2640 505 2886 562; x_wconf 81' lang='lat' dir='ltr'><strong>incentiva</strong></span> <span class='ocrx_word' id='word_1_450' title='bbox 2914 509 3144 564; x_wconf 83' lang='lat' dir='ltr'><strong>vitiorum</strong></span> <span class='ocrx_word' id='word_1_451' title='bbox 3162 551 3176 576; x_wconf 90' lang='lat'><strong>,</strong></span> <span class='ocrx_word' id='word_1_452' title='bbox 3205 513 3470 568; x_wconf 58' lang='lat' dir='ltr'><strong>ardorenu</strong></span> 
     </span>
    </p>
   </div>
   <div class='ocr_carea' id='block_1_63' title="bbox 1889 593 3470 676">
    <p class='ocr_par' dir='ltr' id='par_1_63' title="bbox 1889 593 3470 676">
     <span class='ocr_line' id='line_1_63' title="bbox 1889 593 3470 676; baseline 0.011 -34"><span class='ocrx_word' id='word_1_453' title='bbox 1889 608 1984 661; x_wconf 84' lang='lat' dir='ltr'><strong>que</strong></span> <span class='ocrx_word' id='word_1_454' title='bbox 2010 601 2208 646; x_wconf 72' lang='lat' dir='ltr'><strong>natura:</strong></span> <span class='ocrx_word' id='word_1_455' title='bbox 2253 593 2385 663; x_wconf 77' lang='lat' dir='ltr'><strong>ferre</strong></span> <span class='ocrx_word' id='word_1_456' title='bbox 2412 611 2510 648; x_wconf 88' lang='lat' dir='ltr'><strong>non</strong></span> <span class='ocrx_word' id='word_1_457' title='bbox 2537 605 2763 666; x_wconf 82' lang='lat' dir='ltr'><strong>poterant</strong></span> <span class='ocrx_word' id='word_1_458' title='bbox 2797 614 2816 652; x_wconf 92' lang='lat'><strong><em>:</em></strong></span> <span class='ocrx_word' id='word_1_459' title='bbox 2856 615 3001 668; x_wconf 86' lang='lat' dir='ltr'><strong>quem</strong></span> <span class='ocrx_word' id='word_1_460' title='bbox 3031 618 3142 654; x_wconf 86' lang='lat' dir='ltr'><strong>cum</strong></span> <span class='ocrx_word' id='word_1_461' title='bbox 3173 603 3356 658; x_wconf 88' lang='lat' dir='ltr'><strong>crebris</strong></span> <span class='ocrx_word' id='word_1_462' title='bbox 3391 607 3470 676; x_wconf 73' lang='lat' dir='ltr'><strong>je-</strong></span> 
     </span>
    </p>
   </div>
   <div class='ocr_carea' id='block_1_64' title="bbox 1879 683 3466 759">
    <p class='ocr_par' dir='ltr' id='par_1_64' title="bbox 1879 683 3466 759">
     <span class='ocr_line' id='line_1_64' title="bbox 1879 683 3466 759; baseline 0.012 -27"><span class='ocrx_word' id='word_1_463' title='bbox 1879 683 2040 750; x_wconf 82' lang='lat' dir='ltr'><strong>jtmiis</strong></span> <span class='ocrx_word' id='word_1_464' title='bbox 2066 687 2372 755; x_wconf 80' lang='lat' dir='ltr'><strong>frangerem,</strong></span> <span class='ocrx_word' id='word_1_465' title='bbox 2411 704 2549 741; x_wconf 86' lang='lat' dir='ltr'><strong>mens</strong></span> <span class='ocrx_word' id='word_1_466' title='bbox 2570 698 2736 742; x_wconf 86' lang='lat' dir='ltr'><strong>tamen</strong></span> <span class='ocrx_word' id='word_1_467' title='bbox 2758 691 3146 759; x_wconf 82' lang='lat' dir='ltr'><strong>cogitationibus</strong></span> <span class='ocrx_word' id='word_1_468' title='bbox 3174 697 3419 751; x_wconf 67' lang='lat' dir='ltr'><strong>tustttabat</strong></span> <span class='ocrx_word' id='word_1_469' title='bbox 3446 712 3466 752; x_wconf 91' lang='lat'><strong><em>:</em></strong></span> 
     </span>
    </p>
   </div>
   <div class='ocr_carea' id='block_1_65' title="bbox 1886 776 3476 853">
    <p class='ocr_par' dir='ltr' id='par_1_65' title="bbox 1886 776 3476 853">
     <span class='ocr_line' id='line_1_65' title="bbox 1886 776 3476 853; baseline 0.01 -26"><span class='ocrx_word' id='word_1_470' title='bbox 1886 776 1952 827; x_wconf 88' lang='lat' dir='ltr'><strong>ad</strong></span> <span class='ocrx_word' id='word_1_471' title='bbox 1981 793 2132 845; x_wconf 85' lang='lat' dir='ltr'><strong>quam</strong></span> <span class='ocrx_word' id='word_1_472' title='bbox 2184 779 2519 832; x_wconf 83' lang='lat' dir='ltr'><strong>edomandam</strong></span> <span class='ocrx_word' id='word_1_473' title='bbox 2562 781 2770 834; x_wconf 83' lang='lat' dir='ltr'><strong>cuidam</strong></span> <span class='ocrx_word' id='word_1_474' title='bbox 2815 781 3004 848; x_wconf 80' lang='lat' dir='ltr'><strong>Fratri,</strong></span> <span class='ocrx_word' id='word_1_475' title='bbox 3036 785 3122 853; x_wconf 89' lang='lat' dir='ltr'><strong>qui</strong></span> <span class='ocrx_word' id='word_1_476' title='bbox 3147 802 3210 838; x_wconf 75' lang='lat' dir='ltr'><strong>ea:</strong></span> <span class='ocrx_word' id='word_1_477' title='bbox 3237 786 3476 843; x_wconf 70' lang='grc' dir='ltr'><em>Πρόνωῆ</em></span> 
     </span>
    </p>
   </div>
   <div class='ocr_carea' id='block_1_66' title="bbox 1884 869 3468 946">
    <p class='ocr_par' dir='ltr' id='par_1_66' title="bbox 1884 869 3468 946">
     <span class='ocr_line' id='line_1_66' title="bbox 1884 869 3468 946; baseline 0.009 -26"><span class='ocrx_word' id='word_1_478' title='bbox 1884 869 2188 932; x_wconf 84' lang='lat' dir='ltr'><strong>crediderat,</strong></span> <span class='ocrx_word' id='word_1_479' title='bbox 2217 887 2298 925; x_wconf 87' lang='lat' dir='ltr'><strong>me</strong></span> <span class='ocrx_word' id='word_1_480' title='bbox 2325 872 2376 924; x_wconf 89' lang='lat' dir='ltr'><strong>in</strong></span> <span class='ocrx_word' id='word_1_481' title='bbox 2407 871 2729 942; x_wconf 81' lang='lat' dir='ltr'><strong>disciplinam</strong></span> <span class='ocrx_word' id='word_1_482' title='bbox 2759 873 2897 940; x_wconf 87' lang='lat' dir='ltr'><strong>dedi,</strong></span> <span class='ocrx_word' id='word_1_483' title='bbox 2936 885 2990 928; x_wconf 85' lang='lat' dir='ltr'><strong>ut</strong></span> <span class='ocrx_word' id='word_1_484' title='bbox 3018 887 3128 946; x_wconf 86' lang='lat' dir='ltr'><strong>post</strong></span> <span class='ocrx_word' id='word_1_485' title='bbox 3163 877 3468 942; x_wconf 81' lang='lat' dir='ltr'><strong>Quintiliani</strong></span> 
     </span>
    </p>
   </div>
   <div class='ocr_carea' id='block_1_67' title="bbox 1884 961 3468 1037">
    <p class='ocr_par' dir='ltr' id='par_1_67' title="bbox 1884 961 3468 1037">
     <span class='ocr_line' id='line_1_67' title="bbox 1884 961 3468 1037; baseline 0.008 -24"><span class='ocrx_word' id='word_1_486' title='bbox 1884 963 2142 1027; x_wconf 86' lang='lat' dir='ltr'><strong>acumina,</strong></span> <span class='ocrx_word' id='word_1_487' title='bbox 2172 961 2429 1018; x_wconf 83' lang='lat' dir='ltr'><strong>Ciceronis</strong></span> <span class='ocrx_word' id='word_1_488' title='bbox 2446 966 2647 1035; x_wconf 79' lang='lat' dir='ltr'><strong>ﬂuvios,</strong></span> <span class='ocrx_word' id='word_1_489' title='bbox 2677 967 3066 1037; x_wconf 84' lang='lat' dir='ltr'><strong>gravitatemque</strong></span> <span class='ocrx_word' id='word_1_490' title='bbox 3093 966 3393 1036; x_wconf 84' lang='lat' dir='ltr'><strong>Frontonis,</strong></span> <span class='ocrx_word' id='word_1_491' title='bbox 3419 980 3468 1025; x_wconf 79' lang='lat' dir='ltr'><strong>et</strong></span> 
     </span>
    </p>
   </div>
   <div class='ocr_carea' id='block_1_68' title="bbox 1885 1054 3466 1126">
    <p class='ocr_par' dir='ltr' id='par_1_68' title="bbox 1885 1054 3466 1126">
     <span class='ocr_line' id='line_1_68' title="bbox 1885 1054 3466 1126; baseline 0.005 -18"><span class='ocrx_word' id='word_1_492' title='bbox 1885 1054 2139 1111; x_wconf 71' lang='lat' dir='ltr'><strong>(caritatem</strong></span> <span class='ocrx_word' id='word_1_493' title='bbox 2171 1055 2352 1124; x_wconf 86' lang='lat' dir='ltr'><strong>Plinii,</strong></span> <span class='ocrx_word' id='word_1_494' title='bbox 2383 1057 2707 1126; x_wconf 81' lang='lat' dir='ltr'><strong>alphabetum</strong></span> <span class='ocrx_word' id='word_1_495' title='bbox 2722 1059 2985 1125; x_wconf 80' lang='lat' dir='ltr'><strong>discerem,</strong></span> <span class='ocrx_word' id='word_1_496' title='bbox 3016 1069 3060 1113; x_wconf 89' lang='lat' dir='ltr'><strong>et</strong></span> <span class='ocrx_word' id='word_1_497' title='bbox 3088 1061 3352 1115; x_wconf 84' lang='lat' dir='ltr'><strong>stridentia</strong></span> <span class='ocrx_word' id='word_1_498' title='bbox 3371 1080 3466 1116; x_wconf 51' lang='lat' dir='ltr'><strong>and:</strong></span> 
     </span>
    </p>
   </div>
   <div class='ocr_carea' id='block_1_69' title="bbox 1883 1146 3462 1216">
    <p class='ocr_par' dir='ltr' id='par_1_69' title="bbox 1883 1146 3462 1216">
     <span class='ocr_line' id='line_1_69' title="bbox 1883 1146 3462 1216; baseline 0.004 -18"><span class='ocrx_word' id='word_1_499' title='bbox 1883 1146 2203 1216; x_wconf 83' lang='lat' dir='ltr'><strong>helantiaque</strong></span> <span class='ocrx_word' id='word_1_500' title='bbox 2231 1147 2379 1201; x_wconf 86' lang='lat' dir='ltr'><strong>verba</strong></span> <span class='ocrx_word' id='word_1_501' title='bbox 2426 1149 2713 1202; x_wconf 82' lang='lat' dir='ltr'><strong>meditarer.</strong></span> <span class='ocrx_word' id='word_1_502' title='bbox 2769 1147 2906 1215; x_wconf 83' lang='lat' dir='ltr'><strong>Quid</strong></span> <span class='ocrx_word' id='word_1_503' title='bbox 2945 1149 3012 1202; x_wconf 90' lang='lat' dir='ltr'><strong>ibi</strong></span> <span class='ocrx_word' id='word_1_504' title='bbox 3051 1149 3238 1204; x_wconf 80' lang='lat' dir='ltr'><strong>laboris</strong></span> <span class='ocrx_word' id='word_1_505' title='bbox 3266 1152 3462 1205; x_wconf 82' lang='lat' dir='ltr'><strong>insunt-</strong></span> 
     </span>
    </p>
   </div>
   <div class='ocr_carea' id='block_1_70' title="bbox 1882 1238 3463 1310">
    <p class='ocr_par' dir='ltr' id='par_1_70' title="bbox 1882 1238 3463 1310">
     <span class='ocr_line' id='line_1_70' title="bbox 1882 1238 3463 1310; baseline 0.004 -20"><span class='ocrx_word' id='word_1_506' title='bbox 1882 1239 2085 1306; x_wconf 86' lang='lat' dir='ltr'><strong>pserim,</strong></span> <span class='ocrx_word' id='word_1_507' title='bbox 2110 1238 2232 1306; x_wconf 83' lang='lat' dir='ltr'><strong>quid</strong></span> <span class='ocrx_word' id='word_1_508' title='bbox 2256 1239 2577 1292; x_wconf 87' lang='lat' dir='ltr'><strong>sustinuerim</strong></span> <span class='ocrx_word' id='word_1_509' title='bbox 2605 1239 2926 1309; x_wconf 66' lang='lat' dir='ltr'><strong>diﬁicultatis,</strong></span> <span class='ocrx_word' id='word_1_510' title='bbox 2953 1241 3142 1309; x_wconf 83' lang='lat' dir='ltr'><strong>quoties</strong></span> <span class='ocrx_word' id='word_1_511' title='bbox 3171 1241 3463 1310; x_wconf 41' lang='lat' dir='ltr'><strong>desperauee</strong></span> 
     </span>
    </p>
   </div>
   <div class='ocr_carea' id='block_1_71' title="bbox 1879 1330 3460 1400">
    <p class='ocr_par' dir='ltr' id='par_1_71' title="bbox 1879 1330 3460 1400">
     <span class='ocr_line' id='line_1_71' title="bbox 1879 1330 3460 1400; baseline 0.005 -20"><span class='ocrx_word' id='word_1_512' title='bbox 1879 1331 1995 1394; x_wconf 87' lang='lat' dir='ltr'><strong>rim,</strong></span> <span class='ocrx_word' id='word_1_513' title='bbox 2024 1330 2312 1398; x_wconf 83' lang='lat' dir='ltr'><strong>quotiesque</strong></span> <span class='ocrx_word' id='word_1_514' title='bbox 2339 1333 2649 1398; x_wconf 79' lang='lat' dir='ltr'><strong>cessaverim,</strong></span> <span class='ocrx_word' id='word_1_515' title='bbox 2673 1342 2719 1384; x_wconf 88' lang='lat' dir='ltr'><strong>et</strong></span> <span class='ocrx_word' id='word_1_516' title='bbox 2745 1333 3058 1387; x_wconf 83' lang='lat' dir='ltr'><strong>contentione</strong></span> <span class='ocrx_word' id='word_1_517' title='bbox 3073 1333 3317 1400; x_wconf 85' lang='lat' dir='ltr'><strong>discendi,</strong></span> <span class='ocrx_word' id='word_1_518' title='bbox 3340 1351 3460 1388; x_wconf 88' lang='lat' dir='ltr'><strong>rur-</strong></span> 
     </span>
    </p>
   </div>
   <div class='ocr_carea' id='block_1_72' title="bbox 1878 1423 3462 1496">
    <p class='ocr_par' dir='ltr' id='par_1_72' title="bbox 1878 1423 3462 1496">
     <span class='ocr_line' id='line_1_72' title="bbox 1878 1423 3462 1496; baseline 0.002 -19"><span class='ocrx_word' id='word_1_519' title='bbox 1878 1439 1964 1477; x_wconf 74' lang='lat' dir='ltr'><strong>sus</strong></span> <span class='ocrx_word' id='word_1_520' title='bbox 1990 1423 2277 1492; x_wconf 83' lang='lat' dir='ltr'><strong>inceperim,</strong></span> <span class='ocrx_word' id='word_1_521' title='bbox 2302 1426 2438 1478; x_wconf 89' lang='lat' dir='ltr'><strong>testis</strong></span> <span class='ocrx_word' id='word_1_522' title='bbox 2468 1435 2538 1477; x_wconf 87' lang='lat' dir='ltr'><strong>est</strong></span> <span class='ocrx_word' id='word_1_523' title='bbox 2563 1426 2864 1478; x_wconf 89' lang='lat' dir='ltr'><strong>conscientia</strong></span> <span class='ocrx_word' id='word_1_524' title='bbox 2894 1436 2995 1479; x_wconf 89' lang='lat' dir='ltr'><strong>tam</strong></span> <span class='ocrx_word' id='word_1_525' title='bbox 3017 1442 3143 1491; x_wconf 85' lang='lat' dir='ltr'><strong>mea,</strong></span> <span class='ocrx_word' id='word_1_526' title='bbox 3168 1427 3252 1496; x_wconf 88' lang='lat' dir='ltr'><strong>qui</strong></span> <span class='ocrx_word' id='word_1_527' title='bbox 3283 1437 3462 1496; x_wconf 76' lang='lat' dir='ltr'><strong>passus</strong></span> 
     </span>
    </p>
   </div>
   <div class='ocr_carea' id='block_1_73' title="bbox 1877 1515 3458 1586">
    <p class='ocr_par' dir='ltr' id='par_1_73' title="bbox 1877 1515 3458 1586">
     <span class='ocr_line' id='line_1_73' title="bbox 1877 1515 3458 1586; baseline 0.001 -18"><span class='ocrx_word' id='word_1_528' title='bbox 1877 1531 2004 1578; x_wconf 86' lang='lat' dir='ltr'><strong>sum,</strong></span> <span class='ocrx_word' id='word_1_529' title='bbox 2035 1532 2184 1584; x_wconf 87' lang='lat' dir='ltr'><strong>quam</strong></span> <span class='ocrx_word' id='word_1_530' title='bbox 2209 1531 2402 1580; x_wconf 87' lang='lat' dir='ltr'><strong>eorum,</strong></span> <span class='ocrx_word' id='word_1_531' title='bbox 2433 1516 2518 1586; x_wconf 91' lang='lat' dir='ltr'><strong>qui</strong></span> <span class='ocrx_word' id='word_1_532' title='bbox 2539 1531 2730 1569; x_wconf 89' lang='lat' dir='ltr'><strong>mecum</strong></span> <span class='ocrx_word' id='word_1_533' title='bbox 2771 1515 3022 1570; x_wconf 75' lang='lat' dir='ltr'><strong>duxerunt</strong></span> <span class='ocrx_word' id='word_1_534' title='bbox 3050 1517 3234 1583; x_wconf 84' lang='lat' dir='ltr'><strong>vitam;</strong></span> <span class='ocrx_word' id='word_1_535' title='bbox 3262 1525 3309 1570; x_wconf 87' lang='lat' dir='ltr'><strong>et</strong></span> <span class='ocrx_word' id='word_1_536' title='bbox 3337 1533 3458 1586; x_wconf 85' lang='lat' dir='ltr'><strong>gra-</strong></span> 
     </span>
    </p>
   </div>
   <div class='ocr_carea' id='block_1_74' title="bbox 1877 1607 3458 1679">
    <p class='ocr_par' dir='ltr' id='par_1_74' title="bbox 1877 1607 3458 1679">
     <span class='ocr_line' id='line_1_74' title="bbox 1877 1607 3458 1679; baseline 0.003 -20"><span class='ocrx_word' id='word_1_537' title='bbox 1877 1607 1972 1661; x_wconf 87' lang='lat' dir='ltr'><strong>tias</strong></span> <span class='ocrx_word' id='word_1_538' title='bbox 1991 1625 2084 1678; x_wconf 86' lang='lat' dir='ltr'><strong>ago</strong></span> <span class='ocrx_word' id='word_1_539' title='bbox 2106 1607 2341 1670; x_wconf 88' lang='lat' dir='ltr'><strong>Domino,</strong></span> <span class='ocrx_word' id='word_1_540' title='bbox 2356 1609 2490 1679; x_wconf 87' lang='lat' dir='ltr'><strong>quod</strong></span> <span class='ocrx_word' id='word_1_541' title='bbox 2511 1609 2573 1662; x_wconf 92' lang='lat' dir='ltr'><strong>de</strong></span> <span class='ocrx_word' id='word_1_542' title='bbox 2584 1625 2756 1663; x_wconf 89' lang='lat' dir='ltr'><strong>amaro</strong></span> <span class='ocrx_word' id='word_1_543' title='bbox 2777 1611 2963 1662; x_wconf 86' lang='lat' dir='ltr'><strong>semine</strong></span> <span class='ocrx_word' id='word_1_544' title='bbox 2984 1609 3263 1662; x_wconf 87' lang='lat' dir='ltr'><strong>litterarum</strong></span> <span class='ocrx_word' id='word_1_545' title='bbox 3285 1609 3458 1664; x_wconf 86' lang='lat' dir='ltr'><strong>dulces</strong></span> 
     </span>
    </p>
   </div>
   <div class='ocr_carea' id='block_1_75' title="bbox 1877 1693 3452 1772">
    <p class='ocr_par' dir='ltr' id='par_1_75' title="bbox 1877 1693 3452 1772">
     <span class='ocr_line' id='line_1_75' title="bbox 1877 1693 3452 1772; baseline 0.003 -20"><span class='ocrx_word' id='word_1_546' title='bbox 1877 1703 2071 1771; x_wconf 80' lang='lat' dir='ltr'><strong>fructus</strong></span> <span class='ocrx_word' id='word_1_547' title='bbox 2101 1718 2275 1770; x_wconf 82' lang='lat' dir='ltr'><strong>carpo.</strong></span> <span class='ocrx_word' id='word_1_548' title='bbox 2310 1703 2476 1772; x_wconf 80' lang='lat' dir='ltr'><strong>Atque</strong></span> <span class='ocrx_word' id='word_1_549' title='bbox 2498 1700 2600 1756; x_wconf 89' lang='lat' dir='ltr'><strong>huc</strong></span> <span class='ocrx_word' id='word_1_550' title='bbox 2622 1702 2779 1755; x_wconf 85' lang='lat' dir='ltr'><strong>etiam</strong></span> <span class='ocrx_word' id='word_1_551' title='bbox 2803 1713 3045 1771; x_wconf 89' lang='lat' dir='ltr'><strong>spectare</strong></span> <span class='ocrx_word' id='word_1_552' title='bbox 3069 1702 3274 1756; x_wconf 87' lang='lat' dir='ltr'><strong>videtur</strong></span> <span class='ocrx_word' id='word_1_553' title='bbox 3297 1693 3452 1769; x_wconf 87' lang='lat' dir='ltr'><strong>illud,</strong></span> 
     </span>
    </p>
   </div>
   <div class='ocr_carea' id='block_1_76' title="bbox 1873 1793 3452 1864">
    <p class='ocr_par' dir='ltr' id='par_1_76' title="bbox 1873 1793 3452 1864">
     <span class='ocr_line' id='line_1_76' title="bbox 1873 1793 3452 1864; baseline 0.004 -20"><span class='ocrx_word' id='word_1_554' title='bbox 1873 1794 2014 1864; x_wconf 88' lang='lat' dir='ltr'><strong>quod</strong></span> <span class='ocrx_word' id='word_1_555' title='bbox 2031 1793 2161 1862; x_wconf 69' lang='lat' dir='ltr'><strong>Cip.</strong></span> <span class='ocrx_word' id='word_1_556' title='bbox 2187 1793 2272 1848; x_wconf 87' lang='lat' dir='ltr'><strong>lll.</strong></span> <span class='ocrx_word' id='word_1_557' title='bbox 2297 1795 2438 1848; x_wconf 84' lang='lat' dir='ltr'><strong>Libri</strong></span> <span class='ocrx_word' id='word_1_558' title='bbox 2457 1793 2675 1850; x_wconf 81' lang='lat' dir='ltr'><strong>chiris</strong></span> <span class='ocrx_word' id='word_1_559' title='bbox 2694 1796 2989 1850; x_wconf 90' lang='lat' dir='ltr'><strong>lllustribus</strong></span> <span class='ocrx_word' id='word_1_560' title='bbox 3011 1805 3211 1862; x_wconf 88' lang='lat' dir='ltr'><strong>narrat,</strong></span> <span class='ocrx_word' id='word_1_561' title='bbox 3233 1796 3452 1851; x_wconf 87' lang='lat' dir='ltr'><strong>Ilebrai-</strong></span> 
     </span>
    </p>
   </div>
   <div class='ocr_carea' id='block_1_77' title="bbox 1873 1879 3453 1958">
    <p class='ocr_par' dir='ltr' id='par_1_77' title="bbox 1873 1879 3453 1958">
     <span class='ocr_line' id='line_1_77' title="bbox 1873 1879 3453 1958; baseline 0.003 -19"><span class='ocrx_word' id='word_1_562' title='bbox 1873 1901 1994 1939; x_wconf 90' lang='lat' dir='ltr'><strong>cum</strong></span> <span class='ocrx_word' id='word_1_563' title='bbox 2026 1886 2249 1950; x_wconf 82' lang='lat' dir='ltr'><strong>scilicet,</strong></span> <span class='ocrx_word' id='word_1_564' title='bbox 2284 1897 2338 1941; x_wconf 87' lang='grc' dir='ltr'><strong>ιιι</strong></span> <span class='ocrx_word' id='word_1_565' title='bbox 2366 1885 2637 1942; x_wconf 82' lang='lat' dir='ltr'><strong>ferebatur</strong></span> <span class='ocrx_word' id='word_1_566' title='bbox 2661 1928 2676 1952; x_wconf 93' lang='lat'><strong>,</strong></span> <span class='ocrx_word' id='word_1_567' title='bbox 2723 1879 2954 1941; x_wconf 63' lang='lat' dir='ltr'><strong>Matthxi</strong></span> <span class='ocrx_word' id='word_1_568' title='bbox 2985 1887 3276 1958; x_wconf 73' lang='lat' dir='ltr'><strong>exemplar,</strong></span> <span class='ocrx_word' id='word_1_569' title='bbox 3333 1903 3453 1944; x_wconf 88' lang='lat' dir='ltr'><strong>cum</strong></span> 
     </span>
    </p>
   </div>
   <div class='ocr_carea' id='block_1_78' title="bbox 1871 1977 3456 2051">
    <p class='ocr_par' dir='ltr' id='par_1_78' title="bbox 1871 1977 3456 2051">
     <span class='ocr_line' id='line_1_78' title="bbox 1871 1977 3456 2051; baseline 0.005 -21"><span class='ocrx_word' id='word_1_570' title='bbox 1871 1977 2006 2033; x_wconf 83' lang='lat' dir='ltr'><strong>facta</strong></span> <span class='ocrx_word' id='word_1_571' title='bbox 2063 1980 2162 2034; x_wconf 92' lang='lat' dir='ltr'><strong>sibi</strong></span> <span class='ocrx_word' id='word_1_572' title='bbox 2209 1980 2430 2035; x_wconf 77' lang='lat' dir='ltr'><strong>facultas</strong></span> <span class='ocrx_word' id='word_1_573' title='bbox 2471 1981 2656 2037; x_wconf 82' lang='lat' dir='ltr'><strong>luisset</strong></span> <span class='ocrx_word' id='word_1_574' title='bbox 2684 1997 2711 2032; x_wconf 91' lang='lat' dir='ltr'><strong>a</strong></span> <span class='ocrx_word' id='word_1_575' title='bbox 2736 1980 3042 2048; x_wconf 84' lang='lat' dir='ltr'><strong>Nazarenis,</strong></span> <span class='ocrx_word' id='word_1_576' title='bbox 3069 1983 3157 2051; x_wconf 89' lang='lat' dir='ltr'><strong>qui</strong></span> <span class='ocrx_word' id='word_1_577' title='bbox 3181 1981 3235 2036; x_wconf 92' lang='lat' dir='ltr'><strong>iu</strong></span> <span class='ocrx_word' id='word_1_578' title='bbox 3267 1981 3456 2039; x_wconf 72' lang='lat' dir='ltr'><strong>Bertea</strong></span> 
     </span>
    </p>
   </div>
   <div class='ocr_carea' id='block_1_79' title="bbox 1872 2071 3452 2146">
    <p class='ocr_par' dir='ltr' id='par_1_79' title="bbox 1872 2071 3452 2146">
     <span class='ocr_line' id='line_1_79' title="bbox 1872 2071 3452 2146; baseline 0.006 -23"><span class='ocrx_word' id='word_1_579' title='bbox 1872 2071 2002 2125; x_wconf 88' lang='lat' dir='ltr'><strong>urbe</strong></span> <span class='ocrx_word' id='word_1_580' title='bbox 2020 2071 2190 2143; x_wconf 69' lang='lat' dir='ltr'><strong>Syriae</strong></span> <span class='ocrx_word' id='word_1_581' title='bbox 2221 2089 2286 2126; x_wconf 89' lang='lat' dir='ltr'><strong>eo</strong></span> <span class='ocrx_word' id='word_1_582' title='bbox 2319 2074 2586 2129; x_wconf 75' lang='lat' dir='ltr'><strong>volumine</strong></span> <span class='ocrx_word' id='word_1_583' title='bbox 2617 2071 2901 2128; x_wconf 89' lang='lat' dir='ltr'><strong>utebantur</strong></span> <span class='ocrx_word' id='word_1_584' title='bbox 2926 2115 2942 2140; x_wconf 94' lang='lat'><strong>,</strong></span> <span class='ocrx_word' id='word_1_585' title='bbox 2973 2089 3031 2128; x_wconf 88' lang='lat' dir='ltr'><strong>se</strong></span> <span class='ocrx_word' id='word_1_586' title='bbox 3079 2075 3452 2146; x_wconf 72' lang='lat' dir='ltr'><strong>descripsisse.</strong></span> 
     </span>
    </p>
   </div>
   <div class='ocr_carea' id='block_1_80' title="bbox 1871 2161 3454 2235">
    <p class='ocr_par' dir='ltr' id='par_1_80' title="bbox 1871 2161 3454 2235">
     <span class='ocr_line' id='line_1_80' title="bbox 1871 2161 3454 2235; baseline 0.001 -17"><span class='ocrx_word' id='word_1_587' title='bbox 1871 2161 2134 2218; x_wconf 82' lang='lat' dir='ltr'><strong>Processu</strong></span> <span class='ocrx_word' id='word_1_588' title='bbox 2169 2165 2428 2233; x_wconf 90' lang='lat' dir='ltr'><strong>temporis</strong></span> <span class='ocrx_word' id='word_1_589' title='bbox 2454 2179 2574 2218; x_wconf 92' lang='lat' dir='ltr'><strong>cum</strong></span> <span class='ocrx_word' id='word_1_590' title='bbox 2607 2165 2720 2231; x_wconf 83' lang='lat' dir='ltr'><strong>ejus</strong></span> <span class='ocrx_word' id='word_1_591' title='bbox 2743 2164 2902 2218; x_wconf 88' lang='lat' dir='ltr'><strong>studii</strong></span> <span class='ocrx_word' id='word_1_592' title='bbox 2933 2164 3214 2219; x_wconf 91' lang='lat' dir='ltr'><strong>utilitatem</strong></span> <span class='ocrx_word' id='word_1_593' title='bbox 3238 2165 3454 2235; x_wconf 82' lang='lat' dir='ltr'><strong>experi-</strong></span> 
     </span>
    </p>
   </div>
   <div class='ocr_carea' id='block_1_81' title="bbox 1872 2254 3451 2323">
    <p class='ocr_par' dir='ltr' id='par_1_81' title="bbox 1872 2254 3451 2323">
     <span class='ocr_line' id='line_1_81' title="bbox 1872 2254 3451 2323; baseline -0.001 -14"><span class='ocrx_word' id='word_1_594' title='bbox 1872 2263 2056 2309; x_wconf 88' lang='lat' dir='ltr'><strong>mento</strong></span> <span class='ocrx_word' id='word_1_595' title='bbox 2082 2257 2191 2322; x_wconf 83' lang='lat' dir='ltr'><strong>jam</strong></span> <span class='ocrx_word' id='word_1_596' title='bbox 2221 2254 2520 2321; x_wconf 70' lang='lat' dir='ltr'><strong>didicisset,</strong></span> <span class='ocrx_word' id='word_1_597' title='bbox 2547 2255 2758 2307; x_wconf 89' lang='lat' dir='ltr'><strong>assidua</strong></span> <span class='ocrx_word' id='word_1_598' title='bbox 2783 2255 3166 2310; x_wconf 79' lang='lat' dir='ltr'><strong>exercitatione</strong></span> <span class='ocrx_word' id='word_1_599' title='bbox 3191 2256 3451 2323; x_wconf 87' lang='lat' dir='ltr'><strong>excoluit,</strong></span> 
     </span>
    </p>
   </div>
   <div class='ocr_carea' id='block_1_82' title="bbox 1871 2344 3453 2415">
    <p class='ocr_par' dir='ltr' id='par_1_82' title="bbox 1871 2344 3453 2415">
     <span class='ocr_line' id='line_1_82' title="bbox 1871 2344 3453 2415; baseline 0.002 -15"><span class='ocrx_word' id='word_1_600' title='bbox 1871 2347 2112 2415; x_wconf 88' lang='lat' dir='ltr'><strong>aliosque</strong></span> <span class='ocrx_word' id='word_1_601' title='bbox 2139 2346 2442 2414; x_wconf 87' lang='lat' dir='ltr'><strong>magistros,</strong></span> <span class='ocrx_word' id='word_1_602' title='bbox 2478 2360 2572 2414; x_wconf 88' lang='lat' dir='ltr'><strong>per</strong></span> <span class='ocrx_word' id='word_1_603' title='bbox 2597 2359 2730 2414; x_wconf 90' lang='lat' dir='ltr'><strong>quos</strong></span> <span class='ocrx_word' id='word_1_604' title='bbox 2755 2344 3058 2414; x_wconf 79' lang='lat' dir='ltr'><strong>profecerit,</strong></span> <span class='ocrx_word' id='word_1_605' title='bbox 3091 2346 3207 2400; x_wconf 87' lang='lat' dir='ltr'><strong>aliis</strong></span> <span class='ocrx_word' id='word_1_606' title='bbox 3237 2347 3288 2400; x_wconf 92' lang='lat' dir='ltr'><strong>in</strong></span> <span class='ocrx_word' id='word_1_607' title='bbox 3320 2347 3453 2404; x_wconf 81' lang='lat' dir='ltr'><strong>locis</strong></span> 
     </span>
    </p>
   </div>
   <div class='ocr_carea' id='block_1_83' title="bbox 1871 2435 3451 2508">
    <p class='ocr_par' dir='ltr' id='par_1_83' title="bbox 1871 2435 3451 2508">
     <span class='ocr_line' id='line_1_83' title="bbox 1871 2435 3451 2508; baseline 0.001 -16"><span class='ocrx_word' id='word_1_608' title='bbox 1871 2438 2130 2492; x_wconf 87' lang='lat' dir='ltr'><strong>nominat.</strong></span> <span class='ocrx_word' id='word_1_609' title='bbox 2167 2435 2281 2501; x_wconf 88' lang='lat' dir='ltr'><strong>Quo</strong></span> <span class='ocrx_word' id='word_1_610' title='bbox 2311 2435 2481 2490; x_wconf 88' lang='lat' dir='ltr'><strong>labore</strong></span> <span class='ocrx_word' id='word_1_611' title='bbox 2506 2479 2520 2500; x_wconf 94' lang='lat'><strong>,</strong></span> <span class='ocrx_word' id='word_1_612' title='bbox 2551 2437 2720 2506; x_wconf 87' lang='lat' dir='ltr'><strong>inquit</strong></span> <span class='ocrx_word' id='word_1_613' title='bbox 2764 2437 2988 2506; x_wconf 85' lang='lat' dir='ltr'><strong>Epistol.</strong></span> <span class='ocrx_word' id='word_1_614' title='bbox 3021 2435 3306 2492; x_wconf 78' lang='lat' dir='ltr'><strong>LXXXIV.</strong></span> <span class='ocrx_word' id='word_1_615' title='bbox 3352 2455 3451 2508; x_wconf 88' lang='lat' dir='ltr'><strong>quo</strong></span> 
     </span>
    </p>
   </div>
   <div class='ocr_carea' id='block_1_84' title="bbox 1869 2529 3450 2602">
    <p class='ocr_par' dir='ltr' id='par_1_84' title="bbox 1869 2529 3450 2602">
     <span class='ocr_line' id='line_1_84' title="bbox 1869 2529 3450 2602; baseline 0.001 -17"><span class='ocrx_word' id='word_1_616' title='bbox 1869 2531 2027 2602; x_wconf 87' lang='lat' dir='ltr'><strong>pretio</strong></span> <span class='ocrx_word' id='word_1_617' title='bbox 2056 2529 2371 2584; x_wconf 86' lang='lat' dir='ltr'><strong>Baraninam</strong></span> <span class='ocrx_word' id='word_1_618' title='bbox 2417 2541 2718 2584; x_wconf 85' lang='lat' dir='ltr'><strong>nocturnum</strong></span> <span class='ocrx_word' id='word_1_619' title='bbox 2745 2530 2900 2586; x_wconf 81' lang='lat' dir='ltr'><strong>habui</strong></span> <span class='ocrx_word' id='word_1_620' title='bbox 2925 2544 3283 2602; x_wconf 72' lang='lat' dir='ltr'><strong>prazceptorem</strong></span> <span class='ocrx_word' id='word_1_621' title='bbox 3307 2532 3330 2585; x_wconf 69' lang='grc' dir='ltr'><strong>,ν</strong></span> <span class='ocrx_word' id='word_1_622' title='bbox 3362 2531 3450 2586; x_wconf 84' lang='lat' dir='ltr'><strong>Ti-</strong></span> 
     </span>
    </p>
   </div>
   <div class='ocr_carea' id='block_1_85' title="bbox 1867 2620 3447 2688">
    <p class='ocr_par' dir='ltr' id='par_1_85' title="bbox 1867 2620 3447 2688">
     <span class='ocr_line' id='line_1_85' title="bbox 1867 2620 3447 2688; baseline 0.003 -14"><span class='ocrx_word' id='word_1_623' title='bbox 1867 2622 2029 2676; x_wconf 88' lang='lat' dir='ltr'><strong>mebat</strong></span> <span class='ocrx_word' id='word_1_624' title='bbox 2052 2622 2184 2675; x_wconf 87' lang='lat' dir='ltr'><strong>enim</strong></span> <span class='ocrx_word' id='word_1_625' title='bbox 2212 2620 2444 2688; x_wconf 73' lang='lat' dir='ltr'><strong>Juda’os,</strong></span> <span class='ocrx_word' id='word_1_626' title='bbox 2473 2633 2519 2676; x_wconf 89' lang='lat' dir='ltr'><strong>et</strong></span> <span class='ocrx_word' id='word_1_627' title='bbox 2546 2623 2668 2676; x_wconf 89' lang='lat' dir='ltr'><strong>mihi</strong></span> <span class='ocrx_word' id='word_1_628' title='bbox 2687 2623 2902 2677; x_wconf 85' lang='lat' dir='ltr'><strong>alterum</strong></span> <span class='ocrx_word' id='word_1_629' title='bbox 2929 2624 3188 2678; x_wconf 78' lang='lat' dir='ltr'><strong>exhibebat</strong></span> <span class='ocrx_word' id='word_1_630' title='bbox 3217 2623 3271 2678; x_wconf 82' lang='grc' dir='ltr'><em>Ν</em></span> <span class='ocrx_word' id='word_1_631' title='bbox 3275 2626 3447 2680; x_wconf 85' lang='lat' dir='ltr'><strong>icode-</strong></span> 
     </span>
    </p>
   </div>
   <div class='ocr_carea' id='block_1_86' title="bbox 1862 2712 3444 2785">
    <p class='ocr_par' dir='ltr' id='par_1_86' title="bbox 1862 2712 3444 2785">
     <span class='ocr_line' id='line_1_86' title="bbox 1862 2712 3444 2785; baseline 0.003 -18"><span class='ocrx_word' id='word_1_632' title='bbox 1862 2731 2018 2767; x_wconf 87' lang='lat' dir='ltr'><strong>mum.</strong></span> <span class='ocrx_word' id='word_1_633' title='bbox 2043 2713 2138 2768; x_wconf 81' lang='lat' dir='ltr'><strong>llic</strong></span> <span class='ocrx_word' id='word_1_634' title='bbox 2169 2712 2309 2768; x_wconf 89' lang='lat' dir='ltr'><strong>idem</strong></span> <span class='ocrx_word' id='word_1_635' title='bbox 2341 2713 2430 2768; x_wconf 90' lang='lat' dir='ltr'><strong>ille</strong></span> <span class='ocrx_word' id='word_1_636' title='bbox 2463 2714 2672 2769; x_wconf 80' lang='lat' dir='ltr'><strong>videtur</strong></span> <span class='ocrx_word' id='word_1_637' title='bbox 2697 2729 2816 2770; x_wconf 86' lang='lat' dir='ltr'><strong>esse</strong></span> <span class='ocrx_word' id='word_1_638' title='bbox 2839 2756 2854 2779; x_wconf 90' lang='lat'><strong>,</strong></span> <span class='ocrx_word' id='word_1_639' title='bbox 2887 2731 3046 2785; x_wconf 87' lang='lat' dir='ltr'><strong>quem</strong></span> <span class='ocrx_word' id='word_1_640' title='bbox 3077 2725 3132 2770; x_wconf 91' lang='lat' dir='ltr'><strong>et</strong></span> <span class='ocrx_word' id='word_1_641' title='bbox 3156 2716 3444 2772; x_wconf 86' lang='lat' dir='ltr'><strong>Commen-</strong></span> 
     </span>
    </p>
   </div>
   <div class='ocr_carea' id='block_1_87' title="bbox 1863 2803 3442 2875">
    <p class='ocr_par' dir='ltr' id='par_1_87' title="bbox 1863 2803 3442 2875">
     <span class='ocr_line' id='line_1_87' title="bbox 1863 2803 3442 2875; baseline 0.003 -16"><span class='ocrx_word' id='word_1_642' title='bbox 1863 2805 1994 2860; x_wconf 91' lang='lat' dir='ltr'><strong>tario</strong></span> <span class='ocrx_word' id='word_1_643' title='bbox 2023 2805 2072 2859; x_wconf 92' lang='lat' dir='ltr'><strong>in</strong></span> <span class='ocrx_word' id='word_1_644' title='bbox 2097 2816 2255 2875; x_wconf 91' lang='lat' dir='ltr'><strong>caput</strong></span> <span class='ocrx_word' id='word_1_645' title='bbox 2278 2803 2360 2858; x_wconf 91' lang='lat' dir='ltr'><strong>III.</strong></span> <span class='ocrx_word' id='word_1_646' title='bbox 2395 2805 2619 2875; x_wconf 88' lang='lat' dir='ltr'><strong>Epistol.</strong></span> <span class='ocrx_word' id='word_1_647' title='bbox 2647 2805 2713 2860; x_wconf 85' lang='lat' dir='ltr'><strong>ad</strong></span> <span class='ocrx_word' id='word_1_648' title='bbox 2740 2806 2952 2862; x_wconf 85' lang='lat' dir='ltr'><strong>Galatas</strong></span> <span class='ocrx_word' id='word_1_649' title='bbox 2980 2821 3135 2862; x_wconf 91' lang='lat' dir='ltr'><strong>suum</strong></span> <span class='ocrx_word' id='word_1_650' title='bbox 3160 2805 3442 2863; x_wconf 64' lang='lat' dir='ltr'><strong>Hebraeum</strong></span> 
     </span>
    </p>
   </div>
   <div class='ocr_carea' id='block_1_88' title="bbox 1857 2897 3444 2967">
    <p class='ocr_par' dir='ltr' id='par_1_88' title="bbox 1857 2897 3444 2967">
     <span class='ocr_line' id='line_1_88' title="bbox 1857 2897 3444 2967; baseline 0.002 -17"><span class='ocrx_word' id='word_1_651' title='bbox 1857 2905 2032 2963; x_wconf 90' lang='lat' dir='ltr'><strong>vocat,</strong></span> <span class='ocrx_word' id='word_1_652' title='bbox 2063 2905 2118 2951; x_wconf 90' lang='lat' dir='ltr'><strong>et</strong></span> <span class='ocrx_word' id='word_1_653' title='bbox 2140 2912 2203 2952; x_wconf 87' lang='lat' dir='ltr'><strong>ex</strong></span> <span class='ocrx_word' id='word_1_654' title='bbox 2235 2912 2339 2966; x_wconf 91' lang='lat' dir='ltr'><strong>quo</strong></span> <span class='ocrx_word' id='word_1_655' title='bbox 2367 2897 2647 2951; x_wconf 89' lang='lat' dir='ltr'><strong>nonnullas</strong></span> <span class='ocrx_word' id='word_1_656' title='bbox 2673 2899 2966 2952; x_wconf 89' lang='lat' dir='ltr'><strong>sententias</strong></span> <span class='ocrx_word' id='word_1_657' title='bbox 3007 2899 3193 2952; x_wconf 81' lang='lat' dir='ltr'><strong>recitat</strong></span> <span class='ocrx_word' id='word_1_658' title='bbox 3228 2913 3242 2947; x_wconf 92' lang='lat'><strong>:</strong></span> <span class='ocrx_word' id='word_1_659' title='bbox 3274 2915 3444 2967; x_wconf 86' lang='lat' dir='ltr'><strong>quan-</strong></span> 
     </span>
    </p>
   </div>
   <div class='ocr_carea' id='block_1_89' title="bbox 1856 2985 3444 3057">
    <p class='ocr_par' dir='ltr' id='par_1_89' title="bbox 1856 2985 3444 3057">
     <span class='ocr_line' id='line_1_89' title="bbox 1856 2985 3444 3057; baseline 0.003 -17"><span class='ocrx_word' id='word_1_660' title='bbox 1856 3003 2011 3057; x_wconf 84' lang='lat' dir='ltr'><strong>quam</strong></span> <span class='ocrx_word' id='word_1_661' title='bbox 2035 2987 2146 3052; x_wconf 91' lang='lat' dir='ltr'><strong>alii,</strong></span> <span class='ocrx_word' id='word_1_662' title='bbox 2173 3003 2307 3057; x_wconf 88' lang='lat' dir='ltr'><strong>quos</strong></span> <span class='ocrx_word' id='word_1_663' title='bbox 2329 2986 2467 3042; x_wconf 89' lang='lat' dir='ltr'><strong>inter</strong></span> <span class='ocrx_word' id='word_1_664' title='bbox 2491 2985 2746 3053; x_wconf 81' lang='lat' dir='ltr'><strong>Marinus,</strong></span> <span class='ocrx_word' id='word_1_665' title='bbox 2777 2987 2942 3044; x_wconf 77' lang='lat' dir='ltr'><strong>fuisse</strong></span> <span class='ocrx_word' id='word_1_666' title='bbox 2964 2989 3108 3044; x_wconf 88' lang='lat' dir='ltr'><strong>illum</strong></span> <span class='ocrx_word' id='word_1_667' title='bbox 3133 3003 3198 3044; x_wconf 81' lang='lat' dir='ltr'><strong>ex</strong></span> <span class='ocrx_word' id='word_1_668' title='bbox 3216 2987 3444 3044; x_wconf 66' lang='lat' dir='ltr'><strong>Hebraeo</strong></span> 
     </span>
    </p>
   </div>
   <div class='ocr_carea' id='block_1_90' title="bbox 1857 3077 3438 3149">
    <p class='ocr_par' dir='ltr' id='par_1_90' title="bbox 1857 3077 3438 3149">
     <span class='ocr_line' id='line_1_90' title="bbox 1857 3077 3438 3149; baseline 0.001 -16"><span class='ocrx_word' id='word_1_669' title='bbox 1857 3077 2257 3143; x_wconf 86' lang='lat' dir='ltr'><strong>Christianum,</strong></span> <span class='ocrx_word' id='word_1_670' title='bbox 2305 3079 2642 3133; x_wconf 89' lang='lat' dir='ltr'><strong>contendant.</strong></span> <span class='ocrx_word' id='word_1_671' title='bbox 2688 3080 2926 3149; x_wconf 90' lang='lat' dir='ltr'><strong>Denique</strong></span> <span class='ocrx_word' id='word_1_672' title='bbox 2973 3089 3028 3133; x_wconf 91' lang='lat' dir='ltr'><strong>et</strong></span> <span class='ocrx_word' id='word_1_673' title='bbox 3056 3094 3177 3132; x_wconf 92' lang='lat' dir='ltr'><strong>eum</strong></span> <span class='ocrx_word' id='word_1_674' title='bbox 3219 3078 3438 3134; x_wconf 87' lang='lat' dir='ltr'><strong>Librum</strong></span> 
     </span>
    </p>
   </div>
   <div class='ocr_carea' id='block_1_91' title="bbox 1855 3169 3439 3242">
    <p class='ocr_par' dir='ltr' id='par_1_91' title="bbox 1855 3169 3439 3242">
     <span class='ocr_line' id='line_1_91' title="bbox 1855 3169 3439 3242; baseline 0.001 -16"><span class='ocrx_word' id='word_1_675' title='bbox 1855 3170 2300 3242; x_wconf 79' lang='lat' dir='ltr'><strong>Paralipomenon</strong></span> <span class='ocrx_word' id='word_1_676' title='bbox 2351 3171 2500 3241; x_wconf 82' lang='lat' dir='ltr'><strong>juxta</strong></span> <span class='ocrx_word' id='word_1_677' title='bbox 2547 3173 2891 3242; x_wconf 81' lang='lat' dir='ltr'><strong>Septuaginta</strong></span> <span class='ocrx_word' id='word_1_678' title='bbox 2924 3169 3319 3227; x_wconf 88' lang='lat' dir='ltr'><strong>emendandum</strong></span> <span class='ocrx_word' id='word_1_679' title='bbox 3372 3185 3439 3227; x_wconf 82' lang='lat' dir='ltr'><strong>ex</strong></span> 
     </span>
    </p>
   </div>
   <div class='ocr_carea' id='block_1_92' title="bbox 1856 3264 3436 3336">
    <p class='ocr_par' dir='ltr' id='par_1_92' title="bbox 1856 3264 3436 3336">
     <span class='ocr_line' id='line_1_92' title="bbox 1856 3264 3436 3336; baseline 0.001 -17"><span class='ocrx_word' id='word_1_680' title='bbox 1856 3265 2080 3319; x_wconf 70' lang='lat' dir='ltr'><strong>Ilebraeo</strong></span> <span class='ocrx_word' id='word_1_681' title='bbox 2093 3264 2406 3334; x_wconf 79' lang='lat' dir='ltr'><strong>archetypo,</strong></span> <span class='ocrx_word' id='word_1_682' title='bbox 2427 3276 2478 3318; x_wconf 90' lang='lat' dir='ltr'><strong>et</strong></span> <span class='ocrx_word' id='word_1_683' title='bbox 2499 3265 2684 3319; x_wconf 87' lang='lat' dir='ltr'><strong>Latine</strong></span> <span class='ocrx_word' id='word_1_684' title='bbox 2705 3265 3163 3335; x_wconf 88' lang='lat' dir='ltr'><strong>interpretandum</strong></span> <span class='ocrx_word' id='word_1_685' title='bbox 3183 3267 3436 3336; x_wconf 90' lang='lat' dir='ltr'><strong>suscepit,</strong></span> 
     </span>
    </p>
   </div>
   <div class='ocr_carea' id='block_1_93' title="bbox 1853 3355 3438 3426">
    <p class='ocr_par' dir='ltr' id='par_1_93' title="bbox 1853 3355 3438 3426">
     <span class='ocr_line' id='line_1_93' title="bbox 1853 3355 3438 3426; baseline 0 -16"><span class='ocrx_word' id='word_1_686' title='bbox 1853 3358 2013 3411; x_wconf 90' lang='lat' dir='ltr'><strong>alium</strong></span> <span class='ocrx_word' id='word_1_687' title='bbox 2046 3356 2163 3426; x_wconf 89' lang='lat' dir='ltr'><strong>ejus</strong></span> <span class='ocrx_word' id='word_1_688' title='bbox 2190 3355 2382 3425; x_wconf 59' lang='lat' dir='ltr'><strong>lingum</strong></span> <span class='ocrx_word' id='word_1_689' title='bbox 2410 3357 2718 3426; x_wconf 82' lang='lat' dir='ltr'><strong>magistrum</strong></span> <span class='ocrx_word' id='word_1_690' title='bbox 2744 3357 3029 3418; x_wconf 89' lang='lat' dir='ltr'><strong>consuluit,</strong></span> <span class='ocrx_word' id='word_1_691' title='bbox 3071 3367 3126 3410; x_wconf 92' lang='lat' dir='ltr'><strong>ut</strong></span> <span class='ocrx_word' id='word_1_692' title='bbox 3155 3357 3204 3410; x_wconf 94' lang='lat' dir='ltr'><strong>in</strong></span> <span class='ocrx_word' id='word_1_693' title='bbox 3236 3356 3438 3411; x_wconf 65' lang='lat' dir='ltr'><strong>Praela-</strong></span> 
     </span>
    </p>
   </div>
   <div class='ocr_carea' id='block_1_94' title="bbox 1855 3447 3440 3520">
    <p class='ocr_par' dir='ltr' id='par_1_94' title="bbox 1855 3447 3440 3520">
     <span class='ocr_line' id='line_1_94' title="bbox 1855 3447 3440 3520; baseline 0 -16"><span class='ocrx_word' id='word_1_694' title='bbox 1855 3451 1997 3504; x_wconf 87' lang='lat' dir='ltr'><strong>tione</strong></span> <span class='ocrx_word' id='word_1_695' title='bbox 2017 3459 2239 3504; x_wconf 87' lang='lat' dir='ltr'><strong>testatur</strong></span> <span class='ocrx_word' id='word_1_696' title='bbox 2263 3466 2276 3502; x_wconf 90' lang='lat'><strong>:</strong></span> <span class='ocrx_word' id='word_1_697' title='bbox 2307 3447 2384 3502; x_wconf 86' lang='lat' dir='ltr'><strong>De</strong></span> <span class='ocrx_word' id='word_1_698' title='bbox 2404 3447 2697 3519; x_wconf 68' lang='lat' dir='ltr'><strong>Tyberiade,</strong></span> <span class='ocrx_word' id='word_1_699' title='bbox 2727 3447 2990 3518; x_wconf 89' lang='lat' dir='ltr'><strong>inquiens,</strong></span> <span class='ocrx_word' id='word_1_700' title='bbox 3009 3448 3158 3520; x_wconf 85' lang='lat' dir='ltr'><strong>Legis</strong></span> <span class='ocrx_word' id='word_1_701' title='bbox 3185 3451 3440 3513; x_wconf 85' lang='lat' dir='ltr'><strong>quondam</strong></span> 
     </span>
    </p>
   </div>
   <div class='ocr_carea' id='block_1_95' title="bbox 1855 3539 3437 3610">
    <p class='ocr_par' dir='ltr' id='par_1_95' title="bbox 1855 3539 3437 3610">
     <span class='ocr_line' id='line_1_95' title="bbox 1855 3539 3437 3610; baseline 0 -15"><span class='ocrx_word' id='word_1_702' title='bbox 1855 3543 2128 3606; x_wconf 89' lang='lat' dir='ltr'><strong>doctorem,</strong></span> <span class='ocrx_word' id='word_1_703' title='bbox 2181 3541 2268 3610; x_wconf 82' lang='lat' dir='ltr'><strong>qui</strong></span> <span class='ocrx_word' id='word_1_704' title='bbox 2303 3542 2442 3609; x_wconf 85' lang='lat' dir='ltr'><strong>apud</strong></span> <span class='ocrx_word' id='word_1_705' title='bbox 2477 3539 2716 3595; x_wconf 67' lang='lat' dir='ltr'><strong>Hebraeos</strong></span> <span class='ocrx_word' id='word_1_706' title='bbox 2766 3542 3095 3596; x_wconf 88' lang='lat' dir='ltr'><strong>admirationi</strong></span> <span class='ocrx_word' id='word_1_707' title='bbox 3141 3541 3437 3610; x_wconf 85' lang='lat' dir='ltr'><strong>habebatur,</strong></span> 
     </span>
    </p>
   </div>
   <div class='ocr_carea' id='block_1_96' title="bbox 1853 3632 3441 3703">
    <p class='ocr_par' dir='ltr' id='par_1_96' title="bbox 1853 3632 3441 3703">
     <span class='ocr_line' id='line_1_96' title="bbox 1853 3632 3441 3703; baseline 0.002 -19"><span class='ocrx_word' id='word_1_708' title='bbox 1853 3632 2104 3701; x_wconf 81' lang='lat' dir='ltr'><strong>assmnpsi</strong></span> <span class='ocrx_word' id='word_1_709' title='bbox 2123 3673 2138 3698; x_wconf 96' lang='lat'><strong>,</strong></span> <span class='ocrx_word' id='word_1_710' title='bbox 2171 3641 2216 3684; x_wconf 86' lang='lat' dir='ltr'><strong>et</strong></span> <span class='ocrx_word' id='word_1_711' title='bbox 2245 3633 2431 3684; x_wconf 90' lang='lat' dir='ltr'><strong>contuli</strong></span> <span class='ocrx_word' id='word_1_712' title='bbox 2474 3648 2584 3685; x_wconf 90' lang='lat' dir='ltr'><strong>cum</strong></span> <span class='ocrx_word' id='word_1_713' title='bbox 2617 3647 2673 3684; x_wconf 92' lang='lat' dir='ltr'><strong>eo</strong></span> <span class='ocrx_word' id='word_1_714' title='bbox 2699 3648 2729 3683; x_wconf 93' lang='lat' dir='ltr'><strong>a</strong></span> <span class='ocrx_word' id='word_1_715' title='bbox 2763 3633 2960 3699; x_wconf 82' lang='lat' dir='ltr'><strong>vertice,</strong></span> <span class='ocrx_word' id='word_1_716' title='bbox 2991 3641 3043 3685; x_wconf 86' lang='lat' dir='ltr'><strong>ut</strong></span> <span class='ocrx_word' id='word_1_717' title='bbox 3090 3633 3254 3700; x_wconf 88' lang='lat' dir='ltr'><strong>aiunt,</strong></span> <span class='ocrx_word' id='word_1_718' title='bbox 3284 3649 3441 3703; x_wconf 83' lang='lat' dir='ltr'><strong>usque</strong></span> 
     </span>
    </p>
   </div>
   <div class='ocr_carea' id='block_1_97' title="bbox 1855 3722 3186 3793">
    <p class='ocr_par' dir='ltr' id='par_1_97' title="bbox 1855 3722 3186 3793">
     <span class='ocr_line' id='line_1_97' title="bbox 1855 3722 3186 3793; baseline -0.001 -17"><span class='ocrx_word' id='word_1_719' title='bbox 1855 3724 1922 3776; x_wconf 90' lang='lat' dir='ltr'><strong>ad</strong></span> <span class='ocrx_word' id='word_1_720' title='bbox 1951 3735 2229 3777; x_wconf 74' lang='lat' dir='ltr'><strong>extremum</strong></span> <span class='ocrx_word' id='word_1_721' title='bbox 2257 3737 2494 3789; x_wconf 90' lang='lat' dir='ltr'><strong>unguem.</strong></span> <span class='ocrx_word' id='word_1_722' title='bbox 2521 3722 2625 3775; x_wconf 88' lang='lat' dir='ltr'><strong>Sed</strong></span> <span class='ocrx_word' id='word_1_723' title='bbox 2655 3722 2768 3777; x_wconf 75' lang='lat' dir='ltr'><strong>lucc</strong></span> <span class='ocrx_word' id='word_1_724' title='bbox 2794 3724 2898 3776; x_wconf 90' lang='lat' dir='ltr'><strong>alio</strong></span> <span class='ocrx_word' id='word_1_725' title='bbox 2927 3733 3186 3793; x_wconf 61' lang='lat' dir='ltr'><strong>spectant.</strong></span> 
     </span>
    </p>
   </div>
   <div class='ocr_carea' id='block_1_98' title="bbox 1929 3811 3438 3883">
    <p class='ocr_par' dir='ltr' id='par_1_98' title="bbox 1929 3811 3438 3883">
     <span class='ocr_line' id='line_1_98' title="bbox 1929 3811 3438 3883; baseline -0.003 -13"><span class='ocrx_word' id='word_1_726' title='bbox 1929 3815 2016 3870; x_wconf 91' lang='lat' dir='ltr'><strong>III.</strong></span> <span class='ocrx_word' id='word_1_727' title='bbox 2050 3817 2187 3869; x_wconf 89' lang='lat' dir='ltr'><strong>Sunt</strong></span> <span class='ocrx_word' id='word_1_728' title='bbox 2215 3813 2302 3883; x_wconf 89' lang='lat' dir='ltr'><strong>qui</strong></span> <span class='ocrx_word' id='word_1_729' title='bbox 2333 3829 2453 3867; x_wconf 90' lang='lat' dir='ltr'><strong>eum</strong></span> <span class='ocrx_word' id='word_1_730' title='bbox 2495 3811 2696 3868; x_wconf 83' lang='lat' dir='ltr'><strong>Graeca:</strong></span> <span class='ocrx_word' id='word_1_731' title='bbox 2726 3814 2884 3868; x_wconf 90' lang='lat' dir='ltr'><strong>etiam</strong></span> <span class='ocrx_word' id='word_1_732' title='bbox 2915 3815 3106 3883; x_wconf 86' lang='lat' dir='ltr'><strong>lingua:</strong></span> <span class='ocrx_word' id='word_1_733' title='bbox 3135 3815 3362 3883; x_wconf 87' lang='lat' dir='ltr'><strong>primum</strong></span> <span class='ocrx_word' id='word_1_734' title='bbox 3382 3815 3438 3866; x_wconf 89' lang='lat' dir='ltr'><strong>in</strong></span> 
     </span>
    </p>
   </div>
   <div class='ocr_carea' id='block_1_99' title="bbox 1855 3904 3440 3972">
    <p class='ocr_par' dir='ltr' id='par_1_99' title="bbox 1855 3904 3440 3972">
     <span class='ocr_line' id='line_1_99' title="bbox 1855 3904 3440 3972; baseline -0.003 -12"><span class='ocrx_word' id='word_1_735' title='bbox 1855 3906 2089 3961; x_wconf 87' lang='lat' dir='ltr'><strong>Caleidis</strong></span> <span class='ocrx_word' id='word_1_736' title='bbox 2117 3904 2429 3968; x_wconf 90' lang='lat' dir='ltr'><strong>solitudine,</strong></span> <span class='ocrx_word' id='word_1_737' title='bbox 2461 3904 2788 3958; x_wconf 89' lang='lat' dir='ltr'><strong>contendant</strong></span> <span class='ocrx_word' id='word_1_738' title='bbox 2826 3904 3038 3956; x_wconf 84' lang='lat' dir='ltr'><strong>dedisse</strong></span> <span class='ocrx_word' id='word_1_739' title='bbox 3063 3919 3279 3972; x_wconf 84' lang='lat' dir='ltr'><strong>operam</strong></span> <span class='ocrx_word' id='word_1_740' title='bbox 3312 3945 3324 3956; x_wconf 91' lang='lat'><strong>.</strong></span> <span class='ocrx_word' id='word_1_741' title='bbox 3357 3905 3440 3957; x_wconf 87' lang='lat' dir='ltr'><strong>id-</strong></span> 
     </span>
    </p>
   </div>
   <div class='ocr_carea' id='block_1_100' title="bbox 1855 3991 3437 4066">
    <p class='ocr_par' dir='ltr' id='par_1_100' title="bbox 1855 3991 3437 4066">
     <span class='ocr_line' id='line_1_100' title="bbox 1855 3991 3437 4066; baseline -0.001 -19"><span class='ocrx_word' id='word_1_742' title='bbox 1855 4012 1958 4066; x_wconf 88' lang='lat' dir='ltr'><strong>que</strong></span> <span class='ocrx_word' id='word_1_743' title='bbox 1979 4011 2042 4048; x_wconf 69' lang='lat' dir='ltr'><strong>cx</strong></span> <span class='ocrx_word' id='word_1_744' title='bbox 2067 3991 2265 4046; x_wconf 75' lang='lat' dir='ltr'><strong>Bullini</strong></span> <span class='ocrx_word' id='word_1_745' title='bbox 2287 3994 2600 4046; x_wconf 83' lang='lat' dir='ltr'><strong>auctoritate</strong></span> <span class='ocrx_word' id='word_1_746' title='bbox 2629 3993 2880 4058; x_wconf 79' lang='lat' dir='ltr'><strong>inierant,</strong></span> <span class='ocrx_word' id='word_1_747' title='bbox 2900 3992 2986 4061; x_wconf 91' lang='lat' dir='ltr'><strong>qui</strong></span> <span class='ocrx_word' id='word_1_748' title='bbox 3013 3992 3158 4045; x_wconf 93' lang='lat' dir='ltr'><strong>illum</strong></span> <span class='ocrx_word' id='word_1_749' title='bbox 3192 4000 3437 4060; x_wconf 90' lang='lat' dir='ltr'><strong>testatur,</strong></span> 
     </span>
    </p>
   </div>
   <div class='ocr_carea' id='block_1_101' title="bbox 1857 4083 3440 4158">
    <p class='ocr_par' dir='ltr' id='par_1_101' title="bbox 1857 4083 3440 4158">
     <span class='ocr_line' id='line_1_101' title="bbox 1857 4083 3440 4158; baseline -0.001 -17"><span class='ocrx_word' id='word_1_750' title='bbox 1857 4101 2123 4158; x_wconf 78' lang='lat' dir='ltr'><strong>antequam</strong></span> <span class='ocrx_word' id='word_1_751' title='bbox 2152 4095 2517 4139; x_wconf 83' lang='lat' dir='ltr'><strong>converteretur</strong></span> <span class='ocrx_word' id='word_1_752' title='bbox 2540 4125 2552 4146; x_wconf 94' lang='lat'><strong>,</strong></span> <span class='ocrx_word' id='word_1_753' title='bbox 2603 4085 2792 4155; x_wconf 81' lang='lat' dir='ltr'><strong>pariter</strong></span> <span class='ocrx_word' id='word_1_754' title='bbox 2819 4094 2864 4138; x_wconf 90' lang='lat' dir='ltr'><strong>et</strong></span> <span class='ocrx_word' id='word_1_755' title='bbox 2908 4085 3098 4138; x_wconf 86' lang='lat' dir='ltr'><strong>litteras</strong></span> <span class='ocrx_word' id='word_1_756' title='bbox 3130 4083 3353 4148; x_wconf 69' lang='grc' dir='ltr'><strong>σπρεαδ,</strong></span> <span class='ocrx_word' id='word_1_757' title='bbox 3391 4095 3440 4140; x_wconf 82' lang='lat' dir='ltr'><strong>et</strong></span> 
     </span>
    </p>
   </div>
   <div class='ocr_carea' id='block_1_102' title="bbox 1857 4177 3440 4254">
    <p class='ocr_par' dir='ltr' id='par_1_102' title="bbox 1857 4177 3440 4254">
     <span class='ocr_line' id='line_1_102' title="bbox 1857 4177 3440 4254; baseline -0.003 -16"><span class='ocrx_word' id='word_1_758' title='bbox 1857 4184 2083 4254; x_wconf 83' lang='lat' dir='ltr'><strong>linguam</strong></span> <span class='ocrx_word' id='word_1_759' title='bbox 2115 4180 2313 4252; x_wconf 81' lang='lat' dir='ltr'><strong>penitus</strong></span> <span class='ocrx_word' id='word_1_760' title='bbox 2345 4181 2622 4251; x_wconf 83' lang='lat' dir='ltr'><strong>ignorasse.</strong></span> <span class='ocrx_word' id='word_1_761' title='bbox 2644 4177 2748 4234; x_wconf 90' lang='lat' dir='ltr'><strong>Sed</strong></span> <span class='ocrx_word' id='word_1_762' title='bbox 2777 4187 2831 4232; x_wconf 90' lang='lat' dir='ltr'><strong>ut</strong></span> <span class='ocrx_word' id='word_1_763' title='bbox 2861 4180 3005 4246; x_wconf 79' lang='lat' dir='ltr'><strong>vero,</strong></span> <span class='ocrx_word' id='word_1_764' title='bbox 3039 4194 3143 4234; x_wconf 90' lang='lat' dir='ltr'><strong>non</strong></span> <span class='ocrx_word' id='word_1_765' title='bbox 3171 4179 3440 4249; x_wconf 81' lang='lat' dir='ltr'><strong>prurigine</strong></span> 
     </span>
    </p>
   </div>
   <div class='ocr_carea' id='block_1_103' title="bbox 1857 4267 3440 4344">
    <p class='ocr_par' dir='ltr' id='par_1_103' title="bbox 1857 4267 3440 4344">
     <span class='ocr_line' id='line_1_103' title="bbox 1857 4267 3440 4344; baseline -0.003 -17"><span class='ocrx_word' id='word_1_766' title='bbox 1857 4283 2006 4328; x_wconf 87' lang='lat' dir='ltr'><strong>actus</strong></span> <span class='ocrx_word' id='word_1_767' title='bbox 2031 4269 2342 4326; x_wconf 88' lang='lat' dir='ltr'><strong>detrahendi</strong></span> <span class='ocrx_word' id='word_1_768' title='bbox 2372 4268 2646 4333; x_wconf 84' lang='lat' dir='ltr'><strong>Rul&#39;liuus,</strong></span> <span class='ocrx_word' id='word_1_769' title='bbox 2681 4267 2731 4323; x_wconf 91' lang='lat' dir='ltr'><strong>id</strong></span> <span class='ocrx_word' id='word_1_770' title='bbox 2764 4268 3044 4339; x_wconf 90' lang='lat' dir='ltr'><strong>scripserit</strong></span> <span class='ocrx_word' id='word_1_771' title='bbox 3075 4285 3088 4322; x_wconf 89' lang='lat'><strong>:</strong></span> <span class='ocrx_word' id='word_1_772' title='bbox 3123 4269 3295 4344; x_wconf 87' lang='lat' dir='ltr'><strong>voluit</strong></span> <span class='ocrx_word' id='word_1_773' title='bbox 3317 4285 3440 4323; x_wconf 86' lang='lat' dir='ltr'><strong>con-</strong></span> 
     </span>
    </p>
   </div>
   <div class='ocr_carea' id='block_1_104' title="bbox 1855 4362 3438 4432">
    <p class='ocr_par' dir='ltr' id='par_1_104' title="bbox 1855 4362 3438 4432">
     <span class='ocr_line' id='line_1_104' title="bbox 1855 4362 3438 4432; baseline -0.003 -12"><span class='ocrx_word' id='word_1_774' title='bbox 1855 4365 2094 4420; x_wconf 81' lang='lat' dir='ltr'><strong>uersionis</strong></span> <span class='ocrx_word' id='word_1_775' title='bbox 2125 4365 2361 4428; x_wconf 88' lang='lat' dir='ltr'><strong>nomine,</strong></span> <span class='ocrx_word' id='word_1_776' title='bbox 2391 4378 2493 4418; x_wconf 84' lang='lat' dir='ltr'><strong>non</strong></span> <span class='ocrx_word' id='word_1_777' title='bbox 2520 4369 2575 4417; x_wconf 92' lang='lat' dir='ltr'><strong>ut</strong></span> <span class='ocrx_word' id='word_1_778' title='bbox 2595 4362 2750 4432; x_wconf 86' lang='lat' dir='ltr'><strong>vulgo</strong></span> <span class='ocrx_word' id='word_1_779' title='bbox 2777 4363 3118 4431; x_wconf 88' lang='lat' dir='ltr'><strong>intelligunt,</strong></span> <span class='ocrx_word' id='word_1_780' title='bbox 3154 4363 3338 4416; x_wconf 84' lang='lat' dir='ltr'><strong>initam</strong></span> <span class='ocrx_word' id='word_1_781' title='bbox 3368 4363 3438 4417; x_wconf 89' lang='lat' dir='ltr'><strong>ab</strong></span> 
     </span>
    </p>
   </div>
   <div class='ocr_carea' id='block_1_105' title="bbox 1857 4454 3437 4529">
    <p class='ocr_par' dir='ltr' id='par_1_105' title="bbox 1857 4454 3437 4529">
     <span class='ocr_line' id='line_1_105' title="bbox 1857 4454 3437 4529; baseline -0.002 -16"><span class='ocrx_word' id='word_1_782' title='bbox 1857 4458 2183 4529; x_wconf 88' lang='lat' dir='ltr'><strong>Ilieronymo</strong></span> <span class='ocrx_word' id='word_1_783' title='bbox 2224 4456 2568 4510; x_wconf 89' lang='lat' dir='ltr'><strong>solitudinem</strong></span> <span class='ocrx_word' id='word_1_784' title='bbox 2593 4498 2608 4522; x_wconf 94' lang='lat'><strong>,</strong></span> <span class='ocrx_word' id='word_1_785' title='bbox 2638 4454 2731 4510; x_wconf 90' lang='lat' dir='ltr'><strong>sed</strong></span> <span class='ocrx_word' id='word_1_786' title='bbox 2772 4462 3076 4524; x_wconf 90' lang='lat' dir='ltr'><strong>susceptum</strong></span> <span class='ocrx_word' id='word_1_787' title='bbox 3110 4456 3437 4524; x_wconf 87' lang='lat' dir='ltr'><strong>Baptismum</strong></span> 
     </span>
    </p>
   </div>
   <div class='ocr_carea' id='block_1_106' title="bbox 1855 4546 3438 4618">
    <p class='ocr_par' dir='ltr' id='par_1_106' title="bbox 1855 4546 3438 4618">
     <span class='ocr_line' id='line_1_106' title="bbox 1855 4546 3438 4618; baseline -0.002 -14"><span class='ocrx_word' id='word_1_788' title='bbox 1855 4549 2362 4618; x_wconf 75' lang='lat' dir='ltr'><strong>signiticarezquem</strong></span> <span class='ocrx_word' id='word_1_789' title='bbox 2387 4561 2600 4602; x_wconf 90' lang='lat' dir='ltr'><strong>sensum</strong></span> <span class='ocrx_word' id='word_1_790' title='bbox 2636 4555 2775 4600; x_wconf 86' lang='lat' dir='ltr'><strong>totus</strong></span> <span class='ocrx_word' id='word_1_791' title='bbox 2796 4561 3006 4614; x_wconf 90' lang='lat' dir='ltr'><strong>quoque</strong></span> <span class='ocrx_word' id='word_1_792' title='bbox 3037 4547 3137 4600; x_wconf 69' lang='lat' dir='ltr'><strong>loti</strong></span> <span class='ocrx_word' id='word_1_793' title='bbox 3169 4546 3282 4616; x_wconf 88' lang='lat' dir='ltr'><strong>ejus</strong></span> <span class='ocrx_word' id='word_1_794' title='bbox 3304 4562 3438 4602; x_wconf 84' lang='lat' dir='ltr'><strong>con-</strong></span> 
     </span>
    </p>
   </div>
   <div class='ocr_carea' id='block_1_107' title="bbox 1859 4638 3439 4711">
    <p class='ocr_par' dir='ltr' id='par_1_107' title="bbox 1859 4638 3439 4711">
     <span class='ocr_line' id='line_1_107' title="bbox 1859 4638 3439 4711; baseline 0.001 -16"><span class='ocrx_word' id='word_1_795' title='bbox 1859 4650 2034 4696; x_wconf 79' lang='lat' dir='ltr'><strong>textus</strong></span> <span class='ocrx_word' id='word_1_796' title='bbox 2057 4640 2291 4710; x_wconf 66' lang='lat' dir='ltr'><strong>praefert.</strong></span> <span class='ocrx_word' id='word_1_797' title='bbox 2314 4640 2392 4694; x_wconf 87' lang='lat' dir='ltr'><strong>Ex</strong></span> <span class='ocrx_word' id='word_1_798' title='bbox 2413 4654 2518 4709; x_wconf 89' lang='lat' dir='ltr'><strong>quo</strong></span> <span class='ocrx_word' id='word_1_799' title='bbox 2540 4638 2667 4693; x_wconf 93' lang='lat' dir='ltr'><strong>illud</strong></span> <span class='ocrx_word' id='word_1_800' title='bbox 2692 4639 2881 4694; x_wconf 90' lang='lat' dir='ltr'><strong>iterum</strong></span> <span class='ocrx_word' id='word_1_801' title='bbox 2908 4640 3271 4706; x_wconf 78' lang='lat' dir='ltr'><strong>conﬁrmatur,</strong></span> <span class='ocrx_word' id='word_1_802' title='bbox 3295 4641 3439 4711; x_wconf 90' lang='lat' dir='ltr'><strong>quod</strong></span> 
     </span>
    </p>
   </div>
   <div class='ocr_carea' id='block_1_108' title="bbox 1857 4731 3439 4802">
    <p class='ocr_par' dir='ltr' id='par_1_108' title="bbox 1857 4731 3439 4802">
     <span class='ocr_line' id='line_1_108' title="bbox 1857 4731 3439 4802; baseline 0.001 -15"><span class='ocrx_word' id='word_1_803' title='bbox 1857 4734 2103 4802; x_wconf 86' lang='lat' dir='ltr'><strong>superius</strong></span> <span class='ocrx_word' id='word_1_804' title='bbox 2123 4748 2220 4786; x_wconf 91' lang='lat' dir='ltr'><strong>suo</strong></span> <span class='ocrx_word' id='word_1_805' title='bbox 2250 4731 2367 4786; x_wconf 91' lang='lat' dir='ltr'><strong>loco</strong></span> <span class='ocrx_word' id='word_1_806' title='bbox 2393 4731 2644 4797; x_wconf 83' lang='lat' dir='ltr'><strong>diximus,</strong></span> <span class='ocrx_word' id='word_1_807' title='bbox 2699 4731 2848 4786; x_wconf 93' lang='lat' dir='ltr'><strong>illum</strong></span> <span class='ocrx_word' id='word_1_808' title='bbox 2876 4746 2996 4787; x_wconf 91' lang='lat' dir='ltr'><strong>eum</strong></span> <span class='ocrx_word' id='word_1_809' title='bbox 3025 4732 3210 4787; x_wconf 77' lang='lat' dir='ltr'><strong>Romae</strong></span> <span class='ocrx_word' id='word_1_810' title='bbox 3239 4733 3439 4789; x_wconf 82' lang='lat' dir='ltr'><strong>libera-</strong></span> 
     </span>
    </p>
   </div>
   <div class='ocr_carea' id='block_1_109' title="bbox 1859 4822 3440 4891">
    <p class='ocr_par' dir='ltr' id='par_1_109' title="bbox 1859 4822 3440 4891">
     <span class='ocr_line' id='line_1_109' title="bbox 1859 4822 3440 4891; baseline 0 -11"><span class='ocrx_word' id='word_1_811' title='bbox 1859 4825 1998 4880; x_wconf 92' lang='lat' dir='ltr'><strong>libus</strong></span> <span class='ocrx_word' id='word_1_812' title='bbox 2024 4823 2216 4878; x_wconf 89' lang='lat' dir='ltr'><strong>studiis</strong></span> <span class='ocrx_word' id='word_1_813' title='bbox 2242 4822 2564 4888; x_wconf 73' lang='lat' dir='ltr'><strong>erudiretur,</strong></span> <span class='ocrx_word' id='word_1_814' title='bbox 2586 4838 2690 4877; x_wconf 88' lang='lat' dir='ltr'><strong>non</strong></span> <span class='ocrx_word' id='word_1_815' title='bbox 2723 4832 2899 4878; x_wconf 89' lang='lat' dir='ltr'><strong>autem</strong></span> <span class='ocrx_word' id='word_1_816' title='bbox 2929 4824 3124 4890; x_wconf 88' lang='lat' dir='ltr'><strong>serius,</strong></span> <span class='ocrx_word' id='word_1_817' title='bbox 3147 4837 3203 4879; x_wconf 92' lang='lat' dir='ltr'><strong>ut</strong></span> <span class='ocrx_word' id='word_1_818' title='bbox 3229 4825 3440 4891; x_wconf 87' lang='lat' dir='ltr'><strong>volunt,</strong></span> 
     </span>
    </p>
   </div>
   <div class='ocr_carea' id='block_1_110' title="bbox 1859 4913 3445 4986">
    <p class='ocr_par' dir='ltr' id='par_1_110' title="bbox 1859 4913 3445 4986">
     <span class='ocr_line' id='line_1_110' title="bbox 1859 4913 3445 4986; baseline 0.001 -14"><span class='ocrx_word' id='word_1_819' title='bbox 1859 4915 2116 4986; x_wconf 88' lang='lat' dir='ltr'><strong>Baptismi</strong></span> <span class='ocrx_word' id='word_1_820' title='bbox 2163 4914 2316 4984; x_wconf 90' lang='lat' dir='ltr'><strong>aquis</strong></span> <span class='ocrx_word' id='word_1_821' title='bbox 2347 4913 2532 4968; x_wconf 91' lang='lat' dir='ltr'><strong>lotum.</strong></span> <span class='ocrx_word' id='word_1_822' title='bbox 2584 4914 2828 4985; x_wconf 83' lang='lat' dir='ltr'><strong>Alioquin</strong></span> <span class='ocrx_word' id='word_1_823' title='bbox 2869 4915 2998 4970; x_wconf 90' lang='lat' dir='ltr'><strong>nihil</strong></span> <span class='ocrx_word' id='word_1_824' title='bbox 3055 4931 3175 4971; x_wconf 92' lang='lat' dir='ltr'><strong>eum</strong></span> <span class='ocrx_word' id='word_1_825' title='bbox 3221 4917 3445 4973; x_wconf 82' lang='lat' dir='ltr'><strong>scivisse</strong></span> 
     </span>
    </p>
   </div>
   <div class='ocr_carea' id='block_1_111' title="bbox 1859 5005 3447 5078">
    <p class='ocr_par' dir='ltr' id='par_1_111' title="bbox 1859 5005 3447 5078">
     <span class='ocr_line' id='line_1_111' title="bbox 1859 5005 3447 5078; baseline 0.001 -16"><span class='ocrx_word' id='word_1_826' title='bbox 1859 5007 2071 5078; x_wconf 90' lang='lat' dir='ltr'><strong>penitus</strong></span> <span class='ocrx_word' id='word_1_827' title='bbox 2097 5005 2302 5071; x_wconf 64' lang='lat' dir='ltr'><strong>Graece,</strong></span> <span class='ocrx_word' id='word_1_828' title='bbox 2332 5020 2452 5060; x_wconf 91' lang='lat' dir='ltr'><strong>cum</strong></span> <span class='ocrx_word' id='word_1_829' title='bbox 2489 5005 2541 5059; x_wconf 88' lang='lat' dir='ltr'><strong>in</strong></span> <span class='ocrx_word' id='word_1_830' title='bbox 2580 5005 2851 5062; x_wconf 80' lang='lat' dir='ltr'><strong>Orientem</strong></span> <span class='ocrx_word' id='word_1_831' title='bbox 2875 5008 3324 5078; x_wconf 81' lang='lat' dir='ltr'><strong>peregrinaretur,</strong></span> <span class='ocrx_word' id='word_1_832' title='bbox 3345 5010 3447 5064; x_wconf 85' lang='lat' dir='ltr'><strong>mi-</strong></span> 
     </span>
    </p>
   </div>
   <div class='ocr_carea' id='block_1_112' title="bbox 1862 5097 3447 5168">
    <p class='ocr_par' dir='ltr' id='par_1_112' title="bbox 1862 5097 3447 5168">
     <span class='ocr_line' id='line_1_112' title="bbox 1862 5097 3447 5168; baseline 0.001 -16"><span class='ocrx_word' id='word_1_833' title='bbox 1862 5099 2003 5153; x_wconf 92' lang='lat' dir='ltr'><strong>nime</strong></span> <span class='ocrx_word' id='word_1_834' title='bbox 2028 5097 2217 5152; x_wconf 89' lang='lat' dir='ltr'><strong>adduci</strong></span> <span class='ocrx_word' id='word_1_835' title='bbox 2240 5112 2457 5168; x_wconf 90' lang='lat' dir='ltr'><strong>possum</strong></span> <span class='ocrx_word' id='word_1_836' title='bbox 2480 5139 2494 5163; x_wconf 94' lang='lat'><strong>,</strong></span> <span class='ocrx_word' id='word_1_837' title='bbox 2526 5105 2584 5151; x_wconf 89' lang='lat' dir='ltr'><strong>ut</strong></span> <span class='ocrx_word' id='word_1_838' title='bbox 2625 5097 2862 5151; x_wconf 85' lang='lat' dir='ltr'><strong>credam.</strong></span> <span class='ocrx_word' id='word_1_839' title='bbox 2898 5097 2966 5153; x_wconf 91' lang='lat' dir='ltr'><strong>Ut</strong></span> <span class='ocrx_word' id='word_1_840' title='bbox 3009 5107 3186 5153; x_wconf 90' lang='lat' dir='ltr'><strong>autem</strong></span> <span class='ocrx_word' id='word_1_841' title='bbox 3224 5099 3275 5153; x_wconf 91' lang='lat' dir='ltr'><strong>in</strong></span> <span class='ocrx_word' id='word_1_842' title='bbox 3330 5097 3447 5154; x_wconf 86' lang='lat' dir='ltr'><strong>dies</strong></span> 
     </span>
    </p>
   </div>
   <div class='ocr_carea' id='block_1_113' title="bbox 1861 5187 3448 5259">
    <p class='ocr_par' dir='ltr' id='par_1_113' title="bbox 1861 5187 3448 5259">
     <span class='ocr_line' id='line_1_113' title="bbox 1861 5187 3448 5259; baseline 0 -15"><span class='ocrx_word' id='word_1_843' title='bbox 1861 5189 2029 5259; x_wconf 86' lang='lat' dir='ltr'><strong>magis</strong></span> <span class='ocrx_word' id='word_1_844' title='bbox 2057 5187 2329 5258; x_wconf 87' lang='lat' dir='ltr'><strong>magisque</strong></span> <span class='ocrx_word' id='word_1_845' title='bbox 2355 5187 2576 5242; x_wconf 88' lang='lat' dir='ltr'><strong>calleret</strong></span> <span class='ocrx_word' id='word_1_846' title='bbox 2604 5202 2720 5243; x_wconf 85' lang='lat' dir='ltr'><strong>eam</strong></span> <span class='ocrx_word' id='word_1_847' title='bbox 2756 5187 2988 5258; x_wconf 82' lang='lat' dir='ltr'><strong>linguam</strong></span> <span class='ocrx_word' id='word_1_848' title='bbox 3010 5230 3026 5256; x_wconf 95' lang='lat'><strong>,</strong></span> <span class='ocrx_word' id='word_1_849' title='bbox 3059 5189 3448 5245; x_wconf 75' lang='lat' dir='ltr'><strong>consuetudine</strong></span> 
     </span>
    </p>
   </div>
   <div class='ocr_carea' id='block_1_114' title="bbox 1863 5278 3447 5354">
    <p class='ocr_par' dir='ltr' id='par_1_114' title="bbox 1863 5278 3447 5354">
     <span class='ocr_line' id='line_1_114' title="bbox 1863 5278 3447 5354; baseline 0.002 -20"><span class='ocrx_word' id='word_1_850' title='bbox 1863 5279 1951 5335; x_wconf 90' lang='lat' dir='ltr'><strong>illa</strong></span> <span class='ocrx_word' id='word_1_851' title='bbox 1999 5295 2119 5334; x_wconf 91' lang='lat' dir='ltr'><strong>cum</strong></span> <span class='ocrx_word' id='word_1_852' title='bbox 2178 5279 2380 5334; x_wconf 63' lang='lat' dir='ltr'><strong>Graecis</strong></span> <span class='ocrx_word' id='word_1_853' title='bbox 2419 5278 2700 5334; x_wconf 91' lang='lat' dir='ltr'><strong>commode</strong></span> <span class='ocrx_word' id='word_1_854' title='bbox 2732 5281 2908 5349; x_wconf 90' lang='lat' dir='ltr'><strong>posuit</strong></span> <span class='ocrx_word' id='word_1_855' title='bbox 2935 5280 3196 5337; x_wconf 91' lang='lat' dir='ltr'><strong>obtinere.</strong></span> <span class='ocrx_word' id='word_1_856' title='bbox 3229 5283 3291 5337; x_wconf 89' lang='lat' dir='ltr'><strong>Et</strong></span> <span class='ocrx_word' id='word_1_857' title='bbox 3317 5298 3447 5354; x_wconf 86' lang='lat' dir='ltr'><strong>sane</strong></span> 
     </span>
    </p>
   </div>
   <div class='ocr_carea' id='block_1_115' title="bbox 1863 5372 3446 5443">
    <p class='ocr_par' dir='ltr' id='par_1_115' title="bbox 1863 5372 3446 5443">
     <span class='ocr_line' id='line_1_115' title="bbox 1863 5372 3446 5443; baseline 0.001 -18"><span class='ocrx_word' id='word_1_858' title='bbox 1863 5386 1981 5426; x_wconf 78' lang='lat' dir='ltr'><strong>cum</strong></span> <span class='ocrx_word' id='word_1_859' title='bbox 2011 5372 2159 5427; x_wconf 87' lang='lat' dir='ltr'><strong>Tarsi</strong></span> <span class='ocrx_word' id='word_1_860' title='bbox 2191 5381 2390 5442; x_wconf 89' lang='lat' dir='ltr'><strong>ageret,</strong></span> <span class='ocrx_word' id='word_1_861' title='bbox 2425 5372 2494 5426; x_wconf 88' lang='lat' dir='ltr'><strong>ita</strong></span> <span class='ocrx_word' id='word_1_862' title='bbox 2524 5380 2790 5439; x_wconf 81' lang='lat' dir='ltr'><strong>noverat,</strong></span> <span class='ocrx_word' id='word_1_863' title='bbox 2825 5382 2881 5427; x_wconf 92' lang='lat' dir='ltr'><strong>ut</strong></span> <span class='ocrx_word' id='word_1_864' title='bbox 2909 5373 3070 5428; x_wconf 89' lang='lat' dir='ltr'><strong>etiam</strong></span> <span class='ocrx_word' id='word_1_865' title='bbox 3115 5391 3233 5443; x_wconf 63' lang='lat' dir='ltr'><strong>quin</strong></span> <span class='ocrx_word' id='word_1_866' title='bbox 3262 5384 3446 5428; x_wconf 78' lang='lat' dir='ltr'><strong>essent</strong></span> 
     </span>
    </p>
   </div>
   <div class='ocr_carea' id='block_1_116' title="bbox 1861 5463 3442 5534">
    <p class='ocr_par' dir='ltr' id='par_1_116' title="bbox 1861 5463 3442 5534">
     <span class='ocr_line' id='line_1_116' title="bbox 1861 5463 3442 5534; baseline -0.001 -15"><span class='ocrx_word' id='word_1_867' title='bbox 1861 5465 2084 5519; x_wconf 89' lang='lat' dir='ltr'><strong>Cilicum</strong></span> <span class='ocrx_word' id='word_1_868' title='bbox 2109 5463 2301 5534; x_wconf 81' lang='lat' dir='ltr'><strong>lingua:</strong></span> <span class='ocrx_word' id='word_1_869' title='bbox 2330 5464 2704 5534; x_wconf 85' lang='lat' dir='ltr'><strong>proprietates,</strong></span> <span class='ocrx_word' id='word_1_870' title='bbox 2731 5464 2924 5532; x_wconf 90' lang='lat' dir='ltr'><strong>quibus</strong></span> <span class='ocrx_word' id='word_1_871' title='bbox 2948 5464 3002 5519; x_wconf 92' lang='lat' dir='ltr'><strong>in</strong></span> <span class='ocrx_word' id='word_1_872' title='bbox 3030 5464 3281 5534; x_wconf 85' lang='lat' dir='ltr'><strong>Epistolis</strong></span> <span class='ocrx_word' id='word_1_873' title='bbox 3330 5463 3442 5517; x_wconf 72' lang='lat' dir='ltr'><strong>suis</strong></span> 
     </span>
    </p>
   </div>
   <div class='ocr_carea' id='block_1_117' title="bbox 1865 5553 3445 5625">
    <p class='ocr_par' dir='ltr' id='par_1_117' title="bbox 1865 5553 3445 5625">
     <span class='ocr_line' id='line_1_117' title="bbox 1865 5553 3445 5625; baseline -0.003 -14"><span class='ocrx_word' id='word_1_874' title='bbox 1865 5554 2062 5611; x_wconf 81' lang='lat' dir='ltr'><strong>Paulus</strong></span> <span class='ocrx_word' id='word_1_875' title='bbox 2098 5569 2226 5609; x_wconf 85' lang='lat' dir='ltr'><strong>usus</strong></span> <span class='ocrx_word' id='word_1_876' title='bbox 2251 5563 2354 5619; x_wconf 87' lang='lat' dir='ltr'><strong>est,</strong></span> <span class='ocrx_word' id='word_1_877' title='bbox 2383 5555 2450 5609; x_wconf 87' lang='lat' dir='ltr'><strong>ab</strong></span> <span class='ocrx_word' id='word_1_878' title='bbox 2477 5554 2680 5625; x_wconf 89' lang='lat' dir='ltr'><strong>reliqua</strong></span> <span class='ocrx_word' id='word_1_879' title='bbox 2711 5553 2996 5610; x_wconf 66' lang='lat' dir='ltr'><strong>Graecitate</strong></span> <span class='ocrx_word' id='word_1_880' title='bbox 3034 5555 3445 5607; x_wconf 90' lang='lat' dir='ltr'><strong>internosceret.</strong></span> 
     </span>
    </p>
   </div>
   <div class='ocr_carea' id='block_1_118' title="bbox 1865 5640 3446 5716">
    <p class='ocr_par' dir='ltr' id='par_1_118' title="bbox 1865 5640 3446 5716">
     <span class='ocr_line' id='line_1_118' title="bbox 1865 5640 3446 5716; baseline -0.004 -14"><span class='ocrx_word' id='word_1_881' title='bbox 1865 5647 1944 5702; x_wconf 80' lang='lat' dir='ltr'><strong>Ad</strong></span> <span class='ocrx_word' id='word_1_882' title='bbox 1973 5647 2106 5712; x_wconf 62' lang='lat' dir='ltr'><strong>haec,</strong></span> <span class='ocrx_word' id='word_1_883' title='bbox 2136 5662 2258 5702; x_wconf 90' lang='lat' dir='ltr'><strong>cum</strong></span> <span class='ocrx_word' id='word_1_884' title='bbox 2288 5646 2622 5700; x_wconf 79' lang='lat' dir='ltr'><strong>Antiochiam</strong></span> <span class='ocrx_word' id='word_1_885' title='bbox 2651 5645 2809 5716; x_wconf 92' lang='lat' dir='ltr'><strong>paulo</strong></span> <span class='ocrx_word' id='word_1_886' title='bbox 2831 5652 2950 5712; x_wconf 86' lang='lat' dir='ltr'><strong>post</strong></span> <span class='ocrx_word' id='word_1_887' title='bbox 2975 5643 3138 5704; x_wconf 82' lang='lat' dir='ltr'><strong>venit,</strong></span> <span class='ocrx_word' id='word_1_888' title='bbox 3166 5640 3446 5710; x_wconf 79' lang='lat' dir='ltr'><strong>Aporlina-</strong></span> 
     </span>
    </p>
   </div>
   <div class='ocr_carea' id='block_1_119' title="bbox 1865 5731 3444 5806">
    <p class='ocr_par' dir='ltr' id='par_1_119' title="bbox 1865 5731 3444 5806">
     <span class='ocr_line' id='line_1_119' title="bbox 1865 5731 3444 5806; baseline -0.002 -14"><span class='ocrx_word' id='word_1_889' title='bbox 1865 5739 2025 5802; x_wconf 89' lang='lat' dir='ltr'><strong>rium,</strong></span> <span class='ocrx_word' id='word_1_890' title='bbox 2054 5746 2109 5791; x_wconf 94' lang='lat' dir='ltr'><strong>ut</strong></span> <span class='ocrx_word' id='word_1_891' title='bbox 2133 5736 2385 5803; x_wconf 76' lang='lat' dir='ltr'><strong>diximus,</strong></span> <span class='ocrx_word' id='word_1_892' title='bbox 2413 5735 2722 5806; x_wconf 82' lang='lat' dir='ltr'><strong>frequenter</strong></span> <span class='ocrx_word' id='word_1_893' title='bbox 2749 5733 2900 5797; x_wconf 87' lang='lat' dir='ltr'><strong>adiit,</strong></span> <span class='ocrx_word' id='word_1_894' title='bbox 2920 5741 3076 5800; x_wconf 88' lang='lat' dir='ltr'><strong>atque</strong></span> <span class='ocrx_word' id='word_1_895' title='bbox 3091 5731 3310 5793; x_wconf 87' lang='lat' dir='ltr'><strong>audivit,</strong></span> <span class='ocrx_word' id='word_1_896' title='bbox 3339 5748 3444 5789; x_wconf 90' lang='lat' dir='ltr'><strong>non</strong></span> 
     </span>
    </p>
   </div>
   <div class='ocr_carea' id='block_1_120' title="bbox 1867 5824 3444 5896">
    <p class='ocr_par' dir='ltr' id='par_1_120' title="bbox 1867 5824 3444 5896">
     <span class='ocr_line' id='line_1_120' title="bbox 1867 5824 3444 5896; baseline -0.001 -14"><span class='ocrx_word' id='word_1_897' title='bbox 1867 5830 1967 5885; x_wconf 89' lang='lat' dir='ltr'><strong>alia</strong></span> <span class='ocrx_word' id='word_1_898' title='bbox 1996 5838 2140 5884; x_wconf 86' lang='lat' dir='ltr'><strong>certe</strong></span> <span class='ocrx_word' id='word_1_899' title='bbox 2169 5842 2323 5896; x_wconf 88' lang='lat' dir='ltr'><strong>quam</strong></span> <span class='ocrx_word' id='word_1_900' title='bbox 2343 5826 2527 5882; x_wconf 75' lang='lat' dir='ltr'><strong>Grtcca</strong></span> <span class='ocrx_word' id='word_1_901' title='bbox 2548 5829 2719 5893; x_wconf 85' lang='lat' dir='ltr'><strong>lingua</strong></span> <span class='ocrx_word' id='word_1_902' title='bbox 2747 5824 3051 5890; x_wconf 85' lang='lat' dir='ltr'><strong>Scripturas</strong></span> <span class='ocrx_word' id='word_1_903' title='bbox 3067 5834 3444 5888; x_wconf 78' lang='lat' dir='ltr'><strong>exponentem:</strong></span> 
     </span>
    </p>
   </div>
  </div>
