4004 6328
230 403 295 466 33
1493 401 1550 455 s.
1596 386 1968 454 uttzuoxn‘u
2012 383 2190 452 Vl‘l‘a.
2719 452 2742 466 _
3420 390 3492 460 α

233 542 328 578 uutt
355 519 589 593 ignobile
617 519 779 576 ltalit'e
805 516 1081 589 oppidum)
1115 515 1178 570 ad
1211 524 1369 587 quem
1401 515 1604 570 interea
1632 513 1798 567 ador-

231 627 396 669 natam
425 612 524 666 abs
567 628 626 666 se
668 627 856 666 recens
885 610 1059 665 Vitam
1106 608 1286 664 Sancti
1326 608 1475 662 Pauli
1511 606 1799 670 Eremitaa,

228 723 375 779 quam
407 705 576 761 modo
605 705 974 760 recensuimus
995 745 1009 767 ,
1050 704 1196 758 dono
1237 702 1417 756 mittit.
1458 701 1586 768 Quze
1618 699 1805 752 subse-

227 809 456 870 quuntur
484 807 620 862 tres,
644 797 710 851 ad
738 796 977 866 Virgines
999 793 1376 859 Emonenses,
1401 791 1466 845 ad
1490 791 1798 853 Antonium,

225 901 272 943 et
293 888 355 941 ad
381 887 724 941 Castorinam
749 886 937 940 eodem
963 884 1188 939 fortasse
1207 897 1369 947 anno,
1389 882 1482 936 sed
1501 882 1599 934 alia
1625 889 1800 934 tamen

225 980 498 1034 occasione
520 1021 534 1042 ,
570 987 622 1032 et
653 974 932 1046 aliquanto
961 986 1079 1046 post
1122 976 1428 1045 superiores
1459 975 1597 1026 datre
1628 972 1799 1026 videri

225 1081 457 1142 possunt.
493 1070 736 1125 Dederat
760 1071 958 1140 quippe
987 1071 1092 1124 illis
1115 1078 1270 1122 antea
1296 1068 1476 1137 plures
1500 1067 1651 1129 alias,
1678 1065 1802 1135 quis

222 1164 312 1218 bus
351 1163 693 1234 respondere
733 1178 854 1216 cum
901 1162 1296 1232 neglexissent,
1332 1158 1485 1212 valde
1523 1158 1800 1227 queritur,

222 1269 537 1324 rursumque
571 1253 676 1320 his,
711 1263 762 1306 ut
793 1253 1008 1307 demum
1035 1252 1348 1312 rescribam,
1374 1248 1634 1302 hortatur.
1665 1247 1803 1299 Duas

222 1347 418 1415 priores
469 1345 619 1417 quod
668 1355 918 1416 spectat,
952 1353 1166 1399 notatus
1212 1344 1437 1413 primum
1468 1340 1622 1395 nobis
1650 1347 1803 1393 vetus

222 1440 321 1502 ille,
354 1448 408 1492 et
434 1439 530 1509 qui
566 1438 828 1493 hactenus
859 1436 1083 1491 iuvaluit
1111 1434 1248 1504 apud
1278 1434 1544 1497 Editores,
1575 1445 1638 1484 ac
1668 1429 1802 1483 Vita:

217 1531 651 1602 llieronymiaua:
671 1531 972 1601 Scriptores
995 1543 1202 1594 omnes,
1231 1526 1498 1582 cavendus
1525 1533 1605 1580 est
1627 1538 1800 1578 error.

220 1623 592 1678 llernionenses
623 1625 766 1678 enim
805 1623 1048 1692 Virgines
1079 1623 1213 1687 istm,
1234 1632 1290 1675 ιιι
1317 1624 1370 1675 et
1393 1619 1657 1674 Antonius
1687 1617 1802 1672 Μυι

215 1717 406 1771 uachus
434 1715 804 1770 Ilermonensis
821 1715 1206 1780 scribebantur,
1237 1725 1283 1768 et
1309 1726 1622 1782 persuasum
1644 1709 1802 1777 vulgo

212 1818 314 1860 erat
340 1851 354 1874 ,
389 1823 488 1862 eos
532 1809 584 1861 iu
624 1807 850 1861 llcrinon
891 1808 1188 1861 Palaestinas
1225 1815 1459 1859 montem
1505 1803 1665 1857 vitam
1710 1801 1802 1855 dc-

211 1902 363 1969 gisse.
393 1900 756 1955 Ostendimus
785 1909 962 1954 autem
991 1915 1086 1953 nos
1113 1899 1229 1954 luce
1259 1898 1550 1952 meridiana
1578 1895 1798 1957 clarius,

212 1991 360 2061 idque
390 1995 562 2047 etiam
594 1992 810 2061 optima:
857 2000 992 2044 notae
1020 1990 1260 2044 eodicum
1292 1985 1605 2043 auctoritate
1637 1987 1800 2041 evici-

212 2099 340 2148 mns,
369 2083 790 2139 rescribendum
818 2074 1175 2146 1Einonenses,
1199 2091 1253 2152 et
1279 2095 1610 2151 nequaquam
1640 2093 1798 2132 mons

211 2187 308 2231 tem
328 2177 670 2243 Pala‘stinar,
693 2177 745 2230 in
769 2193 868 2246 qua
895 2175 1126 2229 nondum
1151 2185 1392 2229 versatus
1416 2173 1588 2227 fuerat
1610 2172 1669 2226 S.
1697 2171 1800 2225 Pa-

210 2280 311 2336 ter,
345 2271 446 2326 sed
483 2271 679 2326 urbem
707 2270 810 2324 dici
843 2271 894 2322 iu
925 2269 1088 2322 Italia:
1120 2268 1314 2322 finibus
1343 2284 1448 2320 non
1481 2266 1800 2336 ignobilem,

207 2359 491 2417 A‘Jinonam
519 2405 533 2428 ,
564 2364 680 2416 sire
716 2361 1001 2415 Ilenionum
1029 2403 1042 2424 ,
1072 2361 1305 2430 antiquis
1333 2359 1663 2427 Gi-03raphis
1691 2358 1806 2409 laus

207 2456 409 2523 datam,
447 2456 557 2511 sub
584 2455 784 2510 Norico
818 2454 1106 2508 Pannonia:
1131 2494 1144 2517 ,
1177 2463 1231 2508 et
1260 2467 1416 2521 quam
1447 2451 1665 2504 iutoluit
1697 2450 1808 2518 ipse

206 2546 570 2616 aliquandiu,
601 2555 788 2615 utpote
820 2545 1006 2614 patria:
1034 2559 1143 2597 sum
1177 2543 1409 2598 Stridoui
1434 2586 1447 2604 ,
1480 2551 1538 2596 ut
1564 2541 1804 2608 videtur,

203 2639 636 2692 cauterminam.
655 2637 858 2703 Altera,
875 2637 988 2690 sive
1005 2635 1138 2689 Xlll.
1156 2651 1274 2705 quze
1295 2645 1372 2689 est
1395 2634 1457 2687 ad
1471 2634 1802 2688 Castorinam

205 2737 570 2784 materteram
605 2736 724 2796 post
751 2742 949 2780 annum
979 2726 1098 2780 data
1128 2736 1209 2780 est
1238 2741 1263 2777 a
1293 2727 1468 2794 priore
1493 2725 1618 2791 alia,
1645 2739 1802 2794 quam

205 2821 262 2875 ad
310 2836 439 2876 eam
477 2819 778 2890 scripserat
811 2820 1101 2889 (intercidit
1133 2818 1332 2890 autem)
1362 2828 1416 2872 ut
1451 2818 1578 2872 illttd
1621 2819 1802 2873 nescio

205 2916 323 2984 quid
355 2912 517 2984 quod
547 2929 671 2968 cum
701 2927 761 2966 ea
791 2912 1052 2966 habuerat
1079 2913 1304 2977 dissidii,
1333 2922 1679 2982 componeret
1704 2953 1718 2978 ,
1749 2921 1803 2968 et

213 3007 273 3060 ad
304 3020 528 3077 pacem,
562 3019 723 3074 quam
754 3004 804 3058 in
839 3005 935 3058 hac
967 3004 1141 3058 denuo
1170 3016 1286 3059 orat
1311 3047 1325 3070 ,
1355 3006 1801 3076 concordiamque

209 3097 493 3154 invitaret.
529 3096 657 3151 Visa
687 3096 826 3150 adeo
858 3106 937 3151 est
970 3108 1233 3166 postrema
1266 3114 1328 3153 ex
1357 3096 1440 3153 his
1465 3113 1584 3167 qua:
1609 3114 1797 3166 super-

210 3200 347 3255 sunt,
371 3199 428 3245 et
457 3204 587 3259 qua:
614 3188 966 3258 Epistolarum
989 3189 1056 3240 ad
1077 3188 1297 3244 diversos
1324 3189 1570 3253 libellum,
1604 3199 1659 3244 ιιι
1689 3191 1800 3260 ipse

212 3293 358 3337 vocat
390 3282 764 3352 Hieronymus
795 3281 846 3334 in
877 3279 1152 3350 Catalogo,
1182 3280 1558 3337 conficiebant.

277 3376 363 3431 lll.
388 3373 654 3432 Succedit
684 3372 767 3427 his
795 3375 896 3428 sub
923 3375 1171 3442 peculiari
1200 3375 1511 3430 recensione
1533 3376 1601 3428 ad
1629 3374 1800 3429 [Irtio-

215 3469 386 3522 doruin
422 3465 787 3522 exhortatoria
812 3507 828 3532 ,
878 3481 996 3534 qua:
1041 3481 1200 3520 omne
1245 3466 1363 3520 tulit
1400 3468 1612 3538 pictatis
1643 3477 1801 3537 atque

216 3558 536 3613 eruditionis
571 3566 852 3628 punctum.
891 3556 1114 3612 Videtur
1153 3559 1311 3612 etiam
1357 3557 1520 3613 fuisse
1549 3562 1801 3628 temporis

218 3650 581 3721 pnerogativa
623 3647 899 3702 nonnullis
937 3663 1002 3703 ex
1035 3648 1192 3702 modo
1226 3650 1504 3703 recensitis
1549 3650 1803 3718 Epistolis

220 3741 550 3812 praferenda
586 3760 598 3795 :
634 3739 895 3812 siquidem
941 3741 1121 3795 statim
1163 3740 1230 3794 ab
1265 3751 1475 3812 arrepta
1518 3743 1803 3797 solitudine

220 3836 467 3904 scriptam
502 3849 563 3888 se
593 3831 810 3900 prodit;
853 3831 944 3886 sed
986 3831 1088 3885 huc
1118 3847 1236 3886 eam
1279 3832 1481 3887 referre
1521 3834 1804 3902 singularis

221 3927 396 3980 titulus
446 3925 594 3994 Cogit
620 3964 636 3989 ,
669 3934 827 3994 atque
857 3921 990 3978 ordo
1018 3937 1176 3992 quem
1211 3923 1261 3974 in
1294 3921 1547 3991 Catalogo
1575 3922 1802 3977 oluinet.

222 4017 412 4072 Abiens
447 4017 517 4071 ab
554 4015 880 4086 Hieronymo
911 4013 1252 4075 Heliodorus,
1288 4020 1344 4066 ut
1374 4013 1532 4082 paulo
1562 4015 1806 4080 superius

224 4111 512 4173 innuimus,
545 4124 697 4179 Spem
725 4108 796 4162 illi
830 4107 1126 4177 reliquerat
1158 4105 1290 4171 fore,
1326 4113 1382 4158 ut
1415 4114 1688 4174 postquam
1716 4120 1805 4160 rc-

224 4203 313 4258 bus
337 4202 659 4259 domesticis
683 4201 733 4255 in
762 4203 928 4270 patria
954 4198 1331 4263 coosuloisset,
1361 4197 1412 4252 in
1442 4197 1803 4265 solitudinem,

225 4297 271 4349 in
297 4313 398 4368 qua
430 4306 562 4349 tunc
588 4293 817 4348 detineri
853 4292 1109 4362 pr0positi
1143 4292 1324 4346 socius
1353 4307 1457 4345 non
1494 4293 1681 4361 potuit,
1717 4306 1808 4362 pc-

226 4388 337 4444 dem
369 4387 624 4444 referret.
666 4385 804 4454 Quin
835 4385 996 4440 etiam
1040 4385 1213 4454 ipsum
1248 4394 1567 4455 rogaverat,
1597 4396 1653 4439 ut
1684 4399 1804 4440 cum

227 4495 462 4534 cremum
491 4486 870 4548 penetrasset,
901 4492 962 4531 ea
992 4493 1153 4546 super
1183 4491 1240 4531 re
1271 4477 1618 4531 hortatoriam
1650 4477 1714 4530 ad
1747 4491 1806 4533 se

230 4571 517 4640 Epistulam
567 4569 852 4624 scriberet.
897 4567 1044 4622 llanc
1089 4568 1266 4637 itaque
1305 4566 1364 4622 S.
1393 4566 1551 4622 Pater
1578 4567 1806 4622 Calcidis

229 4661 431 4717 deserta
461 4660 677 4716 vixdum
708 4660 1002 4729 ingressus,
1034 4659 1525 4728 eloquentissimam
1552 4659 1805 4713 adhorta-

233 4757 456 4819 tionem,
500 4749 957 4824 quemadmodum
1003 4749 1304 4806 discedenti
1353 4751 1708 4816 promiserat,
1737 4749 1805 4804 ad

232 4859 342 4899 eum
370 4845 516 4899 misit
542 4861 554 4898 :
580 4842 633 4898 in
661 4857 764 4914 qua
787 4840 923 4896 Vita:
943 4842 1232 4896 eremitica:
1255 4841 1638 4896 beatitudinem
1665 4859 1805 4913 pra:-

231 4935 427 5002 dicans,
457 4934 591 4991 nihil
623 4934 723 4989 sibi
754 4935 806 4988 in
830 4949 896 4989 eo
926 4941 1240 5004 argumento
1264 4975 1278 5001 ,
1308 4933 1394 4987 vel
1424 4949 1486 4988 ex
1519 4934 1804 4990 Rhetorica

233 5038 356 5095 arte,
378 5029 458 5083 vel
483 5044 548 5083 ex
572 5027 788 5098 pictatis
809 5026 973 5087 cultu,
994 5025 1294 5096 divinisque
1311 5025 1524 5079 Litteris
1543 5027 1804 5097 reliquum

234 5115 368 5174 fecit.
399 5119 558 5175 Tanti
590 5118 830 5188 profecto
860 5118 993 5172 facta
1026 5127 1134 5182 est,
1168 5133 1288 5172 cum
1320 5118 1614 5188 Aquileiam
1647 5129 1805 5189 atque

233 5205 280 5261 in
311 5210 575 5279 publicam
607 5209 780 5264 lucem
828 5209 1013 5274 venit,
1055 5218 1112 5264 ut
1155 5209 1398 5263 certatim
1447 5209 1515 5263 ah
1554 5210 1804 5266 omnibus

233 5299 340 5368 ejus
366 5301 610 5372 exempla
643 5300 1118 5367 describerentur,
1153 5299 1350 5355 fuerint
1393 5302 1550 5356 etiam
1584 5302 1802 5368 llotnze,

234 5394 314 5462 qui
340 5411 458 5450 eam
500 5395 815 5449 memoriter
843 5392 1147 5449 didicerint.
1179 5393 1310 5464 Ejus
1340 5407 1439 5448 nec
1482 5395 1646 5448 semel
1677 5395 1803 5452 alibi

236 5487 548 5540 mentionem
579 5485 637 5542 S.
673 5486 788 5555 ipse
829 5487 1029 5539 Auctor
1059 5484 1202 5538 facit.
1240 5483 1556 5539 Heliodorus
1580 5493 1756 5542 autem
1787 5527 1802 5553 ,

237 5589 344 5633 cum
372 5596 490 5635 eam
519 5579 758 5650 accepit,
792 5579 891 5634 etsi
925 5577 1160 5632 nondum
1192 5578 1242 5632 in
1271 5575 1425 5634 Clero
1453 5587 1706 5647 mereret,
1737 5580 1803 5635 ad

237 5682 347 5726 eum
376 5685 550 5728 tatnen
573 5673 697 5727 vita:
719 5670 960 5726 ordinem
991 5679 1227 5732 vocatus,
1263 5680 1319 5722 ιιι
1341 5671 1392 5724 ἰιι
1419 5669 1627 5740 Syriam
1657 5671 1804 5728 redi-

240 5774 350 5831 ret,
381 5767 670 5837 impetrare
699 5766 769 5820 ah
797 5781 857 5822 se
889 5765 1004 5836 ipso
1046 5781 1150 5821 non
1183 5765 1353 5836 potuit
1382 5783 1394 5819 :
1423 5765 1516 5820 sed
1549 5763 1806 5820 Ecclesiae

239 5858 521 5918 ministerio
547 5860 775 5919 devotus
801 5901 817 5927 ,
849 5859 1121 5930 sacrisque
1153 5857 1493 5930 postmodum
1526 5857 1796 5927 initiatus,

2719 452 2743 478 ‘

1852 508 1859 517 ’
1913 510 1976 564 ad
2008 509 2304 564 Altinensis
2344 510 2504 565 etiam
2554 511 2804 583 Episcopi
2855 515 3166 585 dignitatem
3210 531 3304 586 per
3330 515 3492 572 Chri-

1911 605 2240 670 stianarum,
2282 605 2622 676 maximeque
2667 607 2954 678 insignium
2998 611 3249 666 virtutum
3293 610 3492 681 gradus

1910 695 2190 764 processit.

2519 811 2747 868 CAPUT
2786 813 2876 869 ΧΙ.

1911 939 1952 993 l.
1986 940 2298 997 Antiochena
2341 944 2567 1000 Ecclesia
2611 950 2761 1002 trium
2805 951 2956 1004 simul
3002 952 3366 1025 Epist-aporum
3413 961 3493 1030 "fa-

1983 1034 2230 1088 rtionibus
2258 1038 2500 1106 agitatur.
2537 1038 2600 1091 ll.
2629 1039 2858 1106 Quarum
2888 1059 3197 1115 unaqnazqne
3232 1046 3493 1119 Hierony-

1983 1139 2117 1175 mum
2157 1125 2224 1178 ad
2263 1143 2317 1178 se
2351 1145 2528 1194 rapere
2564 1131 2836 1184 contendit.
2881 1133 2970 1188 ΙΙΙ.
3009 1133 3092 1188 Ex
3121 1137 3199 1189 Itis
3231 1135 3492 1192 Meletiani

1982 1217 2134 1268 trium
2167 1220 2230 1271 ab
2261 1219 2348 1271 illo
2390 1221 2722 1289 [typostaseou
2750 1226 3112 1293 professione»:
3146 1231 3485 1295 expostulant.

1981 1307 2069 1361 IV.
2103 1307 2289 1362 Scribit
2321 1309 2407 1362 ille
2434 1311 2501 1363 ad
2533 1311 2810 1366 Damasum
2837 1317 3010 1379 semel,
3041 1326 3188 1384 atque
3219 1320 3399 1372 iterum
3428 1338 3487 1374 ea

1981 1400 2043 1454 de
2067 1417 2140 1453 re.
2175 1401 2235 1453 V'.
2263 1399 2460 1456 Prioris
2488 1403 2732 1472 Epistula:
2759 1417 2954 1476 tempus
2979 1411 3219 1464 asseritur
3252 1422 3297 1466 et
3327 1414 3490 1466 vindi-

1979 1502 2144 1545 catur.
2179 1490 2264 1545 γι.
2310 1492 2661 1549 Factiosorum
2702 1501 3007 1568 «negantia:
3048 1503 3225 1556 cedere
3261 1505 3490 1564 compul-

1977 1599 2064 1636 sus
2093 1582 2155 1637 S.
2183 1584 2495 1650 adolescens,
2529 1589 2594 1640 de
2632 1605 2797 1642 eremo
2825 1592 3102 1646 deserenda
3130 1595 3336 1665 militat.
3374 1595 3485 1651 VII.

1979 1672 2168 1727 Scribit
2198 1677 2265 1727 atl
2295 1675 2548 1731 Marcum.

1981 1807 2020 1860 Ι.
2054 1808 2125 1861 Ea
2154 1819 2330 1864 mente
2361 1811 2716 1884 Hieronymus
2755 1829 2876 1872 sese
2912 1818 2964 1872 in
3003 1835 3063 1873 ea
3094 1819 3265 1892 Syrta:
3305 1837 3489 1876 eremo

1907 1899 2202 1968 abdiderat,
2241 1913 2295 1957 ut
2324 1904 2477 1976 longe
2510 1908 2713 1975 positus
2745 1924 2773 1962 a
2803 1911 2983 1965 steculi
3017 1912 3246 1980 insidiis,
3275 1925 3486 1969 eontra-

1907 2000 2020 2046 ctas
2054 2009 2148 2063 per
2171 1995 2344 2050 relatis
2374 1995 2772 2066 incogitantiam
2805 2002 2996 2058 sordes
3027 2003 3200 2058 imbre
3229 2006 3489 2076 lacryuia-

1908 2097 2026 2138 rum
2071 2088 2297 2157 vinaque
2329 2090 2620 2158 aSpei-itatc
2656 2093 2977 2162 detergeret.
3011 2095 3204 2150 Verum
3229 2139 3242 2159 ,
3276 2110 3331 2150 ut
3377 2099 3490 2162 ipse

1909 2175 1976 2228 de
2019 2191 2076 2230 se
2118 2187 2346 2232 tc3tatur
2384 2179 2581 2246 (Epist.
2623 2181 2842 2247 XVII),
2895 2184 2962 2237 ita
3014 2201 3134 2239 eutn
3185 2188 3493 2242 incessabilis

1910 2266 2150 2318 inimicus
2183 2277 2292 2336 post
2324 2277 2516 2338 tergum
2543 2281 2782 2339 sequutus
2807 2282 2898 2335 est,
2928 2284 2982 2327 ut
3011 2277 3208 2345 majora
3236 2279 3286 2330 in
3315 2278 3494 2331 solitu-

1913 2357 2030 2410 dine
2058 2357 2189 2411 bella
2205 2359 2319 2427 jam
2344 2369 2634 2428 pateretur,
2665 2369 2845 2434 totque
2868 2364 3186 2421 factionibus
3209 2369 3493 2422 Antioche-

1916 2463 1996 2500 nze
2033 2449 2287 2503 Ecclesia:
2311 2492 2326 2516 ,
2357 2451 2455 2504 sub
2484 2453 2636 2522 cujus
2665 2454 2868 2510 ditione
2893 2466 3028 2522 erat,
3060 2459 3306 2527 agitatus,
3335 2461 3492 2516 satius

1913 2539 2137 2595 duceret
2165 2540 2298 2595 inter
2325 2542 2464 2612 feras
2491 2545 2718 2600 habitare
2740 2589 2755 2614 ,
2788 2563 2938 2614 quant
2977 2564 3090 2601 cum
3122 2551 3306 2603 talibus
3345 2551 3490 2605 Clui-

1910 2633 2106 2686 stianis.
2139 2632 2286 2688 Facti
2320 2635 2561 2702 historia,
2587 2645 2644 2690 ut
2667 2639 2830 2707 probe
2863 2639 3202 2710 iutcll‘gatur,
3233 2642 3388 2711 paulo
3409 2652 3492 2699 est

1907 2723 2068 2778 altius
2098 2726 2406 2794 repetenda.
2435 2727 2678 2784 Mcletius
2705 2731 3022 2787 Arianorqu
3049 2748 3231 2804 opera,
3259 2734 3352 2789 sed
3382 2752 3490 2792 non

1906 2815 2022 2870 sine
2051 2815 2446 2873 Catholieorum
2469 2836 2660 2892 magna
2684 2837 2745 2877 ex
2773 2832 2921 2892 parte
2952 2839 3235 2891 consensu,
3269 2843 3298 2879 e
3326 2829 3490 2882 Scha-

1905 2915 2056 2962 stcna
2097 2908 2225 2964 sede
2258 2911 2644 2968 Antiochenam
2691 2915 2979 2971 translatus
3004 2959 3019 2985 ,
3051 2934 3170 2972 cum
3217 2921 3266 2973 iu
3317 2921 3490 2990 pritno

1905 3013 2065 3068 quem
2099 3000 2282 3055 habuit
2323 3003 2376 3056 in
2409 3003 2506 3057 ista
2539 3006 2775 3061 Ecclesia
2817 3022 3067 3063 sermone
3097 3009 3162 3062 ad
3196 3012 3445 3080 pupulum
3471 3053 3486 3078 ,

1904 3089 2167 3144 adversus
2197 3091 2519 3147 Arianorum
2550 3094 2742 3165 dogma
2774 3097 3100 3166 disputasset
3120 3141 3132 3162 ,
3168 3099 3490 3168 rejectusab

1906 3181 2174 3238 haereticis
2200 3194 2284 3238 est
2308 3226 2322 3250 ,
2353 3189 2440 3256 qui
2471 3187 2728 3241 Euzoium
2779 3189 2832 3242 in
2863 3189 2978 3258 ejus
3011 3191 3185 3245 locum
3233 3191 3333 3246 sibi
3366 3193 3492 3264 Eph

1903 3289 2126 3344 scopum
2156 3276 2502 3332 suffecerunt.
2535 3279 2639 3334 Sed
2669 3287 2724 3334 et
2745 3280 3031 3336 Catholica:
3050 3284 3216 3353 partis
3244 3284 3489 3340 homines

1904 3382 2023 3421 cum
2054 3367 2200 3421 illum
2232 3371 2431 3423 scirent
2459 3371 2586 3424 olim
2614 3387 2736 3426 cum
2769 3373 2982 3428 Arianis
3021 3375 3448 3433 communicasse
3471 3418 3487 3442 ,

1905 3470 1958 3514 et
1988 3460 2310 3516 Arianorum
2342 3464 2640 3532 prmsertim
2682 3463 2860 3520 favore
2897 3468 3124 3521 electum
3145 3510 3158 3533 ,
3192 3468 3260 3522 ab
3287 3470 3401 3538 ejus
3431 3481 3490 3525 se

1906 3553 2285 3609 communione
2316 3565 2635 3623 separarunt
2662 3574 2676 3613 :
2707 3560 2938 3614 maxime
2971 3560 3305 3616 Eustathiaui
3329 3603 3344 3626 ,
3376 3566 3490 3620 sive

1907 3644 2231 3699 nobiliarum
2262 3655 2434 3700 cretus
2461 3647 2856 3704 Catholicoruin
2884 3691 2898 3714 ,
2930 3652 3018 3722 qui
3048 3653 3206 3707 nullis
3235 3664 3353 3724 post
3381 3656 3488 3710 Eu-

1909 3736 2164 3788 stathimn
2199 3735 2263 3788 ad
2296 3734 2561 3791 Meletium
2595 3755 2782 3808 usque,
2808 3742 3020 3795 Arionis
3046 3743 3341 3799 Antioehire
3367 3747 3491 3816 Epi-

1908 3829 2088 3896 sc0pis
2115 3827 2413 3882 adlueSere.
2458 3829 2590 3885 lluie
2621 3832 2762 3886 malo
2783 3875 2796 3897 ,
2829 3841 2886 3888 ut
2911 3835 3214 3890 mederetur
3239 3879 3252 3902 ,
3282 3839 3492 3894 Lucifer

1909 3917 2277 3984 Caralitanus,
2306 3921 2480 3990 magni
2517 3929 2642 3976 tunc
2673 3924 2923 3989 nominis,
2959 3936 3120 3995 atque
3157 3929 3489 3986 auctoritatis

1912 4011 2206 4079 Episcopus
2233 4052 2247 4073 ,
2293 4027 2486 4066 novum
2532 4028 2672 4067 anno
2725 4015 2829 4070 572
2861 4018 3156 4073 Antiochia:
3199 4021 3490 4076 antistitem

1913 4102 2115 4156 creavit
2140 4101 2420 4156 Paulinum
2449 4144 2465 4168 ,
2506 4103 2647 4159 bono
2673 4106 2853 4177 utique
2879 4110 3102 4163 oonsilio
3127 4152 3141 4175 ,
3175 4121 3230 4166 ut
3259 4112 3493 4169 schisma

1912 4195 2224 4251 sustolleret
2251 4239 2262 4262 ,
2295 4196 2387 4252 sed
2418 4197 2560 4268 quod
2590 4200 2810 4256 minime
2840 4217 2870 4256 e
2901 4204 3164 4258 sententia
3209 4207 3492 4263 successit.

1913 4289 2064 4344 Tunc
2090 4289 2234 4343 enim
2263 4300 2460 4360 praiter
2486 4291 2807 4348 Arianorum
2849 4293 3130 4350 factionem
3159 4297 3210 4352 in
3241 4298 3373 4354 duas
3405 4317 3495 4355 ro.-

1911 4380 2004 4435 luti
2049 4393 2226 4452 partes
2271 4383 2434 4438 scissa
2487 4391 2568 4437 est
2613 4385 2859 4439 universa
2903 4387 3160 4442 Ecclesia.
3197 4388 3386 4445 Oriens
3425 4393 3491 4448 ad

1911 4473 2108 4529 Meletii
2123 4474 2553 4529 communionem
2573 4489 2631 4529 se
2651 4477 2870 4543 recepit,
2891 4479 3119 4532 maxime
3138 4482 3465 4548 postAlexan
3479 4515 3497 4528 ο

1911 4567 2121 4622 drinam
2168 4565 2481 4639 Synodum,
2525 4583 2644 4636 qua:
2693 4568 2986 4636 repudiatis
3027 4569 3241 4639 quidem
3281 4574 3494 4632 Ariana:

1915 4659 2182 4715 harreseos
2225 4659 2534 4713 auctoribus
2575 4674 2636 4713 ac
2681 4661 2999 4731 priuiipilis,
3042 4662 3176 4718 alios
3218 4668 3401 4722 statuit
3441 4670 3492 4724 in

1913 4751 2186 4806 Catholica
2244 4751 2624 4805 communione
2673 4753 3065 4823 suscipiendos,
3112 4759 3199 4827 qui
3243 4759 3325 4814 vel
3369 4776 3490 4816 cum

1914 4843 2128 4897 Ariauis
2159 4841 2362 4912 pridem
2396 4843 2902 4912 communicassent,
2934 4848 3018 4902 vel
3051 4853 3276 4918 promoti
3305 4868 3492 4909 eorum

1913 4948 2075 5003 opera
2123 4932 2187 4986 ad
2239 4933 2643 4988 Ecclesiasticos
2688 4935 2886 5006 gradus
2937 4937 3183 4995 fuissent.
3228 4940 3493 5000 Occidens

1913 5035 2070 5095 atque
2100 5022 2366 5095 Egyptus
2407 5025 2613 5079 Paulini
2659 5036 2836 5095 partes
2864 5031 3032 5084 secuti
3065 5041 3210 5086 sunt.
3249 5031 3353 5087 Sed
3387 5050 3491 5088 non

1912 5117 2011 5172 hac
2041 5117 2144 5172 line
2171 5116 2318 5171 stetit
2345 5116 2563 5171 malum.
2595 5119 2959 5188 Apollinarius
2989 5123 3128 5176 enim
3159 5122 3495 5181 Laodicenus

1912 5211 2051 5266 hanc
2072 5219 2260 5266 nactus
2282 5209 2488 5265 dissidii
2509 5211 2871 5275 occasionem,
2899 5212 3090 5268 hairesi
3112 5230 3268 5284 quam
3289 5214 3493 5285 jamdiu

1911 5303 2275 5359 occultaverat
2299 5345 2314 5368 ,
2345 5303 2396 5358 in
2443 5315 2690 5374 apertum
2738 5304 3073 5374 proferenda:
3103 5315 3490 5377 opportunam,

1912 5411 2057 5451 anno
2096 5395 2199 5452 ’576
2245 5397 2406 5450 alium
2434 5397 2678 5450 submisit
2711 5397 3056 5452 Antiochena:
3084 5397 3335 5452 Ecclesia:
3367 5399 3494 5468 Epi-

1911 5503 2169 5561 scopum,
2199 5489 2425 5544 Vitalem
2471 5487 2796 5557 quemdam,
2837 5489 3134 5543 auditorem
3175 5504 3370 5554 suum,
3401 5491 3491 5555 qui

1913 5581 2109 5636 tradita
2141 5580 2241 5634 sibi
2275 5579 2548 5635 malesana
2577 5578 2824 5648 dogmata
2856 5579 3136 5634 Cathcdra:
3175 5579 3494 5635 auctoritate

1911 5674 2220 5728 susdneret.
3461 5683 3463 5688 '

1982 5764 2049 5819 ll.
2099 5763 2262 5818 Erant
2304 5763 2482 5833 itaque
2521 5770 2751 5832 quatuor
2795 5776 2899 5814 uno
2945 5768 3183 5824 tempore
3233 5752 3480 5823 ejusdem

1888 5846 2168 5914 Ecclesia:
2195 5855 2464 5928 EpiseOpi,
2493 5867 2719 5924 quorum
2747 5851 3013 5924 praecipue
3042 5854 3172 5914 tres,
3209 5843 3478 5920 Meletius,
