4004 6328
503 371 576 428 35
1783 360 1840 416 S.
1885 360 2257 418 IllEllONYMI
2305 361 2453 418 VITA
2466 403 2480 417 .
3716 369 3787 426 36

511 485 718 549 Vitalis,
738 492 793 541 et
819 481 1074 538 Paulinus
1105 479 1491 552 llieronymum
1527 475 1629 551 (ut
1650 475 1762 546 ipse
1787 474 1900 545 ait)
1933 474 1998 529 ad
2027 489 2087 532 se

505 576 732 649 quisque
749 590 944 646 rapere
968 573 1312 639 festinabant,
1331 585 1457 626 suas
1482 569 1690 625 scilicet
1714 568 1940 637 quisque
1967 581 2089 636 par-

507 679 588 724 tes
627 678 682 722 et
722 665 1155 720 communionem
1190 678 1312 718 eum
1356 661 1509 732 sequi
1552 658 1922 716 intendebant.
1973 657 2090 727 Ipse

508 762 576 818 de
606 762 819 816 illorum
847 768 990 814 recta
1031 758 1134 812 fide
1170 771 1366 826 anceps
1389 795 1404 820 ,
1442 755 1630 824 Siquis
1650 795 1664 818 ,
1687 750 2048 822 rcSpondebat
2069 790 2086 817 ,

505 853 773 909 Catltedraz
798 849 938 905 Petri
959 850 1216 921 jungitur,
1250 864 1388 902 meus
1409 856 1506 911 est,
1535 844 1863 900 Catbolicum
1896 855 2090 910 nempe

505 963 627 1001 eum
658 944 841 999 haberi
870 943 1025 998 unice
1051 940 1407 1001 existimabat,
1441 938 1531 1009 qui
1559 953 1680 992 cum
1707 936 1846 991 Petri
1875 947 2091 990 succes-

505 1053 626 1094 sore
653 1036 1070 1092 cmnmunicaret
1093 1075 1108 1100 ,
1141 1043 1298 1102 atque
1327 1028 1399 1086 illi
1431 1039 1599 1100 petra:
1630 1029 1970 1090 inniteretur,
2001 1041 2091 1080 su-

506 1147 602 1200 per
631 1145 790 1200 quam
819 1127 1057 1183 Ecclesia
1090 1135 1173 1181 est
1201 1123 1482 1178 :rdificata.
1520 1120 1669 1188 Quod
1699 1129 1755 1174 ut
1783 1119 1849 1174 de
1879 1115 2088 1172 Paulini

504 1227 884 1275 communione
951 1219 1081 1273 satis
1136 1216 1342 1272 sciret:
1377 1229 1501 1269 cum
1558 1219 1879 1283 reponerent
1910 1219 2088 1264 tamen

505 1311 733 1365 aliarum
793 1324 1005 1379 quoque
1049 1307 1278 1378 partium
1307 1307 1568 1370 asscclm,
1614 1319 1673 1360 se
1716 1303 1846 1358 nihil
1899 1319 1928 1357 a
1977 1301 2088 1356 Ro-

505 1416 664 1456 mano
713 1399 970 1454 Pontitice
1020 1399 1304 1454 dissentire
1335 1398 1482 1468 (nam
1525 1395 1591 1450 ad
1640 1395 1922 1450 Damasum
1954 1393 2091 1447 scri-

505 1493 639 1547 bens
661 1534 673 1556 ,
709 1490 944 1544 Meletius
967 1532 980 1556 ,
1009 1491 1112 1556 ait,
1162 1488 1374 1554 Vitalis,
1410 1486 1663 1541 Paulinus
1690 1485 1778 1539 tibi
1817 1486 2008 1538 limere
2038 1501 2091 1539 se

505 1583 702 1654 dicunt)
725 1581 916 1637 dubius
940 1584 1132 1636 iterum
1155 1581 1429 1650 agebatur.
1457 1577 1522 1631 Et
1545 1593 1761 1647 possem,
1791 1576 2086 1645 inquiebat,

504 1677 706 1730 credere
734 1676 777 1728 si
804 1675 898 1728 hoc
913 1689 1042 1726 unus
1064 1681 1326 1726 assereret.
1355 1668 1509 1722 Nunc
1527 1677 1614 1720 aut
1631 1667 1731 1720 duo
1753 1666 2084 1729 mentiuntur,

509 1778 597 1821 aut
623 1784 814 1822 omnes.
863 1767 928 1820 Et
967 1777 1096 1819 vero
1128 1772 1270 1818 tctus
1299 1764 1348 1814 in
1381 1759 1484 1814 hoc
1510 1757 1681 1812 ferme
1705 1756 2090 1812 controversia

503 1860 667 1915 cardo
691 1855 1016 1924 vertebatur,
1033 1872 1154 1912 cum
1176 1855 1280 1911 sibi
1306 1867 1492 1908 omnes
1517 1850 1725 1906 Damasi
1752 1849 2082 1904 communio-

505 1965 626 2004 nem
657 1957 1008 2019 arrogarent,
1040 1947 1159 2017 quis
1192 1945 1313 2016 jure
1357 1943 1654 2013 meritoque
1697 1941 1766 1998 de
1813 1941 1982 1996 tribus
2034 1939 2088 1996 id

505 2041 725 2098 faceret.
757 2040 814 2096 in
839 2056 958 2096 eam
986 2055 1100 2094 rem
1132 2040 1326 2094 missus
1355 2044 1439 2092 est
1465 2037 1624 2091 etiam
1644 2051 1671 2088 a
1693 2032 1948 2095 Gratiano
1973 2034 2086 2087 An—

504 2135 756 2190 tiocbiam
793 2134 1027 2204 Sapores
1066 2133 1320 2203 magister
1363 2131 1591 2185 militum
1617 2171 1632 2196 ,
1661 2130 1750 2200 qui
1795 2137 1972 2198 partes
2020 2129 2088 2184 de

503 2228 852 2298 prmrogativa
896 2225 984 2280 illa
1020 2223 1408 2280 contendentes
1449 2221 1657 2277 audiret
1686 2263 1701 2287 ,
1737 2220 2089 2291 quemadmo-

501 2321 628 2374 dum
667 2335 734 2374 εκ
775 2317 1117 2373 Theodoreto
1147 2316 1424 2371 discimus.
1475 2311 1811 2370 lntereadum
1841 2311 1898 2368 S.
1929 2312 2088 2367 Pater

503 2410 706 2466 nemini
736 2425 805 2465 ex
840 2409 945 2464 illis
981 2407 1330 2472 adhaerebat,
1380 2405 1677 2476 nullumque
1703 2447 1718 2471 ,
1750 2415 1809 2459 ut
1849 2405 1962 2476 ipse
1991 2405 2084 2471 ait,

503 2503 723 2571 primunt
748 2541 765 2567 ,
795 2500 892 2554 nisi
922 2497 1178 2555 Christum
1200 2515 1408 2568 sequens
1432 2540 1447 2563 ,
1480 2499 1568 2552 ttni
1597 2497 1843 2562 Damaso,
1879 2496 1930 2552 id
1960 2505 2043 2552 est
2067 2536 2084 2562 ,

502 2595 773 2651 Cat/tedae
825 2593 970 2648 Petri
1011 2593 1192 2648 animo
1237 2592 1666 2648 consociabatur.
1736 2593 1909 2660 Atque
1965 2590 2088 2646 inde

502 2688 664 2743 etiam
694 2685 942 2741 Sanctum
977 2683 1188 2738 Domini
1220 2725 1235 2749 ,
1273 2684 1384 2737 sive
1415 2681 1804 2737 Eucharistiam
1830 2723 1845 2747 ,
1883 2680 1985 2735 nisi
2011 2689 2086 2735 tot

504 2777 934 2846 interjacentium
974 2775 1138 2828 maris
1167 2782 1431 2842 lcrrtnqttc
1457 2773 1645 2842 spatiis
1672 2771 2046 2840 prohiberetur
2067 2812 2084 2837 ,

503 2879 756 2938 expetere
784 2866 1064 2921 voluisset.
1101 2865 1316 2919 interim
1339 2864 1484 2917 solos
1514 2865 1576 2918 iis
1606 2864 1658 2917 in
1685 2863 1816 2918 locis
1843 2862 2085 2917 certissi-

502 2975 618 3015 mos
642 2959 853 3014 Damasi
881 2959 1116 3028 collegas
1144 2957 1428 3027 Aigyptios
1453 2953 1803 3010 Confessores
1823 2955 2087 3024 sequeba-

502 3062 608 3133 ως,
632 3067 967 3124 nequaquam
991 3066 1177 3122 passus
1195 3050 1450 3104 alterutra
1475 3048 1816 3104 faetiosorum
1840 3063 2085 3104 commu-

502 3146 662 3201 nione
685 3161 747 3200 se
775 3144 964 3214 pollui.

578 3236 665 3289 ΙΙΙ.
712 3235 1126 3290 δράηδιειριίαηὶ
1173 3250 1282 3305 pra:
1331 3235 1560 3299 ca-teris,
1608 3233 1755 3288 illum
1796 3242 1853 3286 ut
1893 3231 1945 3286 in
1991 3245 2085 3285 sua

502 3336 792 3397 raperent,
841 3327 939 3381 nisi
987 3343 1140 3380 suum
1175 3327 1313 3380 inter
1340 3341 1432 3380 eos
1465 3341 1660 3380 nomen
1700 3324 2042 3394 proliteretur
2068 3361 2083 3384 ,

504 3418 725 3472 lueresis
773 3417 1073 3486 suspicione
1121 3431 1184 3470 ac
1235 3426 1356 3471 nota
1411 3414 1822 3485 perterrebant,
1851 3412 2087 3484 quotidie

504 3510 664 3564 etiam
705 3509 772 3564 de
817 3510 920 3564 fide
948 3511 1309 3580 postulabant.
1350 3509 1516 3564 index
1549 3509 1616 3564 ad
1645 3523 1764 3564 eam
1794 3524 1906 3564 rem
1933 3550 1947 3574 ,
1974 3508 2089 3585 sive

505 3603 682 3672 potius
729 3601 1109 3658 oil’endiculum
1153 3611 1270 3658 erat
1323 3617 1514 3656 nomen
1572 3599 1916 3670 Hypostasis,
1943 3601 2085 3670 quod

503 3694 674 3750 Graeci
714 3710 834 3749 cum
876 3694 940 3748 ad
971 3710 1242 3764 personam
1287 3691 1690 3763 significandam
1731 3692 2036 3760 acciperent
2067 3733 2082 3758 ,

503 3797 614 3842 tres
641 3786 692 3841 in
723 3786 986 3841 Trinitatc
1012 3787 1334 3857 bypostases
1362 3783 1544 3839 dicere
1586 3798 1693 3838 non
1739 3784 2083 3838 verebantur.

505 3878 674 3932 Latini
703 3888 879 3932 autem
915 3877 1248 3932 substantiam
1299 3891 1364 3931 co
1407 3875 1666 3930 vocabulo
1707 3875 2083 3944 intelligemus,

505 3980 615 4026 tres
656 3971 896 4042 proferre
929 3971 981 4026 in
1013 3970 1276 4024 Trinitatc
1298 4010 1313 4035 ,
1344 3983 1438 4024 ore
1460 3978 1620 4037 atque
1643 3965 1824 4020 animo
1853 3965 2083 4035 refugie-

504 4061 650 4115 bant.
687 4061 751 4114 Et
801 4070 1018 4114 sanctus
1067 4069 1246 4114 tamen
1291 4057 1616 4112 Athanasius
1649 4056 1761 4110 sive
1785 4071 1944 4110 unam
1972 4053 2085 4109 sive

503 4163 614 4208 tres
638 4153 903 4208 catholico
943 4167 1097 4224 teque
1135 4167 1296 4206 sensu
1327 4150 1433 4205 dici
1483 4163 1643 4220 posse
1685 4147 2004 4201 definiverat
2033 4148 2083 4200 in

501 4246 861 4300 Alexandrina
910 4244 1129 4316 Synodo
1173 4243 1297 4296 anni
1342 4243 1469 4309 572,
1516 4239 1948 4311 quandoquidem
1993 4239 2085 4309 qui

503 4353 661 4391 unam
716 4335 1095 4400 adstruerent,
1139 4333 1492 4388 substantiam
1544 4330 1949 4399 intelligerent:
1992 4329 2084 4398 qui

505 4445 634 4486 vero
662 4438 769 4484 tres
790 4471 803 4495 ,
849 4442 1107 4500 personas
1138 4441 1203 4480 eo
1231 4425 1448 4479 nomine
1475 4422 1858 4493 significarent.
1884 4421 2084 4479 Verum

502 4524 796 4580 inSanabile
821 4521 1090 4592 quoddam
1123 4515 1484 4573 contentionis
1504 4515 1792 4570 cacoethes
1824 4516 1892 4569 ita
1926 4533 2078 4572 men-

501 4626 583 4669 tes
603 4613 931 4668 eruditorum
950 4624 1163 4679 quoque
1185 4607 1482 4662 Pratsulum
1509 4613 1836 4675 pervaserat,
1859 4613 1916 4660 ut
1942 4606 2084 4677 quod

503 4721 592 4760 res
619 4712 754 4769 erat,
775 4704 966 4757 intueri
998 4715 1104 4754 non
1151 4699 1370 4753 sineret.
1411 4697 1622 4752 Nodum
1653 4695 1704 4750 in
1737 4696 1915 4765 scirpo
1941 4714 2086 4767 qum-

507 4793 694 4850 rebant
713 4833 729 4858 ,
759 4794 1037 4861 ipsumque
1063 4788 1376 4842 Vocabulum
1400 4802 1498 4857 pro
1523 4787 1785 4840 utentium
1816 4799 2083 4857 conceptu

505 4888 562 4941 in
611 4884 880 4940 ha'reseos
906 4882 1225 4935 calumniam
1268 4879 1608 4950 torquebant.
1636 4878 1894 4934 Meletiani
1925 4881 2083 4934 trium

503 4977 861 5048 hypOstaseon
889 4973 1217 5036 defensores,
1251 4973 1374 5042 quia
1404 4987 1525 5027 cum
1555 4971 1766 5027 Arianis
1796 4972 2086 5044 aliquando

506 5068 879 5126 communione
907 5066 1176 5135 conjuncti
1205 5064 1417 5119 fuerant
1447 5105 1463 5133 ,
1511 5063 1822 5121 haereticum
1847 5066 2083 5120 animum

504 5161 730 5217 necdum
754 5158 961 5228 penitus
983 5157 1193 5211 exuisse
1223 5156 1576 5226 cnlpabantur
1611 5173 1624 5210 :
1653 5166 1814 5226 atque
1844 5156 1894 5212 bi
1922 5157 2080 5214 vicis-

507 5255 606 5310 sim
638 5252 791 5305 unius
830 5259 1126 5304 assertores
1153 5249 1356 5304 Paulini
1385 5247 1619 5303 asscclas
1643 5247 2082 5309 criminabantur,

507 5343 728 5414 perinde
752 5351 910 5412 atque
935 5340 1200 5406 Marcello,
1235 5355 1299 5396 ac
1321 5341 1554 5396 Sabellio
1581 5339 1832 5394 faverent.
1858 5339 1910 5391 In
1941 5354 2084 5393 eam-

505 5435 626 5490 dem
669 5434 847 5503 itaque
880 5433 1239 5500 suspicionem
1272 5433 1417 5488 venit
1447 5433 1806 5502 Hieronymus
1831 5469 1848 5495 ,
1889 5429 1956 5483 de
1981 5444 2083 5499 qua

506 5525 686 5580 multis
719 5523 768 5578 in
795 5523 1029 5592 Epistola
1052 5523 1118 5579 ad
1148 5523 1384 5579 Marcum
1417 5521 1658 5593 queritur
1690 5537 1703 5573 :
1751 5518 2033 5574 Hteretictts
2065 5560 2081 5585 ,

507 5616 705 5683 inquit,
734 5630 910 5680 vocor,
937 5615 1237 5669 homousian
1281 5613 1562 5683 prredicans
1594 5609 1936 5664 Trinitatem:
1973 5609 2077 5664 Sa-

509 5706 742 5761 belliante
768 5707 1037 5776 impietatis
1063 5721 1274 5778 arguor,
1306 5715 1406 5756 tres
1435 5703 1756 5756 subsistentes
1780 5716 1924 5754 ueras
1952 5701 2081 5756 inte-

511 5810 625 5867 gras
651 5797 993 5867 perfectasque
1017 5813 1260 5866 personas
1298 5794 1546 5866 indefessa
1575 5808 1691 5847 voce
1718 5794 2075 5863 pronuntians.

2203 477 2269 530 Et
2295 478 2344 529 in
2376 476 2542 546 prima
2567 477 2632 532 ad
2659 477 2966 543 Damasum,
2991 479 3170 534 Trium
3197 481 3536 554 [typostaseon
3557 484 3623 539 ab
3640 483 3786 538 Aria.

2198 583 2378 621 norunt
2405 568 2551 640 prole
2577 568 2940 639 Campensibus
2963 611 2978 637 ,
3005 573 3254 626 novellum
3283 590 3314 626 α
3345 590 3424 628 me
3448 575 3656 629 nomine
3685 574 3787 628 lio-

2199 675 2350 715 maao
2372 678 2555 716 nomen
2584 664 2943 736 exiguum"...
2979 663 3363 736 Interrogamus
3396 667 3524 740 quid
3552 678 3655 724 tres
3681 669 3788 741 Ity-

2199 764 2424 824 postases
2488 755 2799 810 arbitrentur
2859 773 3007 827 posse
3063 757 3279 827 intelligi
3321 773 3339 811 :
3381 767 3482 814 tres
3537 777 3786 827 personas

2196 845 2538 911 subsistentes,
2565 847 2728 900 aiunt.
2764 845 3172 918 Respondemus,
3203 865 3294 902 nos
3310 849 3381 902 ita
3401 849 3650 905 credere:
3681 867 3786 906 non

2196 937 2378 1007 sufficit
2406 953 2604 1004 sensus,
2623 939 2798 1006 ipsum
2813 955 2992 994 nomen
3010 940 3303 1011 efﬂagitant,
3326 941 3443 1008 quia
3463 942 3634 996 nescio
3662 943 3784 1009 quid

2196 1031 2369 1084 veneni
2395 1030 2450 1082 in
2477 1029 2688 1100 syllabis
2708 1031 2971 1085 latet......
3004 1042 3052 1085 et
3087 1032 3206 1101 quia
3234 1032 3478 1087 vocabula
3499 1049 3601 1087 non
3627 1033 3786 1087 edici-

2196 1134 2329 1185 mus,
2351 1119 2896 1190 ltwreticijudicamur.
2921 1119 3126 1190 Quippe
3153 1121 3269 1176 sine
3299 1122 3388 1176 illa
3413 1123 3573 1177 trium
3603 1112 3781 1194 hypo-

2195 1217 2410 1265 staseon
2439 1211 2816 1279 explicatione,
2848 1219 2904 1265 ut
2930 1212 3185 1267 vocabula
3233 1213 3578 1283 profiteretur
3598 1253 3614 1282 ,
3647 1229 3785 1269 nuu-

2194 1315 2352 1370 quam
2384 1301 2440 1356 S.
2474 1300 2790 1356 adolescens
2813 1301 3004 1356 adduci
3036 1302 3245 1372 potuit,
3278 1302 3420 1373 quod
3457 1303 3513 1358 in
3543 1319 3609 1359 ea
3639 1314 3786 1360 esset

2195 1395 2480 1458 sententia,
2503 1394 2831 1466 bypostasim
2854 1397 3064 1466 preprie
3077 1396 3431 1452 substantiam
3451 1385 3780 1467 significare,
3837 1398 3847 1407 “

2196 1495 2407 1555 tresque
2434 1487 2680 1542 absolute
2707 1488 2758 1541 in
2787 1487 2896 1542 Deo
2926 1486 3245 1557 hypostases
3270 1487 3374 1542 dici
3402 1527 3418 1555 ,
3445 1490 3582 1543 citra
3611 1489 3782 1544 sacri-

2193 1576 2389 1647 legium
2417 1578 2637 1631 omnino
2657 1593 2761 1630 non
2795 1592 2969 1646 posse.
2997 1577 3128 1630 ’l'ota
3156 1619 3171 1642 ,
3205 1579 3375 1649 inquit
3399 1619 3414 1644 ,
3451 1576 3782 1633 sa'eularium

2195 1668 2479 1721 litterarum
2495 1670 2668 1722 schola
2699 1669 2827 1722 nihil
2853 1669 2994 1721 aliud
3009 1669 3341 1738 Itypostasint,
3366 1671 3461 1724 nisi
3483 1668 3664 1724 Usiam
3689 1687 3784 1725 no-

2194 1761 2262 1812 vit
2291 1774 2309 1812 :
2339 1769 2384 1812 et
2409 1761 2678 1830 quisquam
2700 1801 2716 1828 ,
2739 1777 2862 1831 rogo
2887 1799 2902 1826 ,
2932 1776 3020 1814 ore
3055 1761 3304 1832 sacrilego
3331 1770 3434 1817 tres
3463 1763 3782 1818 substantias

2193 1851 2493 1921 prtcdicabit
2523 1851 2550 1904 ?

2265 1943 2354 2000 iV.
2383 1945 2630 2014 Confugit
2661 1959 2790 2016 ergo
2831 1945 2892 2000 S.
2926 1944 3084 2001 Pater
3108 1945 3268 2000 tantis
3300 1936 3658 2018 undequaque
3686 1962 3782 2002 an-

2191 2034 2380 2103 gustiis
2406 2036 2730 2089 constrictus
2754 2035 2820 2090 ad
2848 2035 3140 2090 Romanam
3170 2037 3488 2106 Ecclesium,
3505 2039 3664 2108 cujus
3684 2054 3781 2093 an-

2195 2137 2409 2200 tequam
2440 2129 2715 2184 oraculum
2740 2130 3082 2198 consuleret,
3112 2131 3487 2186 sustinendum
3521 2131 3627 2186 sibi
3657 2146 3779 2188 esse

2191 2221 2259 2276 ab
2281 2221 2426 2276 omni
2447 2235 2670 2278 assensu
2691 2221 3051 2278 existimabat.
3065 2222 3310 2292 Scripsit,
3332 2222 3570 2293 inquam,
3590 2222 3658 2278 ad
3679 2224 3780 2278 Da-

2191 2327 2401 2368 masum
2447 2312 2740 2383 Epistulam
2784 2313 2836 2368 in
2873 2323 3054 2368 nostra
3086 2322 3403 2369 recensione
3438 2305 3558 2371 XV.
3593 2308 3778 2371 multis

2190 2419 2313 2460 eum
2336 2404 2588 2474 precibus
2613 2405 2910 2470 obtestans,
2943 2415 3002 2460 ut
3027 2405 3281 2475 quidnam
3315 2407 3648 2464 credendum
3677 2402 3778 2465 sibi

2189 2507 2354 2563 esset,
2383 2508 2436 2554 et
2462 2499 2546 2554 cui
2576 2498 2715 2568 apud
2744 2498 3080 2554 Antiochiam
3106 2515 3137 2556 e
3164 2499 3332 2554 tribus
3363 2500 3466 2556 illis
3490 2501 3777 2573 Episc0pis

2168 2591 2687 2646 communicandum
2713 2633 2727 2657 ,
2752 2590 3085 2647 decerneret.
3130 2585 3295 2662 Cujus
3341 2582 3600 2662 Epistola:
3642 2609 3766 2650 cum

2191 2681 2284 2737 diu
2310 2683 2643 2752 multumque
2671 2697 2988 2752 responsum
3021 2685 3215 2736 frustra
3247 2692 3627 2752 expectasset,
3661 2683 3776 2739 ba:-

2191 2775 2342 2829 retici
2372 2783 2550 2828 autem
2582 2787 2651 2828 c0
2696 2775 2866 2843 magis
2893 2773 3144 2829 dit‘exare
3168 2774 3314 2827 illutn
3349 2774 3400 2827 in
3431 2769 3549 2830 dies
3581 2791 3776 2846 perge-

2191 2867 2507 2932 rent,datis
2555 2869 2746 2921 iterum
2793 2865 2858 2920 ad
2889 2867 3134 2921 eumdem
3179 2863 3491 2922 Pontiﬁcem
3539 2867 3772 2935 litteris,

2189 2963 2398 3018 enixius
2427 2961 2479 3016 id
2507 2962 2680 3031 ipsum
2710 2961 2848 3032 quod
2879 2973 3034 3016 antea
3062 2960 3129 3016 de
3158 2961 3536 3016 communione
3565 2977 3661 3016 sua
3688 2976 3776 3018 ro-

2188 3064 2296 3124 gat.
2338 3054 2405 3108 Et
2457 3053 2652 3122 prioris
2703 3051 2918 3123 quidem
2987 3052 3240 3122 Ερίνιυιω
3296 3051 3342 3105 si
3394 3066 3520 3106 vera
3581 3052 3772 3123 genui-

2110 3203 2112 3208 _
2189 3159 2364 3214 naque
2405 3144 2564 3200 lectio
2620 3144 2706 3198 illa
2754 3152 2898 3198 esset
2929 3185 2944 3207 ,
2989 3143 3051 3197 ab
3095 3142 3401 3196 Arianorum
3451 3141 3687 3199 Prwsule
3727 3153 3775 3199 et

2189 3245 2238 3290 et
2261 3235 2646 3304 (Jantpensibus,
2669 3251 2828 3303 quam
2849 3235 2976 3288 editi
2995 3235 3209 3305 quidam
3229 3235 3368 3301 libri,
3391 3234 3646 3306 doctique
3672 3237 3771 3293 viri

2191 3327 2434 3384 nonnulli
2465 3325 2762 3397 praeferunt
2787 3368 2800 3391 ,
2829 3341 2950 3380 cum
2982 3341 3088 3379 non
3115 3326 3252 3380 alius
3274 3327 3343 3380 sit
3366 3342 3430 3381 ex
3457 3327 3774 3401 Hieronymi

2189 3419 2453 3475 sententia
2485 3417 2688 3473 Prtesul
2713 3417 3056 3482 Arianorum,
3086 3433 3241 3487 quam
3271 3417 3513 3472 Melctius
3543 3419 3655 3489 (bic
3685 3419 3775 3473 au-

2192 3524 2296 3568 tem
2323 3527 2464 3567 anno
2499 3512 2716 3566 demum
2750 3511 2854 3567 378
2882 3511 2949 3566 ab
2981 3512 3168 3566 exsilio
3203 3521 3501 3573 revocatus,
3530 3527 3653 3567 eum
3683 3528 3775 3583 po-
3832 3550 3839 3556 -

2190 3605 2349 3658 tuerit
2372 3603 2438 3657 ad
2465 3603 2622 3656 trium
2658 3603 3017 3674 bypostaseon
3041 3601 3430 3658 confessionem
3456 3613 3771 3673 pra-sentem

2190 3709 2424 3764 praesens
2451 3693 2688 3763 adigere)
2732 3693 2867 3747 nihil
2907 3692 3018 3763 jam
3046 3693 3266 3748 dubium
3308 3703 3452 3748 esset
3481 3733 3496 3760 ,
3544 3695 3674 3764 quin
3702 3696 3768 3749 ad

2189 3786 2436 3842 eumdem
2464 3785 2610 3840 illum
2642 3801 2838 3840 aunom
2870 3825 2885 3851 ,
2913 3797 3005 3840 aut
3034 3787 3399 3858 insequentem
3427 3793 3573 3856 gesta
3604 3788 3772 3841 refcr-

2189 3890 2392 3936 rentur.
2421 3877 2526 3935 Sed
2555 3879 2710 3934 nobis
2738 3878 2912 3947 potior
2953 3879 3056 3932 alia
3086 3893 3446 3949 germanaque
3489 3879 3600 3930 visa
3633 3889 3717 3932 est
3745 3918 3761 3943 ,

2188 3977 2250 4029 ab
2279 3976 2585 4028 Arianorum
2614 3973 2754 4042 prole
2781 3970 3144 4040 Campensibus
3169 4011 3181 4030 ,
3212 3986 3372 4042 quam
3404 3970 3646 4041 plerique
3677 3986 3773 4026 ex-

2190 4065 2374 4118 bibent
2417 4062 2656 4119 melioris
2695 4071 2834 4117 noue
2875 4077 3003 4117 mss.
3051 4062 3172 4116 libri
3211 4077 3332 4116 cum
3374 4061 3530 4115 nobis
3559 4102 3574 4126 ,
3608 4069 3774 4116 tuma

2189 4155 2541 4211 Benedictino
2571 4152 2780 4208 editore
2804 4152 3048 4222 inspecti.
3080 4152 3335 4222 Congruit
3359 4166 3571 4221 quoque
3602 4152 3775 4206 nomi-

2190 4248 2274 4301 ttis
2302 4245 2641 4316 significatio,
2663 4260 2833 4316 neque
2857 4246 2998 4298 enim
3027 4243 3328 4314 Campenses
3372 4242 3470 4296 alia
3503 4241 3571 4297 de
3615 4258 3776 4298 causa

2188 4355 2286 4411 par
2312 4339 2536 4394 credere
2564 4345 2647 4392 est
2672 4337 2988 4407 appellatos,
3020 4351 3178 4406 quam
3207 4335 3348 4406 quod
3382 4335 3432 4388 in
3461 4335 3677 4404 Campis
3695 4351 3776 4389 sas

2189 4445 2311 4484 eros
2378 4437 2546 4484 coetus
2603 4436 2824 4498 agerent
2871 4444 2885 4482 :
2929 4425 3376 4497 quemadmodum
3430 4439 3550 4478 cum
3611 4425 3773 4488 aliis,

2190 4529 2299 4575 tum
2374 4520 2473 4590 ipsi
2537 4518 2862 4590 Hieronymo
2933 4515 3034 4571 sub
3091 4515 3248 4570 finem
3315 4513 3518 4586 Dialogi
3585 4523 3778 4571 contra

2189 4612 2555 4667 Lucilerianos
2586 4612 2758 4666 vocati
2791 4617 2918 4666 sunt
2958 4609 3118 4664 etiam
3153 4607 3444 4662 Donatista:
3483 4607 3624 4678 apud
3671 4607 3779 4663 Ro-

2191 4720 2355 4771 mam,
2385 4705 2474 4775 qui
2499 4720 2620 4759 cum
2653 4712 2964 4758 vetarentur
2994 4703 3044 4755 in
3068 4700 3212 4755 Urbe
3239 4701 3560 4768 consistere,
3589 4701 3658 4757 ad
3687 4717 3775 4755 sa-

2189 4811 2280 4852 cra
2313 4795 2608 4866 peragenda
2640 4795 2692 4849 in
2720 4793 2863 4866 agris
2893 4793 3309 4848 conveniebant.
3368 4791 3572 4848 Eodem
3606 4793 3772 4848 intel-

2191 4891 2330 4945 lectu
2379 4887 2574 4943 Meletii
2616 4886 2851 4947 asseclas
2896 4885 3211 4952 denotavit,
3239 4893 3296 4939 et
3340 4883 3531 4954 prolem
3557 4885 3776 4954 quidem

2191 4981 2511 5035 Arianorum
2533 4979 2685 5044 dixit,
2709 4979 2848 5050 quod
2879 4978 3222 5047 Episcopum,
3248 4991 3404 5046 quem
3431 4976 3612 5030 Ariani
3639 4992 3780 5048 prm-

2191 5071 2374 5125 scrtim
2406 5070 2677 5139 elegerant
2717 5110 2732 5135 ,
2765 5078 2970 5138 patrem
3005 5066 3302 5120 haberent:
3335 5066 3642 5135 Campenses
3679 5083 3774 5120 au-

2192 5171 2319 5226 tem,
2355 5160 2496 5230 quod
2527 5160 2593 5214 ab
2617 5157 2779 5214 Urbis
2803 5157 3061 5213 Ecclesiis
3085 5158 3351 5212 exturbati
3378 5198 3392 5221 ,
3420 5160 3657 5228 quattdiu
3688 5159 3774 5213 ille

2191 5251 2466 5306 exsulabat
2493 5290 2507 5313 ,
2542 5252 2593 5302 in
2618 5250 2758 5318 agris
2786 5262 2844 5302 se
2873 5257 3150 5316 cogerent,
3179 5249 3357 5318 ibique
3385 5249 3558 5303 sacris
3580 5267 3778 5320 opera-

2193 5350 2398 5396 rentur.
2439 5337 2684 5394 Nondum
2730 5338 2888 5407 igitur
2925 5338 3169 5392 Meletius
3197 5337 3372 5394 fuerat
3402 5355 3498 5408 per
3529 5339 3775 5395 Gratiani

2191 5431 2465 5486 decretum
2491 5429 2837 5484 Antiochena:
2858 5429 3135 5484 Cathedra:
3155 5430 3462 5490 restitutus;
3491 5441 3617 5486 tunc
3634 5445 3779 5485 cnim

2193 5523 2299 5587 ille,
2331 5521 2552 5590 ejusque
2581 5521 2972 5576 communionis
3001 5521 3131 5574 socii
3151 5520 3300 5575 urbis
3330 5521 3602 5577 Ecclesias
3631 5533 3754 5593 post

2191 5611 2395 5666 liminio
2416 5621 2754 5681 receperunt,
2778 5628 2951 5682 neque
2977 5613 3205 5682 amplius
3233 5621 3485 5684 poterant
3509 5612 3780 5684 Campen-

2191 5705 2328 5758 sium
2373 5704 2632 5759 vocabulo
2677 5704 2901 5760 traduci.
2952 5704 3139 5759 Elucet
3184 5705 3298 5758 huic
3329 5704 3518 5759 eadem
3569 5706 3769 5760 notatic

2193 5796 2467 5866 temporis,
2497 5812 2613 5869 qua:
2643 5797 2880 5854 Gratiani
2911 5797 3081 5867 legem
3128 5796 3251 5852 anni
3281 5796 3384 5853 378
3412 5799 3655 5857 nonnihil
3684 5815 3774 5855 an-
