4004 6328
238 355 301 411 ῃ
1493 377 1553 432 s.
1588 376 1972 445 mandaret
2012 392 2195 455 vm.

245 468 458 538 tecedat,
486 486 549 529 es
579 488 648 529 eo
674 474 813 544 loco,
847 478 935 535 ubi
960 496 1020 538 se
1046 484 1124 542 ait
1145 485 1202 542 S.
1226 487 1384 547 Pater
1409 532 1426 558 ,
1457 492 1792 555 intereadum

236 561 496 634 Egyptios
530 565 883 629 Confessores
906 615 921 638 ,
969 576 1180 645 Damasi
1230 584 1465 656 collegas
1507 591 1682 659 sequi.
1728 592 1793 649 lli

232 654 420 709 scilicet
458 654 620 712 iidem
661 660 736 714 illi
777 661 1127 724 Confessores
1168 682 1328 738 sunt,
1377 654 1513 746 quos
1559 654 1788 749 Epistol.

230 760 425 816 quoque
449 752 603 803 tertia
622 751 693 806 ad
721 751 995 812 Buﬂinmn
1025 761 1267 818 laudatos
1295 766 1545 834 diximus,
1574 771 1790 844 [Egypti

228 837 457 908 Episcopi
492 880 509 905 ,
549 850 712 912 atque
747 848 1032 905 sacerdotii
1062 855 1229 921 gradu
1279 857 1502 930 Collega!
1528 837 1739 920 θωπίσῖέὶ
1769 902 1793 933 ,η

226 946 343 998 quos
359 930 551 989 Valens
576 933 870 1005 Imperator
887 941 942 995 in
967 943 1270 1003 Ca-saream
1300 950 1598 1009 l’alarstinm
1620 971 1787 1011 exsu-

228 1021 327 1077 lare
348 1022 605 1089 iusserat.
632 1025 814 1098 Itaque
840 1036 884 1087 sl
918 1033 989 1087 ab
1018 1034 1135 1091 istis
1160 1038 1409 1096 Sanctum
1450 1045 1657 1101 Domini
1691 1063 1786 1103 su-

223 1113 398 1175 mebat,
432 1112 577 1169 haud
608 1132 755 1173 certe
785 1121 945 1192 longe
968 1125 1085 1194 ipse
1115 1128 1322 1196 aberat,
1353 1141 1513 1203 atque
1540 1135 1677 1191 adeo
1706 1139 1784 1193 illi

218 1202 373 1257 adhuc
414 1204 468 1257 in
513 1207 713 1260 exsilio
740 1211 989 1280 agebant.
1033 1214 1166 1270 Nam
1197 1218 1240 1273 si
1278 1235 1372 1290 per
1402 1202 1643 1281 Gratiani
1685 1243 1782 1282 ve-

220 1293 345 1346 uiam
387 1294 439 1347 in
490 1294 784 1368 Egyptum
820 1301 933 1372 jam
977 1305 1301 1376 rediissent,
1347 1328 1452 1367 non
1495 1331 1594 1370 eos
1620 1320 1782 1374 modo

214 1381 551 1442 Confessores
585 1390 901 1461 EpiSCOpOS,
935 1396 1029 1451 sed
1056 1399 1337 1457 universos
1375 1403 1659 1477 Egyptios
1681 1409 1785 1464 Ca-

223 1475 456 1541 tliolicos,
487 1487 545 1533 et
573 1484 887 1550 cumprimis
907 1488 1327 1548 Alexandrinum
1355 1496 1525 1566 ipsum
1549 1501 1775 1570 Episco-

212 1580 319 1635 pum
353 1565 578 1624 Petrum
608 1586 669 1627 se
700 1575 910 1631 interim
944 1582 1095 1650 sequi
1135 1565 1476 1643 afﬁrmasset.
1505 1565 1676 1647 Porro
1703 1594 1779 1649 illi

209 1657 466 1713 redierunt
490 1661 562 1716 ad
585 1680 716 1720 suos
744 1667 933 1723 eadem
962 1671 1049 1726 illa
1077 1675 1206 1730 anni
1231 1678 1357 1745 578,
1375 1680 1615 1740 Gratiani
1637 1687 1777 1757 lege,

206 1760 297 1813 qna
337 1745 591 1806 Meletius
633 1756 984 1814 Antiocheam
1035 1763 1292 1823 Ecclesia:
1348 1772 1626 1830 restitutus
1671 1745 1774 1834 est.

207 1835 352 1907 Igitur
379 1840 433 1894 in
463 1846 863 1912 prmcedentent
903 1856 1156 1921 proxime
1202 1874 1399 1916 annum
1426 1865 1532 1920 377
1575 1868 1778 1929 incide-

206 1938 313 1983 runt
334 1937 780 1994 concertationes
808 1939 875 1995 de
901 1944 1178 2014 hypostasi
1203 1991 1218 2014 ,
1251 1964 1305 2005 et
1344 1968 1464 2023 quae
1496 1965 1777 2030 tantopere

202 2021 576 2096 llieronymum
610 2033 799 2086 turba:
840 2040 1197 2106 exagitarent.
1240 2043 1299 2098 ln
1333 2021 1458 2103 illud
1490 2021 1773 2122 propterea

202 2125 393 2186 tempus
416 2121 765 2191 conjicienda
793 2137 877 2182 est
902 2130 1049 2198 prior
1073 2133 1191 2200 ejus
1221 2135 1456 2206 Epistula
1487 2142 1554 2196 ad
1586 2121 1776 2199 Dama-

196 2222 299 2262 sum
324 2250 341 2274 ,
372 2226 561 2283 neque
601 2218 749 2270 enim
778 2233 895 2271 eam
924 2221 1082 2276 altius
1109 2227 1340 2284 evehere
1359 2270 1376 2295 ,
1421 2234 1775 2299 praecedentia

194 2308 325 2366 gesta
349 2340 367 2366 ,
413 2310 680 2374 totusque
708 2305 841 2361 Vita:
870 2309 1300 2382 Hieronymianze
1331 2320 1466 2372 ordo
1492 2325 1773 2390 permittit.

192 2387 255 2442 Ne
278 2398 463 2447 autem
497 2396 677 2450 serius
701 2398 982 2455 dilferatur
1007 2443 1023 2466 ,
1057 2406 1305 2471 prohibet
1326 2409 1453 2465 illud
1483 2387 1552 2469 de
1570 2415 1769 2473 Meletii

189 2481 344 2537 adhuc
371 2485 431 2539 in
457 2487 659 2540 exsilio
687 2499 900 2557 agente,
919 2509 984 2547 ex
1012 2510 1119 2563 quo
1148 2497 1403 2557 hactenus
1421 2511 1773 2573 argumentati

189 2589 399 2641 tamus,
438 2576 727 2651 indicium.
775 2580 883 2636 Sed
932 2586 1112 2654 utique
1153 2588 1321 2645 altera
1348 2631 1364 2655 ,
1409 2595 1521 2651 sive
1551 2597 1666 2653 Xlll
1699 2600 1768 2655 ad

190 2666 431 2721 eumdem
465 2668 763 2725 Damasum
805 2675 1015 2730 videtur
1055 2679 1108 2733 in
1166 2695 1477 2751 sequentem
1531 2704 1621 2743 an.
1662 2691 1771 2748 378

187 2760 571 2824 protrahenda.
621 2763 690 2817 Et
721 2778 870 2822 certe
908 2769 1121 2837 quidem
1158 2776 1336 2830 tandiu
1373 2789 1491 2847 post
1533 2785 1758 2851 primam

184 2847 362 2917 scripta
394 2859 517 2916 est,
552 2853 795 2921 quandin
825 2856 916 2910 ille
944 2863 1345 2929 responsionem
1369 2847 1594 2926 Romani
1624 2872 1762 2930 Pon-

186 2937 324 2994 Iilicis
347 2943 489 2995 satis
518 2942 791 3012 patienter
816 2956 873 3001 et
898 2947 1175 3021 piusquam
1206 2971 1308 3010 una
1339 2961 1452 3015 vice
1481 2965 1761 3031 praestola-

184 3038 257 3084 tus
277 3032 443 3088 videri
476 3037 671 3103 possit.
690 3037 829 3105 Quin
851 3042 1012 3096 etiam
1033 3045 1242 3102 videtur
1263 3051 1414 3106 llObis
1439 3064 1558 3122 post
1585 3058 1759 3125 ipsum

185 3116 404 3177 Gratiani
427 3123 712 3180 decretum
735 3129 1081 3198 scripta.sive
1108 3148 1381 3208 postquam
1405 3116 1623 3214 saporis
1643 3148 1757 3203 Ma-

183 3211 318 3277 gistri
347 3214 582 3269 militum
607 3216 814 3287 judicio
837 3221 1382 3287 MeletianiEcclesias
1403 3239 1753 3306 recepissent,

187 3301 226 3354 si
254 3314 393 3360 recte
420 3306 714 3363 verborum
744 3309 956 3368 illorum
995 3331 1211 3374 sensum
1238 3328 1574 3394 assequimur
1607 3347 1621 3384 :
1655 3330 1757 3387 Hie

184 3395 418 3459 prasidiis
440 3399 580 3469 [ulta
602 3401 782 3455 mundi
800 3401 993 3460 Ariona
1013 3408 1174 3463 rabies
1203 3415 1389 3482 (rapit.
1412 3416 1592 3488 Neque
1612 3423 1755 3477 enim

185 3485 326 3537 aliam
349 3526 364 3552 ,
396 3503 561 3557 quam
590 3507 712 3560 qna:
737 3493 837 3548 sibi
865 3497 1096 3554 nraxime
1122 3504 1350 3559 molesta
1376 3519 1513 3576 erat,
1544 3499 1751 3581 partem

186 3589 244 3626 eo
270 3579 485 3633 nomine
521 3579 581 3635 S.
617 3581 777 3638 Pater
802 3586 1079 3645 denotavit
1104 3610 1118 3644 :
1146 3608 1317 3665 eaque
1341 3598 1407 3652 de
1433 3579 1602 3658 tribus
1630 3619 1754 3674 qua:

186 3664 464 3725 Ecclesium
496 3672 853 3743 scindebant,
886 3695 986 3733 una
1021 3682 1425 3744 Meletianorum
1465 3703 1602 3758 erat,
1634 3712 1753 3764 qua:

188 3756 327 3811 trium
371 3760 737 3833 bypostaseon
767 3769 1156 3837 professionem
1186 3777 1490 3847 importune
1520 3756 1666 3838 adeo
1686 3788 1754 3843 ab

187 3847 287 3916 ipso
311 3855 581 3924 exigebat.
611 3859 809 3915 Ariana
839 3875 1019 3919 autem
1052 3881 1118 3920 eo
1145 3882 1304 3923 sensu
1347 3871 1621 3929 dictitatur
1647 3917 1661 3939 ,
1695 3888 1755 3933 ut

186 3955 326 4010 supra
352 3949 701 4018 exposuimus
724 3991 741 4016 ,
776 3956 915 4024 quod
955 3957 1200 4013 Meletitts
1240 3962 1561 4018 Arianorum
1614 3983 1753 4036 pra:-

186 4036 351 4089 sertim
388 4052 558 4107 opera
586 4041 908 4099 Catltcdram
935 4048 1326 4105 Antiochenam
1358 4058 1752 4115 conscenderit.

247 4123 305 4179 γ.
334 4128 534 4185 Doctus
559 4148 688 4187 vero
717 4135 874 4191 Pater
894 4138 1260 4209 Constantius,
1290 4146 1381 4214 qui
1410 4147 1460 4200 in
1493 4163 1586 4203 sua
1614 4150 1750 4220 Epi-

186 4217 420 4274 stolarum
451 4222 816 4282 Romanorum
847 4228 1164 4287 Pontiﬁcum
1191 4236 1444 4305 editione,
1480 4239 1574 4294 has
1613 4258 1751 4312 quo-

186 4323 275 4376 que
314 4312 629 4388 Hieronymi
679 4318 813 4375 duas
866 4323 1095 4388 recedit,
1151 4334 1430 4400 utramque
1479 4336 1754 4391 contendit

187 4402 340 4458 serius
390 4406 565 4464 adlmc
619 4412 831 4480 multo,
879 4416 992 4470 sive
1043 4417 1108 4471 ad
1160 4433 1358 4476 annum
1407 4438 1573 4495 usque
1645 4428 1744 4485 38l

187 4491 541 4554 differendam.
574 4501 822 4559 Palmare
847 4520 1216 4576 argumentum
1236 4516 1254 4583 (
1276 4529 1447 4587 neque
1463 4506 1607 4574 enim
1633 4521 1751 4590 ejus

187 4591 496 4646 consectaria
521 4597 769 4666 persequi
796 4601 984 4668 vacat)
1024 4617 1091 4656 ex
1120 4618 1188 4658 eo
1215 4608 1397 4673 sumit,
1435 4610 1577 4678 quod
1602 4612 1750 4669 Vita-

190 4674 298 4745 lctn,
338 4693 454 4751 post
506 4684 755 4742 Valentis
793 4689 1025 4762 denique
1076 4695 1322 4764 obitum,
1365 4700 1418 4755 id
1453 4674 1579 4769 est,
1630 4715 1753 4774 post.

187 4784 363 4825 mnum
406 4775 512 4832 378
549 4788 790 4834 creatum
816 4782 1115 4840 Antiochia:
1140 4787 1481 4860 Episcopum,
1508 4794 1752 4853 videatur

189 4859 378 4919 libellus
391 4866 713 4939 Synodiens,
735 4872 876 4942 apud
898 4874 1168 4932 Labbeum
1200 4888 1332 4933 tom.
1359 4880 1413 4934 2.
1436 4882 1610 4939 editus
1631 4902 1752 4957 per-

186 4955 410 5015 suadere.
433 4960 537 5016 Sed
560 4971 617 5016 ut
643 4962 877 5020 nolimus
895 4966 1014 5036 ejus
1039 4985 1179 5025 nunc
1206 4970 1352 5025 Libri
1374 4955 1746 5034 auctoritatem

187 5042 429 5114 imtninni,
455 5067 561 5107 non
589 5064 672 5109 est
701 5064 880 5111 tamen
910 5058 998 5113 illa
1021 5061 1175 5125 tanti,
1206 5077 1326 5132 quae
1360 5064 1605 5134 prmferri
1638 5069 1748 5124 ullo

189 5137 328 5191 modo
352 5142 517 5210 possit
546 5145 800 5214 Epistola:
847 5147 992 5204 Petri
1031 5150 1414 5220 Alexandrini,
1467 5158 1608 5227 apud
1648 5159 1751 5216 Fa-

188 5226 395 5283 cundum
424 5231 845 5292 Germanensem
885 5239 1097 5311 scripta:
1133 5243 1430 5317 Episcopis,
1461 5248 1746 5324 Presbyte-

190 5315 281 5383 ris,
309 5330 459 5392 atque
483 5324 883 5397 Diaconis,‘pro
910 5346 1034 5386 vera
1063 5332 1167 5388 ﬁde
1191 5335 1244 5388 in
1271 5337 1461 5394 exsilio
1488 5344 1748 5398 constitu-

190 5406 278 5471 tis,
308 5411 417 5481 ipso
440 5415 689 5473 videlicet
711 5434 802 5476 an.
833 5422 960 5487 3'18,
985 5437 1105 5478 cum
1130 5441 1323 5498 nempe
1353 5429 1542 5487 Valens
1572 5434 1746 5493 adhuc

188 5499 234 5553 in
260 5503 382 5558 vivis
396 5521 592 5579 ageret.
617 5510 689 5566 lbi
706 5520 881 5568 autem
907 5515 1094 5572 Petrus
1109 5517 1176 5574 de
1197 5519 1476 5579 Timotheo
1497 5526 1739 5596 loquens,

189 5604 329 5658 quem
365 5598 721 5670 Apollinarins
764 5606 1103 5664 Alexandriae
1133 5611 1454 5687 Episcopum
1483 5619 1740 5691 subroga-

188 5697 362 5743 verat:
400 5691 567 5749 Voluit
610 5698 763 5751 etiam
804 5715 902 5764 me,
957 5701 1142 5771 inquit,
1182 5707 1638 5777 anathematizare,
1693 5724 1740 5768 et

192 5771 414 5835 Basiliam
453 5783 731 5850 Ca’same,
781 5798 827 5841 et
872 5787 1164 5858 Paulinum,
1197 5806 1244 5849 et
1275 5794 1657 5867 Epiphaniam,
1690 5814 1738 5857 et

517 5876 590 5949 .S.
637 5878 1028 5959 thnostjm.
1082 5884 1126 5945 l.

1903 501 2187 565 Diodorum
2210 512 2511 586 Episconos,
2540 531 2590 578 et
2611 539 2726 581 cum
2759 529 2921 590 Vitale
2937 541 3323 604 connnunicore.
3358 548 3496 613 Erat

1902 594 1990 651 ltic
2023 598 2186 669 igitur
2212 604 2397 662 Vitalis
2436 609 2750 679 jamdudutn
2784 594 3483 709 Episcopusabin-pollio;

1900 685 1983 741 rio
2010 694 2354 752 constitutus.
2373 699 2518 755 ldent
2547 685 2911 771 conﬁrmat-8.
2946 685 3205 794 E'pltrcm,
3235 685 3322 800 tjui
3351 742 3486 794 res“,

1903 773 2147 800 u:.-_--._-,
2281 786 2333 800 ι..
2463 792 2475 800 .
2532 792 2591 800 -..
2634 798 2641 800 ,

1899 773 2247 884 Ξίιῖιιοιιγηω,
2280 786 2417 843 libro
2443 792 2511 848 de
2532 792 2675 851 Viris
2698 773 3019 870 illustribus:
3062 773 3205 872 die};
3231 773 3488 884 333:2};

3008 863 3018 870 .
3066 863 3201 872 _---..
3232 863 3363 880 νυ...
3387 863 3486 884 υιιυ

1898 863 2144 938 Valente,
2190 875 2277 929 ubi
2308 876 2595 941 lia-retices
2624 888 2915 951 Vitalianus
2945 900 2998 953 in
3033 911 3354 967 testamento
3385 933 3486 973 suo

1897 961 2172 1025 nominat,
2226 966 2423 1036 idest,
2476 976 2916 1053 Apollinaristas,
2954 1006 3180 1061 quorum
3227 1001 3485 1065 doctrina:

1898 1047 2085 1107 Vitalis
2110 1054 2222 1124 jam
2248 1059 2550 1133 Episcopus
2594 1084 2823 1141 nomen,
2870 1079 2940 1134 ob
2969 1083 3244 1151 dignitatis
3268 1094 3480 1167 locum,

1898 1146 2266 1167 “__‘__AJ_.,.
2348 1152 2384 1167 λ
2464 1158 2475 1167 .
2624 1160 2655 1167 -
2760 1166 2763 1167 ν

1895 1146 2291 1250 omnimodabat.
2346 1152 2585 1228 Denique
2619 1160 2677 1218 S.
2729 1146 3059 1239 Epiphanius
3106 1196 3226 1239 cum

1890 1231 2159 1291 decimum
2192 1238 2433 1301 Valentis
2470 1263 2694 1320 annum,
2726 1231 3052 1335 qui-vulgari
3103 1272 3210 1329 576
3261 1294 3484 1350 respon-

1896 1321 1981 1350 Α...
2062 1326 2323 1350 ..:__---_,_
2365 1335 2377 1347 ι
2446 1338 2485 1350 ,ι
2625 1345 2634 1350 -
2717 1347 2724 1350 .

1894 1321 2020 1386 det,
2060 1326 2329 1396 signasset
2364 1335 2417 1390 in
2446 1338 2674 1398 Panario
2715 1347 2907 1407 haeresi
2935 1369 3262 1432 sexagesima
3289 1321 3437 1429 solita
3464 1420 3480 1444 ,

1894 1415 2234 1444 ...ΙηυυυμηΑε
2274 1441 2317 1444 -,
2497 1434 2508 1444 .
2748 1442 2756 1444 Α

1889 1415 2237 1489 snbsequenti
2267 1434 2598 1501 sexagesima
2625 1442 2883 1513 septima,
2928 1467 3046 1521 qua:
3083 1468 3164 1514 est
3184 1420 3485 1536 'Apnllinq:

1890 1506 2142 1536 ..ὅρια-η...
2185 1524 2235 1536 ,ι
2262 1531 2333 1536 .__,
2418 1522 2430 1536 ι
2600 1527 2613 1536 .

1881 1875 2117 1935 Auctore
2146 1882 2421 1954 Synodici,
2453 1907 2559 1947 non
2588 1910 2757 1967 usque
2794 1902 2933 1959 adeo
3229 1875 3477 1981 [id-mulio:

1880 1965 2050 2032 mine,
2074 1969 2266 2028 doctus
2287 1975 2631 2040 Constantius
2655 1965 3060 2059 argumentatur
3089 2018 3105 2056 :
3130 2007 3257 2073 quin
3295 2016 3469 2081 potius

1880 2057 2084 2081 ...Λ----ε
2105 2080 2111 2081 ,
2146 2074 2158 2081 .
2176 2079 2189 2081 _
2250 2080 2255 2081 ,
2327 2068 2339 2081 ι
2633 2078 2643 2081 -

1878 2057 2116 2127 mulgaria
2145 2068 2372 2121 tenenda
2413 2078 2679 2132 sententia
2707 2057 2812 2147 est,
2842 2101 2961 2154 quzn
2986 2092 3053 2145 ad
3078 2057 3275 2153 annum
3295 2057 3468 2162 'circi-

1881 2155 1962 2202 ter
1987 2151 2093 2205 576
2121 2155 2510 2216 ordinationem
2540 2166 2680 2222 illius
2716 2151 2903 2238 refert,
2927 2187 2983 2234 et
3022 2197 3143 2239 cum
3175 2192 3315 2247 serie
3339 2195 3468 2263 Epi-

1881 2239 2012 2263 ..ιιι1--
2027 2257 2129 2263 --μη
2155 2244 2189 2263 n
2235 2236 2299 2263 ἰιι
2364 2251 2435 2263 ι...
2488 2254 2499 2263 .

1878 2239 2135 2296 stolarum
2155 2244 2215 2300 S.
2235 2236 2458 2315 'Basilii,
2486 2254 2719 2329 itemque
2742 2278 2944 2335 rerum,
2971 2287 3090 2341 quae
3130 2277 3183 2332 in
3230 2281 3296 2337 iis
3343 2236 3468 2342 nar-

1879 2340 2085 2399 rantur,
2108 2338 2349 2406 apprime
2368 2346 2611 2413 quadrat.

1956 2420 2044 2476 Vl.
2069 2424 2254 2495 Neque
2289 2447 2449 2501 porro
2473 2440 2760 2510 quidquam
2790 2458 2874 2505 est
2898 2457 3274 2526 verosimilius,
3298 2476 3460 2539 atque

1880 2509 2115 2569 historia:
2143 2518 2571 2596 Hieronymiame
2597 2546 2890 2595 consonum
2919 2547 3105 2616 magis,
3129 2567 3286 2619 quam
3312 2509 3455 2628 qdod

1880 2603 2085 2628 λεώ-μ
2457 2620 2468 2628 .

3003 2603 3034 2616 ν
3092 2603 3104 2613 ι
3147 2603 3208 2619 1-⁷
3233 2603 3286 2609 --·
3314 2603 3452 2628 “Ι“”“’“”

1873 2603 2204 2678 dicebamus,
2249 2629 2372 2671 eum
2421 2620 2488 2674 ab
2539 2632 2681 2681 anno
2730 2629 2835 2687 577
2873 2640 3061 2694 vexari
3109 2639 3452 2708 factiosorum

1871 2697 2058 2766 turbis,
2087 2713 2246 2773 atque
2288 2716 2800 2778 expostulationibus
2840 2719 3089 2799 cmgtisse,
3119 2750 3219 2794 nec
3258 2741 3453 2802 deinde

1869 2787 2087 2849 licuisse
2128 2795 2203 2852 illi
2244 2809 2410 2858 totum
2465 2806 2734 2868 biennium
2775 2825 2828 2872 et
2865 2787 3006 2891 quod
3048 2833 3314 2899 excurrit,
3358 2852 3453 2906 per

1865 2881 2011 2952 ipsos
2037 2887 2218 2956 quieto
2251 2907 2391 2951 eese.
2425 2898 2485 2953 lli
2520 2904 2662 2959 enim
2695 2910 2839 2965 nullo
2877 2930 2982 2969 non
3010 2916 3096 2975 die
3126 2939 3335 2994 urgere.
3358 2881 3450 2983 lin»

1865 2971 2047 2994 ,__._._
2139 2990 2149 2994 _

3050 2971 3091 2975 η
3130 2971 3335 2994 ην.-.
3365 2971 3448 2983 ...-

1864 2971 2078 3045 testare,
2101 2990 2261 3049 atque
2287 3000 2580 3077 exposcere
2621 2997 2802 3067 tidem,
2835 3015 3037 3064 utvere
3063 3010 3145 3066 his
3189 3018 3448 3077 molestiis

1864 3066 2000 3123 velle
2027 3068 2083 3125 S.
2129 3068 2522 3138 adolescentem
2562 3087 2628 3143 .le
2656 3106 2841 3148 eremo
2870 3102 3169 3167 propellere
3200 3107 3444 3167 videren-

1863 3164 1967 3214 tur.
2020 3161 2278 3233 Quotidie,
2320 3170 2508 3243 inquit,
2538 3194 2781 3249 exposcor
2819 3161 2991 3254 ﬁdem,
3024 3197 3169 3261 quasi
3206 3201 3314 3255 sine
3340 3204 3445 3271 fide

1859 3262 2061 3308 renatus
2079 3256 2194 3310 sim.
2220 3258 2494 3330 Conﬁteor,
2517 3280 2572 3322 ut
2595 3273 2788 3338 volunt,
2818 3295 2919 3333 non
2939 3256 3120 3351 placet.
3145 3256 3440 3362 Subscribo,

1860 3355 1960 3393 non
1983 3344 2214 3399 credunt.
2248 3348 2417 3407 Unum
2459 3367 2655 3413 tantum
2706 3363 2900 3433 placet,
3027 3374 3144 3431 hinc
3188 3344 3438 3445 recedam:

1857 3429 2032 3500 Atque
2057 3449 2124 3489 eo
2148 3437 2360 3496 demum
2390 3459 2608 3503 coaetus
2635 3467 2823 3511 revera
2855 3470 2938 3516 est
2978 3480 2992 3520 :
3023 3464 3178 3535 lam,
3235 3471 3403 3544 inquit
3422 3518 3439 3541 ,

1858 3518 1961 3544 :--..
1988 3523 2098 3544 --ΔΑ
2141 3541 2152 3544 -
2218 3528 2231 3544 ¹
2454 3540 2457 3544 ‘

1846 3518 1961 3587 jam
1981 3523 2103 3577 cedo
2133 3541 2154 3580 :
2178 3528 2488 3601 abruperant
2506 3555 2538 3590 α
2558 3557 2637 3595 me
2666 3556 2860 3609 partem
2891 3552 3078 3609 animm
3120 3574 3263 3627 mete,
3282 3568 3443 3619 cmis-

1856 3611 2009 3667 simos
2037 3618 2238 3684 fratres.
2282 3640 2395 3676 erce
2436 3628 2694 3687 discedere
2729 3640 2958 3707 cupiunt,
3002 3646 3103 3700 into
3154 3651 3436 3711 discedunt.

1862 3699 1971 3770 Ego
2002 3705 2126 3775 ipse,
2162 3710 2258 3762 nisi
2303 3729 2383 3765 me
2424 3725 2470 3769 et
2501 3725 2731 3790 corporis
2759 3727 3075 3788 imbecillitas
3094 3776 3111 3798 ,
3157 3750 3207 3793 et
3247 3743 3440 3812 hyemis

1856 3802 2091 3849 retineret
2140 3802 2387 3867 asperitas
2423 3806 2538 3874 jam
2584 3815 2733 3867 uredo
2782 3819 3025 3888 fugerent.
3087 3825 3441 3890 Verumtamen

1857 3879 1977 3934 dum
2004 3899 2208 3939 vernum
2240 3900 2434 3961 (corpus
2459 3898 2711 3967 adveniat,
2758 3907 2961 3963 obsecro
3006 3922 3062 3966 ut
3102 3921 3279 3985 paucis

3313 3926 3438 3977 milii

1856 3974 2105 4031 mensibus
2128 3981 2285 4034 eremi
2303 3989 2608 4044 concedatur
2624 3994 2918 4067 hospitium,
2940 4014 3030 4059 aut
3047 4005 3096 4060 si
3117 4007 3213 4063 hoc
3235 4015 3440 4079 tardum

1855 4063 2072 4131 videtur,
2090 4067 2325 4125 abscedo.
2346 4074 2599 4149 Haecine,
2619 4063 2924 4157 priusquam
2947 4094 3135 4166 abiret,

1854 4155 2006 4213 duxit
2026 4159 2094 4214 ad
2116 4160 2348 4221 Marcum
2373 4167 2751 4245 Presbyterum
2775 4155 3166 4246 Tlteledensem

1855 4247 1908 4302 in
1931 4261 2112 4307 nostra
2143 4258 2453 4315 recensione
2470 4262 2632 4321 xvn.
2660 4286 2761 4339 qua
2783 4288 2889 4329 non
2913 4287 3018 4334 tam
3042 4281 3119 4337 illi
3147 4247 3437 4354 posiulanti

1854 4339 1922 4396 de
1952 4342 2074 4399 tidei
2106 4360 2218 4402 sua:
2247 4349 2600 4424 professione,
2631 4366 2927 4433 respondit,
2954 4386 3113 4441 quam
3142 4339 3211 4430 de
3252 4378 3439 4435 factio-

1853 4446 2036 4490 sornm
2088 4439 2349 4498 molestiis
2385 4445 2735 4517 iniquissimis
2765 4439 3093 4528 conquestus
3131 4474 3235 4520 est.
3268 4469 3437 4526 Acce-

1854 4536 2017 4592 perat
2033 4543 2161 4583 vero
2180 4529 2313 4600 jam.
2337 4548 2458 4589 cum
2482 4536 2598 4594 haec
2622 4543 2905 4610 scriberet,
2931 4564 2962 4603 a
3004 4550 3214 4610 Damasi
3243 4557 3435 4627 literis,

1852 4618 1996 4687 quod
2026 4629 2303 4692 tantopere
2327 4629 2631 4697 expetebat.
2659 4648 2769 4703 quo
2793 4651 2915 4693 cum
2939 4640 3043 4697 sibi
3067 4656 3215 4702 esset
3242 4618 3437 4707 Antio;

1851 4709 1987 4764 cuia:
2013 4715 2510 4773 communicandum
2526 4736 2551 4784 ι
2586 4723 2662 4778 ait
2687 4727 2867 4796 enim,
2894 4731 3185 4793 [ceraticum
3218 4758 3297 4797 me
3319 4761 3437 4799 cum

1856 4800 2145 4868 Occidente,
2182 4805 2472 4863 Iuereticum
2499 4827 2618 4867 cum
2652 4815 2905 4890 ﬂggpto,
2937 4823 3036 4880 hoc
3070 4838 3144 4882 est
3184 4847 3299 4887 cum
3328 4834 3437 4890 Das

1851 4909 2017 4960 masc,
2054 4892 2309 4967 Petroque
2343 4902 2695 4961 condemnant.
2725 4908 2995 4971 Praeterea
3036 4917 3245 4991 hyemis
3271 4937 3433 4993 quam

1850 4995 2149 5053 caussatut',
2171 4991 2433 5059 asperitas
2457 5000 2726 5067 vergentis
2752 5002 2819 5057 ad
2845 5004 3007 5062 linem
3034 5012 3161 5066 anni
3184 4991 3302 5083 ejus
3328 5018 3435 5075 378

1849 5075 2187 5144 apertissima
2226 5092 2351 5137 nota
2380 5093 2498 5151 est;
2529 5088 2634 5145 nisi
2668 5093 2831 5149 etiam
2857 5105 3045 5167 putare
3064 5075 3231 5158 malis
3247 5106 3436 5164 subse-

1848 5165 2062 5233 quentis
2086 5167 2192 5224 379
2238 5172 2527 5241 primordia
2576 5165 2873 5254 designari.
2899 5187 3145 5247 Profecto
3172 5210 3280 5250 non
3318 5211 3438 5255 erat

1848 5255 2133 5327 illaprima
2171 5263 2297 5318 anni
2317 5264 2424 5323 578
2453 5277 2761 5341 tempestas,
2784 5286 2845 5332 ut
2884 5294 3154 5340 nonnemo
3182 5287 3281 5341 sibi
3311 5303 3434 5358 per-

1845 5349 2354 5410 suasit:boeenim
2402 5358 2519 5429 ipso
2563 5377 2709 5419 anno
2761 5368 2985 5427 alteram
3028 5374 3097 5428 ad
3148 5349 3432 5434 Damasum
3488 5418 3489 5421 η

1849 5436 2161 5508 Epistolam,
2192 5455 2250 5499 ut
2276 5447 2600 5508 declaratum
2627 5462 2729 5518 est.
2770 5458 3128 5533 Hieronymus
3168 5464 3393 5523 dederat
3408 5506 3430 5533 ς.
3489 5531 3493 5535 ,

1845 5530 1999 5601 cujus
2019 5538 2333 5604 responsum
2358 5541 2408 5595 in
2438 5543 2537 5599 ista
2564 5547 2631 5601 ad
2672 5548 2905 5606 Marcum
2927 5554 3040 5623 jam
3072 5558 3347 5625 accepisse
3371 5577 3433 5617 se

2097 5626 2137 5642 Α
2233 5628 2246 5642 .
2308 5630 2321 5642 .
2425 5634 2437 5642 .
2585 5637 2599 5642 -

1846 5621 2062 5680 indicat.
2094 5626 2248 5695 Quod
2277 5630 2323 5685 si
2367 5634 2528 5690 etiam
2567 5637 2757 5695 demus
2786 5621 3037 5714 scriptam
3080 5621 3430 5720 prmcedenti,

1845 5712 1960 5770 sive
1983 5715 2287 5775 eodemmet
2309 5737 2453 5778 anno
2475 5742 2582 5796 quo
2601 5738 2657 5783 et
2685 5730 2853 5799 prima
2886 5712 2907 5784 ξ
2942 5745 3212 5800 gestorum
3253 5746 3434 5801 tamen

1850 5808 2037 5876 series,
2068 5819 2123 5865 et
2152 5814 2291 5883 quod
2320 5830 2348 5868 a
2382 5819 2556 5886 priore
2581 5821 2649 5875 ad
2687 5823 2861 5882 istam.
2889 5839 3209 5897 rursumque
3234 5832 3302 5887 ab
3332 5838 3432 5898 ista

2804 5912 2823 5988 ί
2835 5914 3063 5990 Βεεκτ.)
