  <div class='ocr_page' id='page_1' title='image "/cluster/home/n/w/nwhite01/storage/ocr_20150623/22/hvd.32044015471378/071.png"; bbox 0 0 4004 6328; ppageno 0'>
   <div class='ocr_carea' id='block_1_1' title="bbox 526 369 3773 448">
    <p class='ocr_par' dir='ltr' id='par_1_1' title="bbox 526 369 3773 448">
     <span class='ocr_line' id='line_1_1' title="bbox 526 369 3773 448; baseline -0.005 -11"><span class='ocrx_word' id='word_1_1' title='bbox 526 391 599 448; x_wconf 72' lang='lat'><strong>59</strong></span> <span class='ocrx_word' id='word_1_2' title='bbox 1799 374 1854 431; x_wconf 91' lang='lat' dir='ltr'><strong>s.</strong></span> <span class='ocrx_word' id='word_1_3' title='bbox 1897 369 2273 430; x_wconf 70' lang='lat' dir='ltr'><strong>lllERONﬂH</strong></span> <span class='ocrx_word' id='word_1_4' title='bbox 2312 369 2495 427; x_wconf 74' lang='lat' dir='ltr'><strong>VITA.</strong></span> <span class='ocrx_word' id='word_1_5' title='bbox 3709 385 3773 438; x_wconf 68' lang='grc' dir='ltr'>ω</span> 
     </span>
    </p>
   </div>
   <div class='ocr_carea' id='block_1_2' title="bbox 525 491 2103 568">
    <p class='ocr_par' dir='ltr' id='par_1_2' title="bbox 525 491 2103 568">
     <span class='ocr_line' id='line_1_2' title="bbox 525 491 2103 568; baseline -0.011 -5"><span class='ocrx_word' id='word_1_6' title='bbox 525 506 592 564; x_wconf 77' lang='lat' dir='ltr'><strong>ad</strong></span> <span class='ocrx_word' id='word_1_7' title='bbox 621 503 894 563; x_wconf 86' lang='lat' dir='ltr'><strong>Pontiﬁcis</strong></span> <span class='ocrx_word' id='word_1_8' title='bbox 936 499 1162 558; x_wconf 78' lang='lat' dir='ltr'><strong>Romani</strong></span> <span class='ocrx_word' id='word_1_9' title='bbox 1184 511 1499 568; x_wconf 90' lang='lat' dir='ltr'><strong>responsum</strong></span> <span class='ocrx_word' id='word_1_10' title='bbox 1529 493 1808 552; x_wconf 91' lang='lat' dir='ltr'><strong>intercedit</strong></span> <span class='ocrx_word' id='word_1_11' title='bbox 1850 491 2103 562; x_wconf 88' lang='lat' dir='ltr'><strong>temporis</strong></span> 
     </span>
    </p>
   </div>
   <div class='ocr_carea' id='block_1_3' title="bbox 526 580 2107 664">
    <p class='ocr_par' dir='ltr' id='par_1_3' title="bbox 526 580 2107 664">
     <span class='ocr_line' id='line_1_3' title="bbox 526 580 2107 664; baseline -0.011 -12"><span class='ocrx_word' id='word_1_12' title='bbox 526 596 882 661; x_wconf 90' lang='lat' dir='ltr'><strong>intervallum,</strong></span> <span class='ocrx_word' id='word_1_13' title='bbox 925 603 1115 664; x_wconf 87' lang='lat' dir='ltr'><strong>putare</strong></span> <span class='ocrx_word' id='word_1_14' title='bbox 1139 590 1358 647; x_wconf 91' lang='lat' dir='ltr'><strong>omnino</strong></span> <span class='ocrx_word' id='word_1_15' title='bbox 1383 603 1489 644; x_wconf 90' lang='lat' dir='ltr'><strong>non</strong></span> <span class='ocrx_word' id='word_1_16' title='bbox 1517 587 1661 651; x_wconf 91' lang='lat' dir='ltr'><strong>sinit,</strong></span> <span class='ocrx_word' id='word_1_17' title='bbox 1690 594 1748 639; x_wconf 90' lang='lat' dir='ltr'><strong>ut</strong></span> <span class='ocrx_word' id='word_1_18' title='bbox 1767 598 1888 654; x_wconf 70' lang='lat' dir='ltr'><strong>quae</strong></span> <span class='ocrx_word' id='word_1_19' title='bbox 1925 583 1980 637; x_wconf 94' lang='lat' dir='ltr'><strong>in</strong></span> <span class='ocrx_word' id='word_1_20' title='bbox 2008 580 2107 634; x_wconf 88' lang='lat' dir='ltr'><strong>hac</strong></span> 
     </span>
    </p>
   </div>
   <div class='ocr_carea' id='block_1_4' title="bbox 525 674 2102 758">
    <p class='ocr_par' dir='ltr' id='par_1_4' title="bbox 525 674 2102 758">
     <span class='ocr_line' id='line_1_4' title="bbox 525 674 2102 758; baseline -0.013 -11"><span class='ocrx_word' id='word_1_21' title='bbox 525 690 588 748; x_wconf 80' lang='lat' dir='ltr'><strong>ad</strong></span> <span class='ocrx_word' id='word_1_22' title='bbox 618 689 849 744; x_wconf 81' lang='lat' dir='ltr'><strong>Marcum</strong></span> <span class='ocrx_word' id='word_1_23' title='bbox 883 687 1070 758; x_wconf 88' lang='lat' dir='ltr'><strong>hyems</strong></span> <span class='ocrx_word' id='word_1_24' title='bbox 1095 683 1403 743; x_wconf 89' lang='lat' dir='ltr'><strong>denotatur.</strong></span> <span class='ocrx_word' id='word_1_25' title='bbox 1424 679 1664 751; x_wconf 86' lang='lat' dir='ltr'><strong>ejusdem</strong></span> <span class='ocrx_word' id='word_1_26' title='bbox 1686 675 1936 733; x_wconf 75' lang='lat' dir='ltr'><strong>exeuntis</strong></span> <span class='ocrx_word' id='word_1_27' title='bbox 1958 674 2102 738; x_wconf 89' lang='lat' dir='ltr'><strong>anui,</strong></span> 
     </span>
    </p>
   </div>
   <div class='ocr_carea' id='block_1_5' title="bbox 526 765 2110 849">
    <p class='ocr_par' dir='ltr' id='par_1_5' title="bbox 526 765 2110 849">
     <span class='ocr_line' id='line_1_5' title="bbox 526 765 2110 849; baseline -0.009 -17"><span class='ocrx_word' id='word_1_28' title='bbox 526 781 611 834; x_wconf 79' lang='lat' dir='ltr'><strong>vel</strong></span> <span class='ocrx_word' id='word_1_29' title='bbox 642 779 970 849; x_wconf 80' lang='lat' dir='ltr'><strong>insequentis</strong></span> <span class='ocrx_word' id='word_1_30' title='bbox 998 775 1103 831; x_wconf 80' lang='grc'><strong>578</strong></span> <span class='ocrx_word' id='word_1_31' title='bbox 1128 774 1358 828; x_wconf 88' lang='lat' dir='ltr'><strong>ineuntis</strong></span> <span class='ocrx_word' id='word_1_32' title='bbox 1389 771 1566 826; x_wconf 72' lang='lat' dir='ltr'><strong>fuerit.</strong></span> <span class='ocrx_word' id='word_1_33' title='bbox 1606 769 1700 824; x_wconf 90' lang='lat' dir='ltr'><strong>Sin</strong></span> <span class='ocrx_word' id='word_1_34' title='bbox 1732 778 1908 822; x_wconf 90' lang='lat' dir='ltr'><strong>autem</strong></span> <span class='ocrx_word' id='word_1_35' title='bbox 1936 765 2110 820; x_wconf 87' lang='lat' dir='ltr'><strong>serius</strong></span> 
     </span>
    </p>
   </div>
   <div class='ocr_carea' id='block_1_6' title="bbox 525 859 2111 943">
    <p class='ocr_par' dir='ltr' id='par_1_6' title="bbox 525 859 2111 943">
     <span class='ocr_line' id='line_1_6' title="bbox 525 859 2111 943; baseline -0.01 -16"><span class='ocrx_word' id='word_1_36' title='bbox 525 876 640 928; x_wconf 83' lang='lat' dir='ltr'><strong>sive</strong></span> <span class='ocrx_word' id='word_1_37' title='bbox 687 881 807 943; x_wconf 90' lang='lat' dir='ltr'><strong>post</strong></span> <span class='ocrx_word' id='word_1_38' title='bbox 845 886 1042 924; x_wconf 89' lang='lat' dir='ltr'><strong>annum</strong></span> <span class='ocrx_word' id='word_1_39' title='bbox 1087 869 1181 924; x_wconf 77' lang='lat' dir='ltr'><strong>58l</strong></span> <span class='ocrx_word' id='word_1_40' title='bbox 1246 868 1361 921; x_wconf 77' lang='lat' dir='ltr'><strong>lucc</strong></span> <span class='ocrx_word' id='word_1_41' title='bbox 1411 865 1702 933; x_wconf 80' lang='lat' dir='ltr'><strong>contigisse</strong></span> <span class='ocrx_word' id='word_1_42' title='bbox 1753 859 2111 930; x_wconf 63' lang='lat' dir='ltr'><strong>pertenderis,</strong></span> 
     </span>
    </p>
   </div>
   <div class='ocr_carea' id='block_1_7' title="bbox 529 949 2112 1031">
    <p class='ocr_par' dir='ltr' id='par_1_7' title="bbox 529 949 2112 1031">
     <span class='ocr_line' id='line_1_7' title="bbox 529 949 2112 1031; baseline -0.014 -10"><span class='ocrx_word' id='word_1_43' title='bbox 529 963 717 1021; x_wconf 82' lang='lat' dir='ltr'><strong>iisdem</strong></span> <span class='ocrx_word' id='word_1_44' title='bbox 749 963 899 1018; x_wconf 89' lang='lat' dir='ltr'><strong>facile</strong></span> <span class='ocrx_word' id='word_1_45' title='bbox 918 959 1248 1031; x_wconf 84' lang='lat' dir='ltr'><strong>argumentis</strong></span> <span class='ocrx_word' id='word_1_46' title='bbox 1271 957 1640 1020; x_wconf 85' lang='lat' dir='ltr'><strong>dedoceberis,</strong></span> <span class='ocrx_word' id='word_1_47' title='bbox 1669 954 1860 1024; x_wconf 85' lang='lat' dir='ltr'><strong>quibus</strong></span> <span class='ocrx_word' id='word_1_48' title='bbox 1890 951 1949 1004; x_wconf 84' lang='lat' dir='ltr'><strong>P.</strong></span> <span class='ocrx_word' id='word_1_49' title='bbox 1973 949 2112 1002; x_wconf 84' lang='lat' dir='ltr'><strong>Cou-</strong></span> 
     </span>
    </p>
   </div>
   <div class='ocr_carea' id='block_1_8' title="bbox 530 1041 2110 1114">
    <p class='ocr_par' dir='ltr' id='par_1_8' title="bbox 530 1041 2110 1114">
     <span class='ocr_line' id='line_1_8' title="bbox 530 1041 2110 1114; baseline -0.011 -4"><span class='ocrx_word' id='word_1_50' title='bbox 530 1057 711 1110; x_wconf 89' lang='lat' dir='ltr'><strong>stantii</strong></span> <span class='ocrx_word' id='word_1_51' title='bbox 741 1055 1003 1111; x_wconf 84' lang='lat' dir='ltr'><strong>sententia</strong></span> <span class='ocrx_word' id='word_1_52' title='bbox 1029 1052 1187 1108; x_wconf 90' lang='lat' dir='ltr'><strong>modo</strong></span> <span class='ocrx_word' id='word_1_53' title='bbox 1207 1068 1236 1105; x_wconf 88' lang='lat' dir='ltr'><strong>a</strong></span> <span class='ocrx_word' id='word_1_54' title='bbox 1259 1051 1413 1105; x_wconf 91' lang='lat' dir='ltr'><strong>nobis</strong></span> <span class='ocrx_word' id='word_1_55' title='bbox 1438 1050 1632 1103; x_wconf 83' lang='lat' dir='ltr'><strong>obtrita</strong></span> <span class='ocrx_word' id='word_1_56' title='bbox 1659 1056 1760 1101; x_wconf 89' lang='lat' dir='ltr'><strong>est.</strong></span> <span class='ocrx_word' id='word_1_57' title='bbox 1793 1046 1959 1114; x_wconf 80' lang='lat' dir='ltr'><strong>Igitur</strong></span> <span class='ocrx_word' id='word_1_58' title='bbox 1987 1041 2110 1096; x_wconf 86' lang='lat' dir='ltr'><strong>anni</strong></span> 
     </span>
    </p>
   </div>
   <div class='ocr_carea' id='block_1_9' title="bbox 531 1137 2113 1219">
    <p class='ocr_par' dir='ltr' id='par_1_9' title="bbox 531 1137 2113 1219">
     <span class='ocr_line' id='line_1_9' title="bbox 531 1137 2113 1219; baseline -0.011 -18"><span class='ocrx_word' id='word_1_59' title='bbox 531 1149 635 1203; x_wconf 78' lang='grc'>579</span> <span class='ocrx_word' id='word_1_60' title='bbox 687 1148 872 1219; x_wconf 78' lang='lat' dir='ltr'><strong>hyetns</strong></span> <span class='ocrx_word' id='word_1_61' title='bbox 917 1147 1004 1200; x_wconf 84' lang='lat' dir='ltr'><strong>illa</strong></span> <span class='ocrx_word' id='word_1_62' title='bbox 1033 1153 1169 1209; x_wconf 91' lang='lat' dir='ltr'><strong>crat,</strong></span> <span class='ocrx_word' id='word_1_63' title='bbox 1197 1143 1263 1197; x_wconf 89' lang='lat' dir='ltr'><strong>ad</strong></span> <span class='ocrx_word' id='word_1_64' title='bbox 1300 1141 1453 1211; x_wconf 80' lang='lat' dir='ltr'><strong>cujus</strong></span> <span class='ocrx_word' id='word_1_65' title='bbox 1503 1154 1670 1208; x_wconf 87' lang='lat' dir='ltr'><strong>usque.</strong></span> <span class='ocrx_word' id='word_1_66' title='bbox 1711 1137 1835 1190; x_wconf 91' lang='lat' dir='ltr'><strong>anni</strong></span> <span class='ocrx_word' id='word_1_67' title='bbox 1887 1149 2113 1186; x_wconf 78' lang='lat' dir='ltr'><strong>vernum</strong></span> 
     </span>
    </p>
   </div>
   <div class='ocr_carea' id='block_1_10' title="bbox 533 1226 2115 1309">
    <p class='ocr_par' dir='ltr' id='par_1_10' title="bbox 533 1226 2115 1309">
     <span class='ocr_line' id='line_1_10' title="bbox 533 1226 2115 1309; baseline -0.011 -15"><span class='ocrx_word' id='word_1_68' title='bbox 533 1254 740 1309; x_wconf 79' lang='lat' dir='ltr'><strong>tempus</strong></span> <span class='ocrx_word' id='word_1_69' title='bbox 769 1240 820 1293; x_wconf 92' lang='lat' dir='ltr'><strong>iu</strong></span> <span class='ocrx_word' id='word_1_70' title='bbox 846 1253 1029 1293; x_wconf 86' lang='lat' dir='ltr'><strong>eremo</strong></span> <span class='ocrx_word' id='word_1_71' title='bbox 1056 1237 1113 1292; x_wconf 90' lang='lat' dir='ltr'><strong>S.</strong></span> <span class='ocrx_word' id='word_1_72' title='bbox 1142 1235 1300 1292; x_wconf 85' lang='lat' dir='ltr'><strong>Pater</strong></span> <span class='ocrx_word' id='word_1_73' title='bbox 1323 1234 1532 1288; x_wconf 89' lang='lat' dir='ltr'><strong>videtur</strong></span> <span class='ocrx_word' id='word_1_74' title='bbox 1555 1231 1877 1291; x_wconf 88' lang='lat' dir='ltr'><strong>constitisse,</strong></span> <span class='ocrx_word' id='word_1_75' title='bbox 1900 1242 2020 1280; x_wconf 92' lang='lat' dir='ltr'><strong>cum</strong></span> <span class='ocrx_word' id='word_1_76' title='bbox 2052 1226 2115 1278; x_wconf 83' lang='lat' dir='ltr'><strong>iis</strong></span> 
     </span>
    </p>
   </div>
   <div class='ocr_carea' id='block_1_11' title="bbox 530 1327 1691 1401">
    <p class='ocr_par' dir='ltr' id='par_1_11' title="bbox 530 1327 1691 1401">
     <span class='ocr_line' id='line_1_11' title="bbox 530 1327 1691 1401; baseline -0.011 -16"><span class='ocrx_word' id='word_1_77' title='bbox 530 1348 664 1401; x_wconf 86' lang='lat' dir='ltr'><strong>quas</strong></span> <span class='ocrx_word' id='word_1_78' title='bbox 688 1329 996 1386; x_wconf 80' lang='lat' dir='ltr'><strong>dicebamus</strong></span> <span class='ocrx_word' id='word_1_79' title='bbox 1040 1328 1296 1383; x_wconf 64' lang='lat' dir='ltr'><strong>aerumnis</strong></span> <span class='ocrx_word' id='word_1_80' title='bbox 1339 1327 1691 1380; x_wconf 80' lang='lat' dir='ltr'><strong>eonllictatus.</strong></span> 
     </span>
    </p>
   </div>
   <div class='ocr_carea' id='block_1_12' title="bbox 604 1414 2114 1488">
    <p class='ocr_par' dir='ltr' id='par_1_12' title="bbox 604 1414 2114 1488">
     <span class='ocr_line' id='line_1_12' title="bbox 604 1414 2114 1488; baseline -0.011 -12"><span class='ocrx_word' id='word_1_81' title='bbox 604 1421 715 1476; x_wconf 88' lang='lat' dir='ltr'><strong>VII.</strong></span> <span class='ocrx_word' id='word_1_82' title='bbox 761 1421 841 1475; x_wconf 83' lang='lat' dir='ltr'><strong>Ad</strong></span> <span class='ocrx_word' id='word_1_83' title='bbox 885 1419 1116 1475; x_wconf 83' lang='lat' dir='ltr'><strong>Marcum</strong></span> <span class='ocrx_word' id='word_1_84' title='bbox 1163 1419 1333 1488; x_wconf 87' lang='lat' dir='ltr'><strong>ipsum</strong></span> <span class='ocrx_word' id='word_1_85' title='bbox 1379 1415 1517 1483; x_wconf 89' lang='lat' dir='ltr'><strong>quod</strong></span> <span class='ocrx_word' id='word_1_86' title='bbox 1577 1414 1822 1484; x_wconf 75' lang='lat' dir='ltr'><strong>pertinet.</strong></span> <span class='ocrx_word' id='word_1_87' title='bbox 1877 1419 2114 1463; x_wconf 81' lang='lat' dir='ltr'><strong>notatum</strong></span> 
     </span>
    </p>
   </div>
   <div class='ocr_carea' id='block_1_13' title="bbox 527 1499 2119 1582">
    <p class='ocr_par' dir='ltr' id='par_1_13' title="bbox 527 1499 2119 1582">
     <span class='ocr_line' id='line_1_13' title="bbox 527 1499 2119 1582; baseline -0.009 -17"><span class='ocrx_word' id='word_1_88' title='bbox 527 1511 847 1582; x_wconf 86' lang='lat' dir='ltr'><strong>jampridem</strong></span> <span class='ocrx_word' id='word_1_89' title='bbox 880 1509 1056 1575; x_wconf 90' lang='lat' dir='ltr'><strong>nobis,</strong></span> <span class='ocrx_word' id='word_1_90' title='bbox 1083 1523 1205 1562; x_wconf 90' lang='lat' dir='ltr'><strong>cum</strong></span> <span class='ocrx_word' id='word_1_91' title='bbox 1234 1508 1286 1560; x_wconf 92' lang='lat' dir='ltr'><strong>in</strong></span> <span class='ocrx_word' id='word_1_92' title='bbox 1312 1507 1543 1575; x_wconf 79' lang='lat' dir='ltr'><strong>antiquis</strong></span> <span class='ocrx_word' id='word_1_93' title='bbox 1564 1520 1689 1558; x_wconf 78' lang='lat' dir='ltr'><strong>mss.</strong></span> <span class='ocrx_word' id='word_1_94' title='bbox 1728 1502 1872 1556; x_wconf 78' lang='lat' dir='ltr'><strong>lihris</strong></span> <span class='ocrx_word' id='word_1_95' title='bbox 1901 1499 2119 1568; x_wconf 77' lang='lat' dir='ltr'><strong>Presby-</strong></span> 
     </span>
    </p>
   </div>
   <div class='ocr_carea' id='block_1_14' title="bbox 533 1594 2116 1669">
    <p class='ocr_par' dir='ltr' id='par_1_14' title="bbox 533 1594 2116 1669">
     <span class='ocr_line' id='line_1_14' title="bbox 533 1594 2116 1669; baseline -0.008 -14"><span class='ocrx_word' id='word_1_96' title='bbox 533 1613 716 1669; x_wconf 84' lang='lat' dir='ltr'><strong>terum,</strong></span> <span class='ocrx_word' id='word_1_97' title='bbox 768 1602 880 1656; x_wconf 89' lang='lat' dir='ltr'><strong>sive</strong></span> <span class='ocrx_word' id='word_1_98' title='bbox 912 1600 1220 1669; x_wconf 76' lang='lat' dir='ltr'><strong>Episcopum</strong></span> <span class='ocrx_word' id='word_1_99' title='bbox 1255 1597 1497 1660; x_wconf 65' lang='lat' dir='ltr'><strong>Calcidte,</strong></span> <span class='ocrx_word' id='word_1_100' title='bbox 1547 1594 1824 1665; x_wconf 85' lang='lat' dir='ltr'><strong>appellari,</strong></span> <span class='ocrx_word' id='word_1_101' title='bbox 1878 1609 1974 1662; x_wconf 89' lang='lat' dir='ltr'><strong>pro</strong></span> <span class='ocrx_word' id='word_1_102' title='bbox 2010 1607 2116 1661; x_wconf 73' lang='lat' dir='ltr'><strong>quo</strong></span> 
     </span>
    </p>
   </div>
   <div class='ocr_carea' id='block_1_15' title="bbox 533 1690 2112 1758">
    <p class='ocr_par' dir='ltr' id='par_1_15' title="bbox 533 1690 2112 1758">
     <span class='ocr_line' id='line_1_15' title="bbox 533 1690 2112 1758; baseline -0.006 -9"><span class='ocrx_word' id='word_1_103' title='bbox 533 1695 660 1751; x_wconf 80' lang='lat' dir='ltr'><strong>editi</strong></span> <span class='ocrx_word' id='word_1_104' title='bbox 689 1705 896 1749; x_wconf 85' lang='lat' dir='ltr'><strong>veteres</strong></span> <span class='ocrx_word' id='word_1_105' title='bbox 922 1695 1009 1747; x_wconf 87' lang='lat' dir='ltr'><strong>alii</strong></span> <span class='ocrx_word' id='word_1_106' title='bbox 1040 1691 1358 1747; x_wconf 80' lang='lat' dir='ltr'><strong>Ccledenscm</strong></span> <span class='ocrx_word' id='word_1_107' title='bbox 1387 1692 1590 1746; x_wconf 83' lang='lat' dir='ltr'><strong>dicunt.</strong></span> <span class='ocrx_word' id='word_1_108' title='bbox 1625 1690 1810 1744; x_wconf 79' lang='lat' dir='ltr'><strong>Visum</strong></span> <span class='ocrx_word' id='word_1_109' title='bbox 1834 1697 2112 1758; x_wconf 79' lang='lat' dir='ltr'><strong>propterea</strong></span> 
     </span>
    </p>
   </div>
   <div class='ocr_carea' id='block_1_16' title="bbox 535 1779 2120 1851">
    <p class='ocr_par' dir='ltr' id='par_1_16' title="bbox 535 1779 2120 1851">
     <span class='ocr_line' id='line_1_16' title="bbox 535 1779 2120 1851; baseline -0.005 -12"><span class='ocrx_word' id='word_1_110' title='bbox 535 1787 702 1840; x_wconf 87' lang='lat' dir='ltr'><strong>undto</strong></span> <span class='ocrx_word' id='word_1_111' title='bbox 752 1785 1210 1840; x_wconf 88' lang='lat' dir='ltr'><strong>verosimillimum</strong></span> <span class='ocrx_word' id='word_1_112' title='bbox 1267 1783 1484 1838; x_wconf 79' lang='lat' dir='ltr'><strong>rescribi</strong></span> <span class='ocrx_word' id='word_1_113' title='bbox 1527 1783 1675 1851; x_wconf 88' lang='lat' dir='ltr'><strong>juxta</strong></span> <span class='ocrx_word' id='word_1_114' title='bbox 1727 1783 1862 1836; x_wconf 89' lang='lat' dir='ltr'><strong>alios</strong></span> <span class='ocrx_word' id='word_1_115' title='bbox 1902 1779 2120 1834; x_wconf 84' lang='lat' dir='ltr'><strong>codices</strong></span> 
     </span>
    </p>
   </div>
   <div class='ocr_carea' id='block_1_17' title="bbox 533 1872 2117 1942">
    <p class='ocr_par' dir='ltr' id='par_1_17' title="bbox 533 1872 2117 1942">
     <span class='ocr_line' id='line_1_17' title="bbox 533 1872 2117 1942; baseline -0.004 -12"><span class='ocrx_word' id='word_1_116' title='bbox 533 1874 880 1937; x_wconf 80' lang='lat' dir='ltr'><strong>Teledensem,</strong></span> <span class='ocrx_word' id='word_1_117' title='bbox 913 1891 942 1927; x_wconf 91' lang='lat' dir='ltr'><strong>a</strong></span> <span class='ocrx_word' id='word_1_118' title='bbox 991 1874 1213 1928; x_wconf 80' lang='lat' dir='ltr'><strong>Teledan</strong></span> <span class='ocrx_word' id='word_1_119' title='bbox 1263 1873 1460 1942; x_wconf 90' lang='lat' dir='ltr'><strong>oppido</strong></span> <span class='ocrx_word' id='word_1_120' title='bbox 1492 1874 1542 1926; x_wconf 90' lang='lat' dir='ltr'><strong>in</strong></span> <span class='ocrx_word' id='word_1_121' title='bbox 1563 1872 1791 1927; x_wconf 83' lang='lat' dir='ltr'><strong>Calcidis</strong></span> <span class='ocrx_word' id='word_1_122' title='bbox 1821 1874 2056 1942; x_wconf 81' lang='lat' dir='ltr'><strong>regione,</strong></span> <span class='ocrx_word' id='word_1_123' title='bbox 2088 1889 2117 1924; x_wconf 91' lang='lat' dir='ltr'><strong>a</strong></span> 
     </span>
    </p>
   </div>
   <div class='ocr_carea' id='block_1_18' title="bbox 533 1963 2118 2037">
    <p class='ocr_par' dir='ltr' id='par_1_18' title="bbox 533 1963 2118 2037">
     <span class='ocr_line' id='line_1_18' title="bbox 533 1963 2118 2037; baseline -0.003 -17"><span class='ocrx_word' id='word_1_124' title='bbox 533 1981 642 2037; x_wconf 91' lang='lat' dir='ltr'><strong>quo</strong></span> <span class='ocrx_word' id='word_1_125' title='bbox 672 1981 775 2020; x_wconf 92' lang='lat' dir='ltr'><strong>non</strong></span> <span class='ocrx_word' id='word_1_126' title='bbox 821 1965 976 2035; x_wconf 78' lang='lat' dir='ltr'><strong>longe</strong></span> <span class='ocrx_word' id='word_1_127' title='bbox 1001 1963 1234 2019; x_wconf 88' lang='lat' dir='ltr'><strong>abfuisse</strong></span> <span class='ocrx_word' id='word_1_128' title='bbox 1272 1963 1646 2018; x_wconf 86' lang='lat' dir='ltr'><strong>Monasterium</strong></span> <span class='ocrx_word' id='word_1_129' title='bbox 1690 1963 1748 2018; x_wconf 91' lang='lat' dir='ltr'><strong>S.</strong></span> <span class='ocrx_word' id='word_1_130' title='bbox 1794 1963 2118 2028; x_wconf 75' lang='lat' dir='ltr'><strong>Eusebii,ex</strong></span> 
     </span>
    </p>
   </div>
   <div class='ocr_carea' id='block_1_19' title="bbox 536 2053 2118 2124">
    <p class='ocr_par' dir='ltr' id='par_1_19' title="bbox 536 2053 2118 2124">
     <span class='ocr_line' id='line_1_19' title="bbox 536 2053 2118 2124; baseline -0.003 -14"><span class='ocrx_word' id='word_1_131' title='bbox 536 2056 877 2112; x_wconf 84' lang='lat' dir='ltr'><strong>&#39;I‘heodorelo</strong></span> <span class='ocrx_word' id='word_1_132' title='bbox 907 2057 958 2110; x_wconf 92' lang='lat' dir='ltr'><strong>in</strong></span> <span class='ocrx_word' id='word_1_133' title='bbox 991 2056 1120 2110; x_wconf 87' lang='lat' dir='ltr'><strong>Vitis</strong></span> <span class='ocrx_word' id='word_1_134' title='bbox 1150 2055 1365 2110; x_wconf 85' lang='lat' dir='ltr'><strong>Patrum</strong></span> <span class='ocrx_word' id='word_1_135' title='bbox 1392 2069 1509 2124; x_wconf 84' lang='lat' dir='ltr'><strong>cap.</strong></span> <span class='ocrx_word' id='word_1_136' title='bbox 1544 2053 1629 2108; x_wconf 83' lang='lat' dir='ltr'><strong>IV.</strong></span> <span class='ocrx_word' id='word_1_137' title='bbox 1659 2053 1932 2118; x_wconf 59' lang='lat' dir='ltr'><strong>discimus,</strong></span> <span class='ocrx_word' id='word_1_138' title='bbox 1975 2064 2028 2108; x_wconf 90' lang='lat' dir='ltr'><strong>ct</strong></span> <span class='ocrx_word' id='word_1_139' title='bbox 2055 2054 2118 2106; x_wconf 87' lang='lat' dir='ltr'><strong>ad</strong></span> 
     </span>
    </p>
   </div>
   <div class='ocr_carea' id='block_1_20' title="bbox 536 2144 2120 2218">
    <p class='ocr_par' dir='ltr' id='par_1_20' title="bbox 536 2144 2120 2218">
     <span class='ocr_line' id='line_1_20' title="bbox 536 2144 2120 2218; baseline -0.001 -16"><span class='ocrx_word' id='word_1_140' title='bbox 536 2148 688 2218; x_wconf 77' lang='lat' dir='ltr'><strong>cujus</strong></span> <span class='ocrx_word' id='word_1_141' title='bbox 719 2148 819 2202; x_wconf 91' lang='lat' dir='ltr'><strong>loci</strong></span> <span class='ocrx_word' id='word_1_142' title='bbox 849 2147 1223 2218; x_wconf 87' lang='lat' dir='ltr'><strong>Presbyterum</strong></span> <span class='ocrx_word' id='word_1_143' title='bbox 1249 2145 1480 2199; x_wconf 84' lang='lat' dir='ltr'><strong>Marcum</strong></span> <span class='ocrx_word' id='word_1_144' title='bbox 1507 2145 1659 2200; x_wconf 80' lang='lat' dir='ltr'><strong>facile</strong></span> <span class='ocrx_word' id='word_1_145' title='bbox 1694 2146 1990 2214; x_wconf 82' lang='lat' dir='ltr'><strong>peititicbat</strong></span> <span class='ocrx_word' id='word_1_146' title='bbox 2009 2185 2024 2209; x_wconf 92' lang='lat'><strong>,</strong></span> <span class='ocrx_word' id='word_1_147' title='bbox 2051 2144 2120 2200; x_wconf 85' lang='lat' dir='ltr'><strong>de</strong></span> 
     </span>
    </p>
   </div>
   <div class='ocr_carea' id='block_1_21' title="bbox 531 2235 2121 2306">
    <p class='ocr_par' dir='ltr' id='par_1_21' title="bbox 531 2235 2121 2306">
     <span class='ocr_line' id='line_1_21' title="bbox 531 2235 2121 2306; baseline -0.003 -14"><span class='ocrx_word' id='word_1_148' title='bbox 531 2238 930 2294; x_wconf 83' lang='lat' dir='ltr'><strong>Calcideusium</strong></span> <span class='ocrx_word' id='word_1_149' title='bbox 962 2239 1064 2292; x_wconf 86' lang='lat' dir='ltr'><strong>tidc</strong></span> <span class='ocrx_word' id='word_1_150' title='bbox 1103 2251 1450 2306; x_wconf 74' lang='lat' dir='ltr'><strong>cognoscere.</strong></span> <span class='ocrx_word' id='word_1_151' title='bbox 1481 2235 1592 2289; x_wconf 89' lang='lat' dir='ltr'><strong>Sub</strong></span> <span class='ocrx_word' id='word_1_152' title='bbox 1621 2235 1872 2305; x_wconf 79' lang='lat' dir='ltr'><strong>Epistula:</strong></span> <span class='ocrx_word' id='word_1_153' title='bbox 1923 2237 2080 2289; x_wconf 86' lang='lat' dir='ltr'><strong>linem</strong></span> <span class='ocrx_word' id='word_1_154' title='bbox 2101 2276 2121 2301; x_wconf 91' lang='lat'><strong>,</strong></span> 
     </span>
    </p>
   </div>
   <div class='ocr_carea' id='block_1_22' title="bbox 538 2327 2118 2400">
    <p class='ocr_par' dir='ltr' id='par_1_22' title="bbox 538 2327 2118 2400">
     <span class='ocr_line' id='line_1_22' title="bbox 538 2327 2118 2400; baseline 0 -20"><span class='ocrx_word' id='word_1_155' title='bbox 538 2330 678 2398; x_wconf 88' lang='lat' dir='ltr'><strong>quod</strong></span> <span class='ocrx_word' id='word_1_156' title='bbox 706 2345 764 2385; x_wconf 90' lang='lat' dir='ltr'><strong>se</strong></span> <span class='ocrx_word' id='word_1_157' title='bbox 792 2330 868 2384; x_wconf 89' lang='lat' dir='ltr'><strong>ait</strong></span> <span class='ocrx_word' id='word_1_158' title='bbox 906 2329 1277 2400; x_wconf 81' lang='lat' dir='ltr'><strong>Hieronymus,</strong></span> <span class='ocrx_word' id='word_1_159' title='bbox 1314 2328 1376 2383; x_wconf 92' lang='lat' dir='ltr'><strong>S.</strong></span> <span class='ocrx_word' id='word_1_160' title='bbox 1427 2328 1618 2399; x_wconf 70' lang='lat' dir='ltr'><strong>Cyrillo</strong></span> <span class='ocrx_word' id='word_1_161' title='bbox 1653 2328 1850 2382; x_wconf 87' lang='lat' dir='ltr'><strong>dedisse</strong></span> <span class='ocrx_word' id='word_1_162' title='bbox 1893 2327 2118 2381; x_wconf 84' lang='lat' dir='ltr'><strong>conscri-</strong></span> 
     </span>
    </p>
   </div>
   <div class='ocr_carea' id='block_1_23' title="bbox 541 2418 2119 2489">
    <p class='ocr_par' dir='ltr' id='par_1_23' title="bbox 541 2418 2119 2489">
     <span class='ocr_line' id='line_1_23' title="bbox 541 2418 2119 2489; baseline 0 -17"><span class='ocrx_word' id='word_1_163' title='bbox 541 2432 678 2489; x_wconf 80' lang='lat' dir='ltr'><strong>ptam</strong></span> <span class='ocrx_word' id='word_1_164' title='bbox 699 2420 871 2489; x_wconf 78' lang='lat' dir='ltr'><strong>ﬁdem,</strong></span> <span class='ocrx_word' id='word_1_165' title='bbox 909 2436 1030 2474; x_wconf 86' lang='lat' dir='ltr'><strong>cum</strong></span> <span class='ocrx_word' id='word_1_166' title='bbox 1064 2420 1268 2489; x_wconf 86' lang='lat' dir='ltr'><strong>jamdiu</strong></span> <span class='ocrx_word' id='word_1_167' title='bbox 1317 2420 1444 2474; x_wconf 84' lang='lat' dir='ltr'><strong>olim</strong></span> <span class='ocrx_word' id='word_1_168' title='bbox 1476 2419 1824 2482; x_wconf 79' lang='lat' dir='ltr'><strong>interciderit,</strong></span> <span class='ocrx_word' id='word_1_169' title='bbox 1866 2418 2119 2488; x_wconf 81' lang='lat' dir='ltr'><strong>quidquid</strong></span> 
     </span>
    </p>
   </div>
   <div class='ocr_carea' id='block_1_24' title="bbox 547 2511 2122 2582">
    <p class='ocr_par' dir='ltr' id='par_1_24' title="bbox 547 2511 2122 2582">
     <span class='ocr_line' id='line_1_24' title="bbox 547 2511 2122 2582; baseline 0 -18"><span class='ocrx_word' id='word_1_170' title='bbox 547 2513 672 2567; x_wconf 87' lang='lat' dir='ltr'><strong>illttd</strong></span> <span class='ocrx_word' id='word_1_171' title='bbox 707 2514 1014 2582; x_wconf 86' lang='lat' dir='ltr'><strong>scriptionis</strong></span> <span class='ocrx_word' id='word_1_172' title='bbox 1038 2512 1228 2578; x_wconf 88' lang='lat' dir='ltr'><strong>fuerit,</strong></span> <span class='ocrx_word' id='word_1_173' title='bbox 1259 2513 1484 2582; x_wconf 68' lang='lat' dir='ltr'><strong>pratbuit</strong></span> <span class='ocrx_word' id='word_1_174' title='bbox 1525 2521 1700 2566; x_wconf 89' lang='lat' dir='ltr'><strong>tamen</strong></span> <span class='ocrx_word' id='word_1_175' title='bbox 1723 2527 1906 2565; x_wconf 88' lang='lat' dir='ltr'><strong>ansam</strong></span> <span class='ocrx_word' id='word_1_176' title='bbox 1948 2511 2122 2580; x_wconf 91' lang='lat' dir='ltr'><strong>impo-</strong></span> 
     </span>
    </p>
   </div>
   <div class='ocr_carea' id='block_1_25' title="bbox 541 2601 2124 2674">
    <p class='ocr_par' dir='ltr' id='par_1_25' title="bbox 541 2601 2124 2674">
     <span class='ocr_line' id='line_1_25' title="bbox 541 2601 2124 2674; baseline -0.001 -20"><span class='ocrx_word' id='word_1_177' title='bbox 541 2604 708 2663; x_wconf 75' lang='lat' dir='ltr'><strong>stori,</strong></span> <span class='ocrx_word' id='word_1_178' title='bbox 739 2613 796 2656; x_wconf 89' lang='lat' dir='ltr'><strong>ut</strong></span> <span class='ocrx_word' id='word_1_179' title='bbox 847 2603 1158 2674; x_wconf 86' lang='lat' dir='ltr'><strong>Opusculum</strong></span> <span class='ocrx_word' id='word_1_180' title='bbox 1197 2602 1296 2656; x_wconf 92' lang='lat' dir='ltr'><strong>hoc</strong></span> <span class='ocrx_word' id='word_1_181' title='bbox 1346 2602 1530 2664; x_wconf 84' lang='lat' dir='ltr'><strong>titulo,</strong></span> <span class='ocrx_word' id='word_1_182' title='bbox 1563 2601 1874 2671; x_wconf 76' lang='lat' dir='ltr'><strong>Explanatio</strong></span> <span class='ocrx_word' id='word_1_183' title='bbox 1913 2601 2032 2669; x_wconf 77' lang='lat' dir='ltr'><strong>ﬁdei</strong></span> <span class='ocrx_word' id='word_1_184' title='bbox 2056 2601 2124 2653; x_wconf 83' lang='lat' dir='ltr'><strong>ad</strong></span> 
     </span>
    </p>
   </div>
   <div class='ocr_carea' id='block_1_26' title="bbox 541 2695 2121 2766">
    <p class='ocr_par' dir='ltr' id='par_1_26' title="bbox 541 2695 2121 2766">
     <span class='ocr_line' id='line_1_26' title="bbox 541 2695 2121 2766; baseline -0.003 -16"><span class='ocrx_word' id='word_1_185' title='bbox 541 2697 827 2766; x_wconf 69' lang='lat' dir='ltr'><strong>Cyrillum,</strong></span> <span class='ocrx_word' id='word_1_186' title='bbox 861 2697 960 2751; x_wconf 88' lang='lat' dir='ltr'><strong>sub</strong></span> <span class='ocrx_word' id='word_1_187' title='bbox 1010 2695 1188 2750; x_wconf 82' lang='lat' dir='ltr'><strong>Sancti</strong></span> <span class='ocrx_word' id='word_1_188' title='bbox 1242 2695 1483 2749; x_wconf 83' lang='lat' dir='ltr'><strong>Doctoris</strong></span> <span class='ocrx_word' id='word_1_189' title='bbox 1529 2697 1742 2749; x_wconf 88' lang='lat' dir='ltr'><strong>nomine</strong></span> <span class='ocrx_word' id='word_1_190' title='bbox 1773 2695 2121 2758; x_wconf 71' lang='lat' dir='ltr'><strong>mentiretur,</strong></span> 
     </span>
    </p>
   </div>
   <div class='ocr_carea' id='block_1_27' title="bbox 544 2787 2122 2856">
    <p class='ocr_par' dir='ltr' id='par_1_27' title="bbox 544 2787 2122 2856">
     <span class='ocr_line' id='line_1_27' title="bbox 544 2787 2122 2856; baseline 0.001 -17"><span class='ocrx_word' id='word_1_191' title='bbox 544 2788 686 2856; x_wconf 51' lang='lat' dir='ltr'><strong>quid</strong></span> <span class='ocrx_word' id='word_1_192' title='bbox 707 2803 802 2842; x_wconf 89' lang='lat' dir='ltr'><strong>nos</strong></span> <span class='ocrx_word' id='word_1_193' title='bbox 825 2790 875 2841; x_wconf 91' lang='lat' dir='ltr'><strong>in</strong></span> <span class='ocrx_word' id='word_1_194' title='bbox 899 2789 1139 2842; x_wconf 89' lang='lat' dir='ltr'><strong>ultimum</strong></span> <span class='ocrx_word' id='word_1_195' title='bbox 1169 2787 1309 2842; x_wconf 83' lang='lat' dir='ltr'><strong>hunc</strong></span> <span class='ocrx_word' id='word_1_196' title='bbox 1330 2789 1553 2842; x_wconf 69' lang='lat' dir='ltr'><strong>&#39;l&#39;o’mum</strong></span> <span class='ocrx_word' id='word_1_197' title='bbox 1583 2787 1721 2842; x_wconf 90' lang='lat' dir='ltr'><strong>falso</strong></span> <span class='ocrx_word' id='word_1_198' title='bbox 1746 2787 2122 2856; x_wconf 69' lang='lat' dir='ltr'><strong>inscriptos-um</strong></span> 
     </span>
    </p>
   </div>
   <div class='ocr_carea' id='block_1_28' title="bbox 543 2878 2128 2949">
    <p class='ocr_par' dir='ltr' id='par_1_28' title="bbox 543 2878 2128 2949">
     <span class='ocr_line' id='line_1_28' title="bbox 543 2878 2128 2949; baseline 0.003 -20"><span class='ocrx_word' id='word_1_199' title='bbox 543 2895 762 2949; x_wconf 75' lang='lat' dir='ltr'><strong>operum</strong></span> <span class='ocrx_word' id='word_1_200' title='bbox 813 2879 1114 2948; x_wconf 84' lang='lat' dir='ltr'><strong>rejecimus.</strong></span> <span class='ocrx_word' id='word_1_201' title='bbox 1148 2878 1252 2934; x_wconf 89' lang='lat' dir='ltr'><strong>Sed</strong></span> <span class='ocrx_word' id='word_1_202' title='bbox 1281 2889 1334 2933; x_wconf 91' lang='lat' dir='ltr'><strong>et</strong></span> <span class='ocrx_word' id='word_1_203' title='bbox 1377 2880 1716 2948; x_wconf 64' lang='lat' dir='ltr'><strong>c0njecturzo,</strong></span> <span class='ocrx_word' id='word_1_204' title='bbox 1749 2895 1867 2949; x_wconf 72' lang='lat' dir='ltr'><strong>qua:</strong></span> <span class='ocrx_word' id='word_1_205' title='bbox 1910 2879 2128 2933; x_wconf 88' lang='lat' dir='ltr'><strong>minime</strong></span> 
     </span>
    </p>
   </div>
   <div class='ocr_carea' id='block_1_29' title="bbox 545 2969 2127 3039">
    <p class='ocr_par' dir='ltr' id='par_1_29' title="bbox 545 2969 2127 3039">
     <span class='ocr_line' id='line_1_29' title="bbox 545 2969 2127 3039; baseline -0.001 -15"><span class='ocrx_word' id='word_1_206' title='bbox 545 2973 800 3038; x_wconf 79' lang='lat' dir='ltr'><strong>probatur</strong></span> <span class='ocrx_word' id='word_1_207' title='bbox 829 2970 981 3024; x_wconf 85' lang='lat' dir='ltr'><strong>nobis</strong></span> <span class='ocrx_word' id='word_1_208' title='bbox 1013 2971 1186 3024; x_wconf 91' lang='lat' dir='ltr'><strong>locum</strong></span> <span class='ocrx_word' id='word_1_209' title='bbox 1225 2970 1398 3025; x_wconf 87' lang='lat' dir='ltr'><strong>fecere</strong></span> <span class='ocrx_word' id='word_1_210' title='bbox 1444 2971 1600 3024; x_wconf 82' lang='lat' dir='ltr'><strong>verba</strong></span> <span class='ocrx_word' id='word_1_211' title='bbox 1645 2971 1731 3024; x_wconf 85' lang='lat' dir='ltr'><strong>illa</strong></span> <span class='ocrx_word' id='word_1_212' title='bbox 1767 2969 2127 3039; x_wconf 77' lang='lat' dir='ltr'><strong>:conjecturae</strong></span> 
     </span>
    </p>
   </div>
   <div class='ocr_carea' id='block_1_30' title="bbox 549 3063 2129 3135">
    <p class='ocr_par' dir='ltr' id='par_1_30' title="bbox 549 3063 2129 3135">
     <span class='ocr_line' id='line_1_30' title="bbox 549 3063 2129 3135; baseline -0.001 -17"><span class='ocrx_word' id='word_1_213' title='bbox 549 3069 762 3134; x_wconf 77' lang='lat' dir='ltr'><strong>inquam</strong></span> <span class='ocrx_word' id='word_1_214' title='bbox 791 3063 1070 3119; x_wconf 90' lang='lat' dir='ltr'><strong>doctorum</strong></span> <span class='ocrx_word' id='word_1_215' title='bbox 1099 3063 1395 3129; x_wconf 84' lang='lat' dir='ltr'><strong>hominum,</strong></span> <span class='ocrx_word' id='word_1_216' title='bbox 1426 3067 1513 3134; x_wconf 91' lang='lat' dir='ltr'><strong>qui</strong></span> <span class='ocrx_word' id='word_1_217' title='bbox 1535 3063 1592 3119; x_wconf 92' lang='lat' dir='ltr'><strong>S.</strong></span> <span class='ocrx_word' id='word_1_218' title='bbox 1630 3065 1884 3135; x_wconf 84' lang='lat' dir='ltr'><strong>Cyrillum</strong></span> <span class='ocrx_word' id='word_1_219' title='bbox 1911 3063 2129 3118; x_wconf 82' lang='lat' dir='ltr'><strong>Jeroso-</strong></span> 
     </span>
    </p>
   </div>
   <div class='ocr_carea' id='block_1_31' title="bbox 550 3154 2130 3228">
    <p class='ocr_par' dir='ltr' id='par_1_31' title="bbox 550 3154 2130 3228">
     <span class='ocr_line' id='line_1_31' title="bbox 550 3154 2130 3228; baseline -0.002 -16"><span class='ocrx_word' id='word_1_220' title='bbox 550 3158 865 3228; x_wconf 80' lang='lat' dir='ltr'><strong>Iymitanum</strong></span> <span class='ocrx_word' id='word_1_221' title='bbox 891 3156 961 3212; x_wconf 85' lang='lat' dir='ltr'><strong>ibi</strong></span> <span class='ocrx_word' id='word_1_222' title='bbox 989 3157 1130 3210; x_wconf 90' lang='lat' dir='ltr'><strong>innui</strong></span> <span class='ocrx_word' id='word_1_223' title='bbox 1154 3163 1358 3226; x_wconf 90' lang='lat' dir='ltr'><strong>putant,</strong></span> <span class='ocrx_word' id='word_1_224' title='bbox 1384 3156 1436 3209; x_wconf 95' lang='lat' dir='ltr'><strong>in</strong></span> <span class='ocrx_word' id='word_1_225' title='bbox 1459 3171 1684 3225; x_wconf 87' lang='lat' dir='ltr'><strong>eamque</strong></span> <span class='ocrx_word' id='word_1_226' title='bbox 1712 3172 1823 3211; x_wconf 89' lang='lat' dir='ltr'><strong>rem</strong></span> <span class='ocrx_word' id='word_1_227' title='bbox 1845 3154 2130 3210; x_wconf 80' lang='lat' dir='ltr'><strong>convenire</strong></span> 
     </span>
    </p>
   </div>
   <div class='ocr_carea' id='block_1_32' title="bbox 549 3249 2130 3320">
    <p class='ocr_par' dir='ltr' id='par_1_32' title="bbox 549 3249 2130 3320">
     <span class='ocr_line' id='line_1_32' title="bbox 549 3249 2130 3320; baseline -0.001 -17"><span class='ocrx_word' id='word_1_228' title='bbox 549 3253 718 3314; x_wconf 86' lang='lat' dir='ltr'><strong>aiunt,</strong></span> <span class='ocrx_word' id='word_1_229' title='bbox 744 3249 884 3320; x_wconf 86' lang='lat' dir='ltr'><strong>quod</strong></span> <span class='ocrx_word' id='word_1_230' title='bbox 929 3249 1022 3304; x_wconf 90' lang='lat' dir='ltr'><strong>ille</strong></span> <span class='ocrx_word' id='word_1_231' title='bbox 1066 3264 1160 3320; x_wconf 89' lang='lat' dir='ltr'><strong>per</strong></span> <span class='ocrx_word' id='word_1_232' title='bbox 1187 3249 1239 3304; x_wconf 91' lang='lat' dir='ltr'><strong>id</strong></span> <span class='ocrx_word' id='word_1_233' title='bbox 1279 3251 1536 3320; x_wconf 90' lang='lat' dir='ltr'><strong>temporis</strong></span> <span class='ocrx_word' id='word_1_234' title='bbox 1563 3251 1632 3305; x_wconf 89' lang='lat' dir='ltr'><strong>ab</strong></span> <span class='ocrx_word' id='word_1_235' title='bbox 1671 3250 1970 3319; x_wconf 85' lang='lat' dir='ltr'><strong>Episcopali</strong></span> <span class='ocrx_word' id='word_1_236' title='bbox 2001 3249 2130 3303; x_wconf 88' lang='lat' dir='ltr'><strong>sede</strong></span> 
     </span>
    </p>
   </div>
   <div class='ocr_carea' id='block_1_33' title="bbox 553 3339 2131 3411">
    <p class='ocr_par' dir='ltr' id='par_1_33' title="bbox 553 3339 2131 3411">
     <span class='ocr_line' id='line_1_33' title="bbox 553 3339 2131 3411; baseline -0.001 -18"><span class='ocrx_word' id='word_1_237' title='bbox 553 3342 756 3410; x_wconf 85' lang='lat' dir='ltr'><strong>pulsus,</strong></span> <span class='ocrx_word' id='word_1_238' title='bbox 782 3356 876 3410; x_wconf 90' lang='lat' dir='ltr'><strong>per</strong></span> <span class='ocrx_word' id='word_1_239' title='bbox 895 3341 1061 3411; x_wconf 62' lang='lat' dir='ltr'><strong>Syria!</strong></span> <span class='ocrx_word' id='word_1_240' title='bbox 1085 3341 1294 3395; x_wconf 90' lang='lat' dir='ltr'><strong>deserta</strong></span> <span class='ocrx_word' id='word_1_241' title='bbox 1316 3342 1612 3396; x_wconf 88' lang='lat' dir='ltr'><strong>oberraret.</strong></span> <span class='ocrx_word' id='word_1_242' title='bbox 1644 3340 1839 3395; x_wconf 83' lang='lat' dir='ltr'><strong>Verum</strong></span> <span class='ocrx_word' id='word_1_243' title='bbox 1865 3356 1986 3394; x_wconf 80' lang='lat' dir='ltr'><strong>CIIII]</strong></span> <span class='ocrx_word' id='word_1_244' title='bbox 2012 3339 2131 3393; x_wconf 89' lang='lat' dir='ltr'><strong>aliis</strong></span> 
     </span>
    </p>
   </div>
   <div class='ocr_carea' id='block_1_34' title="bbox 549 3431 2134 3501">
    <p class='ocr_par' dir='ltr' id='par_1_34' title="bbox 549 3431 2134 3501">
     <span class='ocr_line' id='line_1_34' title="bbox 549 3431 2134 3501; baseline 0.001 -17"><span class='ocrx_word' id='word_1_245' title='bbox 549 3449 619 3486; x_wconf 82' lang='lat' dir='ltr'><strong>ex</strong></span> <span class='ocrx_word' id='word_1_246' title='bbox 658 3433 787 3486; x_wconf 90' lang='lat' dir='ltr'><strong>locis</strong></span> <span class='ocrx_word' id='word_1_247' title='bbox 837 3432 1079 3486; x_wconf 90' lang='lat' dir='ltr'><strong>videatur</strong></span> <span class='ocrx_word' id='word_1_248' title='bbox 1130 3431 1246 3501; x_wconf 90' lang='lat' dir='ltr'><strong>ejus</strong></span> <span class='ocrx_word' id='word_1_249' title='bbox 1297 3432 1468 3487; x_wconf 82' lang='lat' dir='ltr'><strong>Patris</strong></span> <span class='ocrx_word' id='word_1_250' title='bbox 1517 3432 1718 3486; x_wconf 85' lang='lat' dir='ltr'><strong>nomini</strong></span> <span class='ocrx_word' id='word_1_251' title='bbox 1774 3431 2134 3501; x_wconf 89' lang='lat' dir='ltr'><strong>Ilieronymns</strong></span> 
     </span>
    </p>
   </div>
   <div class='ocr_carea' id='block_1_35' title="bbox 540 3521 2132 3592">
    <p class='ocr_par' dir='ltr' id='par_1_35' title="bbox 540 3521 2132 3592">
     <span class='ocr_line' id='line_1_35' title="bbox 540 3521 2132 3592; baseline -0.004 -14"><span class='ocrx_word' id='word_1_252' title='bbox 540 3527 722 3579; x_wconf 58' lang='lat' dir='ltr'><strong>Iertae</strong></span> <span class='ocrx_word' id='word_1_253' title='bbox 751 3521 1006 3586; x_wconf 89' lang='lat' dir='ltr'><strong>infensus,</strong></span> <span class='ocrx_word' id='word_1_254' title='bbox 1034 3523 1186 3591; x_wconf 87' lang='lat' dir='ltr'><strong>cujus</strong></span> <span class='ocrx_word' id='word_1_255' title='bbox 1205 3522 1591 3577; x_wconf 85' lang='lat' dir='ltr'><strong>ordinationem</strong></span> <span class='ocrx_word' id='word_1_256' title='bbox 1615 3523 1666 3575; x_wconf 91' lang='lat' dir='ltr'><strong>in</strong></span> <span class='ocrx_word' id='word_1_257' title='bbox 1683 3522 1950 3576; x_wconf 83' lang='lat' dir='ltr'><strong>Chronico</strong></span> <span class='ocrx_word' id='word_1_258' title='bbox 1973 3523 2132 3592; x_wconf 85' lang='lat' dir='ltr'><strong>paulo</strong></span> 
     </span>
    </p>
   </div>
   <div class='ocr_carea' id='block_1_36' title="bbox 556 3613 2130 3683">
    <p class='ocr_par' dir='ltr' id='par_1_36' title="bbox 556 3613 2130 3683">
     <span class='ocr_line' id='line_1_36' title="bbox 556 3613 2130 3683; baseline 0.001 -16"><span class='ocrx_word' id='word_1_259' title='bbox 556 3623 674 3682; x_wconf 86' lang='lat' dir='ltr'><strong>post</strong></span> <span class='ocrx_word' id='word_1_260' title='bbox 703 3613 980 3669; x_wconf 87' lang='lat' dir='ltr'><strong>lucubrato</strong></span> <span class='ocrx_word' id='word_1_261' title='bbox 1005 3614 1220 3668; x_wconf 87' lang='lat' dir='ltr'><strong>acribus</strong></span> <span class='ocrx_word' id='word_1_262' title='bbox 1252 3614 1433 3668; x_wconf 79' lang='lat' dir='ltr'><strong>verbis</strong></span> <span class='ocrx_word' id='word_1_263' title='bbox 1461 3614 1704 3682; x_wconf 77' lang='lat' dir='ltr'><strong>sugillat,</strong></span> <span class='ocrx_word' id='word_1_264' title='bbox 1753 3624 1912 3683; x_wconf 91' lang='lat' dir='ltr'><strong>atque</strong></span> <span class='ocrx_word' id='word_1_265' title='bbox 1941 3613 2130 3682; x_wconf 87' lang='lat' dir='ltr'><strong>impie-</strong></span> 
     </span>
    </p>
   </div>
   <div class='ocr_carea' id='block_1_37' title="bbox 555 3705 2132 3772">
    <p class='ocr_par' dir='ltr' id='par_1_37' title="bbox 555 3705 2132 3772">
     <span class='ocr_line' id='line_1_37' title="bbox 555 3705 2132 3772; baseline -0.003 -10"><span class='ocrx_word' id='word_1_266' title='bbox 555 3708 675 3762; x_wconf 82' lang='lat' dir='ltr'><strong>tatis</strong></span> <span class='ocrx_word' id='word_1_267' title='bbox 703 3715 846 3762; x_wconf 86' lang='lat' dir='ltr'><strong>notat</strong></span> <span class='ocrx_word' id='word_1_268' title='bbox 878 3706 1131 3762; x_wconf 90' lang='lat' dir='ltr'><strong>:minime</strong></span> <span class='ocrx_word' id='word_1_269' title='bbox 1158 3717 1240 3762; x_wconf 89' lang='lat' dir='ltr'><strong>est</strong></span> <span class='ocrx_word' id='word_1_270' title='bbox 1262 3706 1586 3772; x_wconf 83' lang='lat' dir='ltr'><strong>verosimile,</strong></span> <span class='ocrx_word' id='word_1_271' title='bbox 1615 3715 1674 3761; x_wconf 90' lang='lat' dir='ltr'><strong>ut</strong></span> <span class='ocrx_word' id='word_1_272' title='bbox 1696 3721 1848 3760; x_wconf 90' lang='lat' dir='ltr'><strong>suam</strong></span> <span class='ocrx_word' id='word_1_273' title='bbox 1893 3705 1968 3759; x_wconf 92' lang='lat' dir='ltr'><strong>illi</strong></span> <span class='ocrx_word' id='word_1_274' title='bbox 2012 3705 2132 3758; x_wconf 89' lang='lat' dir='ltr'><strong>ﬁdei</strong></span> 
     </span>
    </p>
   </div>
   <div class='ocr_carea' id='block_1_38' title="bbox 552 3797 2131 3871">
    <p class='ocr_par' dir='ltr' id='par_1_38' title="bbox 552 3797 2131 3871">
     <span class='ocr_line' id='line_1_38' title="bbox 552 3797 2131 3871; baseline -0.001 -19"><span class='ocrx_word' id='word_1_275' title='bbox 552 3797 938 3871; x_wconf 87' lang='lat' dir='ltr'><strong>professionem</strong></span> <span class='ocrx_word' id='word_1_276' title='bbox 983 3798 1372 3864; x_wconf 89' lang='lat' dir='ltr'><strong>concrederet,</strong></span> <span class='ocrx_word' id='word_1_277' title='bbox 1419 3807 1475 3854; x_wconf 89' lang='lat' dir='ltr'><strong>et</strong></span> <span class='ocrx_word' id='word_1_278' title='bbox 1522 3797 1776 3852; x_wconf 79' lang='lat' dir='ltr'><strong>Sanctum</strong></span> <span class='ocrx_word' id='word_1_279' title='bbox 1815 3798 2131 3868; x_wconf 79' lang='lat' dir='ltr'><strong>appellaret.</strong></span> 
     </span>
    </p>
   </div>
   <div class='ocr_carea' id='block_1_39' title="bbox 541 3890 1097 3946">
    <p class='ocr_par' dir='ltr' id='par_1_39' title="bbox 541 3890 1097 3946">
     <span class='ocr_line' id='line_1_39' title="bbox 541 3890 1097 3946; baseline -0.004 0"><span class='ocrx_word' id='word_1_280' title='bbox 541 3890 660 3946; x_wconf 78' lang='lat' dir='ltr'><strong>Sed</strong></span> <span class='ocrx_word' id='word_1_281' title='bbox 686 3890 800 3944; x_wconf 79' lang='lat' dir='ltr'><strong>lucc</strong></span> <span class='ocrx_word' id='word_1_282' title='bbox 822 3890 1097 3946; x_wconf 83' lang='lat' dir='ltr'><strong>hactenus.</strong></span> 
     </span>
    </p>
   </div>
   <div class='ocr_carea' id='block_1_40' title="bbox 1166 3981 1538 4039">
    <p class='ocr_par' dir='ltr' id='par_1_40' title="bbox 1166 3981 1538 4039">
     <span class='ocr_line' id='line_1_40' title="bbox 1166 3981 1538 4039; baseline -0.005 -1"><span class='ocrx_word' id='word_1_283' title='bbox 1166 3981 1390 4038; x_wconf 79' lang='lat' dir='ltr'><strong>CAPUT</strong></span> <span class='ocrx_word' id='word_1_284' title='bbox 1425 3981 1538 4039; x_wconf 74' lang='grc' dir='ltr'><strong>ΧΠ.</strong></span> 
     </span>
    </p>
   </div>
   <div class='ocr_carea' id='block_1_41' title="bbox 541 4074 2136 4144">
    <p class='ocr_par' dir='ltr' id='par_1_41' title="bbox 541 4074 2136 4144">
     <span class='ocr_line' id='line_1_41' title="bbox 541 4074 2136 4144; baseline -0.004 -12"><span class='ocrx_word' id='word_1_285' title='bbox 541 4079 594 4132; x_wconf 65' lang='grc' dir='ltr'><strong>τι.</strong></span> <span class='ocrx_word' id='word_1_286' title='bbox 629 4077 811 4132; x_wconf 84' lang='lat' dir='ltr'><strong>Eremo</strong></span> <span class='ocrx_word' id='word_1_287' title='bbox 859 4077 1051 4132; x_wconf 83' lang='lat' dir='ltr'><strong>decedit</strong></span> <span class='ocrx_word' id='word_1_288' title='bbox 1090 4087 1135 4131; x_wconf 83' lang='lat' dir='ltr'><strong>et</strong></span> <span class='ocrx_word' id='word_1_289' title='bbox 1170 4077 1492 4131; x_wconf 78' lang='lat' dir='ltr'><strong>Antiochiam</strong></span> <span class='ocrx_word' id='word_1_290' title='bbox 1527 4077 1786 4144; x_wconf 85' lang='lat' dir='ltr'><strong>remigrat.</strong></span> <span class='ocrx_word' id='word_1_291' title='bbox 1834 4074 1896 4129; x_wconf 83' lang='grc' dir='ltr'><strong>ΙΙ.</strong></span> <span class='ocrx_word' id='word_1_292' title='bbox 1949 4074 2136 4129; x_wconf 76' lang='lat' dir='ltr'><strong>Scribit</strong></span> 
     </span>
    </p>
   </div>
   <div class='ocr_carea' id='block_1_42' title="bbox 626 4165 2138 4244">
    <p class='ocr_par' dir='ltr' id='par_1_42' title="bbox 626 4165 2138 4244">
     <span class='ocr_line' id='line_1_42' title="bbox 626 4165 2138 4244; baseline -0.005 -18"><span class='ocrx_word' id='word_1_293' title='bbox 626 4171 902 4244; x_wconf 76' lang='lat' dir='ltr'><strong>Dialogum</strong></span> <span class='ocrx_word' id='word_1_294' title='bbox 931 4171 1240 4240; x_wconf 81' lang='lat' dir='ltr'><strong>Luciferiani</strong></span> <span class='ocrx_word' id='word_1_295' title='bbox 1263 4178 1310 4222; x_wconf 82' lang='lat' dir='ltr'><strong>et</strong></span> <span class='ocrx_word' id='word_1_296' title='bbox 1341 4168 1647 4222; x_wconf 73' lang='lat' dir='ltr'><strong>Ortltodoxi.</strong></span> <span class='ocrx_word' id='word_1_297' title='bbox 1678 4166 1760 4221; x_wconf 86' lang='lat' dir='ltr'><strong>IH.</strong></span> <span class='ocrx_word' id='word_1_298' title='bbox 1801 4165 2070 4235; x_wconf 78' lang='lat' dir='ltr'><strong>Presbyter</strong></span> <span class='ocrx_word' id='word_1_299' title='bbox 2106 4182 2138 4218; x_wconf 78' lang='grc' dir='ltr'><strong><em>α</em></strong></span> 
     </span>
    </p>
   </div>
   <div class='ocr_carea' id='block_1_43' title="bbox 581 4259 2137 4340">
    <p class='ocr_par' dir='ltr' id='par_1_43' title="bbox 581 4259 2137 4340">
     <span class='ocr_line' id='line_1_43' title="bbox 581 4259 2137 4340; baseline -0.005 -20"><span class='ocrx_word' id='word_1_300' title='bbox 581 4337 584 4340; x_wconf 18' lang='grc'>,</span> <span class='ocrx_word' id='word_1_301' title='bbox 619 4267 854 4322; x_wconf 86' lang='lat' dir='ltr'><strong>.Pauliuo</strong></span> <span class='ocrx_word' id='word_1_302' title='bbox 871 4261 1261 4318; x_wconf 61' lang='lat' dir='ltr'><strong>ordinatum”.</strong></span> <span class='ocrx_word' id='word_1_303' title='bbox 1291 4259 1514 4330; x_wconf 81' lang='lat' dir='ltr'><strong>Tempus</strong></span> <span class='ocrx_word' id='word_1_304' title='bbox 1554 4263 1664 4329; x_wconf 74' lang='lat' dir='ltr'><strong>ejus</strong></span> <span class='ocrx_word' id='word_1_305' title='bbox 1689 4259 2025 4312; x_wconf 79' lang='lat' dir='ltr'><strong>ordinationis</strong></span> <span class='ocrx_word' id='word_1_306' title='bbox 2050 4275 2137 4312; x_wconf 84' lang='lat' dir='ltr'><strong>as-</strong></span> 
     </span>
    </p>
   </div>
   <div class='ocr_carea' id='block_1_44' title="bbox 617 4361 834 4413">
    <p class='ocr_par' dir='ltr' id='par_1_44' title="bbox 617 4361 834 4413">
     <span class='ocr_line' id='line_1_44' title="bbox 617 4361 834 4413; baseline -0.014 0"><span class='ocrx_word' id='word_1_307' title='bbox 617 4361 834 4413; x_wconf 70' lang='lat' dir='ltr'><strong>seritur.</strong></span> 
     </span>
    </p>
   </div>
   <div class='ocr_carea' id='block_1_45' title="bbox 633 4442 2138 4508">
    <p class='ocr_par' dir='ltr' id='par_1_45' title="bbox 633 4442 2138 4508">
     <span class='ocr_line' id='line_1_45' title="bbox 633 4442 2138 4508; baseline -0.005 -2"><span class='ocrx_word' id='word_1_308' title='bbox 633 4455 670 4506; x_wconf 94' lang='grc'><strong>1.</strong></span> <span class='ocrx_word' id='word_1_309' title='bbox 721 4448 1013 4504; x_wconf 82' lang='lat' dir='ltr'><strong>Meletianis</strong></span> <span class='ocrx_word' id='word_1_310' title='bbox 1071 4446 1272 4500; x_wconf 80' lang='lat' dir='ltr'><strong>nullum</strong></span> <span class='ocrx_word' id='word_1_311' title='bbox 1305 4444 1564 4498; x_wconf 88' lang='lat' dir='ltr'><strong>molestiis</strong></span> <span class='ocrx_word' id='word_1_312' title='bbox 1599 4442 1755 4497; x_wconf 86' lang='lat' dir='ltr'><strong>ﬁnem</strong></span> <span class='ocrx_word' id='word_1_313' title='bbox 1789 4442 2100 4498; x_wconf 87' lang='lat' dir='ltr'><strong>facientibus</strong></span> <span class='ocrx_word' id='word_1_314' title='bbox 2123 4487 2138 4508; x_wconf 92' lang='lat'><strong>,</strong></span> 
     </span>
    </p>
   </div>
   <div class='ocr_carea' id='block_1_46' title="bbox 553 4534 2141 4611">
    <p class='ocr_par' dir='ltr' id='par_1_46' title="bbox 553 4534 2141 4611">
     <span class='ocr_line' id='line_1_46' title="bbox 553 4534 2141 4611; baseline -0.003 -18"><span class='ocrx_word' id='word_1_315' title='bbox 553 4558 656 4611; x_wconf 78' lang='lat' dir='ltr'><strong>par</strong></span> <span class='ocrx_word' id='word_1_316' title='bbox 683 4541 904 4596; x_wconf 81' lang='lat' dir='ltr'><strong>credere</strong></span> <span class='ocrx_word' id='word_1_317' title='bbox 926 4548 1028 4600; x_wconf 87' lang='lat' dir='ltr'><strong>est,</strong></span> <span class='ocrx_word' id='word_1_318' title='bbox 1055 4536 1432 4606; x_wconf 87' lang='lat' dir='ltr'><strong>Hieronymum</strong></span> <span class='ocrx_word' id='word_1_319' title='bbox 1479 4534 1654 4586; x_wconf 83' lang='lat' dir='ltr'><strong>statim</strong></span> <span class='ocrx_word' id='word_1_320' title='bbox 1687 4547 1846 4602; x_wconf 89' lang='lat' dir='ltr'><strong>atque</strong></span> <span class='ocrx_word' id='word_1_321' title='bbox 1881 4550 1974 4602; x_wconf 91' lang='lat' dir='ltr'><strong>per</strong></span> <span class='ocrx_word' id='word_1_322' title='bbox 2017 4535 2141 4590; x_wconf 88' lang='lat' dir='ltr'><strong>anni</strong></span> 
     </span>
    </p>
   </div>
   <div class='ocr_carea' id='block_1_47' title="bbox 549 4624 2142 4698">
    <p class='ocr_par' dir='ltr' id='par_1_47' title="bbox 549 4624 2142 4698">
     <span class='ocr_line' id='line_1_47' title="bbox 549 4624 2142 4698; baseline -0.003 -12"><span class='ocrx_word' id='word_1_323' title='bbox 549 4639 928 4698; x_wconf 57' lang='lat' dir='ltr'><strong>tempestatem</strong></span> <span class='ocrx_word' id='word_1_324' title='bbox 949 4629 1115 4692; x_wconf 86' lang='lat' dir='ltr'><strong>licuit,</strong></span> <span class='ocrx_word' id='word_1_325' title='bbox 1144 4641 1268 4680; x_wconf 84' lang='lat' dir='ltr'><strong>vere</strong></span> <span class='ocrx_word' id='word_1_326' title='bbox 1289 4626 1512 4689; x_wconf 88' lang='lat' dir='ltr'><strong>scilicet,</strong></span> <span class='ocrx_word' id='word_1_327' title='bbox 1540 4635 1596 4677; x_wconf 90' lang='lat' dir='ltr'><strong>ut</strong></span> <span class='ocrx_word' id='word_1_328' title='bbox 1624 4624 1966 4694; x_wconf 86' lang='lat' dir='ltr'><strong>promiserat,</strong></span> <span class='ocrx_word' id='word_1_329' title='bbox 1991 4641 2142 4682; x_wconf 70' lang='lat' dir='ltr'><strong>acc:-</strong></span> 
     </span>
    </p>
   </div>
   <div class='ocr_carea' id='block_1_48' title="bbox 547 4717 2141 4787">
    <p class='ocr_par' dir='ltr' id='par_1_48' title="bbox 547 4717 2141 4787">
     <span class='ocr_line' id='line_1_48' title="bbox 547 4717 2141 4787; baseline -0.001 -14"><span class='ocrx_word' id='word_1_330' title='bbox 547 4726 756 4785; x_wconf 70' lang='lat' dir='ltr'><strong>deute,</strong></span> <span class='ocrx_word' id='word_1_331' title='bbox 788 4737 852 4775; x_wconf 88' lang='lat' dir='ltr'><strong>ex</strong></span> <span class='ocrx_word' id='word_1_332' title='bbox 897 4735 1080 4773; x_wconf 85' lang='lat' dir='ltr'><strong>eremo</strong></span> <span class='ocrx_word' id='word_1_333' title='bbox 1109 4719 1404 4774; x_wconf 73' lang='lat' dir='ltr'><strong>excessisse</strong></span> <span class='ocrx_word' id='word_1_334' title='bbox 1428 4758 1444 4782; x_wconf 91' lang='lat'><strong>,</strong></span> <span class='ocrx_word' id='word_1_335' title='bbox 1475 4717 1524 4769; x_wconf 93' lang='lat' dir='ltr'><strong>in</strong></span> <span class='ocrx_word' id='word_1_336' title='bbox 1570 4731 1671 4785; x_wconf 91' lang='lat' dir='ltr'><strong>qua</strong></span> <span class='ocrx_word' id='word_1_337' title='bbox 1718 4725 1902 4770; x_wconf 85' lang='lat' dir='ltr'><strong>contra</strong></span> <span class='ocrx_word' id='word_1_338' title='bbox 1946 4717 2141 4787; x_wconf 79' lang='lat' dir='ltr'><strong>ingenii</strong></span> 
     </span>
    </p>
   </div>
   <div class='ocr_carea' id='block_1_49' title="bbox 551 4806 2140 4879">
    <p class='ocr_par' dir='ltr' id='par_1_49' title="bbox 551 4806 2140 4879">
     <span class='ocr_line' id='line_1_49' title="bbox 551 4806 2140 4879; baseline -0.004 -12"><span class='ocrx_word' id='word_1_339' title='bbox 551 4817 664 4879; x_wconf 70' lang='lat' dir='ltr'><strong>sui,</strong></span> <span class='ocrx_word' id='word_1_340' title='bbox 695 4827 857 4879; x_wconf 89' lang='lat' dir='ltr'><strong>atque</strong></span> <span class='ocrx_word' id='word_1_341' title='bbox 883 4811 983 4863; x_wconf 90' lang='lat' dir='ltr'><strong>loci</strong></span> <span class='ocrx_word' id='word_1_342' title='bbox 1015 4817 1256 4862; x_wconf 87' lang='lat' dir='ltr'><strong>naturam</strong></span> <span class='ocrx_word' id='word_1_343' title='bbox 1283 4807 1465 4876; x_wconf 74' lang='lat' dir='ltr'><strong>quieto</strong></span> <span class='ocrx_word' id='word_1_344' title='bbox 1491 4806 1591 4859; x_wconf 88' lang='lat' dir='ltr'><strong>sibi</strong></span> <span class='ocrx_word' id='word_1_345' title='bbox 1619 4821 1741 4860; x_wconf 89' lang='lat' dir='ltr'><strong>esse</strong></span> <span class='ocrx_word' id='word_1_346' title='bbox 1769 4822 1874 4860; x_wconf 90' lang='lat' dir='ltr'><strong>non</strong></span> <span class='ocrx_word' id='word_1_347' title='bbox 1901 4806 2140 4862; x_wconf 81' lang='lat' dir='ltr'><strong>licuerat.</strong></span> 
     </span>
    </p>
   </div>
   <div class='ocr_carea' id='block_1_50' title="bbox 555 4898 2142 4970">
    <p class='ocr_par' dir='ltr' id='par_1_50' title="bbox 555 4898 2142 4970">
     <span class='ocr_line' id='line_1_50' title="bbox 555 4898 2142 4970; baseline -0.002 -11"><span class='ocrx_word' id='word_1_348' title='bbox 555 4910 749 4962; x_wconf 68' lang='lat' dir='ltr'><strong>Annus</strong></span> <span class='ocrx_word' id='word_1_349' title='bbox 767 4901 1074 4958; x_wconf 89' lang='lat' dir='ltr'><strong>trahebatur</strong></span> <span class='ocrx_word' id='word_1_350' title='bbox 1091 4899 1290 4955; x_wconf 75' lang='lat' dir='ltr'><strong>Christi</strong></span> <span class='ocrx_word' id='word_1_351' title='bbox 1322 4898 1446 4965; x_wconf 78' lang='lat'><strong>379,</strong></span> <span class='ocrx_word' id='word_1_352' title='bbox 1481 4910 1536 4952; x_wconf 91' lang='grc' dir='ltr'><strong>ιιι</strong></span> <span class='ocrx_word' id='word_1_353' title='bbox 1559 4914 1622 4954; x_wconf 90' lang='lat' dir='ltr'><strong>ex</strong></span> <span class='ocrx_word' id='word_1_354' title='bbox 1642 4899 1722 4952; x_wconf 89' lang='lat' dir='ltr'><strong>his</strong></span> <span class='ocrx_word' id='word_1_355' title='bbox 1742 4916 1860 4970; x_wconf 76' lang='lat' dir='ltr'><strong>qua:</strong></span> <span class='ocrx_word' id='word_1_356' title='bbox 1881 4903 2142 4970; x_wconf 86' lang='lat' dir='ltr'><strong>superiori</strong></span> 
     </span>
    </p>
   </div>
   <div class='ocr_carea' id='block_1_51' title="bbox 562 4989 2142 5067">
    <p class='ocr_par' dir='ltr' id='par_1_51' title="bbox 562 4989 2142 5067">
     <span class='ocr_line' id='line_1_51' title="bbox 562 4989 2142 5067; baseline -0.002 -15"><span class='ocrx_word' id='word_1_357' title='bbox 562 4999 734 5067; x_wconf 73' lang='lat' dir='ltr'><strong>capite</strong></span> <span class='ocrx_word' id='word_1_358' title='bbox 758 4992 1162 5055; x_wconf 86' lang='lat' dir='ltr'><strong>edisseruimus,</strong></span> <span class='ocrx_word' id='word_1_359' title='bbox 1187 5000 1516 5060; x_wconf 89' lang='lat' dir='ltr'><strong>compertum</strong></span> <span class='ocrx_word' id='word_1_360' title='bbox 1545 4999 1627 5044; x_wconf 89' lang='lat' dir='ltr'><strong>est</strong></span> <span class='ocrx_word' id='word_1_361' title='bbox 1654 5005 1667 5042; x_wconf 94' lang='lat'><strong>:</strong></span> <span class='ocrx_word' id='word_1_362' title='bbox 1699 4989 1798 5059; x_wconf 85' lang='lat' dir='ltr'><strong>Qui</strong></span> <span class='ocrx_word' id='word_1_363' title='bbox 1829 5006 1947 5046; x_wconf 93' lang='lat' dir='ltr'><strong>cum</strong></span> <span class='ocrx_word' id='word_1_364' title='bbox 1969 4994 2142 5049; x_wconf 78' lang='lat' dir='ltr'><strong>tetatis</strong></span> 
     </span>
    </p>
   </div>
   <div class='ocr_carea' id='block_1_52' title="bbox 551 5081 2142 5155">
    <p class='ocr_par' dir='ltr' id='par_1_52' title="bbox 551 5081 2142 5155">
     <span class='ocr_line' id='line_1_52' title="bbox 551 5081 2142 5155; baseline -0.002 -15"><span class='ocrx_word' id='word_1_365' title='bbox 551 5089 702 5142; x_wconf 74' lang='lat' dir='ltr'><strong>illius</strong></span> <span class='ocrx_word' id='word_1_366' title='bbox 732 5084 1006 5155; x_wconf 77' lang='lat' dir='ltr'><strong>trigesimo</strong></span> <span class='ocrx_word' id='word_1_367' title='bbox 1033 5083 1143 5136; x_wconf 88' lang='lat' dir='ltr'><strong>fere</strong></span> <span class='ocrx_word' id='word_1_368' title='bbox 1173 5081 1350 5146; x_wconf 87' lang='lat' dir='ltr'><strong>tertio,</strong></span> <span class='ocrx_word' id='word_1_369' title='bbox 1372 5081 1438 5133; x_wconf 89' lang='lat' dir='ltr'><strong>ab</strong></span> <span class='ocrx_word' id='word_1_370' title='bbox 1465 5081 1594 5135; x_wconf 84' lang='lat' dir='ltr'><strong>inita</strong></span> <span class='ocrx_word' id='word_1_371' title='bbox 1609 5081 1840 5136; x_wconf 87' lang='lat' dir='ltr'><strong>Calcidis</strong></span> <span class='ocrx_word' id='word_1_372' title='bbox 1857 5082 2142 5137; x_wconf 85' lang='lat' dir='ltr'><strong>solitudine</strong></span> 
     </span>
    </p>
   </div>
   <div class='ocr_carea' id='block_1_53' title="bbox 559 5173 2142 5248">
    <p class='ocr_par' dir='ltr' id='par_1_53' title="bbox 559 5173 2142 5248">
     <span class='ocr_line' id='line_1_53' title="bbox 559 5173 2142 5248; baseline -0.001 -18"><span class='ocrx_word' id='word_1_373' title='bbox 559 5175 1106 5248; x_wconf 77' lang='lat' dir='ltr'><strong>quarto,autqninto</strong></span> <span class='ocrx_word' id='word_1_374' title='bbox 1147 5173 1212 5226; x_wconf 90' lang='lat' dir='ltr'><strong>ad</strong></span> <span class='ocrx_word' id='word_1_375' title='bbox 1251 5188 1552 5238; x_wconf 88' lang='lat' dir='ltr'><strong>summum,</strong></span> <span class='ocrx_word' id='word_1_376' title='bbox 1595 5174 1965 5230; x_wconf 85' lang='lat' dir='ltr'><strong>concurrebat.</strong></span> <span class='ocrx_word' id='word_1_377' title='bbox 2013 5174 2142 5228; x_wconf 82' lang='lat' dir='ltr'><strong>Erat</strong></span> 
     </span>
    </p>
   </div>
   <div class='ocr_carea' id='block_1_54' title="bbox 563 5266 2142 5336">
    <p class='ocr_par' dir='ltr' id='par_1_54' title="bbox 563 5266 2142 5336">
     <span class='ocr_line' id='line_1_54' title="bbox 563 5266 2142 5336; baseline -0.001 -14"><span class='ocrx_word' id='word_1_378' title='bbox 563 5286 694 5326; x_wconf 71' lang='lat' dir='ltr'><strong>vero</strong></span> <span class='ocrx_word' id='word_1_379' title='bbox 740 5269 815 5324; x_wconf 91' lang='lat' dir='ltr'><strong>illi</strong></span> <span class='ocrx_word' id='word_1_380' title='bbox 854 5268 988 5322; x_wconf 86' lang='lat' dir='ltr'><strong>adeo</strong></span> <span class='ocrx_word' id='word_1_381' title='bbox 1057 5267 1249 5320; x_wconf 83' lang='lat' dir='ltr'><strong>inlixus</strong></span> <span class='ocrx_word' id='word_1_382' title='bbox 1298 5266 1405 5320; x_wconf 91' lang='lat' dir='ltr'><strong>alte</strong></span> <span class='ocrx_word' id='word_1_383' title='bbox 1449 5267 1633 5322; x_wconf 85' lang='lat' dir='ltr'><strong>animo</strong></span> <span class='ocrx_word' id='word_1_384' title='bbox 1675 5267 1977 5322; x_wconf 88' lang='lat' dir='ltr'><strong>solitudinis</strong></span> <span class='ocrx_word' id='word_1_385' title='bbox 2024 5268 2142 5336; x_wconf 89' lang='lat' dir='ltr'><strong>ejus</strong></span> 
     </span>
    </p>
   </div>
   <div class='ocr_carea' id='block_1_55' title="bbox 557 5360 2142 5430">
    <p class='ocr_par' dir='ltr' id='par_1_55' title="bbox 557 5360 2142 5430">
     <span class='ocr_line' id='line_1_55' title="bbox 557 5360 2142 5430; baseline -0.001 -14"><span class='ocrx_word' id='word_1_386' title='bbox 557 5379 742 5426; x_wconf 81' lang='lat' dir='ltr'><strong>amor,</strong></span> <span class='ocrx_word' id='word_1_387' title='bbox 773 5371 956 5430; x_wconf 89' lang='lat' dir='ltr'><strong>t0tque</strong></span> <span class='ocrx_word' id='word_1_388' title='bbox 995 5375 1112 5414; x_wconf 89' lang='lat' dir='ltr'><strong>cum</strong></span> <span class='ocrx_word' id='word_1_389' title='bbox 1147 5360 1334 5424; x_wconf 92' lang='lat' dir='ltr'><strong>licuit,</strong></span> <span class='ocrx_word' id='word_1_390' title='bbox 1370 5361 1420 5413; x_wconf 93' lang='lat' dir='ltr'><strong>in</strong></span> <span class='ocrx_word' id='word_1_391' title='bbox 1471 5375 1534 5416; x_wconf 82' lang='lat' dir='ltr'><strong>ea</strong></span> <span class='ocrx_word' id='word_1_392' title='bbox 1574 5361 1794 5429; x_wconf 85' lang='lat' dir='ltr'><strong>spiritus</strong></span> <span class='ocrx_word' id='word_1_393' title='bbox 1835 5361 2142 5415; x_wconf 86' lang='lat' dir='ltr'><strong>dulcedines</strong></span> 
     </span>
    </p>
   </div>
   <div class='ocr_carea' id='block_1_56' title="bbox 559 5451 2142 5524">
    <p class='ocr_par' dir='ltr' id='par_1_56' title="bbox 559 5451 2142 5524">
     <span class='ocr_line' id='line_1_56' title="bbox 559 5451 2142 5524; baseline -0.001 -16"><span class='ocrx_word' id='word_1_394' title='bbox 559 5463 810 5524; x_wconf 76' lang='lat' dir='ltr'><strong>expertus</strong></span> <span class='ocrx_word' id='word_1_395' title='bbox 841 5452 1050 5515; x_wconf 85' lang='lat' dir='ltr'><strong>fuerat,</strong></span> <span class='ocrx_word' id='word_1_396' title='bbox 1084 5464 1135 5506; x_wconf 92' lang='lat' dir='ltr'><strong>ut</strong></span> <span class='ocrx_word' id='word_1_397' title='bbox 1166 5451 1308 5521; x_wconf 91' lang='lat' dir='ltr'><strong>quod</strong></span> <span class='ocrx_word' id='word_1_398' title='bbox 1332 5452 1484 5507; x_wconf 89' lang='lat' dir='ltr'><strong>abire</strong></span> <span class='ocrx_word' id='word_1_399' title='bbox 1529 5463 1745 5508; x_wconf 85' lang='lat' dir='ltr'><strong>coactus</strong></span> <span class='ocrx_word' id='word_1_400' title='bbox 1793 5463 1968 5516; x_wconf 85' lang='lat' dir='ltr'><strong>esset,</strong></span> <span class='ocrx_word' id='word_1_401' title='bbox 2005 5468 2142 5520; x_wconf 88' lang='lat' dir='ltr'><strong>pene</strong></span> 
     </span>
    </p>
   </div>
   <div class='ocr_carea' id='block_1_57' title="bbox 559 5543 2141 5613">
    <p class='ocr_par' dir='ltr' id='par_1_57' title="bbox 559 5543 2141 5613">
     <span class='ocr_line' id='line_1_57' title="bbox 559 5543 2141 5613; baseline -0.004 -10"><span class='ocrx_word' id='word_1_402' title='bbox 559 5563 790 5605; x_wconf 68' lang='lat' dir='ltr'><strong>maerore</strong></span> <span class='ocrx_word' id='word_1_403' title='bbox 815 5546 1194 5609; x_wconf 86' lang='lat' dir='ltr'><strong>conﬁceretur,</strong></span> <span class='ocrx_word' id='word_1_404' title='bbox 1216 5555 1266 5598; x_wconf 84' lang='lat' dir='ltr'><strong>et</strong></span> <span class='ocrx_word' id='word_1_405' title='bbox 1307 5545 1504 5613; x_wconf 66' lang='lat' dir='ltr'><strong>saepius</strong></span> <span class='ocrx_word' id='word_1_406' title='bbox 1528 5562 1650 5600; x_wconf 92' lang='lat' dir='ltr'><strong>eum</strong></span> <span class='ocrx_word' id='word_1_407' title='bbox 1679 5545 1990 5598; x_wconf 86' lang='lat' dir='ltr'><strong>discessisse</strong></span> <span class='ocrx_word' id='word_1_408' title='bbox 2015 5543 2141 5597; x_wconf 86' lang='lat' dir='ltr'><strong>inde</strong></span> 
     </span>
    </p>
   </div>
   <div class='ocr_carea' id='block_1_58' title="bbox 557 5633 2137 5708">
    <p class='ocr_par' dir='ltr' id='par_1_58' title="bbox 557 5633 2137 5708">
     <span class='ocr_line' id='line_1_58' title="bbox 557 5633 2137 5708; baseline -0.004 -16"><span class='ocrx_word' id='word_1_409' title='bbox 557 5638 887 5708; x_wconf 67' lang='lat' dir='ltr'><strong>paenituerit.</strong></span> <span class='ocrx_word' id='word_1_410' title='bbox 938 5635 1046 5706; x_wconf 79' lang='lat' dir='ltr'><strong>Ego</strong></span> <span class='ocrx_word' id='word_1_411' title='bbox 1091 5635 1333 5704; x_wconf 79' lang='lat' dir='ltr'><strong>quidem,</strong></span> <span class='ocrx_word' id='word_1_412' title='bbox 1393 5636 1564 5704; x_wconf 91' lang='lat' dir='ltr'><strong>inquit</strong></span> <span class='ocrx_word' id='word_1_413' title='bbox 1624 5635 1688 5687; x_wconf 91' lang='lat' dir='ltr'><strong>ad</strong></span> <span class='ocrx_word' id='word_1_414' title='bbox 1743 5633 2137 5687; x_wconf 75' lang='lat' dir='ltr'><strong>Pammachium</strong></span> 
     </span>
    </p>
   </div>
   <div class='ocr_carea' id='block_1_59' title="bbox 553 5723 2137 5792">
    <p class='ocr_par' dir='ltr' id='par_1_59' title="bbox 553 5723 2137 5792">
     <span class='ocr_line' id='line_1_59' title="bbox 553 5723 2137 5792; baseline -0.003 -8"><span class='ocrx_word' id='word_1_415' title='bbox 553 5730 816 5792; x_wconf 80' lang='lat' dir='ltr'><strong>scribens,</strong></span> <span class='ocrx_word' id='word_1_416' title='bbox 846 5729 1020 5783; x_wconf 75' lang='lat' dir='ltr'><strong>Roma:</strong></span> <span class='ocrx_word' id='word_1_417' title='bbox 1045 5745 1142 5782; x_wconf 85' lang='lat' dir='ltr'><strong>non</strong></span> <span class='ocrx_word' id='word_1_418' title='bbox 1170 5743 1323 5790; x_wconf 88' lang='lat' dir='ltr'><strong>eram,</strong></span> <span class='ocrx_word' id='word_1_419' title='bbox 1341 5737 1386 5780; x_wconf 91' lang='lat' dir='ltr'><strong>et</strong></span> <span class='ocrx_word' id='word_1_420' title='bbox 1414 5737 1533 5780; x_wconf 87' lang='lat' dir='ltr'><strong>tunc</strong></span> <span class='ocrx_word' id='word_1_421' title='bbox 1575 5743 1651 5778; x_wconf 82' lang='lat' dir='ltr'><strong>me</strong></span> <span class='ocrx_word' id='word_1_422' title='bbox 1679 5725 1872 5779; x_wconf 79' lang='lat' dir='ltr'><strong>tenebat</strong></span> <span class='ocrx_word' id='word_1_423' title='bbox 1905 5723 2137 5790; x_wconf 85' lang='lat' dir='ltr'><strong>Eremus,</strong></span> 
     </span>
    </p>
   </div>
   <div class='ocr_carea' id='block_1_60' title="bbox 541 5820 2139 5920">
    <p class='ocr_par' dir='ltr' id='par_1_60' title="bbox 541 5820 2139 5920">
     <span class='ocr_line' id='line_1_60' title="bbox 541 5820 2139 5920; baseline 0 -45"><span class='ocrx_word' id='word_1_424' title='bbox 541 5831 700 5920; x_wconf 42' lang='lat' dir='ltr'><strong>{tque</strong></span> <span class='ocrx_word' id='word_1_425' title='bbox 725 5823 916 5875; x_wconf 80' lang='lat' dir='ltr'><strong>utinam</strong></span> <span class='ocrx_word' id='word_1_426' title='bbox 948 5821 1291 5890; x_wconf 82' lang='lat' dir='ltr'><strong>pertenuisset.</strong></span> <span class='ocrx_word' id='word_1_427' title='bbox 1325 5820 1582 5887; x_wconf 73' lang='lat' dir='ltr'><strong>Egressus</strong></span> <span class='ocrx_word' id='word_1_428' title='bbox 1606 5831 1805 5884; x_wconf 82' lang='lat' dir='ltr'><strong>autem,</strong></span> <span class='ocrx_word' id='word_1_429' title='bbox 1838 5834 1930 5874; x_wconf 87' lang='lat' dir='ltr'><strong>seu</strong></span> <span class='ocrx_word' id='word_1_430' title='bbox 1964 5823 2139 5875; x_wconf 82' lang='lat' dir='ltr'><strong>verius</strong></span> 
     </span>
    </p>
   </div>
   <div class='ocr_carea' id='block_1_61' title="bbox 2215 491 3774 566">
    <p class='ocr_par' dir='ltr' id='par_1_61' title="bbox 2215 491 3774 566">
     <span class='ocr_line' id='line_1_61' title="bbox 2215 491 3774 566; baseline 0.01 -23"><span class='ocrx_word' id='word_1_431' title='bbox 2215 491 2674 559; x_wconf 85' lang='lat' dir='ltr'><strong>persecutionibus</strong></span> <span class='ocrx_word' id='word_1_432' title='bbox 2727 492 3101 550; x_wconf 80' lang='lat' dir='ltr'><strong>luereticorum</strong></span> <span class='ocrx_word' id='word_1_433' title='bbox 3148 497 3270 552; x_wconf 88' lang='lat' dir='ltr'><strong>inde</strong></span> <span class='ocrx_word' id='word_1_434' title='bbox 3319 498 3550 566; x_wconf 87' lang='lat' dir='ltr'><strong>ejeclus,</strong></span> <span class='ocrx_word' id='word_1_435' title='bbox 3603 503 3774 560; x_wconf 66' lang='lat' dir='ltr'><strong>Autio~</strong></span> 
     </span>
    </p>
   </div>
   <div class='ocr_carea' id='block_1_62' title="bbox 2213 583 3774 662">
    <p class='ocr_par' dir='ltr' id='par_1_62' title="bbox 2213 583 3774 662">
     <span class='ocr_line' id='line_1_62' title="bbox 2213 583 3774 662; baseline 0.004 -22"><span class='ocrx_word' id='word_1_436' title='bbox 2213 583 2386 640; x_wconf 85' lang='lat' dir='ltr'><strong>chiam</strong></span> <span class='ocrx_word' id='word_1_437' title='bbox 2413 585 2660 652; x_wconf 86' lang='lat' dir='ltr'><strong>repetiit,</strong></span> <span class='ocrx_word' id='word_1_438' title='bbox 2693 585 2905 654; x_wconf 88' lang='lat' dir='ltr'><strong>etapud</strong></span> <span class='ocrx_word' id='word_1_439' title='bbox 2939 587 3220 658; x_wconf 80' lang='lat' dir='ltr'><strong>Evagrium</strong></span> <span class='ocrx_word' id='word_1_440' title='bbox 3253 588 3404 643; x_wconf 78' lang='lat' dir='ltr'><strong>facile</strong></span> <span class='ocrx_word' id='word_1_441' title='bbox 3436 591 3660 656; x_wconf 88' lang='lat' dir='ltr'><strong>divertit,</strong></span> <span class='ocrx_word' id='word_1_442' title='bbox 3691 598 3774 662; x_wconf 77' lang='lat' dir='ltr'><strong>qni,</strong></span> 
     </span>
    </p>
   </div>
   <div class='ocr_carea' id='block_1_63' title="bbox 2213 677 3776 752">
    <p class='ocr_par' dir='ltr' id='par_1_63' title="bbox 2213 677 3776 752">
     <span class='ocr_line' id='line_1_63' title="bbox 2213 677 3776 752; baseline 0.006 -22"><span class='ocrx_word' id='word_1_443' title='bbox 2213 677 2282 736; x_wconf 87' lang='lat' dir='ltr'><strong>ei.</strong></span> <span class='ocrx_word' id='word_1_444' title='bbox 2314 686 2369 730; x_wconf 92' lang='lat' dir='ltr'><strong>ut</strong></span> <span class='ocrx_word' id='word_1_445' title='bbox 2392 687 2514 730; x_wconf 91' lang='lat' dir='ltr'><strong>ante</strong></span> <span class='ocrx_word' id='word_1_446' title='bbox 2543 686 2912 742; x_wconf 84' lang='lat' dir='ltr'><strong>consueverat,</strong></span> <span class='ocrx_word' id='word_1_447' title='bbox 2945 680 3193 734; x_wconf 87' lang='lat' dir='ltr'><strong>omnibus</strong></span> <span class='ocrx_word' id='word_1_448' title='bbox 3210 681 3367 736; x_wconf 88' lang='lat' dir='ltr'><strong>rebus</strong></span> <span class='ocrx_word' id='word_1_449' title='bbox 3386 682 3525 752; x_wconf 79' lang='lat' dir='ltr'><strong>large</strong></span> <span class='ocrx_word' id='word_1_450' title='bbox 3554 699 3776 740; x_wconf 82' lang='lat' dir='ltr'><strong>comnio-</strong></span> 
     </span>
    </p>
   </div>
   <div class='ocr_carea' id='block_1_64' title="bbox 2213 767 3778 840">
    <p class='ocr_par' dir='ltr' id='par_1_64' title="bbox 2213 767 3778 840">
     <span class='ocr_line' id='line_1_64' title="bbox 2213 767 3778 840; baseline 0.008 -18"><span class='ocrx_word' id='word_1_451' title='bbox 2213 767 2392 824; x_wconf 80' lang='lat' dir='ltr'><strong>dabat.</strong></span> <span class='ocrx_word' id='word_1_452' title='bbox 2447 768 2521 822; x_wconf 91' lang='lat' dir='ltr'><strong>lhi</strong></span> <span class='ocrx_word' id='word_1_453' title='bbox 2589 783 2708 822; x_wconf 89' lang='lat' dir='ltr'><strong>cum</strong></span> <span class='ocrx_word' id='word_1_454' title='bbox 2758 768 2979 823; x_wconf 87' lang='lat' dir='ltr'><strong>Paulino</strong></span> <span class='ocrx_word' id='word_1_455' title='bbox 3050 774 3344 840; x_wconf 85' lang='lat' dir='ltr'><strong>episcopo,</strong></span> <span class='ocrx_word' id='word_1_456' title='bbox 3375 773 3778 834; x_wconf 81' lang='lat' dir='ltr'><strong>Occidentalium</strong></span> 
     </span>
    </p>
   </div>
   <div class='ocr_carea' id='block_1_65' title="bbox 2216 859 3780 928">
    <p class='ocr_par' dir='ltr' id='par_1_65' title="bbox 2216 859 3780 928">
     <span class='ocr_line' id='line_1_65' title="bbox 2216 859 3780 928; baseline 0.005 -14"><span class='ocrx_word' id='word_1_457' title='bbox 2216 859 2513 927; x_wconf 86' lang='lat' dir='ltr'><strong>exemplum</strong></span> <span class='ocrx_word' id='word_1_458' title='bbox 2541 868 2795 928; x_wconf 82' lang='lat' dir='ltr'><strong>sequutus</strong></span> <span class='ocrx_word' id='word_1_459' title='bbox 2814 901 2830 924; x_wconf 96' lang='lat'><strong>,</strong></span> <span class='ocrx_word' id='word_1_460' title='bbox 2863 862 3093 915; x_wconf 77' lang='lat' dir='ltr'><strong>maxime</strong></span> <span class='ocrx_word' id='word_1_461' title='bbox 3119 871 3294 915; x_wconf 91' lang='lat' dir='ltr'><strong>autem</strong></span> <span class='ocrx_word' id='word_1_462' title='bbox 3335 864 3553 918; x_wconf 86' lang='lat' dir='ltr'><strong>edoctus</strong></span> <span class='ocrx_word' id='word_1_463' title='bbox 3584 866 3780 922; x_wconf 72' lang='lat' dir='ltr'><strong>Damasi</strong></span> 
     </span>
    </p>
   </div>
   <div class='ocr_carea' id='block_1_66' title="bbox 2217 952 3778 1025">
    <p class='ocr_par' dir='ltr' id='par_1_66' title="bbox 2217 952 3778 1025">
     <span class='ocr_line' id='line_1_66' title="bbox 2217 952 3778 1025; baseline 0.005 -18"><span class='ocrx_word' id='word_1_464' title='bbox 2217 967 2508 1020; x_wconf 85' lang='lat' dir='ltr'><strong>responso,</strong></span> <span class='ocrx_word' id='word_1_465' title='bbox 2545 952 2689 1006; x_wconf 90' lang='lat' dir='ltr'><strong>credi</strong></span> <span class='ocrx_word' id='word_1_466' title='bbox 2722 961 2925 1021; x_wconf 89' lang='lat' dir='ltr'><strong>potest,</strong></span> <span class='ocrx_word' id='word_1_467' title='bbox 2961 957 3003 1006; x_wconf 90' lang='lat' dir='ltr'><strong>si</strong></span> <span class='ocrx_word' id='word_1_468' title='bbox 3045 953 3172 1024; x_wconf 87' lang='lat' dir='ltr'><strong>quid</strong></span> <span class='ocrx_word' id='word_1_469' title='bbox 3201 971 3429 1024; x_wconf 87' lang='lat' dir='ltr'><strong>unquam</strong></span> <span class='ocrx_word' id='word_1_470' title='bbox 3460 960 3688 1025; x_wconf 85' lang='lat' dir='ltr'><strong>proxime</strong></span> <span class='ocrx_word' id='word_1_471' title='bbox 3718 961 3778 1015; x_wconf 85' lang='lat' dir='ltr'><strong>ad</strong></span> 
     </span>
    </p>
   </div>
   <div class='ocr_carea' id='block_1_67' title="bbox 2218 1047 3780 1121">
    <p class='ocr_par' dir='ltr' id='par_1_67' title="bbox 2218 1047 3780 1121">
     <span class='ocr_line' id='line_1_67' title="bbox 2218 1047 3780 1121; baseline 0.007 -25"><span class='ocrx_word' id='word_1_472' title='bbox 2218 1060 2422 1107; x_wconf 86' lang='lat' dir='ltr'><strong>verum,</strong></span> <span class='ocrx_word' id='word_1_473' title='bbox 2451 1047 2874 1100; x_wconf 73' lang='lat' dir='ltr'><strong>communicasse</strong></span> <span class='ocrx_word' id='word_1_474' title='bbox 2908 1063 2921 1100; x_wconf 90' lang='lat'><strong>:</strong></span> <span class='ocrx_word' id='word_1_475' title='bbox 2953 1061 3057 1100; x_wconf 89' lang='lat' dir='ltr'><strong>non</strong></span> <span class='ocrx_word' id='word_1_476' title='bbox 3087 1050 3153 1100; x_wconf 85' lang='lat' dir='ltr'><strong>ita</strong></span> <span class='ocrx_word' id='word_1_477' title='bbox 3186 1058 3380 1112; x_wconf 86' lang='lat' dir='ltr'><strong>tamen,</strong></span> <span class='ocrx_word' id='word_1_478' title='bbox 3401 1059 3454 1103; x_wconf 88' lang='lat' dir='ltr'><strong>ut</strong></span> <span class='ocrx_word' id='word_1_479' title='bbox 3484 1065 3540 1106; x_wconf 86' lang='lat' dir='ltr'><strong>se</strong></span> <span class='ocrx_word' id='word_1_480' title='bbox 3569 1054 3780 1121; x_wconf 85' lang='lat' dir='ltr'><strong>partium</strong></span> 
     </span>
    </p>
   </div>
   <div class='ocr_carea' id='block_1_68' title="bbox 2218 1138 3784 1215">
    <p class='ocr_par' dir='ltr' id='par_1_68' title="bbox 2218 1138 3784 1215">
     <span class='ocr_line' id='line_1_68' title="bbox 2218 1138 3784 1215; baseline 0.007 -25"><span class='ocrx_word' id='word_1_481' title='bbox 2218 1138 2648 1192; x_wconf 78' lang='lat' dir='ltr'><strong>contentionibus</strong></span> <span class='ocrx_word' id='word_1_482' title='bbox 2690 1139 3051 1200; x_wconf 82' lang='lat' dir='ltr'><strong>immisceret,</strong></span> <span class='ocrx_word' id='word_1_483' title='bbox 3084 1141 3174 1193; x_wconf 79' lang='lat' dir='ltr'><strong>sed</strong></span> <span class='ocrx_word' id='word_1_484' title='bbox 3210 1143 3380 1209; x_wconf 76' lang='lat' dir='ltr'><strong>potius</strong></span> <span class='ocrx_word' id='word_1_485' title='bbox 3407 1144 3576 1198; x_wconf 81' lang='lat' dir='ltr'><strong>oblata</strong></span> <span class='ocrx_word' id='word_1_486' title='bbox 3603 1149 3784 1215; x_wconf 78' lang='lat' dir='ltr'><strong>quietis</strong></span> 
     </span>
    </p>
   </div>
   <div class='ocr_carea' id='block_1_69' title="bbox 2221 1229 3786 1294">
    <p class='ocr_par' dir='ltr' id='par_1_69' title="bbox 2221 1229 3786 1294">
     <span class='ocr_line' id='line_1_69' title="bbox 2221 1229 3786 1294; baseline 0.008 -12"><span class='ocrx_word' id='word_1_487' title='bbox 2221 1229 2505 1292; x_wconf 81' lang='lat' dir='ltr'><strong>facultate.</strong></span> <span class='ocrx_word' id='word_1_488' title='bbox 2550 1240 2605 1282; x_wconf 90' lang='lat' dir='ltr'><strong>et</strong></span> <span class='ocrx_word' id='word_1_489' title='bbox 2645 1230 3109 1285; x_wconf 81' lang='lat' dir='ltr'><strong>beneﬁcentissimi</strong></span> <span class='ocrx_word' id='word_1_490' title='bbox 3170 1234 3326 1286; x_wconf 89' lang='lat' dir='ltr'><strong>amici</strong></span> <span class='ocrx_word' id='word_1_491' title='bbox 3370 1235 3678 1293; x_wconf 81' lang='lat' dir='ltr'><strong>liberalitate</strong></span> <span class='ocrx_word' id='word_1_492' title='bbox 3723 1241 3786 1294; x_wconf 76' lang='lat' dir='ltr'><strong>ad</strong></span> 
     </span>
    </p>
   </div>
   <div class='ocr_carea' id='block_1_70' title="bbox 2220 1319 3781 1391">
    <p class='ocr_par' dir='ltr' id='par_1_70' title="bbox 2220 1319 3781 1391">
     <span class='ocr_line' id='line_1_70' title="bbox 2220 1319 3781 1391; baseline 0.006 -19"><span class='ocrx_word' id='word_1_493' title='bbox 2220 1319 2547 1385; x_wconf 81' lang='lat' dir='ltr'><strong>studiorum,</strong></span> <span class='ocrx_word' id='word_1_494' title='bbox 2577 1322 2770 1390; x_wconf 82' lang='lat' dir='ltr'><strong>quibus</strong></span> <span class='ocrx_word' id='word_1_495' title='bbox 2811 1321 3044 1375; x_wconf 82' lang='lat' dir='ltr'><strong>intentus</strong></span> <span class='ocrx_word' id='word_1_496' title='bbox 3096 1326 3348 1376; x_wconf 80' lang='lat' dir='ltr'><strong>emitinuo</strong></span> <span class='ocrx_word' id='word_1_497' title='bbox 3394 1335 3527 1391; x_wconf 83' lang='lat' dir='ltr'><strong>erat,</strong></span> <span class='ocrx_word' id='word_1_498' title='bbox 3556 1342 3781 1382; x_wconf 87' lang='lat' dir='ltr'><strong>commo-</strong></span> 
     </span>
    </p>
   </div>
   <div class='ocr_carea' id='block_1_71' title="bbox 2221 1414 2634 1466">
    <p class='ocr_par' dir='ltr' id='par_1_71' title="bbox 2221 1414 2634 1466">
     <span class='ocr_line' id='line_1_71' title="bbox 2221 1414 2634 1466; baseline -0.005 0"><span class='ocrx_word' id='word_1_499' title='bbox 2221 1414 2344 1466; x_wconf 91' lang='lat' dir='ltr'><strong>dutn</strong></span> <span class='ocrx_word' id='word_1_500' title='bbox 2377 1422 2634 1466; x_wconf 84' lang='lat' dir='ltr'><strong>uteretur.</strong></span> 
     </span>
    </p>
   </div>
   <div class='ocr_carea' id='block_1_72' title="bbox 2297 1504 3786 1578">
    <p class='ocr_par' dir='ltr' id='par_1_72' title="bbox 2297 1504 3786 1578">
     <span class='ocr_line' id='line_1_72' title="bbox 2297 1504 3786 1578; baseline 0.002 -21"><span class='ocrx_word' id='word_1_501' title='bbox 2297 1504 2358 1558; x_wconf 90' lang='lat' dir='ltr'><strong>II.</strong></span> <span class='ocrx_word' id='word_1_502' title='bbox 2413 1504 2627 1568; x_wconf 73' lang='lat' dir='ltr'><strong>Fuerat,</strong></span> <span class='ocrx_word' id='word_1_503' title='bbox 2661 1513 2718 1559; x_wconf 91' lang='lat' dir='ltr'><strong>ut</strong></span> <span class='ocrx_word' id='word_1_504' title='bbox 2745 1504 2978 1559; x_wconf 87' lang='lat' dir='ltr'><strong>diximus</strong></span> <span class='ocrx_word' id='word_1_505' title='bbox 3003 1521 3101 1560; x_wconf 88' lang='lat' dir='ltr'><strong>suo</strong></span> <span class='ocrx_word' id='word_1_506' title='bbox 3130 1506 3248 1559; x_wconf 84' lang='lat' dir='ltr'><strong>loco</strong></span> <span class='ocrx_word' id='word_1_507' title='bbox 3273 1549 3286 1568; x_wconf 85' lang='grc'>,</span> <span class='ocrx_word' id='word_1_508' title='bbox 3325 1507 3569 1562; x_wconf 83' lang='lat' dir='ltr'><strong>Paulinus</strong></span> <span class='ocrx_word' id='word_1_509' title='bbox 3593 1511 3786 1578; x_wconf 81' lang='lat' dir='ltr'><strong>episco-</strong></span> 
     </span>
    </p>
   </div>
   <div class='ocr_carea' id='block_1_73' title="bbox 2225 1595 3784 1666">
    <p class='ocr_par' dir='ltr' id='par_1_73' title="bbox 2225 1595 3784 1666">
     <span class='ocr_line' id='line_1_73' title="bbox 2225 1595 3784 1666; baseline 0.004 -18"><span class='ocrx_word' id='word_1_510' title='bbox 2225 1612 2320 1666; x_wconf 86' lang='lat' dir='ltr'><strong>pus</strong></span> <span class='ocrx_word' id='word_1_511' title='bbox 2363 1611 2391 1650; x_wconf 90' lang='lat' dir='ltr'><strong>a</strong></span> <span class='ocrx_word' id='word_1_512' title='bbox 2438 1595 2686 1651; x_wconf 84' lang='lat' dir='ltr'><strong>Lucifero</strong></span> <span class='ocrx_word' id='word_1_513' title='bbox 2737 1596 3076 1660; x_wconf 81' lang='lat' dir='ltr'><strong>Caralitauo,</strong></span> <span class='ocrx_word' id='word_1_514' title='bbox 3108 1599 3158 1652; x_wconf 90' lang='lat' dir='ltr'><strong>in</strong></span> <span class='ocrx_word' id='word_1_515' title='bbox 3189 1599 3518 1654; x_wconf 64' lang='lat' dir='ltr'><strong>Antiorbena</strong></span> <span class='ocrx_word' id='word_1_516' title='bbox 3567 1601 3784 1655; x_wconf 85' lang='lat' dir='ltr'><strong>Ecclesia</strong></span> 
     </span>
    </p>
   </div>
   <div class='ocr_carea' id='block_1_74' title="bbox 2223 1689 3788 1759">
    <p class='ocr_par' dir='ltr' id='par_1_74' title="bbox 2223 1689 3788 1759">
     <span class='ocr_line' id='line_1_74' title="bbox 2223 1689 3788 1759; baseline 0.002 -21"><span class='ocrx_word' id='word_1_517' title='bbox 2223 1689 2492 1742; x_wconf 75' lang='lat' dir='ltr'><strong>adviventi</strong></span> <span class='ocrx_word' id='word_1_518' title='bbox 2534 1689 2745 1744; x_wconf 77' lang='lat' dir='ltr'><strong>Meletio</strong></span> <span class='ocrx_word' id='word_1_519' title='bbox 2765 1691 3080 1758; x_wconf 77' lang='lat' dir='ltr'><strong>subrogatus</strong></span> <span class='ocrx_word' id='word_1_520' title='bbox 3101 1733 3116 1755; x_wconf 96' lang='lat'><strong>,</strong></span> <span class='ocrx_word' id='word_1_521' title='bbox 3142 1691 3281 1743; x_wconf 91' lang='lat' dir='ltr'><strong>bono</strong></span> <span class='ocrx_word' id='word_1_522' title='bbox 3320 1691 3528 1759; x_wconf 82' lang='lat' dir='ltr'><strong>quidem</strong></span> <span class='ocrx_word' id='word_1_523' title='bbox 3557 1694 3788 1757; x_wconf 67' lang='lat' dir='ltr'><strong>consilio,</strong></span> 
     </span>
    </p>
   </div>
   <div class='ocr_carea' id='block_1_75' title="bbox 2223 1779 3789 1854">
    <p class='ocr_par' dir='ltr' id='par_1_75' title="bbox 2223 1779 3789 1854">
     <span class='ocr_line' id='line_1_75' title="bbox 2223 1779 3789 1854; baseline 0.004 -22"><span class='ocrx_word' id='word_1_524' title='bbox 2223 1779 2315 1833; x_wconf 89' lang='lat' dir='ltr'><strong>sed</strong></span> <span class='ocrx_word' id='word_1_525' title='bbox 2345 1780 2484 1850; x_wconf 87' lang='lat' dir='ltr'><strong>quod</strong></span> <span class='ocrx_word' id='word_1_526' title='bbox 2516 1781 2733 1835; x_wconf 87' lang='lat' dir='ltr'><strong>minimc</strong></span> <span class='ocrx_word' id='word_1_527' title='bbox 2761 1796 2792 1834; x_wconf 91' lang='lat' dir='ltr'><strong>e</strong></span> <span class='ocrx_word' id='word_1_528' title='bbox 2820 1782 3082 1836; x_wconf 86' lang='lat' dir='ltr'><strong>sententia</strong></span> <span class='ocrx_word' id='word_1_529' title='bbox 3129 1785 3404 1836; x_wconf 54' lang='lat' dir='ltr'><strong>successit.</strong></span> <span class='ocrx_word' id='word_1_530' title='bbox 3451 1783 3789 1854; x_wconf 83' lang='lat' dir='ltr'><strong>Hieronymus</strong></span> 
     </span>
    </p>
   </div>
   <div class='ocr_carea' id='block_1_76' title="bbox 2222 1871 3788 1936">
    <p class='ocr_par' dir='ltr' id='par_1_76' title="bbox 2222 1871 3788 1936">
     <span class='ocr_line' id='line_1_76' title="bbox 2222 1871 3788 1936; baseline 0.003 -12"><span class='ocrx_word' id='word_1_531' title='bbox 2222 1881 2398 1926; x_wconf 85' lang='lat' dir='ltr'><strong>autem</strong></span> <span class='ocrx_word' id='word_1_532' title='bbox 2419 1913 2435 1936; x_wconf 93' lang='lat'><strong>,</strong></span> <span class='ocrx_word' id='word_1_533' title='bbox 2465 1872 2671 1925; x_wconf 89' lang='lat' dir='ltr'><strong>tametsi</strong></span> <span class='ocrx_word' id='word_1_534' title='bbox 2705 1871 2928 1926; x_wconf 87' lang='lat' dir='ltr'><strong>Paulino</strong></span> <span class='ocrx_word' id='word_1_535' title='bbox 2968 1871 3195 1926; x_wconf 86' lang='lat' dir='ltr'><strong>Luciferi</strong></span> <span class='ocrx_word' id='word_1_536' title='bbox 3224 1874 3440 1927; x_wconf 83' lang='lat' dir='ltr'><strong>alumno</strong></span> <span class='ocrx_word' id='word_1_537' title='bbox 3483 1874 3788 1936; x_wconf 63' lang='lat' dir='ltr'><strong>adhiererct,</strong></span> 
     </span>
    </p>
   </div>
   <div class='ocr_carea' id='block_1_77' title="bbox 2223 1965 3788 2033">
    <p class='ocr_par' dir='ltr' id='par_1_77' title="bbox 2223 1965 3788 2033">
     <span class='ocr_line' id='line_1_77' title="bbox 2223 1965 3788 2033; baseline 0.003 -17"><span class='ocrx_word' id='word_1_538' title='bbox 2223 1977 2408 2016; x_wconf 88' lang='lat' dir='ltr'><strong>eorum</strong></span> <span class='ocrx_word' id='word_1_539' title='bbox 2463 1971 2638 2017; x_wconf 90' lang='lat' dir='ltr'><strong>tamen</strong></span> <span class='ocrx_word' id='word_1_540' title='bbox 2659 2004 2676 2029; x_wconf 90' lang='lat'><strong>,</strong></span> <span class='ocrx_word' id='word_1_541' title='bbox 2704 1965 2790 2033; x_wconf 92' lang='lat' dir='ltr'><strong>qui</strong></span> <span class='ocrx_word' id='word_1_542' title='bbox 2839 1965 2906 2018; x_wconf 89' lang='lat' dir='ltr'><strong>ab</strong></span> <span class='ocrx_word' id='word_1_543' title='bbox 2938 1965 3028 2019; x_wconf 90' lang='lat' dir='ltr'><strong>illo</strong></span> <span class='ocrx_word' id='word_1_544' title='bbox 3061 1965 3573 2031; x_wconf 83' lang='lat' dir='ltr'><strong>denominabautur,</strong></span> <span class='ocrx_word' id='word_1_545' title='bbox 3604 1979 3788 2022; x_wconf 78' lang='lat' dir='ltr'><strong>sectam</strong></span> 
     </span>
    </p>
   </div>
   <div class='ocr_carea' id='block_1_78' title="bbox 2224 2055 3793 2129">
    <p class='ocr_par' dir='ltr' id='par_1_78' title="bbox 2224 2055 3793 2129">
     <span class='ocr_line' id='line_1_78' title="bbox 2224 2055 3793 2129; baseline 0.003 -20"><span class='ocrx_word' id='word_1_546' title='bbox 2224 2055 2679 2111; x_wconf 83' lang='lat' dir='ltr'><strong>Luciferianorum</strong></span> <span class='ocrx_word' id='word_1_547' title='bbox 2728 2066 3004 2110; x_wconf 82' lang='lat' dir='ltr'><strong>aversatus</strong></span> <span class='ocrx_word' id='word_1_548' title='bbox 3051 2059 3398 2112; x_wconf 75' lang='lat' dir='ltr'><strong>vehementer</strong></span> <span class='ocrx_word' id='word_1_549' title='bbox 3429 2101 3443 2124; x_wconf 92' lang='lat'><strong>,</strong></span> <span class='ocrx_word' id='word_1_550' title='bbox 3491 2069 3545 2113; x_wconf 90' lang='lat' dir='ltr'><strong>et</strong></span> <span class='ocrx_word' id='word_1_551' title='bbox 3592 2061 3793 2129; x_wconf 83' lang='lat' dir='ltr'><strong>scriptis</strong></span> 
     </span>
    </p>
   </div>
   <div class='ocr_carea' id='block_1_79' title="bbox 2224 2148 3792 2220">
    <p class='ocr_par' dir='ltr' id='par_1_79' title="bbox 2224 2148 3792 2220">
     <span class='ocr_line' id='line_1_79' title="bbox 2224 2148 3792 2220; baseline 0.002 -20"><span class='ocrx_word' id='word_1_552' title='bbox 2224 2148 2382 2200; x_wconf 89' lang='lat' dir='ltr'><strong>etiam</strong></span> <span class='ocrx_word' id='word_1_553' title='bbox 2402 2148 2689 2201; x_wconf 81' lang='lat' dir='ltr'><strong>insectatus</strong></span> <span class='ocrx_word' id='word_1_554' title='bbox 2706 2157 2806 2202; x_wconf 90' lang='lat' dir='ltr'><strong>est.</strong></span> <span class='ocrx_word' id='word_1_555' title='bbox 2827 2148 3062 2218; x_wconf 80' lang='lat' dir='ltr'><strong>Contigit</strong></span> <span class='ocrx_word' id='word_1_556' title='bbox 3083 2151 3362 2202; x_wconf 86' lang='lat' dir='ltr'><strong>enimvero</strong></span> <span class='ocrx_word' id='word_1_557' title='bbox 3385 2149 3484 2204; x_wconf 88' lang='lat' dir='ltr'><strong>hoc</strong></span> <span class='ocrx_word' id='word_1_558' title='bbox 3508 2151 3620 2220; x_wconf 90' lang='lat' dir='ltr'><strong>ipso</strong></span> <span class='ocrx_word' id='word_1_559' title='bbox 3642 2167 3792 2216; x_wconf 86' lang='lat' dir='ltr'><strong>anno,</strong></span> 
     </span>
    </p>
   </div>
   <div class='ocr_carea' id='block_1_80' title="bbox 2225 2237 3793 2305">
    <p class='ocr_par' dir='ltr' id='par_1_80' title="bbox 2225 2237 3793 2305">
     <span class='ocr_line' id='line_1_80' title="bbox 2225 2237 3793 2305; baseline 0.004 -17"><span class='ocrx_word' id='word_1_560' title='bbox 2225 2253 2330 2304; x_wconf 83' lang='lat' dir='ltr'><strong>quo</strong></span> <span class='ocrx_word' id='word_1_561' title='bbox 2356 2237 2650 2292; x_wconf 70' lang='lat' dir='ltr'><strong>Antiochia:</strong></span> <span class='ocrx_word' id='word_1_562' title='bbox 2676 2239 2912 2293; x_wconf 87' lang='lat' dir='ltr'><strong>substitit</strong></span> <span class='ocrx_word' id='word_1_563' title='bbox 2936 2280 2953 2305; x_wconf 95' lang='lat'><strong>,</strong></span> <span class='ocrx_word' id='word_1_564' title='bbox 2982 2248 3038 2292; x_wconf 89' lang='grc' dir='ltr'><strong>ιιι</strong></span> <span class='ocrx_word' id='word_1_565' title='bbox 3083 2239 3450 2295; x_wconf 86' lang='lat' dir='ltr'><strong>Luciferianus</strong></span> <span class='ocrx_word' id='word_1_566' title='bbox 3479 2242 3683 2295; x_wconf 86' lang='lat' dir='ltr'><strong>nomine</strong></span> <span class='ocrx_word' id='word_1_567' title='bbox 3709 2241 3793 2295; x_wconf 84' lang='lat' dir='ltr'><strong>El-</strong></span> 
     </span>
    </p>
   </div>
   <div class='ocr_carea' id='block_1_81' title="bbox 2225 2328 3794 2402">
    <p class='ocr_par' dir='ltr' id='par_1_81' title="bbox 2225 2328 3794 2402">
     <span class='ocr_line' id='line_1_81' title="bbox 2225 2328 3794 2402; baseline 0.004 -22"><span class='ocrx_word' id='word_1_568' title='bbox 2225 2328 2393 2382; x_wconf 78' lang='lat' dir='ltr'><strong>ladius</strong></span> <span class='ocrx_word' id='word_1_569' title='bbox 2420 2329 2832 2397; x_wconf 79' lang='lat' dir='ltr'><strong>disputationem</strong></span> <span class='ocrx_word' id='word_1_570' title='bbox 2863 2330 2913 2382; x_wconf 88' lang='lat' dir='ltr'><strong>itt</strong></span> <span class='ocrx_word' id='word_1_571' title='bbox 2947 2330 3076 2384; x_wconf 90' lang='lat' dir='ltr'><strong>urbe</strong></span> <span class='ocrx_word' id='word_1_572' title='bbox 3106 2331 3365 2399; x_wconf 86' lang='lat' dir='ltr'><strong>(plateam</strong></span> <span class='ocrx_word' id='word_1_573' title='bbox 3397 2333 3535 2386; x_wconf 85' lang='lat' dir='ltr'><strong>enim</strong></span> <span class='ocrx_word' id='word_1_574' title='bbox 3579 2344 3625 2387; x_wconf 89' lang='lat' dir='ltr'><strong>et</strong></span> <span class='ocrx_word' id='word_1_575' title='bbox 3650 2335 3794 2402; x_wconf 86' lang='lat' dir='ltr'><strong>porti-</strong></span> 
     </span>
    </p>
   </div>
   <div class='ocr_carea' id='block_1_82' title="bbox 2225 2421 3791 2494">
    <p class='ocr_par' dir='ltr' id='par_1_82' title="bbox 2225 2421 3791 2494">
     <span class='ocr_line' id='line_1_82' title="bbox 2225 2421 3791 2494; baseline 0.004 -22"><span class='ocrx_word' id='word_1_576' title='bbox 2225 2436 2340 2472; x_wconf 86' lang='lat' dir='ltr'><strong>cum</strong></span> <span class='ocrx_word' id='word_1_577' title='bbox 2365 2421 2624 2489; x_wconf 84' lang='lat' dir='ltr'><strong>nominat)</strong></span> <span class='ocrx_word' id='word_1_578' title='bbox 2651 2435 2771 2474; x_wconf 91' lang='lat' dir='ltr'><strong>cum</strong></span> <span class='ocrx_word' id='word_1_579' title='bbox 2803 2422 3113 2476; x_wconf 80' lang='lat' dir='ltr'><strong>Urtbodoxo</strong></span> <span class='ocrx_word' id='word_1_580' title='bbox 3145 2423 3402 2490; x_wconf 79' lang='lat' dir='ltr'><strong>haberet,</strong></span> <span class='ocrx_word' id='word_1_581' title='bbox 3429 2441 3582 2494; x_wconf 87' lang='lat' dir='ltr'><strong>quam</strong></span> <span class='ocrx_word' id='word_1_582' title='bbox 3611 2425 3665 2479; x_wconf 91' lang='lat' dir='ltr'><strong>S.</strong></span> <span class='ocrx_word' id='word_1_583' title='bbox 3704 2427 3791 2478; x_wconf 69' lang='grc' dir='ltr'><strong><em>1³η-</em></strong></span> 
     </span>
    </p>
   </div>
   <div class='ocr_carea' id='block_1_83' title="bbox 2229 2511 3799 2581">
    <p class='ocr_par' dir='ltr' id='par_1_83' title="bbox 2229 2511 3799 2581">
     <span class='ocr_line' id='line_1_83' title="bbox 2229 2511 3799 2581; baseline 0.004 -17"><span class='ocrx_word' id='word_1_584' title='bbox 2229 2519 2308 2565; x_wconf 91' lang='lat' dir='ltr'><strong>ter</strong></span> <span class='ocrx_word' id='word_1_585' title='bbox 2329 2513 2542 2580; x_wconf 90' lang='lat' dir='ltr'><strong>excepit</strong></span> <span class='ocrx_word' id='word_1_586' title='bbox 2563 2511 2799 2581; x_wconf 85' lang='lat' dir='ltr'><strong>scriptis,</strong></span> <span class='ocrx_word' id='word_1_587' title='bbox 2828 2524 2879 2567; x_wconf 92' lang='lat' dir='ltr'><strong>et</strong></span> <span class='ocrx_word' id='word_1_588' title='bbox 2910 2515 2976 2567; x_wconf 89' lang='lat' dir='ltr'><strong>ad</strong></span> <span class='ocrx_word' id='word_1_589' title='bbox 3008 2512 3294 2568; x_wconf 72' lang='lat' dir='ltr'><strong>Catholica:</strong></span> <span class='ocrx_word' id='word_1_590' title='bbox 3325 2515 3580 2571; x_wconf 69' lang='lat' dir='ltr'><strong>doctrina:</strong></span> <span class='ocrx_word' id='word_1_591' title='bbox 3603 2517 3799 2570; x_wconf 86' lang='lat' dir='ltr'><strong>laudem</strong></span> 
     </span>
    </p>
   </div>
   <div class='ocr_carea' id='block_1_84' title="bbox 2221 2603 3794 2672">
    <p class='ocr_par' dir='ltr' id='par_1_84' title="bbox 2221 2603 3794 2672">
     <span class='ocr_line' id='line_1_84' title="bbox 2221 2603 3794 2672; baseline 0.003 -16"><span class='ocrx_word' id='word_1_592' title='bbox 2221 2603 2360 2672; x_wconf 80' lang='lat' dir='ltr'><strong>juris</strong></span> <span class='ocrx_word' id='word_1_593' title='bbox 2383 2603 2540 2658; x_wconf 87' lang='lat' dir='ltr'><strong>etiam</strong></span> <span class='ocrx_word' id='word_1_594' title='bbox 2569 2603 2766 2672; x_wconf 82' lang='lat' dir='ltr'><strong>publici</strong></span> <span class='ocrx_word' id='word_1_595' title='bbox 2795 2605 2938 2660; x_wconf 88' lang='lat' dir='ltr'><strong>fecit.</strong></span> <span class='ocrx_word' id='word_1_596' title='bbox 2969 2605 3136 2660; x_wconf 79' lang='lat' dir='ltr'><strong>Biduo</strong></span> <span class='ocrx_word' id='word_1_597' title='bbox 3167 2617 3432 2662; x_wconf 90' lang='lat' dir='ltr'><strong>transacta</strong></span> <span class='ocrx_word' id='word_1_598' title='bbox 3457 2623 3542 2662; x_wconf 87' lang='lat' dir='ltr'><strong>res</strong></span> <span class='ocrx_word' id='word_1_599' title='bbox 3573 2609 3654 2662; x_wconf 83' lang='lat' dir='ltr'><strong>illa</strong></span> <span class='ocrx_word' id='word_1_600' title='bbox 3689 2619 3794 2662; x_wconf 88' lang='lat' dir='ltr'><strong>est:</strong></span> 
     </span>
    </p>
   </div>
   <div class='ocr_carea' id='block_1_85' title="bbox 2229 2695 3799 2769">
    <p class='ocr_par' dir='ltr' id='par_1_85' title="bbox 2229 2695 3799 2769">
     <span class='ocr_line' id='line_1_85' title="bbox 2229 2695 3799 2769; baseline 0.002 -23"><span class='ocrx_word' id='word_1_601' title='bbox 2229 2702 2284 2746; x_wconf 86' lang='lat' dir='ltr'><strong>et</strong></span> <span class='ocrx_word' id='word_1_602' title='bbox 2331 2695 2502 2763; x_wconf 91' lang='lat' dir='ltr'><strong>primo</strong></span> <span class='ocrx_word' id='word_1_603' title='bbox 2526 2695 2742 2764; x_wconf 82' lang='lat' dir='ltr'><strong>quidem</strong></span> <span class='ocrx_word' id='word_1_604' title='bbox 2797 2696 3052 2751; x_wconf 87' lang='lat' dir='ltr'><strong>conviciis</strong></span> <span class='ocrx_word' id='word_1_605' title='bbox 3097 2698 3273 2768; x_wconf 89' lang='lat' dir='ltr'><strong>potius</strong></span> <span class='ocrx_word' id='word_1_606' title='bbox 3299 2713 3462 2769; x_wconf 90' lang='lat' dir='ltr'><strong>quam</strong></span> <span class='ocrx_word' id='word_1_607' title='bbox 3493 2699 3799 2769; x_wconf 76' lang='lat' dir='ltr'><strong>argumentis</strong></span> 
     </span>
    </p>
   </div>
   <div class='ocr_carea' id='block_1_86' title="bbox 2229 2787 3801 2854">
    <p class='ocr_par' dir='ltr' id='par_1_86' title="bbox 2229 2787 3801 2854">
     <span class='ocr_line' id='line_1_86' title="bbox 2229 2787 3801 2854; baseline 0.001 -15"><span class='ocrx_word' id='word_1_608' title='bbox 2229 2787 2478 2854; x_wconf 88' lang='lat' dir='ltr'><strong>utrinque</strong></span> <span class='ocrx_word' id='word_1_609' title='bbox 2505 2798 2704 2850; x_wconf 89' lang='lat' dir='ltr'><strong>actum,</strong></span> <span class='ocrx_word' id='word_1_610' title='bbox 2735 2797 2789 2840; x_wconf 89' lang='lat' dir='ltr'><strong>ut</strong></span> <span class='ocrx_word' id='word_1_611' title='bbox 2810 2789 2931 2841; x_wconf 87' lang='lat' dir='ltr'><strong>dum</strong></span> <span class='ocrx_word' id='word_1_612' title='bbox 2952 2789 3262 2842; x_wconf 83' lang='lat' dir='ltr'><strong>audientiam</strong></span> <span class='ocrx_word' id='word_1_613' title='bbox 3290 2800 3338 2843; x_wconf 87' lang='lat' dir='ltr'><strong>et</strong></span> <span class='ocrx_word' id='word_1_614' title='bbox 3364 2791 3604 2844; x_wconf 85' lang='lat' dir='ltr'><strong>circulum</strong></span> <span class='ocrx_word' id='word_1_615' title='bbox 3623 2790 3801 2843; x_wconf 85' lang='lat' dir='ltr'><strong>lumina</strong></span> 
     </span>
    </p>
   </div>
   <div class='ocr_carea' id='block_1_87' title="bbox 2218 2878 3796 2948">
    <p class='ocr_par' dir='ltr' id='par_1_87' title="bbox 2218 2878 3796 2948">
     <span class='ocr_line' id='line_1_87' title="bbox 2218 2878 3796 2948; baseline 0.003 -19"><span class='ocrx_word' id='word_1_616' title='bbox 2218 2878 2333 2946; x_wconf 82' lang='lat' dir='ltr'><strong>jam</strong></span> <span class='ocrx_word' id='word_1_617' title='bbox 2365 2879 2418 2931; x_wconf 84' lang='lat' dir='ltr'><strong>in</strong></span> <span class='ocrx_word' id='word_1_618' title='bbox 2449 2879 2628 2948; x_wconf 83' lang='lat' dir='ltr'><strong>plateis</strong></span> <span class='ocrx_word' id='word_1_619' title='bbox 2663 2895 2875 2932; x_wconf 83' lang='lat' dir='ltr'><strong>accensa</strong></span> <span class='ocrx_word' id='word_1_620' title='bbox 2906 2881 3190 2944; x_wconf 86' lang='lat' dir='ltr'><strong>solverent,</strong></span> <span class='ocrx_word' id='word_1_621' title='bbox 3223 2892 3267 2934; x_wconf 89' lang='lat' dir='ltr'><strong>et</strong></span> <span class='ocrx_word' id='word_1_622' title='bbox 3296 2883 3603 2936; x_wconf 77' lang='lat' dir='ltr'><strong>inconditam</strong></span> <span class='ocrx_word' id='word_1_623' title='bbox 3633 2883 3796 2946; x_wconf 84' lang='lat' dir='ltr'><strong>dispu-</strong></span> 
     </span>
    </p>
   </div>
   <div class='ocr_carea' id='block_1_88' title="bbox 2232 2971 3798 3043">
    <p class='ocr_par' dir='ltr' id='par_1_88' title="bbox 2232 2971 3798 3043">
     <span class='ocr_line' id='line_1_88' title="bbox 2232 2971 3798 3043; baseline 0.001 -21"><span class='ocrx_word' id='word_1_624' title='bbox 2232 2971 2468 3023; x_wconf 76' lang='lat' dir='ltr'><strong>tationem</strong></span> <span class='ocrx_word' id='word_1_625' title='bbox 2500 2987 2602 3024; x_wconf 65' lang='grc' dir='ltr'><strong>ηοω</strong></span> <span class='ocrx_word' id='word_1_626' title='bbox 2629 2971 3034 3042; x_wconf 73' lang='lat' dir='ltr'><strong>interrumperet,</strong></span> <span class='ocrx_word' id='word_1_627' title='bbox 3061 2983 3304 3043; x_wconf 82' lang='lat' dir='ltr'><strong>consputa</strong></span> <span class='ocrx_word' id='word_1_628' title='bbox 3338 2991 3463 3043; x_wconf 77' lang='lat' dir='ltr'><strong>pene</strong></span> <span class='ocrx_word' id='word_1_629' title='bbox 3499 2976 3696 3028; x_wconf 75' lang='lat' dir='ltr'><strong>invicem</strong></span> <span class='ocrx_word' id='word_1_630' title='bbox 3723 2976 3798 3042; x_wconf 79' lang='lat' dir='ltr'><strong>fa-</strong></span> 
     </span>
    </p>
   </div>
   <div class='ocr_carea' id='block_1_89' title="bbox 2231 3061 3799 3134">
    <p class='ocr_par' dir='ltr' id='par_1_89' title="bbox 2231 3061 3799 3134">
     <span class='ocr_line' id='line_1_89' title="bbox 2231 3061 3799 3134; baseline 0.001 -21"><span class='ocrx_word' id='word_1_631' title='bbox 2231 3062 2306 3113; x_wconf 85' lang='lat' dir='ltr'><strong>cie</strong></span> <span class='ocrx_word' id='word_1_632' title='bbox 2327 3063 2638 3115; x_wconf 82' lang='lat' dir='ltr'><strong>recesserint.</strong></span> <span class='ocrx_word' id='word_1_633' title='bbox 2680 3061 2795 3115; x_wconf 75' lang='lat' dir='ltr'><strong>Hoc</strong></span> <span class='ocrx_word' id='word_1_634' title='bbox 2823 3073 2988 3116; x_wconf 76' lang='lat' dir='ltr'><strong>tamen</strong></span> <span class='ocrx_word' id='word_1_635' title='bbox 3015 3065 3091 3116; x_wconf 75' lang='lat' dir='ltr'><strong>liis</strong></span> <span class='ocrx_word' id='word_1_636' title='bbox 3117 3066 3202 3134; x_wconf 87' lang='lat' dir='ltr'><strong>qui</strong></span> <span class='ocrx_word' id='word_1_637' title='bbox 3225 3065 3522 3132; x_wconf 77' lang='lat' dir='ltr'><strong>adfuerunt,</strong></span> <span class='ocrx_word' id='word_1_638' title='bbox 3552 3064 3799 3119; x_wconf 86' lang='lat' dir='ltr'><strong>statuenti-</strong></span> 
     </span>
    </p>
   </div>
   <div class='ocr_carea' id='block_1_90' title="bbox 2234 3155 3802 3226">
    <p class='ocr_par' dir='ltr' id='par_1_90' title="bbox 2234 3155 3802 3226">
     <span class='ocr_line' id='line_1_90' title="bbox 2234 3155 3802 3226; baseline 0 -20"><span class='ocrx_word' id='word_1_639' title='bbox 2234 3155 2351 3219; x_wconf 67' lang='grc' dir='ltr'><strong>ωδε,</strong></span> <span class='ocrx_word' id='word_1_640' title='bbox 2377 3165 2428 3207; x_wconf 83' lang='lat' dir='ltr'><strong>ut</strong></span> <span class='ocrx_word' id='word_1_641' title='bbox 2453 3155 2504 3206; x_wconf 85' lang='lat' dir='ltr'><strong>in</strong></span> <span class='ocrx_word' id='word_1_642' title='bbox 2529 3164 2770 3207; x_wconf 79' lang='lat' dir='ltr'><strong>secretam</strong></span> <span class='ocrx_word' id='word_1_643' title='bbox 2799 3157 3050 3224; x_wconf 76' lang='lat' dir='ltr'><strong>porticum</strong></span> <span class='ocrx_word' id='word_1_644' title='bbox 3093 3157 3254 3226; x_wconf 86' lang='lat' dir='ltr'><strong>primo</strong></span> <span class='ocrx_word' id='word_1_645' title='bbox 3277 3173 3428 3210; x_wconf 85' lang='lat' dir='ltr'><strong>mane</strong></span> <span class='ocrx_word' id='word_1_646' title='bbox 3455 3157 3802 3218; x_wconf 85' lang='lat' dir='ltr'><strong>conveniretur,</strong></span> 
     </span>
    </p>
   </div>
   <div class='ocr_carea' id='block_1_91' title="bbox 2233 3245 3804 3316">
    <p class='ocr_par' dir='ltr' id='par_1_91' title="bbox 2233 3245 3804 3316">
     <span class='ocr_line' id='line_1_91' title="bbox 2233 3245 3804 3316; baseline -0.001 -19"><span class='ocrx_word' id='word_1_647' title='bbox 2233 3245 2521 3312; x_wconf 87' lang='lat' dir='ltr'><strong>disputatio</strong></span> <span class='ocrx_word' id='word_1_648' title='bbox 2546 3263 2574 3298; x_wconf 92' lang='lat' dir='ltr'><strong>a</strong></span> <span class='ocrx_word' id='word_1_649' title='bbox 2600 3248 2820 3301; x_wconf 89' lang='lat' dir='ltr'><strong>notariis</strong></span> <span class='ocrx_word' id='word_1_650' title='bbox 2853 3259 3102 3316; x_wconf 77' lang='lat' dir='ltr'><strong>excepta,</strong></span> <span class='ocrx_word' id='word_1_651' title='bbox 3127 3252 3198 3301; x_wconf 91' lang='lat' dir='ltr'><strong>ita</strong></span> <span class='ocrx_word' id='word_1_652' title='bbox 3224 3248 3442 3303; x_wconf 90' lang='lat' dir='ltr'><strong>demum</strong></span> <span class='ocrx_word' id='word_1_653' title='bbox 3477 3249 3694 3303; x_wconf 87' lang='lat' dir='ltr'><strong>feliciter</strong></span> <span class='ocrx_word' id='word_1_654' title='bbox 3715 3245 3804 3300; x_wconf 89' lang='lat' dir='ltr'><strong>0r-</strong></span> 
     </span>
    </p>
   </div>
   <div class='ocr_carea' id='block_1_92' title="bbox 2236 3338 3802 3412">
    <p class='ocr_par' dir='ltr' id='par_1_92' title="bbox 2236 3338 3802 3412">
     <span class='ocr_line' id='line_1_92' title="bbox 2236 3338 3802 3412; baseline 0.004 -21"><span class='ocrx_word' id='word_1_655' title='bbox 2236 3338 2467 3392; x_wconf 89' lang='lat' dir='ltr'><strong>tbodoxo</strong></span> <span class='ocrx_word' id='word_1_656' title='bbox 2491 3340 2674 3402; x_wconf 88' lang='lat' dir='ltr'><strong>cessit,</strong></span> <span class='ocrx_word' id='word_1_657' title='bbox 2691 3349 2751 3394; x_wconf 90' lang='lat' dir='ltr'><strong>ut</strong></span> <span class='ocrx_word' id='word_1_658' title='bbox 2777 3341 3142 3396; x_wconf 86' lang='lat' dir='ltr'><strong>Luciferianus</strong></span> <span class='ocrx_word' id='word_1_659' title='bbox 3171 3341 3240 3393; x_wconf 89' lang='lat' dir='ltr'><strong>ad</strong></span> <span class='ocrx_word' id='word_1_660' title='bbox 3267 3343 3492 3397; x_wconf 85' lang='lat' dir='ltr'><strong>meliora</strong></span> <span class='ocrx_word' id='word_1_661' title='bbox 3514 3342 3802 3412; x_wconf 89' lang='lat' dir='ltr'><strong>proﬁciens.</strong></span> 
     </span>
    </p>
   </div>
   <div class='ocr_carea' id='block_1_93' title="bbox 2234 3431 3806 3502">
    <p class='ocr_par' dir='ltr' id='par_1_93' title="bbox 2234 3431 3806 3502">
     <span class='ocr_line' id='line_1_93' title="bbox 2234 3431 3806 3502; baseline 0.001 -21"><span class='ocrx_word' id='word_1_662' title='bbox 2234 3431 2508 3485; x_wconf 88' lang='lat' dir='ltr'><strong>desereret</strong></span> <span class='ocrx_word' id='word_1_663' title='bbox 2543 3431 2684 3500; x_wconf 90' lang='lat' dir='ltr'><strong>quod</strong></span> <span class='ocrx_word' id='word_1_664' title='bbox 2726 3433 2864 3486; x_wconf 87' lang='lat' dir='ltr'><strong>male</strong></span> <span class='ocrx_word' id='word_1_665' title='bbox 2895 3431 3129 3485; x_wconf 87' lang='lat' dir='ltr'><strong>tenebat.</strong></span> <span class='ocrx_word' id='word_1_666' title='bbox 3174 3431 3320 3484; x_wconf 91' lang='lat' dir='ltr'><strong>Hauc</strong></span> <span class='ocrx_word' id='word_1_667' title='bbox 3354 3431 3699 3502; x_wconf 76' lang='lat' dir='ltr'><strong>Hieronymus</strong></span> <span class='ocrx_word' id='word_1_668' title='bbox 3724 3444 3806 3499; x_wconf 83' lang='lat' dir='ltr'><strong>po-</strong></span> 
     </span>
    </p>
   </div>
   <div class='ocr_carea' id='block_1_94' title="bbox 2236 3522 3806 3589">
    <p class='ocr_par' dir='ltr' id='par_1_94' title="bbox 2236 3522 3806 3589">
     <span class='ocr_line' id='line_1_94' title="bbox 2236 3522 3806 3589; baseline 0.001 -14"><span class='ocrx_word' id='word_1_669' title='bbox 2236 3522 2486 3576; x_wconf 80' lang='lat' dir='ltr'><strong>sterioris</strong></span> <span class='ocrx_word' id='word_1_670' title='bbox 2507 3522 2610 3577; x_wconf 90' lang='lat' dir='ltr'><strong>diei</strong></span> <span class='ocrx_word' id='word_1_671' title='bbox 2634 3525 3214 3589; x_wconf 89' lang='lat' dir='ltr'><strong>conccrtationem,seu</strong></span> <span class='ocrx_word' id='word_1_672' title='bbox 3236 3525 3415 3579; x_wconf 86' lang='lat' dir='ltr'><strong>verius</strong></span> <span class='ocrx_word' id='word_1_673' title='bbox 3438 3525 3806 3580; x_wconf 83' lang='lat' dir='ltr'><strong>Catholieartnn</strong></span> 
     </span>
    </p>
   </div>
   <div class='ocr_carea' id='block_1_95' title="bbox 2239 3615 3807 3685">
    <p class='ocr_par' dir='ltr' id='par_1_95' title="bbox 2239 3615 3807 3685">
     <span class='ocr_line' id='line_1_95' title="bbox 2239 3615 3807 3685; baseline -0.001 -16"><span class='ocrx_word' id='word_1_674' title='bbox 2239 3616 2462 3684; x_wconf 75' lang='lat' dir='ltr'><strong>partium</strong></span> <span class='ocrx_word' id='word_1_675' title='bbox 2491 3616 2788 3681; x_wconf 87' lang='lat' dir='ltr'><strong>victoriam,</strong></span> <span class='ocrx_word' id='word_1_676' title='bbox 2812 3617 3105 3685; x_wconf 64' lang='lat' dir='ltr'><strong>prmmissa,</strong></span> <span class='ocrx_word' id='word_1_677' title='bbox 3135 3631 3253 3684; x_wconf 63' lang='lat' dir='ltr'><strong>quae</strong></span> <span class='ocrx_word' id='word_1_678' title='bbox 3275 3616 3551 3671; x_wconf 89' lang='lat' dir='ltr'><strong>historiam</strong></span> <span class='ocrx_word' id='word_1_679' title='bbox 3574 3615 3807 3684; x_wconf 71' lang='lat' dir='ltr'><strong>explicat,</strong></span> 
     </span>
    </p>
   </div>
   <div class='ocr_carea' id='block_1_96' title="bbox 2238 3707 3813 3778">
    <p class='ocr_par' dir='ltr' id='par_1_96' title="bbox 2238 3707 3813 3778">
     <span class='ocr_line' id='line_1_96' title="bbox 2238 3707 3813 3778; baseline -0.001 -17"><span class='ocrx_word' id='word_1_680' title='bbox 2238 3707 2664 3772; x_wconf 73' lang='lat' dir='ltr'><strong>Praefatiuncula,</strong></span> <span class='ocrx_word' id='word_1_681' title='bbox 2698 3709 2767 3763; x_wconf 90' lang='lat' dir='ltr'><strong>ita</strong></span> <span class='ocrx_word' id='word_1_682' title='bbox 2797 3725 2890 3777; x_wconf 89' lang='lat' dir='ltr'><strong>per</strong></span> <span class='ocrx_word' id='word_1_683' title='bbox 2920 3708 3195 3778; x_wconf 80' lang='lat' dir='ltr'><strong>Dialogum</strong></span> <span class='ocrx_word' id='word_1_684' title='bbox 3221 3719 3593 3778; x_wconf 67' lang='lat' dir='ltr'><strong>repraesentat,</strong></span> <span class='ocrx_word' id='word_1_685' title='bbox 3623 3719 3678 3763; x_wconf 90' lang='lat' dir='ltr'><strong>ut</strong></span> <span class='ocrx_word' id='word_1_686' title='bbox 3702 3722 3813 3762; x_wconf 85' lang='lat' dir='ltr'><strong>eam</strong></span> 
     </span>
    </p>
   </div>
   <div class='ocr_carea' id='block_1_97' title="bbox 2239 3798 3811 3872">
    <p class='ocr_par' dir='ltr' id='par_1_97' title="bbox 2239 3798 3811 3872">
     <span class='ocr_line' id='line_1_97' title="bbox 2239 3798 3811 3872; baseline -0.003 -19"><span class='ocrx_word' id='word_1_687' title='bbox 2239 3814 2304 3854; x_wconf 87' lang='lat' dir='ltr'><strong>ex</strong></span> <span class='ocrx_word' id='word_1_688' title='bbox 2334 3798 2483 3853; x_wconf 82' lang='lat' dir='ltr'><strong>Actis</strong></span> <span class='ocrx_word' id='word_1_689' title='bbox 2533 3801 2754 3854; x_wconf 90' lang='lat' dir='ltr'><strong>omnino</strong></span> <span class='ocrx_word' id='word_1_690' title='bbox 2793 3799 3143 3869; x_wconf 84' lang='lat' dir='ltr'><strong>descripsisse</strong></span> <span class='ocrx_word' id='word_1_691' title='bbox 3167 3841 3182 3866; x_wconf 92' lang='lat'><strong>,</strong></span> <span class='ocrx_word' id='word_1_692' title='bbox 3205 3801 3290 3854; x_wconf 90' lang='lat' dir='ltr'><strong>vix</strong></span> <span class='ocrx_word' id='word_1_693' title='bbox 3320 3803 3508 3872; x_wconf 87' lang='lat' dir='ltr'><strong>paucis</strong></span> <span class='ocrx_word' id='word_1_694' title='bbox 3534 3803 3599 3855; x_wconf 88' lang='lat' dir='ltr'><strong>de</strong></span> <span class='ocrx_word' id='word_1_695' title='bbox 3624 3816 3716 3854; x_wconf 90' lang='lat' dir='ltr'><strong>suo</strong></span> <span class='ocrx_word' id='word_1_696' title='bbox 3741 3801 3811 3851; x_wconf 86' lang='lat' dir='ltr'><strong>in-</strong></span> 
     </span>
    </p>
   </div>
   <div class='ocr_carea' id='block_1_98' title="bbox 2242 3889 3813 3963">
    <p class='ocr_par' dir='ltr' id='par_1_98' title="bbox 2242 3889 3813 3963">
     <span class='ocr_line' id='line_1_98' title="bbox 2242 3889 3813 3963; baseline -0.001 -17"><span class='ocrx_word' id='word_1_697' title='bbox 2242 3893 2450 3946; x_wconf 85' lang='lat' dir='ltr'><strong>terdtun</strong></span> <span class='ocrx_word' id='word_1_698' title='bbox 2479 3892 2674 3947; x_wconf 87' lang='lat' dir='ltr'><strong>additis</strong></span> <span class='ocrx_word' id='word_1_699' title='bbox 2697 3936 2711 3956; x_wconf 92' lang='lat'><strong>,</strong></span> <span class='ocrx_word' id='word_1_700' title='bbox 2760 3889 2862 3947; x_wconf 86' lang='lat' dir='ltr'><strong>non</strong></span> <span class='ocrx_word' id='word_1_701' title='bbox 2889 3904 3088 3963; x_wconf 69' lang='lat' dir='ltr'><strong>prmter</strong></span> <span class='ocrx_word' id='word_1_702' title='bbox 3119 3893 3652 3948; x_wconf 80' lang='lat' dir='ltr'><strong>vcrosimilitudincm</strong></span> <span class='ocrx_word' id='word_1_703' title='bbox 3680 3889 3813 3947; x_wconf 84' lang='lat' dir='ltr'><strong>credi</strong></span> 
     </span>
    </p>
   </div>
   <div class='ocr_carea' id='block_1_99' title="bbox 2242 3986 3813 4057">
    <p class='ocr_par' dir='ltr' id='par_1_99' title="bbox 2242 3986 3813 4057">
     <span class='ocr_line' id='line_1_99' title="bbox 2242 3986 3813 4057; baseline -0.004 -17"><span class='ocrx_word' id='word_1_704' title='bbox 2242 3986 2410 4056; x_wconf 79' lang='lat' dir='ltr'><strong>possit</strong></span> <span class='ocrx_word' id='word_1_705' title='bbox 2433 4003 2444 4038; x_wconf 90' lang='lat'><strong>:</strong></span> <span class='ocrx_word' id='word_1_706' title='bbox 2470 4002 2787 4057; x_wconf 84' lang='lat' dir='ltr'><strong>quamquam</strong></span> <span class='ocrx_word' id='word_1_707' title='bbox 2807 3987 2924 4040; x_wconf 89' lang='lat' dir='ltr'><strong>aliis</strong></span> <span class='ocrx_word' id='word_1_708' title='bbox 2949 3986 3184 4040; x_wconf 81' lang='lat' dir='ltr'><strong>studiose</strong></span> <span class='ocrx_word' id='word_1_709' title='bbox 3199 4000 3333 4054; x_wconf 85' lang='lat' dir='ltr'><strong>opus</strong></span> <span class='ocrx_word' id='word_1_710' title='bbox 3353 3986 3479 4040; x_wconf 90' lang='lat' dir='ltr'><strong>illud</strong></span> <span class='ocrx_word' id='word_1_711' title='bbox 3497 3993 3813 4044; x_wconf 79' lang='lat' dir='ltr'><strong>contextum,</strong></span> 
     </span>
    </p>
   </div>
   <div class='ocr_carea' id='block_1_100' title="bbox 2242 4075 3816 4149">
    <p class='ocr_par' dir='ltr' id='par_1_100' title="bbox 2242 4075 3816 4149">
     <span class='ocr_line' id='line_1_100' title="bbox 2242 4075 3816 4149; baseline -0.003 -18"><span class='ocrx_word' id='word_1_712' title='bbox 2242 4089 2400 4148; x_wconf 87' lang='lat' dir='ltr'><strong>atque</strong></span> <span class='ocrx_word' id='word_1_713' title='bbox 2428 4080 2716 4148; x_wconf 82' lang='lat' dir='ltr'><strong>expolitum</strong></span> <span class='ocrx_word' id='word_1_714' title='bbox 2748 4079 2797 4132; x_wconf 92' lang='lat' dir='ltr'><strong>in</strong></span> <span class='ocrx_word' id='word_1_715' title='bbox 2821 4078 3108 4132; x_wconf 74' lang='lat' dir='ltr'><strong>Catholica:</strong></span> <span class='ocrx_word' id='word_1_716' title='bbox 3136 4079 3373 4132; x_wconf 80' lang='lat' dir='ltr'><strong>veritatis</strong></span> <span class='ocrx_word' id='word_1_717' title='bbox 3399 4080 3623 4149; x_wconf 81' lang='lat' dir='ltr'><strong>gratiam</strong></span> <span class='ocrx_word' id='word_1_718' title='bbox 3655 4075 3816 4128; x_wconf 48' lang='lat' dir='ltr'><strong>viden.</strong></span> 
     </span>
    </p>
   </div>
   <div class='ocr_carea' id='block_1_101' title="bbox 2244 4169 3815 4240">
    <p class='ocr_par' dir='ltr' id='par_1_101' title="bbox 2244 4169 3815 4240">
     <span class='ocr_line' id='line_1_101' title="bbox 2244 4169 3815 4240; baseline -0.006 -16"><span class='ocrx_word' id='word_1_719' title='bbox 2244 4181 2347 4224; x_wconf 87' lang='lat' dir='ltr'><strong>tur.</strong></span> <span class='ocrx_word' id='word_1_720' title='bbox 2371 4172 2525 4225; x_wconf 82' lang='lat' dir='ltr'><strong>Certe</strong></span> <span class='ocrx_word' id='word_1_721' title='bbox 2545 4187 2662 4238; x_wconf 68' lang='lat' dir='ltr'><strong>quae</strong></span> <span class='ocrx_word' id='word_1_722' title='bbox 2679 4172 3030 4225; x_wconf 81' lang='lat' dir='ltr'><strong>Ariminensis</strong></span> <span class='ocrx_word' id='word_1_723' title='bbox 3053 4170 3272 4226; x_wconf 87' lang='lat' dir='ltr'><strong>Concilii</strong></span> <span class='ocrx_word' id='word_1_724' title='bbox 3292 4182 3438 4240; x_wconf 76' lang='lat' dir='ltr'><strong>gesta</strong></span> <span class='ocrx_word' id='word_1_725' title='bbox 3465 4172 3591 4225; x_wconf 79' lang='lat' dir='ltr'><strong>satis</strong></span> <span class='ocrx_word' id='word_1_726' title='bbox 3609 4169 3815 4235; x_wconf 76' lang='lat' dir='ltr'><strong>diligen-</strong></span> 
     </span>
    </p>
   </div>
   <div class='ocr_carea' id='block_1_102' title="bbox 2246 4261 3813 4332">
    <p class='ocr_par' dir='ltr' id='par_1_102' title="bbox 2246 4261 3813 4332">
     <span class='ocr_line' id='line_1_102' title="bbox 2246 4261 3813 4332; baseline -0.005 -18"><span class='ocrx_word' id='word_1_727' title='bbox 2246 4261 2286 4314; x_wconf 92' lang='lat' dir='ltr'><strong>ti</strong></span> <span class='ocrx_word' id='word_1_728' title='bbox 2305 4261 2444 4316; x_wconf 85' lang='lat' dir='ltr'><strong>serie</strong></span> <span class='ocrx_word' id='word_1_729' title='bbox 2469 4263 2780 4327; x_wconf 73' lang='lat' dir='ltr'><strong>recitantur,</strong></span> <span class='ocrx_word' id='word_1_730' title='bbox 2807 4279 2871 4316; x_wconf 91' lang='lat' dir='ltr'><strong>cx</strong></span> <span class='ocrx_word' id='word_1_731' title='bbox 2903 4263 3180 4332; x_wconf 87' lang='lat' dir='ltr'><strong>ipsiusmet</strong></span> <span class='ocrx_word' id='word_1_732' title='bbox 3203 4263 3351 4316; x_wconf 83' lang='lat' dir='ltr'><strong>Actis</strong></span> <span class='ocrx_word' id='word_1_733' title='bbox 3369 4261 3637 4332; x_wconf 85' lang='lat' dir='ltr'><strong>descripta</strong></span> <span class='ocrx_word' id='word_1_734' title='bbox 3659 4269 3768 4314; x_wconf 89' lang='lat' dir='ltr'><strong>sunt</strong></span> <span class='ocrx_word' id='word_1_735' title='bbox 3802 4273 3813 4306; x_wconf 91' lang='lat'>:</span> 
     </span>
    </p>
   </div>
   <div class='ocr_carea' id='block_1_103' title="bbox 2244 4353 3816 4424">
    <p class='ocr_par' dir='ltr' id='par_1_103' title="bbox 2244 4353 3816 4424">
     <span class='ocr_line' id='line_1_103' title="bbox 2244 4353 3816 4424; baseline -0.002 -18"><span class='ocrx_word' id='word_1_736' title='bbox 2244 4368 2361 4420; x_wconf 67' lang='lat' dir='ltr'><strong>quite</strong></span> <span class='ocrx_word' id='word_1_737' title='bbox 2381 4368 2510 4405; x_wconf 87' lang='lat' dir='ltr'><strong>auro</strong></span> <span class='ocrx_word' id='word_1_738' title='bbox 2530 4364 2710 4408; x_wconf 86' lang='lat' dir='ltr'><strong>contra</strong></span> <span class='ocrx_word' id='word_1_739' title='bbox 2728 4356 3056 4424; x_wconf 81' lang='lat' dir='ltr'><strong>gemmisque</strong></span> <span class='ocrx_word' id='word_1_740' title='bbox 3071 4353 3380 4408; x_wconf 73' lang='lat' dir='ltr'><strong>aestimanda</strong></span> <span class='ocrx_word' id='word_1_741' title='bbox 3407 4353 3695 4423; x_wconf 78' lang='lat' dir='ltr'><strong>fragmenta</strong></span> <span class='ocrx_word' id='word_1_742' title='bbox 3720 4364 3816 4403; x_wconf 55' lang='lat' dir='ltr'><strong>nun</strong></span> 
     </span>
    </p>
   </div>
   <div class='ocr_carea' id='block_1_104' title="bbox 2245 4443 3814 4514">
    <p class='ocr_par' dir='ltr' id='par_1_104' title="bbox 2245 4443 3814 4514">
     <span class='ocr_line' id='line_1_104' title="bbox 2245 4443 3814 4514; baseline -0.004 -17"><span class='ocrx_word' id='word_1_743' title='bbox 2245 4444 2344 4497; x_wconf 90' lang='lat' dir='ltr'><strong>alia</strong></span> <span class='ocrx_word' id='word_1_744' title='bbox 2378 4443 2556 4508; x_wconf 85' lang='lat' dir='ltr'><strong>hodie,</strong></span> <span class='ocrx_word' id='word_1_745' title='bbox 2588 4459 2758 4514; x_wconf 88' lang='lat' dir='ltr'><strong>neque</strong></span> <span class='ocrx_word' id='word_1_746' title='bbox 2788 4446 2911 4499; x_wconf 88' lang='lat' dir='ltr'><strong>alibi</strong></span> <span class='ocrx_word' id='word_1_747' title='bbox 2951 4460 3109 4514; x_wconf 90' lang='lat' dir='ltr'><strong>quam</strong></span> <span class='ocrx_word' id='word_1_748' title='bbox 3148 4445 3199 4498; x_wconf 92' lang='lat' dir='ltr'><strong>in</strong></span> <span class='ocrx_word' id='word_1_749' title='bbox 3232 4443 3333 4497; x_wconf 88' lang='lat' dir='ltr'><strong>hoc</strong></span> <span class='ocrx_word' id='word_1_750' title='bbox 3363 4443 3529 4498; x_wconf 84' lang='lat' dir='ltr'><strong>Libro</strong></span> <span class='ocrx_word' id='word_1_751' title='bbox 3556 4445 3814 4509; x_wconf 84' lang='lat' dir='ltr'><strong>superant.</strong></span> 
     </span>
    </p>
   </div>
   <div class='ocr_carea' id='block_1_105' title="bbox 2314 4529 3819 4604">
    <p class='ocr_par' dir='ltr' id='par_1_105' title="bbox 2314 4529 3819 4604">
     <span class='ocr_line' id='line_1_105' title="bbox 2314 4529 3819 4604; baseline -0.005 -17"><span class='ocrx_word' id='word_1_752' title='bbox 2314 4533 2430 4588; x_wconf 72' lang='lat' dir='ltr'><strong>Jan:</strong></span> <span class='ocrx_word' id='word_1_753' title='bbox 2454 4534 2592 4604; x_wconf 90' lang='lat' dir='ltr'><strong>quod</strong></span> <span class='ocrx_word' id='word_1_754' title='bbox 2624 4536 2725 4589; x_wconf 88' lang='lat' dir='ltr'><strong>huc</strong></span> <span class='ocrx_word' id='word_1_755' title='bbox 2749 4537 2843 4589; x_wconf 89' lang='lat' dir='ltr'><strong>ista</strong></span> <span class='ocrx_word' id='word_1_756' title='bbox 2872 4535 3170 4597; x_wconf 74' lang='lat' dir='ltr'><strong>referimus,</strong></span> <span class='ocrx_word' id='word_1_757' title='bbox 3203 4549 3264 4588; x_wconf 84' lang='lat' dir='ltr'><strong>ac</strong></span> <span class='ocrx_word' id='word_1_758' title='bbox 3295 4548 3455 4602; x_wconf 89' lang='lat' dir='ltr'><strong>porro</strong></span> <span class='ocrx_word' id='word_1_759' title='bbox 3483 4532 3705 4586; x_wconf 76' lang='lat' dir='ltr'><strong>dicimus</strong></span> <span class='ocrx_word' id='word_1_760' title='bbox 3725 4529 3819 4580; x_wconf 85' lang='lat' dir='ltr'><strong>hoc</strong></span> 
     </span>
    </p>
   </div>
   <div class='ocr_carea' id='block_1_106' title="bbox 2247 4619 3820 4698">
    <p class='ocr_par' dir='ltr' id='par_1_106' title="bbox 2247 4619 3820 4698">
     <span class='ocr_line' id='line_1_106' title="bbox 2247 4619 3820 4698; baseline -0.006 -17"><span class='ocrx_word' id='word_1_761' title='bbox 2247 4629 2368 4698; x_wconf 72' lang='lat' dir='ltr'><strong>ipso</strong></span> <span class='ocrx_word' id='word_1_762' title='bbox 2404 4643 2549 4681; x_wconf 78' lang='lat' dir='ltr'><strong>anno</strong></span> <span class='ocrx_word' id='word_1_763' title='bbox 2585 4629 2688 4683; x_wconf 76' lang='grc'>579</span> <span class='ocrx_word' id='word_1_764' title='bbox 2727 4630 3036 4698; x_wconf 79' lang='lat' dir='ltr'><strong>contigisse,</strong></span> <span class='ocrx_word' id='word_1_765' title='bbox 3093 4626 3571 4680; x_wconf 82' lang='lat' dir='ltr'><strong>demonstrandum</strong></span> <span class='ocrx_word' id='word_1_766' title='bbox 3621 4633 3718 4677; x_wconf 90' lang='lat' dir='ltr'><strong>cst.</strong></span> <span class='ocrx_word' id='word_1_767' title='bbox 3761 4619 3820 4672; x_wconf 71' lang='grc' dir='ltr'>Ιίι</span> 
     </span>
    </p>
   </div>
   <div class='ocr_carea' id='block_1_107' title="bbox 2248 4713 3822 4792">
    <p class='ocr_par' dir='ltr' id='par_1_107' title="bbox 2248 4713 3822 4792">
     <span class='ocr_line' id='line_1_107' title="bbox 2248 4713 3822 4792; baseline -0.007 -19"><span class='ocrx_word' id='word_1_768' title='bbox 2248 4739 2375 4777; x_wconf 76' lang='lat' dir='ltr'><strong>vero</strong></span> <span class='ocrx_word' id='word_1_769' title='bbox 2427 4725 2583 4777; x_wconf 88' lang='lat' dir='ltr'><strong>citius</strong></span> <span class='ocrx_word' id='word_1_770' title='bbox 2649 4721 2956 4792; x_wconf 85' lang='lat' dir='ltr'><strong>Hieronymi</strong></span> <span class='ocrx_word' id='word_1_771' title='bbox 3012 4720 3197 4774; x_wconf 89' lang='lat' dir='ltr'><strong>reditu.</strong></span> <span class='ocrx_word' id='word_1_772' title='bbox 3228 4737 3258 4773; x_wconf 91' lang='lat' dir='ltr'><strong>e</strong></span> <span class='ocrx_word' id='word_1_773' title='bbox 3309 4719 3600 4773; x_wconf 89' lang='lat' dir='ltr'><strong>solitudine</strong></span> <span class='ocrx_word' id='word_1_774' title='bbox 3648 4713 3822 4769; x_wconf 82' lang='lat' dir='ltr'><strong>Antio-</strong></span> 
     </span>
    </p>
   </div>
   <div class='ocr_carea' id='block_1_108' title="bbox 2246 4805 3821 4884">
    <p class='ocr_par' dir='ltr' id='par_1_108' title="bbox 2246 4805 3821 4884">
     <span class='ocr_line' id='line_1_108' title="bbox 2246 4805 3821 4884; baseline -0.01 -14"><span class='ocrx_word' id='word_1_775' title='bbox 2246 4816 2419 4870; x_wconf 87' lang='lat' dir='ltr'><strong>chiam</strong></span> <span class='ocrx_word' id='word_1_776' title='bbox 2463 4817 2669 4870; x_wconf 76' lang='lat' dir='ltr'><strong>Censori</strong></span> <span class='ocrx_word' id='word_1_777' title='bbox 2712 4824 2980 4884; x_wconf 86' lang='lat' dir='ltr'><strong>nequeunt</strong></span> <span class='ocrx_word' id='word_1_778' title='bbox 3013 4830 3025 4866; x_wconf 93' lang='lat'>:</span> <span class='ocrx_word' id='word_1_779' title='bbox 3055 4811 3315 4881; x_wconf 79' lang='lat' dir='ltr'><strong>siquidem</strong></span> <span class='ocrx_word' id='word_1_780' title='bbox 3361 4820 3417 4866; x_wconf 91' lang='lat' dir='ltr'><strong>et</strong></span> <span class='ocrx_word' id='word_1_781' title='bbox 3466 4809 3695 4864; x_wconf 86' lang='lat' dir='ltr'><strong>Enzoius</strong></span> <span class='ocrx_word' id='word_1_782' title='bbox 3721 4805 3821 4872; x_wconf 84' lang='lat' dir='ltr'><strong>jam</strong></span> 
     </span>
    </p>
   </div>
   <div class='ocr_carea' id='block_1_109' title="bbox 2249 4897 3823 4972">
    <p class='ocr_par' dir='ltr' id='par_1_109' title="bbox 2249 4897 3823 4972">
     <span class='ocr_line' id='line_1_109' title="bbox 2249 4897 3823 4972; baseline -0.01 -11"><span class='ocrx_word' id='word_1_783' title='bbox 2249 4907 2354 4961; x_wconf 82' lang='lat' dir='ltr'><strong>fato</strong></span> <span class='ocrx_word' id='word_1_784' title='bbox 2401 4907 2609 4961; x_wconf 79' lang='lat' dir='ltr'><strong>functus</strong></span> <span class='ocrx_word' id='word_1_785' title='bbox 2662 4905 3005 4972; x_wconf 86' lang='lat' dir='ltr'><strong>nomina&#39;nr(</strong></span> <span class='ocrx_word' id='word_1_786' title='bbox 3033 4906 3120 4972; x_wconf 90' lang='lat' dir='ltr'><strong>qui</strong></span> <span class='ocrx_word' id='word_1_787' title='bbox 3168 4916 3310 4955; x_wconf 89' lang='lat' dir='ltr'><strong>anno</strong></span> <span class='ocrx_word' id='word_1_788' title='bbox 3351 4901 3458 4955; x_wconf 83' lang='grc'>576</span> <span class='ocrx_word' id='word_1_789' title='bbox 3487 4900 3587 4954; x_wconf 90' lang='lat' dir='ltr'><strong>sub</strong></span> <span class='ocrx_word' id='word_1_790' title='bbox 3615 4897 3823 4950; x_wconf 76' lang='lat' dir='ltr'><strong>Valente</strong></span> 
     </span>
    </p>
   </div>
   <div class='ocr_carea' id='block_1_110' title="bbox 2245 4991 3822 5065">
    <p class='ocr_par' dir='ltr' id='par_1_110' title="bbox 2245 4991 3822 5065">
     <span class='ocr_line' id='line_1_110' title="bbox 2245 4991 3822 5065; baseline -0.008 -13"><span class='ocrx_word' id='word_1_791' title='bbox 2245 4997 2388 5052; x_wconf 87' lang='lat' dir='ltr'><strong>diem</strong></span> <span class='ocrx_word' id='word_1_792' title='bbox 2417 4997 2622 5065; x_wconf 83' lang='lat' dir='ltr'><strong>obiit),</strong></span> <span class='ocrx_word' id='word_1_793' title='bbox 2661 5005 2712 5049; x_wconf 88' lang='lat' dir='ltr'><strong>et</strong></span> <span class='ocrx_word' id='word_1_794' title='bbox 2744 4993 3036 5048; x_wconf 76' lang='lat' dir='ltr'><strong>Antiochia:</strong></span> <span class='ocrx_word' id='word_1_795' title='bbox 3066 4994 3240 5047; x_wconf 80' lang='lat' dir='ltr'><strong>habita</strong></span> <span class='ocrx_word' id='word_1_796' title='bbox 3273 4992 3360 5046; x_wconf 89' lang='lat' dir='ltr'><strong>illa</strong></span> <span class='ocrx_word' id='word_1_797' title='bbox 3391 4991 3684 5062; x_wconf 80' lang='lat' dir='ltr'><strong>diSputatio</strong></span> <span class='ocrx_word' id='word_1_798' title='bbox 3725 4997 3822 5047; x_wconf 84' lang='lat' dir='ltr'><strong>est.</strong></span> 
     </span>
    </p>
   </div>
   <div class='ocr_carea' id='block_1_111' title="bbox 2247 5089 3824 5163">
    <p class='ocr_par' dir='ltr' id='par_1_111' title="bbox 2247 5089 3824 5163">
     <span class='ocr_line' id='line_1_111' title="bbox 2247 5089 3824 5163; baseline -0.008 -16"><span class='ocrx_word' id='word_1_799' title='bbox 2247 5109 2274 5147; x_wconf 91' lang='lat' dir='ltr'><strong>a</strong></span> <span class='ocrx_word' id='word_1_800' title='bbox 2303 5109 2404 5163; x_wconf 89' lang='lat' dir='ltr'><strong>qua</strong></span> <span class='ocrx_word' id='word_1_801' title='bbox 2436 5094 2660 5162; x_wconf 69' lang='lat' dir='ltr'><strong>proxime</strong></span> <span class='ocrx_word' id='word_1_802' title='bbox 2688 5091 2803 5145; x_wconf 76' lang='lat' dir='ltr'><strong>hmc</strong></span> <span class='ocrx_word' id='word_1_803' title='bbox 2844 5106 2900 5144; x_wconf 85' lang='lat' dir='ltr'><strong>se</strong></span> <span class='ocrx_word' id='word_1_804' title='bbox 2929 5090 2987 5145; x_wconf 91' lang='lat' dir='ltr'><strong>S.</strong></span> <span class='ocrx_word' id='word_1_805' title='bbox 3021 5091 3178 5145; x_wconf 88' lang='lat' dir='ltr'><strong>Pater</strong></span> <span class='ocrx_word' id='word_1_806' title='bbox 3200 5135 3213 5156; x_wconf 86' lang='lat'><strong>,</strong></span> <span class='ocrx_word' id='word_1_807' title='bbox 3242 5091 3329 5160; x_wconf 92' lang='lat' dir='ltr'><strong>qui</strong></span> <span class='ocrx_word' id='word_1_808' title='bbox 3368 5089 3536 5144; x_wconf 90' lang='lat' dir='ltr'><strong>hocce</strong></span> <span class='ocrx_word' id='word_1_809' title='bbox 3584 5102 3740 5150; x_wconf 88' lang='lat' dir='ltr'><strong>anno,</strong></span> <span class='ocrx_word' id='word_1_810' title='bbox 3772 5094 3824 5136; x_wconf 86' lang='lat' dir='ltr'><strong>ut</strong></span> 
     </span>
    </p>
   </div>
   <div class='ocr_carea' id='block_1_112' title="bbox 2246 5179 3820 5251">
    <p class='ocr_par' dir='ltr' id='par_1_112' title="bbox 2246 5179 3820 5251">
     <span class='ocr_line' id='line_1_112' title="bbox 2246 5179 3820 5251; baseline -0.006 -12"><span class='ocrx_word' id='word_1_811' title='bbox 2246 5186 2601 5246; x_wconf 87' lang='lat' dir='ltr'><strong>ostendiums,</strong></span> <span class='ocrx_word' id='word_1_812' title='bbox 2630 5198 2696 5236; x_wconf 91' lang='lat' dir='ltr'><strong>eo</strong></span> <span class='ocrx_word' id='word_1_813' title='bbox 2724 5191 2937 5235; x_wconf 88' lang='lat' dir='ltr'><strong>venerat</strong></span> <span class='ocrx_word' id='word_1_814' title='bbox 2983 5182 3221 5236; x_wconf 88' lang='lat' dir='ltr'><strong>scribere</strong></span> <span class='ocrx_word' id='word_1_815' title='bbox 3269 5180 3575 5251; x_wconf 88' lang='lat' dir='ltr'><strong>proﬁtetur.</strong></span> <span class='ocrx_word' id='word_1_816' title='bbox 3601 5179 3702 5235; x_wconf 89' lang='lat' dir='ltr'><strong>Sed</strong></span> <span class='ocrx_word' id='word_1_817' title='bbox 3731 5192 3820 5231; x_wconf 87' lang='lat' dir='ltr'><strong>ne-</strong></span> 
     </span>
    </p>
   </div>
   <div class='ocr_carea' id='block_1_113' title="bbox 2246 5271 3820 5344">
    <p class='ocr_par' dir='ltr' id='par_1_113' title="bbox 2246 5271 3820 5344">
     <span class='ocr_line' id='line_1_113' title="bbox 2246 5271 3820 5344; baseline -0.006 -16"><span class='ocrx_word' id='word_1_818' title='bbox 2246 5291 2349 5344; x_wconf 87' lang='lat' dir='ltr'><strong>que</strong></span> <span class='ocrx_word' id='word_1_819' title='bbox 2380 5273 2613 5344; x_wconf 84' lang='lat' dir='ltr'><strong>protrahi</strong></span> <span class='ocrx_word' id='word_1_820' title='bbox 2643 5272 2813 5326; x_wconf 84' lang='lat' dir='ltr'><strong>serius</strong></span> <span class='ocrx_word' id='word_1_821' title='bbox 2845 5282 3066 5340; x_wconf 87' lang='lat' dir='ltr'><strong>possunt</strong></span> <span class='ocrx_word' id='word_1_822' title='bbox 3113 5273 3185 5325; x_wconf 89' lang='lat' dir='ltr'><strong>ittt</strong></span> <span class='ocrx_word' id='word_1_823' title='bbox 3218 5287 3282 5326; x_wconf 80' lang='lat' dir='ltr'><strong>ex</strong></span> <span class='ocrx_word' id='word_1_824' title='bbox 3311 5287 3372 5326; x_wconf 90' lang='lat' dir='ltr'><strong>ea</strong></span> <span class='ocrx_word' id='word_1_825' title='bbox 3405 5273 3540 5325; x_wconf 89' lang='lat' dir='ltr'><strong>urbe</strong></span> <span class='ocrx_word' id='word_1_826' title='bbox 3565 5271 3820 5325; x_wconf 76' lang='lat' dir='ltr'><strong>Constan-</strong></span> 
     </span>
    </p>
   </div>
   <div class='ocr_carea' id='block_1_114' title="bbox 2248 5361 3822 5434">
    <p class='ocr_par' dir='ltr' id='par_1_114' title="bbox 2248 5361 3822 5434">
     <span class='ocr_line' id='line_1_114' title="bbox 2248 5361 3822 5434; baseline -0.008 -13"><span class='ocrx_word' id='word_1_827' title='bbox 2248 5365 2518 5434; x_wconf 87' lang='lat' dir='ltr'><strong>tinopolim</strong></span> <span class='ocrx_word' id='word_1_828' title='bbox 2540 5405 2554 5426; x_wconf 94' lang='lat'><strong>,</strong></span> <span class='ocrx_word' id='word_1_829' title='bbox 2592 5362 2851 5431; x_wconf 87' lang='lat' dir='ltr'><strong>siquidem</strong></span> <span class='ocrx_word' id='word_1_830' title='bbox 2887 5364 3154 5430; x_wconf 76' lang='lat' dir='ltr'><strong>pra-cessit</strong></span> <span class='ocrx_word' id='word_1_831' title='bbox 3187 5362 3272 5417; x_wconf 88' lang='lat' dir='ltr'><strong>hic</strong></span> <span class='ocrx_word' id='word_1_832' title='bbox 3319 5361 3476 5427; x_wconf 89' lang='lat' dir='ltr'><strong>liber,</strong></span> <span class='ocrx_word' id='word_1_833' title='bbox 3508 5362 3566 5417; x_wconf 93' lang='lat' dir='ltr'><strong>S.</strong></span> <span class='ocrx_word' id='word_1_834' title='bbox 3588 5362 3701 5431; x_wconf 90' lang='lat' dir='ltr'><strong>ipso</strong></span> <span class='ocrx_word' id='word_1_835' title='bbox 3729 5372 3822 5410; x_wconf 91' lang='lat' dir='ltr'><strong>au-</strong></span> 
     </span>
    </p>
   </div>
   <div class='ocr_carea' id='block_1_115' title="bbox 2246 5449 3822 5524">
    <p class='ocr_par' dir='ltr' id='par_1_115' title="bbox 2246 5449 3822 5524">
     <span class='ocr_line' id='line_1_115' title="bbox 2246 5449 3822 5524; baseline -0.01 -11"><span class='ocrx_word' id='word_1_836' title='bbox 2246 5472 2392 5513; x_wconf 88' lang='lat' dir='ltr'><strong>ctore</strong></span> <span class='ocrx_word' id='word_1_837' title='bbox 2421 5459 2468 5510; x_wconf 90' lang='lat' dir='ltr'><strong>in</strong></span> <span class='ocrx_word' id='word_1_838' title='bbox 2501 5453 2989 5522; x_wconf 79' lang='lat' dir='ltr'><strong>suorumCatalogo</strong></span> <span class='ocrx_word' id='word_1_839' title='bbox 3006 5469 3226 5524; x_wconf 82' lang='lat' dir='ltr'><strong>operum</strong></span> <span class='ocrx_word' id='word_1_840' title='bbox 3257 5463 3413 5517; x_wconf 73' lang='lat' dir='ltr'><strong>teste,</strong></span> <span class='ocrx_word' id='word_1_841' title='bbox 3436 5451 3686 5508; x_wconf 73' lang='lat' dir='ltr'><strong>Chronici</strong></span> <span class='ocrx_word' id='word_1_842' title='bbox 3711 5449 3822 5502; x_wconf 86' lang='lat' dir='ltr'><strong>clu-</strong></span> 
     </span>
    </p>
   </div>
   <div class='ocr_carea' id='block_1_116' title="bbox 2243 5543 3821 5616">
    <p class='ocr_par' dir='ltr' id='par_1_116' title="bbox 2243 5543 3821 5616">
     <span class='ocr_line' id='line_1_116' title="bbox 2243 5543 3821 5616; baseline -0.007 -15"><span class='ocrx_word' id='word_1_843' title='bbox 2243 5549 2609 5603; x_wconf 82' lang='lat' dir='ltr'><strong>cubratiouem</strong></span> <span class='ocrx_word' id='word_1_844' title='bbox 2642 5587 2654 5608; x_wconf 86' lang='lat'><strong>,</strong></span> <span class='ocrx_word' id='word_1_845' title='bbox 2685 5562 2842 5616; x_wconf 81' lang='lat' dir='ltr'><strong>quam</strong></span> <span class='ocrx_word' id='word_1_846' title='bbox 2899 5546 3060 5600; x_wconf 89' lang='lat' dir='ltr'><strong>fuisse</strong></span> <span class='ocrx_word' id='word_1_847' title='bbox 3109 5547 3575 5615; x_wconf 85' lang='lat' dir='ltr'><strong>Constantinopoli</strong></span> <span class='ocrx_word' id='word_1_848' title='bbox 3632 5543 3821 5598; x_wconf 86' lang='lat' dir='ltr'><strong>editam</strong></span> 
     </span>
    </p>
   </div>
   <div class='ocr_carea' id='block_1_117' title="bbox 2245 5638 3822 5708">
    <p class='ocr_par' dir='ltr' id='par_1_117' title="bbox 2245 5638 3822 5708">
     <span class='ocr_line' id='line_1_117' title="bbox 2245 5638 3822 5708; baseline -0.007 -13"><span class='ocrx_word' id='word_1_849' title='bbox 2245 5655 2382 5695; x_wconf 88' lang='lat' dir='ltr'><strong>anno</strong></span> <span class='ocrx_word' id='word_1_850' title='bbox 2410 5639 2724 5708; x_wconf 86' lang='lat' dir='ltr'><strong>insequenti,</strong></span> <span class='ocrx_word' id='word_1_851' title='bbox 2745 5639 2857 5693; x_wconf 88' lang='lat' dir='ltr'><strong>sive</strong></span> <span class='ocrx_word' id='word_1_852' title='bbox 2885 5639 3014 5708; x_wconf 81' lang='lat'><strong>580,</strong></span> <span class='ocrx_word' id='word_1_853' title='bbox 3031 5640 3167 5692; x_wconf 84' lang='lat' dir='ltr'><strong>inter</strong></span> <span class='ocrx_word' id='word_1_854' title='bbox 3185 5639 3546 5708; x_wconf 80' lang='lat' dir='ltr'><strong>chronologos</strong></span> <span class='ocrx_word' id='word_1_855' title='bbox 3566 5638 3676 5691; x_wconf 89' lang='lat' dir='ltr'><strong>fere</strong></span> <span class='ocrx_word' id='word_1_856' title='bbox 3695 5647 3822 5688; x_wconf 86' lang='lat' dir='ltr'><strong>con-</strong></span> 
     </span>
    </p>
   </div>
   <div class='ocr_carea' id='block_1_118' title="bbox 2245 5728 3825 5800">
    <p class='ocr_par' dir='ltr' id='par_1_118' title="bbox 2245 5728 3825 5800">
     <span class='ocr_line' id='line_1_118' title="bbox 2245 5728 3825 5800; baseline -0.008 -14"><span class='ocrx_word' id='word_1_857' title='bbox 2245 5739 2368 5786; x_wconf 85' lang='lat' dir='ltr'><strong>stat.</strong></span> <span class='ocrx_word' id='word_1_858' title='bbox 2420 5729 2567 5784; x_wconf 81' lang='lat' dir='ltr'><strong>Adco</strong></span> <span class='ocrx_word' id='word_1_859' title='bbox 2604 5731 2810 5785; x_wconf 86' lang='lat' dir='ltr'><strong>etiamsi</strong></span> <span class='ocrx_word' id='word_1_860' title='bbox 2871 5731 3133 5800; x_wconf 83' lang='lat' dir='ltr'><strong>perfracto</strong></span> <span class='ocrx_word' id='word_1_861' title='bbox 3175 5730 3292 5798; x_wconf 89' lang='lat' dir='ltr'><strong>quis</strong></span> <span class='ocrx_word' id='word_1_862' title='bbox 3321 5729 3447 5783; x_wconf 82' lang='lat' dir='ltr'><strong>velit</strong></span> <span class='ocrx_word' id='word_1_863' title='bbox 3471 5771 3486 5788; x_wconf 84' lang='lat'><strong>,</strong></span> <span class='ocrx_word' id='word_1_864' title='bbox 3519 5728 3644 5782; x_wconf 88' lang='lat' dir='ltr'><strong>alibi</strong></span> <span class='ocrx_word' id='word_1_865' title='bbox 3672 5737 3825 5796; x_wconf 87' lang='lat' dir='ltr'><strong>quam</strong></span> 
     </span>
    </p>
   </div>
   <div class='ocr_carea' id='block_1_119' title="bbox 2248 5821 3824 5892">
    <p class='ocr_par' dir='ltr' id='par_1_119' title="bbox 2248 5821 3824 5892">
     <span class='ocr_line' id='line_1_119' title="bbox 2248 5821 3824 5892; baseline -0.005 -16"><span class='ocrx_word' id='word_1_866' title='bbox 2248 5822 2540 5876; x_wconf 70' lang='lat' dir='ltr'><strong>Antiorhim</strong></span> <span class='ocrx_word' id='word_1_867' title='bbox 2580 5821 2810 5875; x_wconf 75' lang='lat' dir='ltr'><strong>habitam</strong></span> <span class='ocrx_word' id='word_1_868' title='bbox 2861 5823 3292 5892; x_wconf 74' lang='lat' dir='ltr'><strong>diSputationcm,</strong></span> <span class='ocrx_word' id='word_1_869' title='bbox 3325 5831 3375 5875; x_wconf 90' lang='lat' dir='ltr'><strong>et</strong></span> <span class='ocrx_word' id='word_1_870' title='bbox 3399 5821 3513 5873; x_wconf 82' lang='lat' dir='ltr'><strong>sive</strong></span> <span class='ocrx_word' id='word_1_871' title='bbox 3567 5823 3824 5875; x_wconf 82' lang='lat' dir='ltr'><strong>Constan-</strong></span> 
     </span>
    </p>
   </div>
  </div>
