4004 6328
256 307 319 361 .ll
1501 293 1557 347 S.
1602 291 1825 346 lllERm

1931 291 1978 345 .ll
2020 290 2202 345 \‘ITA.
3442 297 3504 348 ιει

265 415 498 487 tinopoli,
528 414 639 470 sive
689 413 791 469 alia
833 414 883 468 iu
925 413 1056 468 urbe
1090 430 1102 468 :
1132 410 1351 464 omnino
1397 416 1519 463 ante
1575 407 1813 462 chronici

227 494 585 579 iscriptiouem
633 521 752 576 quae
801 519 941 558 anno
981 504 1084 558 380
1113 503 1434 570 deputatur,
1464 498 1664 554 referre
1721 498 1815 553 de-

228 602 408 668 ibeat,
441 611 496 657 et
542 601 627 654 vis
665 598 876 653 demum
931 597 1114 668 paucis
1163 594 1433 650 meusilms
1497 609 1528 648 a
1592 591 1814 647 rationi-

228 663 349 756 ibus
384 663 524 746 hisce
589 690 783 746 nostris
835 663 1070 742 abludat.
1126 687 1277 755 Quod
1327 688 1371 740 si
1421 701 1578 756 quem
1640 670 1815 738 adhuc

229 777 486 847 intereat,
535 781 833 837 Luciferum
886 781 937 835 in
991 779 1255 835 Chronico
1310 779 1473 833 multa
1522 793 1642 832 cum
1699 777 1818 830 lau.

228 850 315 930 ide
361 875 673 941 memorari,
716 889 887 944 neque
935 874 1239 928 verosimile
1290 871 1557 933 videatur,
1587 870 1701 937 ejus
1744 868 1813 922 ibi

255 967 493 1020 celebrari
549 967 902 1020 constantiam
944 979 1006 1018 ac
1049 964 1240 1028 fidem,
1268 961 1420 1032 cujus
1467 962 1808 1021 sententiam,

256 1057 351 1110 imo
373 1072 611 1111 errorem
645 1056 730 1128 hic
754 1044 997 1125 Dialogus
1031 1056 1337 1124 impugnat,
1368 1053 1464 1105 nisi
1492 1052 1534 1104 si
1559 1051 1692 1105 liber
1715 1050 1816 1103 iste

253 1150 299 1204 in
321 1164 420 1216 quo
441 1148 579 1202 male
603 1148 791 1209 audit,
825 1148 915 1201 illo
944 1149 995 1200 in
1022 1163 1128 1216 quo
1175 1146 1309 1200 bene
1334 1145 1597 1214 posterior
1635 1142 1740 1195 sit:
1769 1142 1813 1195 si

251 1255 414 1308 quem,
445 1240 681 1309 inquam,
706 1241 805 1292 hoc
836 1247 1079 1301 moveat,
1111 1238 1276 1301 sciat,
1309 1237 1359 1290 in
1389 1235 1488 1290 hoc
1518 1236 1631 1304 ipso
1653 1233 1813 1289 etiam

253 1332 452 1404 Dialogo
488 1334 619 1387 satis
666 1332 1019 1386 observanter
1067 1347 1187 1385 cum
1221 1327 1462 1384 Lucifero
1505 1328 1586 1397 agi
1628 1336 1684 1380 ut
1721 1326 1812 1391 ibi,

249 1423 397 1494 Cogor
420 1423 482 1477 de
506 1424 654 1477 beato
680 1422 919 1491 Lucifero
944 1439 1084 1476 secus
1110 1421 1410 1503 quidquam,
1437 1435 1585 1484 quam
1611 1427 1656 1470 et
1677 1416 1816 1469 illius

248 1516 483 1578 meritum,
508 1524 555 1568 et
581 1531 696 1568 mea
721 1515 1006 1568 humanitas
1033 1513 1211 1581 poscit,
1231 1513 1551 1566 existimare:
1579 1520 1633 1564 et
1661 1510 1817 1563 vicis-

244 1605 334 1657 sim
366 1605 414 1658 in
440 1605 712 1659 Chronico
741 1645 756 1668 ,
785 1619 888 1659 nou
940 1605 1010 1658 ita
1057 1604 1255 1658 laudari
1291 1602 1589 1665 hominem,
1619 1614 1675 1654 ιιι
1701 1601 1817 1667 ejus

246 1693 575 1751 inclementia
608 1680 693 1751 ~ct
731 1698 920 1751 factum
968 1695 1385 1765 reprehensione
1422 1702 1593 1749 vacet.
1634 1691 1817 1762 Neque

244 1788 389 1856 igitur
404 1802 469 1842 ex
501 1789 603 1843 hac
630 1796 780 1860 parte
801 1788 939 1858 quod
961 1787 1261 1857 quempiam
1284 1794 1514 1840 moveat.
1550 1784 1654 1838 Nos
1675 1784 1815 1854 quod

241 1879 356 1934 olim
394 1879 445 1934 in
474 1880 842 1934 admonitione
869 1880 935 1933 ad
967 1879 1106 1932 hunc
1144 1878 1359 1935 Librmn
1386 1878 1720 1942 ceusuinms,
1747 1878 1813 1933 ad

241 1973 626 2042 przecedentem
676 1976 915 2043 proxime
940 1987 1137 2026 annum
1165 1972 1269 2027 378
1295 1987 1415 2026 esse
1454 1970 1813 2039 referendum,

242 2079 370 2119 nunc
423 2065 706 2120 retractari
758 2065 1040 2127 malumus,
1067 2073 1120 2119 et
1169 2064 1231 2116 ad
1271 2064 1721 2133 subsequentem,
1749 2063 1817 2117 de

236 2170 335 2224 quo
357 2164 443 2209 est
474 2155 740 2210 hactenus
766 2154 1112 2223 disputatum,
1134 2153 1353 2206 differri.

300 2245 383 2301 ΙΙΙ.
431 2247 554 2303 Jam
607 2261 737 2301 vero
781 2244 1039 2315 ejusmodi
1086 2244 1281 2308 studia,
1329 2243 1706 2312 ingeniumque
1753 2241 1819 2294 ad

236 2352 315 2390 res
338 2338 558 2393 divinas
602 2337 908 2391 tractandas
932 2345 1114 2389 natum
1136 2375 1150 2398 ,
1180 2343 1235 2387 et
1258 2348 1378 2386 eum
1407 2332 1589 2401 primis
1615 2346 1820 2385 morum

232 2427 422 2481 eximia
486 2426 760 2498 probitas,
794 2426 1170 2495 Hieronymum
1213 2423 1264 2476 in
1313 2437 1500 2491 magna
1550 2420 1821 2476 hominum

229 2518 549 2573 celebritate
575 2531 858 2570 asseruere
877 2558 890 2580 ,
910 2515 1151 2584 adeoque
1178 2513 1393 2583 prolntta
1422 2522 1542 2567 sunt
1566 2513 1823 2582 Episcopo

226 2622 333 2662 sum
383 2608 566 2676 partis
598 2605 860 2669 Paulino,
895 2615 949 2658 ttt
996 2604 1141 2659 clero
1164 2619 1284 2657 eum
1324 2602 1643 2663 adscribere,
1675 2612 1727 2655 et
1755 2602 1821 2656 ad

227 2711 443 2752 sacrum
474 2694 783 2765 provehere
814 2693 1132 2766 Presbyterii
1170 2692 1407 2747 ordinem
1433 2734 1448 2760 ,
1481 2692 1698 2745 omnino
1722 2707 1819 2745 vo-

228 2788 402 2843 luerit.
431 2787 620 2855 Quem
648 2787 741 2842 ille
772 2794 974 2841 tantum
1004 2801 1109 2840 non
1151 2784 1344 2839 invitus
1366 2785 1619 2854 suscepit,
1643 2794 1699 2838 ut
1727 2800 1822 2837 ex-

229 2882 362 2937 orari
390 2897 453 2936 se
495 2881 627 2935 tanti
657 2880 904 2935 Prmsnlis
926 2878 1158 2949 judicio,
1180 2886 1336 2947 atque
1360 2877 1819 2932 adhortationibus

230 2973 446 3028 sineret.
501 2973 634 3026 Eam
684 2980 860 3025 tamen
896 2970 1253 3024 conditionem
1283 2968 1552 3031 adhibuit,
1585 2978 1642 3022 ut
1686 2968 1818 3023 nihil

234 3065 427 3119 idcirco
458 3064 534 3117 ab
557 3062 786 3116 ineunda
818 3062 1030 3126 iterum,
1061 3061 1103 3115 si
1132 3060 1310 3126 vellet,
1338 3060 1620 3115 solitudine
1650 3061 1819 3128 impe-

233 3158 457 3223 iliretur,
507 3156 748 3226 nullique
776 3155 1031 3210 Ecclesize
1074 3153 1317 3223 alligatus
1343 3163 1647 3223 susceptum
1678 3153 1822 3207 ordi-

150 3278 156 3295 ι
235 3267 350 3307 nem
379 3265 652 3306 exercere
682 3263 970 3318 numquam
995 3248 1109 3321 cogi
1144 3258 1341 3317 posset.
1370 3246 1548 3301 Refert
1589 3246 1701 3316 ipse
1721 3246 1821 3301 sub

234 3342 384 3399 linem
404 3344 533 3398 libri
551 3351 738 3396 contra
752 3340 1008 3396 Joannem
1025 3339 1543 3412 Jcrosolymitauum,
1558 3340 1679 3409 quid
1700 3352 1823 3395 tunc

236 3449 265 3488 ι
285 3451 341 3489 se
367 3432 598 3497 misello,
627 3441 683 3486 ut
707 3443 877 3495 vocat,
908 3432 1110 3486 homine
1127 3443 1314 3486 sancta:
1333 3433 1586 3486 memoria:
1606 3431 1822 3502 Episco-

237 3541 328 3593 pus
357 3524 623 3579 Paulinus
648 3522 952 3578 audiverit:
984 3521 1125 3577 Nam
1152 3524 1323 3593 rogavi
1349 3533 1414 3588 te,
1438 3535 1493 3581 ut
1520 3524 1823 3583 ordinarer.’

240 3614 296 3669 Si
311 3617 384 3670 sic
403 3615 770 3687 Presbytero»:
800 3614 995 3677 tribuis.
1025 3624 1079 3669 ut
1100 3615 1404 3670 Monachum
1432 3617 1573 3670 nobis
1601 3634 1700 3670 non
1728 3634 1823 3669 au-

236 3709 386 3779 feras,
414 3717 479 3760 tu
504 3697 690 3760 videris
717 3706 779 3759 de
798 3707 995 3776 judicio
1033 3716 1137 3760 tuo.
1172 3707 1266 3762 Sin
1295 3719 1460 3762 autem
1499 3709 1590 3760 sub
1627 3709 1828 3761 nomine

243 3795 532 3870 Presbyteri
557 3798 694 3857 tollis
740 3799 865 3852 mihi
894 3810 1099 3868 propter
1123 3806 1256 3867 quod
1280 3799 1519 3852 steculum
1544 3798 1788 3866 dereliqui
1811 3814 1827 3850 :

242 3906 326 3962 ego
351 3892 518 3945 habeo
558 3890 698 3962 quod
736 3906 932 3961 semper
970 3890 1165 3956 habui;
1209 3890 1405 3943 nullum
1434 3888 1750 3957 dispendium
1778 3888 1829 3941 in

249 3979 589 4036 Ordinatione
633 3998 814 4050 passus
840 3999 911 4036 es.
943 3982 1117 4051 Atque
1144 3981 1196 4033 in
1236 3994 1297 4033 ea
1329 3977 1541 4048 quidem
1568 3977 1829 4031 sententia

243 4077 498 4131 continuo
529 4075 777 4144 perstitit.
804 4085 860 4130 ut
888 4090 952 4130 ex
985 4082 1097 4127 toto
1117 4072 1247 4126 Vita:
1273 4072 1388 4142 cjus
1422 4072 1660 4126 instituto
1685 4068 1833 4123 colli-

245 4181 365 4235 gere
394 4175 513 4232 est,
541 4166 783 4222 maxime
819 4181 948 4220 vero
981 4181 1051 4220 ex
1096 4164 1154 4221 S.
1207 4163 1486 4233 Epipbanii
1530 4163 1833 4216 testimonio

249 4259 410 4328 Epist.
468 4259 610 4313 inter
655 4257 1097 4330 Ilieronymianas
1124 4256 1187 4311 Ll
1213 4255 1300 4310 ubi
1323 4271 1443 4311 eum
1470 4255 1631 4310 tradit
1661 4255 1834 4309 adlmc

248 4367 382 4406 anno
414 4350 521 4407 391
542 4362 750 4422 promer
772 4350 1141 4414 verecundiam,
1171 4358 1215 4403 et
1243 4336 1570 4408 humilitatem
1591 4347 1726 4404 nolle
1742 4348 1834 4406 de-

248 4442 346 4496 bita
364 4443 563 4498 nomini
597 4459 692 4496 suo
722 4458 951 4497 exercere
988 4428 1240 4509 sacriﬁcia
1263 4482 1279 4507 ,
1309 4450 1355 4495 et
1383 4440 1613 4494 laborare
1649 4440 1702 4492 in
1740 4439 1836 4492 hac

252 4545 389 4596 parte
417 4533 706 4595 ministerii,
733 4547 845 4603 qua:
869 4529 1271 4586 Christianorum
1306 4531 1561 4599 praecipua
1578 4528 1717 4609 salus
1741 4537 1835 4582 est.

256 4623 377 4679 Erat
404 4630 504 4679 iste
528 4625 626 4685 illi.
650 4631 711 4677 ut
730 4633 784 4677 et
813 4622 1134 4693 Presbytero
1170 4620 1491 4691 Vineentio(
1518 4619 1586 4674 de
1612 4635 1717 4690 quo
1737 4620 1839 4675 erit

256 4727 433 4783 postea
459 4715 672 4770 dicendi
719 4715 904 4785 locus)
930 4714 1209 4767 instinctus
1252 4713 1468 4767 minime
1510 4711 1600 4766 ille
1623 4710 1838 4783 quidem

257 4806 664 4878 improbandus,
689 4804 784 4860 sed
826 4821 891 4859 ex
942 4805 1045 4859 alio
1093 4820 1251 4874 quam
1278 4804 1435 4874 vulgo
1466 4803 1621 4868 solet,
1647 4817 1839 4872 prove-

240 4898 406 4972 .niens
437 4901 651 4968 pietatis
677 4912 804 4966 erga
837 4897 999 4951 Deum
1038 4911 1103 4972 ac
1149 4896 1419 4965 religionis
1463 4894 1710 4963 impulsu.
1761 4893 1842 4947 Ex

260 5004 323 5043 eo
348 5002 522 5045 autem
555 4990 683 5044 iicet
722 4989 772 5041 in
816 5002 930 5043 rem
960 4967 1194 5041 nostram
1236 4985 1520 5054 conjicere,
1551 5000 1650 5038 una
1692 4983 1841 5036 illum

240 5070 518 5150 ’χιιροτονια
562 5080 729 5134 fuisse
779 5078 1157 5150 Presbyteratu
1185 5076 1445 5132 initiatum
1473 5117 1488 5141 ,
1531 5084 1688 5145 prout
1739 5073 1844 5129 illis

266 5164 514 5226 Ecclesia:
547 5169 884 5239 temporibus
912 5171 980 5224 ob
1028 5168 1250 5239 insignia
1280 5181 1628 5236 personarum
1656 5165 1844 5219 merita

264 5263 541 5333 aliquando
568 5263 817 5318 usuvenit
835 5302 851 5324 ,
878 5277 976 5315 nec
1004 5270 1152 5316 certe
1182 5260 1471 5317 Diaconum
1514 5255 1847 5315 ministrasse

266 5365 432 5419 antea,
459 5356 781 5425 prioresque
805 5352 1022 5406 ordines
1050 5349 1370 5419 suscepisse.

338 5468 423 5525 IV.
448 5469 604 5527 Nunc
635 5477 721 5523 est
743 5466 812 5522 de
854 5476 1118 5532 tempore,
1149 5478 1256 5535 quo
1285 5463 1401 5518 hinc
1425 5472 1575 5534 gesta
1605 5476 1692 5517 res
1727 5468 1844 5525 est,

272 5555 1020 5630 disquirendum.Comigisse
1069 5565 1248 5611 autem
1306 5554 1472 5610 hocce
1526 5567 1669 5608 anno
1714 5551 1843 5617 579,

275 5661 358 5707 aut
380 5653 652 5725 sequenti,
681 5649 1004 5706 narrationis
1034 5648 1168 5703 ordo
1197 5663 1355 5714 quem
1384 5654 1647 5710 tenemus,
1676 5644 1844 5698 mani-

279 5737 400 5802 festo
426 5743 771 5802 ostendit.Si
810 5743 949 5797 enim
998 5738 1294 5795 Antiochia:
1333 5738 1608 5795 ordinatus
1653 5746 1758 5793 est.
1782 5734 1839 5792 S.

1928 403 2107 470 Pater,
2143 413 2200 458 ut
2230 402 2360 458 nihil
2387 405 2712 468 dubitamus,
2742 417 2902 475 atque
2931 407 3045 465 inse
3070 407 3345 477 conceptis
3375 423 3497 461 ver.

1922 496 2005 552 bis
2034 505 2264 552 testatur
2292 496 2394 552 sub
2441 496 2600 552 tinem
2631 497 2832 553 dudum
2863 497 3063 554 laudati
3120 498 3264 557 Libri
3304 510 3493 559 contra

1920 586 2007 642 Jo.
2034 586 2546 659 Jerosolymitauum
2577 604 2591 641 :
2624 586 2700 643 0b
2726 589 2782 642 id
2807 590 2938 644 enim
2957 600 3009 645 et
3035 607 3127 663 ego
3152 589 3496 658 Antiochiam,

1918 688 1967 733 et
1979 677 2068 733 ille
2092 677 2449 752 (Vincentius)
2465 680 2957 751 Constantinopolim
2982 682 3129 736 urbes
3155 684 3503 738 celeberrimas

1920 770 2251 836 deseruimus,
2285 788 2385 825 non
2410 781 2462 824 ιιι
2492 781 2539 825 te
2563 772 2618 826 in
2646 773 2847 842 papulis
2878 774 3240 842 praedicantem
3265 775 3503 830 laudare-

1920 880 2050 926 mus,
2081 863 2169 917 sed
2194 873 2248 916 at
2277 865 2328 917 in
2355 863 2492 936 agris
2536 875 2581 917 ct
2607 866 2882 920 solitudine
2907 867 3264 922 adolescentia:
3293 881 3499 938 peccata

1922 957 2223 1027 deﬂeremus
2252 974 2271 1012 :
2299 960 2519 1013 omnino
2552 975 2671 1014 cmn
2701 961 2892 1015 iterum
2924 978 2990 1017 eo
3018 964 3162 1017 venit
3194 982 3225 1018 e
3266 966 3497 1019 Caleidis

1919 1066 2125 1113 eremo,
2156 1067 2260 1105 non
2294 1051 2466 1120 primo
2490 1067 2609 1107 cum
2630 1052 2699 1107 ibi
2729 1053 2794 1107 ab
2811 1053 3045 1108 Orientis
3068 1056 3499 1125 peregrinatione

1919 1144 2178 1209 substitit,
2205 1144 2481 1199 ordinatus
2506 1156 2607 1200 est.
2636 1144 2843 1215 Quippe
2872 1147 3104 1201 nondum
3136 1147 3301 1201 fuiSse
3328 1151 3497 1204 sacris

1922 1234 2204 1299 initiatum,
2236 1251 2355 1291 cum
2384 1236 2437 1291 in
2462 1253 2579 1291 eam
2617 1238 2964 1293 solitudinem
3011 1238 3182 1309 Syria:
3233 1241 3495 1304 secessit,

1920 1326 2052 1381 nihil
2079 1336 2161 1381 est
2185 1326 2425 1382 dubium.
2454 1327 2590 1396 Quin
2645 1330 2756 1398 ipse
2783 1331 2941 1383 etiam
2967 1330 3144 1384 verbis
3183 1330 3288 1383 illis
3316 1330 3496 1384 Pauli-

1921 1435 2046 1472 num
2074 1418 2310 1473 declarat
2334 1438 2348 1474 :
2377 1420 2438 1475 Si
2460 1422 2532 1475 sic
2576 1420 2934 1493 Presbyterum
2980 1422 3194 1487 tribuis,
3222 1433 3278 1477 ut
3309 1422 3497 1477 Mona-

1922 1514 2072 1564 chum
2098 1514 2240 1565 nobis
2259 1530 2358 1566 non
2376 1518 2580 1583 auferas
2598 1514 2769 1586 :quod
2791 1515 3121 1584 scilicctjatn
3150 1516 3333 1571 fuisset
3359 1516 3499 1571 inter

1920 1603 2188 1656 solitarius
2217 1620 2410 1658 nomen
2438 1621 2592 1659 suum
2628 1606 2935 1675 professus,
2986 1622 3048 1661 ac
3093 1622 3254 1679 porro
3299 1608 3497 1674 vellet,

1921 1696 2126 1749 etiamsi
2145 1696 2209 1749 ad
2233 1695 2531 1751 Saccrdotii
2561 1698 2783 1769 gradum
2810 1699 3215 1769 provelteretur,
3245 1701 3495 1771 imposte-

1921 1802 2035 1840 rum
2070 1787 2326 1855 profiteri.
2354 1787 2469 1842 Non
2500 1791 2657 1860 igitur
2691 1790 2850 1844 citius
2878 1808 3036 1860 quam
3086 1792 3233 1846 eum'
3259 1794 3498 1847 secundo

1919 1878 2064 1930 venit
2116 1878 2453 1933 Antiochiam
2500 1880 2777 1935 ordinatus
2823 1890 2924 1936 est.
2951 1882 3055 1937 Sed
3108 1898 3279 1953 neque
3326 1887 3498 1939 serius

1921 1971 2127 2037 potuit;
2155 1985 2275 2023 cum
2300 1971 2441 2024 enim
2463 1988 2632 2042 neque
2658 1974 2783 2026 alibi
2807 1989 2965 2043 quam
2991 1975 3304 2034 Antiochia»,
3328 1989 3499 2045 nequc.

1918 2056 1986 2113 ab
2014 2060 2122 2113 alio
2151 2078 2311 2130 quam
2344 2066 2411 2115 ab
2439 2064 2678 2128 ejusdem
2706 2065 2958 2119 Ecclesia:
2989 2066 3253 2136 Episcopo
3280 2067 3500 2120 Paulino

1925 2150 2071 2218 (nam
2100 2161 2290 2219 sponte
2338 2168 2432 2206 sua
2463 2154 2754 2224 desipiunt,
2785 2156 2977 2225 quibus
2995 2155 3096 2211 hoc
3122 2158 3383 2213 incertum
3414 2159 3499 2211 viv

1923 2239 2102 2309 detur)
2135 2239 2297 2295 fuerit
2323 2243 2603 2297 ordina'us
2640 2263 2652 2297 :
2682 2246 2797 2313 ipse
2829 2254 3004 2300 tamen
3038 2263 3127 2313 se,
3155 2262 3278 2301 cum
3321 2248 3501 2304 Romae

1926 2330 2086 2400 paulo
2117 2340 2236 2401 post
2260 2331 2497 2403 degeret,
2520 2334 2658 2390 inter
2685 2336 3032 2409 Presbyteros
3054 2349 3320 2395 recenset.
3344 2340 3499 2404 Sunt,

1926 2422 2118 2492 inquit,
2152 2425 2242 2476 alii
2272 2426 2359 2494 (de
2390 2427 2486 2478 mei
2517 2429 2660 2479 ordm
2684 2446 2709 2481 s
2734 2428 2851 2481 hom
2875 2431 3021 2483 nibus
3044 2432 3161 2499 loqu
3182 2444 3244 2501 Ir)
3272 2433 3354 2500 qui
3383 2430 3498 2487 ideo

1931 2513 2337 2584 Presbyterum»:
2370 2526 2416 2569 et
2472 2515 2807 2571 Diaconatum
2847 2521 3110 2585 ambiunt,
3160 2532 3215 2574 ιιι
3268 2522 3500 2577 mulieres

1925 2607 2155 2659 licentius
2201 2607 2399 2661 videant
2455 2607 2658 2680 (Epist.
2691 2609 2884 2666 XXII.
2912 2630 2963 2667 ιι.
2984 2614 3052 2668 9.8
3075 2619 3113 2684 ).
3139 2615 3499 2686 Consequitur

1924 2699 2047 2752 hinc
2075 2711 2243 2766 recta,
2274 2701 2413 2770 quod
2443 2707 2817 2772 propositionis
2844 2745 2859 2769 ,
2886 2720 2990 2758 non
3024 2722 3179 2775 posse
3208 2708 3501 2764 ordinatio.

1922 2807 2043 2845 nem
2087 2792 2228 2846 illam
2280 2794 2330 2847 in
2377 2795 2515 2849 aliud
2546 2797 2825 2850 commode
2869 2808 3076 2863 tempus
3104 2800 3285 2878 rejici,
3341 2818 3501 2870 quam

1918 2899 2026 2954 quo
2053 2884 2354 2941 Antiochia)
2395 2887 2630 2941 secundo
2660 2888 2960 2945 diversatus
3001 2903 3083 2947 ρει
3111 2893 3179 2945 ab
3219 2909 3361 2951 anno
3396 2895 3500 2950 379

1918 2974 1985 3030 ad
2015 2975 2348 3047 insequentis
2379 2976 2488 3033 fere
2522 2976 2809 3035 mediums

1993 3066 2064 3120 Et
2091 3067 2516 3129 luculentissima
2547 3082 2726 3125 tamen
2763 3077 2830 3122 illi
2864 3073 3144 3141 ipsiusmet
3193 3073 3498 3150 Hieronymi

1922 3158 2265 3227 testimonio,
2324 3163 2375 3213 iu
2409 3162 2547 3216 libro
2577 3173 2762 3217 contra
2794 3164 3052 3219 Joannem
3100 3165 3504 3239 Jerosolymita-

1925 3269 2072 3319 num,
2101 3271 2164 3308 ex
2189 3272 2295 3324 quo
2322 3256 2647 3326 disputatum
2678 3267 2758 3313 est
2785 3258 3063 3326 hactenus,
3094 3275 3391 3331 repugnare
3417 3277 3504 3315 me

1926 3346 2219 3399 rationibus
2253 3347 2371 3402 iiiis
2403 3350 2574 3404 rideo.
2608 3351 2698 3405 Ait
2745 3352 2891 3405 enim
2941 3352 3011 3407 ibi
3054 3352 3148 3423 (ut
3195 3351 3504 3408 adversario

1927 3438 2266 3505 respondeat,
2295 3438 2387 3507 qui
2416 3438 2665 3495 affectare
2689 3456 2809 3496 eum
2841 3442 2892 3494 in
2925 3442 3157 3497 Ecclesia
3184 3442 3276 3497 Dei
3300 3445 3503 3513 princi-

1927 3540 2105 3599 patum
2131 3529 2577 3603 calumniabatur)
2598 3532 2660 3587 Si
2686 3533 2747 3586 de
2764 3550 2841 3586 me
2860 3544 2905 3587 et
2933 3532 3230 3605 Presbytero
3259 3534 3504 3603 Vicentio,

1926 3622 2058 3677 dicis
2081 3662 2097 3688 ,
2142 3623 2265 3678 satis
2293 3623 2450 3676 multo
2504 3625 2733 3680 dormisti
2786 3636 3039 3695 tempore,
3088 3628 3173 3698 qui
3204 3638 3315 3698 post
3344 3645 3506 3682 annos

1930 3710 1997 3763 13
2046 3726 2178 3761 nunc
2216 3709 2461 3763 excitatus
2515 3711 2621 3764 Ita'c
2675 3714 2914 3780 loqueris.
2945 3711 3022 3765 0b
3073 3713 3125 3765 id
3155 3714 3285 3766 enim
3327 3723 3372 3766 et
3416 3730 3508 3783 ego

1930 3801 2263 3854 Antiochiam.
2297 3808 2344 3853 et
2367 3799 2454 3853 ille
2485 3802 2971 3869 Constantinopolim
2992 3806 3136 3857 urbes
3161 3805 3509 3859 celeberrimas

1931 3892 2306 3947 deseruimus...
2355 3901 2410 3944 ut
2456 3892 2507 3945 in
2532 3894 2669 3963 agris
2719 3903 2767 3947 et
2803 3894 3114 3961 solitudine,
3160 3896 3515 3950 adolescentia:

1935 3995 2138 4053 peccata
2164 3984 2425 4052 tle/lentes,
2456 3983 2644 4038 Christi
2670 3990 2723 4039 ιή
2745 4002 2836 4039 nos
2858 3986 3254 4040 misericordiam
3282 3987 3514 4057 deﬂecte.

1934 4084 2121 4122 remus.
2156 4067 2223 4121 Et
2244 4068 2369 4122 licet
2398 4083 2505 4138 quo
2536 4069 2750 4139 proprie
2781 4084 2924 4126 anno
2954 4070 3069 4125 lucc
3095 4072 3380 4138 scriberet,
3408 4089 3512 4129 non

1936 4175 2103 4231 usque
2131 4159 2266 4217 adeo
2293 4169 2631 4230 compertum
2657 4171 2740 4217 est
2767 4180 2781 4216 :
2811 4160 2912 4233 ipsi
2958 4172 3134 4218 tamen
3163 4179 3259 4218 nos
3292 4164 3513 4220 indicari

1938 4252 2041 4307 599
2097 4252 2250 4306 bonis
2300 4252 2635 4322 argumentis
2672 4255 3048 4309 contendimus
3092 4273 3107 4309 :
3152 4265 3209 4310 et
3252 4255 3513 4325 siquidem

1935 4352 2162 4407 aliorum
2190 4342 2414 4417 ‘prarStet
2441 4346 2678 4400 rationes
2723 4347 2873 4417 sequi
2900 4344 3036 4420 (qua
3069 4345 3136 4401 de
3179 4362 3240 4401 re
3264 4362 3361 4401 suo
3390 4347 3512 4401 loco

1936 4438 2178 4513 pluribus
2204 4436 2469 4508 dicemus)
2497 4436 2715 4493 biennio
2732 4437 2891 4491 citius
2930 4435 3252 4491 referantur.
3285 4435 3355 4492 Ut
3377 4446 3433 4490 ut
3462 4452 3521 4491 se

1940 4549 2027 4588 res
2058 4532 2271 4595 habeat,
2301 4531 2347 4585 si
2374 4531 2612 4584 tredecim
2637 4531 2761 4583 anni
2793 4529 2894 4593 illi‘,
2916 4544 3053 4600 quos
3078 4539 3227 4584 notat
3251 4527 3308 4585 S.
3338 4529 3519 4593 Pater,

1941 4639 1969 4678 a
1998 4623 2431 4696 Presbyiteratus
2458 4620 2796 4677 ordinatione
2835 4622 3158 4690 supputandi
3207 4632 3331 4677 sunt
3358 4620 3520 4693 (quod

1942 4726 2091 4773 certe
2129 4714 2233 4769 loci
2257 4724 2546 4769 contextus
2574 4714 2744 4783 prima
2785 4715 2965 4768 statim
2996 4713 3170 4769 fronte
3208 4714 3438 4778 indicat,
3471 4726 3524 4770 et

1943 4808 2103 4877 vulgo
2131 4807 2323 4859 eruditi
2357 4803 2582 4873 faciunt)
2610 4807 2974 4876 consequitur,
3000 4808 3164 4861 multo
3185 4822 3306 4861 ettm
3329 4807 3521 4867 serius.

1946 4897 2058 4954 sive
2086 4914 2226 4953 anno
2254 4897 2359 4953 586
2389 4908 2481 4953 aut
2507 4906 2565 4953 ut
2591 4898 2869 4953 minimum
2891 4914 2956 4955 ex
2987 4900 3210 4953 aliorum
3237 4901 3524 4962 sententia,

1948 4990 2053 5044 584
2083 4989 2250 5043 sacris
2275 4988 2435 5043 fuisse
2454 4990 2717 5042 initiatum
2735 5007 2749 5043 :
2767 4988 2971 5059 idquod
2992 4990 3134 5044 nullo
3165 4988 3325 5044 modo
3353 5004 3528 5057 neque

1948 5096 2067 5136 eum
2091 5080 2266 5134 allatis
2311 5081 2556 5149 superius
2581 5079 2934 5151 argumentis,
2967 5095 3139 5149 neque
3167 5095 3289 5133 cum
3321 5078 3523 5146 reliqua

1948 5175 2071 5230 vitae
2091 5175 2207 5246 ejus
2230 5173 2371 5229 serie
2399 5181 2645 5228 constare
2668 5170 3063 5242 potest.Verum
3090 5171 3192 5226 alia
3221 5171 3375 5225 nobis
3402 5169 3527 5222 inita

1949 5269 2205 5332 estratio,
2222 5277 2381 5339 atque
2393 5281 2480 5334 ea,
2503 5265 2905 5320 nisiadmodum
2934 5262 3186 5327 fallimur,
3209 5262 3276 5315 ad
3295 5266 3529 5314 mentem

1949 5362 2008 5420 S.
2035 5361 2275 5418 Doctoris
2319 5360 2474 5414 unice
2520 5372 2641 5414 vera
2676 5371 2843 5411 :esse
2881 5343 3087 5410 scilicet
3130 5367 3299 5406 annos
3345 5350 3467 5405 illos
3499 5365 3528 5401 a

1952 5453 2058 5511 576
2110 5449 2528 5512 subducendos,
2558 5446 2772 5519 quando
2825 5447 2938 5516 ipse
2985 5442 3323 5499 Antiochiam
3369 5438 3535 5490 tertio

1952 5528 2134 5610 rediit,
2167 5554 2289 5615 post
2322 5541 2533 5598 Damasi
2577 5548 2803 5594 mortem
2830 5578 2846 5600 ,
2893 5551 2999 5592 una
3044 5548 3163 5599 cum
3211 5527 3495 5615 Vincentio
3517 5568 3535 5594 ,

1955 5640 2113 5709 paulo
2171 5644 2453 5705 antequam
2506 5627 2915 5686 Bethleemitico
2960 5637 3122 5693 specu
3180 5633 3241 5674 se
3285 5614 3536 5709 abderet,

1954 5708 2098 5797 Nihil
2136 5728 2410 5785 enimvero
2444 5720 2590 5782 aliud
2621 5717 2798 5777 verbis
2832 5717 2936 5775 illis
2978 5710 3276 5786 signiﬁcare
3322 5708 3485 5772 voluit
3517 5748 3538 5786 ,
