4004 6328
447 302 525 363 ιε
882 339 891 354 ,
1732 294 1791 349 s.
1833 291 2214 350 ltlEttONYMl
2257 290 2438 350 vrra.
3665 297 3737 354 st

452 436 616 496 quam
641 418 784 495 quod
814 417 980 474 redux
1008 410 1370 477 Antiochiam,
1395 422 1518 465 cum
1549 407 1606 464 in
1633 423 1695 465 ea
1726 417 1907 479 posset
1934 407 2037 462 Ec-

453 515 638 580 clesia,
672 511 738 568 ad
767 525 925 582 quam
954 505 1314 579 praecedentis
1342 501 1711 559 Ordinationis
1751 502 1872 570 jure
1913 515 2038 570 per-

455 603 696 666 tinebat.
730 600 959 656 fortasse
995 598 1156 654 etiam
1214 595 1502 668 Episcopi,
1533 603 1694 663 atque
1745 593 2038 647 amicorum

451 693 923 752 adhortationibus
992 689 1369 751 alliciebatur,
1425 685 1759 757 Splendidius
1819 699 2042 738 nnmere

451 787 867 858 Presbytcratus
894 781 1132 852 defungi,
1166 779 1418 836 maluerit
1467 793 1626 848 agros
1681 791 1746 830 ac.
1789 774 2038 832 solitudi-

452 895 578 934 nem
624 887 901 948 appetere.
925 874 1113 946 Neque
1159 888 1290 928 sane
1321 879 1528 941 poterat
1568 869 1634 924 ad
1665 868 2027 924 Ordinationis

453 982 665 1040 tempus
694 969 998 1039 respexisse
1029 986 1043 1022 :
1072 983 1193 1022 cmn
1220 965 1363 1020 enim
1399 980 1551 1019 suum
1598 979 1719 1018 cum
1772 961 2040 1016 Vincentii

451 1062 594 1116 facto
613 1062 903 1131 coniungat
930 1058 1030 1114 sub
1054 1073 1157 1113 una
1184 1055 1479 1124 eademque
1509 1053 1747 1109 tredecim
1773 1052 2046 1107 annorum

453 1153 753 1218 notatione,
783 1164 891 1222 quo
933 1152 1050 1220 ipse
1079 1157 1322 1218 tempore
1349 1146 1627 1201 ordinatus
1649 1152 1768 1208 est,
1804 1143 2038 1200 nondum

451 1254 601 1300 certe
625 1253 744 1300 erat
771 1241 1016 1299 eamdem
1052 1241 1364 1296 Vincentius
1391 1240 1705 1309 dignitatem
1730 1253 2038 1308 consequu-

452 1349 558 1392 tus.
589 1335 938 1408 Compertum
970 1335 1072 1391 hoc
1101 1345 1184 1390 est
1211 1351 1276 1390 ex
1305 1335 1584 1404 ipsiusmet
1603 1332 1660 1388 8.
1694 1333 1868 1388 Patris
1891 1332 2038 1386 Praz-

448 1428 649 1483 latione
677 1427 730 1482 in
756 1425 1016 1481 Chronica
1043 1424 1106 1479 ad
1127 1424 1743 1488 eumdemVincentium,
1775 1438 1893 1493 qua:
1917 1438 2036 1478 eum

447 1533 592 1573 anno
618 1517 938 1588 insequenti,
969 1517 1082 1572 sive
1109 1516 1218 1572 ’580
1243 1515 1365 1570 data
1407 1517 1499 1582 sit,
1525 1515 1654 1569 dum
1677 1515 1831 1570 simul
1856 1524 2038 1584 ageret

449 1611 941 1681 Constantinopoli,
972 1625 1257 1679 numquam
1279 1624 1400 1663 eum
1434 1617 1610 1662 tamen
1641 1608 1760 1663 sive
1787 1609 1839 1661 in
1863 1607 2038 1663 fronte

449 1703 744 1772 Epistolas,
792 1703 906 1756 sive
959 1702 1012 1755 in
1056 1709 1310 1755 contextu
1363 1710 1614 1768 tanquam
1661 1699 2035 1770 Presbyterum

444 1793 774 1862 compellat:
804 1807 964 1862 quem
1010 1791 1290 1856 honorem,
1323 1807 1446 1846 cum
1474 1807 1541 1846 co
1583 1798 1763 1860 postea
1807 1791 2036 1844 donatus

455 1893 561 1952 est,
595 1885 716 1941 aliis
738 1885 791 1938 in
815 1885 985 1949 libris,
1015 1883 1183 1937 sicubi
1213 1884 1330 1953 ejus
1358 1882 1680 1938 mentionem
1713 1881 1837 1935 facit
1860 1923 1874 1946 ,
1901 1898 2038 1936 nun-

445 1993 606 2046 quam
633 1993 738 2031 non
769 1976 938 2031 addit.
968 1976 1082 2031 Erit
1112 1975 1338 2029 fortasse
1363 1975 1522 2028 etiam
1554 1974 1642 2043 qni
1687 1989 1810 2027 eum
1844 1981 1987 2042 putet
2013 2013 2028 2038 ,

447 2068 662 2122 nonnisi
693 2077 816 2138 post
841 2067 1077 2122 medium
1125 2069 1250 2120 anni
1278 2066 1403 2129 385,
1425 2080 1532 2134 quo
1572 2081 1630 2120 se
1657 2064 1848 2119 iterum
1888 2065 2033 2119 Con-

441 2161 792 2230 stantinopoli
823 2161 1054 2216 reddidit
1081 2162 1098 2232 (
1125 2177 1190 2216 eo
1222 2161 1472 2214 nimirum
1505 2169 1768 2230 tempore,
1800 2160 1866 2214 ad
1893 2160 2032 2231 quod

447 2253 836 2326 llieronymum
893 2253 1277 2309 contendimus
1325 2253 1648 2324 reSpexisse)
1683 2253 1846 2308 fuisse
1891 2254 2033 2308 ordi-

445 2356 678 2401 natum:
728 2345 942 2400 tametsi
993 2345 1131 2400 libro
1181 2345 1270 2399 lll.
1323 2354 1510 2399 contra
1558 2344 1826 2399 Bullinum
1881 2361 2029 2400 num.

439 2437 514 2490 ‘29.
563 2429 670 2507 quo
697 2446 938 2508 tempore
958 2437 1234 2492 Orientem
1269 2437 1596 2507 repetiturus
1622 2437 1800 2492 navim
1821 2437 2034 2508 .pariter

441 2545 566 2582 cum
597 2527 926 2600 Hieronymo
945 2528 998 2582 in
1027 2528 1272 2583 Romano
1299 2539 1456 2598 portu
1481 2528 1778 2590 conscedit,
1813 2529 2033 2582 Sanctus

441 2617 718 2688 Presbyter
745 2617 1074 2688 appelletur.
1124 2617 1304 2672 Facile
1355 2617 1500 2672 enim
1573 2618 1644 2671 ita
1700 2619 1869 2687 potuit
1936 2635 2032 2688 per

442 2716 683 2777 πρόληψιν
713 2709 1028 2779 nuncupari,
1061 2708 1204 2778 quod
1232 2707 1546 2778 jamdudum
1577 2707 1865 2780 Presbyter
1882 2724 2032 2763 crea-

443 2810 527 2862 tus
557 2807 730 2862 esset,
778 2813 900 2853 cum
933 2799 1031 2852 ista
1079 2799 1480 2865 scriberentur,
1529 2801 1738 2854 tametsi
1795 2800 2027 2853 nondum

441 2889 650 2957 luisset,
679 2904 801 2944 cum
833 2903 920 2944 res
947 2889 1060 2958 ipsa
1091 2891 1348 2958 contigit,
1389 2906 1508 2960 qua:
1557 2900 1825 2945 narratur.
1860 2889 1927 2946 Ut
1974 2900 2031 2944 ut

440 2997 502 3036 se
534 2997 621 3036 res
652 2982 845 3037 habeat
867 3023 883 3047 ,
917 2983 1133 3052 planum
1161 2993 1278 3047 est,
1310 2999 1416 3039 non
1472 2983 1670 3038 debere
1696 2999 1868 3038 annos
1909 2984 2029 3037 illos

439 3074 680 3127 tredecim
707 3075 773 3129 ab
813 3074 1020 3144 epocha
1052 3073 1418 3130 Ordinationis
1448 3074 1714 3139 subduci,
1759 3090 1865 3144 quo
1894 3083 2029 3128 tem-

438 3180 572 3234 pore
603 3165 734 3221 nihil
785 3165 930 3220 aliud
980 3166 1338 3238 llieronymus
1393 3182 1551 3236 quam
1605 3165 1922 3220 Monachum
1975 3166 2027 3218 in

435 3257 617 3310 animo
657 3257 890 3328 agebat,
916 3257 1009 3311 sed
1042 3257 1111 3312 ab
1157 3259 1324 3311 altera
1353 3257 1764 3328 Presbyteratus
1811 3255 2029 3310 abdica-

437 3349 608 3413 tione,
642 3364 764 3404 cum
799 3348 1137 3404 Antiochiam
1173 3349 1328 3404 tertio
1359 3348 1598 3404 deseruit
1633 3367 1645 3405 :
1678 3364 1780 3420 qua
1810 3349 1862 3402 in
1898 3349 2027 3402 urbe

435 3456 496 3496 se
523 3451 648 3496 tunc
691 3443 855 3497 etiam
897 3441 1155 3512 gloriatur
1178 3442 1378 3506 fuisse,
1427 3441 1641 3512 fruitum
1678 3442 2029 3495 communione

435 3532 706 3602 Pontiﬁcis
746 3531 1159 3603 Confessorisque
1191 3533 1422 3600 Paulini,
1455 3544 1502 3587 et
1551 3533 1821 3586 deductum
1860 3533 1924 3586 ab
1969 3550 2027 3588 eo
2059 3552 2061 3554 ·

431 3625 602 3678 media
628 3627 828 3696 hyeme,
851 3624 1068 3678 intrasse
1106 3624 1505 3696 Jerosolyntam.
1533 3625 1644 3681 Nec
1699 3641 1828 3681 sane
1864 3625 2024 3680 aliam

424 3715 681 3786 designat
703 3715 763 3770 S.
796 3714 954 3769 Pater
975 3715 1209 3769 oblatam
1239 3715 1340 3770 sibi
1371 3716 1612 3772 merendi
1646 3715 1698 3771 in
1731 3716 2025 3770 Ecclesias-

435 3806 545 3861 tico
559 3806 727 3876 gradu
750 3805 1111 3863 occasionem.
1134 3806 1276 3862 Nihil
1293 3821 1376 3862 eSt
1396 3808 1538 3863 enim
1561 3819 1666 3863 tam
1694 3808 2023 3872 verositnile,

434 3912 594 3967 qnam
637 3896 806 3953 fuisse
827 3910 948 3952 eum
979 3913 1235 3968 perquam
1277 3898 1436 3954 enixe
1463 3910 1518 3954 et
1541 3899 1802 3970 majorem
1833 3901 1885 3953 in
1907 3916 2024 3953 mo-

431 3991 598 4053 dum,
670 3999 728 4044 ut
779 3990 833 4044 in
877 3987 1091 4045 Clerutn
1151 3992 1390 4060 cooptari
1440 4006 1500 4046 se
1549 3994 1784 4054 sineret,
1835 3991 2025 4060 suique

431 4077 641 4133 ordinis
676 4079 854 4133 munia
880 4080 1078 4145 obiret,
1109 4081 1412 4149 invitatum,
1440 4097 1503 4135 ac
1529 4081 1638 4136 fere
1662 4085 2021 4150 compulsum.

432 4169 550 4226 Hoc
575 4181 724 4226 certe
749 4181 906 4241 pacto
951 4181 1098 4227 recte
1126 4172 1325 4239 habet,
1379 4174 1520 4244 quod
1552 4189 1610 4228 se
1655 4173 1845 4228 dixerit
1896 4185 2024 4230 ante

433 4276 606 4316 annos
635 4261 870 4317 tredecim
897 4263 1155 4319 maluisse
1206 4279 1364 4334 agros
1391 4275 1444 4320 et
1487 4265 1833 4320 solitudinem
1857 4281 2022 4338 appe-

440 4363 594 4418 tere,
625 4370 787 4426 quam
833 4355 1093 4411 Ecclesia:
1135 4356 1438 4411 ministerio
1479 4356 1787 4422 addictum,
1833 4374 2022 4429 magna

432 4449 560 4504 licet
597 4465 720 4505 cum
771 4449 1073 4522 dignitate.
1129 4451 1182 4504 in
1215 4450 1395 4520 pepuli
1444 4450 1745 4521 frequentia
1793 4453 2020 4507 versari.

435 4541 480 4594 E
520 4542 792 4596 contrario
819 4541 908 4610 qui
937 4539 1347 4596 Ordinationem
1394 4541 1565 4612 ipsam
1610 4543 1807 4611 respici
1848 4557 2021 4595 anno-

434 4647 554 4685 rum
599 4632 872 4687 notatione
911 4632 1000 4687 illa
1048 4634 1397 4697 existimant,
1431 4648 1531 4689 nee
1574 4633 1774 4688 habent
1799 4650 1905 4704 quo
1934 4651 2022 4689 se-

433 4739 558 4779 cum
605 4724 835 4780 invicem
893 4733 1043 4794 gesta
1086 4725 1408 4791 concilient,
1458 4734 1511 4779 et
1564 4725 1618 4780 in
1664 4724 1878 4780 diversa
1918 4726 2020 4780 alia

434 4815 613 4869 omnia
632 4814 852 4870 abeunt.
879 4815 1120 4886 Denique
1149 4824 1339 4870 etcum
1361 4816 1558 4871 audent
1577 4817 1634 4873 S.
1661 4817 1833 4872 Patris
1856 4819 2020 4872 textui

435 4918 626 4960 manus
657 4904 876 4972 inferre,
904 4917 962 4960 ut
988 4923 1084 4976 pro
1113 4907 1375 4974 tredecim,
1399 4908 1621 4964 rescribi
1649 4909 1903 4964 sexdecim
1931 4925 2022 4965 ve-

434 4995 554 5060 lint,
585 4995 1048 5052 animadversione
1073 4997 1214 5066 digni
1268 5008 1412 5066 sunt,
1439 5008 1495 5054 nt
1521 5001 1730 5056 cautius
1754 5017 1816 5057 ac
1869 5018 2023 5057 reve-

433 5088 641 5141 rentius
663 5087 1043 5159 Antiquorum,
1075 5100 1129 5145 et
1155 5089 1375 5145 Patrum
1409 5093 1707 5161 prazsertim
1751 5094 2019 5166 attingere

434 5187 783 5234 monumenta
813 5178 1044 5235 discant.

1092 5337 1242 5396 CAP.
1272 5339 1354 5395 Vl.

437 5525 480 5581 ι.
504 5525 773 5582 Antiochia
797 5525 1286 5601 Constantirwpolim
1306 5531 1678 5601 peregrinatur,
1710 5531 1796 5584 ubi
1827 5530 2018 5602 Grego-

503 5621 633 5674 rium
659 5619 984 5676 Nazazenum
1008 5625 1168 5678 audit.
1203 5624 1269 5678 ll.
1301 5623 1500 5678 Ibidem
1534 5621 1822 5677 Clironicon
1856 5623 2015 5676 Ειηει

477 5707 572 5764 :bii
602 5709 780 5766 Latine
798 5715 976 5778 vertit,
1003 5716 1380 5784 continuatque.
1409 5713 1492 5767 lll.
1523 5710 1776 5765 Homilias
1822 5728 2016 5781 quoatse

2223 406 2456 479 Origenis
2494 408 2786 480 vigintiocto
2829 411 3204 484 interpretatur.
3232 412 3323 468 Π.
3356 413 3550 470 Scribit
3580 417 3732 471 etiam

2221 498 2510 554 Tractatum
2533 503 2596 554 de
2621 501 2914 571 Serapltint.
3725 516 3734 522 '

2217 591 2367 658 Quod
2392 592 2561 646 nollet
2590 592 2944 664 Hieronymus
2975 595 3228 650 solitaria:
3278 596 3404 651 vita;
3455 596 3730 653 desiderio

2145 699 2426 749 accensus,
2460 685 2720 740 Ecclesiae
2751 688 2982 742 servitiis
3009 687 3300 757 mancipari
3321 728 3338 755 ,
3387 687 3516 742 illud
3565 689 3730 744 etiam

2145 790 2331 829 caussa
2380 777 2498 844 fuit,
2525 777 2664 848 quod
2692 794 2877 832 amore
2905 779 2956 834 in
2984 779 3098 835 dies
3129 778 3296 850 magis
3335 780 3577 836 discendi
3609 797 3732 851 age-

2146 877 2315 929 retur,
2348 879 2399 921 et
2430 885 2526 922 eos
2547 870 2632 937 qui
2664 881 2814 923 erant
2847 887 2955 940 pra:
2973 871 3184 927 caneris
3212 872 3604 927 Ecclesiasticze
3637 874 3726 925 lit-

2147 966 2395 1012 lt‘l’nltll‘ﬂ.‘
2439 958 2575 1012 fama
2627 960 2899 1030 insignes,
2950 962 3137 1029 adire,
3190 974 3245 1017 et
3293 963 3580 1034 magistros
3631 965 3733 1018 sibi

2143 1051 2401 1106 adhibere
2435 1053 2618 1106 vellet.
2655 1055 2724 1106 Ea
2757 1055 2822 1109 de
2873 1071 3060 1109 caussa
3109 1056 3484 1121 Antiochiam,
3534 1057 3726 1112 studiis

2147 1145 2374 1211 partium
2423 1147 2619 1200 misvre
2645 1147 2933 1216 agitatam,
2966 1147 3380 1220 derelinquens,
3412 1150 3728 1205 Constanti-

2145 1237 2383 1304 nopolim
2431 1238 2699 1307 profectus
2727 1248 2808 1294 est
2840 1257 2852 1293 :
2888 1241 2976 1295 ubi
3003 1241 3200 1296 Sancto
3235 1241 3497 1312 Gregorio
3523 1242 3732 1296 Nazan-

2143 1342 2300 1388 zeuo,
2336 1327 2488 1397 cujus
2512 1331 2870 1397 eloquentiam
2900 1342 2953 1384 et
2995 1332 3393 1400 Scripturarum
3431 1333 3732 1388 doctrinam

2141 1431 2482 1489 summopere
2533 1420 2900 1474 admirabatur
2921 1464 2935 1486 ,
2964 1421 3017 1476 in
3051 1421 3391 1492 disciplinam
3430 1437 3489 1477 se
3539 1424 3681 1477 dedit
3711 1466 3726 1485 ,

2141 1527 2368 1581 cumquo
2395 1513 2727 1568 catechisten
2761 1514 3034 1582 habuisse,
3069 1508 3306 1583 pluribus
3335 1517 3386 1570 in
3435 1517 3568 1571 locis
3612 1518 3730 1586 glo-

2140 1603 2307 1655 riatur
2334 1602 2456 1672 (Ep.
2492 1602 2552 1656 L.
2583 1613 2732 1674 atque
2751 1605 2919 1673 alibi).
2953 1605 3252 1661 Profecisse
3277 1607 3440 1661 etiam
3480 1623 3540 1662 se
3587 1611 3729 1662 mni-

2142 1703 2248 1745 Imn
2281 1734 2293 1754 ,
2327 1708 2393 1746 eo
2443 1706 2774 1764 pra-ceptore
2799 1739 2812 1761 ,
2846 1697 2896 1750 in
2931 1697 3228 1752 divinarum
3277 1715 3455 1754 rerum
3503 1701 3727 1755 scientia

2143 1784 2250 1852 (ob
2279 1802 2435 1852 quant
2472 1786 2560 1838 ille
2612 1785 2870 1857 Theologi
2922 1799 3280 1858 cognomento
3323 1791 3557 1845 donatus
3605 1794 3730 1860 est)

2142 1875 2418 1943 profitetur
2469 1874 2676 1945 (Contra
2702 1875 2877 1931 Jovin.
2905 1879 2993 1934 lib.
3023 1880 3078 1932 1.
3099 1879 3273 1934 Contr.
3307 1880 3454 1948 [iu/7'.
3491 1882 3575 1936 lib.
3605 1882 3676 1954 Ι)
3711 1901 3727 1939 :

2148 1977 2200 2021 et
2227 1969 2722 2035 scrnmcinationcs,
2740 1985 2870 2039 quas
2897 1985 3079 2026 secum
3097 1971 3298 2036 habuit,
3319 1988 3724 2045 nonnumquam

2150 2059 2323 2114 ali'ert.
2353 2058 2457 2114 Sed
2497 2070 2550 2113 et
2574 2062 2826 2129 prwclare
2847 2075 3026 2116 secum
3051 2065 3163 2131 ipso
3190 2073 3365 2118 actum
3395 2065 3724 2120 existimavit

2140 2149 2228 2218 (In
2263 2149 2394 2220 Eph.
2427 2169 2473 2205 c.
2507 2153 2622 2221 5.),
2655 2153 2794 2224 quod
2843 2153 3096 2210 Sanctum
3140 2171 3353 2226 quoque
3404 2157 3727 2229 Gregorium

2139 2237 2434 2312 Nyssemnn
2470 2261 2564 2312 per
2595 2246 2731 2299 idem
2781 2255 2989 2316 tempus
3035 2247 3229 2303 ibidem
3261 2251 3439 2302 novit:
3475 2252 3566 2320 qui
3617 2253 3719 2306 sibi

2136 2344 2190 2399 et
2218 2336 2520 2403 Cogntunini
2551 2335 2871 2392 Nazanzcno
2890 2380 2904 2402 ,
2934 2355 3068 2408 quos
3094 2339 3380 2410 scripserat
3405 2353 3589 2396 centra
3616 2341 3725 2397 Eu-

2137 2425 2397 2490 nomimn,
2429 2428 2614 2497 plenos
2657 2430 2969 2482 eruditionis
2997 2445 3058 2484 ac
3085 2431 3342 2486 doctrina:
3371 2432 3539 2487 libros
3583 2451 3725 2504 pra:-

2140 2521 2284 2590 lcgit.
2323 2523 2498 2578 Facile
2527 2524 2611 2580 hic
2655 2543 2712 2580 se
2755 2525 3274 2595 Constantinopolim
3323 2531 3609 2584 contulerit
3658 2531 3724 2586 ad

2142 2616 2526 2668 ascmnenicmn
2565 2617 2859 2671 secundam
2904 2618 3360 2690 Synodum,qu:e
3409 2622 3587 2675 habita
3642 2632 3725 2678 cst

2133 2720 2273 2757 anno
2317 2705 2417 2759 581
2481 2715 2534 2760 et
2580 2719 2860 2778 antequam
2908 2709 3312 2777 celebraretur,
3362 2713 3611 2767 nimirum
3669 2723 3726 2768 ut

2135 2795 2378 2861 quoniam
2431 2813 2550 2850 cum
2600 2798 2915 2853 Nazanzcno
2961 2803 3261 2866 conferret,
3311 2818 3377 2857 co
3427 2806 3592 2858 venit.
3631 2806 3725 2858 llic

2133 2886 2276 2940 enim
2333 2889 2493 2955 regia:
2538 2890 2684 2942 urbis
2717 2891 3090 2959 l'lpisctipatum
3137 2907 3233 2961 per
3292 2892 3432 2948 idem
3482 2905 3720 2949 tantum-

2133 2979 2290 3031 modo
2323 2988 2530 3047 tempus
2575 2982 2759 3046 lenuit,
2797 2998 2824 3032 a
2857 2981 2996 3034 Maio
3043 2983 3246 3037 scilicet
3273 2983 3392 3052 ejus
3420 2987 3567 3044 anni,
3605 2996 3724 3056 post

2135 3070 2300 3139 abrog
2339 3080 2449 3122 tum
2477 3069 2759 3124 Maximum
2793 3070 3088 3140 Cynicum,
3118 3073 3183 3125 ad
3211 3072 3408 3127 lolium
3440 3090 3681 3130 mensem
3703 3119 3722 3144 ,

2131 3177 2237 3230 quo
2265 3179 2324 3216 se
2350 3177 2406 3214 si:
2442 3163 2553 3230 ipse
2586 3165 2637 3216 itt
2685 3164 3019 3218 metttneniCti
3065 3164 3307 3218 Concilio
3331 3178 3528 3235 sponte
3571 3169 3724 3222 abdi-

2132 3255 2287 3306 cavit.
2315 3255 2381 3307 Et
2410 3253 2732 3324 Episcopum
2765 3267 2942 3310 tamen
2970 3258 3180 3328 agebat,
3205 3273 3324 3312 cum
3347 3258 3464 3329 ejus
3481 3269 3722 3315 uteretur

2136 3345 2492 3417 Hieronymus
2543 3348 2972 3401 eot‘tsnetudine:
3025 3347 3077 3400 id
3122 3349 3266 3417 quod
3317 3348 3725 3407 Commentario

2133 3438 2183 3491 in
2235 3437 2380 3492 lsaia:
2410 3454 2529 3509 cap.
2561 3438 2615 3505 6,
2645 3449 2871 3493 teStatnr
2896 3455 2910 3502 ;
2955 3439 3084 3492 Ante
3103 3457 3287 3501 annos,
3321 3443 3592 3512 inquiens,
3619 3445 3722 3496 Cir-‘-

2131 3532 2253 3584 citer
2283 3531 2488 3602 triginta
2513 3548 2627 3584 cum
2657 3548 2814 3584 essent
2845 3530 3304 3601 Constantinopoli,
3329 3543 3376 3586 et
3396 3536 3536 3604 apud
3556 3537 3722 3590 virum

2129 3623 2588 3692 eloquentissimum
2621 3621 2920 3694 Gregorium
2946 3621 3329 3691 Nazanzenum,
3359 3634 3475 3680 tunc
3490 3629 3720 3698 ejusdem

2129 3715 2267 3768 urbis
2300 3712 2634 3785 EpiscOpum,
2662 3725 2956 3769 sanctarum
2982 3715 3366 3786 Scripturarum
3395 3720 3579 3773 studiis
3605 3739 3723 3774 eru-

2130 3806 2300 3873 direr,
2329 3806 2433 3860 scio
2466 3823 2542 3859 me
2590 3808 2783 3861 brevem
2823 3808 3042 3860 dictasse
3069 3807 3389 3879 subitumque
3426 3809 3721 3864 Tractatum

2130 3907 2223 3952 etc.
2251 3898 2433 3968 Neque
2459 3901 2600 3952 enim
2636 3899 2756 3969 jure
2782 3900 2912 3954 satis
2941 3899 3153 3954 videtur
3192 3901 3302 3972 ejus
3334 3902 3472 3955 urbis
3501 3902 3721 3969 Episco-

2130 4007 2225 4059 pus
2255 3989 2358 4043 dici
2393 3991 2627 4058 potuisse
2653 3992 2723 4045 ob
2747 3983 2812 4045 eo
2838 4001 3095 4060 tempore,
3125 4008 3231 4062 quo
3261 4008 3376 4047 eam
3423 3993 3718 4049 Ecclesiam

2128 4082 2597 4135 administraturus
2623 4084 2872 4149 accessit,
2900 4083 3119 4138 ineunte
3145 4084 3426 4152 anno379,
3462 4088 3547 4140 vel
3578 4087 3719 4141 inse-

2127 4172 2332 4240 quenti,
2364 4187 2485 4226 cum
2517 4172 2584 4226 ab
2621 4172 2953 4242 lmperatore
3003 4174 3306 4229 Theodosio
3351 4175 3403 4228 in
3457 4175 3716 4231 Basilica-

2129 4278 2246 4315 rmn
2298 4263 2544 4332 ejusdem
2601 4265 2750 4319 urbis
2798 4267 3196 4336 possessionem
3245 4267 3442 4322 missus
3496 4269 3617 4324 fuit.
3653 4271 3719 4325 Et

2128 4368 2342 4421 quoquo
2390 4353 2601 4407 tandem
2633 4369 2693 4410 se
2742 4371 2830 4410 res
2883 4356 3043 4410 modo
3072 4357 3300 4419 habeat.
3345 4359 3478 4414 satis
3536 4372 3715 4415 tamen

2129 4443 2251 4498 inde
2278 4453 2420 4497 recte
2441 4445 2743 4513 coniicitur,
2762 4448 2904 4516 quod
2937 4450 3258 4505 narrationis
3290 4453 3550 4507 instituta:
3576 4453 3713 4508 ordo

2127 4533 2369 4605 designat
2401 4535 2784 4609 lliernnymum
2835 4539 3299 4611 Constantinopoli
3347 4544 3415 4598 ab
3460 4559 3553 4598 an.
3583 4545 3707 4600 580.

2127 4624 2194 4678 ad
2236 4625 2567 4696 insequentis
2595 4630 2808 4683 circiter
2837 4631 3068 4684 medium
3091 4635 3426 4687 constitisse.

2201 4716 2263 4771 ll.
2293 4718 2459 4773 Porro
2508 4721 2648 4775 inter
2678 4722 2873 4790 ingenii
2903 4723 2984 4777 sui
3003 4726 3352 4790 monimenta,
3375 4743 3495 4797 qua:
3519 4728 3718 4784 ibidem

2126 4823 2325 4880 agens,
2380 4811 2549 4866 literis
2576 4813 2950 4882 consignavit,
3006 4816 3234 4884 primunt
3275 4817 3481 4873 obtinet
3537 4820 3715 4875 locum

2127 4899 2422 4956 Clironicon
2447 4904 2753 4959 omnimodae
2786 4906 3033 4974 historia»,
3057 4909 3199 4978 quod
3229 4911 3298 4964 ab
3323 4911 3554 4968 Eusebio
3598 4913 3718 4968 Ca:-

2127 4993 2363 5046 sareensi
2393 4992 2579 5048 Crwce
2607 4996 2988 5065 perscriptum,
3036 4998 3088 5053 in
3113 4999 3364 5056 Latinum
3402 5005 3715 5070 convertit,

2128 5076 2368 5152 pluribus
2389 5083 2542 5150 locis,
2570 5101 2693 5156 quae
2732 5087 2800 5141 ad
2844 5087 3116 5146 Romanas
3144 5095 3439 5162 prwscrtim
3472 5112 3559 5151 res
3593 5112 3718 5167 ερε-

2126 5173 2403 5240 ctant,de
2432 5174 2670 5231 Suetoaii
2718 5179 3055 5251 aliorumque
3112 5183 3426 5242 Latinorum
3475 5187 3719 5244 historiis

2125 5266 2292 5326 auxit,
2323 5265 2553 5334 denique
2583 5279 2610 5319 a
2639 5267 2901 5336 vigesimo
2918 5284 3060 5324 anno
3078 5272 3418 5331 Constantini
3448 5277 3581 5348 (quo
3612 5280 3721 5335 line

2127 5355 2342 5410 Eusebii
2390 5371 2526 5425 opus
2554 5359 2913 5431 concluditur)
2944 5363 3010 5417 ad
3044 5377 3273 5422 mortem
3307 5385 3480 5439 usque
3511 5371 3717 5427 Valen-

2127 5445 2230 5510 tis,
2264 5445 2314 5499 id
2347 5455 2460 5511 est,
2488 5461 2686 5500 annum
2727 5449 2832 5504 378
2879 5461 3047 5508 totum
3097 5457 3164 5511 de
3207 5473 3306 5512 suo
3358 5463 3716 5520 continuavit.

2124 5533 2230 5589 Sed
2261 5535 2450 5589 mirum
2473 5536 2605 5591 illud
2633 5553 2696 5592 ac
2722 5537 2836 5596 fere
2854 5558 3011 5612 supra
3040 5549 3544 5619 admirabilitatem,
3569 5557 3717 5624 quod

2127 5633 2290 5679 tanta:
2336 5625 2494 5680 molis
2533 5640 2671 5696 opus
2728 5645 2961 5701 propere
3005 5635 3257 5692 dictando
3304 5639 3626 5700 lucubrarit.
3663 5646 3721 5700 In

2130 5714 2484 5770 Prtelatioue.
2515 5731 2676 5774 etiam
2707 5720 3011 5782 Vincentio.
3043 5727 3108 5782 de
3153 5745 3257 5799 quo
3290 5733 3424 5787 satis
3473 5738 3717 5807 superius
