4004 6328
266 373 331 429 ιδ
1517 358 1576 414 s.
1617 353 1993 431 IIIERONYMI
2033 355 2213 416 vm.

215 527 218 530 -
264 491 450 545 dictum
505 495 630 552 est,
683 493 740 540 et
792 481 1033 540 Gallieno
1063 521 1079 546 ,
1127 493 1287 550 qttetn
1335 477 1676 546 ignoramus,
1742 472 1828 524 in-

265 580 517 650 scripsit,
571 578 671 632 sub
727 577 888 631 ﬁnem
914 616 929 640 ,
989 571 1269 628 historiam
1317 566 1604 624 Theodosii
1675 563 1830 667 alteri

261 689 316 728 se
379 670 656 742 scriptioni
710 681 991 723 reservare
1059 662 1322 733 signiﬁcat
1376 676 1390 712 :
1444 674 1511 714 ex
1560 672 1668 728 quo
1717 662 1831 725 jam

259 740 462 834 aliquod
512 740 632 831 ejus
672 759 922 826 imperii,
951 755 1092 827 quod
1131 754 1248 809 iniit
1287 766 1428 806 anno
1467 747 1572 805 379
1621 756 1832 814 tempus

258 856 520 914 efﬁnxisse
545 853 841 922 intelligas,
875 853 1155 921 ipsumque
1181 846 1316 901 adeo
1345 844 1665 899 Cltrouicum
1691 853 1830 908 opus

257 946 454 1002 nonnisi
482 946 788 1016 insequenti
807 957 970 1009 anno,
1001 950 1058 995 ut
1088 941 1264 1003 citius,
1290 934 1518 991 adscribi
1545 930 1830 987 commode

255 1054 422 1110 posse.
446 1037 564 1092 Alia
589 1053 656 1091 ex
688 1047 844 1108 parte
876 1051 941 1088 ne
987 1033 1162 1090 serius
1189 1030 1502 1093 diﬂ'eratur,
1546 1034 1686 1079 vetat
1707 1038 1830 1093 quze

252 1133 359 1198 eius
397 1131 602 1185 mentio
635 1128 698 1183 ﬁt
736 1130 787 1183 in
844 1126 1076 1197 Epistula
1123 1122 1317 1179 XVIII.
1350 1120 1414 1174 ad
1448 1120 1726 1172 Damasum
1764 1114 1830 1168 de

251 1221 545 1290 Serapltint,
595 1233 759 1290 quam
808 1217 1025 1272 ineunte
1068 1229 1209 1268 anno
1255 1213 1352 1267 58I
1407 1209 1658 1278 scriptam
1702 1219 1826 1258 mox

248 1312 607 1367 ostendemus.
641 1311 711 1366 Et
732 1310 844 1368 scio
867 1307 951 1362 his
991 1308 1205 1378 quidem
1254 1302 1546 1357 rationibus
1577 1297 1703 1352 illud
1734 1312 1826 1350 re-

249 1423 478 1477 pugnare
501 1406 788 1475 ipsiusmet
806 1404 864 1460 S.
881 1402 1056 1459 Patris
1075 1401 1433 1456 testimonium
1466 1395 1634 1464 Epist.
1662 1391 1823 1448 LVII.

246 1519 380 1556 nutu.
412 1502 467 1557 5.
485 1501 574 1555 ubi
603 1509 725 1554 ante
745 1515 906 1553 annos
931 1498 1130 1551 circiter
1150 1495 1324 1566 viginti
1346 1507 1405 1547 se
1425 1491 1496 1546 ait
1517 1487 1825 1545 Chronicon

244 1593 372 1648 istud
420 1592 472 1646 in
508 1592 767 1646 Latinum
799 1590 1048 1653 vertisse,
1076 1603 1195 1642 cum
1231 1587 1343 1655 ipsa
1375 1592 1552 1637 tamen
1585 1580 1824 1651 Epistola

241 1700 371 1738 anno
416 1686 542 1739 data
569 1685 647 1740 sit
697 1681 802 1738 595
855 1680 1069 1737 nemine
1095 1678 1462 1734 dissentiente.
1490 1673 1596 1729 Sed
1643 1670 1823 1726 monui

239 1793 329 1847 ego
351 1777 699 1846 jamdudum,
720 1789 957 1830 errorem
1005 1774 1072 1827 ibi
1101 1772 1151 1826 in
1184 1771 1468 1824 numcrieis
1511 1767 1651 1822 notis
1693 1766 1826 1819 irre-

241 1869 420 1936 psisse,
452 1868 897 1937 Antiquariorum
947 1863 1246 1925 oscitztntia,
1271 1860 1359 1928 qui
1405 1857 1524 1912 XX.
1552 1857 1822 1911 Romanas

237 1970 380 2014 notas
405 1959 571 2014 obvio
603 1960 758 2030 lapsu
791 1957 1056 2026 scripsere
1102 1970 1199 2024 pro
1244 1950 1360 2006 XV.
1388 1948 1539 2018 Quod
1584 1961 1704 2002 cum
1753 1944 1823 1999 sit

237 2068 295 2107 ex
339 2053 604 2107 hactenus
649 2050 808 2106 dictis
832 2091 848 2115 ,
877 2049 1102 2118 aliisque
1149 2061 1248 2100 suo
1279 2045 1397 2098 luco
1450 2039 1628 2094 allatis
1660 2052 1822 2108 argu-

235 2147 420 2201 mentis
446 2153 792 2214 compertum
823 2142 980 2212 plane
1010 2150 1170 2208 atque
1199 2136 1438 2201 evidens,
1471 2144 1524 2188 et
1553 2130 1822 2185 nihilomi-

233 2253 325 2292 nus
351 2247 563 2293 textum
595 2237 884 2290 immutare
905 2233 1105 2301 absque
1134 2243 1264 2283 mss.
1292 2242 1396 2295 ope
1418 2224 1546 2279 mihi
1579 2219 1823 2290 religioni

231 2329 473 2384 duxerim
505 2348 520 2384 :
554 2330 814 2383 inventus
843 2335 926 2380 est
961 2333 1137 2377 tamen
1166 2329 1326 2374 tantre
1378 2319 1540 2370 homo
1569 2314 1823 2368 dicacita-

230 2420 310 2482 tis,
342 2421 439 2490 qui
465 2420 572 2473 hac
603 2420 719 2488 ipsa
751 2417 819 2470 de
845 2430 1032 2469 caussa
1060 2411 1250 2465 studiis
1279 2408 1475 2462 nostris
1494 2403 1820 2460 detraheret.

289 2511 382 2566 III.
430 2511 636 2565 Statim
665 2507 735 2562 ab
759 2505 1026 2559 Chronico
1056 2503 1108 2556 iu
1137 2515 1354 2555 suorum
1399 2497 1648 2565 Catalogo
1686 2495 1826 2561 0pc-

227 2618 341 2657 rum
373 2609 635 2655 recenset
685 2599 744 2652 S.
777 2600 936 2652 Pater
963 2597 1017 2649 in
1047 2594 1320 2648 Jeremiam
1340 2633 1356 2658 ,
1387 2599 1436 2646 et
1485 2590 1538 2642 in
1587 2587 1823 2642 Ezechiel

227 2693 491 2747 llomilias
527 2691 768 2761 Origenis
790 2688 1102 2759 vigintiocto,
1141 2700 1265 2755 quas
1285 2725 1300 2748 ,
1331 2682 1528 2752 inquit,
1557 2681 1619 2732 de
1641 2678 1818 2732 Grtvco

225 2788 272 2837 in
295 2783 548 2837 Latinum
579 2783 708 2836 verti
737 2797 758 2835 :
789 2791 898 2834 tttm
929 2779 1126 2840 subdit,
1160 2776 1238 2830 De
1267 2774 1561 2843 Serapltint.
1593 2772 1658 2826 Et
1686 2787 1816 2827 sane

228 2877 348 2930 nihil
376 2885 464 2930 est
490 2873 740 2936 dubium,
770 2871 896 2941 quin
928 2885 1024 2939 per
1043 2869 1206 2922 hocce
1233 2877 1461 2937 tempus,
1495 2879 1615 2918 cum
1639 2861 1815 2916 adhuc

226 2975 359 3021 esset
387 2962 865 3032 ConstantinOpuli
888 3001 905 3026 ,
946 2959 1060 3014 hanc
1086 2974 1294 3028 quoque
1340 2972 1501 3025 opera
1529 2954 1812 3010 elucubra-

227 3061 306 3112 rit.
333 3059 683 3127 Quamquam
734 3055 854 3108 aliis
883 3067 1038 3108 secus
1068 3053 1238 3106 visum
1267 3049 1439 3104 estde
1469 3049 1573 3102 illis
1599 3048 1649 3101 in
1683 3047 1822 3122 Eze;

227 3150 353 3205 chiel
381 3191 397 3216 ,
447 3163 592 3219 quas
636 3147 807 3200 multo
857 3145 1031 3200 serius
1074 3143 1141 3198 ab
1189 3158 1254 3198 eo
1305 3141 1538 3197 redditas
1583 3139 1809 3204 Latine,

227 3236 735 3307 contendunt,quod
757 3237 808 3289 in
827 3250 1014 3290 earum
1033 3232 1368 3298 Prml’atione,
1393 3230 1600 3300 Didymi
1628 3230 1808 3299 (quem

229 3336 392 3387 solum
423 3348 554 3388 eum
608 3331 662 3384 in
690 3329 982 3399 Egyptum
1028 3327 1298 3396 profectus
1339 3333 1456 3388 est,
1507 3322 1666 3390 idque
1692 3330 1806 3391 post

229 3442 387 3482 annos
415 3425 534 3482 fere
558 3440 674 3483 sex.
709 3421 936 3490 audivit)
969 3419 1290 3475 sententiam
1323 3417 1522 3472 laudet.
1551 3415 1712 3484 Quasi
1742 3413 1811 3468 de

232 3519 360 3574 illius
378 3534 504 3584 ore,
531 3532 664 3582 non,
695 3515 843 3586 quod
867 3513 1087 3569 credere
1119 3528 1212 3582 par
1241 3520 1342 3575 est,
1373 3526 1436 3566 ex
1464 3509 1645 3579 aliquo
1665 3506 1812 3578 ejus-

231 3611 341 3667 dem
373 3613 542 3676 libro,
575 3621 802 3664 necesse
829 3609 920 3674 sit,
954 3605 1318 3674 utexceperit.

296 3704 381 3759 IV.
416 3704 736 3759 Tractatum
765 3701 828 3755 de
849 3700 1142 3770 Serapliim,
1162 3713 1320 3770 quem
1347 3696 1505 3767 justis
1545 3695 1614 3750 de
1650 3707 1810 3748 caus-

233 3797 318 3857 sis,
346 3805 404 3850 ut
435 3810 540 3850 suo
567 3797 688 3850 loco
715 3793 898 3848 videre
925 3801 1030 3855 est,
1061 3792 1199 3844 inter
1222 3788 1491 3857 Epistolas
1520 3785 1620 3840 sub
1661 3799 1808 3838 num.

233 3885 410 3941 XVIII.
447 3885 515 3941 ad
545 3885 830 3940 Damasum
861 3881 1250 3945 recensuimus,
1272 3878 1457 3932 amicis
1483 3873 1810 3944 jubentilms,

238 3980 367 4048 regia
395 3979 458 4033 iu
491 3978 626 4032 urbe
676 3976 915 4030 dictavit.
969 3971 1195 4027 Dictavit
1251 3979 1428 4024 autem
1481 3967 1810 4034 interrupte,

236 4070 363 4136 t|ttud
415 4069 704 4124 oculormn
756 4067 944 4120 dolore
997 4063 1268 4118 laboraret
1314 4067 1546 4130 :postea
1588 4057 1813 4112 Romam

241 4161 490 4224 veniens,
528 4159 760 4213 Damaso
781 4197 799 4223 ,
851 4156 936 4210 cui
983 4169 1126 4209 nunc
1153 4151 1461 4206 inscribitur
1484 4191 1498 4214 ,
1530 4147 1814 4217 legendum

240 4255 394 4310 dedit.
429 4255 564 4321 Ejus
593 4255 650 4309 S.
681 4253 841 4307 Pater
868 4248 1112 4304 meminit
1132 4246 1370 4318 Epistula
1391 4242 1815 4312 LXXXIV.qu:e

238 4347 294 4400 ad
316 4363 514 4401 annum
543 4345 761 4401 circiter
789 4342 896 4399 400
947 4341 1216 4412 pertinet,
1252 4340 1429 4409 ibique
1458 4337 1658 4392 editum
1687 4334 1814 4390 dicit

239 4450 344 4494 ante
362 4455 527 4493 anuos
552 4437 751 4509 viginti.
784 4435 984 4491 Locum
1016 4434 1058 4488 si
1104 4449 1225 4487 cum
1251 4448 1318 4487 eo
1348 4429 1596 4486 conferas
1634 4428 1818 4498 hujus-

248 4543 345 4587 met
369 4531 679 4596 Tractatus,
709 4528 795 4582 ubi
821 4525 1072 4581 Chronici
1100 4524 1424 4579 mentionem
1460 4519 1586 4575 facit
1611 4520 1813 4590 (quem,

243 4627 343 4692 ait,
372 4623 688 4696 Tentporum
718 4620 902 4675 librant
927 4661 944 4686 ,
981 4635 1088 4674 nos
1113 4618 1166 4671 in
1206 4615 1439 4669 Latinam
1481 4615 1708 4684 linguam
1755 4627 1818 4664 ea:

245 4716 409 4773 Graeco
456 4732 694 4772 sermone
740 4713 1132 4782 transtulimus)
1190 4711 1424 4780 itemque
1466 4724 1587 4764 cum
1635 4707 1724 4761 illo
1765 4706 1816 4760 in

247 4809 379 4863 lsaire
403 4818 566 4879 caput
594 4807 682 4860 VI.
713 4806 802 4860 ubi
847 4819 1018 4858 annos
1061 4803 1261 4856 circiter
1291 4801 1500 4870 triginta
1537 4798 1606 4852 ab
1630 4798 1810 4852 elucu-

247 4900 475 4954 laratione
501 4898 596 4952 illa
626 4903 894 4961 numerat,
920 4909 1038 4948 eum
1068 4893 1184 4962 ipse
1215 4887 1656 4958 Constantinopoli
1676 4885 1818 4955 apud

247 4991 300 5045 S.
326 4991 625 5062 Gregorium
656 4997 776 5040 tunc
804 4986 1028 5056 ejusdem
1055 4985 1194 5038 urbis
1235 4981 1547 5052 Episcopum
1581 4978 1822 5035 erudire-

248 5093 320 5136 tur
344 5101 358 5137 :
383 5081 665 5138 subductis
684 5079 851 5148 probe
896 5075 1211 5136 rationibus.
1235 5090 1356 5128 eum
1383 5071 1541 5144 plane
1561 5071 1822 5140 intelliges

249 5173 395 5229 fuisse
435 5187 581 5228 anno
607 5171 706 5226 58I
738 5169 849 5224 fere
875 5167 1052 5223 medio
1081 5165 1464 5234 conscriptum.
1491 5163 1672 5231 Neque
1693 5175 1821 5217 vero

255 5279 547 5323 nostrarum
594 5272 674 5319 est
709 5263 937 5332 partium
993 5261 1109 5314 luce"
1153 5259 1308 5312 latius
1364 5257 1649 5328 persequi,
1702 5252 1821 5324 quin

251 5360 366 5412 satis
403 5355 621 5412 abunde
649 5354 762 5408 suis
793 5353 926 5407 locis
955 5351 1363 5406 edisseruimus.
1398 5347 1605 5403 Cattera
1631 5347 1821 5410 etiam,

252 5466 356 5517 qua:
378 5451 444 5504 ad
469 5450 588 5519 ejus
615 5445 923 5517 scriptionis
953 5443 1208 5506 indolem,
1237 5440 1471 5495 maxime
1501 5454 1630 5494 vero
1659 5438 1826 5493 Addi—

254 5541 634 5597 tionem'illam
682 5547 963 5608 spectant,
1010 5551 1166 5606 quam
1211 5533 1472 5588 Barouius
1524 5532 1825 5602 insequenti

257 5645 402 5698 anno,
430 5643 485 5689 et
513 5647 636 5687 cum
679 5630 904 5684 Romam
934 5627 1170 5682 venisset
1188 5625 1245 5681 S.
1276 5625 1454 5690 Pater,
1487 5623 1824 5696 subiunctum

258 5733 501 5791 autumat,
533 5723 646 5778 suis
673 5719 856 5776 itidem
885 5718 1017 5775 locis
1043 5717 1308 5789 disputata
1327 5724 1471 5773 sunt.

3462 375 3532 430 66

2572 478 2727 534 CAP.
2755 480 2897 537 XIV.

1941 561 1980 616 l.
2009 561 2448 637 Constantinopoli
2467 567 2682 622 Romam
2702 570 2771 624 ad
2789 572 3060 643 Synodum
3080 577 3435 646 proﬁciscitur.
3459 579 3545 653 Il._

1947 671 1950 673 λ
2008 654 2036 709 1
2044 656 2092 709 bi
2119 655 2341 712 Damaso
2356 661 2419 714 ab
2435 659 2678 731 Epistolis
2699 661 2930 734 elegitur,
2952 668 3158 740 ejusque
3185 673 3386 727 nomine
3405 689 3501 727 con
3515 701 3530 716 -

2007 749 2362 805 saltationibus
2383 751 2606 807 Orientis
2633 764 2784 827 atque
2809 755 3095 814 Occidentis
3115 762 3404 832 respondet.
3432 763 3522 820 III.

2009 837 2063 892 Ν
2068 857 2156 894 unt
2176 838 2449 914 Presbyter
2468 843 2762 901 Cardinalis
2783 846 3076 916 fuerit?!“
3102 849 3269 906 Solvit
3298 853 3524 909 Damaso

2005 934 2302 1002 questiones
2319 935 2382 990 de
2402 934 2632 1003 Osanna,
2647 948 2692 992 et
2712 939 2775 993 de
2789 938 2982 995 duobus
2996 941 3140 1010 ﬁliis,
3157 944 3298 1016 frugi
3305 955 3352 999 et
3371 946 3524 1000 luxu-

2007 1023 2164 1078 rioso.
2192 1025 2254 1080 V.
2272 1025 2520 1097 Ejusdem
2547 1040 2726 1100 rogatu
2747 1029 3026 1103 Evangelia
3047 1031 3242 1088 (ἔνατα
3259 1037 3382 1106 ﬁdet
3403 1037 3521 1092 red-

2004 1116 2099 1171 dit.
2111 1117 2509 1175 VI.Psalterium
2520 1139 2717 1193 quoque
2735 1127 2920 1179 cursim
2925 1127 3080 1196 juxta
3089 1125 3187 1182 LX
3188 1126 3241 1182 Χ
3246 1131 3520 1187 .emendat.

2007 1205 2340 1264 Intereadmn
2372 1212 2488 1266 haec
2530 1223 2828 1284 geruntur,
2863 1214 3087 1272 Orientis
3132 1227 3181 1272 et
3232 1218 3520 1278 Occidentis

1933 1299 2219 1371 Episc0pos
2247 1303 2309 1358 ob
2357 1307 2602 1374 quasdam
2633 1306 2982 1366 Ecclesiarum
3003 1313 3375 1382 dissensiones,
3407 1316 3520 1371 Ro-

1931 1407 2067 1444 mam
2093 1390 2395 1462 Imperiales
2416 1396 2575 1452 litera:
2606 1409 2921 1469 contraxere,
2947 1411 3009 1456 ut
3047 1403 3160 1474 ipse
3199 1404 3434 1476 loquitur
3456 1410 3515 1465 S.

1933 1481 2088 1538 Pater
2134 1483 2306 1553 Epist.
2351 1485 2534 1542 CVIII.
2579 1489 2645 1544 ad
2705 1490 3052 1548 Eustochium
3085 1511 3101 1549 :
3129 1496 3194 1550 ad
3243 1500 3517 1554 maximam

1930 1590 2126 1645 nempe
2157 1577 2447 1647 Synodum,
2477 1580 2891 1639 utTheodoreto
2908 1587 3404 1660 vocatur(Hist.cap
3431 1592 3513 1660 8),

1928 1680 2047 1735 quae
2077 1667 2262 1722 Romae
2289 1670 2530 1727 habenda
2551 1681 2666 1728 erat
2693 1685 2812 1744 post
2834 1676 2962 1731 anni
2988 1681 3348 1736 trecentesimi
3366 1694 3515 1738 octo-

1926 1759 2117 1829 gesimi
2140 1763 2363 1818 secundi
2395 1766 2648 1820 medium.
2683 1768 2826 1824 Inter
2850 1785 2947 1825 eos
2975 1773 3063 1841 qui
3092 1773 3246 1827 acciti
3297 1773 3513 1830 fuerunt

1927 1868 1990 1906 ex
2038 1853 2290 1922 Oriente,
2338 1857 2590 1914 Paulinus
2616 1863 3022 1930 Antioclteuus,
3073 1875 3129 1920 et
3171 1865 3507 1937 Epiphanius

1930 1946 2215 2002 Salamina:
2244 1947 2404 2020 Cypri
2432 1949 2682 2023 Episcopi
2723 1953 3242 2038 Constantinopolim
3283 1974 3511 2014 conces-

1925 2050 2073 2104 sere,
2105 2049 2164 2092 ut
2189 2042 2344 2095 simul
2372 2043 2564 2098 exinde
2591 2058 2734 2102 recta
2768 2048 2991 2103 Romam
3023 2053 3352 2121 navigarent.
3375 2054 3508 2109 ilic-

1924 2145 2204 2201 ronymus,
2220 2133 2309 2203 qui
2324 2145 2677 2204 opportunam
2705 2154 2770 2194 eo
2787 2140 3154 2209 proficiscendi
3174 2145 3508 2201 occasionem

1927 2234 2307 2294 aucupaturus,
2340 2225 2392 2280 in
2415 2243 2477 2282 ea
2505 2229 2682 2284 adhuc
2709 2233 2853 2302 regia
2883 2235 3014 2288 urbe
3039 2234 3400 2300 detinebatur,
3428 2239 3512 2294 liis

1929 2331 1986 2369 se
2013 2315 2260 2371 Palribus
2282 2325 2441 2388 atque
2464 2321 2652 2375 amicis
2678 2323 2791 2377 suis
2813 2323 3010 2390 iunxit,
3034 2341 3262 2397 cumque
3306 2329 3370 2383 iis
3404 2329 3512 2384 Oc-

1928 2404 2198 2460 cidentem
2246 2410 2563 2466 transmisit.
2596 2410 2794 2466 Verum
2839 2415 3035 2486 quippe
3083 2427 3200 2486 est,
3233 2430 3323 2474 aut
3360 2431 3512 2477 certo

1927 2499 2388 2554 verosimillimum
2413 2542 2428 2565 ,
2462 2503 2603 2572 quod
2663 2503 2926 2562 Baronius
2973 2509 3098 2562 olim
3139 2512 3454 2566 existimavit
3486 2557 3504 2579 ,

1924 2589 2090 2646 fuisse
2132 2605 2256 2647 eum
2308 2608 2520 2664 quoque
2563 2610 2594 2648 a
2670 2597 2896 2653 Damaso
2950 2599 3208 2658 Pontitice
3276 2604 3504 2664 Romam

1921 2684 2149 2737 accitum
2173 2725 2188 2749 ,
2216 2695 2271 2738 ut
2295 2685 2512 2757 Synodo
2538 2687 2822 2744 interesset
2840 2732 2854 2751 ,
2886 2701 2939 2746 et
2960 2693 3290 2752 difﬁcillimis
3318 2697 3505 2755 Eccle-

1919 2776 2013 2831 size
2047 2776 2209 2832 rebus
2231 2793 2388 2848 opem
2410 2780 2654 2837 doctrina
2680 2799 2775 2839 sua
2799 2784 2984 2842 ferret.

1993 2868 2057 2922 II.
2081 2871 2254 2941 Atque
2281 2870 2398 2927 haec
2421 2872 2561 2929 forte
2585 2891 2648 2930 ea
2679 2875 3052 2934 Ecclesiastica
3081 2884 3373 2938 necessitas
3392 2896 3498 2952 est,

1917 2974 2020 3028 qua
2045 2975 2104 3014 se
2132 2960 2356 3017 Romam
2388 2973 2614 3020 tractum
2654 2967 2825 3036 EpiSt.
2849 2969 3060 3025 laudata
3093 2979 3338 3030 testatur.
3366 2975 3501 3032 Nam

1915 3058 1971 3102 et
1996 3047 2164 3104 fuisse
2201 3067 2322 3105 eum
2356 3053 2584 3110 Damaso
2613 3056 2678 3110 ab
2703 3057 2954 3127 Epistolis
2978 3060 3222 3118 dubitare
3243 3081 3346 3118 non
3375 3067 3502 3123 sinit

1916 3139 2029 3208 ipse
2058 3141 2227 3211 Epist.
2253 3141 2470 3198 CXXII.
2504 3145 2570 3198 ad
2601 3148 2954 3216 Ageruchiam
2973 3190 2989 3214 ,
3025 3151 3153 3205 Ante
3189 3170 3351 3209 annos
3370 3195 3386 3222 ,
3415 3157 3500 3211 in-

1915 3232 2138 3300 quiens,
2170 3233 2416 3302 plurintos
2463 3253 2579 3290 cum
2623 3239 2815 3294 chartis
2859 3240 3229 3300 Ecclesiasticis
3267 3248 3502 3316 juvarem

1917 3321 2168 3377 Romana:
2195 3325 2331 3380 urbis
2357 3324 2695 3398 Episcopum,
2724 3339 2772 3384 et
2801 3330 3046 3400 Orientis,
3073 3345 3222 3407 atque
3253 3336 3500 3394 Occiden-

1915 3414 1980 3467 tis
2010 3415 2283 3485 Synodicis
2312 3417 2779 3476 Consultationibus
2799 3427 3176 3495 responderem.
3206 3427 3390 3499 Neque
3417 3441 3504 3486 est

1916 3513 2114 3573 praeter
2140 3506 2670 3564 verisimilitudinem
2696 3553 2712 3579 ,
2756 3511 2858 3568 hoc
2903 3531 3025 3570 eum
3055 3521 3279 3574 munere
3321 3521 3500 3574 statim

1915 3606 2073 3666 atque
2099 3597 2164 3653 ad
2196 3598 2393 3654 Urbem
2425 3603 2690 3670 accessit,
2737 3604 2900 3662 fuisse
2925 3617 3172 3662 ornatum
3197 3650 3214 3676 ,
3246 3625 3417 3682 eoque
3447 3612 3500 3666 in

1918 3688 2157 3743 Romana
2188 3689 2406 3760 Synodo
2428 3731 2443 3757 ,
2473 3709 2593 3762 quae
2646 3696 2805 3764 paulo
2834 3707 2986 3768 post,
3016 3698 3131 3768 ipso
3153 3709 3327 3756 tamen
3358 3719 3522 3760 anno

1917 3779 2022 3835 582
2077 3791 2161 3835 est
2190 3781 2368 3836 habita
2388 3823 2406 3848 ,
2453 3785 2631 3840 ofﬁcio
2673 3787 2930 3842 functum.
2959 3792 3096 3856 Quin
3126 3793 3287 3847 etiam
3316 3795 3384 3848 ab
3439 3811 3501 3849 ea

1919 3869 2059 3923 istud
2086 3872 2290 3939 negocii
2331 3873 2626 3940 accepisse,
2656 3885 2714 3928 ut
2752 3878 2902 3932 Fidei
2949 3877 3207 3934 fomtulas
3240 3884 3511 3938 hatreticis

1921 3960 2247 4030 recipiendis
2271 3962 2603 4018 adhibendas
2632 3967 3016 4033 conscriberet,
3053 3969 3206 4025 facile
3245 3972 3506 4028 adductos

1920 4059 1980 4106 ut
2005 4050 2243 4107 credam.
2271 4052 2454 4124 Neque
2483 4054 2627 4110 enim
2657 4054 2760 4112 hoc
2797 4059 2921 4114 alibi
2952 4060 3175 4118 inﬁciari
3214 4079 3336 4119 eum
3384 4068 3501 4120 exi-

1921 4142 2083 4197 stimo
2107 4184 2122 4207 ,
2147 4151 2208 4198 ut
2237 4146 2479 4200 nonnulli
2512 4147 2698 4202 volunt
2719 4188 2733 4213 ,
2764 4149 2853 4220 qui
2885 4149 3062 4206 locum
3089 4153 3208 4222 ejus
3251 4171 3316 4210 ex
3342 4141 3343 4144 η
3366 4155 3505 4213 libro

1921 4233 1988 4289 Il.
2017 4243 2202 4290 contra
2231 4235 2502 4292 Rufliuum
2538 4254 2686 4294 num.
2713 4239 2808 4297 20.
2843 4257 3120 4312 perperam
3154 4244 3504 4316 interpretan-

1923 4334 2026 4380 tur.
2059 4327 2148 4380 Ait
2175 4327 2392 4397 quidem
2417 4327 2512 4395 ibi,
2544 4327 2670 4386 Cum
2699 4332 2826 4386 milii
2847 4350 2958 4388 mea
2985 4335 3246 4407 ingeratur
3274 4338 3463 4409 fabella
3483 4383 3498 4406 ,

1920 4433 1952 4469 a
1981 4416 2194 4487 Synodo
2218 4419 2468 4485 videlicet,
2493 4429 2540 4474 et
2564 4421 2656 4475 sub
2680 4423 2884 4478 nomine
2910 4426 3182 4495 cujusdam
3202 4430 3353 4483 amici
3391 4429 3505 4483 Da.

1921 4510 2051 4564 masi
2080 4510 2326 4565 Romanis
2353 4511 2488 4566 urbis
2517 4512 2760 4583 Episcopi
2782 4531 2872 4585 ego
2893 4523 3056 4585 petor,
3085 4518 3170 4571 cui
3214 4519 3306 4573 ille
3329 4518 3508 4576 Eccle-

1920 4601 2151 4656 siasticas
2179 4601 2436 4672 Epistolas
2460 4603 2728 4657 dictandus
2766 4605 3020 4661 tradidit:
3047 4617 3095 4661 et
3131 4607 3508 4679 Apollinarium

1922 4692 2156 4746 versutia:
2207 4693 2592 4756 describantur,
2643 4695 2781 4764 quod
2837 4697 3106 4754 Athanasii
3155 4701 3384 4768 librant,
3424 4705 3510 4758 ubi

1927 4783 2239 4838 Dominicus
2271 4784 2432 4839 homo
2461 4786 2682 4856 scriptus
2707 4797 2780 4843 est
2805 4788 2875 4842 ad
2916 4791 3182 4862 legendum
3210 4808 3469 4864 acceptum
3489 4838 3506 4860 ,

1923 4874 1996 4928 ita
2039 4876 2388 4944 corruperint,
2419 4877 2552 4930 utin
2591 4878 2743 4932 litura
2771 4880 2826 4934 id
2865 4883 3003 4952 quod
3029 4885 3281 4948 raserint,
3333 4903 3510 4941 rursus

1925 4967 2197 5021 scriberent
2221 5009 2238 5035 ,
2285 4977 2338 5021 ut
2363 4970 2552 5024 scilicet
2595 4987 2696 5026 non
2724 4971 2789 5026 ab
2813 4973 2917 5029 illis
2943 4975 3188 5046 falsatum
3208 5017 3223 5041 ,
3255 4979 3344 5030 sed
3372 4994 3403 5030 a
3432 4994 3513 5032 me

1927 5060 2159 5114 additum
2184 5071 2469 5132 putaretur.
2495 5062 2692 5120 Verum
2725 5081 2829 5120 non
2868 5066 2994 5121 illud
3023 5067 3106 5124 his
3132 5068 3310 5123 verbis
3329 5108 3345 5134 ,
3368 5070 3512 5139 quod

1927 5153 2087 5208 fuerit
2118 5169 2149 5208 a
2195 5154 2432 5210 Romana
2479 5156 2729 5228 Synodo,
2773 5170 2933 5229 atque
2983 5160 3108 5230 ipso
3143 5155 3272 5216 cum
3323 5163 3513 5231 primis

1931 5247 2158 5302 Damaso
2199 5247 2460 5316 delectus,
2491 5261 2549 5304 ut
2575 5249 2982 5308 Eeclesiasticas
3003 5252 3187 5308 literas
3211 5253 3511 5310 scriberet:

1930 5340 2024 5396 sed
2051 5341 2300 5406 alterum,
2329 5343 2471 5412 quod
2499 5359 2561 5398 ea
2587 5345 2872 5400 occasione
2894 5346 3202 5415 contigerit,
3246 5345 3318 5399 de
3345 5346 3513 5415 Apol-

1933 5431 2296 5504 linaristarum
2319 5435 2462 5499 dolo,
2495 5433 2701 5489 fabellae
2743 5435 2983 5504 deputat.
3014 5437 3246 5506 Deputat
3270 5451 3400 5490 vero
3442 5436 3512 5489 ita

1933 5523 1988 5579 in
2013 5523 2250 5580 subnexa
2274 5524 2344 5579 ibi
2373 5526 2724 5594 responsione
2749 5542 2763 5578 :
2799 5524 2867 5580 Ut
2897 5525 3114 5588 etiamsi,
3145 5523 3336 5592 inquit,
3368 5539 3402 5575 a
3430 5539 3513 5578 nte

1933 5633 2106 5672 verum
2133 5617 2343 5680 audisti,
2366 5617 2498 5672 alius
2525 5618 2609 5687 qui
2638 5618 2711 5671 rei
2738 5618 2950 5687 ignarus
2973 5625 3064 5681 est,
3099 5616 3239 5668 dicat
3266 5630 3298 5666 a
3322 5622 3370 5667 te
3406 5629 3516 5671 esse

1937 5709 2270 5778 compositum
2317 5707 2466 5778 (Lib.
2513 5708 2599 5763 ll.
2645 5708 2816 5762 Contr.
2860 5705 3057 5774 Ita/ﬁ).
3107 5703 3312 5771 Quibus
3366 5717 3502 5764 sane

1945 5803 2121 5860 verbis
2151 5809 2352 5856 tantum
2382 5803 2533 5857 abest
2557 5841 2574 5867 ,
2617 5809 2675 5855 ut
2728 5799 2923 5852 factum
2953 5804 3108 5868 neget
3129 5835 3146 5862 ,
3169 5795 3298 5866 quin
3331 5797 3510 5868 potius
