4004 6328
492 409 559 471 47
1124 484 1125 487 γ
1756 402 1812 459 s.
1856 400 2053 459 manu

2163 404 2227 458 .\ll
2272 402 2451 459 VITA.
3683 418 3750 472 18

490 531 641 588 fateri
676 530 903 591 videtur,
938 547 963 579 τι
995 543 1054 582 se
1086 537 1347 596 prtesenle
1392 523 1492 594 ipsi
1521 521 1734 576 linflino
1775 531 2045 575 narratum

487 633 666 683 antea,
695 636 757 675 ac
785 620 959 674 solum
985 620 1079 681 ait,
1113 634 1271 689 posse
1296 617 1416 671 aliis
1436 614 1523 683 qtti
1550 614 1863 684 ignorarint,
1891 611 2061 666 videri

485 714 554 768 ab
584 715 718 780 ipso,
750 722 934 783 utpote
958 710 1174 764 inimico
1200 749 1216 776 ,
1241 708 1546 762 coniiciunt.
1580 705 1842 775 Repudiat
1885 715 2060 759 autem

486 823 547 859 ea
579 807 646 860 de
672 821 886 871 caussa,
914 804 1054 875 quod
1084 804 1134 857 in
1169 802 1556 857 Ecclesiasticis
1594 800 1950 863 'I‘raetatibns,
1974 797 2062 850 tibi

484 898 554 953 de
581 897 807 952 veritate
835 895 1141 966 dogmatum
1170 894 1445 964 quaeritur.
1477 890 1846 962 gravissimam
1877 896 2062 943 aucto-

486 988 699 1041 ritatem
729 986 987 1055 proferri,
1032 996 1083 1039 et
1115 985 1182 1039 ab
1211 983 1509 1039 istiusmodi
1551 981 1845 1036 ltistoriolis
1868 1022 1884 1046 ,
1928 994 2063 1048 quas

489 1078 620 1145 (etsi
650 1093 775 1133 vere
799 1076 1143 1146 contigerint)
1172 1073 1379 1129 fabulas
1410 1089 1603 1129 vocare
1625 1072 1934 1138 consuevit,
1964 1086 2059 1126 ve-

484 1171 542 1223 lit
573 1186 693 1225 esse
723 1169 1119 1225 abstinendum.
1161 1165 1270 1223 Nec
1316 1167 1641 1238 ignoramus,
1671 1163 1812 1236 quod
1840 1172 2061 1234 printer-

484 1279 548 1320 ea
579 1308 593 1328 ,
628 1273 686 1319 ιιι
711 1263 826 1318 haec
868 1263 1058 1318 fabulis
1091 1261 1408 1325 adcenseat,
1438 1261 1659 1328 Opponit
1687 1259 1766 1313 vir
1793 1256 2063 1312 Ecclesia-

485 1357 634 1410 sticte
656 1354 985 1425 antiquitatis
1010 1354 1246 1407 litterate
1268 1353 1467 1421 peritus
1498 1351 1558 1405 P.
1582 1349 1923 1404 Constantius
1943 1365 1958 1410 ;
1978 1363 2063 1401 se—

484 1451 662 1503 cundo
720 1448 924 1503 scilicet
967 1461 1103 1517 opus
1154 1462 1258 1499 nou
1306 1444 1504 1510 fuisse,
1549 1452 1608 1498 ut
1633 1439 1782 1497 Fidei
1837 1440 2061 1494 formula

484 1542 805 1597 conderetur
846 1539 967 1605 ,cni
1008 1537 1417 1607 Appolinaristte
1471 1534 1887 1596 subscriberent,
1940 1547 2059 1585 cunt

494 1631 751 1689 Damasus
779 1643 903 1686 ante
929 1632 1128 1699 aliquot
1152 1644 1321 1682 annos
1367 1628 1625 1683 adversus
1651 1642 1836 1680 eorum
1884 1623 2058 1679 haere-

487 1726 591 1780 sim
622 1725 843 1777 formam
897 1719 1240 1789 I'rofessionis
1276 1719 1498 1774 Paulino
1528 1715 1857 1771 Autioclteno
1887 1715 2063 1768 misis-

491 1826 593 1872 set.
621 1815 854 1881 Verum,
897 1828 1021 1868 cum
1074 1812 1143 1867 de
1195 1810 1592 1880 Apollinaristis
1630 1808 1681 1862 in
1734 1822 1795 1861 ea
1846 1805 2064 1876 Syundo

486 1911 678 1962 iterum
709 1907 1037 1975 disputatum
1064 1904 1244 1963 fuisse.
1268 1901 1325 1956 S.
1353 1900 1665 1955 Ambrosius
1698 1899 1820 1953 data
1853 1897 2063 1952 hocmct

491 2013 635 2052 anno
682 1996 916 2066 Epistola
950 2004 1211 2048 testetnr:
1241 1992 1393 2047 facile
1436 2000 1490 2046 et
1529 2005 1718 2045 novam
1743 1990 1899 2045 condi
1953 1989 2061 2043 for-

498 2088 695 2141 tnulatn
740 2086 1004 2152 Oportuit.
1035 2094 1091 2139 et
1145 2082 1309 2139 fttiSSe
1340 2097 1525 2138 revera
1574 2080 1872 2143 conditam,
1902 2096 1967 2134 ex
1999 2094 2064 2134 co

491 2185 617 2235 licet
661 2193 887 2249 arguere
911 2219 926 2244 ,
949 2176 1089 2247 quod
1119 2177 1170 2229 in
1204 2174 1522 2245 prmi-edenti
1549 2174 1613 2226 ad
1646 2172 1918 2226 Paulinum
1950 2173 2061 2224 An-

485 2272 791 2327 tioeltenum
824 2270 983 2323 missa
1013 2268 1258 2323 Cltrisms
1288 2267 1435 2319 homo
1465 2263 1764 2319 Dominicus
1794 2276 2063 2331 nunquam

483 2361 806 2431 appelletur.
834 2359 1072 2426 Denique
1104 2356 1231 2411 ttiltil
1258 2364 1363 2422 est,
1385 2370 1482 2410 cur
1514 2354 1651 2408 hanc
1696 2352 1904 2408 laudem
1937 2352 2062 2408 Hie-

487 2468 732 2519 ronymo,
752 2450 903 2519 cujus
918 2451 1129 2505 eximia:
1156 2447 1469 2502 eruditionis
1491 2445 1600 2516 jam
1627 2447 1855 2515 aliquem
1877 2445 2063 2501 Patres

484 2555 539 2598 et
562 2546 819 2597 Damasus
850 2556 1001 2594 usum
1037 2548 1406 2609 perceperant,
1434 2537 1778 2607 deucgemus.

556 2635 643 2689 III.
676 2633 781 2689 Sed
805 2643 859 2686 et
888 2632 1049 2686 fuisse
1079 2646 1223 2695 eum,
1247 2629 1424 2683 statim
1446 2638 1605 2698 atque
1644 2627 1866 2682 Romam
1895 2628 2061 2695 venit,

485 2728 729 2781 Romano
751 2725 909 2779 Clero
930 2724 1278 2791 adscriptum,
1302 2732 1461 2792 atque
1482 2722 1615 2775 adeo
1630 2736 1751 2776 esse
1772 2724 1908 2775 inter
1931 2723 2065 2777 Caro

484 2818 710 2880 tlinales,
740 2826 796 2869 ιιι
827 2830 966 2869 nunc
994 2824 1182 2867 vorant
1207 2855 1222 2878 ,
1251 2812 1645 2867 adcensendttm
1669 2854 1681 2874 ,
1716 2828 1907 2883 magno
1932 2813 2060 2866 olint

483 2919 676 2964 conatu
701 2909 917 2980 quidant
947 2904 1357 2963 contenderunt.
1385 2905 1628 2972 Pelagius
1651 2916 1829 2959 autem
1865 2919 2027 2960 secun
2045 2936 2058 2944 -

482 3002 582 3056 dus
610 3001 870 3056 Romamn
901 3000 1118 3063 insuper
1146 2998 1397 3051 Ecclesise
1445 2996 1762 3065 EpiscOpnm
1805 3012 1924 3049 eum
1966 3013 2065 3065 ap-

483 3095 641 3162 pellat
681 3091 857 3162 (Tom.
891 3092 942 3144 4.
989 3088 1184 3145 Com-il.
1236 3086 1300 3141 Β.
1335 3104 1388 3155 p.
1430 3088 1605 3157 314):
1648 3096 1702 3141 et
1752 3087 2063 3141 Anastasius

479 3184 726 3238 eumdem
776 3195 935 3252 quem
991 3180 1133 3245 sibi,
1193 3177 1584 3233 Bibliotltecarii
1645 3178 1851 3231 titulum
1901 3188 2061 3246 atque

479 3274 712 3330 ofﬁcium
744 3274 795 3327 ei
821 3272 982 3326 donat
1009 3270 1211 3341 (Mabil.
1242 3268 1380 3323 Mus.
1408 3267 1535 3323 Ital.
1567 3279 1603 3321 t.
1636 3269 1685 3323 1.
1720 3286 1770 3338 p.
1803 3267 1920 3337 82).
1958 3266 2060 3323 Ve-

482 3382 596 3419 rtnn
638 3380 760 3419 cum
806 3361 1159 3433 Ilierouymus
1211 3362 1440 3431 ipsemet
1482 3359 1745 3428 ejusmodi
1796 3358 2056 3413 honorum

478 3473 577 3512 nec
605 3457 771 3511 verbo
799 3465 954 3509 tenus
995 3453 1334 3519 meminerit,
1366 3452 1596 3505 maxime
1633 3467 1761 3505 vero
1786 3467 1905 3506 cum
1939 3451 1987 3504 id
2028 3466 2059 3505 e

482 3567 540 3604 re
570 3564 662 3604 sua
694 3548 909 3611 fuisset;
944 3548 1050 3601 into
1075 3561 1104 3598 a
1130 3546 1352 3602 Joannis
1394 3543 1826 3616 JeroSolytuilani
1859 3560 1916 3597 se
1937 3543 2060 3613 jure

476 3650 845 3710 exempturus,
876 3639 1043 3693 solius
1082 3636 1488 3708 Presbyteratns
1515 3635 1865 3702 recordetur,
1897 3652 2054 3706 quem

477 3732 807 3794 Antiochiae,
854 3739 912 3784 ιιι
949 3731 1220 3794 diximus,
1249 3742 1311 3782 ea
1351 3726 1659 3781 conditione
1698 3726 1966 3795 suscepit,
2001 3736 2059 3781 ttt

476 3827 605 3880 nulli
631 3824 887 3880 Ecclesia:
913 3824 1276 3892 obligaretur:
1322 3820 1532 3880 eadem,
1578 3834 1681 3889 qua
1714 3816 1827 3874 lucc
1857 3834 2053 3888 propo-

476 3919 576 3971 sita
605 3925 750 3979 sunt,
801 3913 1054 3968 facilitate
1087 3911 1419 3966 refelluntur.
1468 3908 1650 3979 Neque
1680 3925 1810 3964 sane
1841 3919 1919 3963 est
1952 3908 2051 3963 lto-

472 4009 688 4063 tlienum
736 4021 895 4074 quem
925 4016 1245 4074 praepostera
1275 4003 1363 4057 illa
1403 4002 1540 4072 vulgi
1569 4003 1755 4072 opinio
1775 4002 1947 4056 adlmc
1975 4011 2053 4058 te-

474 4109 633 4162 neat,
681 4109 959 4165 posmuam
1012 4110 1130 4147 eam
1177 4093 1468 4158 Baronius,
1516 4109 1756 4148 summus
1785 4093 2051 4165 llierony-

474 4188 669 4241 miame
714 4186 897 4255 gloriat
941 4184 1221 4246 adsertor,
1272 4183 1508 4239 refutare
1559 4184 1681 4238 data
1733 4199 1896 4253 Opera
1945 4200 2051 4239 non

472 4280 754 4334 dubitavit.
785 4276 925 4332 Nihil
951 4276 1229 4331 enimvero
1256 4277 1425 4344 potuit
1447 4289 1551 4328 tam
1579 4276 1736 4346 longe
1756 4276 2051 4330 abhorrens

471 4373 541 4428 ab
567 4370 626 4426 S.
672 4369 845 4425 Patris
888 4367 1105 4438 ingenio
1150 4375 1206 4421 et
1260 4366 1499 4419 moribus
1531 4367 1859 4436 excogitari,
1890 4382 2047 4436 quam

470 4463 706 4519 voluisse
725 4474 847 4517 eum
879 4474 938 4515 se
963 4457 1218 4529 gradibus
1245 4455 1640 4512 Ecclesiasticis
1664 4473 1728 4513 ac
1764 4458 1928 4512 titulis
1956 4457 2051 4512 ad-

469 4554 681 4622 stringi,
711 4550 1003 4612 hominem,
1045 4549 1134 4617 qui
1162 4557 1254 4602 aut
1294 4547 1633 4602 continenter
1657 4563 1867 4602 eremos
1899 4547 2047 4604 inco-

469 4644 588 4708 luit,
617 4651 710 4697 aut
732 4641 862 4697 nihil
889 4639 1030 4695 aliud
1057 4640 1238 4693 animo
1263 4653 1493 4707 unquam
1523 4638 1774 4693 versavit.

536 4735 628 4790 IV.
656 4733 763 4790 Sed
794 4716 976 4802 utique
1020 4746 1178 4786 carus
1208 4730 1446 4784 Pnntilici
1478 4739 1638 4799 atque
1667 4729 1884 4784 intimus
1910 4729 2047 4785 inter

467 4827 587 4896 ejus
643 4825 933 4880 familiares
983 4821 1119 4888 fuit;
1175 4823 1261 4877 cui
1332 4822 1627 4891 przcsertint
1681 4821 2045 4877 edisserendis

464 4915 790 4986 Scripturis,
837 4914 912 4969 ita
966 4912 1235 4983 ingenium
1280 4920 1440 4982 atque
1487 4913 1840 4968 eruditionem
1890 4927 2040 4968 suam

465 5008 743 5080 probavit,
791 5014 851 5062 ut
895 5006 987 5061 ille
1035 5005 1191 5075 hujus
1242 5005 1669 5061 elucubrationes
1698 5024 1801 5061 non
1841 5008 2059 5077 legeret

462 5099 628 5154 modo
655 5113 907 5168 perquam
935 5095 1185 5161 libenter,
1218 5095 1311 5149 sed
1338 5103 1394 5149 et
1437 5109 1530 5149 sua
1563 5096 1676 5164 ipse
1711 5111 1854 5166 stupe
1881 5111 2039 5152 manu

462 5189 815 5245 describeret.
847 5187 1056 5256 Sarpius
1079 5185 1238 5240 etiam
1265 5202 1386 5239 eum
1414 5184 1483 5241 de
1522 5186 1761 5242 locorum
1788 5203 1908 5259 qua:
1936 5188 2041 5244 dif-

462 5284 685 5339 liciiiora
706 5278 1039 5344 viderentur,
1065 5292 1225 5333 sensu
1253 5278 1563 5334 consulebat
1596 5296 1612 5333 :
1641 5288 1696 5333 et
1721 5294 1840 5334 cum
1870 5281 2038 5351 magis

459 5377 555 5432 illc
582 5375 750 5431 sacris
797 5374 947 5429 libris
975 5372 1344 5443 perlegendis,
1387 5387 1545 5442 quam
1596 5374 1747 5427 novis
1791 5375 2036 5429 conscri-

458 5468 649 5523 bendis
694 5465 1072 5529 distineretur,
1104 5464 1169 5519 ad
1199 5464 1539 5519 scribendum
1568 5464 1865 5531 invitabat,
1897 5465 2036 5520 scri-

455 5562 669 5629 ptisque
697 5557 810 5612 suis
856 5556 1169 5612 lacessebat.
1201 5556 1346 5611 Inter
1374 5556 1700 5624 quaestiones
1724 5596 1739 5619 ,
1769 5568 1903 5624 quas
1932 5554 2031 5622 ipsi

452 5648 739 5704 solvendas
765 5647 1041 5719 proposuit
1065 5689 1079 5710 ,
1112 5648 1216 5701 illa:
1245 5657 1326 5703 est
1355 5648 1422 5700 de
1461 5647 1610 5701 vocis
1651 5644 1861 5699 Osanna
1888 5644 2029 5714 apud

453 5733 760 5797 Mattbreutn
805 5740 1187 5810 signiﬁcatione
1216 5756 1283 5794 ex
1328 5738 1560 5793 llebneo
1607 5737 1751 5790 fonte
1779 5753 1793 5789 :
1822 5744 1935 5789 tum
1966 5736 2032 5791 de

444 5827 644 5885 duobus
668 5830 787 5898 ﬁliis
816 5835 973 5904 frugi,
1016 5842 1060 5884 et
1084 5832 1347 5886 hixuriam
1386 5826 1524 5897 apud
1549 5819 1776 5891 Lucam,
1819 5825 2012 5895 quibus

2169 520 2445 587 postulatis
2470 520 2820 592 Ilieronymus
2837 523 3030 593 duplici
3056 524 3289 594 Epistula
3311 527 3413 582 sub
3435 528 3674 584 numeris
3697 531 3747 585 itt

2170 609 2418 665 Editionc
2444 620 2623 667 nostra
2650 611 2769 678 XX,
2800 625 2852 669 ct
2879 613 3023 670 XXI.
3060 616 3363 686 respondit,
3386 633 3450 673 ac
3468 616 3746 676 satisfecit.

2168 696 2275 754 Eas
2304 700 2466 755 refert
2502 703 2729 773 ipsemet
2771 706 2823 758 in
2851 704 3102 777 Catalogo
3131 708 3313 762 statim
3346 708 3414 762 ab
3440 709 3528 764 illa
3556 709 3621 765 de
3647 711 3745 767 Se-

2167 792 2403 861 raphint,
2434 789 2594 847 unani
2649 803 2769 864 post
2808 797 3007 862 aliam,
3058 797 3199 869 quod
3229 797 3295 853 ad
3347 799 3488 855 idem
3524 810 3748 873 utraque

2171 894 2381 954 tempus
2404 886 2691 953 pertineat,
2718 904 2917 943 annum
2941 888 3209 954 videlicet,
3238 901 3294 945 nt
3312 891 3482 948 series
3512 893 3746 950 historia:

2170 973 2325 1043 hujus
2355 975 2572 1039 indicat.
2604 979 2819 1050 suisque
2861 981 2990 1036 locis
3019 983 3295 1052 probatum
3337 992 3442 1052 est,
3474 985 3599 1042 583.
3631 988 3743 1042 Alia

2169 1068 2504 1136 postmodum
2535 1070 2600 1124 ad
2623 1072 2872 1128 eumdem
2903 1074 3214 1131 Pontillcent
3247 1087 3465 1149 rogatus
3506 1078 3743 1150 scripsit,

2166 1175 2285 1228 qua:
2314 1159 2366 1214 in
2395 1174 2811 1234 consequentem
2838 1180 3061 1233 annum,
3084 1177 3139 1224 et
3163 1170 3303 1240 quod
3334 1172 3577 1227 excurrit
3604 1173 3746 1229 αἰσθ-

2168 1250 2330 1303 rettda
2360 1263 2506 1307 sunt.

2239 1338 2301 1395 V.
2334 1342 2439 1397 Sed
2471 1345 2596 1399 illud
2626 1363 2754 1403 sane
2778 1350 2990 1405 ert-teris
3012 1350 3166 1420 longe
3192 1354 3407 1423 gravius
3438 1364 3492 1409 et
3515 1355 3745 1413 difficilis

2170 1432 2382 1500 plenum
2412 1449 2546 1503 Opus
2572 1438 2735 1504 aleae,
2776 1440 2915 1509 quod
2944 1441 3015 1497 ab
3064 1443 3178 1510 ipso
3206 1459 3300 1513 per
3343 1444 3509 1500 hocce
3539 1455 3746 1516 tempus

2167 1523 2365 1595 (neque
2390 1529 2532 1583 enim
2561 1530 2711 1600 rejici
2760 1543 2933 1600 potest
2963 1535 3241 1591 commode
3274 1537 3325 1590 in
3356 1537 3526 1608 aliud)
3557 1539 3747 1592 Dama-

2166 1630 2257 1670 sus
2287 1620 2590 1686 posmlavit,
2625 1632 2680 1675 ut
2704 1622 2986 1692 Evangelia
3011 1624 3076 1679 ad
3093 1624 3308 1681 Graecos
3327 1627 3544 1683 codices
3562 1644 3745 1684 cmen-

2166 1709 2317 1764 daret
2359 1727 2421 1765 ac
2468 1714 2790 1768 restitueret.
2838 1715 3009 1770 Erant
3061 1726 3186 1772 tunc
3243 1717 3446 1773 Latinae
3502 1719 3745 1790 Vulgata:

2171 1800 2462 1868 Yet-sionis,
2496 1820 2595 1874 qua
2625 1806 2819 1874 passim
2871 1808 3123 1862 Ecclesia:
3153 1809 3456 1875 utebantur,
3486 1818 3565 1864 tot
3609 1826 3746 1879 pene

2166 1898 2883 1968 exemplaria,qnotcodices
2905 1900 3011 1967 (Ea:
3035 1900 3199 1969 Praef.
3223 1902 3275 1955 in
3302 1899 3553 1971 Evang.).
3584 1902 3742 1959 Multa

2165 2002 2194 2039 ει
2248 1986 2451 2041 vitiosis
2496 1988 2882 2058 lnterpretibus
2911 1991 3053 2046 male
3082 1991 3283 2046 reddita
3310 2031 3325 2054 ,
3371 1992 3474 2045 alia
3519 2007 3554 2045 a
3602 2008 3743 2062 ιιτω-

2166 2078 2528 2146 sumptoribus
2551 2080 2812 2148 imperitis
2836 2081 3115 2135 emendata
3142 2083 3463 2151 perversius,
3491 2083 3745 2153 pleraque

2166 2189 2194 2222 a
2224 2172 2454 2228 librariis
2478 2173 2888 2228 dormitantibus
2939 2175 3140 2240 addita,
3170 2176 3254 2231 vel
3304 2186 3524 2231 mutata.
3557 2176 3742 2247 Magna

2165 2267 2325 2320 etiam
2352 2274 2631 2321 contextus
2664 2266 3124 2337 Evangelistarum
3166 2267 3345 2323 inolita
3391 2268 3740 2337 perturbatio,

2168 2367 2225 2413 ιιι
2256 2359 2306 2412 in
2337 2357 2514 2413 Marco
2545 2360 2690 2427 plura
2720 2358 2876 2413 Lucas
2905 2373 2970 2413 ac
3013 2358 3242 2413 Mattlnei
3268 2377 3282 2414 :
3314 2375 3500 2414 rursus
3533 2361 3584 2413 in
3614 2359 3745 2413 Mat-

2168 2451 2309 2507 tlneo
2333 2452 2479 2521 plora
2510 2450 2732 2506 Joannis
2773 2459 2828 2505 et
2869 2449 3029 2519 Marci
3056 2493 3070 2513 ,
3115 2460 3274 2521 atque
3302 2451 3371 2506 ita
3403 2449 3456 2505 in
3488 2451 3742 2521 reliquis,

2165 2560 2283 2613 qua:
2310 2544 2467 2597 unius
2494 2543 2704 2612 propria
2736 2554 2899 2604 sunt,
2951 2542 3003 2597 in
3034 2541 3152 2597 aliis
3180 2541 3548 2597 invenirentur
3597 2540 3747 2597 Adeo

2167 2649 2385 2688 necesse
2424 2642 2574 2696 erat,
2605 2648 2726 2688 cum
2776 2631 2827 2686 id
2872 2632 2975 2687 sibi
3021 2630 3220 2702 negotii
3264 2631 3377 2687 dari
3424 2642 3619 2701 passus
3664 2640 3747 2687 est

2163 2724 2221 2780 S.
2256 2725 2431 2792 Pater,
2462 2735 2519 2778 ut
2546 2724 2685 2779 inter
2713 2725 2857 2777 varia
2885 2733 2934 2777 et
2968 2725 3251 2794 pugnantia
3291 2738 3474 2779 secum
3516 2725 3742 2780 invicem

2166 2816 2349 2871 Latina
2380 2816 2703 2885 exemplaria
2727 2825 2839 2869 toto
2863 2815 2974 2882 jam
2997 2815 3129 2870 urbe
3151 2815 3414 2884 dispersa,
3447 2820 3603 2886 quasi
3631 2814 3747 2885 qui-

2163 2911 2284 2964 dant
2317 2909 2517 2963 arbiter
2543 2907 2776 2971 sederet,
2808 2909 2981 2976 deque
3022 2918 3101 2963 tot
3149 2909 3437 2962 lectionum
3469 2909 3705 2962 dissidiis
3727 2948 3743 2972 ,

2165 2999 2589 3070 trajeczionibus,
2621 2998 3019 3061 additamentis,
3054 2999 3141 3052 ubi
3170 2997 3301 3051 nihil
3332 3013 3437 3052 non
3465 3013 3629 3068 grave
3649 3038 3665 3064 ,
3694 3006 3747 3052 et

2154 3092 2419 3152 momenti
2448 3102 2529 3146 est
2556 3106 2814 3161 perquam
2846 3090 3021 3160 magni
3064 3090 3128 3143 ad
3158 3091 3460 3145 divinorum
3489 3100 3744 3144 sensuum

2166 3184 2520 3254 integritatem
2568 3181 2936 3246 discerneret,
2987 3191 3148 3250 atque
3196 3180 3320 3235 inde
3370 3195 3532 3235 unam
3589 3180 3747 3234 tertio

2162 3292 2374 3349 quoque
2405 3276 2570 3329 verbo
2600 3274 2911 3339 excuderet,
2959 3290 3079 3343 qua:
3108 3273 3173 3327 ad
3219 3273 3391 3328 ϐαι-οἰ
3422 3273 3746 3342 exemplaris

2162 3366 2583 3421 etttendatiSsimi
2617 3365 2772 3420 ﬁdem
2802 3372 3029 3429 exacta,
3056 3365 3211 3418 unice
3238 3364 3444 3418 veritati
3474 3364 3747 3418 consenti-

2162 3468 2264 3513 ret.
2295 3455 2514 3533 Accepit
2560 3466 2737 3510 tatnen
2771 3465 2977 3510 tantum
3005 3454 3302 3507 adornandi
3331 3455 3548 3523 Operis,
3588 3464 3748 3523 atque

2162 3550 2359 3605 invicto
2379 3549 2558 3602 animo
2578 3548 2813 3601 laborem
2838 3546 3145 3600 exantlavit.
3162 3545 3428 3600 Corrcctis
3449 3545 3747 3601 innumeris

2161 3644 2271 3697 fere
2301 3642 2454 3706 locis,
2482 3655 2792 3710 germanum
2846 3638 3304 3708 livangelistarum
3336 3646 3543 3692 textum
3578 3653 3745 3692 excu-

2160 3734 2257 3799 dit,
2291 3745 2343 3788 et
2390 3731 2731 3795 Prtefatione,
2763 3749 2863 3799 qua
2892 3731 3099 3786 monuit
3123 3732 3192 3787 de
3234 3732 3314 3785 sui
3364 3732 3547 3800 operis
3591 3733 3747 3786 insti-

2160 3836 2294 3887 tttto,
2326 3826 2551 3879 Damaso
2574 3824 2865 3893 inscripsit.
2887 3821 3171 3877 Subtexuit
3193 3832 3449 3890 przeterea
3473 3822 3742 3889 Canones,

2157 3932 2290 3985 quos
2323 3914 2579 3969 Eusebius
2618 3913 2978 3968 Caesareensis
3013 3912 3434 3967 Alexandrinum
3481 3922 3743 3983 sequutus

2158 4007 2498 4061 Amtnoninm
2529 4003 2717 4060 Grtccc
2764 4002 3202 4072 perscripserat,
3237 4003 3288 4057 in
3332 4002 3583 4057 Latinum
3613 4017 3742 4059 cou-

2159 4112 2364 4160 vcrsos,
2400 4107 2453 4150 ut
2480 4094 2732 4162 distingui
2764 4111 2868 4148 uno
2912 4095 3103 4148 intuitu
3151 4103 3330 4164 posset
3355 4093 3483 4163 quid
3514 4094 3742 4163 quisque

2158 4186 2491 4257 Evangelista
2545 4187 2845 4255 peculiare,
2883 4186 3079 4255 quidve
3121 4200 3243 4240 cum
3292 4185 3411 4239 aliis
3453 4199 3741 4240 commune

2157 4277 2395 4331 haberet.
2428 4277 2562 4331 Num
2596 4277 2858 4347 reliquum
2887 4287 3069 4347 pnslea
3100 4276 3300 4331 Novum
3331 4275 3737 4332 Testamentum

2157 4367 2276 4421 laevi
2308 4368 2494 4422 eadem
2529 4369 2738 4436 pumice
2764 4368 2830 4421 ad
2857 4365 3099 4422 Grtrcam
3128 4368 3500 4422 auctoritatem
3529 4368 3737 4437 expoli-

2154 4459 2292 4511 verit
2318 4459 2479 4528 (quod
2511 4460 2626 4526 ipse
2653 4458 2866 4526 quidem
2893 4458 3060 4528 Epist.
3085 4457 3298 4513 XXVII.
3326 4466 3381 4514 et
3406 4459 3459 4512 in
3479 4457 3738 4529 Catalogo

2155 4550 2350 4617 innuit)
2379 4549 2432 4602 in
2465 4550 2681 4619 praeﬁxa
2711 4549 2922 4605 decimo
2949 4564 3171 4619 operum
3200 4550 3319 4618 ejus
3339 4549 3510 4604 Tomo
3534 4547 3736 4606 Pratl‘a-

2153 4641 2297 4695 tione
2324 4652 2503 4697 uOStra
2530 4641 2860 4709 disputatum
2890 4649 2994 4696 est.
3774 4680 3781 4710 ;

2222 4729 2310 4786 VI.
2342 4731 2579 4786 Sublatis
2606 4731 3010 4800 Evangeliorum
3041 4729 3321 4785 erroribus
3341 4770 3358 4794 ,
3390 4729 3602 4797 Ronan,
3645 4731 3733 4785 iti-
3773 4729 3778 4754 ⁸

2149 4822 2272 4876 dem
2296 4861 2312 4888 ,
2353 4819 2662 4875 Psalterium
2700 4822 2856 4893 juxta
2899 4819 3240 4891 Septuaginta
3268 4819 3581 4891 Interprctes
3609 4822 3734 4877 licet

2147 4914 2334 4968 turst'm
2352 4955 2368 4979 ,
2417 4929 2602 4984 magna
2645 4921 2812 4967 tamen
2838 4928 2903 4967 ea:
2931 4922 3072 4980 parte
3094 4913 3466 4969 emendandum
3491 4915 3732 4981 suscepit

2154 5007 2395 5078 (Prtefat.
2439 5005 2495 5059 in
2522 5004 2690 5060 Psalt.
2716 5021 2781 5057 ea:
2807 5002 3031 5074 Greco).
3056 5004 3130 5058 Ea
3163 5020 3305 5059 nunc
3345 5005 3592 5059 recensio
3623 5004 3730 5060 Ro-

2147 5112 2354 5150 manum
2382 5093 2687 5157 Psalterium
2712 5094 2877 5160 audit,
2901 5094 3041 5164 quod
3061 5095 3175 5149 sive
3199 5094 3434 5161 Damasi,
3457 5095 3573 5149 sive
3598 5095 3730 5149 alio.

2144 5202 2263 5243 rum
2289 5187 2358 5243 do
2383 5185 2528 5242 Urbe
2557 5186 2853 5240 amicorum
2898 5194 3106 5256 rogatu,
3140 5186 3193 5239 in
3221 5186 3340 5255 ejus
3367 5197 3519 5241 certe
3546 5186 3727 5241 Eccle-

2142 5266 2239 5333 sia:
2265 5279 2487 5349 gratiam
2514 5287 2676 5346 atque
2705 5290 2860 5330 usum
2894 5274 3055 5330 fuerit
3079 5291 3109 5330 a
3142 5276 3471 5346 Hieronymo
3492 5278 3710 5333 elabora

2142 5381 2275 5426 ttttn.
2320 5370 2395 5424 Ea
2435 5371 2600 5423 utitur
2628 5368 2920 5421 etianmum
2963 5368 3150 5422 Roma:
3184 5369 3434 5424 Vaticana
3475 5370 3725 5426 Basilica.

2142 5461 2219 5516 De
2244 5460 2346 5514 alia
2372 5473 2541 5528 eaque
2565 5458 2789 5511 multum
2828 5460 3161 5515 accuratiore
3190 5460 3531 5529 postmodum
3557 5461 3723 5519 ador-

2141 5562 2261 5608 nata
2288 5551 2356 5606 ad
2383 5549 2629 5606 Graecum
2660 5549 2979 5620 Hexaplare,
3011 5566 3133 5606 cum
3160 5552 3351 5618 obelis,
3382 5562 3544 5621 atque
3570 5563 3717 5609 aste-

2139 5642 2314 5706 riscis,
2342 5640 2488 5710 quod
2525 5639 2850 5695 Gallicanum
2884 5640 3197 5696 Psalterium
3224 5642 3453 5709 dicitur;
3490 5644 3727 5715 itemque

2135 5734 2205 5788 de
2232 5747 2368 5786 nova
2395 5748 2464 5787 ex
2506 5733 2710 5802 integro
2750 5732 3189 5805 interpretatione
3210 5750 3277 5790 ex
3330 5734 3597 5794 Hebraico
3637 5751 3725 5793 ar-

2138 5824 2385 5895 t‘hclypo,
2421 5825 2657 5882 dicemus
2687 5826 2797 5881 suis
2826 5826 2980 5882 locis.
