4004 6328
218 352 278 409 ιθ
411 419 418 424 ..
1459 345 1518 399 s.
1561 339 1942 399 tttsaomnt
1982 338 2164 394 Vl'l‘A.

795 463 1018 518 CAPUT
1060 462 1173 516 XV.

216 598 249 654 Ι.
277 596 480 667 Cogitur
513 597 770 651 Romanas
799 597 990 665 aliquot
1023 594 1254 663 Virgines
1281 609 1341 645 ac
1392 591 1654 645 Matronas
1687 605 1772 641 sa-

285 689 376 740 cris
404 688 563 741 literis
608 687 884 741 instituere.
930 687 994 741 ll.
1027 685 1107 739 Ad
1133 702 1259 754 quas
1306 683 1474 754 plures
1525 679 1777 749 Epistolas

275 777 461 832 scribit.
508 777 597 834 Ill.
638 777 710 830 De
738 777 988 846 singulari
1015 777 1108 830 illa
1137 776 1205 829 ad
1246 774 1602 835 Eustochium,
1632 785 1774 839 qua:-

271 871 384 923 dant
409 886 659 924 seorsum.
684 868 771 924 IV.
799 869 841 921 Α
867 868 1088 922 Damaso
1109 869 1171 921 de
1185 867 1404 937 quinque
1422 860 1777 934 qumstionibus

272 963 604 1031 interrogatus
651 959 943 1024 respondet.
967 949 1057 1020 λ
1089 957 1377 1011 Editiouent
1422 955 1615 1023 Aquila:
1664 967 1776 1005 cunt

274 1052 481 1106 Hebrum
526 1053 809 1122 exentplari
836 1056 1032 1122 confert
1065 1066 1085 1100 ρ·
1129 1049 1382 1122 Ηοηιὶζιαε
1420 1061 1612 1117 quoque
1656 1043 1777 1097 Ori-

268 1146 402 1216 genis
441 1147 494 1196 in
540 1119 754 1216 Cantica
798 1119 1178 1212 interpretatur.
1233 1119 1343 1206 γι,
1368 1137 1553 1194 Scribit
1599 1147 1777 1188 contra

275 1214 581 1289 lleiridium.
618 1214 877 1301 VlNlia
904 1234 1138 1304 qntedant
1175 1232 1364 1301 scripta
1403 1231 1512 1301 ejus
1541 1238 1586 1282 et
1616 1237 1774 1298 gesta.

269 1391 306 1444 ι.
338 1389 439 1443 Tot
469 1390 617 1444 inter
641 1389 815 1444 studia
839 1431 852 1452 ,
883 1388 1105 1459 etquod
1134 1387 1299 1456 magis
1342 1386 1532 1440 mirum
1576 1392 1656 1437 est
1677 1424 1693 1448 ,
1723 1381 1777 1436 in

206 1491 333 1534 tanta
363 1480 527 1537 Urbis
555 1481 858 1552 frequentia
881 1523 896 1545 ,
926 1491 983 1536 et
1008 1481 1212 1536 Summi
1258 1478 1528 1534 Pontificis
1568 1477 1736 1546 gratia
1761 1515 1776 1538 ,

205 1571 323 1626 nihil
373 1570 441 1626 de
471 1571 601 1625 vita:
632 1571 984 1637 austeritate,
1014 1588 1170 1640 qnam
1204 1569 1406 1638 pridem
1455 1569 1506 1622 in
1546 1566 1781 1621 Calcidis

203 1680 371 1719 cretno
402 1666 642 1731 inierat,
696 1665 1052 1735 Hieronymus
1084 1663 1381 1718 remittebat
1407 1677 1422 1725 ;
1470 1675 1589 1712 nam
1620 1668 1672 1712 et
1703 1656 1782 1710 f.:-

204 1759 278 1813 his
324 1759 714 1830 corpusculum
763 1767 1064 1812 sustentare
1112 1756 1362 1811 solitum.
1408 1763 1463 1808 et
1509 1751 1678 1806 macie
1719 1764 1781 1802 ac

205 1854 388 1930 pallore
442 1852 778 1907 delectatum
836 1866 936 1918 se,
994 1866 1100 1904 non
1157 1865 1263 1902 uno
1327 1847 1446 1902 loco
1502 1845 1782 1912 profitetur

202 1944 316 2011 (Ερ.
347 1943 448 1997 XL
465 1943 562 2015 V);
597 1953 657 1999 et
700 1945 742 1997 si
776 1945 865 2008 qui
914 1940 1176 2011 ejusmodi
1218 1941 1376 1992 vitam
1427 1937 1780 1992 miserrimam

205 2045 421 2102 putaret.
472 2051 570 2087 eos
601 2035 773 2088 multo
813 2033 1230 2087 miserabiliores
1271 2028 1628 2083 existimabat.
1665 2027 1782 2080 Ple-

203 2132 368 2196 risque
411 2140 599 2181 autem
649 2142 710 2180 ea
741 2127 809 2180 de
854 2140 1040 2179 caussa
1092 2125 1346 2193 probatus
1389 2121 1523 2174 adeo
1561 2129 1678 2183 est,
1729 2127 1786 2169 ut

208 2219 393 2282 passim
425 2218 649 2271 audiret
680 2217 934 2281 Sanctus,
964 2215 1169 2269 humilis
1209 2230 1270 2265 ac
1297 2213 1524 2266 desertus
1548 2251 1564 2274 ,
1592 2219 1638 2261 et
1679 2225 1787 2260 om-

202 2308 327 2359 nium
361 2324 497 2376 pene
515 2308 723 2376 judicio
756 2307 939 2375 dignus
969 2320 1166 2358 summo
1195 2301 1492 2357 Sacerdotio
1530 2299 1788 2353 decerne-

200 2409 354 2454 retur.
390 2400 524 2454 Hinc
552 2414 684 2453 vero
711 2407 856 2451 tanta
887 2397 952 2450 de
981 2397 1072 2449 illo
1111 2394 1291 2462 opinio
1327 2392 1554 2460 plurium
1594 2389 1790 2442 Matro-

199 2507 381 2545 narum
429 2492 617 2546 studia
665 2490 731 2544 ad
775 2487 1134 2555 capeseendas
1181 2485 1440 2555 ejusn‘todi
1486 2485 1680 2546 vitam,
1730 2498 1792 2536 ac

199 2582 538 2651 disciplinas,
575 2582 650 2634 ita
681 2578 950 2641 excitavit,
982 2586 1040 2630 ut
1065 2577 1186 2630 licet
1216 2577 1326 2644 ipse
1357 2575 1638 2629 mulierum
1670 2588 1791 2626 con-

198 2673 352 2726 sortia
407 2687 714 2740 numquam
762 2686 868 2723 non
916 2677 1116 2722 attente
1161 2665 1467 2726 declinarit;
1518 2663 1790 2718 nonnullis

202 2774 365 2817 tamen
399 2762 569 2831 longe
607 2759 962 2813 sanctissimis
983 2799 997 2821 ,
1026 2773 1144 2826 quae
1175 2757 1223 2810 id
1255 2764 1568 2824 expeterent
1594 2770 1785 2823 supre~

201 2855 292 2908 uiis
323 2851 620 2921 precibus,
654 2860 1038 2918 przeceptorem
1081 2863 1140 2901 se
1186 2847 1236 2900 in
1277 2847 1667 2914 Scripturarum
1701 2846 1784 2898 in—

205 2946 493 3016 telligentia
522 2943 658 2997 dare
689 2953 908 2996 coactus
954 2948 1054 2994 est.
1102 2937 1266 2992 Nulla
1294 2938 1412 3009 fuit,
1463 2939 1651 3007 inquit,
1681 2938 1785 2990 alia

205 3030 372 3091 Ranae
402 3035 788 3097 Matronarum,
839 3047 951 3100 qua:
980 3047 1139 3084 meam
1171 3038 1332 3099 posset
1360 3028 1594 3082 edomare
1637 3045 1785 3082 men-

207 3140 327 3194 tmt,
357 3127 461 3181 nisi
505 3127 720 3198 lugens,
753 3134 901 3193 atque
935 3124 1196 3194 jejunans,
1245 3122 1479 3191 squalens
1518 3123 1783 3187 sordibus,

209 3221 396 3290 ﬂetibus
431 3236 561 3290 pene
604 3227 827 3280 cacata,
857 3233 1007 3285 quant
1041 3216 1287 3270 continuis
1323 3215 1549 3268 noctibus
1589 3215 1785 3269 miseri-

213 3314 428 3365 rordiant
481 3310 692 3364 Domini
735 3309 1083 3378 deprecantem
1126 3305 1222 3362 Sol
1262 3322 1392 3376 stupe
1434 3305 1783 3376 deprehendit.

214 3403 374 3457 Fuere
398 3411 584 3454 autem
618 3416 686 3454 ex
727 3398 813 3454 his
841 3398 998 3452 Paula
1023 3407 1213 3458 mater,
1247 3397 1500 3450 “ornante
1532 3397 1786 3450 nobilita-

215 3493 274 3546 tis
293 3505 341 3547 et
365 3493 584 3564 pietatis
613 3500 1010 3552 ornamentum,
1035 3489 1256 3558 ejusque
1280 3488 1384 3542 filia
1417 3489 1786 3555 Eustochium,

216 3602 308 3653 qua
352 3585 502 3638 nulla
555 3584 608 3637 in
657 3581 1082 3652 llieronymianis
1127 3583 1340 3651 scriptis
1382 3581 1646 3637 celebrior
1684 3593 1787 3646 est,

218 3676 429 3731 Blaesilla
481 3678 610 3730 item
651 3691 834 3737 soror,
881 3691 1000 3744 qua:
1044 3685 1254 3728 mortuo
1285 3675 1475 3728 marito
1522 3683 1685 3736 totam
1734 3689 1792 3729 se

221 3769 318 3824 Deo
361 3778 740 3834 converterat,
793 3777 902 3821 tum
952 3767 1058 3822 Lea
1106 3767 1504 3834 religiosissima
1556 3766 1792 3829 femina,

220 3871 365 3930 atque
392 3861 571 3914 Asella
600 3858 770 3927 virgo,
792 3874 912 3927 quze
937 3857 1123 3910 Romae
1150 3856 1295 3908 velut
1321 3856 1372 3908 in
1405 3871 1587 3909 eremo
1616 3857 1798 3908 Solita-

223 3952 340 4005 riam
372 3953 539 4005 vitam
569 3943 834 4019 degebat,
876 3945 1125 4001 Marcella
1169 3945 1400 4013 denique
1430 3945 1585 3998 vidua
1638 3944 1796 4012 longe

225 4045 564 4105 nobilissima,
598 4043 653 4095 ia
680 4040 832 4110 cujus
857 4039 1021 4102 ardes,
1054 4047 1110 4091 ut
1140 4037 1518 4106 Hieronymum
1549 4035 1616 4089 de
1651 4034 1798 4090 Scri-

226 4138 380 4206 pturis
401 4138 754 4190 disserentem
781 4133 1046 4192 audirent,
1071 4131 1175 4184 illa:
1197 4137 1358 4199 atque
1380 4129 1500 4183 alite.
1521 4128 1797 4193 Matronae,

225 4243 279 4282 ac
305 4228 553 4298 Virgines
591 4225 1008 4280 conveniebant.
1058 4223 1257 4276 Pruater
1284 4221 1413 4276 istas
1450 4222 1641 4276 Albina
1685 4236 1797 4273 ma-

229 4331 317 4383 ter,
346 4320 654 4374 Marcellina
677 4326 732 4371 et
754 4315 1029 4378 Felicitas,
1057 4329 1188 4382 quas
1214 4313 1406 4366 salutat
1437 4312 1607 4381 Epist.
1629 4310 1796 4366 XLV.

231 4410 480 4480 Principia
509 4423 743 4478 quoque,
775 4420 936 4475 quam
980 4403 1220 4473 pluribus
1253 4403 1384 4458 locis
1413 4403 1652 4468 impense
1684 4402 1799 4454 lau-

230 4502 327 4565 dat,
361 4512 413 4556 et
462 4500 730 4553 li‘eliciana
762 4513 919 4567 qnam
969 4502 1358 4549 commemorat
1408 4494 1577 4562 Epist.
1629 4491 1801 4546 XXX.

232 4609 438 4660 quarum
483 4607 589 4646 una
621 4590 860 4645 omnium
893 4588 998 4642 vita
1029 4597 1188 4656 atque
1212 4586 1474 4655 exemplis
1502 4584 1801 4640 Christiana

235 4698 308 4737 res
346 4683 500 4737 valde
547 4683 813 4736 illustrala
865 4688 965 4734 est.
1000 4677 1280 4732 Nonnullae
1320 4686 1497 4732 autem
1526 4691 1590 4731 ex
1623 4677 1705 4730 his
1736 4677 1806 4731 ita

234 4789 290 4827 eo
321 4783 648 4842 praeceptore
691 4772 747 4826 in
787 4771 1007 4826 scientia
1037 4769 1433 4840 Scripturarum
1465 4769 1766 4822 excelluere
1787 4808 1802 4831 ,

237 4874 283 4917 ut
309 4866 464 4920 Paula
512 4863 781 4918 Ilebra'am
817 4864 1046 4932 tinguant
1073 4869 1419 4929 personaret,
1448 4858 1661 4927 liliaque
1693 4859 1807 4927 ejus

237 4955 572 5014 Eustochium
605 4955 868 5011 Hebraico
896 4968 1106 5024 quoque
1150 4953 1310 5006 sciret
1337 4951 1549 5006 codices
1587 4951 1809 5005 nitidius

235 5051 564 5113 exscribere,
610 5048 829 5117 ipsaque
872 5060 1027 5100 soror
1071 5045 1189 5112 ejus
1241 5043 1468 5098 Blacsilla
1516 5041 1662 5096 brevi
1691 5041 1803 5110 jam

240 5137 416 5204 linguae
451 5139 570 5207 ejus
598 5137 942 5192 difficultates
966 5135 1217 5197 vicisset,
1247 5144 1302 5190 et
1330 5135 1382 5188 in
1411 5132 1683 5188 discendis
1716 5147 1810 5199 ca—

239 5231 523 5301 nendisqne
557 5229 816 5284 llcbraice
864 5227 1086 5282 Psalmis
1135 5242 1255 5280 cum
1303 5236 1474 5280 matre
1522 5224 1814 5279 contende—

241 5332 329 5375 rct.
376 5321 626 5376 Marcella
669 5335 799 5374 vero
849 5329 1046 5372 tantam
1092 5333 1157 5372 ex
1206 5319 1321 5386 ejus
1364 5313 1813 5387 pra'ceptionibus

240 5415 553 5467 sanctiorum
581 5410 984 5479 disciplinarum
1018 5408 1255 5462 notitiam
1282 5407 1536 5468 banrivit,
1561 5413 1810 5475 quantum

241 5506 320 5557 vix
347 5504 505 5574 longo
532 5503 649 5572 ipse
677 5500 775 5556 sibi
826 5500 1002 5554 studio
1040 5515 1103 5554 ac
1141 5499 1325 5553 labore
1360 5512 1706 5567 comparasse
1737 5496 1813 5550 fa-

249 5605 378 5648 tetur
404 5596 464 5652 S.
491 5596 673 5650 Pater.
707 5591 842 5655 Hoc,
877 5591 1066 5660 inquit,
1095 5590 1257 5644 solum
1284 5589 1474 5651 dicam,
1507 5588 1642 5656 quod
1667 5587 1816 5652 quid-

246 5687 355 5754 quid
382 5689 435 5740 in
468 5687 611 5741 robis
647 5685 800 5756 longo
847 5682 941 5752 fuit
968 5681 1135 5735 studio
1161 5689 1542 5750 congregatum,
1578 5687 1621 5732 et
1650 5677 1814 5733 medi-

248 5781 419 5835 tatione
442 5780 686 5835 diuturna
710 5818 725 5845 ,
770 5775 916 5848 quasi
945 5773 998 5828 in
1033 5783 1266 5826 naturam
1313 5783 1510 5823 uersum
1535 5805 1550 5833 ,
1599 5769 1694 5821 hoc
1723 5767 1816 5820 illa

1883 453 2075 514 libauit,
2107 453 2202 504 hoc
2231 450 2428 512 didicit,
2456 460 2604 519 atque
2632 452 2850 518 possedit
2887 467 2905 504 :
2936 453 3007 505 ita
3036 461 3087 504 ut
3130 461 3242 520 post
3287 457 3461 522 profe-

1881 545 2097 596 ctionem
2127 549 2371 604 nostram,
2403 540 2446 593 si
2474 539 2538 592 de
2563 541 2733 609 aliqua
2776 542 3056 594 testimonio
3081 543 3465 610 Scriptus-arum

1882 641 2008 685 esset
2057 632 2235 685 oborta
2281 630 2564 692 contentio,
2618 630 2684 682 ad
2731 631 2872 683 illaut
2902 632 3130 701 judicent
3177 641 3466 703 pergeretur

1884 721 2075 792 (Epist.
2106 719 2415 792 CXXVII).
2445 722 2679 775 Aliarum
2705 722 2899 790 (neque
2929 723 3069 776 enim
3109 733 3258 778 vacat
3284 723 3466 792 singu-

1885 814 2054 868 larum
2083 813 2361 868 historiam
2395 815 2666 883 persequi)
2699 813 2836 868 haud
2867 814 3040 882 impar
3068 814 3276 870 indoles
3302 826 3466 885 atque

1882 907 2093 958 aninms
2135 904 2231 958 fuit
2256 915 2310 960 et
2338 905 2610 974 profectus
2639 922 2652 957 :
2686 920 2878 960 omnes
2903 905 3047 959 enim
3079 905 3170 959 ille
3205 906 3272 960 ad
3302 908 3467 961 virtu-

1887 1006 1988 1050 tem
2021 995 2306 1064 arrigebat,
2362 1010 2560 1065 perque
2588 995 2784 1050 multas
2813 995 3226 1050 exercitationes
3263 1004 3463 1051 tantam

1883 1087 2099 1142 edocuit
2141 1103 2415 1143 sacrarum
2457 1087 2754 1142 Literarum
2801 1086 3124 1152 scientiam,
3154 1096 3351 1156 quanta
3395 1088 3463 1142 ad

1886 1178 2174 1246 perfectam
2227 1193 2411 1233 earum
2467 1178 2958 1248 interpretationem
3009 1178 3124 1232 usui
3181 1186 3325 1232 esset
3376 1177 3461 1232 fn-

1885 1278 2022 1324 tura.

1955 1361 1993 1414 ll
2048 1359 2212 1427 Cujus
2254 1375 2432 1431 opera:
2480 1364 2522 1414 is
2562 1361 2777 1416 demum
2807 1365 3011 1417 fructus
3038 1361 3104 1417 ad
3152 1377 3249 1416 nos
3292 1375 3462 1432 usque

1886 1453 2046 1511 venit,
2075 1463 2132 1506 ut
2160 1456 2447 1506 etiamnum
2476 1452 2732 1522 Epistolas
2757 1453 2821 1506 ad
2851 1469 2944 1508 eas
2971 1455 3152 1508 multa:
3183 1465 3459 1522 superent,

1884 1546 2077 1612 quibus
2099 1545 2401 1599 difficiliora
2425 1545 2666 1614 quatdam
2699 1545 2990 1613 Scriptura:
3030 1545 3144 1600 loca
3185 1561 3465 1614 exponun-

1885 1643 1990 1700 tur,
2023 1644 2078 1688 ut
2102 1650 2164 1689 ea
2195 1634 2354 1689 modo
2383 1634 2486 1688 huc
2516 1633 2744 1689 referam
2765 1675 2779 1699 ,
2807 1650 2926 1704 qua:
2963 1635 3030 1688 ad
3063 1650 3248 1689 carum
3275 1644 3462 1704 postn—

1886 1727 1991 1782 lata
2036 1728 2216 1781 Romae
2243 1739 2299 1782 et
2335 1743 2432 1798 per
2462 1729 2626 1782 hocce
2659 1739 2866 1797 tempus
2893 1727 2959 1782 ab
2987 1743 3052 1782 eo
3092 1729 3288 1798 scripta
3317 1739 3463 1782 sunt.

1887 1819 2018 1873 Tres
2049 1819 2309 1874 habemus
2338 1819 2405 1873 ad
2442 1819 2681 1884 Paulam,
2711 1819 2776 1873 ad
2817 1819 3167 1874 Eustochium
3195 1819 3346 1884 duas,
3396 1821 3462 1874 ad

1889 1911 2191 1964 Marcellam
2245 1910 2530 1964 admodum
2595 1911 2865 1965 sexdecim
2921 1928 2934 1965 :
2985 1926 3118 1980 quas
3167 1926 3355 1966 omnes
3400 1914 3468 1966 ab

1885 2017 2112 2058 exeunte
2133 2019 2274 2058 anno
2301 2004 2406 2058 584
2433 2004 2496 2057 ad
2528 2004 2857 2073 insequentis
2900 2003 3011 2058 fere
3039 2003 3272 2058 medium
3299 2004 3464 2058 dedit.

1886 2097 1944 2150 in
1973 2097 2377 2165 Chronologicis
2422 2096 2486 2148 ad
2526 2112 2618 2150 eas
2663 2096 2813 2151 Notis
2836 2097 2902 2151 de
2933 2097 3033 2151 hoc
3055 2098 3189 2166 ipso,
3221 2097 3287 2151 ad
3325 2100 3464 2168 quod

1890 2196 2171 2254 spectant,
2202 2187 2459 2256 temporis
2507 2187 2787 2240 intervallo
2811 2228 2825 2250 ,
2873 2188 3047 2256 deque
3089 2189 3279 2242 ordine
3308 2205 3466 2258 quem

1893 2280 2032 2332 inter
2074 2293 2132 2331 se
2178 2277 2247 2330 ob
2285 2277 2530 2331 eamdem
2559 2277 2729 2331 anatis
2760 2279 3165 2348 prmrogativam
3191 2281 3468 2344 obtinent,

1893 2373 2022 2424 satis
2043 2370 2202 2424 multa
2227 2370 2490 2439 disputata
2514 2381 2658 2432 sunt,
2686 2386 2804 2437 qua:
2830 2371 3088 2438 replicare
3115 2369 3234 2425 heic
3257 2372 3469 2440 iterum,

1897 2460 2108 2514 tametsi
2135 2461 2418 2529 quamdam
2473 2459 2755 2528 peculiaris
2809 2459 2926 2529 ejus
2976 2461 3214 2514 historite
3265 2472 3468 2531 partem

1893 2556 2219 2618 contineant,
2247 2568 2416 2623 neque
2442 2560 2744 2607 nostrarum
2771 2554 2996 2620 partium
3021 2563 3122 2619 est,
3151 2569 3322 2623 neque
3344 2557 3468 2610 otii.

1892 2647 1959 2700 Et
1999 2647 2197 2700 scimus
2241 2655 2499 2714 pra-terea
2545 2644 2706 2697 alium
2755 2643 2894 2699 inter
2930 2659 3025 2700 eas
3064 2645 3266 2699 institui
3311 2660 3470 2715 posse

1889 2738 2130 2792 ordinem
2159 2777 2172 2799 ,
2206 2735 2432 2790 fortasse
2461 2735 2620 2806 etiam
2668 2735 2884 2806 propius
2930 2735 2997 2790 ad
3037 2736 3148 2791 veri
3189 2737 3424 2806 speciem
3449 2781 3466 2801 ,

1888 2829 2066 2898 priore
2096 2827 2183 2881 illa
2220 2825 2290 2881 ad
2325 2825 2671 2880 Eustochium
2694 2867 2708 2889 ,
2741 2842 2860 2896 qua:
2890 2841 3171 2881 numerum
3199 2827 3250 2881 in
3284 2843 3471 2883 recen-

1889 2921 2039 2974 sione
2068 2928 2246 2973 nostra
2286 2917 2449 2972 XXlI.
2481 2917 2685 2970 obtinet
2713 2917 2875 2972 relata
2918 2917 2985 2971 ad
3025 2919 3149 2971 anni
3195 2918 3312 2988 ejus
3362 2921 3466 2974 584

1887 3011 2172 3066 Octobrem
2228 3019 2318 3064 aut
2361 3007 2716 3064 Novembrem
2783 3023 3047 3063 mensem.
3096 3007 3200 3063 Sed
3258 3011 3471 3078 quando

1887 3103 2078 3180 conjici
2123 3104 2174 3156 in
2217 3101 2360 3155 aliud
2393 3100 2459 3154 ab
2489 3115 2555 3155 eo
2595 3099 2736 3169 quod
2783 3098 3051 3163 diximus,
3107 3107 3317 3167 tempus
3363 3114 3470 3154 non

1888 3204 2136 3268 possunt,
2166 3204 2218 3249 et
2245 3195 2330 3248 vix
2362 3193 2546 3248 decem
2577 3193 2750 3262 spatio
2781 3191 3052 3246 mensium‘
3082 3205 3273 3246 oumes
3297 3195 3472 3246 conti-

1891 3297 2084 3342 nentur
2113 3301 2126 3338 :
2170 3301 2275 3339 non
2308 3283 2518 3338 videtur
2548 3299 2578 3338 e
2626 3299 2686 3337 re
2730 3291 2912 3336 nostra
2945 3290 3036 3336 aut
3072 3280 3314 3338 Lectoris
3351 3298 3474 3338 esse

1891 3381 2008 3434 istis
2054 3377 2306 3432 momenti
2339 3391 2592 3446 perquam
2624 3374 2798 3444 exigui
2829 3373 3128 3429 rationibus
3171 3374 3468 3430 immorari.

1894 3476 2117 3528 Praestat
2155 3471 2223 3526 ab
2252 3471 2350 3526 hac
2400 3469 2655 3539 temporis
2702 3470 2975 3523 notatione
3023 3467 3275 3538 colligere
3305 3468 3472 3538 (quod

1893 3565 1958 3618 ad
2007 3563 2323 3618 modestiam
2381 3560 2687 3630 Hieronymi
2741 3558 3135 3628 pra-dicandam
3185 3561 3472 3627 plurimum

1898 3654 2138 3721 interest)
2171 3669 2292 3707 eum
2321 3652 2533 3705 nonnisi
2579 3667 2702 3705 sero
2745 3650 3032 3704 admodum
3063 3651 3328 3704 ventitare
3359 3663 3480 3718 pas-

1897 3761 2013 3799 sum
2039 3744 2104 3798 ad
2144 3759 2204 3798 se
2233 3741 2489 3796 mulieres
2516 3740 2755 3795 discendi
2793 3741 2960 3808 gratia
2997 3756 3010 3792 :
3041 3754 3140 3793 nec
3168 3741 3382 3808 proprie
3409 3740 3478 3793 ad

1899 3853 1988 3898 se,
2017 3833 2111 3887 sed
2139 3834 2190 3885 in
2218 3831 2362 3900 aedes
2391 3829 2654 3882 Marcella:
2687 3829 3065 3890 nobilissima},
3101 3829 3478 3882 sanctissima:-

1901 3943 2004 3994 que
2031 3923 2226 3987 viduae,
2255 3922 2308 3974 in
2338 3921 2533 3989 quibus
2565 3920 2678 3988 ipse
2712 3919 3079 3986 hospitabatur
3109 3933 3122 3970 :
3155 3933 3328 3987 neque
3354 3928 3480 3973 ante

1904 4035 1994 4072 (ιρις
2022 4018 2073 4071 in
2115 4014 2446 4084 disciplinam
2477 4012 2782 4079 excepisse,
2823 4025 2981 4080 quam
3023 4009 3354 4079 singularum
3379 4009 3480 4064 sibi

1904 4117 2046 4163 esset
2075 4107 2242 4161 virtus
2270 4104 2568 4173 explorata,
2602 4110 2786 4169 utpote
2830 4099 2920 4169 qui
2965 4098 3181 4170 proprio
3210 4099 3338 4154 olim
3370 4100 3477 4155 for-

1908 4201 2062 4256 lassis
2087 4196 2324 4269 periculo
2351 4194 2633 4250 verebatur
2651 4234 2667 4259 ,
2716 4207 2782 4246 ne
2807 4207 2872 4246 est
2905 4190 3168 4260 frequenti
3198 4178 3480 4246 mulierum

1905 4296 2176 4352 consortio
2227 4291 2293 4348 ad
2343 4291 2669 4358 voluptatem
2721 4286 3087 4356 impelleretur
3139 4283 3333 4350 homo,
3391 4285 3480 4354 qui

1905 4390 2082 4444 omnia
2111 4402 2220 4458 prie
2240 4383 2497 4440 castitatis
2521 4379 2697 4434 studio
2718 4377 3075 4446 postputabat.
3096 4375 3280 4430 Serius
3306 4373 3485 4429 adhuc

1908 4481 2075 4535 multo
2102 4478 2320 4533 domum
2367 4471 2424 4530 S.
2475 4470 2651 4525 Paula:
2697 4469 2875 4534 novit,
2923 4477 2978 4521 ut
3007 4480 3071 4519 ex
3118 4463 3289 4535 Epist.
3321 4462 3483 4520 XLV.

1909 4583 2241 4643 compertum
2272 4575 2374 4621 est.

1978 4665 2066 4721 III.
2110 4663 2345 4730 ldipsum
2387 4671 2454 4711 ex
2501 4653 2666 4709 XXII.
2713 4651 2778 4704 ad
2811 4648 3153 4705 Eustochium
3193 4647 3478 4710 discimus,

1909 4774 2029 4828 quae
2070 4755 2301 4809 maxima
2348 4747 2881 4820 llieronymianarum
2913 4757 3104 4798 caussa
3157 4743 3483 4799 vicissitudi-

1914 4865 2039 4904 num
2106 4846 2238 4907 fuit,
2293 4851 2480 4910 estque
2529 4839 2662 4893 adeo
2728 4836 3001 4907 sigillatim
3053 4835 3361 4890 recolenda.
3414 4833 3492 4890 lbi

1913 4943 1971 4998 S.
2005 4943 2164 4995 Pater
2205 4934 2336 4990 nihil
2378 4947 2566 4989 eorum
2591 4947 2707 5000 qua:
2737 4929 2802 4983 ad
2832 4928 3054 4996 virginis
3081 4926 3488 4990 institutionem,

1914 5045 1969 5089 et
2014 5027 2368 5100 virginitatem
2421 5021 2735 5078 servandam
2793 5020 3103 5091 pertinent,
3155 5017 3496 5087 praetermisit

1917 5132 2304 5196 prmceptorum
2348 5115 2415 5170 de
2465 5113 2587 5183 fuga
2635 5111 2814 5166 smculi
2836 5151 2854 5177 ,
2900 5109 2967 5164 de
2996 5109 3137 5163 victu
3162 5148 3178 5171 ,
3209 5122 3273 5161 ac
3300 5108 3494 5162 vestitu

1917 5216 2080 5282 frugi,
2103 5213 2170 5268 de
2189 5207 2440 5266 cavendis
2462 5205 2787 5260 Clericorum
2813 5201 3014 5271 aliquot
3039 5209 3092 5256 et
3113 5198 3493 5254 Monacborum

1918 5308 2100 5364 vitiis,
2147 5301 2365 5356 avaritia
2421 5295 2715 5367 prazsertim
2759 5301 2814 5348 et
2860 5291 3022 5362 gula,
3073 5289 3140 5344 de
3171 5288 3492 5347 Sanctorum

1919 5397 2182 5467 exemplis
2203 5436 2216 5459 ,
2250 5391 2427 5446 studio
2452 5388 2846 5457 Scripturarum
2867 5425 2880 5448 ,
2911 5392 3071 5451 atque
3097 5380 3216 5434 aliis
3235 5419 3250 5444 ,
3281 5392 3400 5467 qua:
3428 5377 3499 5431 ibi

1920 5492 2140 5562 copiose
2191 5497 2352 5555 atque
2403 5490 2592 5535 ornate
2653 5476 2824 5547 siquid
2871 5475 3004 5528 alias
3045 5469 3310 5527 edisserit.
3365 5466 3497 5522 Tam

1922 5557 2152 5647 erudita,
2183 5590 2394 5646 tamque
2423 5575 2639 5642 elegans
2661 5611 2675 5635 ,
2723 5580 3008 5634 rerumque
3033 5572 3088 5618 et
3113 5557 3499 5616 sententiarum

1925 5675 2163 5745 pondere
2189 5668 2366 5739 gravis
2405 5665 2514 5718 visa
2546 5673 2625 5717 est
2647 5702 2662 5727 ,
2705 5669 2759 5714 ut
2797 5673 2913 5712 eam
2943 5649 3277 5717 Suphronius
3306 5646 3500 5702 Hiero-

1925 5739 2072 5834 iiymi
2102 5759 2303 5815 amicus
2329 5756 2544 5824 dignam
2565 5749 2798 5814 duxerit,
2821 5757 2978 5815 quam
3006 5741 3060 5793 in
3077 5739 3320 5794 ercum
3341 5743 3508 5795 trans.
