4004 6328
468 287 532 349 st
1736 289 1793 343 s.
1837 276 2213 344 maneatur
2257 284 2437 343 ιιτΑ.
3669 299 3737 362 ες

471 407 656 461 ferret.
696 404 1059 486 Nihilominus
1104 411 1357 475 quantam
1400 417 1465 457 ex
1511 416 1609 466 ea,
1673 411 1731 456 et
1777 402 2051 456 consortio

470 500 753 553 mulierum
785 498 839 551 in
864 512 925 551 se
952 500 1157 553 acuerit
1189 496 1445 552 invidiam‘
1471 495 1527 549 in
1556 494 1804 549 maledica
1828 495 2047 567 civitate,

464 596 513 643 et
541 589 597 643 in
618 588 760 654 urbe,
795 588 849 641 in
881 604 982 658 qua
1007 587 1141 642 orbis
1167 588 1422 659 quondam
1450 586 1670 657 populus
1694 586 1817 656 fuit,
1848 585 2048 655 palma-

463 696 559 749 que
585 680 860 744 vitiorum,
909 691 965 733 et
1012 694 1145 750 quas
1186 679 1490 733 inimicitias
1521 679 1842 743 incurrerit,
1887 677 2051 749 paulo

467 781 587 839 post
630 770 781 842 juxta
808 786 989 825 rerum
1020 771 1215 825 seriem
1241 785 1591 840 exponemus.
1626 768 1886 824 Addimus
1911 769 2050 824 inte-

465 864 567 916 rim
614 872 723 917 non
750 864 880 917 solis
908 878 1029 917 eum
1050 904 1068 930 ,
1099 872 1153 916 ut
1184 863 1297 926 ait,
1329 860 1533 917 crebris
1559 859 1839 931 Virginum
1880 860 2050 915 turbis

466 952 788 1007 circumdari
816 952 1057 1018 solitum,
1087 968 1206 1022 qua:
1228 951 1295 1005 de
1317 950 1609 1020 Scriptnris
1635 950 2049 1020 interrogarent,

434 1054 521 1096 iet
564 1058 848 1115 capessere
890 1044 1187 1098 sanctiores
1231 1042 1546 1111 disciplinas
1593 1042 1826 1105 vellent.
1875 1039 1967 1095 sed
1998 1048 2055 1095 et

468 1136 613 1187 viros
643 1135 928 1189 nonnullos
948 1134 1237 1198 exstitisse,
1257 1147 1394 1201 quos
1416 1136 1531 1202 ipse
1551 1132 1781 1199 Danieli,
1806 1133 2049 1198 Ananizc,

469 1226 708 1288 Azarite,
762 1234 818 1279 et
862 1225 1062 1279 Misaeli
1114 1225 1164 1278 in
1213 1224 1483 1295 Babylone
1526 1232 1837 1294 comparat,
1886 1239 2054 1279 sacra:

468 1317 788 1371 eruditionis
818 1316 1043 1387 cupidos
1064 1357 1080 1381 ,
1108 1316 1197 1386 qui
1226 1316 1343 1386 ejus
1382 1331 1527 1387 sa'pe
1552 1331 1713 1386 op:-ra
1743 1325 1798 1371 et
1828 1331 2054 1371 consue-

468 1407 652 1462 tudine
673 1408 725 1461 in
753 1422 876 1461 eam
903 1423 1019 1462 rem
1048 1409 1129 1462 nsi
1166 1417 1314 1462 sunt.
1348 1407 1551 1463 Praeter
1585 1422 1853 1461 summum
1894 1406 2055 1463 Urbis

468 1498 781 1554 Pontillcent
813 1499 1118 1561 Damasum,
1139 1498 1228 1567 qui
1256 1497 1419 1551 nullis
1447 1513 1552 1551 non
1578 1497 1857 1552 litterariis
1887 1496 2057 1552 laudi-

470 1593 567 1646 bus
595 1591 931 1658 abundabat,
961 1591 1279 1658 insigniores
1308 1593 1459 1646 fuere
1486 1590 1884 1657 Pammachius,
1918 1591 2057 1644 Mar-

469 1683 713 1745 cellinus.
744 1683 1034 1748 Dnmnion,
1068 1683 1416 1752 Rogatianns.
1447 1681 1712 1746 Oceanus,
1744 1689 1803 1736 ιιι
1838 1696 1902 1737 ex
1931 1682 2053 1747 illis,

468 1786 603 1845 quas
650 1773 715 1828 ad
759 1789 854 1829 eos
904 1773 1242 1843 postmodum
1292 1774 1474 1829 literas
1511 1772 1693 1838 dedit,
1721 1783 2053 1843 compertum

470 1876 573 1919 νει.
609 1865 682 1919 De
704 1864 787 1919 his
808 1874 989 1935 postea
1013 1865 1206 1919 redibit
1230 1878 1430 1919 sermo.

552 1978 636 2034 IV.
661 1978 813 2047 Quod
835 1994 865 2033 a
894 1978 1208 2033 mulieribus
1236 1978 1577 2034 instituendis
1608 1987 1885 2040 supererat
1917 1988 2054 2032 tem-

473 2087 595 2140 pus,
634 2072 847 2126 lectioni
878 2071 1233 2142 Hieronymus
1262 2071 1452 2137 dabat,
1483 2072 1639 2141 eique
1666 2087 1725 2127 se
1768 2081 1935 2127 totttm
1964 2075 2056 2128 de-

475 2172 730 2225 voverat,
780 2171 838 2217 ut
902 2172 1129 2230 excepto
1180 2162 1388 2234 Didymi
1439 2163 1692 2218 Tractatu
1737 2164 1805 2219 de
1856 2165 2056 2234 Spiritu

471 2252 702 2317 Sutcto,
744 2267 900 2322 quem
932 2251 1220 2307 Latinitate
1257 2253 1458 2307 donare
1507 2253 1779 2323 inceperat
1820 2253 2058 2320 (differre

471 2355 649 2397 autem
672 2386 686 2407 ,
719 2353 777 2397 ιιι
806 2342 1085 2407 dicemus,
1118 2343 1169 2396 in
1202 2342 1345 2396 aliud
1394 2352 1602 2413 tempus
1627 2385 1643 2410 ,
1691 2355 1908 2399 coactus
1953 2344 2055 2418 est)

477 2434 606 2487 nihil
634 2433 745 2503 jam
777 2432 1029 2487 dictando
1055 2442 1148 2486 aut
1190 2432 1476 2487 scribendo
1516 2432 1870 2489 elucubraret.
1905 2434 2055 2504 Quod

471 2542 592 2579 eum
631 2540 773 2596 :rgre
815 2526 1071 2580 Damasus
1102 2523 1258 2580 ferret
1306 2524 1520 2595 (mirum
1570 2526 1709 2579 enim
1744 2528 1794 2581 in
1844 2528 2055 2582 modum

473 2618 591 2684 ejus
625 2616 821 2687 ingenii
853 2616 1198 2670 monimentis
1238 2614 1622 2681 delectabatur)
1655 2626 1711 2669 ttt
1750 2618 1900 2685 quasi
1933 2618 2056 2671 dor-

475 2710 707 2763 mientem
732 2708 883 2778 longo
900 2708 1012 2777 jam
1034 2718 1256 2776 tempore
1285 2707 1559 2770 excitaret,
1593 2706 1662 2761 ab
1688 2721 1753 2761 eo
1785 2708 1957 2777 petiit,
2003 2716 2061 2763 ut

474 2799 649 2868 siquid
690 2799 868 2868 operis
895 2800 946 2852 in
990 2808 1200 2868 promtu
1234 2796 1474 2862 haberet,
1504 2798 1604 2851 sibi
1650 2798 1929 2868 legendum
1954 2808 2061 2852 tra-

473 2891 645 2945 deret.
677 2888 916 2960 Cumque
959 2889 1045 2944 hic
1072 2888 1202 2943 nihil
1230 2900 1517 2958 suppetere
1547 2889 1646 2942 sibi
1693 2889 2061 2959 restiondisset

477 2992 670 3052 praeter
697 2981 962 3049 Epistolas
991 2982 1219 3050 scriptas
1238 2981 1365 3034 olim
1394 2980 1447 3035 in
1478 2996 1663 3036 eremo
1697 2998 1710 3035 :
1745 2980 1950 3035 furtivis
1974 2991 2058 3035 ta-

476 3091 598 3129 men
624 3075 854 3129 noctium
900 3073 1081 3143 operis
1103 3115 1119 3140 ,
1148 3073 1467 3127 dictaturum
1508 3087 1567 3128 se
1595 3071 1716 3127 novi
1747 3072 1942 3144 aliquid
1968 3115 1982 3137 ,
2015 3073 2059 3127 si

473 3169 670 3242 vellet,‘
706 3168 973 3238 pollicitus
1001 3178 1104 3221 est.
1151 3166 1303 3235 Quod
1335 3165 1630 3220 liberaliter
1660 3165 1930 3234 accipin-ns
1961 3165 2064 3218 Da-

476 3274 678 3326 masns,
710 3260 847 3314 datis
871 3259 1144 3314 tabellario
1175 3260 1408 3313 Diacono
1432 3257 1647 3324 litteris,
1669 3256 1728 3312 8.
1751 3257 1889 3312 Patri
1918 3258 2063 3327 quin-

476 3369 579 3423 que
607 3370 672 3408 cx
705 3353 897 3408 Vetere
925 3351 1275 3407 Testamento
1300 3350 1629 3420 quaestiones
1659 3351 1948 3420 pr0posuit.
1984 3350 2061 3404 Ex

479 3445 561 3498 bis
595 3444 683 3499 ille
708 3454 816 3499 tres
844 3444 1002 3498 modo
1041 3443 1198 3497 solvit
1228 3457 1483 3512 perquam
1534 3441 1744 3496 erudite
1776 3460 1789 3497 :
1831 3442 2063 3510 reliquas

475 3540 610 3593 duas
641 3538 998 3608 praetermisit,
1033 3535 1175 3607 quod
1202 3535 1589 3595 Tertulliantts.
1622 3534 1876 3600 Novatus,
1906 3546 2064 3605 atque

478 3631 741 3702 Origenes
762 3630 1079 3700 jamdudum
1107 3643 1198 3683 cas
1228 3627 1501 3697 agitarint,
1523 3636 1683 3697 atque
1708 3626 2060 3696 expedierint.

476 3720 593 3777 Non
633 3708 861 3777 obscure
898 3732 1078 3776 autem
1103 3735 1169 3774 ex
1201 3717 1302 3773 hac
1330 3728 1438 3772 tota
1480 3719 1784 3773 narratione
1822 3728 2062 3787 apparet,

477 3814 725 3869 debuisse
749 3813 884 3868 duas
913 3813 1042 3866 istas
1070 3810 1285 3864 Damasi
1317 3808 1382 3863 ad
1415 3809 1822 3880 Hieronymum,
1854 3820 1907 3864 et
1938 3810 2063 3864 Ilie-

477 3907 686 3974 ronymi
733 3904 798 3959 ad
833 3906 1114 3959 Damasum
1163 3901 1434 3971 Epistolas
1479 3902 1597 3957 aliis
1626 3902 1898 3967 hujttsmet
1940 3903 2062 3956 atmi
2106 3970 2109 3973 Α

476 4000 541 4053 ad
569 3998 917 4054 Eustochium
948 4008 1002 4052 et
1023 3996 1350 4062 Marcellam,
1382 4011 1502 4066 qua:
1525 3994 1576 4049 in
1604 3996 1856 4052 EditiOue
1885 4006 2064 4051 nostra

478 4090 667 4143 ordine
715 4097 1102 4157 przrponuntur
1125 4126 1141 4151 ,
1172 4085 1422 4140 anteferri
1448 4103 1462 4138 :
1495 4085 1560 4138 ad
1592 4102 1747 4156 quem
1779 4101 1908 4140 sane
1947 4103 2066 4139 mo-

477 4182 605 4234 dum
633 4179 844 4233 restitni
886 4193 1029 4231 noue
1067 4178 1252 4232 velim.
1282 4176 1338 4231 Si
1370 4177 1512 4230 enim
1548 4175 1775 4231 fuissent
1817 4177 2067 4231 luncillze

480 4269 734 4337 Epistole
782 4267 879 4322 abs
923 4266 1246 4336 Hieronymo
1295 4264 1656 4325 elucubratac.
1707 4282 1883 4335 neque
1944 4283 2065 4321 eum

480 4359 706 4413 dixisset
748 4357 1007 4411 Damasus
1032 4355 1363 4409 dormientem
1405 4354 1557 4425 longo
1598 4354 1711 4425 jaut
1747 4365 1989 4427 tempore,
2022 4369 2068 4411 et

480 4450 724 4516 Ingentem
751 4449 918 4518 potius
946 4463 1096 4518 qnam
1136 4445 1452 4509 scribentem,
1494 4459 1665 4514 neque
1704 4447 2070 4514 respondisset

480 4540 695 4601 Noster.
726 4539 899 4593 nullas
934 4554 990 4593 se
1017 4539 1133 4609 jant
1172 4535 1433 4605 Epistolas
1474 4536 1674 4602 habere,
1703 4541 1922 4609 exceptis
1967 4541 2062 4604 Itis,

478 4652 606 4703 quas
635 4630 912 4702 aliquando
939 4630 989 4682 in
1012 4646 1177 4683 eremo
1202 4628 1497 4690 dictaverat,
1532 4644 1770 4699 quasque
1790 4628 1847 4685 8.
1881 4631 2067 4687 Ponti-

482 4724 565 4779 fex
594 4734 696 4778 tota
718 4722 951 4776 aviditate
966 4720 1079 4790 jam
1105 4719 1314 4787 legerat,
1345 4728 1493 4786 atque
1512 4718 1871 4790 descripserat.
1904 4726 2069 4780 Acce-

478 4817 586 4876 dit,
614 4812 754 4883 quod
785 4811 899 4880 ipse
939 4809 991 4863 in
1032 4823 1251 4863 suorum
1276 4805 1537 4878 Catalogo
1562 4823 1786 4878 operum
1818 4811 1874 4866 S.
1911 4812 2068 4869 Pater

482 4909 622 4960 hanc
650 4904 713 4958 de
739 4901 899 4956 tribus
922 4899 1294 4968 Qttmstionibus
1314 4899 1462 4971 Legis
1497 4899 1686 4957 Veteris
1709 4904 2068 4962 elucubratio-

482 5011 604 5051 nem
627 4991 988 5048 laudatisillis
1014 5032 1030 5055 ,
1059 4990 1125 5045 ad
1153 4988 1501 5045 Eustochium
1533 5004 1588 5048 et
1610 4993 1914 5049 Marcellam
1939 4996 2063 5066 Epi-

480 5088 630 5142 stolis
657 5084 954 5153 anteponit,
985 5083 1093 5137 imo
1121 5091 1175 5137 et
1216 5081 1456 5139 Homiliis
1496 5085 1549 5138 in
1578 5084 1787 5141 Cantica
1824 5086 2066 5144 Cantico-

479 5196 612 5243 rum,
642 5186 697 5231 et
725 5177 863 5231 libro
905 5174 1143 5229 adversus
1188 5172 1480 5228 Helvidium
1509 5193 1531 5232 :
1558 5194 1792 5250 eumque
1819 5182 2062 5237 ordinem

479 5268 753 5322 observari
822 5265 1032 5320 caeteris
1086 5265 1405 5320 cuicuimodi
1453 5270 1781 5339 argumentis
1824 5280 2060 5341 praestet.

479 5362 648 5416 I‘orro
671 5374 794 5413 cum
835 5356 1009 5411 accito
1029 5356 1247 5412 Notario
1273 5360 1682 5427 responsionem
1709 5361 1915 5417 dictare
1942 5363 2064 5416 Ilie-

477 5456 733 5523 ron‘ymus
753 5449 862 5520 jam
890 5449 1155 5519 cchisset,
1185 5448 1439 5504 Hebrteus
1462 5451 1645 5505 nescio
1670 5452 1793 5521 quis
1825 5452 2058 5516 advenit,

477 5543 565 5614 qui
598 5536 898 5598 IIobraicos
924 5538 1150 5595 Codices
1177 5539 1269 5595 diu
1312 5537 1646 5610 multumque
1671 5541 1740 5595 ab
1766 5542 1856 5596 illo
1874 5542 2062 5611 exqui-

475 5636 610 5689 sitos
635 5634 824 5690 adtulit
854 5650 869 5686 :
898 5646 1007 5703 quo
1033 5632 1317 5701 inopinato
1341 5641 1537 5686 eventu
1563 5647 1593 5685 a
1624 5631 1908 5701 scribendo
1932 5648 2062 5687 evo-

474 5735 659 5786 catus,
709 5723 876 5792 iisque
922 5731 1065 5777 totus
1111 5722 1347 5776 intentus
1372 5719 1561 5788 libris,
1607 5737 1636 5776 a
1682 5723 2054 5793 respondendo

2156 401 2432 456 abstinuit.
2474 402 2542 458 Et
2568 403 2813 460 videntur
2856 406 3068 477 quidem
3116 407 3362 467 Ilebraici
3404 413 3490 469 isti
3523 415 3739 475 codices

2157 491 2357 558 iidem,
2403 493 2716 565 quibuscum
2750 497 3062 568 jampridem
3108 497 3398 557 Editionem
3446 504 3649 576 Aquila
3687 522 3739 564 ss

2154 588 2386 657 conferre
2431 586 2603 657 Eplst.
2655 587 2869 644 XXXII.
2918 590 2983 644 ad
3028 590 3330 648 Marcellam
3380 603 3628 653 testatur.
3660 598 3737 659 Ex

2154 690 2261 743 quo
2290 677 2416 732 item
2446 677 2779 735 manifestius
2820 680 3017 751 liquet,
3046 681 3182 738 hanc
3221 684 3288 740 ad
3336 685 3619 749 Damasum
3648 706 3739 746 re-

2158 770 2499 837 sponsionem
2524 780 2649 827 ante
2687 771 2831 827 illam
2856 790 2919 828 ac
2948 775 3311 844 pratcetlentes
3337 779 3473 835 alias
3499 780 3567 835 ad
3605 782 3744 837 Mar-

2155 859 2344 915 cellam
2388 861 2571 917 literas
2608 864 2773 920 t‘uisse
2818 865 3170 930 lucubratum,
3222 868 3366 926 Satis
3407 880 3589 927 autem
3636 875 3744 938 erit

2158 960 2485 1020 praepostero
2509 954 2648 1021 apud
2691 970 2789 1011 nos
2816 955 2990 1010 ordini
3033 959 3333 1014 consultum
3357 1002 3373 1028 ,
3400 962 3445 1016 si
3468 963 3743 1032 vigesima:

2156 1044 2406 1100 secunda:
2454 1046 2519 1099 ad
2568 1048 2950 1112 Eustochium.
2995 1048 3131 1105 duas
3170 1054 3300 1106 istas
3340 1068 3459 1124 qua:
3505 1049 3766 1111 numeris

2158 1145 2523 1203 pr:cnotantur
2549 1136 2768 1193 XXXV.
2798 1151 2852 1194 et
2875 1139 3118 1196 XXXVI.
3148 1157 3449 1212 pncponas.
3472 1144 3580 1201 Per
3600 1145 3742 1202 idem

2159 1236 2399 1292 tempus.
2429 1244 2493 1283 ac
2523 1230 2730 1283 Damasi
2771 1232 3011 1299 ejusdem
3045 1234 3252 1288 hortatu
3297 1235 3446 1291 binas
3488 1237 3741 1308 Origenis

2161 1317 2419 1374 Ilomilias
2459 1321 2510 1374 in
2553 1320 2770 1375 Cantica
2820 1322 3163 1377 Canticorum
3185 1324 3474 1383 Latinitate
3500 1328 3744 1397 donavit,

2160 1411 2434 1483 ipsiusque
2461 1415 2663 1468 nomini
2696 1416 2755 1469 8.
2784 1415 2942 1471 Pater
2969 1416 3259 1488 inscripsit.

2230 1501 2298 1557 ν.
2327 1502 2434 1559 Nec
2455 1504 2623 1559 multo
2645 1515 2765 1574 post
2783 1506 3042 1561 calamum
3069 1520 3275 1580 rogatus
3300 1528 3331 1564 a
3352 1511 3600 1582 fratribus
3625 1531 3750 1570 con-

2160 1604 2239 1649 tra
2269 1595 2573 1651 Helvidium
2606 1599 2779 1665 acuit,
2811 1614 2971 1669 quem
2999 1599 3235 1656 refutare
3260 1603 3350 1658 ditt
3378 1618 3742 1672 recusaverat,

2160 1704 2224 1741 ne
2247 1687 2597 1757 respondendo
2626 1690 2811 1760 dignus
2836 1690 2926 1745 ille
2952 1692 3093 1760 ﬁeret
3110 1733 3127 1760 ,
3167 1695 3255 1763 qni
3279 1696 3563 1751 vinceretur
3590 1698 3743 1768 (Lib.

2160 1788 2325 1832 contr.
2358 1777 2628 1851 Helnid.).
2662 1782 2789 1837 Erat
2825 1781 2921 1838 ille
2960 1800 2993 1839 e
3032 1786 3231 1855 populo
3268 1789 3502 1859 vulgaris
3545 1788 3747 1856 homo,

2161 1869 2484 1938 rusticanus,
2522 1872 2724 1939 laicus,
2770 1882 2825 1927 et
2852 1874 2939 1928 vix
2978 1876 3166 1944 primis
3204 1875 3437 1935 imbutus
3471 1880 3748 1939 literarum

2159 1963 2473 2028 elementis,
2507 1973 2720 2035 tamque
2748 1966 2961 2021 obscuri
2991 1970 3242 2032 nominis,
3264 1981 3323 2027 ut
3350 1989 3672 2047 quamquam
3696 1979 3747 2032 in

2159 2057 2345 2109 eadem
2372 2064 2531 2125 atque
2557 2055 2912 2129 Hieronymus
2935 2058 3076 2116 Urbe
3098 2062 3338 2132 degeret,
3369 2082 3661 2137 numquam
3682 2070 3751 2125 de

2161 2145 2298 2201 facie
2319 2148 2567 2217 cognitus
2596 2147 2671 2201 illi
2698 2148 2883 2215 fuerit,
2915 2152 3003 2221 qui
3034 2153 3211 2219 albus,
3240 2164 3330 2208 aut
3367 2156 3552 2226 aiunt,
3582 2170 3752 2217 aterre

2159 2247 2322 2301 esset,
2354 2253 2414 2293 se
2441 2241 2513 2292 ait
2543 2240 2813 2309 ignorare.
2842 2242 2906 2296 Et
2941 2245 3191 2300 Auxentii
3223 2256 3397 2303 tamen
3426 2248 3748 2320 discipulum

2160 2344 2280 2382 eum
2303 2328 2606 2385 Gennadius
2624 2343 2798 2399 vocat,
2813 2343 2869 2389 et
2886 2335 3145 2392 adversus
3161 2344 3341 2394 nescio
3360 2358 3519 2412 quem
3538 2349 3750 2415 fratrem

2161 2419 2466 2489 (Iraterinm,
2499 2433 2591 2477 aut
2619 2425 2921 2490 Carterinm,
2957 2429 3008 2481 in
3037 2444 3145 2498 qtto
3172 2432 3528 2501 eloquentiam
3559 2446 3617 2490 et
3653 2438 3750 2492 Iin-

2159 2526 2277 2579 guze
2298 2513 2522 2567 nitorem
2543 2517 2842 2581 requireret
2861 2518 3023 2571 homo
3041 2510 3448 2590 infantissimus,
3470 2528 3752 2596 scripsisse

2160 2619 2305 2667 etnn,
2341 2607 2491 2659 testis
2516 2616 2597 2661 est
2625 2608 2681 2663 8.
2708 2608 2885 2666 Pater.
2916 2610 3154 2667 Probare
3181 2614 3375 2669 stultus
3406 2616 3495 2670 ille
3522 2630 3750 2675 conterr-

2160 2695 2233 2749 dit
2264 2711 2329 2751 ex
2357 2697 2561 2769 aliquot
2586 2699 2649 2755 S.
2677 2702 2971 2770 Scriptura:
3005 2704 3326 2760 testimoniis
3354 2724 3635 2779 perperam
3668 2712 3751 2767 in-

2163 2788 2408 2854 tt-lleCtis,
2433 2790 2765 2861 duorumque
2788 2796 3127 2864 Scriptorum
3152 2808 3411 2864 veterum,
3435 2800 3751 2859 Tertulliani

2161 2879 2388 2942 Scilicet,
2423 2892 2477 2936 et
2508 2882 2761 2938 Victorini
2792 2885 3196 2943 Petaltinnensis
3218 2892 3753 2962 attclorilatettt,,Ma-

2163 2971 2295 3024 riam
2328 2981 2445 3039 post
2468 2975 2707 3042 genitum
2739 2976 2879 3030 trulla
2914 2976 3167 3039 Innnlnis.
3193 2980 3286 3035 sed
3316 2980 3545 3051 Spiritus
3570 2984 3752 3042 Sancti

2162 3076 2322 3130 opera
2348 3062 2528 3117 Jesum
2547 3065 2841 3132 Christum,
2868 3069 3004 3124 alios
3030 3086 3093 3125 es
3115 3070 3347 3141 .Iosepbo
3362 3079 3633 3131 communi
3654 3077 3752 3132 ho-

2164 3151 2368 3206 miuum
2395 3167 2543 3209 more
2558 3156 2695 3209 filios
2709 3158 2979 3227 genuisse,
3003 3174 3098 3214 eos
3120 3162 3389 3228 nimirum,
3420 3167 3509 3235 qtti
3542 3165 3754 3223 Fratres

2166 3243 2373 3299 Domini
2394 3248 2445 3300 in
2470 3248 2774 3319 Evangeliis
2802 3251 3155 3320 appellantur.
3177 3252 3362 3324 Neque
3389 3256 3488 3312 hac
3516 3260 3623 3315 line
3644 3271 3755 3317 ste-

2165 3337 2229 3390 tit
2255 3339 2475 3404 malum,
2509 3355 2631 3395 nam
2682 3351 2735 3395 et
2786 3341 3086 3413 Virginitati
3133 3344 3354 3417 Nuptias
3395 3354 3754 3422 eoa-quandas

2166 3431 2430 3499 futilibus,
2463 3441 2523 3487 ut
2546 3434 2738 3503 potttit.
2769 3438 3097 3506 argumentis
3126 3439 3354 3507 probare
3390 3452 3617 3498 conatus
3646 3456 3751 3502 est.

2167 3522 2297 3591 Ejus
2322 3525 2523 3579 erroris
2553 3524 2622 3580 de
2644 3524 2842 3589 Maria,
2886 3527 3114 3597 plurium
3143 3529 3373 3585 filiorum
3411 3548 3477 3588 ex
3516 3533 3755 3606 Josepbo

2165 3625 2373 3680 matre,
2404 3615 2594 3671 doctor
2636 3616 2956 3686 jampridem
2997 3618 3169 3690 fuerat
3204 3620 3538 3692 Eunomius,
3588 3637 3646 3680 ιιι
3686 3643 3751 3683 es

2166 3707 2525 3777 Philostorgio
2566 3709 2912 3780 intelligimus
2943 3710 2962 3781 (
2988 3711 3126 3767 Hist.
3152 3713 3240 3766 lib.
3290 3713 3350 3769 ν.
3379 3732 3497 3785 cap.
3527 3716 3564 3771 2
3585 3724 3631 3789 ),
3663 3736 3755 3773 ea-

2165 3798 2394 3870 demque
2417 3801 2543 3854 olim
2567 3800 2809 3856 doctrina
2833 3801 2942 3857 late
2966 3802 3138 3873 patuit
3163 3804 3214 3858 in
3243 3806 3596 3877 Apollinario,
3625 3809 3753 3880 Epi-

2170 3891 2366 3959 phanio
2394 3900 2549 3947 teste.
2582 3890 2687 3947 Sed
2719 3902 2773 3947 et
2803 3907 2898 3963 per
2924 3893 2976 3947 id
3024 3897 3286 3964 temporis
3325 3913 3432 3967 quo
3475 3898 3751 3956 Helvidius

2167 3982 2452 4047 scribebat,
2486 3983 2717 4038 aliorum
2747 3985 2798 4038 in
2830 3983 2982 4039 Italia
3011 3996 3214 4042 mentes
3246 3986 3519 4045 hominum
3549 3994 3759 4049 stultis-

2167 4076 2335 4128 simus
2355 4090 2512 4129 error
2532 4075 2619 4127 ille
2640 4085 2966 4144 pervaserat,
2991 4087 3047 4129 ut
3070 4076 3186 4146 ejus
3214 4078 3484 4150 Episcopi,
3512 4097 3671 4151 quem
3695 4085 3754 4140 8.

2168 4165 2484 4219 Ambrosius
2502 4165 2796 4221 confutavit
2821 4167 2957 4222 libro
2978 4167 3045 4222 de
3067 4167 3402 4227 Institutione
3436 4172 3669 4243 Virginis
3687 4177 3754 4231 ad

2169 4255 2477 4310 Eusebium.
2511 4255 2636 4311 Haec
2665 4258 2824 4312 solito
2851 4257 3076 4314 fortasse
3122 4259 3279 4316 latius
3325 4268 3632 4335 persequuti
3662 4283 3757 4323 su-

2171 4361 2308 4413 mus,
2339 4347 2478 4416 quod
2509 4347 2934 4420 Hieranymianzc
2962 4359 3147 4405 contra
3173 4366 3294 4407 eum
3326 4352 3640 4412 litereticum
3674 4359 3758 4412 di-

2169 4442 2488 4509 sputationis
2515 4440 2734 4496 historia
2751 4451 2801 4497 et
2819 4457 3023 4498 caussae
3046 4445 3274 4511 peuitius
3290 4444 3598 4515 intellectae,
3621 4466 3757 4506 con-

2171 4532 2310 4586 ferre
2338 4532 2579 4586 nonnihil
2608 4533 2674 4588 ad
2704 4533 2838 4587 Vita:
2862 4533 2980 4603 ejus
3028 4535 3225 4589 seriem
3273 4537 3577 4594 videantur.
3607 4540 3789 4603 Scri-t

2172 4623 2275 4694 psit
2300 4633 2476 4679 autem
2496 4624 2556 4679 8.
2588 4625 2747 4680 Pater
2772 4625 2911 4680 hunc
2937 4626 3179 4693 Librum,
3196 4637 3255 4682 ut
3279 4628 3501 4699 Epistol.
3522 4631 3754 4690 XLVIII.

2168 4714 2235 4768 ad
2265 4713 2661 4770 Pammachiutn
2691 4725 2935 4782 testatur,
2969 4716 3103 4771 Dum
3132 4718 3384 4774 adviveret
3428 4733 3625 4777 sanctae
3654 4742 3758 4779 me-

2170 4807 2346 4860 moria:
2370 4804 2648 4873 Damasus,
2676 4807 2760 4861 cui
2786 4816 2841 4861 ct
2869 4809 2999 4862 satis
3045 4810 3324 4878 probatum
3355 4810 3520 4868 fuisse
3559 4815 3759 4871 indicat

2169 4900 2365 4963 verbis,
2393 4915 2514 4969 qua:
2533 4900 2801 4954 subnectit
2827 4918 2840 4954 :
2870 4898 2925 4953 Ν
2928 4917 3012 4954 um
3035 4901 3109 4955 vir
3128 4902 3357 4972 egregius
3382 4913 3431 4957 et
3456 4905 3687 4962 eruditus
3708 4910 3759 4962 in

2170 4990 2479 5059 Scriptnris,
2510 4998 2557 5043 et
2588 4992 2728 5058 virgo
2762 4990 3005 5046 Ecclesiae
3033 4993 3242 5063 virginis
3269 4994 3448 5049 doctor
3478 4998 3678 5068 aliquid
3706 5001 3755 5053 in

2167 5082 2258 5136 illo
2294 5098 2524 5136 sermone
2567 5082 2910 5153 reprehendit.
2949 5084 3187 5139 Meminit
3228 5099 3404 5143 autem
3436 5089 3553 5158 ejus
3581 5091 3752 5161 Epist.

2166 5172 2330 5227 XXII.
2361 5172 2425 5225 ad
2458 5172 2828 5235 Eustochium,
2858 5189 2977 5243 qua:
3004 5176 3194 5230 eodem
3233 5179 3399 5234 hocce
3446 5196 3590 5235 anno
3635 5193 3753 5252 post

2166 5280 2364 5336 paucos
2391 5279 2603 5320 menses
2625 5265 2745 5319 data
2777 5275 2895 5322 est:
2923 5266 3174 5336 Quantas,
3200 5270 3466 5341 inquiens,
3496 5275 3753 5330 molestias

2164 5356 2381 5409 habeant
2401 5356 2682 5423 nuptum...
2704 5357 2757 5410 in
2777 5373 2835 5411 eo
2856 5357 3001 5423 libro,
3025 5376 3172 5430 quem
3189 5360 3429 5418 adversus
3459 5361 3751 5422 Helvidium

2163 5446 2227 5500 de
2251 5445 2315 5499 Β.
2348 5443 2533 5499 Μαι-ἔω
2557 5455 2803 5517 perpetua
2829 5446 3129 5517 Virginitate
3152 5451 3421 5520 edidimus,
3436 5465 3561 5524 puto
3587 5457 3750 5511 brevi-

2164 5549 2241 5592 ter
2266 5554 2579 5607 expressum.
2612 5539 2791 5605 Quare
2818 5540 2863 5595 si
2898 5553 3041 5597 recte
3068 5546 3372 5600 monuimus
3397 5546 3465 5601 ad
3496 5550 3622 5603 anni
3652 5549 3750 5604 Itu-

2156 5630 2245 5700 jus
2278 5630 2383 5684 584
2428 5638 2726 5699 postremos
2751 5630 2865 5689 fere
2891 5649 3108 5692 menses
3137 5635 3433 5706 Epistolam
3478 5655 3600 5694 eam
3627 5656 3748 5697 esse

2167 5720 2538 5790 dlicrmdam,
2568 5723 2734 5780 multo
2760 5734 2843 5781 est
2865 5725 3024 5781 etiam
3057 5728 3272 5798 propius
3314 5727 3383 5784 ad
3429 5744 3652 5803 verum,
3692 5738 3745 5787 ut
