4004 6328
197 422 259 482 53
1451 410 1508 466 s.
1550 408 1934 468 lllEttONYMt
1977 414 2159 470 VlTA.
2927 401 2948 420 '
3374 429 3444 486 54

196 532 482 589 eodemmet
511 543 655 584 anno
676 571 689 589 .
718 541 816 582 nec
859 541 989 581 sane
1017 524 1186 580 multo
1214 533 1338 580 ante
1366 523 1598 580 medium
1619 566 1635 590 ,
1666 523 1754 580 hic

195 625 294 694 ipse
307 622 460 678 Liber
485 622 820 688 conscriptus
849 619 938 683 sit,
964 633 1122 688 quam
1146 616 1468 688 przecedenti
1491 617 1752 685 proxime,

193 727 244 772 ut
267 717 384 771 olim
414 715 465 768 in
495 714 880 768 Admonitioue
908 713 973 766 ad
1000 727 1122 766 cum
1152 709 1588 780 conjiciebamus.

255 806 336 862 Vl.
365 805 497 861 Sunt
521 820 683 876 porro
703 805 805 858 alia
825 805 882 858 S.
911 803 1083 858 Patris
1103 803 1319 871 scripta,
1351 800 1434 854 vel
1454 799 1749 856 deformata

191 901 464 960 dumtaxat,
489 907 649 967 atque
668 894 914 950 adornari
929 902 1126 964 empta,
1150 909 1268 961 qua:
1287 892 1620 963 postmodum
1647 905 1759 958 per-

192 990 312 1046 fecta
337 1001 479 1051 sunt,
502 989 585 1042 vel
609 1002 728 1056 qum
745 986 809 1039 ad
836 985 1069 1052 privatos
1091 983 1313 1045 scholae,
1338 995 1393 1037 ut
1413 982 1485 1038 ita
1508 981 1754 1046 dixerim,

192 1097 326 1147 usus,
350 1096 453 1133 non
480 1079 546 1132 ad
574 1078 837 1145 publicam
863 1077 1036 1131 lucem
1062 1074 1405 1144 parabantur,
1425 1074 1507 1128 vel
1526 1072 1758 1141 denique

190 1157 428 1242 promissa
450 1150 875 1240 quidem,atque
897 1154 1076 1221 animo
1098 1174 1484 1235 praeeoncepta,
1507 1163 1598 1218 sed
1623 1178 1758 1231 prm-

190 1263 412 1319 tertnissa
442 1271 656 1330 postea,
687 1275 860 1331 neque
889 1260 954 1313 ad
987 1259 1292 1313 umbilicum
1322 1256 1594 1328 perducta.
1627 1256 1758 1322 Qua:

191 1357 349 1406 omnia
377 1353 422 1405 si
448 1355 574 1422 quis
598 1352 720 1406 huic
750 1352 974 1419 tempori
1002 1349 1234 1404 adscribi
1263 1348 1412 1411 velit,
1443 1364 1565 1403 cum
1595 1349 1678 1401 vix
1705 1350 1756 1400 in

187 1444 310 1498 aliud
338 1443 486 1513 rejici
517 1444 748 1513 possint,
779 1442 993 1496 tametsi
1028 1457 1133 1495 non
1163 1456 1329 1511 uSqne
1353 1439 1486 1494 adeo
1509 1455 1758 1508 comper-

188 1544 282 1587 tum
306 1542 388 1587 est
410 1534 481 1588 de
513 1549 680 1599 anno,
711 1545 800 1587 aut
832 1533 1010 1586 verius
1037 1532 1162 1585 anni
1187 1541 1334 1600 parte
1357 1573 1372 1594 ,
1401 1529 1589 1585 favebo
1623 1545 1757 1583 con~

181 1627 380 1695 jectura:
406 1643 418 1677 :
451 1626 527 1678 ita
556 1635 754 1690 tamen,
789 1634 846 1677 ut
869 1623 1128 1691 judicium
1158 1638 1310 1676 suum
1341 1621 1440 1674 sibi
1469 1620 1760 1690 unusquis-

187 1735 277 1788 que
303 1719 572 1788 integrum
604 1717 818 1778 habeat,
847 1726 1008 1786 atque
1035 1715 1188 1782 alias,
1220 1715 1263 1769 si
1293 1729 1381 1768 res
1411 1713 1562 1776 ferat,
1593 1714 1757 1766 ratio-

184 1825 266 1863 nes
290 1825 381 1878 pro
409 1809 588 1863 lubito
615 1808 754 1863 inire
775 1808 962 1876 possit.
990 1807 1067 1862 Ex
1095 1821 1281 1861 eorum
1315 1819 1536 1860 numero
1557 1820 1760 1858 memo-

183 1904 329 1957 randa
352 1919 478 1957 cum
511 1902 696 1972 primis
717 1911 800 1956 est
824 1900 1071 1954 inchoata
1097 1899 1326 1970 Didymi,
1355 1915 1511 1969 quam
1531 1907 1585 1953 et
1604 1913 1762 1967 supe-

182 1997 279 2050 rius
329 1996 655 2060 innuimus,
704 1993 1115 2062 interpretatio:
1161 2001 1273 2046 tum
1318 1992 1647 2047 Psalmorum
1691 1991 1757 2044 ad

185 2086 482 2141 Marcellam
519 2086 826 2155 Expositio,
849 2085 1000 2152 cujus
1018 2083 1214 2138 laboris
1237 2099 1358 2152 pars
1379 2084 1618 2153 quantam
1641 2082 1759 2135 exi-

179 2195 262 2248 gtta
293 2181 342 2234 in
375 2179 638 2248 Epistolis
661 2178 834 2232 eidem
859 2177 1130 2246 inscriptis
1151 2186 1368 2244 superat
1389 2193 1405 2229 :
1429 2176 1608 2229 brevis
1634 2177 1759 2226 item

179 2269 660 2324 Commentariolus
689 2268 742 2321 in
768 2268 1173 2332 Ecclesiastem,
1194 2265 1259 2318 ad
1283 2265 1525 2318 Blmsillm
1555 2264 1765 2316 institu-

179 2359 357 2413 tionem
387 2401 404 2425 ,
440 2361 794 2428 privatosque
824 2372 953 2411 usus
977 2397 993 2420 ,
1026 2365 1080 2410 ut
1110 2354 1409 2409 difliciliora
1437 2355 1551 2407 loca
1586 2361 1768 2420 posset

177 2452 316 2504 etiam
345 2451 564 2520 absque
613 2449 961 2519 przeceptoris
1003 2461 1134 2500 voce
1163 2445 1458 2514 intelligere
1492 2462 1506 2498 :
1537 2443 1764 2497 Collaliu

179 2559 375 2614 quoque
424 2543 524 2596 illa
571 2541 820 2596 codicum
853 2539 1236 2594 chrairorum
1266 2553 1384 2590 cmn
1415 2536 1619 2606 Aquila:
1649 2535 1763 2589 edi-

179 2635 301 2688 tione
327 2675 344 2698 ,
380 2633 536 2703 quod
563 2647 695 2685 sane
716 2630 948 2685 Studium
971 2644 1141 2699 neque
1171 2644 1347 2698 opera:
1376 2629 1548 2697 pretio
1574 2629 1762 2691 caruit,

179 2741 332 2796 neque
366 2726 440 2776 ita
477 2723 630 2777 brevi
671 2723 926 2790 temporis
949 2720 1123 2790 spatio
1148 2720 1446 2774 absolutum
1469 2729 1582 2774 est:
1611 2719 1763 2773 deni-

179 2833 266 2884 que
282 2817 436 2886 Opus
463 2813 599 2868 illud
625 2813 767 2882 quod
787 2813 838 2867 in
864 2812 1099 2883 Epistula
1119 2811 1282 2866 XXII.
1312 2811 1389 2866 Ad
1419 2811 1759 2865 Eustochium

183 2909 595 2976 sescripturnm
648 2913 950 2973 receperat,
998 2904 1248 2956 Adversus
1275 2905 1569 2970 avaritiam,
1620 2913 1674 2957 et
1717 2903 1759 2957 si

184 3000 398 3067 placeat,
433 2997 502 3051 de
527 2998 646 3050 vita:
673 2997 870 3049 ratione
894 2994 1234 3048 Erentitarum
1279 2993 1528 3065 ngypti,
1567 2995 1651 3050 cui
1684 3009 1762 3050 te-

181 3088 342 3143 xendo
370 3088 550 3158 operi,
589 3086 694 3142 etsi
726 3085 842 3140 licia
870 3083 1099 3139 fortasse
1144 3094 1269 3139 tunc
1311 3085 1542 3154 pararit,
1574 3100 1762 3140 manus

186 3191 346 3235 tamen
378 3190 568 3250 postea
616 3192 909 3247 numquam
959 3177 1212 3231 admovit.
1247 3177 1425 3231 Placet
1465 3177 1624 3232 etiam
1659 3176 1763 3231 huc

184 3273 372 3326 referre
390 3271 842 3338 Distiutationem,
866 3285 1023 3339 quam
1047 3269 1282 3338 Epistula
1303 3268 1488 3324 LXIX.
1511 3269 1577 3323 ad
1598 3268 1765 3324 Ocea-

187 3381 300 3419 num
331 3381 389 3420 se
407 3373 595 3419 narrat
619 3363 873 3417 habuisse
899 3361 1074 3416 Romae
1094 3379 1206 3415 cum
1230 3363 1336 3416 viro
1359 3362 1763 3430 eloquentissimo

189 3439 335 3525 super
359 3473 420 3512 ea
452 3457 922 3526 qumstioncmnm
951 3455 1040 3522 qui
1068 3471 1222 3508 unam
1249 3465 1515 3526 antequam
1545 3453 1766 3522 baptiza-

189 3557 331 3612 retur,
359 3549 577 3601 alteram
611 3555 726 3615 post
757 3546 1018 3599 lavacrum
1045 3587 1060 3610 ,
1089 3545 1256 3615 priore
1293 3556 1496 3598 mortua
1519 3586 1536 3611 ,
1566 3545 1765 3599 duxerit

192 3654 404 3700 uxorem,
439 3639 685 3708 bigamus
711 3639 917 3692 censeri
947 3637 1162 3702 debeat,
1192 3637 1464 3707 possitque
1490 3637 1555 3690 ad
1584 3651 1767 3689 sacros

194 3729 392 3785 ordines
420 3729 752 3800 promoveri.
785 3727 1062 3782 Sentiebat
1103 3727 1478 3799 Hieronymus,
1526 3726 1578 3780 id
1625 3725 1767 3796 quod

195 3823 337 3874 etiam
369 3829 491 3890 post
515 3833 690 3872 annos
718 3818 885 3873 lerme
914 3817 1217 3882 duodecim,
1248 3827 1306 3871 ut
1345 3832 1444 3871 suo
1473 3817 1593 3870 loco
1620 3816 1768 3870 diee-

201 3927 306 3966 mus
325 3954 340 3978 ,
366 3913 586 3982 scriptis
623 3911 958 3980 consignavit
987 3951 1002 3976 ,
1030 3924 1252 3963 uxorem
1293 3919 1414 3963 ante
1443 3909 1767 3976 Baptismnm

199 4003 241 4054 ei
269 4005 349 4072 qui
376 4001 711 4056 ordinandus
739 4009 917 4063 esset,
957 4001 1176 4054 minime
1220 4014 1341 4054 esse
1382 3998 1769 4068 imputandam.

199 4091 382 4158 Quibus
411 4102 592 4146 autem
626 4100 753 4144 tunc
780 4089 942 4145 fuerit
967 4089 1300 4160 argumentis
1323 4103 1470 4152 usus,
1499 4097 1659 4157 atque
1679 4088 1774 4143 ad-

201 4186 418 4239 versario
445 4183 817 4253 responderit,
841 4199 905 4238 ex
925 4182 1132 4236 laudata
1158 4181 1225 4235 ad
1246 4180 1514 4237 Oceanum
1537 4181 1772 4252 Epistula

207 4275 491 4348 intelliges,
539 4277 632 4332 ubi
682 4275 1062 4346 diSputationis
1107 4273 1386 4330 historiam
1446 4289 1541 4344 per
1595 4284 1775 4345 partes

204 4379 383 4425 narrat.

787 4443 1170 4534 car.xwl

208 4587 239 4642 .
271 4590 512 4647 Damasus
542 4593 778 4658 moritur,
810 4593 890 4644 cui
921 4592 1158 4656 Siricius,
1187 4607 1284 4645 non
1312 4607 1466 4660 usque
1489 4591 1616 4644 adeo
1645 4590 1772 4644 Hie-

265 4687 450 4753 ronymi
474 4683 758 4746 studiosus,
783 4682 1028 4735 succedit.
1061 4680 1128 4736 ll.
1165 4681 1264 4735 llic
1290 4682 1579 4736 inimicitias
1606 4683 1774 4751 pluri-

267 4792 450 4829 morum
480 4776 636 4828 subit.
664 4774 758 4828 111.
793 4775 1060 4828 Calumnia
1081 4775 1305 4828 criminis
1329 4775 1626 4844 gravissima
1647 4774 1771 4828 libe-

268 4880 415 4921 ratur.
448 4867 540 4923 IV.
572 4867 831 4922 Decedere
855 4865 1022 4920 Roma
1048 4868 1279 4921 instituit.
1318 4866 1384 4921 .
1427 4868 1506 4921 Ad
1543 4867 1766 4922 Asellam

270 4960 447 5012 scribit.

269 5086 308 5141 l.
338 5090 466 5145 Dum
499 5091 584 5146 his
615 5090 876 5145 intentum
905 5090 1093 5145 studiis
1115 5089 1351 5145 animum
1394 5089 1554 5146 habet
1582 5090 1775 5146 Hiero-

217 5191 408 5246 nymus,
441 5182 584 5236 diem
616 5182 732 5236 obit
759 5179 1012 5235 Summus
1042 5180 1314 5248 Pontifex,
1349 5181 1600 5252 idemque
1625 5197 1775 5236 sum-

216 5284 342 5325 mum
371 5274 484 5342 ejus
511 5275 754 5344 Operum
784 5282 839 5329 et
861 5273 985 5328 vita:
1011 5275 1257 5328 columen
1278 5317 1294 5341 ,
1326 5275 1586 5331 Damasus
1605 5318 1620 5342 ,
1655 5285 1779 5347 post

214 5361 613 5421 administratam
654 5367 810 5420 annis
839 5366 1201 5436 duodeviginti
1231 5368 1484 5435 singulari
1517 5368 1774 5423 innocen-

217 5452 274 5505 tia
297 5465 348 5509 et
366 5458 659 5513 Sanctitate
680 5457 1034 5513 Christianam
1058 5457 1481 5526 Rempublicam.
1509 5459 1653 5514 Obiit
1677 5476 1775 5514 auo

219 5553 309 5598 lem
335 5567 483 5620 prope
520 5550 908 5628 octogenarius,
955 5558 1010 5602 ut
1053 5549 1244 5605 Noster
1269 5550 1502 5620 loquitur
1531 5551 1668 5606 libro
1707 5551 1775 5608 de

221 5631 342 5691 Viris
368 5640 666 5697 lllustribus
706 5642 789 5711 (c.
831 5641 885 5694 4.
913 5658 965 5710 p.
1009 5640 1113 5696 130
1136 5641 1176 5709 ).
1221 5650 1276 5694 et
1316 5653 1372 5696 ut
1413 5643 1773 5697 vetustissima

219 5725 561 5806 Ilartyrologia
591 5742 890 5795 testantur,
921 5743 1150 5787 exeunte
1188 5749 1328 5787 anno
1356 5734 1483 5798 584,
1527 5733 1734 5788 decima
1757 5777 1772 5801 ,

218 5818 315 5877 live
333 5825 599 5882 undecima
621 5824 928 5884 Decembris
947 5824 1054 5880 die.
1078 5820 1275 5880 Eodem
1296 5823 1458 5880 hocce
1470 5840 1630 5889 anno,
1656 5836 1777 5891 post

1863 539 2062 594 paucos
2090 525 2196 579 alio
2225 526 2533 596 interiectos
2553 528 2670 584 dies
2689 571 2704 595 ,
2745 530 2970 588 Siricius
2998 535 3050 590 in
3072 533 3336 592 demortui
3365 539 3450 593 lo-

1861 631 1984 670 cum
2030 615 2286 672 su'ectus
2327 629 2409 673 est
2438 636 2452 672 :
2483 620 2645 674 homo
2671 623 2760 690 qui
2791 639 2997 690 amore,
3032 625 3208 694 potius
3229 670 3244 692 ,
3285 645 3444 699 quam

1862 707 2181 762 auctoritate
2231 709 2458 778 populus
2505 711 2767 780 regendos
2806 717 3075 783 suscepit,
3108 718 3224 773 miti
3261 721 3448 776 admo-

1861 796 1987 851 dum
2017 808 2071 852 et
2100 799 2326 868 simplici
2357 801 2536 854 animo
2555 841 2571 865 ,
2605 813 2658 855 et
2687 803 2772 872 qui
2811 803 2874 856 de
2900 821 2994 859 suo
3020 806 3221 877 ingenio
3241 852 3256 876 ,
3286 821 3344 865 ut
3371 813 3448 868 ait

1864 891 2056 945 iterum
2084 891 2277 946 Noster
2295 891 2432 961 (Lib.
2456 891 2574 946 Ill.
2608 905 2773 948 contr.
2807 895 3004 967 Buff),
3028 907 3253 953 cmteros
3288 905 3438 956 zesti-

1864 983 2062 1036 mabat.
2095 982 2246 1036 Tunc
2291 999 2419 1038 vero
2459 984 2549 1052 qui
2581 984 2880 1040 clanculum
2913 986 3241 1058 Hieronymo
3265 991 3447 1047 detra-

1865 1071 2085 1138 hebant,
2109 1073 2390 1128 advivente
2419 1073 2645 1129 Damaso
2677 1074 2838 1146 (apud
2869 1092 3028 1146 quem
3070 1079 3304 1148 pollebat
3329 1082 3445 1150 plu-

1863 1166 2055 1219 rimum
2092 1166 2285 1234 gratia,
2315 1176 2370 1220 et
2398 1169 2604 1221 cunctis
2651 1167 3074 1224 honorificentia:
3104 1171 3450 1241 significatio-

1864 1258 2020 1312 nibus
2045 1259 2342 1328 colebatur)
2365 1259 2558 1314 Siricio
2584 1275 2758 1315 rermn
2799 1262 3057 1332 potiente,
3084 1269 3176 1334 qui
3202 1267 3342 1320 male
3379 1267 3448 1322 de

1865 1347 2043 1416 aliquo
2065 1348 2322 1416 suspicari
2352 1350 2643 1417 nesciebat,
2671 1367 2841 1418 neque
2863 1352 3149 1408 admodum
3173 1370 3271 1410 suo
3297 1357 3444 1412 vidc-

1865 1448 1950 1490 tur
1973 1438 2030 1493 S.
2070 1439 2351 1492 Ductorem
2379 1440 2653 1509 pnesidio.
2674 1451 2896 1509 tutatus,
2931 1444 3208 1511 insurgere
3243 1446 3295 1500 in
3323 1462 3445 1502 eum

1864 1527 2077 1596 palam,
2120 1540 2471 1598 apertumque
2513 1530 2708 1585 bellum
2742 1532 2942 1588 inferre
2975 1535 3090 1589 ausi
3117 1545 3260 1590 sunt.
3307 1538 3444 1604 Quin

1868 1621 2039 1688 ipsum
2081 1620 2240 1674 etiam
2267 1620 2516 1676 Siricinm
2564 1625 2806 1678 nonnulli
2830 1667 2844 1690 ,
2871 1624 2939 1680 de
2965 1641 3190 1696 quorum
3223 1643 3448 1683 numero

1865 1712 2129 1766 Baronius
2152 1755 2168 1780 ,
2199 1715 2538 1782 querelarum
2573 1715 2626 1769 in
2660 1725 2860 1786 partem
2890 1727 3118 1784 vocant,
3151 1720 3292 1789 quod
3324 1721 3448 1775 Hie-

1864 1820 2142 1876 rouynuuu
2175 1805 2378 1861 honore
2402 1808 2469 1861 ab
2490 1807 2746 1876 Epistolis
2780 1811 2947 1865 sacris
2991 1811 3317 1878 abdicatum,
3351 1813 3450 1866 ini-

1863 1900 2121 1953 micorum
2166 1900 2643 1955 obtrectationibus
2682 1901 2829 1956 velut
2869 1905 3195 1972 exposuerit.
3224 1904 3448 1960 Accedit

1861 1991 2032 2062 quod,
2067 1992 2249 2059 elapso
2274 1994 2489 2047 circiter
2516 2010 2702 2049 mense
2729 1996 2796 2048 ab
2823 1996 3159 2052 ordinatione
3187 2013 3299 2063 sua,
3336 2000 3450 2055 sive

1864 2087 2010 2138 tertio
2043 2084 2165 2137 ldus
2195 2083 2500 2138 Februarias
2536 2089 2659 2139 anni
2701 2088 2825 2142 585.
2862 2089 3147 2152 Decretali,
3176 2098 3234 2142 ut
3259 2100 3452 2145 Vocant

1867 2176 2103 2244 Rpistola
2137 2174 2203 2228 ad
2234 2175 2528 2228 llimerium
2567 2177 2689 2229 data
2729 2180 2778 2231 c'.
2808 2193 2866 2230 ll.
2896 2178 3154 2232 adversus
3174 2194 3290 2232 eam
3331 2179 3452 2232 Ilie-

1867 2264 2078 2340 ronymi
2124 2256 2480 2325 sententiam,
2541 2281 2698 2333 quam
2751 2281 2907 2334 supra
2962 2269 3316 2336 exposuimus
3361 2269 3454 2338 (de

1870 2371 2035 2409 uxore
2073 2364 2195 2409 ante
2221 2355 2587 2424 Baptismum,
2634 2359 2682 2412 ei
2727 2359 2815 2428 qui
2864 2359 2917 2414 in
2961 2360 3172 2414 Clerum
3217 2363 3454 2430 eoaptari

1869 2446 2051 2511 uellet,
2086 2461 2190 2498 non
2218 2445 2550 2516 imputanda)
2579 2447 2836 2514 judicium
2865 2449 3019 2512 dixit,
3043 2452 3446 2519 constituitque,

1868 2534 2128 2601 Clericos,
2173 2535 2262 2604 qui
2299 2535 2584 2587 secundant
2616 2551 2832 2590 uxorem
2867 2537 3149 2602 duxerint,
3173 2540 3449 2610 deponcn-

1867 2625 1982 2690 tlos,
2022 2636 2075 2678 et
2115 2625 2395 2694 bigamiam
2440 2626 2599 2680 etiam
2642 2643 2671 2679 a
2703 2629 3055 2684 matrimoniis
3109 2641 3233 2686 ante
3276 2631 3456 2701 Bapti-

1865 2731 2037 2770 smum
2063 2716 2208 2770 initis
2228 2716 2493 2782 contrahi,
2511 2734 2754 2786 suprema
2779 2723 3097 2775 auctoritate
3121 2738 3214 2776 sua
3237 2725 3444 2779 statuit.

1865 2806 1965 2862 Sed
2001 2822 2158 2860 nemo
2187 2807 2308 2860 hinc
2338 2817 2512 2861 tamen
2543 2809 2644 2862 sibi
2691 2811 2741 2862 in
2779 2812 3016 2866 animum
3048 2813 3292 2878 inducat,
3329 2830 3453 2869 emn

1864 2899 2152 2967 quidquam
2197 2898 2248 2952 iu
2298 2899 2356 2954 S.
2401 2899 2684 2955 Ductorem
2731 2904 3106 2968 commisnsse.
3141 2905 3283 2960 unde
3315 2906 3360 2958 is
3398 2905 3452 2961 in

1863 2989 2090 3042 alimm
2136 2991 2538 3046 criminationes
2583 3005 2744 3063 atque
2793 2994 2913 3049 odia
2963 2996 3248 3051 incideret.
3300 2997 3454 3064 Quod

1864 3082 2076 3150 quidem
2110 3098 2176 3137 ex
2222 3085 2449 3152 ipsomet
2480 3085 2808 3156 llieronymo
2851 3088 3066 3156 probari
3112 3097 3321 3157 potest,
3363 3090 3456 3159 qui

1867 3172 2077 3227 ltul'lino
2097 3182 2298 3228 temere
2324 3175 2596 3244 objicienti
2617 3176 2900 3243 judicium,
2928 3178 3068 3248 quod
3098 3177 3166 3233 de
3185 3194 3243 3233 se
3268 3178 3454 3234 Romae

1867 3273 1994 3319 tunc
2032 3262 2272 3318 habitum
2305 3264 2432 3331 fuit,
2467 3277 2520 3320 et
2549 3267 2674 3337 quid
2717 3277 2892 3336 postea
2931 3268 3208 3337 scriptum,
3238 3279 3458 3325 strenue

1866 3356 2173 3426 respondet,
2197 3358 2329 3412 nihil
2351 3375 2408 3412 se
2431 3360 2622 3413 horum
2645 3361 2857 3422 timere,
2883 3376 3004 3415 cum
3033 3361 3252 3432 Scriptis
3273 3361 3456 3417 Eccle-

1866 3449 2082 3503 siasticis
2117 3451 2406 3520 urguendus
2446 3453 2510 3505 sit
2539 3449 2676 3522 (Lib.
2710 3450 2831 3505 111.
2872 3470 2987 3522 cap.
3037 3454 3115 3520 7).
3161 3455 3459 3524 Statimque

1867 3541 2174 3607 subnectit,
2231 3540 2358 3596 Vide
2405 3553 2650 3611 quantum
2685 3551 2732 3596 te
2776 3545 2996 3598 timeam.
3043 3543 3104 3600 Si
3133 3545 3209 3600 vel
3250 3561 3460 3616 paruam

1868 3632 2104 3684 scltedant
2146 3643 2322 3685 contra
2367 3649 2446 3685 me
2501 3631 2726 3686 Romani
2775 3633 3056 3704 Episcopi,
3112 3646 3201 3689 aut
3247 3636 3459 3690 alterius

1874 3721 2116 3775 Ecclesia:
2140 3722 2428 3790 protuleris,
2455 3723 2626 3775 omnia
2659 3739 2771 3791 qua:
2812 3725 2863 3776 in
2894 3734 2941 3777 te
2960 3727 3150 3794 scripta
3179 3732 3316 3790 sunt,
3348 3741 3460 3778 mea

1873 3813 2086 3864 crimina
2123 3811 2422 3876 contebor.
2470 3811 2606 3864 Nihil
2656 3812 2834 3880 itaque
2881 3813 3036 3878 hcic,
3086 3813 3213 3866 nihil
3242 3814 3366 3867 alibi
3393 3814 3462 3869 de

1873 3900 2064 3955 Siricio
2103 3903 2390 3969 queritur:
2428 3917 2599 3970 neque
2625 3905 2693 3955 ab
2737 3919 2803 3955 eo
2842 3912 2927 3957 est
2974 3904 3062 3956 illa
3101 3903 3460 3958 conictatio-

1877 4007 2002 4045 num
2056 3989 2114 4044 S.
2169 3991 2341 4044 Patris
2381 4006 2502 4045 cum
2553 3993 2761 4045 tumulis
2806 3993 3068 4062 malisque
3117 3993 3460 4061 hominibus,

1875 4097 2060 4136 caussa
2089 4082 2398 4152 repetenda.

1949 4172 2010 4227 .
2040 4173 2144 4229 Sed
2172 4173 2284 4242 ipse
2307 4174 2509 4244 utique,
2532 4173 2656 4244 quid
2676 4189 2879 4231 caussae
2902 4175 3080 4244 fuerit,
3107 4177 3463 4252 Hieronymus

1878 4265 2044 4330 norit,
2074 4275 2128 4320 et
2157 4267 2326 4319 fassus
2358 4273 2443 4320 est
2473 4266 2696 4335 Epistol.
2725 4266 2836 4322 XL.
2872 4267 3005 4332 Nos,
3039 4270 3304 4339 inquiens,
3328 4272 3463 4326 ritiis

1878 4358 2215 4420 detrahentes,
2250 4356 2555 4424 offendimus
2597 4358 2865 4428 plurimos.
2915 4360 3263 4426 Querelarum
3313 4364 3463 4432 origo

1877 4450 1946 4503 ah
1977 4450 2237 4519 Epistula,
2271 4465 2364 4503 seu
2391 4449 2570 4504 libello
2595 4450 2658 4503 de
2683 4451 2969 4519 uirginitate
2995 4451 3241 4504 servanda
3267 4451 3330 4504 ad
3355 4451 3466 4505 Eu-

1879 4541 2142 4595 stochimn
2186 4541 2304 4605 fuit,
2332 4558 2489 4611 quem
2521 4553 2573 4596 et
2616 4541 2800 4596 Romm
2842 4542 3254 4598 obtrectautium
3301 4559 3462 4598 manu

1880 4631 2161 4702 lapidatum
2179 4673 2193 4694 ,
2220 4632 2461 4685 scribens
2492 4632 2719 4702 ipsemet
2747 4632 3084 4702 postmodum
3111 4633 3175 4688 ad
3207 4633 3462 4703 Nepotia-

1881 4740 2047 4788 num,
2080 4732 2279 4777 uarrat.
2320 4723 2760 4792 Reprehenderat
2807 4740 2998 4791 nempe
3040 4726 3110 4781 ibi
3152 4727 3466 4797 cumprimis

1881 4814 2171 4870 Monachus
2194 4816 2340 4890 ,qui
2389 4815 2439 4867 al
2463 4829 2618 4869 cnam
2652 4831 2682 4869 a
2715 4817 2988 4886 propo-ito
3016 4821 3177 4872 vitam
3205 4830 3426 4890 agentes
3447 4863 3463 4886 ,

1879 4908 2016 4977 gula!
2045 4907 2380 4975 indulgerent
2425 4915 2479 4961 et
2522 4908 2717 4975 ventri,
2745 4909 2965 4964 divitum
2993 4910 3184 4966 domos
3213 4911 3468 4982 frequen-

1881 5006 2052 5051 tarent
2073 5037 2088 5060 ,
2119 4996 2396 5052 studerent
2416 4997 2652 5053 at-aritize
2679 5041 2692 5063 ,
2723 5000 3107 5057 insolescerent
3133 5003 3380 5073 superbia
3415 5013 3466 5058 et

1881 5088 2294 5155 superstitione;
2344 5088 2495 5158 Apud
2529 5106 2672 5152 quos,
2713 5093 2805 5154 ait,
2848 5091 3086 5158 affectata
3111 5105 3227 5148 sunt
3252 5097 3423 5148 omnia
3449 5138 3465 5160 ,

1883 5179 2014 5233 laxa:
2052 5181 2278 5243 manica,
2310 5181 2488 5250 caliga:
2523 5181 2807 5251 follicantes
2834 5223 2849 5248 ,
2877 5185 3027 5238 vestis
3087 5189 3330 5256 grossior,
3357 5202 3468 5237 cre-

1883 5272 1972 5324 bra
2007 5271 2248 5339 suspiria,
2273 5272 2492 5324 visitatio
2518 5273 2767 5343 virginum
2791 5314 2807 5336 ,
2845 5275 3088 5329 detractio
3113 5275 3420 5330 Clerirorum
3450 5293 3470 5332 :

1881 5361 2196 5416 Furcensnit
2223 5373 2272 5416 et
2298 5363 2540 5427 Clericis,
2572 5366 2659 5434 qui
2689 5365 3101 5436 Presbyteratunt
3130 5377 3176 5420 et
3210 5366 3468 5419 Diacona-

1883 5469 1990 5510 tum
2013 5456 2258 5519 ambiunt,
2284 5467 2336 5509 ut
2363 5457 2596 5510 mulieres
2624 5458 2858 5512 licentius
2877 5459 3078 5514 videant
3101 5475 3120 5512 :
3146 5457 3338 5528 quibus
3366 5473 3469 5509 om-

1882 5553 1960 5606 nis
1981 5568 2102 5604 cnra
2128 5551 2190 5604 de
2210 5552 2444 5612 uestibus,
2468 5551 2512 5604 si
2534 5551 2656 5605 bene
2679 5553 2864 5615 oleant,
2891 5553 2937 5605 si
2961 5569 3047 5620 pes
3074 5552 3192 5604 laxa
3213 5547 3344 5610 pelle
3367 5564 3468 5600 non

1885 5645 2097 5716 folleat;
2124 5643 2299 5696 Crines
2328 5643 2607 5695 calamistri
2631 5643 2837 5714 vestigio
2867 5643 3040 5705 rotati,
3071 5639 3216 5708 digiti
3244 5638 3472 5691 annutlis

1883 5734 2158 5788 radiantes.
2211 5733 2286 5786 Ex
2331 5732 2412 5784 Itis
2453 5734 2614 5785 etiam
2663 5747 2845 5793 unum,
2886 5745 3045 5799 quem
3091 5736 3146 5782 et
3191 5723 3471 5794 principem

1883 5830 2006 5900 artis
2035 5835 2207 5892 Vocat,
2235 5835 2284 5878 et
2327 5821 2647 5877 veredarium
2686 5818 2826 5871 urbis
2863 5817 3096 5877 breviter
3134 5813 3474 5887 strictimque
