4004 6328
545 364 616 421 55
1018 379 1048 408 ε

544 477 816 535 describit.
845 475 947 532 Sed
977 489 1076 530 nec
1107 473 1410 546 Virginibus
1438 473 1709 546 pepercit,
1739 489 1858 542 qua:
1885 473 2118 527 virorum

541 572 807 627 consortia
837 585 942 624 non
971 569 1304 624 declinarent
1336 585 1349 622 :
1381 568 1520 634 quod
1556 583 1719 620 uuttm
1759 582 1878 620 cum
1918 581 2124 635 praece-

541 664 725 733 pisset,
750 677 842 716 seu
865 662 1044 715 verius
1065 661 1308 727 dixisset,
1342 659 1569 731 Virgines
1597 661 1781 729 sa’pius
1807 659 1983 711 debere
2009 674 2125 710 cum

538 755 831 810 mulieribus
855 772 980 820 esse,
999 772 1153 824 quum
1176 771 1288 806 cum
1313 754 1569 815 masculis,
1595 754 1746 805 totius
1771 752 1946 805 oculos
1973 750 2125 805 Urbis

539 847 772 914 offendit,
795 857 1090 900 cunctorum
1119 845 1290 916 digitis
1319 854 1518 898 notatus
1547 853 1620 896 est
1663 842 1801 913 (Ep.
1833 841 1939 896 XX
1955 841 2057 895 VII
2080 845 2121 912 ).

539 941 682 994 Inter
729 940 926 992 multus
969 948 1145 992 autem
1191 937 1279 1005 qui
1319 935 1402 989 his
1438 934 1869 996 ollenderentur,
1907 933 2123 1004 quidam

539 1033 636 1086 fuit
665 1032 874 1086 Onasus
901 1029 1226 1101 Segestanus
1244 1069 1260 1094 ,
1293 1030 1405 1082 sive
1429 1044 1493 1084 es
1526 1013 1795 1082 Pannonia
1823 1027 1910 1080 ille
1939 1026 2122 1092 fuerit,

537 1125 652 1177 sive
679 1139 745 1177 ex
778 1122 956 1177 Sicilia
991 1120 1236 1192 (utraque
1255 1121 1398 1174 enim
1422 1119 1472 1174 in
1498 1119 1767 1188 provincia
1790 1117 2124 1187 cognominis

535 1215 723 1268 civitas
753 1211 996 1282 habetur)
1025 1213 1112 1282 qui
1149 1211 1329 1263 linunt:
1359 1225 1452 1279 per
1483 1209 1534 1262 id
1565 1219 1773 1276 tempus
1802 1206 2005 1277 degens
2026 1247 2041 1273 ,
2067 1216 2123 1261 et

533 1321 653 1372 qua:
700 1303 824 1357 vitia
870 1303 1224 1373 Hieronymus
1271 1302 1321 1355 in
1369 1301 1674 1355 universum
1720 1299 2012 1369 carpebat,
2062 1313 2121 1353 se

533 1397 776 1451 fortassis
809 1411 1030 1465 peccare
1058 1396 1314 1457 Sentiens,
1341 1394 1480 1447 dicta
1504 1393 1621 1464 ejus
1649 1402 1703 1448 et
1729 1393 1925 1460 scripta
1954 1392 2006 1444 in
2037 1391 2119 1444 sui

533 1488 907 1542 contumeliam
941 1488 1164 1555 accepit.
1212 1473 1448 1552 Quantas
1470 1487 1555 1540 hic
1587 1487 1767 1539 turbas
1793 1484 2075 1539 concitarit
2099 1523 2116 1547 ,

532 1581 741 1635 discere
764 1589 846 1634 est
867 1596 929 1634 es
966 1581 1196 1648 Epistola
1226 1579 1339 1634 XL.
1363 1580 1430 1633 ad
1461 1579 1787 1642 Marcellam,
1812 1593 1915 1647 qua
1949 1577 2118 1630 homi—

533 1672 615 1724 Itis
646 1670 1024 1740 impudentiam
1059 1670 1344 1725 falsissinie
1369 1669 1426 1725 S.
1457 1670 1612 1724 Pater
1638 1670 1850 1731 refellit,
1873 1684 1935 1722 ac
1957 1667 2114 1722 ridet.

534 1760 588 1813 In
635 1760 750 1815 dies
794 1771 970 1814 autem
1015 1762 1184 1830 magis
1223 1761 1638 1816 obtrectantiuin
1672 1760 1749 1815 vis
1778 1769 1930 1813 aucta
1957 1769 2009 1813 et
2041 1769 2118 1814 te-

538 1852 757 1904 meritas
779 1892 793 1914 ,
835 1862 887 1904 ιιι
917 1852 1113 1920 passim
1143 1851 1298 1922 vulgo
1329 1850 1594 1921 Satyricus
1626 1850 1862 1919 Scriptor
1885 1849 2114 1913 audiret,

531 1943 808 2009 rersipellis
829 1985 842 2008 ,
872 1955 916 1996 et
945 1944 1245 1997 criminosus
1267 1984 1279 2005 ,
1309 1953 1363 1998 et
1396 1943 1740 2012 iniquissimis
1777 1942 2003 1995 subinde
2029 1957 2119 1994 ca-

533 2033 749 2086 lomniis
774 2034 1066 2102 iinpetitus,
1093 2035 1300 2100 publice
1321 2033 1523 2088 differri
1551 2049 1613 2087 ac
1641 2033 1843 2087 traduci
1870 2033 2114 2103 coeperit.

532 2121 592 2175 Et
630 2134 1014 2189 praenozaverat
1041 2134 1218 2178 tamen
1247 2125 1358 2193 ipse
1382 2141 1501 2178 cum
1531 2126 1791 2178 scriberet
1823 2137 2115 2179 cunctorum

527 2214 768 2267 adversus
808 2231 861 2268 se
889 2214 1268 2269 .maledicorum
1309 2218 1406 2269 tela
1454 2234 1559 2271 esse
1602 2219 1900 2284 torquenda.
1953 2218 2112 2285 Quos,

527 2304 722 2367 aiebat,
753 2306 977 2368 obsecro,
1006 2318 1059 2359 ut
1089 2309 1342 2375 quiescant
1366 2349 1381 2372 ,
1426 2319 1472 2362 et
1513 2310 1742 2363 desinant
1787 2311 2116 2372 maledicere;

529 2411 630 2448 non
661 2397 814 2461 enim,
841 2406 894 2449 ut
917 2397 1218 2452 adversariis
1242 2440 1257 2465 ,
1290 2400 1379 2452 sed
1398 2411 1451 2452 ut
1480 2401 1654 2454 amicis
1683 2403 2000 2470 scripsimus,
2026 2419 2114 2477 nec

531 2487 709 2538 inverti
737 2503 911 2540 sumus
930 2489 981 2540 in
1003 2505 1088 2541 eos
1110 2491 1193 2558 qui
1223 2499 1449 2559 peccant,
1473 2492 1561 2543 sed
1587 2507 1648 2543 ne
1672 2502 1894 2560 peccent,
1918 2495 2115 2546 monui-

531 2595 641 2631 ιιιιιδ
649 2618 660 2628 .

603 2672 785 2740 Neque
810 2687 942 2726 vero
979 2671 1090 2725 sola
1129 2671 1179 2725 in
1209 2672 1350 2726 vitiis
1392 2671 1848 2742 reprehendendis
1890 2672 2112 2726 libertas

533 2761 859 2832 llieronymo
905 2763 1156 2816 invidiam
1203 2773 1513 2828 creaverat,
1555 2763 1647 2816 sed
1692 2775 1746 2818 et
1790 2765 2013 2818 consilia
2046 2765 2111 2818 ad

530 2852 775 2914 virtutes,
808 2863 1102 2922 sanctaque
1133 2855 1253 2906 vita:
1285 2853 1550 2908 institutio
1571 2897 1584 2918 ,
1618 2870 1717 2924 qua
1752 2857 2115 2909 nobilissimas

535 2942 756 2995 feminas
781 2944 848 2995 ab
875 2944 1138 2997 illecebris
1167 2945 1344 2997 saeculi
1375 2954 1428 2998 et
1455 2948 1683 3014 pompis,
1707 2946 1773 2998 ad
1799 2946 2115 3016 Cliri$ianaa

535 3036 744 3103 pietatis
775 3035 970 3099 officia,
993 3048 1048 3091 et
1077 3036 1473 3106 Sirt'ipturarum
1507 3037 1901 3092 meditationem
1926 3055 2116 3094 evoca-

531 3128 626 3188 vit,
675 3128 865 3181 civium
916 3144 1110 3182 acuere
1157 3130 1313 3191 odia,
1363 3139 1416 3183 ct
1467 3132 1758 3200 potentium
1811 3133 2114 3188 inimicitias

532 3219 892 3276 concitavere.
950 3220 1215 3286 Blaesillm,
1267 3237 1455 3275 recens
1498 3223 1691 3288 viduae,
1743 3224 1880 3293 quod
1926 3237 2115 3280 auctor

535 3307 720 3364 fuisset
747 3309 811 3363 ad
840 3313 1158 3366 sanctiorem
1193 3314 1314 3366 vitae
1343 3315 1602 3368 rationem
1637 3315 1944 3379 int-undam,
1978 3327 2034 3370 ut
2063 3329 2117 3373 et

535 3403 844 3456 Monachum
871 3406 1228 3472 profiteretur,
1248 3407 1314 3459 ita
1341 3407 1624 3460 tunltorum
1646 3411 1857 3478 pupugit
1883 3410 2112 3473 animos,

535 3506 590 3546 ιιι
619 3511 737 3547 cum
770 3496 993 3549 febrium
1021 3497 1214 3552 ardore
1246 3499 1401 3566 paulo
1435 3509 1553 3568 post
1585 3499 1670 3552 illa
1703 3500 1843 3553 diem
1873 3503 2116 3566 obiisset,

534 3588 821 3651 asperitate
869 3589 988 3640 vita:
1034 3589 1191 3643 veluti
1236 3589 1411 3643 oet-isa
1454 3591 1764 3646 diceretur:
1803 3593 1961 3660 inque
2005 3593 2120 3661 ejus

538 3678 739 3741 Itinere,
774 3678 840 3732 de
881 3679 1042 3734 Paula
1084 3691 1254 3735 matre
1299 3683 1409 3736 fere
1454 3682 1524 3736 ob
1567 3682 1807 3738 dolorem
1847 3688 2118 3750 exanime,

540 3771 764 3836 populus
789 3773 1114 3836 mussitaret,
1148 3771 1329 3826 Nonne
1356 3774 1484 3826 illud
1511 3786 1581 3827 est
1611 3778 1746 3844 quod
1770 3777 1956 3844 sa'pins
1982 3777 2122 3830 dicc-

537 3858 714 3912 bamus
747 3876 766 3914 :
794 3861 928 3914 dolet
957 3864 1116 3930 [illam
1134 3865 1349 3933 jejuniis
1372 3865 1685 3933 interfectum
1710 3909 1724 3932 ,
1753 3869 1886 3936 quod
1916 3885 2015 3922 non
2047 3870 2123 3923 rel

538 3951 602 4001 de
621 3969 658 4004 ει
675 3953 840 4004 cunth
863 3954 969 4019 ejus
994 3956 1311 4007 matiiinonio
1338 3959 1548 4010 tenuerit
1575 3971 1798 4027 nepotes.
1830 3960 2121 4029 Quousque,

541 4043 830 4105 aldebant,
855 4060 1008 4111 genus
1038 4045 1326 4098 detestabile
1357 4046 1727 4100 Monac/torum
1754 4067 1854 4102 non
1878 4049 1998 4102 urbe
2020 4051 2126 4117 pel-

543 4136 703 4187 litur?
731 4152 829 4186 non
863 4136 1115 4198 lapidibus
1143 4137 1412 4191 obruitur?
1445 4156 1545 4192 non
1573 4142 1916 4208 praecipitatur
1939 4144 1991 4193 in
2017 4143 2124 4211 [lu-

547 4228 690 4278 ctus?
736 4225 1024 4277 Matronam
1071 4229 1399 4281 miserabilem
1447 4231 1792 4296 seduxerunt,
1830 4249 1942 4299 qua:
1977 4250 2129 4304 quam

551 4316 602 4367 Μ
611 4316 806 4367 onaclia
833 4332 936 4367 esse
967 4314 1201 4380 noluerit,
1228 4319 1344 4370 liinc
1375 4321 1635 4387 probatur,
1663 4323 1798 4390 quod
1823 4325 1965 4376 nulla
1991 4323 2127 4378 Gen-

549 4409 710 4460 tilium
743 4409 810 4458 ita
834 4425 950 4460 suos
980 4425 1199 4476 unquam
1227 4412 1416 4480 ﬂeverit
1442 4413 1598 4481 filios.
1631 4414 1819 4469 Narrat
1845 4417 1910 4470 tle
1933 4433 1989 4469 Se
2018 4418 2130 4486 ipsc

551 4501 600 4552 in
635 4501 948 4553 Praefationi:
979 4501 1042 4553 ad
1078 4503 1282 4574 Didymi
1328 4504 1555 4571 librttut,
1583 4523 1702 4560 cum
1735 4508 1907 4563 adhuc
1943 4513 1994 4563 iu
2029 4511 2133 4565 Ba-

551 4591 750 4659 bylone,
781 4592 854 4658 (id
883 4603 960 4645 est
992 4592 1559 4663 ltouuu)'versaretur,
1595 4606 1717 4666 post
1747 4599 1953 4654 Damasi
1985 4619 2132 4656 tuor-

553 4693 684 4745 tctn,
722 4690 776 4732 ttt
810 4696 874 4734 ex
919 4697 1096 4735 rerum
1136 4685 1273 4738 serie
1318 4685 1655 4740 manifestum
1683 4698 1784 4750 est,
1815 4690 1954 4758 quod
1989 4702 2160 4746 tauta-

554 4772 775 4825 snhicrit
808 4772 1078 4824 malediCa:
1107 4775 1252 4828 urbis
1282 4786 1326 4828 et
1359 4789 1650 4846 purpurata:
1679 4783 1950 4836 meretricis
1987 4784 2130 4839 odia.

561 4862 707 4922 Ecce,
739 4862 926 4929 inquit,
960 4860 1337 4917 Pliarisiroruin
1367 4870 1598 4922 clamavit
1631 4870 1871 4938 Senatus,
1896 4885 1939 4926 et
1967 4876 2137 4930 nullus

559 4952 738 5007 Scriba
766 4949 844 5004 vel
863 4951 1008 5019 [ictus
1032 4953 1192 5021 (forte
1218 4955 1498 5023 veliﬁcatus
1527 4977 1630 5013 uno
1656 4963 1819 5016 verbo
1852 4965 2133 5034 legendum

557 5046 663 5112 est)
693 5041 781 5096 sed
808 5060 979 5096 omnes
1012 5045 1157 5113 quasi
1192 5047 1381 5101 indicto
1419 5051 1510 5102 sibi
1552 5053 1728 5120 prwlio
1770 5058 2134 5122 doctrinarum,

559 5139 822 5194 adversum
846 5159 922 5195 me
946 5144 1209 5214 imperitiae
1228 5148 1382 5214 [actio
1405 5150 1706 5218 conjuravit.
1737 5152 1939 5218 Quibus
1964 5159 2140 5211 verbis

561 5231 824 5300 primores
853 5244 961 5288 tum
989 5251 1056 5290 ex
1085 5237 1261 5301 Clero,
1300 5251 1405 5293 tum
1438 5241 1661 5297 fortasse
1691 5247 1848 5300 etiam
1879 5265 1941 5302 ex
1973 5251 2142 5304 Patri-

563 5323 754 5376 tiurum
779 5325 985 5392 ordine,
1010 5327 1059 5380 in
1085 5345 1313 5398 quorum
1346 5347 1539 5402 magno
1565 5346 1708 5389 esset
1732 5337 1876 5403 odio,
1899 5339 2140 5394 denotari

563 5417 897 5484 perspicuum
929 5428 1031 5473 est.

637 5507 722 5561 Ill.
767 5507 820 5561 In
852 5509 950 5564 hac
979 5521 1119 5564 tanta
1149 5531 1306 5582 quam
1334 5517 1472 5586 apud
1503 5521 1697 5574 multos
1728 5525 1960 5577 nominis
1985 5535 2145 5592 atque

563 5599 974 5654 existimationis
991 5603 1253 5670 jactnram
1279 5610 1473 5663 fecerat
1499 5611 1555 5667 S.
1588 5612 1762 5674 Pater,
1789 5625 1843 5666 ut
1864 5626 1915 5667 et
1938 5617 2145 5683 probro-

569 5705 671 5755 sus,
704 5701 750 5744 et
779 5693 1028 5758 mendax,
1066 5707 1112 5750 et
1156 5698 1398 5761 lubricus,
1422 5711 1469 5754 et
1500 5703 1710 5755 Satanw
1745 5715 1854 5757 arte
1895 5706 2147 5775 decipiens

567 5782 790 5852 audiret,
824 5803 853 5840 a
881 5805 988 5858 quo
1029 5790 1324 5846 Christiana
1356 5793 1525 5863 pictas
1551 5810 1798 5864 maguum
1839 5797 2140 5856 incremen-

1821 359 1876 414 S.
1921 357 2292 414 IIIERONYMI
2339 359 2516 416 VITA.
3745 367 3811 422 56

2235 481 2344 527 tum
2387 486 2695 545 acceperat,
2736 494 2798 534 ac
2829 494 2988 548 porro
3015 489 3299 549 acceptura
3328 489 3449 538 erat
3480 499 3496 535 :
3527 480 3809 551 peculiaris

2232 566 2394 618 etiam
2424 567 2604 620 nescio
2635 569 2786 637 cujus
2807 611 2821 634 ,
2851 570 3150 640 gravissimi
3197 580 3376 626 tamen
3411 572 3656 628 criminis
3693 590 3808 631 reus

2236 655 2608 724 peragebatur.
2639 657 2889 714 Inventus
2914 671 2996 715 est
3018 663 3231 731 quidam
3257 662 3626 733 rumigerulus
3657 662 3810 719 homo

2233 759 2337 802 tam
2363 749 2667 819 impudens,
2694 763 2749 807 et
2773 754 3037 822 perfricui:
3066 756 3276 822 frontis,
3302 756 3393 825 qui
3427 756 3581 811 testis
3601 755 3808 824 apposi-

2231 847 2344 904 tus,
2380 840 2505 894 illud
2538 843 2718 896 nescio
2744 845 2871 913 quid
2898 846 3119 900 sceleris
3139 846 3337 901 vidisse
3365 861 3424 901 se
3443 886 3458 911 ,
3486 847 3570 900 vel
3601 846 3810 901 audisse

2229 943 2514 997 assereret,
2544 941 2598 987 et
2626 934 2968 1004 nequissima:
2995 937 3352 990 criminationi
3385 937 3543 992 Iidem
3574 937 3810 990 testimo-

2229 1022 2318 1075 nio
2345 1039 2444 1076 suo
2490 1023 2709 1079 faceret.
2756 1026 2859 1081 Sed
2894 1027 2981 1082 ubi
3005 1029 3285 1097 quaestioni
3312 1028 3562 1083 admotus
3589 1039 3698 1097 est,
3731 1029 3806 1082 in-

2227 1122 2482 1168 structam
2505 1115 2822 1169 caIumniam
2846 1116 2995 1171 fateri
3023 1134 3128 1173 non
3150 1119 3436 1185 dubitavit,
3455 1129 3510 1173 et
3533 1135 3808 1174 removere

2226 1203 2367 1269 quod
2397 1203 2682 1272 impegerat
2711 1205 2961 1261 delictum
2987 1208 3276 1263 innocenti.
3307 1209 3420 1277 Qua
3452 1209 3521 1264 de
3549 1227 3608 1263 rc
3638 1208 3697 1264 S.
3723 1210 3810 1263 Pa.

2228 1301 2309 1347 ter
2334 1295 2398 1347 ad
2429 1295 2664 1349 Asellam
2696 1297 2995 1352 inscribens
3023 1315 3037 1353 :
3068 1299 3212 1360 Esto.
3244 1300 3416 1370 inquit
3438 1341 3454 1364 ,
3483 1301 3808 1354 crediderunt

2225 1389 2527 1441 mentienti:
2554 1405 2646 1441 cur
2685 1407 2786 1443 non
2821 1391 3031 1445 credunt
3073 1393 3319 1462 neganti?
3359 1390 3505 1446 Ideni
3546 1403 3621 1446 est
3665 1393 3809 1447 homo

2223 1479 2358 1545 ipse,
2394 1479 2480 1546 qui
2512 1482 2678 1546 fuerat
2701 1495 2721 1534 :
2740 1483 2929 1552 fatetur
2958 1482 3221 1543 insontem,
3249 1483 3334 1553 qui
3373 1483 3564 1535 dudum
3603 1483 3809 1535 noxium

2224 1570 2543 1638 loquebatur.
2569 1571 2634 1625 Et
2655 1585 2787 1627 certe
2814 1575 3069 1628 veritatem
3096 1577 3254 1644 magis
3280 1577 3569 1644 exprimunt
3591 1586 3812 1629 tarmen.

2223 1669 2294 1725 ta,
2327 1679 2479 1730 quant
2517 1664 2686 1729 risus;
2731 1665 2829 1718 nisi
2866 1667 3001 1735 quod
3028 1667 3234 1736 facilius
3272 1666 3495 1721 creditur
3537 1667 3678 1734 quod
3725 1678 3810 1722 aut

2223 1755 2416 1821 fictum,
2461 1756 2674 1809 libenter
2720 1758 2948 1822 auditur,
2974 1769 3062 1810 aut
3111 1775 3208 1811 non
3253 1760 3428 1824 ﬁctum
3471 1767 3524 1810 ut
3564 1759 3808 1827 ﬁngatur,

2223 1847 2500 1917 impellitur
2537 1847 2745 1918 (Epist.
2785 1848 2883 1903 XL
2899 1849 3005 1921 V.).
3052 1851 3234 1921 Neque
3269 1851 3386 1905 heic
3425 1860 3629 1916 tamen,
3661 1850 3811 1920 cujus

2224 1942 2436 2008 prorrie
2488 1942 2668 1996 delicti
2718 1953 3097 2008 accusaretur,
3154 1943 3406 1995 iudicium
3456 1941 3605 1996 facit.
3657 1941 3808 2008 Quod

2226 2045 2359 2082 vero
2405 2048 2431 2080 a
2484 2032 2754 2086 nonnullis
2802 2032 3077 2101 proditur,
3108 2042 3158 2085 et
3187 2043 3338 2086 vetus
3385 2031 3560 2086 innuit
3607 2033 3811 2086 Auctor

2222 2121 2355 2176 Vita:
2377 2123 2825 2196 llieronyinianaa,
2841 2125 2908 2179 de
2919 2126 3190 2194 supposita
3206 2125 3450 2180 muliebri
3468 2136 3634 2189 veste,
3651 2140 3808 2196 quam

2221 2230 2341 2267 cuin
2366 2215 2453 2268 ille
2473 2215 2778 2284 imprudens
2798 2231 2894 2285 pro
2916 2232 3009 2270 sua
3026 2217 3303 2281 induisset,
3323 2231 3492 2286 eaque
3508 2229 3735 2270 ornatus
3756 2216 3807 2271 in

2221 2317 2417 2360 C(Bllltn
2452 2307 2880 2361 licelesiasticuni
2914 2319 3073 2361 noctu
3102 2307 3382 2376 prodiisset
3402 2347 3419 2371 ,
3451 2319 3504 2361 et
3537 2307 3728 2371 risum,
3758 2316 3810 2362 e:

2221 2399 2386 2468 stupri
2419 2399 2774 2467 suspicionem
2803 2399 2902 2452 sibi
2928 2397 3270 2463 conflaverit,
3299 2399 3499 2452 nullam
3531 2400 3642 2452 veri
3684 2414 3806 2467 Spe~

2221 2493 2355 2543 ciem
2389 2490 2564 2543 habet.
2596 2489 2780 2560 Neque
2804 2492 2968 2552 enim,
2993 2490 3134 2560 quod
3164 2492 3228 2542 ad
3263 2490 3514 2544 tuendam
3551 2492 3808 2544 innocen-

2221 2583 2307 2632 tia:
2339 2597 2448 2634 sua:
2477 2579 2703 2645 famam,
2734 2581 2942 2636 detecta
2979 2582 3179 2635 inimici
3223 2582 3436 2646 astutia,
3476 2580 3634 2636 facile
3666 2599 3807 2651 pra:-

2221 2685 2364 2727 stare
2392 2673 2747 2745 llieronymus
2775 2685 3000 2744 poterat,
3028 2691 3090 2729 ac
3121 2692 3280 2745 porro
3313 2675 3676 2745 pra'standum
3707 2677 3807 2730 sibi

2221 2773 2357 2829 erat,
2383 2766 2601 2840 omnino
2624 2765 2840 2818 tacitum
2865 2766 3273 2829 dissimulasset,
3302 2781 3472 2834 neque
3501 2766 3578 2819 rei
3603 2765 3804 2820 nullam

2223 2856 2273 2909 in
2315 2855 2514 2908 dudum
2556 2855 2766 2910 laudata
2801 2857 3034 2924 Epistula
3055 2897 3072 2920 ,
3101 2873 3202 2926 qua
3227 2856 3389 2910 variis
3420 2857 3726 2910 invidorum
3757 2859 3805 2910 in

2221 2962 2281 3000 se
2323 2946 2602 3000 calumniis
2646 2947 2953 3016 respondet,
2987 2948 3314 3002 mentionem
3363 2946 3599 3001 fecisset.
3648 2947 3809 3001 Multo

2222 3046 2306 3092 est
2344 3037 2698 3091 verosiirilius
2726 3041 2776 3091 in
2808 3053 2872 3091 eo
2899 3039 3191 3106 culpatum.
3227 3037 3369 3108 quod
3403 3037 3611 3094 nobiles
3639 3054 3704 3093 ac
3733 3040 3812 3092 di-

2221 3131 2356 3184 vites
2380 3129 2646 3184 Matrouas
2677 3130 2806 3184 lui-ri
2839 3140 2891 3184 et
2917 3131 3316 3185 consuetudinis
3345 3130 3543 3184 illicita:
3580 3146 3770 3184 caussa
3794 3172 3808 3196 ,

2222 3222 2504 3276 sanctioris
2535 3225 2657 3276 vita:
2688 3232 2946 3290 prmtextn
2977 3222 3295 3292 decepiSsc-t,
3333 3232 3385 3277 ct
3413 3223 3808 3294 Jerosmymam

2223 3315 2500 3384 explendie
2545 3314 2778 3369 libidinis
2821 3315 2987 3384 gratia
3020 3313 3178 3369 vellet
3206 3315 3473 3370 abducere
3501 3332 3516 3370 :
3545 3316 3623 3368 ait
3664 3315 3808 3369 enini

2223 3410 2318 3474 ibi,
2353 3408 2503 3463 Nihil
2527 3409 2649 3461 milii
2674 3408 2816 3462 aliud
2850 3409 3116 3478 objicitur,
3151 3410 3246 3462 nisi
3273 3425 3422 3462 sexus
3450 3425 3614 3473 meus,
3640 3419 3691 3462 et
3719 3410 3812 3462 lioc

2223 3517 2498 3562 numquam
2525 3500 2780 3571 objicitur,
2809 3501 2906 3554 nisi
2929 3516 3042 3552 cum
3080 3497 3454 3571 Jerosolymam
3485 3499 3659 3554 Paula
3690 3519 3811 3570 pro-

2223 3593 2485 3661 [iriscitnin

2301 3684 2385 3738 IV.
2431 3684 2669 3754 Denique
2697 3699 2815 3738 ctnn
2847 3699 2913 3738 eo
2949 3683 3177 3738 vesaniae
3220 3699 3306 3739 res
3336 3685 3717 3753 processisset,
3752 3694 3809 3738 ut

2225 3791 2574 3844 qumcumque
2596 3787 2771 3846 ageret
2797 3776 2855 3830 S.
2882 3776 3056 3839 Pater,
3081 3775 3132 3828 in
3161 3776 3364 3829 crimen
3386 3775 3808 3844 deputarentur:

2226 3869 2358 3921 alius
2398 3868 2546 3932 enim,
2589 3867 2778 3936 inquit,
2822 3869 3071 3922 incessum
3116 3883 3280 3920 meum
3321 3868 3735 3922 calumniabatur
3768 3878 3814 3921 et

2228 3961 2388 4012 risum
2420 3961 2545 4012 :ille
2583 3959 2736 4012 veluti
2765 3958 3080 4020 detrahebat,
3115 3959 3195 4012 hic
3235 3959 3286 4012 in
3313 3958 3647 4030 simplicitate
3674 3960 3816 4013 aliud

2230 4051 2618 4119 suspicabatur:
2647 4051 2714 4105 de
2755 4050 3104 4121 relinquenda
3147 4051 3404 4106 maledica
3448 4051 3591 4107 Urbe
3635 4068 3816 4108 secum

2232 4143 2348 4210 ipso
2379 4141 2714 4196 deliberavit.
2747 4141 2926 4210 Neque
2971 4143 3071 4195 alia
3113 4153 3228 4195 erat
3255 4143 3557 4198 declinandi
3597 4146 3820 4200 insidia-

2235 4243 2377 4288 tores
2417 4234 2885 4304 pcstiletitissiinos
2919 4235 3078 4288 ratio.
3118 4233 3387 4290 Subduxit
3431 4251 3491 4290 se
3530 4237 3712 4308 itaque
3752 4239 3820 4292 ab

2232 4328 2312 4380 eis
2340 4327 2564 4394 primum
2593 4325 2712 4395 fuga
2737 4327 2787 4379 in
2808 4327 3103 4381 Solitarimn
3129 4327 3324 4392 locum,
3354 4337 3407 4382 ct
3433 4331 3544 4384 ruri
3571 4344 3632 4384 se
3665 4346 3818 4386 rece-

2237 4420 2311 4487 pit
2344 4437 2357 4471 :
2391 4419 2532 4472 unde
2577 4428 2630 4473 et
2669 4418 2735 4472 ad
2774 4418 3076 4473 Marcellam
3109 4419 3322 4473 dedisse
3354 4419 3568 4474 videtur
3598 4421 3819 4492 Episto-

2239 4510 2340 4562 lam
2365 4510 2413 4562 in
2443 4511 2757 4564 recensione
2782 4519 2962 4563 nostra
2990 4509 3172 4564 XLIII.
3207 4512 3256 4563 in
3281 4527 3382 4579 qua
3407 4511 3578 4580 ipsam
3608 4529 3823 4584 quoque

2237 4600 2502 4665 hortatur,
2545 4611 2601 4654 ut
2634 4602 2832 4655 relictis
2862 4601 3021 4656 Urbis
3063 4601 3346 4666 molestiis,
3395 4617 3459 4656 ac
3503 4605 3698 4670 turbis,
3735 4623 3824 4659 rus

2237 4709 2295 4747 se
2327 4693 2588 4758 conferat,
2619 4695 2670 4747 iii
2702 4694 2854 4758 cujus
2893 4695 3183 4749 solitudine
3208 4710 3337 4764 pace
3368 4695 3471 4750 sibi
3513 4696 3618 4752 frui
3645 4699 3822 4752 liceat.

2241 4788 2354 4856 Ipse
2391 4799 2566 4841 autem
2597 4802 2700 4840 non
2738 4785 2896 4842 Urbis
2923 4787 3104 4852 modo,
3143 4788 3236 4841 sed
3265 4798 3318 4842 et
3346 4787 3669 4843 viciniarum
3703 4807 3821 4859 per-

2242 4891 2423 4946 ta-sus,
2454 4881 2749 4935 diSCessum
2781 4895 2934 4933 suum
2965 4895 3068 4934 non
3093 4889 3196 4934 tam
3227 4881 3429 4946 animo,
3461 4897 3626 4948 quam
3661 4898 3827 4951 opere

2237 4974 2346 5042 jam
2381 4975 2600 5043 parabat
2626 4991 2641 5028 :
2671 4990 2791 5027 cum
2831 4973 3044 5028 tandem
3074 4977 3311 5044 Augusto
3339 4990 3546 5036 mense.
3577 4977 3825 5046 spiranti-

2242 5065 2333 5120 bus
2367 5066 2568 5130 Etesiis,
2607 5063 2941 5118 commodam
2977 5066 3299 5134 navigationi
3333 5066 3384 5120 in
3419 5067 3701 5122 Orientem
3729 5084 3826 5121 oc-

2244 5158 2510 5212 casionem
2540 5165 2744 5219 nactos,
2777 5155 2979 5217 Romae.
3013 5172 3132 5226 qua:
3158 5157 3292 5210 adeo
3322 5172 3381 5211 se
3407 5158 3527 5228 ejus
3554 5164 3832 5215 consortio

2249 5250 2546 5318 praebuerat
2575 5248 2863 5316 indignam,
2896 5249 3017 5304 Vale
3046 5250 3288 5304 ultimum
3315 5251 3470 5306 dixit.

2323 5339 2384 5394 V.
2424 5338 2528 5393 Sed
2574 5349 2856 5405 antequam
2901 5349 3079 5395 tamen
3125 5343 3275 5397 daret
3313 5346 3482 5398 ventis
3531 5348 3673 5408 vela,
3718 5365 3834 5401 cum

2251 5432 2354 5494 iam
2404 5431 2569 5484 navim
2617 5431 2666 5483 in
2713 5431 2952 5484 Romano
3003 5443 3158 5501 portu
3200 5436 3593 5502 conscendisset,
3649 5440 3818 5504 rapti»

2249 5523 2376 5592 ﬂens
2402 5523 2671 5591 dolensque
2695 5521 2985 5590 Epistulam
3021 5525 3176 5580 XLV.
3210 5527 3276 5580 ad
3319 5527 3561 5582 Asellam
3593 5532 3831 5598 scripsit,

2251 5629 2314 5666 cx
2345 5628 2446 5682 qua
2489 5622 2545 5666 et
2585 5629 2747 5681 pauca
2794 5615 3035 5683 superius
3074 5615 3449 5685 delibaviutus,
3499 5629 3556 5674 et
3585 5621 3833 5690 qua-dam

2252 5711 2354 5764 alia
2387 5709 2506 5764 beic
2541 5711 2592 5765 in
2621 5727 2732 5765 rem
2759 5723 2995 5768 nostram
3031 5715 3356 5781 describere,
3387 5733 3570 5786 operai
3599 5721 3833 5789 pretium

2259 5814 2358 5859 est.
2395 5803 2550 5874 l’ene,
2595 5806 2782 5878 inquit,
2816 5818 2943 5863 certe
2979 5811 3245 5864 triennium
3285 5829 3398 5867 cum
3429 5817 3500 5872 cis
3527 5815 3836 5891 (Romanis)
