4004 6328
191 419 248 475 57
1421 409 1479 469 s.
1523 407 1893 466 HIERCNYMI
1934 408 2112 468 vm.
3357 427 3428 487 δε

189 535 291 588 visi.
318 531 476 588 Multa
499 549 580 586 me
607 529 867 604 Virginum
892 529 1063 584 crebro
1091 527 1235 583 turba
1256 527 1608 583 circumdedit.
1639 525 1732 579 Di-

189 627 305 678 vinos
324 623 492 688 libros,
524 634 580 676 ut
606 623 767 693 potui,
796 621 1053 674 nonnullis
1092 635 1226 688 ηερε
1271 619 1534 672 edisserui.
1566 615 1736 670 Lectio

187 716 517 777 assiduitatem,
550 713 821 768 assiduitas
849 713 1280 784 tfamiliaritatem,
1313 709 1639 779 familiaritas
1673 708 1735 774 ﬁ-

185 806 360 860 duciam
393 807 598 876 fecerat.
634 804 838 868 Dieant,
869 803 991 872 quid
1015 819 1236 871 unquam
1263 802 1318 854 in
1343 817 1422 853 nte
1445 799 1605 868 aliter
1622 815 1736 852 sen-

183 896 333 959 serint,
377 912 526 965 quam
566 893 912 947 Christianum
959 893 1200 946 decebat?
1244 891 1519 945 Pecuniam
1557 891 1735 958 cujus-

183 1003 310 1052 quam
357 986 578 1055 accepi?
624 1002 833 1038 munera
881 985 960 1039 vel
1008 1001 1164 1055 parva
1193 1026 1209 1051 ,
1264 984 1341 1038 vel
1399 999 1582 1052 magna
1633 997 1734 1034 non

146 1076 359 1144 «sprevi?
398 1077 449 1128 in
495 1093 652 1129 manu
687 1093 799 1130 mea
839 1092 908 1130 aes
947 1075 1164 1147 alicujus
1203 1074 1466 1128 insonuit?
1507 1073 1734 1141 obliquus

146 1164 155 1222 ἑ
181 1183 338 1230 sermo,
369 1167 544 1219 oculus
569 1168 803 1236 petulans
832 1167 928 1237 fuit
950 1167 976 1221 2’
999 1165 1149 1219 Nihil
1174 1166 1298 1218 mihi
1331 1164 1471 1218 aliud
1499 1162 1736 1222 obiicitur

181 1258 260 1309 nisi
277 1273 414 1309 sexus
436 1272 596 1321 meus,
618 1268 666 1311 et
697 1257 790 1310 hoc
821 1273 1096 1324 numquam
1126 1255 1357 1328 objicitur
1385 1254 1480 1307 nisi
1505 1269 1618 1306 eum
1644 1250 1734 1305 Je-

144 1313 455 1419 ‘rosolymam
501 1347 678 1404 Paula
727 1350 1086 1418 proficiscitur,
1133 1361 1228 1402 etc.
1263 1347 1329 1402 Et
1371 1346 1528 1417 paulo
1575 1352 1731 1414 post:

179 1440 416 1510 Numquid
452 1443 663 1495 domum
692 1443 914 1510 alicujus
954 1440 1234 1495 laseivioris
1277 1439 1533 1508 ingressus
1574 1437 1736 1491 sum.’

179 1530 414 1601 Numquid
445 1548 526 1584 me
553 1543 712 1585 vestes
739 1533 933 1597 sericae,
984 1532 1196 1583 nitentes
1231 1543 1459 1599 gemma,
1492 1529 1628 1598 picta
1655 1528 1738 1598 fa-

175 1624 274 1687 cies,
307 1623 413 1674 auri
440 1624 616 1691 rapuit
642 1623 889 1676 ambitio?
917 1621 1079 1675 Nulla
1105 1621 1202 1691 fuit
1223 1621 1327 1674 alia
1367 1630 1732 1683 matronarum,

174 1728 268 1780 qua:
292 1729 447 1765 meam
490 1723 659 1783 posset
685 1714 920 1767 edomare
958 1723 1191 1777 mentem,
1233 1713 1330 1766 nisi
1364 1712 1558 1782 lugens,
1589 1721 1738 1780 atque

167 1806 528 1879 jejunans......
573 1803 733 1875 Cujus
759 1807 1012 1858 canticum
1045 1805 1263 1871 Psalmi,
1312 1821 1475 1858 sermo
1503 1802 1736 1874 Evange-

174 1896 294 1959 tiunt,
319 1896 517 1950 deliciae
551 1898 884 1963 continentia,
917 1898 1018 1950 vita
1046 1899 1312 1965 ieiunium.
1339 1896 1504 1952 Nulla
1542 1913 1620 1950 me
1646 1911 1738 1966 po-

172 1986 248 2037 tuit
280 1987 378 2039 alia
403 1987 662 2041 delectare
692 1988 789 2042 nisi
824 1988 934 2049 illa,
967 2004 1118 2056 quam
1158 1988 1547 2041 manducantem
1586 2003 1736 2040 nutu-

170 2095 296 2142 quam
320 2079 443 2132 vidi.
473 2081 585 2134 Sed
614 2092 880 2149 postquam
907 2097 1015 2134 eam
1041 2097 1132 2147 pro
1161 2096 1253 2134 suo
1283 2081 1460 2133 merito
1490 2081 1738 2134 castitatis

170 2173 391 2235 venerari,
414 2175 604 2235 colere,
621 2172 876 2240 suspicere
888 2173 1035 2240 ccepi,
1052 2188 1221 2225 omnes
1239 2188 1316 2224 me
1329 2171 1465 2224 illico
1477 2170 1742 2222 deseruere

171 2266 370 2317 virtutes.
408 2263 456 2319 Ο
480 2267 678 2319 invidia
706 2265 929 2336 primum
959 2263 1172 2318 mordax
1211 2263 1321 2318 tui!
1345 2280 1374 2317 ο
1397 2263 1608 2318 Satanae
1632 2261 1742 2314 eal-

171 2352 314 2404 liditas
356 2372 565 2422 semper
604 2365 784 2408 sancta
823 2353 1159 2423 persequens!
1199 2352 1377 2406 Nulla:
1405 2353 1522 2406 alite
1555 2351 1741 2406 Roma-

170 2461 231 2497 na!
252 2447 363 2500 urbi
391 2449 629 2519 fabulam
659 2447 1006 2514 prtubuerunt,
1036 2447 1133 2498 nisi
1158 2444 1328 2498 Paula
1369 2453 1412 2497 et
1441 2441 1742 2509 Melanium,

169 2553 257 2597 qua
295 2538 614 2605 contemptis
661 2523 992 2607 facultalibus
1013 2576 1028 2600 ,
1061 2535 1448 2606 pignoribusque
1497 2534 1704 2588 desertis
1726 2575 1742 2600 ,

171 2627 354 2680 Crucem
385 2626 606 2680 Domini
645 2627 791 2697 quasi
820 2627 1076 2695 quoddam
1107 2626 1305 2695 pietatis
1335 2627 1559 2679 levavere
1583 2624 1743 2678 vexil-

171 2723 268 2775 lum.
293 2721 357 2775 Si
386 2719 612 2773 balneas
643 2730 889 2787 peterent,
914 2729 1167 2790 unguenta
1194 2719 1450 2789 eligerent,
1474 2717 1676 2770 divitias
1696 2726 1742 2769 et

170 2814 438 2865 riduitatem
483 2813 730 2865 haberent
777 2813 1031 2864 materiem
1080 2809 1331 2873 luxuries,
1380 2818 1427 2862 et
1474 2809 1735 2874 libertatis,

170 2901 375 2954 Domina:
404 2911 716 2954 vocarentur
736 2911 782 2954 et
811 2900 1039 2955 Sanctae.
1076 2899 1228 2953 Nunc
1254 2900 1305 2952 in
1331 2915 1475 2953 sacco
1505 2907 1550 2952 et
1574 2899 1740 2952 cinere

172 3000 382 3064 formosa!
403 2997 584 3049 volunt
615 2995 794 3058 videri,
835 3005 883 3049 et
921 2996 973 3049 in
1005 2995 1295 3050 Gehennam
1322 2995 1453 3064 ignis
1474 3011 1588 3048 cum
1601 2995 1742 3061 jeju-

172 3089 251 3140 uiis
283 3097 325 3140 et
352 3089 563 3155 pa'dore
591 3087 895 3140 descendere
924 3101 942 3139 :
977 3087 1200 3140 videlicet
1232 3103 1332 3140 non
1369 3087 1439 3141 eis
1464 3087 1598 3148 licet,
1641 3103 1738 3156 ap-

174 3177 423 3242 plaudente
455 3175 671 3246 populo,
710 3178 875 3244 perire
915 3194 1030 3230 eum
1062 3177 1243 3230 turbis.
1272 3177 1334 3232 Si
1363 3176 1584 3232 Gentiles
1609 3177 1740 3231 hanc

175 3268 302 3318 vitam
327 3278 617 3337 carperent,
661 3269 707 3322 si
743 3267 934 3326 Judari,
962 3267 1201 3322 haberent
1227 3269 1465 3336 solatium
1501 3286 1600 3322 non
1625 3271 1737 3339 pla-

173 3360 296 3411 cendi
341 3361 430 3419 eis.
465 3361 650 3428 quibus
679 3360 910 3428 displicet
950 3359 1202 3414 Christus.
1248 3361 1401 3416 Nune
1430 3379 1565 3426 vero,
1609 3365 1735 3433 prolt

175 3454 316 3517 nefas,
356 3452 587 3503 homines
619 3449 914 3512 Christiani,
944 3453 1277 3521 praetermissa
1308 3453 1575 3506 domorum
1615 3471 1736 3507 sua-

175 3556 269 3590 rum
304 3558 444 3602 cura,
493 3550 540 3593 et
585 3543 779 3609 proprii
827 3541 960 3595 oeuli
1002 3543 1141 3595 trabe
1186 3545 1431 3614 neglecta,
1481 3545 1534 3596 in
1574 3545 1738 3598 alieno

176 3633 299 3684 cculo
323 3636 568 3698 festucam
599 3643 858 3696 quaerunt.
877 3632 1123 3686 Lacerant
1151 3645 1378 3688 sanetum
1400 3637 1734 3705 propositum,

178 3734 213 3774 et
231 3727 492 3777 remedium
512 3741 673 3794 paena:
695 3741 803 3778 sua:
828 3726 1159 3790 arbitrantur,
1179 3729 1222 3780 si
1240 3743 1385 3779 nemo
1405 3732 1468 3780 sit
1492 3727 1736 3792 Sanctus,

179 3814 214 3863 si
233 3819 450 3870 omnibus
476 3817 797 3882 detrahatur,
838 3818 884 3870 si
907 3818 1055 3870 turba
1080 3819 1141 3870 sit
1164 3820 1502 3887 pereuntium,
1536 3820 1580 3872 si
1611 3821 1741 3871 mul-

180 3906 314 3960 litutln
346 3910 687 3973 peccantium.
722 3908 978 3977 Denique,
1008 3908 1251 3978 pluribus
1288 3908 1550 3977 ejusmodi
1578 3909 1743 3963 inter-

177 3996 306 4061 iectis
333 4017 345 4051 :
373 4000 584 4054 Gratias
626 4017 722 4070 ago
753 3999 862 4054 Deo
893 4018 1022 4075 meo,
1047 4001 1182 4070 quod
1217 4001 1402 4070 dignus
1449 4003 1564 4065 sim,
1598 4018 1742 4072 quem

181 4091 367 4143 mundus
395 4091 585 4145 oderit.
618 4089 722 4144 Ora
743 4101 910 4144 autem
936 4101 1010 4155 tu,
1037 4098 1088 4142 ut
1117 4090 1180 4143 de
1195 4089 1456 4160 Babylone
1479 4089 1744 4162 Jerosoly—

184 4195 291 4231 mam
328 4183 612 4252 regrediar,
658 4198 721 4234 ne
749 4183 875 4234 mihi
915 4182 1205 4233 dominetur
1248 4178 1736 4247 Nabuchodonosor,

183 4272 252 4321 sed
277 4271 418 4328 Jesns
448 4275 588 4341 ﬁlius
623 4271 992 4327 Josedeeh.....
1025 4270 1230 4326 Stultus
1260 4287 1370 4342 ego,
1403 4273 1490 4344 qui
1518 4273 1741 4326 volebam

183 4373 357 4417 cantare
393 4364 662 4417 Canticum
705 4362 911 4416 Domini
957 4363 1010 4416 in
1055 4372 1190 4415 terra
1235 4365 1422 4430 aliena,
1461 4373 1506 4416 et
1547 4365 1741 4417 deserto

184 4463 324 4506 monte
355 4455 508 4520 Sina,
540 4452 762 4524 Egypti
787 4454 1038 4506 auxilium
1061 4453 1376 4523 flagitabant.
1421 4451 1542 4507 Non
1568 4471 1740 4507 recor-

183 4543 317 4597 dabar
345 4547 630 4617 Evangelii,
662 4547 779 4615 quia
807 4547 894 4616 qui
923 4545 986 4599 de
1008 4545 1294 4599 Jerusalem
1320 4547 1594 4616 egreditur,
1635 4556 1746 4599 sta-

187 4636 255 4684 tim
279 4636 444 4689 incidit
474 4639 526 4690 in
556 4637 799 4702 latrones,
824 4637 1095 4704 spoliatur,
1126 4637 1440 4702 vulneratur,
1474 4639 1738 4692 occiditur.

189 4723 273 4776 Sed
296 4729 404 4782 licet
432 4729 688 4783 Sacerdos
724 4730 964 4798 despiciat
1011 4739 1161 4798 atque
1190 4729 1404 4794 Levites,
1449 4729 1740 4786 Samarita-

187 4834 262 4872 nus
286 4822 364 4876 ille
383 4824 668 4877 misericors
697 4834 791 4889 est,
825 4831 918 4876 etc.
952 4821 1244 4890 Maleﬁcum
1292 4823 1500 4892 quidam
1528 4842 1604 4878 me
1623 4843 1739 4892 yar-

185 4913 334 4966 riunt:
361 4915 564 4967 titulum
591 4915 714 4982 fidei
751 4930 921 4968 servus
947 4931 1183 4984 agnosco.
1229 4914 1476 4986 Magnum
1513 4925 1690 4970 vocant
1720 4933 1738 4971 :

187 5012 222 5052 et
246 5002 401 5059 Juda'i
426 5006 700 5059 Dominum
731 5023 909 5059 meum.
945 5005 1195 5060 Seductor
1221 5021 1238 5058 :
1265 5016 1310 5058 et
1354 5007 1625 5076 Apostolus
1655 5008 1739 5060 di-

186 5106 276 5148 ctus
313 5099 656 5154 est.Tentatio
700 5115 778 5152 me
819 5116 917 5152 non
967 5098 1313 5168 apprehendat
1355 5101 1454 5153 nisi
1493 5101 1734 5157 lmmana.

189 5185 373 5247 Quotam
402 5200 594 5259 partem
623 5191 971 5259 angustiarum
1012 5205 1276 5258 perpessus
1314 5206 1441 5253 sum,
1475 5193 1560 5257 qui
1589 5191 1740 5245 Cruci

189 5280 354 5336 milito?
389 5282 666 5355 Infamiam
697 5283 816 5354 falsi
859 5281 1081 5334 criminis
1125 5283 1439 5348 imputarunt
1459 5298 1478 5346 ,°
1516 5285 1604 5337 sed
1634 5285 1737 5338 scio

189 5373 450 5432 perbonam
477 5386 523 5428 ct
551 5374 741 5427 malam
774 5377 964 5444 famam
1005 5372 1248 5440 perveniri
1281 5374 1349 5426 ad
1388 5389 1541 5443 regna
1582 5376 1736 5427 ecclo-

188 5472 299 5512 rum.
326 5464 518 5520 Czetera
543 5467 759 5533 longum
783 5475 861 5516 est
896 5464 1160 5533 persequi.
1187 5462 1422 5532 Tempus
1452 5467 1535 5517 vix
1566 5466 1737 5534 po‘uil

186 5545 394 5607 denotari
419 5555 784 5609 niani-festius:
809 5553 1238 5621 quandoquidem
1272 5555 1583 5623 spirantibus
1616 5554 1736 5614 lftc-

189 5638 261 5690 siis
297 5646 520 5701 scribere
561 5646 677 5699 hanc
717 5659 796 5711 se,
821 5644 929 5713 jam
964 5643 1179 5713 jamque
1225 5645 1436 5697 Sum-re
1484 5661 1514 5697 e
1557 5657 1732 5712 portu,

191 5741 330 5796 notat,
373 5738 509 5806 qum!
552 5747 654 5800 est,
689 5737 928 5805 Augusto
959 5752 1142 5790 mense
1175 5735 1396 5803 hujusce
1439 5737 1564 5790 anni
1607 5739 1732 5793 585.

189 5828 413 5897 tanniam
459 5831 715 5885 Damasus
764 5831 866 5883 fato
914 5831 1123 5884 ltmctus
1167 5837 1328 5893 esset,
1375 5845 1532 5898 quem
1565 5829 1735 5885 Beata:

1847 533 2104 586 memoria:
2131 533 2283 587 titulo
2311 534 2495 603 donat,
2539 547 2592 593 et
2619 553 2776 609 quem
2802 542 3159 612 praecedentis
3183 546 3426 617 proxime

1840 621 1965 674 anni
1993 637 2179 678 mense
2211 625 2508 693 Decembri,
2538 631 2869 685 ostendunus
2893 633 3114 689 obiissc.
3147 635 3330 702 Addit,
3352 650 3424 691 ne

1839 711 2128 781 contigisse
2173 714 2288 768 hare
2325 717 2498 772 serius
2526 728 2696 785 putes,
2733 737 2860 788 pene
2903 724 3176 778 triennium
3216 741 3275 782 se
3299 741 3422 781 cum

1839 799 2096 856 Romanis
2121 804 2341 860 vixisse.
2374 806 2532 862 Venit
2571 818 2772 876 autem,
2812 821 2868 866 ut
2893 815 3056 868 certis
3095 817 3426 885 argumentis

1839 894 2114 963 cvicimus,
2145 897 2368 953 Romam
2390 915 2530 954 anno
2559 901 2689 967 382,
2719 904 2861 959 circa
2891 906 3280 975 scptembrcm.

2451 1033 2604 1090 CAP.
2648 1035 2810 1092 XVII.

1840 1185 1880 1241 1.
1923 1186 1989 1242 In
2025 1187 2280 1243 Orientem
2311 1189 2651 1263 Hieronymus
2695 1195 2916 1264 navigat.
2967 1195 3030 1250 Il.
3057 1195 3188 1264 'Quo
3217 1198 3424 1268 proﬁci-

1910 1292 2122 1334 scuntur
2161 1283 2222 1338 S.
2259 1299 2457 1352 quoque
2488 1281 2657 1339 Paula
2696 1299 2744 1340 et
2790 1286 3141 1343 Eustochium.
3172 1287 3257 1342 Ill.
3307 1287 3424 1343 Una

1909 1388 2080 1426 omnes
2097 1372 2681 1442 invisuntPaleestinam,
2703 1385 2748 1429 et
2762 1375 2897 1430 Loca
2917 1377 3128 1431 Sancta.
3148 1379 3234 1434 IV.
3253 1378 3424 1449 Egy-

1913 1475 2055 1535 ptum
2091 1467 2238 1518 etiam
2284 1477 2330 1521 et
2368 1465 2552 1521 Nitriae
2587 1467 2896 1522 Monasteria
2937 1469 3173 1525 lustrant.
3219 1470 3281 1525 V.
3320 1470 3424 1525 Be-

1910 1556 2110 1610 thleemi
2134 1573 2188 1610 se
2214 1556 2481 1624 recipiunt,
2514 1557 2677 1628 ibique
2705 1560 2871 1612 sedem
2893 1560 3076 1630 ﬁgunt.

1909 1712 1948 1767 Ι.
1993 1713 2421 1786 Ilieronymiante
2447 1717 2500 1772 in
2521 1717 2793 1772 Orientem
2821 1719 3176 1789 navigationis
3199 1719 3422 1777 historia

1841 1805 2044 1874 percipi
2075 1806 2214 1860 haud
2239 1816 2416 1876 potest
2439 1822 2534 1877 per
2561 1820 2739 1878 partes
2764 1810 2974 1876 melius,
2999 1825 3156 1880 quam
3184 1811 3252 1866 ab
3275 1812 3421 1880 ipso-

1841 1907 1971 1963 met,
2000 1898 2090 1967 qui
2118 1899 2234 1967 ejus
2264 1913 2516 1968 perquam
2543 1908 2746 1956 attente
2775 1917 2984 1956 memor
3017 1911 3101 1957 est
3135 1903 3227 1957 lib.
3255 1902 3342 1956 ΙΙΙ.
3366 1903 3421 1958 in

1839 1988 2133 2056 Bullinum,
2170 2006 2397 2061 eamque
2421 1993 2486 2046 ad
2513 1994 2689 2048 aemuli
2718 1995 3080 2050 retundendus
3118 1997 3423 2050 cavillatio-

1842 2096 1958 2146 nes,
2006 2082 2441 2138 luculentissimis
2484 2086 2664 2139 verbis
2703 2095 2933 2140 narrat:
2973 2085 3084 2151 Vis,
3137 2087 3230 2152 ait,
3279 2103 3427 2142 nosse

1844 2175 2166 2243 perfectionis
2204 2190 2327 2229 mea:
2368 2176 2431 2229 de
2479 2174 2614 2230 Urbe
2651 2178 2924 2231 ordinem?
2951 2177 3126 2231 Mense
3171 2178 3419 2248 Augusto,

1845 2263 2086 2332 flantibus
2117 2263 2320 2329 Etesiis,
2345 2281 2458 2318 cum
2486 2266 2547 2319 S.
2588 2265 2849 2320 Vincentio
2876 2269 3185 2338 presbytero.
3219 2278 3264 2322 et
3294 2271 3427 2322 ado-

1849 2357 2063 2410 lescente
2089 2357 2263 2427 fratre,
2295 2367 2341 2410 et
2366 2358 2483 2412 aliis
2505 2357 2790 2423 Monachis,
2821 2361 2907 2430 qui
2935 2377 3068 2414 nunc
3095 2359 3431 2432 Jcrosolgma:

1849 2461 2241 2515 commorantur,
2275 2451 2441 2504 navim
2471 2451 2523 2505 in
2552 2452 2780 2506 Romano
2803 2464 2949 2519 portu
2978 2470 3182 2509 securus
3201 2456 3426 2519 ascendi,

1849 2541 2070 2594 maxima
2096 2541 2399 2596 Sanctorum
2441 2543 2721 2613 frequentia
2748 2555 3094 2614 prosequente.
3132 2544 3258 2600 Veni
3285 2546 3425 2602 Rhe-

1845 2632 1982 2701 ginm
2012 2647 2033 2685 :
2056 2633 2108 2684 in
2137 2632 2359 2702 Scylla'o
2399 2632 2564 2686 littore
2619 2634 2882 2700 paululum
2933 2637 3068 2701 steti,
3114 2637 3198 2690 ubi
3241 2647 3428 2692 veteres

1844 2722 2001 2775 didici
2020 2722 2236 2793 fabulas.
2266 2734 2312 2776 et
2342 2725 2650 2794 praecipitem
2677 2725 2879 2794 fallacis
2907 2725 3106 2797 Ulyssis
3129 2745 3353 2795 cursum,
3376 2739 3426 2782 et

1845 2812 2157 2883 Syrenarum
2201 2816 2416 2877 cantica,
2460 2825 2507 2868 et
2533 2816 2869 2870 insatiabilem
2907 2816 3191 2888 Charybdis
3226 2819 3428 2888 voragi-

1843 2920 1974 2956 nem.
2005 2903 2224 2973 Cumque
2261 2906 2386 2958 mihi
2412 2906 2598 2960 accolis
2626 2907 2765 2960 illius
2802 2907 2900 2960 loci
2943 2909 3102 2960 multa
3138 2917 3424 2969 narrarent,

1843 2996 2119 3066 darentque
2136 2997 2421 3060 consilium,
2446 3007 2500 3050 ut
2525 3015 2626 3052 non
2650 2998 2717 3050 ad
2745 2997 2914 3052 Protei
2939 3000 3221 3056 columnas.
3248 2999 3338 3052 sed
3357 3001 3428 3052 ad

1841 3085 1990 3140 Jonas
2021 3097 2217 3156 portum
2245 3091 2532 3159 navigarem
2563 3088 2735 3160 (illum
2764 3090 2896 3142 enim
2928 3090 3226 3159 fugientium
3250 3100 3297 3144 et
3319 3099 3429 3142 tur-

1844 3178 2096 3243 batorum,
2126 3179 2259 3233 hunc
2294 3181 2455 3234 securi
2493 3181 2710 3233 hominis
2740 3197 2847 3233 esse
2888 3179 3114 3251 cursum)
3150 3181 3311 3234 malui
3341 3199 3429 3248 per

1844 3267 2062 3333 Maleas,
2093 3278 2140 3322 et
2172 3267 2424 3340 Cycladas
2453 3269 2680 3341 Cyprum
2719 3286 2940 3339 pergere,
2973 3271 3060 3323 ubi
3099 3284 3360 3341 susceptus
3397 3291 3430 3326 a

1854 3357 2139 3412 Venerabili
2181 3359 2433 3430 Episcopo
2480 3359 2795 3430 Epiphanio,
2845 3361 2993 3430 cujus
3042 3371 3094 3414 tu
3142 3363 3428 3417 testimonio

1843 3451 2099 3521 gloriaris,
2131 3455 2242 3506 veni
2270 3453 2610 3518 Antiochiam,
2634 3454 2719 3505 ubi
2739 3453 2922 3521 fruitus
2948 3470 3058 3507 sum
3080 3455 3431 3509 communione

1846 3541 2114 3612 Pontificis
2153 3542 2561 3612 Confessorisque
2602 3544 2858 3598 Paulini:
2889 3542 2956 3597 Et
2995 3545 3243 3598 deductus
3280 3546 3342 3598 ab
3367 3563 3427 3599 eo

1844 3635 2009 3687 media
2051 3635 2227 3705 hyeme
2263 3645 2311 3689 et
2348 3637 2537 3706 frigore
2584 3637 2902 3706 gravissimo,
2953 3639 3139 3690 intravi
3162 3638 3429 3708 Jerosoly-

1845 3744 1998 3780 mam.
2042 3727 2162 3780 Vidi
2196 3730 2355 3780 multa
2385 3730 2654 3792 miracula,
2695 3741 2738 3783 et
2765 3747 2878 3799 quia
2906 3732 3047 3800 prius
3088 3733 3156 3785 ad
3183 3750 3260 3786 me
3289 3737 3431 3801 fama

1848 3819 2138 3885 p.-rtulerat,
2165 3819 2425 3870 oculorum
2444 3819 2643 3886 judicio
2670 3822 3007 3887 comprobavi.
3032 3819 3164 3874 lude
3193 3821 3430 3874 contendi

1847 3904 2156 3976 JEgyptum,
2189 3908 2397 3960 lustravi
2448 3910 2752 3960 monasteria
2803 3909 3010 3973 Nitriaz,
3055 3920 3100 3961 ct
3130 3911 3260 3961 inter
3286 3910 3431 3963 San-

1847 4011 2040 4052 clarum
2061 4001 2262 4063 choros,
2286 3999 2486 4067 aspidas
2508 4000 2663 4052 latere
2685 4000 2936 4068 perspexi.
2970 3999 3212 4052 Protinus
3235 4001 3430 4052 concito

1847 4091 2010 4162 gradu
2044 4091 2297 4145 Bethleem
2323 4109 2481 4143 meam
2504 4108 2758 4161 regressus
2788 4110 2920 4153 sum,
2951 4094 3034 4146 ubi
3061 4093 3271 4147 adoravi
3299 4111 3433 4162 prtu-

1847 4199 1984 4250 sepe,
2019 4191 2062 4235 et
2091 4181 2397 4235 incunabula
2429 4180 2732 4235 Saluatoris.
2780 4180 2902 4236 Vide
2925 4200 3125 4252 quoque
3151 4185 3434 4253 famosissi-

1851 4294 1984 4331 mum
2020 4276 2207 4341 laeum,
2248 4292 2338 4329 nec
2363 4291 2442 4329 nte
2467 4275 2617 4328 inerti
2658 4275 2847 4329 tradidi
2888 4278 3011 4341 otio,
3042 4277 3132 4330 sed
3160 4279 3318 4331 multa
3353 4280 3434 4352 di-

1848 4372 1947 4425 dici
1970 4384 2084 4439 qua:
2108 4379 2226 4422 ante
2250 4365 2545 4421 nesciebam.
2583 4365 2674 4421 His
2701 4376 2864 4421 totum
2889 4384 3069 4422 rerum
3119 4385 3334 4423 suarum
3363 4371 3433 4424 ab

1847 4464 1994 4520 Urbe
2038 4462 2104 4516 ad
2131 4461 2405 4516 Bethleem
2434 4460 2712 4514 histeriam
2756 4459 3132 4528 complectitur
3159 4461 3218 4515 S.
3252 4461 3431 4526 Pater,

1847 4570 2005 4626 quam
2039 4553 2141 4607 hoc
2164 4568 2260 4606 nos
2297 4553 2472 4621 capite
2497 4550 2656 4604 latius
2684 4560 2739 4604 et
2767 4565 2863 4619 per
2892 4560 3070 4620 partes
3095 4550 3424 4622 descriptum

1848 4647 2008 4701 imus.

1918 4736 2023 4792 Sed
2055 4736 2200 4806 prius
2230 4734 2472 4804 quaedam
2503 4733 2572 4788 de
2597 4733 2908 4789 Pauliniano
2938 4735 3246 4810 Hieronymi
3269 4739 3434 4797 fratre

1850 4827 2186 4901 (Vincentius
2208 4826 2369 4888 enim,
2399 4841 2556 4896 quem
2591 4825 2816 4880 alterum
2847 4828 3084 4883 nominat
3113 4829 3318 4886 itineris
3347 4835 3432 4889 sui

1849 4919 2080 4983 socium,
2108 4916 2236 4968 satis
2257 4931 2320 4968 ex
2351 4915 2718 4984 superioribus
2741 4916 2970 4971 innotuit
2991 4921 3252 4974 tuonenda
3282 4931 3427 4976 sunt.

1850 5008 2003 5063 llunc
2037 5006 2094 5062 S.
2125 5007 2284 5060 Pater
2316 5007 2524 5061 videtur
2555 5007 2714 5076 paulo
2745 5018 2891 5072 ante,
2924 5025 3048 5064 eum
3087 5012 3297 5068 scilicet
3324 5015 3431 5068 Re-

1849 5114 1990 5153 mum
2031 5097 2366 5159 accessisset,
2407 5097 2474 5151 de
2503 5098 2668 5167 putria
2697 5098 2970 5164 Stridone,
3011 5101 3079 5155 ad
3123 5106 3203 5158 sui
3242 5115 3433 5160 centu-

1851 5189 2091 5243 Iwrnium
2129 5203 2401 5242 evocasse.
2433 5190 2581 5256 Quod
2614 5189 2731 5258 ejus
2781 5192 2944 5255 nulla,
2986 5209 3108 5247 cum
3151 5196 3353 5264 pariter
3379 5199 3430 5252 in

1850 5280 1992 5335 l'rbe
2029 5281 2304 5348 degerent,
2356 5281 2488 5334 laetu
2530 5283 2600 5336 sit
2638 5283 2866 5347 'mentio,
2906 5286 3098 5356 puerili
3141 5287 3259 5355 ejus
3289 5291 3462 5361 n-tati.

1845 5373 2221 5440 adtribuimus,
2265 5373 2375 5442 qui,
2418 5374 2518 5426 nisi
2561 5374 2856 5430 rationibus
2893 5375 3254 5432 snbduccndis
3305 5379 3449 5436 falli-i

1833 5481 1985 5530 'nmr,
2033 5481 2100 5518 ne
2141 5465 2240 5518 hoc
2270 5466 2482 5531 quidem
2515 5480 2676 5529 anno,
2717 5481 2823 5535 quo
2860 5466 3030 5520 Roma
3075 5468 3125 5521 iu
3167 5471 3428 5523 orientem

1831 5555 2130 5622 navigavit,
2160 5555 2470 5625 vigesimum
2499 5556 2705 5610 \idetur
2725 5559 2899 5610 artatis
2924 5559 3181 5625 attigisse.
3209 5558 3426 5613 Frustra
3489 5593 3501 5640 ζ

1847 5648 2027 5717 itaque
2053 5657 2196 5711 sunt,
2226 5647 2317 5716 qui
2339 5655 2460 5700 unum
2491 5646 2807 5701 accessisset
2835 5661 3002 5700 necne
3026 5654 3148 5698 tunc
3180 5645 3428 5706 Monac-hi

1846 5739 2141 5809 proposito,
2195 5737 2464 5806 disputant
2499 5755 2514 5791 :
2546 5747 2765 5790 strenue
2811 5745 2985 5788 autem
3031 5732 3282 5786 falluntur
3333 5741 3423 5808 qui

1849 5833 2015 5888 multo
2056 5832 2216 5887 etiam
2248 5830 2476 5901 pridem,
2517 5839 2570 5884 et
2596 5828 2802 5897 Syriam
2844 5825 3062 5882 adeunti
3102 5825 3428 5901 Hieronymo
