4004 6328
573 349 647 415 ⁸9
1851 352 1912 411 S.
1952 347 2329 409 IHEBONYMI
2372 352 2550 412 VITA.
3779 367 3843 424 σθ

568 474 823 534 comitem
865 474 1064 539 fuisse,
1111 468 1306 542 ibique
1338 470 1392 526 in
1440 483 1627 526 eremo
1674 469 1874 540 pariter
1924 468 2157 525 servisse

571 568 808 633 Christo,
852 566 1203 621 arbitrantur.
1234 564 1495 619 Recurret
1531 562 1600 619 de
1635 578 1702 618 eo
1727 576 1908 618 sermo
1935 561 2155 618 iterum.

567 668 625 714 et
645 660 863 729 saepius.
877 656 1084 713 Cmtera
1112 670 1517 726 prosequamur.

646 748 710 804 ll.
751 750 809 805 S.
835 749 1019 810 Paula,
1051 762 1212 817 quam
1238 746 1409 801 multo
1447 753 1605 801 antea
1634 743 1986 815 Jerosolymtc
2011 743 2152 798 invi-

569 841 753 897 sendze
777 839 974 909 cupido
1002 841 1320 902 incesserat,
1353 837 1374 906 (
1389 836 1652 907 siquidem
1683 834 2004 892 abeuntibus
2031 836 2157 905 Epi-

571 934 772 1004 phanio
809 944 863 988 et
897 933 1116 998 Pauline
1154 948 1186 987 e
1220 932 1454 986 Romana
1502 928 1744 1001 Synodo,
1773 944 1893 982 cum
1937 930 2065 998 ipsis
2097 930 2149 983 in

567 1027 829 1081 orientem
859 1027 1110 1094 navigare
1137 1022 1453 1092 optaverat)
1485 1033 1764 1090 postquam
1788 1036 1854 1073 co
1875 1019 2151 1074 contendit

571 1116 951 1187 Hieronymus,
982 1117 1163 1169 statim
1190 1118 1293 1169 iter
1319 1130 1421 1167 una
1451 1128 1571 1167 cum
1605 1112 1897 1166 Eustochio
1928 1112 2032 1164 lilia
2054 1126 2148 1166 sua

568 1208 817 1273 arripuit.
848 1207 1063 1272 Statim,
1092 1219 1331 1275 mquam,
1362 1218 1483 1257 nam
1510 1211 1565 1257 et
1590 1212 1714 1256 ante
1736 1202 2145 1273 Hieronymum,

566 1297 611 1350 si
661 1312 756 1365 per
795 1284 937 1351 Ilias
967 1296 1167 1350 dudum
1208 1297 1367 1351 initas
1394 1294 1629 1348 rationes
1681 1293 1893 1354 liceret,
1920 1293 2146 1347 dicenda

564 1396 711 1443 esset
739 1391 837 1441 viae
870 1403 928 1441 se
956 1385 1246 1441 dedidisse.
1275 1385 1329 1442 Si
1358 1386 1502 1439 enim
1549 1399 1668 1440 cum
1710 1382 1819 1438 fato
1849 1384 2024 1437 inueta
2065 1391 2148 1435 est

568 1479 723 1532 initio
746 1478 873 1531 anni
914 1478 983 1532 40
998 1479 1038 1531 ι.
1068 1475 1298 1544 Angusto
1326 1476 1488 1529 sexies
1513 1485 1561 1529 et
1595 1474 1879 1527 Aristeneto
1912 1470 2054 1527 Cass.
2093 1472 2146 1526 in

559 1567 840 1633 Bethleem,
879 1584 1040 1621 annos
1076 1566 1251 1637 viginti
1275 1566 1387 1636 jam
1417 1564 1656 1635 dcgerat,
1686 1574 1743 1619 ιιι
1782 1566 1832 1618 iu
1869 1565 1987 1632 ejus
2021 1562 2146 1631 Epi-

528 1659 746 1729 ‘taphio
787 1659 845 1714 S.
887 1659 1001 1727 ipse
1039 1658 1200 1713 Pater
1225 1666 1472 1720 testatur,
1508 1659 1619 1727 jam
1663 1667 1789 1711 ante
1817 1657 1944 1721 585,
1982 1666 2142 1722 atque

556 1750 700 1805 adeo
726 1759 851 1804 ante
879 1750 1053 1818 ipsum
1080 1749 1484 1819 Ilieronymum,
1518 1747 1690 1803 Roma
1716 1747 1901 1803 debuit
1925 1748 2134 1802 disces-

565 1842 723 1897 sisse.
751 1840 857 1896 Sed
886 1841 1116 1896 termino
1144 1850 1370 1909 utroque
1394 1841 1622 1906 incluso,
1653 1849 1707 1896 et
1739 1838 1971 1896 rotundo
1999 1854 2139 1908 pra:-

561 1943 706 1988 terea
729 1948 957 1987 numero
982 1931 1162 2001 (quod
1184 1930 1362 1987 facere
1381 1932 1434 1986 in
1462 1931 1545 1985 his
1565 1928 1739 2002 amat)
1772 1930 1828 1985 S.
1855 1930 2137 1984 Ductorem

564 2025 634 2078 ibi
663 2039 841 2087 usum,
869 2023 1092 2078 credere
1117 2038 1217 2078 nos
1245 2023 1383 2078 alius
1405 2022 1549 2092 cogit
1573 2020 1813 2091 ejusdem
1841 2020 2009 2086 locus,
2036 2020 2136 2074 nisi

557 2116 916 2182 interpolatus
939 2115 1030 2169 ille
1053 2123 1159 2175 est.
1191 2114 1245 2169 in
1278 2115 1381 2169 line
1409 2113 1604 2169 dudum
1638 2112 1865 2167 laudata:
1888 2112 1953 2167 ad
1984 2112 2139 2167 Asel-

558 2208 664 2263 lam
698 2209 966 2279 Epistolas,
1004 2209 1090 2263 ubi
1118 2207 1400 2263 discedens
1441 2224 1472 2263 e
1518 2206 1762 2261 Romano
1788 2218 1965 2278 portu,
1995 2207 2136 2262 inter

548 2308 775 2355 mctcras
816 2309 1029 2355 sanctas
1058 2299 1283 2355 feminas
1308 2298 1516 2353 salvere
1548 2299 1717 2365 ipsam
1744 2314 1958 2369 quoque
1987 2298 2129 2353 Pan-

549 2392 656 2446 lam
708 2402 763 2448 et
806 2392 1155 2447 Eustochium
1213 2391 1391 2461 jubet.
1442 2391 1579 2459 Quin
1624 2392 1785 2445 etiam
1829 2406 1950 2445 cum
1999 2390 2130 2460 ipsis

550 2483 752 2551 pariter
801 2484 1080 2546 navigasse
1134 2481 1302 2537 videri
1357 2491 1619 2552 possunt,
1668 2483 1931 2554 siquidem
1993 2498 2130 2537 unus

558 2572 811 2642 idemque
858 2583 962 2636 est,
999 2589 1158 2643 quem
1188 2582 1241 2627 et
1274 2573 1390 2641 ipse
1443 2573 1635 2635 tenuit,
1684 2589 1869 2628 earum
1923 2574 2128 2627 itineris

551 2667 708 2731 ordo,
735 2668 824 2735 qui
874 2668 1045 2736 Epist.
1088 2666 1268 2720 CVIII.
1318 2666 1661 2730 describitur,
1693 2683 1783 2735 per
1823 2666 2046 2719 Maleam
2079 2675 2127 2719 et

543 2758 815 2829 Cytheram
862 2774 1162 2827 sparsasque
1213 2774 1302 2827 per
1344 2773 1517 2827 (equor
1564 2755 1835 2828 Cycladas,
1889 2757 2123 2828 Cyprum

544 2865 712 2921 usque
736 2860 793 2905 et
818 2850 1153 2917 Seleuciam,
1182 2860 1236 2906 et
1263 2850 1497 2917 denique
1539 2850 1899 2905 Antiochiam.
1947 2852 2122 2921 Atque

545 2944 644 2998 bac
664 2942 882 3013 quidem
911 2942 965 2996 in
994 2947 1125 2997 urbe
1169 2942 1300 2996 nihil
1329 2949 1414 2996 est
1440 2940 1684 3011 dubium,
1713 2943 1842 3011 quin
1871 2956 1974 2996 una
2002 2941 2117 2996 fuc-

537 3037 666 3103 rint,
685 3047 741 3091 et
769 3037 897 3107 quin
927 3036 1188 3105 reliquum
1218 3035 1289 3090 ab
1309 3050 1369 3090 ea
1396 3050 1492 3105 per
1517 3034 1880 3098 Palmstinam,
1912 3050 2116 3105 perque

535 3127 828 3198 [Egyptum
858 3128 960 3183 iter
983 3143 1085 3187 una
1106 3125 1458 3182 confecerint.
1484 3124 1615 3179 Nam
1637 3135 1693 3181 et
1717 3126 1886 3180 media
1913 3125 2114 3196 hyeme,

534 3229 589 3273 et
621 3234 649 3271 a
684 3218 904 3273 Paulino
932 3233 1085 3288 :cque
1111 3226 1275 3285 atque
1316 3217 1468 3287 ipste,
1501 3216 1744 3272 deductzc
1786 3217 1890 3271 ἱΙΙιιξ
1928 3217 2117 3273 dicun-

533 3323 623 3366 tur
664 3311 1055 3381 Jerosolymam
1090 3328 1103 3363 :
1141 3320 1197 3365 et
1237 3326 1298 3366 se
1344 3309 1618 3374 Bethleem
1660 3310 1945 3366 advenisse
1988 3326 2112 3366 cum

533 3404 716 3463 l‘aula.
734 3420 798 3459 ac
819 3403 1015 3458 deinde
1035 3405 1151 3470 ejus
1174 3411 1362 3472 rogatu
1382 3402 2110 3471 Alexandriamperrexisse.

530 3505 762 3550 testatur
790 3495 849 3550 S.
882 3495 1107 3562 ipsemet
1135 3494 1313 3557 Pater,
1347 3494 1577 3549 alterum
1609 3493 1661 3548 in
1690 3493 2010 3549 Pnel'atione
2034 3494 2101 3550 ad

527 3585 690 3650 Osee,
709 3585 937 3641 alterum
962 3584 1171 3640 laudata
1194 3585 1394 3640 dudum
1425 3585 1661 3655 Epistola
1692 3604 1706 3641 :
1734 3586 1910 3656 inqua
1942 3586 2107 3642 etiam

516 3677 929 3734 accuratissima
980 3677 1067 3733 illa
1118 3677 1481 3747 descriptione
1537 3678 1800 3743 locorum,
1850 3693 1946 3746 per
1988 3695 2107 3747 qua:

527 3771 872 3833 transierant,
905 3779 959 3825 et
995 3785 1176 3825 rerum
1223 3784 1357 3840 quas
1386 3768 1547 3823 Paula
1580 3768 1839 3823 admirata
1871 3778 1974 3834 est,
2007 3786 2097 3841 ge-

523 3875 730 3919 storum
757 3864 992 3934 denique
1024 3864 1077 3918 in
1105 3863 1350 3933 singulis,
1379 3862 1752 3932 dictorumque
1777 3861 1893 3932 ejus
1924 3878 2020 3931 pro
2048 3878 2105 3918 re

512 3967 688 4012 nata:
716 3957 971 4011 comitem
1002 3970 1060 4010 se
1094 3955 1245 4009 lateri
1268 3955 1406 4023 ejus,
1437 3953 1588 4008 nullo
1614 3948 1721 4007 iton
1753 3953 1874 4007 loco
1902 3954 2099 4025 prodit.

521 4048 676 4114 Quod
721 4048 880 4117 igitur
932 4047 1005 4100 ibi
1057 4046 1157 4099 sub
1186 4046 1365 4100 Paulae
1421 4046 1638 4099 nomine
1690 4044 1792 4097 iter
1846 4043 2104 4098 describit

521 4139 805 4194 Antiochia
853 4137 920 4192 ad
966 4138 1284 4199 Palirstiuas,
1313 4147 1475 4205 atque
1517 4135 1730 4206 AEgypti
1776 4136 2022 4190 civitates
2049 4150 2103 4191 et

523 4229 868 4286 monasteria.
899 4242 1056 4281 suum
1108 4241 1322 4296 quoque
1368 4227 1469 4280 iter
1519 4236 1621 4288 est,
1655 4236 1708 4280 et
1734 4226 2102 4303 ‘nos‘perinde

523 4327 685 4388 atque
711 4318 779 4371 de
807 4317 990 4386 seipse
1017 4324 1284 4377 narraret,
1315 4316 1418 4369 huc
1445 4314 1761 4370 referemus.

592 4412 843 4471 Nominat
875 4425 1003 4466 vero
1029 4427 1088 4464 ea
1113 4419 1310 4465 tantum
1338 4410 1469 4472 loca,
1497 4425 1614 4481 qut:
1658 4409 1837 4464 Sacris
1874 4410 2101 4467 Volumi-

518 4504 666 4558 nihus
689 4505 1028 4561 continentur.
1057 4503 1227 4558 Duclo
1268 4501 1416 4557 initio
1449 4517 1478 4555 a
1509 4500 1748 4571 Sarepttc
1776 4503 1974 4570 littore,
2004 4521 2102 4573 per

517 4612 712 4652 arenas
759 4597 888 4668 Tyri
940 4599 1089 4652 venit
1139 4600 1315 4659 Acco,
1347 4607 1399 4650 et
1439 4610 1536 4665 per
1564 4609 1786 4664 campos
1837 4596 2099 4665 Mageddo

517 4691 584 4745 ad
618 4701 813 4745 terram
843 4688 1126 4744 Pliilistiim
1153 4708 1167 4744 :
1201 4688 1420 4742 intravit
1448 4687 1641 4742 deinde
1661 4686 1787 4752 Dor,
1816 4688 1928 4743 sive
1949 4687 2098 4744 Stra-

515 4781 660 4836 tonis
690 4782 901 4845 turrim,
928 4789 983 4835 et
1005 4779 1358 4848 Antipatrida,
1379 4788 1434 4834 et
1456 4778 1719 4850 Lyddam,
1742 4779 2094 4834 Arimathiam

504 4886 732 4943 .quoque
760 4881 814 4926 rt
837 4871 1009 4937 Nube,
1027 4871 1094 4925 ad
1124 4871 1351 4940 .loppem
1383 4886 1574 4940 usque,
1602 4870 1854 4938 fugientis
1879 4881 2095 4941 portum

501 4965 695 5020 -.Ionm.
727 4965 865 5020 Hinc
889 4964 1082 5017 itinere
1111 4961 1409 5032 Nicopolim
1436 4976 1643 5025 versus,
1676 4963 1790 5016 sive
1819 4962 2092 5026 Emmans,

515 5054 783 5121 repetito,
813 5052 1055 5107 ascendit
1079 5052 1376 5115 Betboron,
1408 5051 1473 5104 ad
1519 5050 1798 5104 dexteram
1828 5052 2097 5121 aspiciens

513 5147 727 5216 Ajalon,
754 5154 810 5201 et
833 5144 1074 5210 Gabaon,
1107 5145 1266 5213 inque
1292 5142 1404 5212 ipsa
1439 5142 1618 5203 Gabaa
1646 5142 1799 5207 urbe,
1830 5142 1894 5196 ad
1923 5144 2094 5197 solum

512 5253 684 5306 usque
704 5237 904 5303 diruta,
930 5235 1199 5305 paululum
1219 5234 1474 5288 suhs'itit.
1507 5232 1729 5286 Intravit
1755 5232 1986 5301 denique
2003 5232 2096 5289 Je-

514 5328 840 5399 rosulymam
862 5342 877 5390 ;
903 5341 1118 5394 cumque
1151 5323 1435 5378 Proconsnl
1485 5321 1802 5390 Palaestinis,
1829 5324 1915 5392 qui
1943 5325 2095 5393 fami-

511 5421 638 5477 liam
681 5419 862 5474 Paula:
887 5419 1077 5486 optime
1113 5425 1340 5482 noverat,
1373 5416 1650 5486 prwmissis
1675 5415 2089 5487 Apparitoribus,

501 5514 739 5586 jussisset
759 5512 933 5584 parari
956 5508 1448 5578 PrtetOrium,elegit
1476 5508 1584 5573 illa,
1609 5516 1769 5578 atque
1791 5508 1906 5579 ipse
1928 5508 2090 5573 adeo,

494 5607 600 5675 .qui
629 5605 781 5661 lateri
809 5604 926 5674 ejus
952 5600 1260 5658 adhaerebat
1276 5600 1653 5671 Hieronymus,
1675 5598 1915 5652 humilem
1939 5599 2095 5652 cellu-

511 5696 614 5751 lam
637 5713 655 5760 ;
704 5706 752 5750 et
774 5705 954 5751 cuneta
977 5694 1090 5749 loca
1112 5701 1251 5746 tanto
1277 5690 1461 5745 ardore
1483 5706 1545 5744 ac
1572 5690 1742 5744 studio
1786 5689 2088 5755 circumivit,

510 5796 567 5842 at
605 5789 705 5844 nisi
734 5788 802 5843 ad
845 5786 1039 5861 reliqua
1082 5786 1364 5859 festinaret,
1405 5800 1438 5837 α
1461 5786 1641 5858 primis
1672 5799 1773 5838 non
1804 5791 1970 5838 nosset
1994 5782 2086 5837 ab-

2268 465 2410 520 duci.
2459 466 2697 539 Longum
2727 468 2888 525 nimis
2911 481 3054 529 esset
3081 488 3143 528 ea
3194 475 3448 546 persequi
3492 491 3613 546 qutc
3658 493 3841 548 prope-

2266 558 2482 614 modum
2529 561 2806 617 innumera
2846 578 2875 617 a
2916 565 3137 635 singulis
3180 568 3481 638 quibusque
3510 570 3647 626 locis
3674 581 3844 640 captat

2264 650 2542 720 mysteria.
2574 651 2648 706 Ita
2679 668 2873 723 nempe
2900 654 2988 711 ille
3016 655 3193 711 omnia
3244 658 3591 727 perlustravit
3618 660 3839 731 diligen-

2264 750 2367 806 ter,
2399 753 2457 797 ttt
2487 744 2713 798 comites
2740 747 2899 799 etiam
2943 748 3043 801 sibi
3081 749 3387 817 adjunxerit
3416 751 3841 820 sapientissimos

2261 850 2326 889 ex
2357 834 2582 900 Indicis,
2625 837 2689 890 ad
2740 838 2861 892 loca“
2886 840 3241 906 potissimum,
3287 858 3406 910 quae
3451 844 3503 897 in
3552 844 3840 914 Scripturis

2260 937 2652 991 memorantur,
2683 944 2974 1001 eorumque
3000 922 3237 997 numina,
3266 933 3462 1002 quibus
3506 933 3622 1002 ipsa
3661 936 3738 990 rei
3768 937 3837 990 si-

2259 1015 2530 1084 gnificatio
2545 1021 2870 1086 continetur,
2893 1021 3119 1089 penitius
3140 1023 3554 1078 internoscenda
3575 1043 3590 1079 :
3611 1026 3838 1081 maxime

2258 1106 2379 1174 quia
2409 1106 2477 1163 de
2516 1118 2698 1163 vetere
2746 1110 2833 1164 illa
2858 1111 3316 1180 denominationc,
3340 1116 3675 1183 smpe‘etiam
3703 1125 3839 1172 statu

2260 1196 2469 1251 fuerant
2519 1199 2831 1271 pleramque
2879 1212 3117 1271 partem,
3158 1215 3441 1275 postquam
3475 1205 3836 1263 Romanorum

2259 1285 2489 1357 Imperio
2540 1291 2778 1359 subjecta
2828 1304 2987 1360 sunt,
3015 1295 3135 1350 aliis
3182 1298 3493 1353 nominibus
3540 1299 3839 1363 donata,et

2257 1380 2478 1448 pristina
2505 1381 2617 1439 fere
2640 1382 2817 1439 deleta
2844 1387 3088 1456 vestigia.
3117 1388 3289 1442 Adoat
3320 1390 3487 1459 ipsam
3517 1390 3835 1460 Epistolam,

2250 1471 2341 1541 qui
2367 1471 2481 1529 hmc
2507 1477 2775 1531 recenseri
2798 1477 2899 1531 sibi
2922 1479 3101 1534 omnia
3123 1479 3414 1537 desiderat.
3435 1481 3541 1537 Sed
3569 1499 3677 1538 non
3710 1485 3836 1540 illud

2253 1564 2753 1628 pr:rtermittamus,
2791 1567 2958 1622 videri
3003 1583 3125 1622 eum
3155 1570 3364 1625 scilicet
3407 1570 3508 1626 hac
3548 1575 3836 1630 occasione

2249 1665 2437 1707 omnes
2469 1653 2675 1711 Veteris
2703 1656 3029 1714 Testameuti
3075 1660 3242 1715 libros
3278 1676 3343 1716 ex
3373 1662 3623 1733 Origenis
3649 1666 3819 1720 Ilesa-

2250 1744 2352 1812 plis
2402 1745 2779 1819 descripsisse,
2841 1766 3068 1820 quorum
3119 1753 3335 1824 antiqua
3390 1759 3725 1826 exemplaria
3778 1760 3827 1814 in

2246 1834 2566 1893 Cmsariensi
2608 1840 2936 1898 Bibliotheca
2980 1854 3274 1911 repererat.
3310 1846 3511 1902 Horum
3549 1864 3658 1918 ope
3685 1850 3829 1905 illam

2244 1925 2439 1983 deinde
2460 1927 2905 1987 Emendationem
2929 1948 2993 1989 ex
3016 1933 3207 1991 Grmco
3230 1935 3536 2003 adornavit,
3560 1955 3683 2010 quae
3708 1950 3834 1995 tant-

2245 2018 2345 2072 etsi
2401 2017 2605 2088 jamdiu
2654 2022 2820 2087 olim,
2871 2024 3093 2095 ipsoque
3142 2025 3425 2083 advivenle
3475 2028 3829 2103 Hieronymo,

2243 2111 2474 2165 maxima
2518 2127 2584 2167 ex
2627 2123 2779 2184 parte
2811 2116 3158 2183 interciderit,
3188 2118 3238 2173 in
3265 2134 3455 2190 magna
3488 2130 3675 2177 tamen
3702 2139 3832 2179 con-

2242 2202 2391 2257 tinuo
2424 2203 2521 2259 fuit
2570 2206 2933 2263 Ecclesiarum
2963 2211 3345 2280 mstimatioue,
3375 2228 3480 2282 qua
3529 2226 3687 2285 parte
3735 2233 3825 2272 su-

2240 2295 2466 2362 peravit,
2495 2307 2551 2353 et
2603 2300 2762 2354 nullis
2812 2314 2920 2354 non
2954 2302 3136 2370 probas
3189 2306 3524 2361 recensionis
3574 2307 3828 2366 laudibus

2236 2388 2546 2445 abundavit.
2577 2392 2792 2447 Redibit
2829 2393 2897 2448 de
2918 2394 3107 2450 eadem
3138 2394 3364 2451 inferius
3391 2413 3604 2456 sermo.

2310 2481 2399 2536 IV.
2456 2482 2706 2539 Lustrata
2760 2501 3015 2559 perquam
3064 2487 3350 2559 diligenter
3400 2490 3711 2559 Palarstina,
3769 2496 3822 2551 in

2234 2573 2525 2646 Egyptum
2569 2577 2951 2650 Hieronymus,
2984 2580 3172 2635 eadem
3200 2581 3344 2636 socia
3394 2583 3609 2641 itineris
3658 2587 3823 2645 Paula

2232 2666 2529 2731 contendit,
2550 2678 2611 2723 ut
2630 2668 2817 2723 Nitriae
2839 2670 3189 2738 Monasteria,
3206 2689 3433 2743 quorum
3461 2676 3601 2730 fama
3636 2680 3823 2750 ingens

2233 2759 2610 2827 percrelmerat
2631 2803 2646 2825 ,
2679 2771 2735 2819 et
2762 2762 2827 2817 ad
2856 2779 2976 2834 quae
3021 2766 3169 2819 omni
3201 2765 3381 2820 studio
3426 2756 3632 2837 pariter
3678 2771 3823 2827 fere-

2231 2848 2443 2914 bantur,
2474 2851 2749 2908 inviseret.
2779 2852 3029 2909 Occurrit
3059 2855 3161 2909 illis
3189 2854 3421 2912 Sanctus
3447 2869 3505 2915 et
3530 2864 3822 2918 venerabi-

2226 2940 2292 2995 lis
2313 2940 2702 3012 Hermopoleos
2726 2944 3024 3014 Episcopus
3066 2945 3325 3013 Isidorus,
3359 2956 3470 3003 tum
3502 2949 3820 3007 innumera-

2227 3033 2365 3088 biles
2413 3034 2794 3091 Monacborum
2851 3037 3043 3103 turbzc,
3091 3054 3317 3110 quorum
3370 3050 3597 3110 aspectu
3652 3044 3809 3101 valde

2222 3128 2439 3197 quidem
2462 3131 2532 3184 ad
2566 3130 2785 3201 gloriam
2822 3132 3031 3188 Domini
3057 3133 3217 3187 ltetati
3240 3143 3359 3187 sunt
3385 3150 3406 3188 :
3436 3134 3689 3202 indignos
3714 3154 3815 3190 au-

2224 3229 2330 3273 tem
2374 3235 2434 3275 se
2459 3229 2608 3276 tanto
2635 3223 2843 3278 honore
2874 3223 3199 3278 fatebantur.
3231 3224 3492 3279 Viderunt
3525 3224 3811 3290 Macarios,

2220 3311 2481 3377 Arsenios,
2509 3313 2592 3367 vel
2623 3313 2880 3379 Arsisios,
2911 3314 3244 3384 Serapionas,
3272 3324 3321 3368 et
3364 3316 3564 3385 reliqua
3609 3318 3812 3372 colum-

2190 3418 2403 3455 marum
2447 3401 2637 3457 Christi
2664 3405 2893 3471 nomina,
2920 3421 3134 3476 quorum
3179 3414 3226 3459 et
3270 3404 3486 3460 cellulas
3527 3406 3808 3465 intravere.

2218 3508 2309 3562 per
2333 3494 2564 3564 singulos
2590 3493 2848 3550 Christum
2876 3513 2930 3551 se
2951 3497 3118 3550 ridere
3137 3497 3415 3553 credentes.
3448 3498 3652 3554 Verum
3683 3501 3812 3556 Ilie-

2218 3600 2445 3655 ronymo
2494 3586 2546 3641 itt
2597 3586 2895 3657 Egyplum
2940 3588 3313 3659 proficiscendi
3371 3605 3475 3645 non
3524 3591 3615 3645 illa
3649 3593 3811 3648 unice

2214 3689 2405 3729 caussa
2438 3676 2557 3739 luit,
2590 3686 2645 3729 ut
2679 3677 2867 3732 Nitriae
2913 3679 3237 3733 monasteria
3286 3680 3679 3749 perlustrarct;
3709 3683 3808 3738 sed

2214 3782 2275 3820 ca
2305 3783 2463 3835 qttam
2497 3768 2548 3822 iu
2596 3769 2918 3825 Prmfatione
2943 3770 3462 3827 Commentariorum
3495 3775 3547 3827 in
3583 3774 3808 3845 Episto-

2212 3858 2316 3912 lam
2344 3857 2410 3912 ad
2444 3858 2709 3928 Ephesios
2732 3862 2913 3928 tradit,
2945 3861 3021 3916 0b
3048 3863 3200 3927 hanc,
3230 3864 3501 3933 inquiens,
3530 3867 3610 3920 vel
3638 3867 3810 3922 maxi-

2211 3967 2291 4004 me
2313 3967 2544 4005 caussam
2559 3952 2926 4008 Alexandriam
2953 3957 3177 4025 perrexi,
3200 3967 3252 4008 ut
3283 3956 3505 4011 viderem
3525 3957 3808 4029 Didynmm

2210 4052 2256 4097 ct
2282 4042 2344 4096 ab
2374 4060 2433 4097 eo
2457 4045 2509 4096 in
2537 4043 2822 4114 Scriptnris
2847 4047 3079 4107 omnibus
3104 4063 3217 4119 quae
3255 4047 3499 4102 habebam
3528 4050 3687 4105 dubia
3711 4052 3807 4105 sei-

2208 4134 2434 4187 scitarer.
2455 4134 2617 4201 Alibi,
2634 4139 2747 4190 sive
2768 4135 3087 4192 Prmfatione
3110 4138 3160 4191 in
3184 4137 3376 4192 OSeam
3401 4148 3595 4207 rogatu
3622 4140 3808 4195 Paula:

2210 4226 2334 4280 illud
2360 4241 2418 4281 se
2439 4227 2514 4279 ait
2541 4226 2644 4282 iter
2670 4229 2992 4297 suscepisse.
3018 4229 3148 4283 Ante
3167 4246 3351 4290 annos.
3378 4228 3574 4299 inquit,
3598 4231 3808 4289 circiter

2207 4317 2537 4388 vigintiduos,
2567 4334 2723 4387 quam
2748 4328 2929 4390 rogatu
2957 4328 3150 4374 sanctae
3183 4330 3232 4374 et
3272 4320 3575 4375 renerabilis
3599 4339 3803 4388 socrus,

2206 4410 2308 4462 imo
2328 4410 2505 4464 matris
2533 4418 2636 4465 tua:
2663 4410 2911 4466 Paulae...
2940 4428 3097 4467 essem
3129 4411 3477 4478 Alexandriae,
3501 4413 3609 4467 vidi
3642 4413 3808 4485 Didy-

2206 4516 2361 4561 mnm,
2392 4509 2438 4552 et
2481 4515 2597 4554 eum
2653 4501 2939 4572 frequenter
2986 4503 3174 4566 audivi,
3205 4505 3372 4556 virum
3423 4504 3505 4557 sui
3555 4507 3809 4575 temporis

2205 4591 2624 4658 eruditissimum,
2654 4593 2925 4664 rogavique
2970 4610 3105 4659 eum,
3140 4603 3192 4647 nt
3232 4580 3371 4662 quod
3402 4591 3652 4664 Origenes
3694 4612 3805 4650 non

2205 4683 2414 4749 fecerat,
2441 4682 2549 4750 ipse
2573 4684 2869 4749 compleret,
2900 4691 2947 4735 et
2968 4682 3203 4736 scriberet
3234 4684 3285 4736 in
3316 4681 3443 4737 Osee
3469 4683 3803 4739 Commenta-

2204 4772 2307 4825 rios
2334 4787 2354 4825 :
2379 4773 2466 4840 qui
2493 4782 2592 4826 tres
2633 4772 2810 4837 libros,
2839 4788 2917 4827 me
2942 4782 3157 4844 petente,
3199 4774 3429 4829 dictavit.
3479 4774 3591 4828 Hos
3624 4775 3802 4831 libros

2204 4871 2259 4916 et
2286 4863 2386 4917 sibi
2432 4862 2593 4918 abeo
2636 4864 2944 4934 inscriptos,
2982 4874 3207 4919 testatur
3234 4866 3349 4934 ipse
3376 4865 3444 4919 de
3485 4867 3617 4919 viris
3672 4866 3808 4921 Illu-

2206 4955 2377 5010 tribus
2404 4971 2526 5024 cap.
2557 4956 2694 5011 CIX.
2744 4967 2798 5011 et
2841 4957 3099 5028 Apologia
3146 4957 3335 5011 ultima
3383 4969 3571 5012 contra
3624 4958 3807 5013 [infli-

2207 5062 2353 5101 num.
2404 5047 2505 5116 Qui
2558 5048 2695 5103 alios
2746 5058 3004 5117 prmterea
3057 5049 3295 5118 quinque
3348 5049 3400 5102 in
3445 5048 3804 5117 Zachariam,

2202 5147 2257 5193 et
2312 5148 2421 5193 tres
2478 5138 2527 5192 in
2584 5139 2855 5195 Micinnam
2898 5138 3076 5192 eidem
3120 5138 3400 5193 dedicatos
3454 5140 3799 5205 existimant,

2205 5230 2332 5284 falsa
2351 5232 2600 5299 lectione,
2630 5241 2687 5286 ut
2712 5232 2826 5287 suis
2859 5231 2993 5285 locis
3021 5241 3262 5285 notatum
3291 5240 3395 5287 est.
3424 5230 3803 5301 decipiuntur.

2203 5321 2309 5374 Sed
2342 5322 2408 5375 ad
2455 5323 2784 5390 propositum
2814 5330 2872 5374 IlI.
2912 5330 3271 5376 revertamur.
3298 5321 3544 5391 Epistola
3576 5337 3804 5390 queque

2201 5411 2489 5468 LXXXIV.
2521 5412 2585 5467 ad
2617 5413 3039 5477 Pammachium,
3078 5410 3314 5479 Perrexi,
3343 5413 3539 5483 inquit,
3573 5412 3806 5467 Alexan-

2203 5503 2389 5568 driam,
2434 5502 2538 5555 vili
2586 5501 2881 5571 Didgmnm',
2934 5512 2979 5555 et
3014 5502 3066 5554 in
3111 5500 3289 5555 multis
3332 5501 3379 5555 ei
3423 5502 3620 5572 gratias
3650 5519 3750 5574 ago
3782 5517 3803 5558 :

2198 5576 2337 5665 δηθά
2384 5593 2588 5653 nescivi.
2632 5593 2835 5648 didici:
2863 5592 3001 5664 quod
3026 5590 3267 5653 sciebam,
3293 5591 3387 5646 illo
3428 5592 3663 5660 docente,
3692 5610 3805 5648 non

2203 5687 2420 5758 perdidi.
2451 5685 2710 5741 Nimirum
2750 5686 2852 5741 sibi
2883 5685 3099 5739 minime
3128 5685 3444 5755 persuaderi
3477 5703 3674 5758 passus
3710 5698 3811 5744 est

2205 5802 2215 5834 t
2312 5778 2431 5849 ejus
2454 5780 2724 5850 dogmata,
2743 5795 2863 5851 qua:
2888 5793 3103 5834 errores
3125 5778 3379 5849 Origenis
3404 5780 3803 5838 ccnlirmatum
