4004 6328
175 388 223 445 6t
1404 381 1462 439 s.
1505 376 1884 437 tttsnomut
1923 375 2103 433 VITA.
3338 388 3410 444 σε

175 505 315 567 ibant,
357 514 489 570 quos
531 499 644 569 jam
701 501 926 555 solerter
970 497 1426 570 deprehenderat.
1479 496 1722 552 Subinde

173 593 309 648 etim
350 591 558 662 Didymi
608 591 817 645 sidentis
855 591 1174 661 discipulum
1217 606 1276 645 se
1328 590 1632 660 gloriatur:
1664 597 1722 642 et

174 684 434 754 Epistolam
463 683 822 738 observantia:
871 683 1082 751 plenam
1129 682 1194 737 ad
1238 698 1358 737 eum
1389 682 1620 743 dedisse,
1649 695 1714 733 ex

174 773 364 829 Ilullino
391 775 718 843 colligimus.
755 774 818 828 Et
845 775 966 828 huic
996 783 1172 827 tamen
1197 774 1239 828 si
1262 773 1531 828 credimus
1565 770 1721 840 (nihil

170 879 320 920 autem
352 877 454 931 est,
483 867 628 934 quod
673 866 774 921 hoc
820 868 1000 940 vetet)
1054 867 1174 920 Non
1209 876 1340 920 totos
1368 867 1572 938 triginta
1614 866 1723 918 dies

168 959 483 1024 Alexandriae,
505 961 595 1012 ubi
616 969 722 1013 erat
740 959 1019 1030 Didymus,
1039 971 1377 1013 commoratus
1401 970 1469 1012 est
1499 958 1717 1028 (lnvect.

167 1054 236 1106 lib.
268 1051 359 1120 II).
391 1051 578 1122 Neque
608 1053 709 1107 Itac
738 1071 801 1107 ex
835 1063 983 1122 parte
1014 1054 1071 1107 S.
1103 1055 1217 1122 ipse
1248 1052 1402 1106 Pater
1440 1059 1716 1119 repugnat,

166 1149 272 1216 quin
295 1149 464 1216 potius
492 1149 674 1203 verbis
694 1149 799 1201 illis
814 1149 1082 1203 consentit
1102 1164 1116 1200 :
1139 1147 1380 1200 Protinus
1398 1148 1588 1198 concito
1604 1159 1722 1214 gra-

165 1242 220 1291 du
245 1239 485 1293 Bethleem
502 1258 666 1294 nteant
693 1257 918 1296 reversus
933 1257 1045 1295 sunt
1075 1238 1213 1313 (Lib.
1244 1239 1304 1293 Il.
1334 1235 1718 1302 contr.Ru/f.):

165 1331 331 1397 quibus
356 1333 519 1385 etiam
547 1333 747 1386 indicat
769 1349 828 1387 se
848 1343 1137 1402 antequam
1164 1333 1229 1385 ad
1262 1331 1540 1401 Didymnnt
1571 1343 1725 1383 acce-

163 1421 305 1486 deret,
329 1439 432 1476 non
462 1435 751 1494 postquam
784 1424 852 1478 ab
873 1440 941 1479 eo
967 1424 1236 1488 discessit,
1261 1432 1316 1476 ut
1343 1422 1432 1475 alii
1457 1421 1717 1484 sentiunt,

145 1512 318 1567 .Nitria:
342 1513 674 1571 Monasteria
708 1517 988 1571 lustrasse.
1020 1515 1086 1571 Ut
1125 1523 1182 1570 ut
1205 1522 1281 1568 se
1313 1529 1402 1568 res
1452 1512 1720 1577 habue:it,

164 1607 271 1660 nulli
299 1623 357 1661 se
401 1623 644 1677 unquam
692 1609 862 1674 illum,
894 1609 946 1662 in
1001 1605 1347 1678 peragrandis
1385 1604 1716 1673 regionibus,

162 1697 302 1752 labori
330 1699 662 1755 subduxisse
688 1711 932 1770 apparet,
963 1700 1044 1753 vel
1093 1707 1150 1752 ttt
1187 1713 1252 1752 ex
1286 1696 1524 1766 pluribus
1571 1693 1714 1746 arri-

159 1798 283 1858 peret
305 1791 555 1859 exempla
604 1792 841 1861 pictatis,
873 1792 956 1845 vel
1000 1798 1058 1843 ut
1099 1789 1325 1844 eximios
1373 1801 1552 1839 rerum
1578 1781 1714 1837 divi-

159 1895 321 1934 narum
358 1882 590 1936 scientia
633 1883 915 1952 magistros
941 1881 1168 1934 audiret.
1226 1876 1450 1946 Insignis
1495 1876 1546 1928 in
1590 1889 1710 1928 eam

158 1986 253 2025 rem
279 1971 426 2026 locus
462 1974 586 2042 ejus
612 1983 697 2028 est
733 1975 784 2026 in
823 1972 1146 2027 Prwlatiorie
1175 1970 1240 2024 ad
1271 1969 1483 2023 Librum
1521 1965 1722 2020 Parali-

159 2076 396 2131 pomenon
421 2063 582 2134 juxta
611 2065 978 2134 Septuaginta.
1003 2079 1160 2134 quem
1183 2072 1236 2117 et
1261 2077 1418 2130 supra
1448 2057 1719 2118 innuimus

156 2171 210 2209 ex
233 2167 392 2225 parte.
429 2157 726 2224 Quomodo.
758 2157 950 2225 inquit.
970 2155 1261 2210 Graecorum
1286 2154 1524 2207 historias
1553 2150 1717 2220 ntagis

160 2245 450 2315 intelligunt,
487 2249 577 2316 qui
629 2248 854 2300 Athenas
901 2247 1136 2308 viderint,
1188 2255 1234 2298 et
1287 2243 1487 2297 tertium
1527 2241 1729 2311 Virgilii

159 2337 333 2402 librum,
368 2341 516 2408 quia
551 2338 755 2392 Troade
789 2355 876 2408 per
898 2337 1150 2390 Leucaten
1198 2345 1244 2389 et
1273 2333 1639 2387 Acroceraunia
1663 2330 1731 2382 ad

157 2429 385 2496 Siciliam,
421 2442 471 2485 ct
501 2432 626 2484 inde
665 2432 734 2484 ad
762 2433 893 2484 ostia
924 2429 1118 2482 Tiberis
1145 2427 1431 2497 nauigarint
1455 2444 1468 2478 :
1496 2425 1567 2477 ita
1598 2423 1732 2478 San-

155 2533 259 2576 t’lttttt
299 2523 649 2593 Scripturant
675 2521 895 2575 lucidius
920 2521 1218 2585 intuebitur,
1239 2518 1325 2587 qui
1349 2515 1584 2571 Iudaeam
1613 2531 1733 2568 ocu-

158 2622 202 2672 lis
230 2618 623 2687 contemplatus
669 2626 765 2681 est,
790 2627 835 2668 et
865 2615 1191 2682 antiquarunt
1221 2611 1418 2664 urbium
1462 2607 1729 2660 memorias

157 2714 465 2780 locorumque
491 2709 577 2762 vel
601 2708 778 2761 eadem
812 2704 1078 2767 vocabula,
1109 2702 1188 2755 vel
1207 2709 1396 2754 ntutata
1422 2699 1724 2768 cognoverit.

159 2806 279 2859 Unde
304 2815 351 2859 et
383 2803 543 2857 nobis
570 2816 710 2854 cura:
729 2799 846 2869 fuit,
872 2810 985 2851 cum
1015 2795 1365 2849 eruditissimis
1397 2791 1725 2845 Ilrbrtvorunt

155 2900 261 2949 luntc
283 2896 520 2950 laborem
549 2893 739 2957 subire,
757 2901 812 2943 ut
833 2890 1209 2942 circumirentus
1230 2887 1558 2958 provinciam,
1574 2901 1726 2955 quant

152 2992 376 3042 universae
406 2986 606 3041 Christi
640 2983 885 3036 Ecclesiae
909 2991 1108 3035 sonant.

215 3082 272 3135 γ.
300 3082 380 3136 Ab
408 3080 521 3134 hoc
550 3079 733 3147 itaque
756 3077 948 3129 itinere
979 3088 1223 3127 reversus
1253 3072 1428 3125 statim
1455 3079 1539 3125 est
1569 3069 1728 3123 Beth-

156 3176 268 3229 leem
289 3190 470 3240 suam,
496 3173 586 3226 ttbi
612 3171 842 3240 primum
865 3168 1094 3220 adoravit
1116 3181 1336 3235 praesepe
1353 3174 1399 3217 et
1419 3164 1726 3216 incunabula

158 3269 418 3322 Saluatoris
445 3308 464 3332 ,
509 3276 622 3319 tum
651 3262 753 3317 loci
779 3271 967 3330 captus
993 3248 1248 3328 religione
1270 3299 1284 3322 ,
1313 3272 1431 3311 cum
1455 3254 1727 3310 sanctissi-

158 3361 260 3423 mis,
285 3360 370 3428 qui
398 3359 665 3420 aderant,
697 3355 972 3408 Monachis
993 3395 1007 3416 ,
1037 3352 1215 3405 sedem
1243 3350 1312 3404 ibi
1341 3350 1502 3419 ﬁgere
1527 3348 1728 3402 delibe-

159 3453 296 3505 ravit.
320 3451 463 3505 Olim
495 3448 733 3517 Ephrata
759 3453 977 3499 νυοτιιιιε
1005 3453 1086 3497 est
1125 3444 1271 3496 locus
1302 3443 1400 3495 iste
1425 3483 1438 3505 ,
1471 3439 1727 3510 quemad-

161 3545 353 3615 modum
403 3552 463 3597 et
504 3543 557 3595 in
603 3539 1002 3615 Quaestiouibus
1042 3536 1314 3590 Ilebtaicis
1343 3535 1454 3601 ipse
1481 3541 1724 3595 testatur,

161 3649 206 3691 et
241 3614 287 3692 in
329 3638 498 3692 Libro
535 3636 797 3690 Locorum
845 3648 914 3687 ex
959 3614 1184 3685 Eusebio
1223 3647 1235 3682 :
1274 3629 1503 3698 Epitrata
1529 3668 1542 3689 ,
1589 3626 1729 3694 regio

161 3729 393 3782 Bethleem
421 3727 646 3781 civitatis
677 3723 858 3779 David.
891 3723 941 3774 in
970 3738 1066 3789 qua
1094 3730 1241 3773 natus
1269 3728 1343 3770 est
1377 3716 1725 3771 Cltristus.....

159 3816 288 3882 juxta
320 3821 458 3874 viam
497 3815 582 3869 ubi
617 3815 814 3886 sepulta
847 3823 917 3866 est
955 3811 1169 3874 Rachel,
1197 3809 1370 3878 quinto
1399 3805 1639 3858 milliaria
1669 3801 1730 3854 ab

164 3910 428 3964 Jerusalem
465 3907 632 3980 (Dial.
657 3905 729 3977 Ι).
766 3905 880 3960 υιιι)
904 3905 1022 3974 plus
1049 3901 1196 3963 dicit,
1225 3899 1338 3952 sive
1362 3913 1451 3951 sex
1479 3911 1730 3966 passuum

168 4003 375 4056 millibus
419 3999 659 4053 abfuisse
689 3997 754 4049 ab
783 3994 1115 4064 JeroSnIyma
1140 4032 1154 4056 ,
1193 3992 1422 4044 Severus
1451 3985 1729 4055 Sulpitius,

167 4093 240 4160 qui
267 4108 411 4148 oram
438 4093 583 4146 illam
611 4087 899 4158 aliquando
930 4085 1176 4138 invisisse
1199 4080 1414 4142 dicitur,
1441 4090 1638 4146 sexque
1661 4075 1730 4128 ibi

169 4184 352 4252 degisse
391 4183 536 4253 apud
584 4181 965 4249 Hieronymum
1012 4188 1243 4229 mt‘IISCS.
1286 4171 1516 4225 Otnniuo
1557 4179 1756 4222 autem~

173 4277 317 4341 posita
347 4284 468 4330 erat
504 4272 782 4328 Bethleem
821 4270 873 4322 in
920 4266 1210 4320 meridiana
1241 4265 1388 4332 plaga
1416 4261 1564 4331 juxta
1593 4261 1731 4313 viam

171 4382 270 4433 qua:
309 4367 457 4421 ducit
499 4363 775 4424 Chebron,
808 4369 862 4414 et
902 4359 1056 4413 tribui
1104 4356 1260 4421 Juda,
1303 4371 1408 4407 non
1458 4351 1731 4420 Iicnjamin

172 4458 493 4512 adnumerata
514 4497 528 4520 ,
561 4453 812 4507 sexdecim
841 4450 903 4504 ab
941 4448 1251 4502 Alexandria
1287 4445 1626 4498 mansionibus
1653 4443 1735 4496 di-

174 4561 333 4614 stans,
383 4550 447 4603 ab
500 4547 672 4616 JOppe
727 4543 1065 4614 quadraginta
1112 4556 1202 4593 sea:
1249 4537 1471 4590 millibus
1522 4520 1731 4605 (Epist.

175 4637 448 4711 CXXIX).
497 4638 681 4708 Neque
711 4624 838 4688 Vero
863 4634 915 4686 in
945 4630 1174 4686 civitatis
1219 4635 1342 4682 tunc
1384 4641 1548 4680 censu
1595 4633 1732 4689 erat,

175 4733 252 4786 sed
277 4732 522 4803 ignobilis
553 4727 771 4790 vitulus,
793 4725 875 4779 cui
901 4720 1193 4777 succedebat
1213 4720 1494 4772 vastissima
1515 4715 1736 4770 solitudo

177 4827 306 4894 plena
335 4827 578 4898 ferociam
600 4821 946 4876 barbarorum.
978 4815 1172 4870 Verum
1194 4811 1336 4883 quod
1363 4809 1523 4864 fuerit
1551 4808 1738 4860 Salva-

179 4919 291 4972 toris
320 4919 494 4972 nostri
513 4915 642 4970 Jesu
671 4911 867 4968 Christi
890 4919 1010 4962 ortu
1034 4905 1554 4969 nobilit:1tus,eaqtte
1575 4898 1734 4952 ctiam

179 5009 234 5062 de
258 5023 435 5063 caussa
463 5013 611 5061 esset
646 5018 712 5058 eo
751 4997 1181 5055 concurrentium
1214 4993 1468 5062 religione
1493 4989 1735 5060 percele-

180 5099 292 5165 hris,
320 5100 527 5156 caneris
549 5095 837 5168 prarlertur
865 5091 1113 5145 euntibus
1139 5087 1285 5140 orbis
1312 5083 1636 5144 civitatibus,
1659 5090 1740 5132 at-

180 5206 267 5260 que
299 5192 408 5263 ipsa
446 5191 646 5246 dicitur
671 5184 948 5255 angustior
990 5181 1177 5234 Roma.
1211 5177 1388 5247 Super
1419 5175 1591 5245 ipsum
1620 5188 1740 5242 spe-

180 5296 304 5348 cum,
331 5283 468 5338 unde
498 5281 657 5336 Salus
682 5275 865 5332 tnundi
894 5273 1132 5334 emersit,
1167 5270 1404 5324 Ecclesia
1434 5273 1738 5321 constructa

182 5383 299 5439 erat,
322 5385 375 5430 et
401 5389 565 5443 super
593 5373 766 5438 ipsum
797 5379 1068 5436 prmsepe,
1103 5363 1153 5416 in
1183 5377 1290 5431 quo
1319 5363 1504 5429 Agnus
1535 5358 1626 5412 Dei
1655 5371 1741 5411 rc-

181 5464 384 5520 clinatus
408 5475 513 5529 est,
545 5471 785 5518 erectum
818 5458 1004 5511 altare.
1047 5453 1294 5508 Proxime
1339 5451 1408 5504 ab
1451 5450 1543 5503 illo
1577 5462 1740 5517 SpCCll

183 5556 271 5608 sita
308 5568 419 5614 erat
456 5555 648 5612 cellula
688 5551 747 5607 S.
780 5551 972 5612 Patris,
1001 5562 1068 5601 es
1099 5561 1198 5614 qua
1228 5543 1356 5598 illud
1381 5557 1502 5597 cum
1533 5539 1740 5609 ingredi

184 5648 294 5704 olim
317 5652 614 5722 prohibitus
643 5658 748 5711 est,
775 5640 1056 5698 commode
1082 5638 1319 5707 aspicere
1344 5648 1524 5690 tamen
1549 5636 1739 5702 potnLt.

186 5737 356 5798 Procul
380 5755 555 5799 tamen
587 5748 704 5796 erat
733 5753 760 5790 a
787 5735 872 5790 via
904 5731 1132 5802 publica,
1154 5731 1206 5782 in
1229 5729 1568 5790 diverticulo,
1592 5725 1744 5793 cujus

187 5835 351 5891 semita
377 5837 443 5894 ab
479 5831 711 5892 Archelai
738 5829 868 5899 regis
894 5824 1145 5897 quondam
1177 5822 1376 5877 Iudaea:
1401 5819 1534 5891 (Lib.
1568 5817 1738 5888 Loc.),

1835 510 1926 550 seu
1957 493 2140 548 verius
2160 492 2502 558 Etlmarchm,
2529 495 2735 550 tumulo
2757 495 3064 570 incipiebat.
3096 500 3408 561 Construin

1827 586 1920 649 ibi,
1946 586 2180 640 triennio
2207 595 2344 654 post,
2378 586 2538 639 Paula
2565 587 2761 656 duplex
2789 589 3188 660 Monasterittm,
3230 605 3285 651 et
3323 595 3407 652 di-

1825 692 2010 732 versas
2049 678 2386 747 cscrpiendis
2425 679 2719 748 peregrinis
2761 685 3091 738 mansiones.
3136 686 3404 743 Monaste-

1826 770 1963 823 rium
2011 785 2174 823 unum
2224 770 2438 840 virgines
2483 772 2815 837 incolebant,
2859 791 2982 841 quas
3019 776 3103 829 illa
3139 795 3166 832 e
3201 781 3409 836 diversis

1793 903 1801 910 .
1829 861 2098 928 provinciis
2127 872 2455 931 congregarat
2481 871 2581 915 tant
2609 863 2799 918 nobiles
2819 905 2833 928 ,
2876 882 3026 934 quant
3059 870 3229 934 medii,
3253 881 3299 923 et
3327 873 3408 926 itt-

1826 953 1934 1018 ﬁnti
1953 955 2169 1022 generis,
2196 963 2249 1006 et
2274 962 2332 1006 ut
2359 953 2516 1022 vulgo
2544 955 2676 1009 editi
2713 955 2830 1010 libri
2875 956 3194 1026 praeferunt,
3228 961 3279 1014 in
3309 973 3409 1016 tres

1829 1051 2040 1105 turmas,
2086 1046 2486 1112 monasteriaque
2531 1047 2718 1100 diuisit.
2766 1047 2960 1102 Earum
3004 1051 3099 1104 Itoc
3143 1061 3249 1105 erat
3293 1049 3442 1108 vitat-

1827 1149 2004 1203 genus,
2039 1145 2090 1186 nt
2116 1136 2167 1188 in
2195 1152 2347 1204 opere
2374 1146 2419 1189 et
2449 1137 2557 1190 cibo
2582 1149 2847 1207 separatw,
2873 1141 3190 1207 psalmodiis,
3218 1153 3263 1196 et
3290 1160 3409 1197 ora-

1828 1226 2044 1279 tionibus
2078 1229 2430 1298 iungerentur.
2477 1229 2576 1284 Die
2611 1241 2805 1284 tantum
2844 1231 3110 1288 Dontint’co
3135 1237 3202 1289 ad
3229 1235 3408 1292 Eccle-

1828 1318 1952 1370 siam
1980 1319 2334 1388 procedebant,
2358 1337 2420 1374 ex
2441 1321 2588 1390 cujus
2616 1322 2904 1377 habitabant
2934 1323 3088 1380 latere
3112 1343 3130 1390 ,'
3158 1336 3204 1381 et
3233 1345 3408 1380 unum-

1827 1409 2058 1478 quodque
2099 1426 2280 1479 agmen
2327 1423 2535 1464 matrem
2583 1414 2842 1482 propriam
2882 1417 3198 1484 sequebatur.
3260 1417 3407 1473 Unus

1829 1504 2053 1556 omnium
2083 1503 2304 1557 habitus.
2334 1503 2646 1560 Linteamine
2664 1508 2733 1560 ad
2753 1511 3016 1578 tergendas
3038 1511 3200 1564 solum
3227 1529 3406 1569 manus

1828 1595 2117 1648 utebantur.
2164 1595 2208 1647 A
2247 1595 2367 1650 viris
2412 1606 2552 1650 tanta
2595 1601 2868 1668 separatio,
2912 1611 2968 1654 ut
3011 1623 3042 1653 α
3081 1603 3408 1670 Spadonibtts

1827 1701 2022 1755 quoque
2039 1687 2441 1756 sejungerentttr.
2474 1688 2717 1744 Alterum
2747 1690 3126 1746 Monasterium
3155 1696 3275 1748 viris
3303 1706 3408 1749 tra-

1829 1779 2025 1831 diderat
2055 1780 2438 1849 gubernandum
2461 1796 2480 1834 :
2501 1797 2602 1835 nec
2621 1781 2840 1837 dttbium
2867 1796 2970 1849 est,
2993 1786 3118 1855 quin
3143 1789 3410 1859 pra-cipue

1830 1868 2156 1939 Ilieronymo
2193 1885 2374 1923 curam
2413 1870 2530 1940 ejus
2571 1871 2936 1943 dereliquerit.
2973 1875 3171 1931 Eadem
3198 1893 3411 1947 quoque

1831 1961 1948 2031 plus
1993 1961 2170 2014 minus
2220 1977 2407 2016 eorum
2458 1963 2614 2018 fuerit
2660 1963 3090 2032 administratio,
3119 1980 3278 2037 atque
3322 1969 3410 2024 illa

1831 2053 2141 2107 mulierum.
2186 2053 2250 2107 Et
2278 2069 2405 2108 vero
2436 2053 2502 2108 de
2533 2054 2616 2108 his
2643 2055 2884 2124 quazdam
2919 2057 3189 2127 attigimus
3215 2059 3265 2112 in
3292 2074 3410 2115 eant

1835 2159 1947 2198 rem
1977 2183 1992 2205 ,
2036 2154 2094 2196 ut
2137 2145 2342 2212 possint
2371 2145 2472 2197 but:
2499 2145 2657 2198 etiam
2687 2160 2784 2214 pro
2822 2161 2982 2200 sexus
3026 2148 3231 2202 ratione
3256 2159 3414 2218 atque

1837 2237 1960 2288 vita:
1992 2234 2200 2296 referri,
2233 2249 2352 2287 cum
2395 2236 2632 2304 reliquis,
2673 2253 2793 2305 qum
2840 2238 2945 2292 late
2987 2237 3045 2292 S.
3075 2239 3233 2293 Pater
3268 2241 3320 2294 in
3351 2256 3413 2294 ea

1836 2323 2076 2392 Epistola
2103 2323 2284 2377 CVIII.
2315 2323 2382 2377 ad
2416 2325 2761 2379 Eustochium
2787 2327 3144 2397 persequitur,
3166 2337 3219 2382 et
3246 2327 3415 2399 repeti

1835 2416 1902 2471 ab
1930 2430 1997 2470 eo
2030 2415 2146 2468 loco
2177 2415 2354 2469 velim.

1929 2506 2194 2561 Caeterum
2238 2507 2368 2561 nihil
2409 2508 2574 2576 magis
2601 2507 2666 2562 ad
2697 2509 2815 2577 ejus
2840 2509 3142 2564 sniitudinis
3180 2511 3414 2568 indolem

1836 2597 2231 2666 percipiendam
2258 2595 2403 2663 facit,
2428 2614 2585 2667 quam
2612 2613 2728 2668 quae
2753 2600 2820 2654 ab
2847 2600 3037 2655 iisdem
3071 2601 3252 2662 Paula.
3283 2602 3416 2658 ﬁlia-

1832 2705 1934 2757 que
1974 2689 2090 2757 ejus
2135 2688 2426 2744 Eustochio
2451 2690 2516 2744 ad
2545 2691 2847 2746 Marcellam
2877 2693 3038 2746 missa
3062 2704 3144 2748 est
3176 2695 3412 2766 Eptstola

1831 2779 1884 2834 in
1914 2789 2093 2834 nostra
2124 2782 2440 2834 recensione
2471 2780 2653 2837 XLVI.
2687 2784 2768 2836 cui
2797 2785 3201 2839 ςοιιδειίιιειιιιιυ
3223 2804 3415 2843 sensus

1828 2883 1987 2942 atquc
2025 2873 2137 2942 ipsa
2183 2874 2471 2928 identidem
2499 2877 2653 2929 verba
2701 2877 3011 2945 praestitisse
3060 2877 3416 2950 Hieronymus

1830 2964 1995 3018 videri
2029 2965 2214 3034 possit.
2256 2966 2463 3034 Scripta
2496 2977 2640 3020 certe
2666 2977 2750 3021 est
2780 2984 2884 3020 uno
2912 2969 3208 3038 eodemque
3237 2973 3416 3025 animo

1829 3059 2005 3112 statim
2031 3067 2190 3126 atque
2213 3058 2264 3110 in
2290 3057 2561 3112 Bethleem
2587 3061 2785 3128 pariter
2807 3060 3416 3123 constiterunt,sedem-

1829 3165 1931 3218 que
1954 3149 2027 3203 ibi
2055 3157 2362 3218 perpetuam
2389 3149 2549 3219 ﬁgere
2568 3149 2951 3203 tleliheraruut.
2981 3148 3164 3204 Nullas
3187 3167 3290 3204 non
3313 3153 3414 3207 loci

1831 3242 2038 3306 Iaudes,
2072 3251 2126 3297 et
2169 3257 2410 3296 recessus
2454 3244 2882 3312 opportunitates
2908 3283 2923 3306 ,
2969 3242 3033 3295 ad
3079 3245 3416 3301 sanctissime

1834 3333 2228 3402 transigendam
2259 3335 2438 3392 vitam.
2469 3343 2915 3399 commemorant,
2951 3347 3056 3402 quo
3084 3335 3318 3389 animum
3351 3353 3416 3391 eo

1831 3425 2215 3496 ctmtm‘grandi
2264 3425 2524 3479 Marcella:
2565 3425 2902 3479 accendant:
2937 3442 3054 3493 qua:
3097 3427 3177 3491 si,
3234 3428 3416 3483 relicta

1831 3518 2044 3572 demum
2070 3517 2259 3580 Roma,
2288 3517 2559 3570 Bethleem
2589 3532 2646 3569 se
2675 3519 2936 3580 crml'erat,
2967 3515 3188 3570 l'ruitura
3213 3519 3283 3570 sit
3304 3536 3419 3572 om-

1834 3609 1989 3662 nibus
2018 3606 2213 3662 Christi
2248 3607 2590 3659 tnonimenlis
2616 3605 2666 3658 in
2693 3605 2844 3668 locis,
2869 3606 2921 3658 in
2944 3607 3135 3674 quibus
3165 3606 3418 3676 pleraque

1835 3699 2106 3768 religionis
2137 3708 2335 3750 nostr:e
2365 3698 2616 3766 mysteria
2650 3705 2862 3764 peracta
2896 3706 3040 3748 sunt.
3085 3696 3137 3749 Id
3167 3713 3292 3750 vero
3320 3715 3416 3752 ne-

1835 3805 1938 3856 que
1967 3797 2090 3841 ante
2114 3785 2256 3841 hunc
2281 3802 2478 3839 annum
2515 3787 2620 3839 586
2655 3797 2861 3854 gestum
2886 3786 3095 3839 censeri
3130 3787 3237 3839 ullo
3258 3790 3419 3842 modo

1839 3888 2045 3948 potest,
2093 3894 2215 3932 cum
2261 3878 2361 3930 sub
2406 3877 2757 3945 prato-edentis
2803 3879 3043 3945 proxime
3087 3879 3210 3930 anni
3259 3878 3419 3934 linem

1838 3971 1996 4024 Paula
2028 3967 2420 4036 Jerosolytnam
2450 3967 2711 4033 navigarit
2739 3983 2753 4020 :
2787 3980 2960 4033 neque
2992 3967 3234 4034 postponi
3267 3983 3418 4020 com-

1837 4060 2014 4126 mode,
2039 4074 2158 4114 cum
2196 4074 2260 4112 ex
2293 4057 2456 4127 ipsius
2498 4057 2751 4125 Epistola:
2783 4056 2933 4109 initio
2958 4056 3088 4109 satis
3128 4070 3414 4126 appareat,

1837 4155 2087 4223 scriptam
2131 4151 2296 4205 fuisse
2338 4166 2458 4204 cum
2501 4151 2732 4220 primum
2781 4147 3160 4202 mittendorum
3209 4152 3422 4204 occasio

1838 4249 2132 4302 litterarum
2161 4245 2366 4300 incidit.
2392 4242 2500 4297 Nec
2535 4255 2708 4295 latttctt
2736 4242 2998 4307 dilliteor,
3031 4257 3215 4312 parum
3247 4244 3423 4297 credi-

1838 4339 1943 4394 bile
1972 4337 2138 4392 vidcri
2169 4350 2346 4406 posse,
2375 4335 2676 4389 Marcellam
2708 4343 2833 4387 ante
2866 4333 3070 4386 Albinae
3098 4335 3284 4388 matris
3309 4317 3422 4388 obi-

1841 4443 1948 4486 tum
1981 4433 2141 4484 luisse
2170 4431 2237 4482 ah
2265 4430 2327 4481 iis
2355 4429 2420 4482 ad
2471 4427 2761 4482 Bethlecmi
2803 4442 3070 4478 recessum
3110 4437 3384 4478 evocatam
3406 4467 3421 4490 ,

1840 4542 1906 4578 nc
1932 4523 2090 4594 quam
2124 4529 2242 4590 ejus
2273 4521 2504 4575 maxime
2535 4518 2888 4574 contubernio
2918 4527 3078 4586 atque
3107 4532 3208 4584 ope
3239 4519 3306 4570 ob
3338 4533 3424 4571 se-

1841 4630 2107 4672 nectutem
2136 4617 2376 4686 indigere
2405 4615 2676 4674 sciebant,
2707 4611 2907 4664 hortari
2941 4623 2992 4663 ut
3025 4611 3316 4676 desereret,
3349 4611 3424 4664 vi-

1841 4713 2113 4766 derentttr.
2148 4709 2348 4762 Indicio
2374 4710 2532 4761 etiam
2562 4721 2703 4768 esse,
2734 4705 2876 4756 illam
2908 4719 3025 4757 cum
3055 4705 3167 4758 lucc
3192 4704 3315 4758 data
3343 4715 3425 4761 cst

1845 4805 2104 4874 Epistola,
2130 4803 2238 4872 jam
2266 4801 2410 4855 dietn
2437 4815 2588 4853 suum
2617 4797 2847 4852 obiisse.
2877 4813 3052 4868 neque
3079 4799 3222 4851 enim
3253 4813 3282 4850 a
3315 4799 3422 4851 lilia

1843 4901 2064 4951 salutem
2089 4895 2135 4948 ei
2159 4893 2262 4946 dici
2291 4891 2450 4946 Paula
2480 4901 2531 4944 ct
2563 4889 2908 4945 Eustochium
2932 4889 3123 4958 juhcut
3151 4907 3164 4942 :
3199 4889 3249 4942 id
3283 4889 3424 4957 quod

1843 4987 1943 5042 sub
1974 4983 2225 5052 Epistola:
2255 4983 2443 5038 saltent
2477 4981 2659 5042 linem.
2683 4979 2728 5035 si
2754 4979 3062 5040 adrisisset,
3087 4994 3182 5047 par
3205 4979 3426 5034 credere

1844 5089 1946 5143 est,
1979 5077 2198 5131 minime
2238 5075 2712 5145 prmtermissuras.
2759 5069 2890 5125 Fato
2921 5081 3094 5124 autem
3127 5069 3312 5124 functa
3343 5080 3428 5125 est

1846 5173 2056 5235 Albina,
2090 5183 2145 5224 ut
2189 5167 2411 5223 inferius
2439 5166 2741 5228 constabit,
2773 5163 3074 5233 insequenti
3117 5177 3259 5216 anno
3298 5163 3427 5230 587,

1847 5265 2039 5335 illaque
2067 5263 2200 5317 adeo
2225 5261 2466 5330 Epistola
2513 5267 2631 5328 post
2656 5257 2866 5326 aliquod
2893 5254 3148 5323 temporis
3174 5254 3432 5309 interval-

1847 5359 1956 5412 lum
1994 5351 2062 5410 ab
2104 5354 2246 5409 illius
2285 5353 2456 5418 obitu,
2485 5361 2538 5406 et
2585 5348 2953 5418 subsequenti,
2995 5357 3052 5400 ut
3082 5346 3262 5410 citius,
3286 5360 3429 5401 anno

1845 5449 2040 5518 scripta
2067 5445 2326 5500 videatur.
2365 5443 2554 5497 Verum
2585 5439 2804 5494 minime
2842 5437 3031 5492 adduci
3071 5451 3170 5503 ego
3211 5449 3426 5502 possum

1845 5557 1911 5596 ex
1941 5555 2118 5595 rerum
2148 5539 2288 5593 serie
2313 5579 2328 5603 ,
2369 5543 2424 5588 ut
2462 5533 2696 5590 credam,
2725 5530 2939 5585 Paulam
2977 5537 3029 5579 et
3075 5524 3426 5578 Eustochium

1846 5631 2108 5686 Marcella:
2130 5630 2181 5683 itt
2212 5628 2423 5697 spiritu,
2449 5634 2503 5678 ut
2533 5623 2601 5676 ita
2633 5620 2856 5676 dixerim
2884 5617 3038 5677 tilias,
3067 5628 3249 5681 passas
3279 5612 3430 5666 hien-

1846 5727 1993 5778 nium
2034 5723 2222 5776 saltem
2263 5718 2505 5779 clIIucre,
2539 5721 2824 5782 antequam
2852 5707 2917 5760 ad
2945 5719 3060 5758 eam
3083 5744 3098 5766 ,
3128 5721 3156 5754 a
3187 5718 3288 5771 qua
3322 5714 3427 5758 tam

1847 5831 1907 5871 sc
1954 5828 2094 5884 a'grc
2140 5812 2372 5866 divulsas
2422 5805 2679 5868 ferebant,
2725 5801 2903 5852 literas
2945 5796 3157 5858 darent,
3203 5804 3253 5848 ct
3300 5795 3430 5851 illttd
