4004 6328
517 372 586 426 c3
1791 349 1847 416 S,
1891 344 2268 404 IIIERONYMI
2311 345 2492 403 VITA.
3729 349 3794 407 Μ

521 477 724 537 tamdiu
751 471 1136 544 compressisse
1162 466 1487 525 desiderium
1514 463 1656 535 quod
1678 462 1792 534 ejus
1818 471 2104 518 consuetu-

522 573 662 628 diuis
704 565 961 623 facienda:
1005 559 1332 632 impatientia
1371 556 1650 628 gerebant.
1691 553 1796 608 Sed
1831 567 2003 621 neque
2033 551 2105 604 ita

522 659 730 732 opinari
767 655 1082 727 permittunt
1113 651 1278 722 prima
1320 649 1498 702 statim
1541 644 1789 716 Epistola:
1831 644 2110 713 ipsinsmet

521 752 722 806 verba:
755 745 1050 801 Mensuram
1093 743 1278 796 caritas
1323 756 1423 792 non
1466 738 1653 800 habet,
1703 745 1748 790 et
1794 734 2110 804 impatientia

525 845 678 898 nescit
727 839 952 903 modum,
983 846 1028 889 et
1073 833 1377 887 desiderium
1423 847 1523 883 non
1565 829 1794 881 sustinet.
1847 827 1912 880 Et
1950 825 2110 904 paulo

527 944 646 1004 post
671 951 683 984 :
720 928 868 996 Quod
897 926 1060 980 solum
1087 926 1312 977 absentes
1343 921 1510 990 facere
1537 933 1804 988 possumus
1825 957 1839 980 ,
1872 915 2111 980 querulus

528 1025 790 1096 fundimus
827 1034 1024 1085 preces,
1054 1025 1098 1068 et
1127 1013 1431 1067 desiderium
1461 1020 1688 1063 nostrum
1716 1023 1815 1060 non
1846 1016 1947 1060 tant
1976 1004 2114 1074 ﬂeti-

530 1120 638 1178 bus,
667 1131 819 1184 quam
847 1107 1116 1180 eiulatibus
1141 1115 1500 1167 contestamur,
1525 1111 1581 1156 et
1606 1109 1823 1164 czntcra,
1851 1111 1971 1167 qua:
2001 1103 2114 1149 tute

531 1211 634 1263 huc
664 1207 883 1262 referas.

1169 1308 1320 1364 CAP.
1364 1304 1500 1361 Vlil.

535 1434 576 1487 l.
632 1429 782 1498 Quod
833 1429 983 1499 fuerit
1034 1424 1335 1494 Hieronymi
1379 1424 1493 1475 vita:
1534 1436 1691 1492 genus
1742 1419 1794 1471 in
1840 1415 2116 1470 Bethleem.

605 1523 673 1578 ll.
707 1520 847 1574 Nunt
873 1520 983 1590 ejus
1010 1516 1251 1570 Ecclesiae
1278 1515 1504 1572 Rectur.
1548 1521 1602 1564 ut
1641 1509 1865 1578 Sulpitio
1902 1508 2118 1570 dicitur,

605 1612 802 1684 fuerit?
828 1609 914 1665 Ill.
948 1610 1134 1664 Scribit
1159 1609 1212 1660 in
1237 1615 1453 1676 quatuor
1483 1602 1633 1655 Pauli
1682 1600 1941 1672 Epistolas
1969 1597 2121 1651 Com-

609 1707 899 1758 mentarios.
930 1701 1020 1756 IV.
1054 1698 1193 1753 Nunt
1237 1706 1285 1751 et
1324 1697 1545 1765 reliquas
1586 1709 1759 1748 omnes
1795 1687 2122 1759 exposuerit?

609 1796 674 1850 γ.
713 1796 843 1867 Ejus
870 1792 1158 1862 scriptionis
1193 1791 1246 1844 in
1271 1790 1557 1843 universum
1588 1785 1784 1840 indoles
1812 1786 1967 1857 juxta
2001 1781 2126 1836 Ilio—

609 1888 807 1958 ronymi
835 1901 1060 1940 sensum.

609 2022 654 2079 1.
685 2017 1106 2091 Tranquillitati,
1131 2031 1290 2087 quam
1319 2014 1486 2069 semel
1529 2014 1580 2067 in
1623 2013 1776 2084 Syria
1817 2020 2131 2083 gustaverat

539 2117 596 2172 S.
627 2116 822 2178 Pater,
867 2111 1106 2167 redditus
1152 2109 1368 2164 demum
1411 2108 1465 2162 in
1508 2107 1820 2172 Bethleem,
1861 2113 2028 2158 totum
2072 2118 2130 2159 se

543 2205 752 2275 pietatis
799 2217 922 2273 erga
967 2202 1131 2255 Deum
1175 2199 1338 2254 cultui
1394 2206 1560 2251 totum
1611 2211 1789 2252 rerum
1833 2194 2130 2248 divinarum

541 2294 978 2365 contemplationi
1009 2310 1071 2347 ac
1101 2291 1310 2355 studiis,
1341 2305 1460 2360 qua:
1491 2289 1598 2342 duo
1625 2297 1749 2341 sunt
1779 2286 2130 2342 Sacerdotmn

542 2405 689 2444 arma
711 2429 726 2454 ,
769 2387 1052 2441 dedicavit.
1101 2384 1236 2439 Esse
1280 2380 1504 2451 aliquid,
1534 2395 1641 2434 non
1672 2378 1838 2433 videri
1871 2377 2130 2448 cupidus,

543 2482 736 2536 cellula
783 2478 1128 2534 claudebatur
1153 2475 1280 2546 (Ep.
1315 2471 1648 2542 LXXXII),
1677 2483 1731 2526 et
1757 2471 1809 2524 in
1837 2485 1902 2524 eo
1929 2470 2018 2540 qui
2051 2470 2134 2522 in-

548 2583 626 2626 tra
656 2586 755 2625 nos
779 2579 862 2624 est
889 2569 1104 2622 homine
1124 2609 1140 2633 ,
1171 2583 1275 2620 nun
1306 2566 1393 2635 qui
1425 2574 1576 2619 extra
1609 2579 1726 2627 nos,
1758 2578 1853 2632 per
1877 2563 2134 2616 virtutum

547 2660 782 2736 quotidie
807 2659 1003 2729 gradus
1032 2657 1288 2727 proﬁcere
1311 2655 1606 2725 satagebat.
1658 2653 1869 2708 Alicuhi
1914 2661 2138 2707 testatur

552 2757 688 2823 ipse,
719 2753 838 2806 ideo
864 2767 923 2806 se
949 2750 1115 2804 eremi
1148 2748 1367 2802 latebris
1395 2747 1676 2810 clausisse,
1705 2753 1763 2798 ut
1786 2744 2139 2798 adolescentia:

550 2848 740 2916 tta/lens
771 2855 977 2917 peccata
997 2884 1011 2906 ,
1043 2841 1229 2896 Christi
1266 2843 1318 2894 in
1348 2857 1401 2895 se
1428 2839 1825 2893 misericordiam
1853 2838 2138 2908 deflecteret

553 2937 755 3004 (Contr.
783 2936 872 2990 Jo.
899 2935 1097 3004 Jeros.)
1125 2954 1137 2990 ;
1161 2933 1287 2987 alibi
1311 2933 1405 2996 ait,
1431 2940 1490 2985 ut
1514 2932 1593 2984 vel
1624 2931 1888 3000 praeterita
1917 2928 2136 2999 plange-

551 3043 634 3088 ret
663 3032 810 3096 vitia,
840 3032 922 3085 vel
959 3029 1128 3084 vitare
1154 3029 1417 3082 niteretur
1441 3024 1724 3095 przesentia
1758 3042 1771 3077 :
1806 3023 1932 3076 item
1955 3031 2013 3076 ιιι
2042 3037 2140 3092 pa-

557 3129 719 3182 ratior
753 3125 821 3179 ibi
853 3125 994 3180 diem
1040 3121 1249 3176 Domini
1275 3159 1290 3180 .
1331 3119 1448 3173 sive
1491 3117 1677 3186 judicii
1718 3117 2137 3186 prmstolarctur.

561 3218 677 3272 Vile
708 3216 1004 3270 oluscnlum
1040 3224 1093 3269 et
1129 3213 1360 3266 cibarius
1411 3211 1593 3277 panis,
1638 3218 1796 3277 atque
1842 3208 1887 3260 is
1927 3206 2140 3276 quidem

558 3312 753 3381 oppido
781 3323 968 3379 parcus
996 3316 1049 3360 et
1080 3305 1405 3367 moderatus,
1429 3317 1608 3371 quem,
1638 3310 1692 3352 ιιι
1722 3309 1944 3354 testatur
1971 3297 2144 3352 Palla-

559 3405 680 3458 dius
706 3400 899 3468 (Laus.
925 3416 970 3453 c.
1006 3398 1068 3453 10
1093 3399 1134 3467 ).
1158 3413 1276 3450 eum
1309 3394 1528 3463 reliquis
1552 3391 1616 3446 ad
1645 3393 1803 3445 vitam
1833 3397 2142 3444 sustentan-
2189 3391 2198 3400 ’

560 3495 684 3547 dam
731 3489 1048 3546 necessariis
1091 3487 1158 3541 de
1201 3486 1376 3540 Paula:
1417 3482 1786 3552 largitionibus
1826 3479 2140 3550 accipiebat.

562 3585 768 3655 Jejunia
800 3584 956 3652 longa
979 3621 993 3643 ,
1026 3580 1197 3632 somni
1231 3579 1420 3632 breves
1441 3617 1456 3642 ,
1487 3585 1540 3630 et
1571 3591 1707 3642 quos
1733 3575 1816 3628 vel
1849 3574 1994 3628 humi
2028 3581 2146 3624 tan-

567 3691 700 3744 tum,
727 3674 809 3730 vel
853 3674 904 3728 in
949 3681 1122 3726 storea
1165 3669 1404 3738 ahjectns
1429 3667 1692 3736 capiebat.
1731 3665 1878 3720 Veste
1903 3665 2149 3719 utebatur

566 3777 851 3837 contempta
871 3807 886 3831 ,
922 3766 1128 3819 tametsi
1161 3761 1354 3816 alicubi
1387 3762 1652 3815 mundiore
1683 3775 1836 3814 usum
1866 3774 1925 3813 se
1957 3757 2153 3812 indicet

568 3859 766 3933 (Contr.
792 3857 880 3912 Jo.
911 3855 1130 3926 Jeros.).
1163 3854 1347 3922 Neque
1374 3854 1516 3908 enim
1543 3853 1630 3921 qui
1665 3851 1984 3906 monachum
2029 3859 2152 3902 tunc

567 3954 774 4025 agebat.
801 3959 1022 4006 externo
1053 3949 1103 4003 id
1133 3948 1375 4020 corporis
1404 3947 1547 4002 cultu
1581 3943 1815 4014 proﬁteri
1843 3943 2150 4013 cogebatur,

570 4057 772 4100 tantum
801 4044 1195 4113 simplicitatem
1229 4041 1584 4096 Christianam
1629 4037 1809 4090 habitu
1857 4036 2153 4105 praeferret.

572 4137 665 4197 llis
708 4135 1018 4199 accedebat,
1049 4134 1213 4187 immo
1258 4133 1489 4186 animam
1519 4131 1789 4200 vitamque
1831 4130 2038 4182 actibus
2080 4128 2164 4180 in-

573 4227 828 4296 spirabat,
854 4223 1106 4280 virtutum
1138 4224 1375 4278 omnium
1401 4239 1519 4293 qua:
1546 4233 1727 4276 essent
1756 4221 2082 4283 Christiano,
2107 4228 2160 4273 et

573 4319 944 4396 perfectiorem
991 4316 1190 4371 Christi
1241 4316 1588 4368 imitationem
1638 4313 1920 4382 proﬁtente
1963 4310 2157 4380 dignm,

577 4427 706 4464 usus
733 4408 999 4462 assiduus.
1033 4407 1186 4475 Quod
1219 4414 1500 4473 supererat
1533 4404 1760 4457 orationi
1793 4412 2036 4470 tempus,
2084 4404 2162 4457 in.

578 4501 753 4557 terdiu
786 4497 1066 4564 docendo,
1103 4505 1260 4550 noctu
1294 4495 1518 4564 legendo
1552 4493 1882 4548 conterebat.
1931 4492 1982 4546 In
2022 4492 2162 4548 Scri-

581 4607 855 4663 pturarum
890 4591 1237 4648 meditatione
1269 4599 1412 4643 totus
1442 4598 1578 4648 erat,
1608 4601 1742 4656 quas
1771 4585 1915 4639 nulla
1947 4599 2053 4638 non
2079 4584 2165 4639 die

581 4686 758 4742 Paula:
791 4684 1110 4751 prmsertim,
1143 4693 1302 4752 atque
1336 4680 1625 4736 Eustochio
1651 4678 1956 4748 explicabat
1984 4677 2162 4748 (Inve-

579 4779 695 4830 ctiv.
727 4773 788 4828 II
818 4774 858 4844 ).
912 4775 1094 4828 Prodit
1140 4773 1385 4828 Bullinus
1415 4815 1426 4837 ,
1464 4786 1785 4842 quamquam
1833 4771 2166 4824 obtrectandi

582 4875 783 4930 animo,
819 4867 968 4919 illum
1003 4874 1256 4933 praeterea
1287 4865 1544 4918 nobilium
1574 4878 1770 4934 pueros
1792 4863 1892 4917 sibi
1919 4863 2168 4916 commis-

584 4975 673 5011 sos
725 4960 777 5011 in
814 4958 1093 5010 Poetarum
1144 4969 1207 5009 ac
1259 4955 1556 5009 Rhetorum
1612 4954 1806 5008 litteris
1852 4953 2166 5006 instituisse.

585 5055 753 5118 Quam
778 5047 1205 5101 criminationem
1231 5045 1368 5100 adeo
1399 5061 1502 5097 non
1537 5045 1686 5098 timet
1708 5045 1765 5098 S.
1796 5044 1975 5106 Pater,
1996 5051 2052 5095 ut
2074 5057 2172 5096 nec

588 5140 832 5194 refellere
881 5140 1164 5207 dignetur,
1209 5152 1377 5204 eaque
1415 5136 1840 5190 dissimulatione
1887 5136 2167 5204 signiﬁcet,

587 5248 644 5285 se
680 5231 744 5286 ad
801 5230 967 5284 instar
1017 5229 1196 5290 Pauli,
1244 5228 1486 5282 ontnihus
1541 5228 1714 5282 oninia
1768 5228 1996 5292 factum,
2049 5229 2166 5298 glo-

591 5322 735 5381 riari.
767 5328 822 5373 ut
860 5334 1046 5373 omnes
1095 5317 1309 5373 Christo
1363 5319 1693 5373 lucrifaceret
1729 5360 1742 5380 ,
1794 5320 1937 5373 omni
1983 5321 2172 5382 sexui,

589 5411 845 5480 omnique
875 5411 1014 5464 artati
1047 5417 1218 5464 semet
1249 5409 1701 5464 accommodasse.
1735 5410 1798 5464 Et
1829 5425 1958 5464 sane
1985 5411 2034 5464 in
2063 5412 2177 5465 dies

594 5504 762 5572 magis
802 5502 1078 5572 magisque
1116 5501 1455 5556 conﬂuebant
1501 5501 1566 5555 ad
1597 5517 1717 5556 eum
1764 5519 1829 5557 ex
1873 5512 1984 5556 toto
2027 5503 2180 5557 undi-

591 5611 696 5665 que
746 5606 1011 5650 terrarum
1063 5595 1197 5649 orbe
1247 5597 1418 5648 anatis
1466 5593 1694 5648 diversa:
1746 5595 2022 5661 homines,
2073 5611 2179 5649 nun

593 5698 700 5744 tam
727 5690 962 5745 locorum
1015 5689 1291 5760 religione.
1337 5703 1495 5758 quam
1537 5688 1654 5758 ejus
1721 5689 2028 5744 celebritate
2086 5705 2183 5742 n0—

597 5784 777 5849 minis,
831 5783 1200 5856 doetrinaique
1254 5781 1670 5838 admirabilitate
1728 5782 1908 5840 ducti.
1971 5791 2022 5834 et
2067 5795 2180 5833 ma-

2209 459 2343 529 joris
2376 474 2555 514 rerum
2601 459 2896 514 divinarum
2951 461 3153 516 notitia:
3198 460 3560 533 adipiscenda
3586 477 3793 520 caussa.

2288 551 2349 606 ll.
2379 551 2484 607 Sed
2523 552 2714 607 mirum
2747 553 2876 607 illud
2899 593 2914 618 ,
2946 553 3054 607 imo
3087 553 3401 610 incredibile
3424 596 3440 621 ,
3471 554 3616 625 quod
3644 555 3797 611 tradit

2217 643 2285 699 de
2319 643 2648 716 Hieronymo
2691 645 3064 700 Postumianus
3111 647 3163 700 in
3207 647 3428 718 Dialogo
3451 646 3596 717 apud
3623 647 3798 717 Sulpi-

2219 735 2348 790 tium
2389 735 2672 800 Severum,
2701 752 2824 793 eum
2850 737 3057 791 scilicet
3081 778 3094 799 ,
3121 737 3284 792 tantis
3311 737 3457 804 licet,
3487 748 3704 806 tamque
3726 738 3801 793 di-

2220 832 2388 884 versis
2416 828 2673 883 solitaria:
2714 830 2835 883 vita:
2877 829 3072 883 muniis
3099 839 3419 898 occupatum
3448 870 3463 894 ,
3511 829 3799 884 Ecclesium

2219 936 2432 991 quoque
2453 921 2596 975 illam
2615 937 2733 991 quso
2752 932 2865 975 erat
2885 922 2934 974 in
2955 921 3232 977 Bethleem
3257 923 3484 978 rexisse.
3505 922 3800 984 Ecclesium,

2223 1014 2436 1084 inquit,
2467 1015 2567 1068 loci
2603 1015 2742 1068 illius
2784 1013 3128 1085 Hieronymus
3175 1014 3449 1086 Presbyter
3483 1017 3613 1085 regit
3645 1029 3664 1068 :
3693 1032 3804 1066 naut

2223 1105 2465 1174 parochia
2506 1114 2580 1159 est
2625 1105 2870 1176 EpiscOpi
2903 1107 2988 1174 qui
3021 1105 3394 1177 Jerosolymam
3442 1117 3596 1160 tenet.
3633 1107 3807 1176 Neque

2227 1211 2353 1252 vero
2380 1197 2469 1251 hic
2497 1195 2605 1252 falli
2637 1197 2877 1266 potuisse
2905 1197 3003 1251 hac
3034 1197 3084 1251 in
3117 1213 3174 1252 re
3205 1197 3440 1262 videtur,
3467 1199 3731 1266 siquidem
3760 1210 3810 1251 et

2224 1289 2442 1343 veritati
2464 1299 2659 1343 caetera
2685 1299 3046 1343 consentanea
3077 1297 3222 1352 sunt,
3245 1304 3363 1358 qua:
3393 1289 3462 1343 de
3495 1289 3587 1342 illo
3611 1300 3806 1347 narrat,

2226 1388 2280 1434 et
2307 1395 2365 1434 se
2396 1389 2623 1435 testatur
2651 1395 2740 1433 sex
2769 1380 3019 1432 mensibus
3049 1379 3186 1448 apud
3219 1395 3340 1434 eum
3376 1379 3564 1432 fuisse.
3611 1379 3677 1432 Et
3707 1379 3809 1432 falli

2229 1487 2352 1526 eum
2403 1481 2619 1536 tamen,
2665 1486 2731 1526 ex
2776 1470 3010 1539 Epistola
3056 1472 3192 1525 inter
3243 1471 3690 1541 llirronymianas
3727 1469 3806 1522 ιι.

2228 1562 2410 1617 Sancti
2431 1561 2712 1631 Epiphanii
2729 1561 2793 1614 ad
2815 1561 3074 1616 Joannem
3094 1560 3626 1632 JeroSnlymitannm,
3651 1577 3805 1626 quam

2229 1653 2477 1723 snpen'us
2504 1653 2856 1716 laudavimus,
2893 1653 3231 1721 perspicuum
3259 1662 3360 1706 est.
3401 1651 3562 1718 Enim
3597 1666 3722 1704 vero
3752 1667 3814 1705 ex

2231 1761 2293 1801 ea
2327 1754 2539 1802 constat
2565 1785 2581 1811 ,
2617 1746 2996 1817 llieronymnm
3027 1745 3094 1799 ab
3124 1744 3462 1799 ordinatione
3493 1760 3591 1798 sua
3621 1745 3687 1797 ad
3718 1759 3813 1796 an-

2235 1853 2362 1891 num
2399 1851 2568 1906 usique
2611 1836 2738 1900 594,
2771 1852 2838 1890 ne
2869 1836 2922 1889 in
2966 1836 3295 1890 monasterio
3335 1835 3553 1905 quidem
3589 1836 3819 1889 voluisse

2234 1945 2466 2000 unquam
2492 1940 2697 2001 prapter
2715 1929 3065 1983 verecundiam
3088 1937 3134 1981 et
3155 1929 3493 1982 humilitatem
3517 1927 3818 1998 Presbyteri

2234 2023 2416 2078 ollicio
2442 2022 2622 2094 fungi,
2652 2031 2696 2076 et
2727 2022 2894 2076 debita
2929 2022 3120 2076 nomini
3144 2038 3236 2074 suo
3258 2037 3488 2075 exercere
3521 2021 3778 2087 sacriﬁcia
3802 2059 3816 2082 ,

2235 2123 2283 2168 et
2321 2113 2555 2168 laborare
2593 2114 2646 2166 in
2674 2129 2734 2166 ea
2765 2123 2907 2181 parte
2942 2112 3238 2176 ministerii,
3270 2126 3384 2180 ante
3419 2111 3822 2164 Christianorum

2239 2205 2502 2277 prtecipua
2527 2203 2668 2259 salus
2695 2213 2767 2258 est
2791 2221 2810 2258 :
2830 2218 3014 2258 curam
3044 2202 3290 2258 videlicet
3308 2203 3611 2256 animarum
3643 2216 3820 2271 agere.

2238 2299 2376 2367 Quid
2404 2298 2545 2366 quod
2576 2298 2705 2352 olim
2744 2311 2864 2352 cum
2913 2296 3213 2351 simultates
3239 2306 3400 2364 atque
3427 2295 3552 2350 odia
3593 2294 3825 2348 Joannes

2241 2401 2432 2448 contra
2463 2391 2848 2459 Hieronymum
2890 2397 3205 2453 exerceret,
3239 2397 3295 2441 ut
3325 2387 3393 2441 ab
3423 2388 3539 2456 ipso
3569 2386 3825 2440 discimus

2241 2485 2297 2540 S.
2329 2485 2510 2548 Patre,
2541 2481 2690 2536 fuere
2720 2480 3029 2548 aliquandiu
3057 2480 3170 2548 ipse
3197 2480 3384 2548 suique
3411 2477 3604 2532 fratres
3628 2477 3696 2528 ab
3716 2477 3828 2545 ejus

2243 2574 2490 2630 ecclesia:
2531 2573 2774 2642 ingressu
2818 2569 3115 2641 prohibiti?
3160 2569 3289 2636 Qua:
3337 2570 3552 2639 quidem
3584 2578 3707 2622 sunt
3742 2566 3828 2634 qui

2243 2667 2520 2724 conciliari
2553 2681 2710 2734 posse
2741 2665 2810 2718 ita
2853 2673 3044 2734 putent
3065 2705 3080 2730 ,
3116 2664 3159 2717 si
3193 2664 3258 2717 ab
3287 2678 3352 2718 eo
3379 2673 3622 2731 tempore
3651 2661 3830 2729 Sulpi-

2244 2760 2385 2814 cium
2418 2757 2564 2827 loqui
2595 2755 2873 2810 existimes
2894 2795 2910 2818 ,
2941 2769 3048 2824 quo
3097 2755 3327 2809 reditum
3371 2755 3644 2824 utrimque
3671 2762 3754 2807 est
3782 2753 3830 2806 in

2244 2850 2495 2922 gratiam.
2523 2863 2664 2903 anno
2691 2849 2818 2915 398,
2849 2858 2906 2901 ut
2933 2848 3138 2914 volunt,
3173 2863 3332 2918 quum
3361 2845 3630 2913 Sulpitins
3653 2860 3720 2900 eo
3745 2860 3832 2898 ac-

2247 2943 2411 3000 cessit
2436 2985 2450 3008 ,
2475 2943 2697 3012 jamque
2728 2941 2855 2995 illud
2889 2941 3125 2996 muneris
3157 2942 3208 2994 in
3237 2956 3296 2994 se
3326 2939 3690 3012 Hieronymus
3715 2955 3832 2994 cum

2250 3037 2562 3091 Panliniano
2590 3035 2753 3090 fratre
2781 3044 3110 3106 susceperat.
3153 3034 3345 3089 Verum
3388 3050 3560 3105 neque
3588 3044 3836 3089 constare

2249 3128 2351 3184 hoc
2383 3137 2581 3199 p0test,
2613 3143 2784 3196 neque
2810 3127 2922 3181 veri
2949 3126 3354 3180 similitudinem
3383 3127 3544 3179 ullam
3577 3126 3762 3181 habet.
3783 3124 3836 3180 Si

2250 3225 2393 3279 enim
2421 3223 2480 3278 S.
2515 3223 2674 3277 Pater
2701 3221 2770 3277 ab
2795 3237 2860 3276 eo
2886 3221 3026 3292 quod
3057 3220 3108 3273 in
3137 3220 3484 3274 Ordinatione
3509 3234 3607 3272 sua
3644 3234 3811 3288 prupu

2252 3323 2450 3379 suerat,
2477 3313 2738 3368 dimoveri
2769 3322 2894 3368 tunc
2924 3313 3146 3366 minime
3172 3312 3360 3381 potuit,
3392 3321 3556 3380 atque
3584 3311 3796 3366 exorari
3822 3352 3838 3373 ,

2255 3419 2311 3462 ut
2337 3410 2388 3462 in
2419 3407 2749 3462 monasterio
2778 3405 2970 3460 saltem
3003 3405 3173 3459 sacris
3199 3415 3512 3473 operaretur
3531 3445 3548 3468 ,
3577 3419 3744 3474 quum
3777 3405 3842 3455 ah

2258 3499 2512 3554 Ecclesiae
2543 3497 2771 3568 publica:
2803 3497 3050 3566 ingressu
3092 3496 3409 3550 arcebatur:
3435 3495 3556 3564 quis
3585 3494 3688 3548 sibi
3722 3508 3842 3562 pero

2256 3595 2479 3648 suadeat
2508 3600 2630 3662 post
2657 3591 3056 3644 reconciliatam
3097 3603 3217 3642 cum
3256 3587 3462 3642 Joanne
3507 3585 3802 3640 amicitiam
3829 3626 3842 3644 .

2258 3703 2378 3739 cum
2413 3684 2584 3754 potuit
2615 3698 2711 3751 pro
2735 3681 2903 3734 lubitu
2935 3681 2985 3734 in
3013 3696 3073 3734 ea
3100 3679 3340 3734 Ecclesia
3369 3679 3446 3732 rei
3474 3693 3646 3732 sacrae
3674 3678 3845 3730 inter-

2259 3793 2378 3832 esse
2402 3817 2418 3841 ,
2450 3791 2624 3846 neque
2653 3775 2770 3844 ejus
2815 3784 2931 3829 erat
2979 3773 3277 3828 ministerio
3306 3787 3440 3841 opus
3464 3813 3478 3833 ,
3510 3787 3540 3824 a
3570 3771 3848 3841 proposito

2261 3867 2574 3925 disci-ssisse
2617 3883 2629 3917 :
2672 3865 2904 3919 maxime
2957 3878 3077 3918 cum
3125 3863 3214 3916 alii
3261 3861 3575 3930 jamdudum
3627 3861 3851 3915 fuissem

2264 3960 2548 4030 pluresque
2570 3955 2872 4030 Presbyteri
2891 3955 3064 4010 eidem
3087 3954 3341 4009 Ecclesia!
3361 3953 3657 4023 pra-positi,
3681 3967 3852 4018 neque

2265 4053 2332 4104 ab
2356 4067 2422 4105 co
2454 4061 2693 4118 tempore
2718 4089 2734 4113 ,
2765 4062 2872 4117 quo
2919 4045 2976 4102 S.
3022 4047 3180 4100 Pater
3209 4059 3238 4099 a
3270 4043 3474 4098 Joanne
3515 4043 3809 4097 dissidebat
3836 4082 3850 4103 ,

2269 4142 2430 4195 ullam
2459 4141 2576 4208 ejus
2605 4141 2681 4195 rei
2714 4139 3088 4194 necessitatem
3131 4138 3424 4192 recurrisse
3466 4135 3854 4203 intelligamus.

2268 4233 2335 4288 Ut
2355 4233 2498 4286 enim
2523 4230 2932 4301 transeat,quod
2957 4230 3176 4284 minimc
3198 4238 3372 4282 tamen
3395 4227 3556 4294 dabo,
3581 4226 3856 4281 Bethleem

2269 4323 2555 4393 aliquando
2595 4324 2930 4377 concessisse
2974 4321 3259 4390 Sulpitium
3282 4361 3298 4384 ,
3329 4319 3488 4390 idque
3525 4333 3670 4372 anno
3707 4318 3857 4379 398;

2275 4424 2506 4468 transeat
2537 4416 2699 4468 etiam
2729 4413 2892 4468 fuisse
2922 4422 3030 4466 tum
3060 4412 3243 4466 initam
3270 4426 3392 4464 eum
3415 4410 3625 4465 Joanne
3647 4425 3860 4479 paCetn,

2271 4521 2390 4574 qua:
2421 4514 2538 4573 post
2559 4505 2832 4559 biennium
2856 4514 2995 4557 sarta
3022 4513 3124 4568 est,
3151 4502 3250 4557 nisi
3278 4502 3515 4556 rationes
3541 4511 3739 4555 nostra:
3763 4515 3865 4552 nos

2276 4597 2465 4650 fallunt
2495 4613 2510 4652 :
2544 4612 2675 4650 sane
2702 4596 2790 4649 diu
2820 4595 2980 4650 etiam
3013 4596 3080 4648 ab
3121 4609 3189 4648 eo
3233 4603 3475 4660 tempore
3505 4593 3862 4661 impostermn

2276 4687 2347 4740 ibi
2377 4687 2508 4740 vixit
2537 4687 2914 4758 Hieronymus,
2945 4694 2999 4740 et
3023 4686 3282 4739 continuo
3309 4693 3510 4749 tamen,
3537 4683 3710 4737 sicubi
3742 4684 3868 4736 vita:

2278 4795 2388 4833 sua:
2429 4779 2706 4843 meminit,
2737 4792 2856 4832 eam
2897 4791 2958 4832 se
2997 4791 3157 4846 agere
3182 4790 3302 4830 cum
3331 4775 3614 4830 monachis
3642 4775 3869 4829 omnino

2278 4869 2573 4923 solitariam
2619 4869 2910 4936 signiﬁcat.
2961 4866 3050 4922 Sic
3076 4866 3311 4935 Epistola
3343 4864 3551 4920 CXVII.
3575 4881 3696 4936 qua:
3725 4880 3870 4918 anno

2280 4960 2476 5028 scripta
2516 4969 2598 5014 est
2633 4958 2760 5024 409,
2795 4973 2853 5011 se
2895 4959 2967 5011 ait
3010 4957 3238 5010 clausum
3277 4957 3463 5010 cellula
3487 4997 3502 5020 ,
3535 4966 3580 5009 et
3622 4957 3804 5023 procul
3841 4973 3872 5006 α

2285 5049 2442 5104 turbis
2469 5060 2739 5114 remotum,
2766 5065 2885 5118 qua:
2914 5056 3057 5102 certe
3083 5047 3336 5102 Ecclesim
3363 5046 3694 5100 Parochialis
3726 5046 3875 5100 Prm-

2285 5141 2430 5195 fccto
2451 5155 2785 5210 nequaquam
2807 5155 3101 5206 Congt‘ttet'c
3125 5148 3366 5208 possunt.
3390 5137 3654 5192 Pra+terea
3674 5151 3874 5208 quanta

2289 5231 2366 5285 illi
2395 5241 2542 5287 esset
2564 5232 2694 5296 justi
2743 5229 3040 5284 reverentia
3066 5269 3082 5294 ,
3113 5237 3168 5282 et
3204 5243 3362 5296 quam
3392 5226 3582 5282 sedulo
3609 5235 3832 5281 caveret
3859 5267 3874 5289 ,

2293 5324 2616 5394 parochialia
2643 5323 2764 5392 jura
2795 5336 2862 5376 ne
2894 5321 3130 5385 lmderet,
3164 5319 3401 5373 declarat
3431 5319 3546 5388 ipse
3577 5318 3737 5372 toties
3766 5320 3879 5370 lau-

2289 5414 2418 5467 dato
2447 5425 2634 5468 contra
2663 5413 2923 5467 Joannem
2951 5411 3108 5475 libro,
3130 5411 3332 5475 verbis,
3359 5419 3518 5476 atquc
3542 5409 3799 5478 exemplo
3828 5411 3878 5460 in

2290 5521 2406 5560 rem
2436 5516 2673 5558 nostram
2705 5504 3142 5573 locupletissimo.
3181 5503 3306 5570 Quis
3335 5501 3520 5554 scindit
3553 5499 3883 5554 Ecclesium?

2293 5595 2408 5649 Nos
2437 5611 2693 5665 :quorum
2721 5596 2884 5649 onmis
2913 5595 3093 5647 domus
3120 5592 3372 5647 Bethleem
3401 5593 3455 5646 in
3488 5591 3719 5646 Ecclesia
3744 5607 3885 5643 conto

2292 5687 2559 5743 municat?
2585 5706 2648 5743 an
2681 5699 2763 5756 tu,
2793 5688 2879 5758 qui
2907 5687 3049 5742 etc.?
3090 5684 3202 5740 Nos
3240 5685 3518 5740 scindimus
3561 5683 3846 5739 Ecclesium
3867 5723 3882 5746 ,

2296 5782 2382 5840 qui
2409 5793 2525 5834 ante
2559 5799 2740 5846 paucos
2779 5799 2968 5836 nienses
3011 5782 3145 5836 circa
3174 5780 3280 5836 dies
3324 5778 3644 5836 Pentecostes
3671 5821 3686 5849 ,
3728 5795 3886 5853 quam
