4004 6328
194 361 254 416 85
1436 352 1495 406 S.
1538 351 1577 406 11
1588 348 1774 405 IERO.‘

1882 349 1910 404 ll
1957 349 2133 403 ΥΙΤΑ.
3346 410 3351 413 _
3380 355 3450 411 66

195 477 442 532 obscurato
477 472 616 535 sole,
638 493 645 498 ·
665 469 826 523 omnis
857 468 1074 523 mundus
1110 468 1223 540 jam
1248 469 1461 540 jamque
1496 476 1757 519 uenturum

194 567 394 637 iudicem
418 564 744 637 formidaret,
770 562 1108 633 quadraginta
1128 561 1339 616 diversi:
1357 560 1521 615 calatis
1543 568 1587 613 et
1613 573 1761 612 sexus

198 657 498 726 Presbyteris
526 657 625 709 tuis
652 654 923 725 obtulimus
950 653 1327 724 baptizandus?
1354 651 1424 706 Et
1451 664 1582 705 certe
1608 651 1759 722 quin-

192 764 276 819 que
303 745 589 817 Presbyteri
621 754 766 799 erant
798 746 850 800 in
881 745 1212 810 monasterio,
1242 744 1325 816 qui
1356 759 1450 798 suo
1472 746 1586 806 iure
1614 753 1759 815 pote-

193 847 293 893 rant
319 838 580 906 baptizare
604 879 620 902 ,
646 837 735 891 sed
762 838 1033 892 noluerunt
1060 837 1336 907 quidquam
1366 847 1543 890 contra
1568 845 1762 888 stoma-

193 931 327 983 chum
351 939 493 982 tuum
509 930 703 998 facere,
723 946 784 982 ne
802 939 849 984 et
870 929 979 983 lucc
995 927 1084 983 tibi
1103 927 1167 981 de
1186 928 1289 998 ﬁde
1304 928 1544 983 reticeudi
1557 926 1766 980 daretur

194 1022 391 1076 etcasio.
417 1021 499 1076 An
526 1039 630 1080 non
674 1032 726 1075 tu
756 1024 922 1093 potius
949 1021 1137 1076 scindis
1172 1019 1486 1085 Ecclesium,
1515 1020 1600 1090 qui
1628 1034 1762 1087 prte-

192 1115 350 1183 ccpisti
376 1112 638 1169 Bethleem
672 1113 981 1187 Presbyteris
1012 1114 1131 1179 tuis,
1163 1131 1226 1169 ne
1240 1112 1640 1184 Competentibns
1667 1129 1763 1166 no-

192 1206 296 1257 stris
318 1204 367 1257 in
403 1203 611 1259 Pascha
638 1206 941 1275 baptismum
967 1204 1265 1259 traderent:
1285 1220 1407 1275 quos
1427 1220 1518 1259 nos
1545 1202 1764 1271 Diospo-

193 1297 269 1347 lini
294 1295 359 1348 ttd
385 1294 738 1365 Confessorem
774 1307 821 1350 et
852 1295 1164 1367 Episcopum
1207 1296 1435 1349 misimus
1465 1294 1764 1365 Dionysium

192 1386 557 1450 baptizandus?
598 1387 884 1442 Ecclesium
927 1387 1157 1442 scindere
1200 1387 1451 1450 dicimur,
1494 1387 1581 1457 qui
1621 1395 1766 1440 extra

190 1478 381 1531 cellulas
412 1489 618 1534 nostras
640 1480 807 1533 locum
835 1478 1078 1535 Ecclesia:
1096 1496 1197 1534 non
1215 1477 1476 1532 habemus.
1498 1476 1604 1533 Sed
1628 1478 1762 1543 limo,

193 1570 402 1637 inquies,
436 1588 562 1639 qua:
589 1573 777 1641 gratim
807 1572 1296 1628 reconciliationem
1330 1580 1715 1641 praecesserant
1742 1612 1758 1636 ,

190 1664 437 1743 spectant.
477 1662 613 1717 Esto
636 1703 653 1729 ,
685 1672 742 1717 ut
770 1664 919 1718 voles
954 1679 1019 1719 ex
1066 1671 1435 1735 prmconcepta
1464 1663 1718 1735 Opinione
1746 1679 1760 1716 :

190 1754 272 1809 sed
301 1756 488 1825 utique
516 1771 580 1810 ea
610 1765 756 1822 sunt,
782 1770 849 1811 ex
873 1756 1068 1827 quibus
1086 1757 1208 1826 jure
1232 1757 1485 1827 deinceps
1513 1756 1668 1810 liceat
1697 1754 1765 1809 de

191 1848 380 1916 reliquo
412 1849 543 1902 vitae
573 1864 773 1918 genere
801 1848 1187 1920 argumentari,
1220 1858 1274 1903 et
1301 1849 1458 1919 quale
1487 1846 1757 1918 ingenium

187 1936 330 1991 fuerit
358 1936 418 1992 S.
445 1938 655 2001 Patris.
682 1948 737 1994 et
758 1939 877 2010 quis
904 1939 1140 2004 animus,
1167 1947 1485 1993 monstrent.

245 2028 511 2098 Sulpitius
541 2029 721 2098 itaque
749 2027 982 2098 benigno
1008 2030 1229 2093 lectore,
1250 2036 1305 2083 et
1324 2024 1608 2082 commodo
1634 2039 1769 2096 opus

187 2120 335 2176 habet
365 2120 694 2192 interprete.
726 2120 839 2192 Ego
889 2123 959 2175 ita
1003 2121 1206 2190 accipio
1226 2162 1240 2183 ,
1273 2128 1333 2175 ut
1362 2120 1622 2192 privatam
1653 2132 1770 2173 mo-

187 2215 394 2269 nasterii
429 2214 737 2281 Ecclesium
759 2255 776 2282 ,
802 2229 898 2269 seu
923 2224 1246 2268 conventum
1272 2254 1287 2278 ,
1316 2213 1362 2267 si
1388 2212 1556 2267 mavis
1581 2211 1771 2267 Latine

185 2304 242 2359 de
260 2303 780 2360 Ecclesiasticorum
809 2304 1013 2374 plirasi,
1044 2302 1244 2358 dixisse
1272 2303 1504 2357 voluerit
1528 2302 1624 2356 abs
1651 2301 1777 2356 Ilie-

184 2411 398 2467 ronymo
422 2396 894 2452 administratum.
914 2396 1089 2464 Atque
1108 2393 1212 2448 hoc
1230 2394 1445 2463 quidem
1469 2408 1631 2447 sensu
1653 2407 1778 2447 vero

183 2486 400 2542 dixerit:
429 2503 566 2542 nam
596 2497 655 2541 et
682 2486 884 2555 primas
914 2484 1007 2540 ille
1038 2492 1216 2554 partes
1245 2484 1316 2539 ibi
1360 2484 1694 2549 sustinebat,
1722 2491 1778 2538 et

184 2577 294 2643 nihil
337 2578 414 2632 ad
469 2577 640 2631 fidem
674 2576 900 2645 propius
923 2616 939 2639 ,
967 2591 1127 2645 quain
1176 2573 1397 2629 fratrum
1428 2573 1777 2629 conventibus

185 2669 331 2724 tuisse
364 2684 509 2723 eum
535 2678 595 2723 et
621 2667 878 2721 virtutum
904 2667 1118 2734 merito,
1145 2674 1200 2720 et
1223 2665 1544 2736 Presbyterii
1572 2665 1774 2720 honore

186 2760 562 2831 praepositum.
613 2756 1017 2814 Conveniebant
1058 2771 1251 2826 nempe
1298 2756 1350 2810 iti
1393 2772 1555 2810 unum
1597 2756 1772 2810 locum

183 2851 412 2919 quotidie
445 2849 522 2904 ad
552 2863 744 2920 preces
773 2857 829 2904 et
858 2847 1202 2918 psalmodias,
1232 2862 1401 2917 eaque
1430 2848 1630 2916 privata
1656 2857 1773 2902 erat

187 2943 451 3008 Ecclesia;
497 2956 604 2998 nec
647 2951 795 2996 certe
838 2942 933 3011 par
970 2939 1193 2994 credere
1231 2946 1315 2994 est
1338 2980 1355 3006 ,
1388 2954 1492 3008 quo
1529 2946 1771 3009 tempore

188 3035 549 3108 Hieronymus
581 3049 704 3089 cuin
735 3034 848 3088 suis
888 3032 958 3087 ab
984 3031 1244 3087 Ecclesiae
1268 3031 1505 3103 publica:
1533 3034 1771 3104 ingressu

189 3127 488 3196 prohibitus
511 3135 639 3193 est,
671 3125 740 3181 ab
769 3125 864 3180 illo
896 3123 1110 3195 pietatis
1139 3138 1263 3195 erga
1296 3125 1461 3178 Deum
1504 3136 1624 3179 actu
1650 3139 1771 3180 ces-

189 3234 326 3276 sasse
350 3262 367 3286 ,
398 3229 460 3275 et
487 3228 598 3274 tam
629 3218 774 3288 longi
805 3217 1064 3287 temporis
1092 3218 1320 3287 spatium
1346 3217 1632 3274 Monachos
1655 3219 1774 3274 sine

193 3317 434 3384 precibus
463 3312 848 3370 communibus
878 3310 1200 3367 traduxisse.
1226 3311 1302 3366 lbi
1330 3312 1388 3367 S.
1414 3311 1572 3366 Pater
1603 3320 1771 3367 totum

192 3406 574 3471 Mouaeborum
594 3415 795 3460 emtum
817 3418 1091 3459 sacrarum
1114 3402 1506 3473 Scripturarum
1530 3403 1775 3459 doctrina

194 3500 486 3556 instruebat
510 3538 528 3566 ,
577 3511 851 3567 novasque
879 3495 934 3550 in
972 3496 1088 3550 dies
1133 3497 1429 3565 propositas
1472 3511 1539 3551 ex
1590 3511 1775 3551 earum

195 3592 536 3661 pinilectione
562 3587 906 3647 difﬁcultates
932 3590 1210 3645 Κατυιστοΰ
1233 3589 1398 3643 instar
1420 3588 1771 3658 explanabat,

195 3681 551 3748 Quamobrem
581 3687 637 3734 et
664 3677 718 3733 in
741 3676 1059 3734 Praifatione
1083 3679 1151 3733 ad
1182 3679 1484 3735 versionem
1507 3679 1651 3735 Libri
1675 3680 1778 3734 Pa-

197 3774 565 3844 ralipomenon
609 3787 678 3827 ex
720 3771 982 3839 llebrieo,
1012 3770 1184 3827 LXX.
1225 3771 1430 3842 inquit,
1467 3771 1779 3842 Interpretes

199 3867 245 3920 in
269 3867 532 3923 Conuentu
560 3867 786 3937 fratrum
807 3882 1007 3937 semper
1033 3865 1253 3920 edissere
1287 3880 1304 3919 :
1330 3874 1386 3920 et
1414 3866 1468 3920 in
1514 3865 1621 3921 fine
1647 3865 1781 3934 Epi-

200 3959 341 4014 stolie
368 3957 538 4014 CXII.
566 3956 634 4011 ad
662 3957 1041 4028 Augustinum,
1078 3971 1198 4026 qua:
1226 3969 1368 4009 anno
1394 3954 1514 4010 data
1539 3963 1624 4011 est
1639 3955 1779 4014 ιοιι

205 4050 293 4120 Τιι,
321 4054 418 4120 ait,
446 4053 537 4124 qui
564 4052 761 4119 iuuenis
783 4068 855 4115 es,
877 4064 925 4107 et
948 4051 1003 4105 in
1027 4048 1325 4119 Pontificali
1350 4050 1568 4105 culmine
1592 4051 1782 4105 consti-

208 4156 350 4209 tutus,
379 4146 562 4199 docete
602 4144 848 4215 populos,
878 4153 974 4198 etc.
1020 4141 1151 4196 Mihi
1179 4140 1359 4212 suﬂicit
1388 4157 1506 4196 cum
1551 4141 1783 4197 auditore

205 4245 246 4288 et
272 4237 456 4290 lectore
482 4234 797 4305 pauperculo
835 4234 890 4288 in
929 4231 1118 4303 angulo
1158 4233 1451 4288 monasterii
1493 4250 1779 4289 susurrare.

210 4325 475 4395 Ejusmodi
514 4326 619 4380 alia
659 4324 905 4396 qumdain
934 4325 989 4379 in
1021 4323 1451 4397 llieronymianis
1480 4325 1785 4395 scriptioni-

209 4415 298 4473 bns
327 4420 632 4476 testimonia
666 4418 948 4482 invenies,
975 4432 1096 4487 quae
1127 4417 1280 4474 nobis
1311 4416 1511 4473 referre
1543 4419 1644 4474 luic
1669 4419 1784 4473 siu-

208 4510 418 4577 gillatim
459 4510 677 4580 longum
727 4517 914 4574 esset,
957 4507 1184 4562 fortasse
1231 4508 1390 4562 etiam
1432 4523 1466 4563 a
1507 4511 1783 4579 proposito

208 4602 446 4667 devium;
473 4601 584 4656 duo
628 4603 773 4656 enim
820 4599 920 4654 ista
967 4599 1018 4653 in
1049 4613 1168 4654 eam
1197 4599 1428 4656 maxime
1456 4615 1570 4655 rem
1598 4602 1785 4657 lauda-

212 4698 393 4761 vimus,
425 4705 484 4750 nt
514 4702 896 4763 contraatque
919 4692 1158 4747 sensisse
1193 4691 1405 4747 videtur
1424 4693 1702 4764 Sulpitius,
1730 4705 1786 4751 et

210 4786 292 4839 diu
323 4796 440 4855 post
460 4787 581 4855 ejus
605 4783 866 4853 temporis
891 4783 1238 4850 notationem,
1268 4798 1373 4838 non
1393 4784 1550 4839 aliam
1571 4797 1785 4843 constet

211 4878 298 4930 abs
325 4877 650 4947 Hieronymo
678 4874 1104 4930 administratam
1139 4873 1454 4939 Ecclesium,
1477 4891 1638 4945 quain
1665 4893 1785 4948 quae

175 4954 178 4957 ’
214 4970 403 5035 privata
434 4968 489 5023 in
518 4966 849 5022 monasterio
876 4966 1201 5037 cogebatur,
1231 4974 1288 5020 et
1328 4967 1582 5036 propiore
1627 4984 1786 5023 voca-

212 5058 330 5115 luilo
343 5058 624 5115 Conventus
649 5058 703 5114 ei
728 5058 922 5113 dicitur
948 5056 1086 5130 (Lib.
1104 5066 1266 5111 contr.
1288 5054 1379 5112 Jo.
1400 5058 1668 5132 Jerosol.).
1696 5061 1784 5115 Iu-

214 5152 387 5207 veiiies
415 5161 596 5208 autem
626 5159 683 5206 et
710 5166 833 5220 qua:
864 5149 979 5205 loca
1007 5157 1293 5215 testentur,
1322 5149 1593 5219 ingentem
1620 5150 1785 5209 fuisse

185 5244 505 5314 degentium
552 5242 623 5297 ibi
653 5240 1074 5306 Monacliorum,
1104 5249 1263 5311 atque
1290 5241 1520 5295 aliorum
1559 5256 1625 5297 eo
1658 5257 1784 5297 con-

217 5334 483 5392 fluentium
510 5349 794 5390 numerum
818 5374 836 5400 ,
866 5340 925 5387 ut
960 5331 1066 5401 iam
1109 5346 1214 5386 non
1245 5330 1517 5387 sufﬁceret.
1540 5343 1787 5388 constru-

217 5436 354 5483 ctum
384 5446 413 5483 a
441 5429 605 5484 Paula
633 5425 1042 5488 monasterium,
1071 5424 1165 5480 sed
1192 5434 1247 5479 et
1271 5425 1625 5479 diversorium
1657 5441 1786 5494 pro-

219 5520 554 5590 pterexstrni
601 5518 897 5590 peregrinis
941 5515 1271 5586 excipiendis
1314 5531 1536 5571 necesse
1586 5515 1782 5583 fuerit;

217 5612 401 5682 quibus
442 5628 550 5670 una
587 5610 841 5668 omnibus
891 5609 1246 5679 Hieronymus
1284 5618 1538 5680 prmerat.
1582 5608 1661 5664 Ex
1703 5609 1786 5664 liis

218 5715 434 5775 quatuor
451 5707 614 5764 etiam
634 5711 733 5760 aut
748 5703 983 5775 quinque
1002 5708 1160 5757 erant
1182 5701 1589 5773 Presbyteratus
1610 5704 1786 5776 (cujus

221 5805 388 5857 tamen
415 5800 597 5861 munia
624 5811 915 5869 numquam
950 5794 1162 5853 obirent
1192 5805 1398 5865 propter
1426 5793 1783 5868 humilitatem)

1871 463 2035 532 gradu
2064 464 2259 530 ornati,
2289 473 2341 518 iit
2374 480 2438 519 ex
2466 466 2713 535 superius
2739 466 2954 523 laudato
2980 478 3166 525 contra
3188 468 3448 526 Joannem

1872 554 2177 608 testimonio
2206 554 2570 626 intelligimus.
2606 556 2683 611 Ex
2719 572 2826 628 quo
2851 560 2977 613 item
3009 560 3132 615 licet
3160 560 3410 631 colligere
3432 603 3447 624 ,

1871 653 2064 712 quanta
2087 660 2271 699 eorum
2304 653 2487 713 esset,
2515 646 2604 716 qui
2632 662 2698 702 eo
2727 649 3159 714 conveniebant,
3189 652 3311 705 vita:
3336 653 3451 720 ejus

1870 751 2055 791 amore
2098 735 2243 791 ducti
2269 778 2283 799 ,
2315 736 2611 808 frequentia
2647 755 2660 792 :
2692 738 2954 809 siquidem
3001 741 3068 794 ad
3109 743 3452 814 quadraginta

1873 844 2041 899 usque
2082 829 2292 884 diversa:
2319 831 2481 884 artatis
2508 839 2555 884 et
2583 847 2733 885 sexus
2761 831 2829 886 de
2860 831 3097 886 nondum
3129 832 3408 903 baptizatis
3435 876 3452 900 ,

1870 936 1965 975 St‘ll
2010 936 2200 976 recens
2240 922 2554 984 Conversis,
2585 921 2905 992 quandoque
2962 923 3161 978 ibidem
3202 925 3453 980 dicuntur

1872 1011 2162 1065 exstitisse.
2204 1010 2306 1066 Sed
2350 1022 2402 1065 et
2443 1012 2761 1082 Episcopum
2810 1014 2993 1068 nescio
3032 1030 3189 1084 quem
3232 1015 3450 1071 Paulum

1877 1102 2093 1155 nomine
2117 1142 2131 1166 ,
2162 1117 2319 1171 quem
2347 1100 2673 1171 TlieOpliilus
2704 1104 3145 1173 persequebatur,
3179 1104 3343 1160 fuisse
3377 1106 3449 1160 ibi

1877 1189 2162 1244 Blonacliis
2190 1200 2495 1261 coeptatutn
2521 1232 2536 1258 ,
2565 1207 2632 1246 ex
2679 1191 2839 1247 Libro
2883 1194 3042 1249 tt-rtio
3086 1194 3139 1247 in
3182 1194 3453 1249 Bullinum

1871 1281 2208 1351 conjicinius.
2255 1282 2423 1348 Quem
2473 1283 2647 1337 locum
2786 1284 2901 1354 ipse
2942 1284 3099 1338 Pater
3148 1284 3231 1339 liis
3277 1285 3457 1339 verbis

1873 1372 2146 1427 concludit
2171 1391 2184 1427 :
2211 1371 2374 1427 Nobis
2400 1374 2451 1427 in
2485 1374 2796 1428 Monasterio
2825 1374 3144 1443 hospitalitas
3181 1376 3323 1430 cordi
3349 1387 3419 1431 est
3438 1420 3451 1435 .

1872 1480 2144 1534 omnesque
2165 1464 2234 1517 ad
2260 1482 2351 1519 nos
2379 1468 2627 1519 venientes
2651 1465 2768 1520 lceta
2805 1465 3132 1521 humanitatis
3160 1472 3325 1537 fronte
3341 1487 3458 1523 sus-

1874 1557 2108 1626 cipimus,
2123 1567 2218 1611 etc.
2241 1557 2307 1612 Et
2326 1558 2644 1615 luculentius
2664 1571 2819 1616 antea
2845 1561 3008 1631 Epist.
3024 1561 3185 1616 LXVI
3211 1563 3277 1618 ad
3304 1564 3457 1618 Pan:-

1876 1648 2140 1703 tnacliiuni
2167 1667 2181 1703 :
2210 1649 2318 1702 Nos
2347 1651 2399 1704 itt
2424 1651 2520 1705 ista
2544 1653 2822 1723 provincia,
2848 1656 3100 1724 wdi/icato
3118 1656 3446 1721 Monasterito,

1875 1752 1920 1794 et
1949 1741 2224 1797 diversorio
2266 1755 2473 1814 propter
2497 1756 2891 1803 exstructo......
2924 1750 3076 1804 tantis
3113 1751 3175 1805 de
3204 1760 3307 1807 toto
3337 1754 3456 1807 orbe

1873 1835 2242 1905 conﬂuentibus
2272 1837 2429 1890 turbis
2453 1838 2714 1891 obruimur
2742 1839 3129 1908 blonachorum,
3159 1853 3212 1897 ut
3237 1860 3327 1898 nec
3354 1860 3455 1898 etc-

1876 1937 2017 1995 ptum
2050 1943 2180 1997 opus
2210 1929 2437 1982 deserere
2457 1970 2473 1994 ,
2511 1945 2602 1982 nec
2644 1946 2802 2000 supra
2844 1933 2973 1987 vires
3017 1937 3153 2004 ferre
3178 1934 3452 1989 valeamus.

1881 2017 2029 2073 Unde
2063 2020 2184 2090 quia
2223 2036 2350 2090 pene
2383 2021 2526 2076 nobis
2553 2021 2685 2075 illud
2717 2024 2780 2077 tle
2816 2022 3091 2096 Evangelia
3129 2028 3373 2097 contigit,
3406 2039 3459 2081 ut

1880 2113 2066 2181 futura:
2088 2112 2241 2165 turris
2262 2128 2362 2165 non
2383 2122 2500 2165 ante
2515 2130 2572 2166 su
2581 2123 2903 2184 pputaremus
2918 2133 3188 2188 expensus,
3207 2119 3456 2190 compulsi

1878 2216 2052 2255 sumus
2081 2203 2294 2271 fratrem
2326 2201 2693 2256 Paulinianum
2722 2205 2788 2257 ad
2814 2208 3035 2273 patriant
3060 2208 3273 2273 mittere,
3303 2218 3358 2262 ut
3383 2227 3461 2263 se.

1881 2289 2097 2343 mirutas
2123 2289 2346 2356 villulas,
2375 2306 2489 2359 qua:
2516 2291 2844 2346 barbarorum
2871 2293 3157 2366 effugerunt
3184 2313 3384 2364 manus,
3417 2308 3463 2351 et

1884 2390 2149 2450 parentant
2175 2382 2515 2436 communium
2536 2399 2715 2437 census
2734 2386 2985 2450 venderet,
3010 2403 3075 2440 ne
3093 2396 3307 2457 coeptum
3329 2388 3437 2444 Sun
3450 2419 3465 2430 -

1881 2483 2076 2526 ctorum
2098 2472 2432 2527 ministerium
2448 2472 2748 2538 deserentes,
2763 2477 2920 2530 risum
2939 2476 3199 2533 maledicis
3210 2488 3255 2533 et
3266 2482 3419 2534 temul
3422 2483 3463 2535 is

1880 2563 2211 2632 praebeamus.
2242 2561 2351 2618 Sed
2378 2562 2493 2619 haec
2515 2564 2789 2620 hactenus.

1950 2653 2040 2712 llI.
2075 2656 2452 2711 Monacliorum
2489 2667 2638 2723 erat,
2682 2660 2821 2728 quod
2851 2648 3053 2731 saepius
3075 2661 3133 2717 S.
3162 2662 3278 2733 ipse
3306 2666 3463 2720 Pater

1879 2744 2110 2814 fatetur,
2152 2746 2336 2802 labore
2379 2763 2636 2803 manuum
2666 2752 2765 2805 sibi
2796 2752 2991 2806 victum
3043 2770 3288 2820 quit-rere
3322 2772 3335 2808 :
3366 2758 3461 2812 sed

1876 2838 2043 2892 satius
2074 2839 2186 2908 ipse
2211 2839 2334 2903 sibi,
2365 2850 2528 2911 atque
2553 2841 2733 2895 utilius
2763 2844 3028 2898 universa:
3060 2847 3312 2902 Ecclesia:
3331 2864 3463 2903 con-

1876 2929 2072 2984 sultum
2119 2928 2231 2985 fore
2273 2932 2619 2996 existimavit,
2650 2934 2693 2987 si
2726 2951 2977 2990 manuum
3016 2936 3183 2993 labori
3223 2938 3460 2992 studium

1875 3019 2271 3092 Scripturarum
2301 3024 2676 3080 siibstittieret.
2707 3025 2876 3097 Magis
2916 3028 3041 3081 utile
3062 3068 3077 3091 ,
3111 3030 3312 3099 inquit,
3340 3032 3463 3098 quid

1876 3129 1939 3167 ea:
1966 3115 2069 3169 otio
2096 3130 2206 3168 meo
2244 3114 2485 3169 Ecclesia:
2511 3116 2702 3172 Clit-isti
2728 3127 2993 3172 venturum
3019 3128 3160 3171 ratus
3180 3161 3194 3182 ,
3223 3136 3374 3188 quant
3401 3137 3466 3176 ea:

1876 3210 2094 3264 aliorum
2136 3209 2334 3280 negotio
2381 3208 2573 3281 (Prtef.
2606 3210 2661 3263 in
2707 3208 2812 3265 Job
2857 3226 2920 3265 ea:
2964 3209 3159 3281 LXX).
3191 3211 3462 3282 Inprimis

1881 3303 2060 3374 itaque
2086 3317 2147 3358 se
2172 3301 2239 3356 ad
2270 3302 2507 3374 linguam
2546 3301 2862 3358 llebraicam
2891 3305 3076 3359 retulit
3107 3320 3121 3356 :
3154 3320 3313 3376 quam
3362 3308 3463 3362 etsi

1879 3396 2045 3464 probe
2071 3393 2316 3461 calleret,
2346 3393 2515 3448 voluit
2548 3401 2750 3459 tamen,
2778 3394 2952 3464 quoad
2982 3394 3096 3464 ejus
3126 3394 3239 3450 fieri
3270 3400 3464 3466 potuit,

1881 3489 2113 3557 penitius
2159 3486 2402 3557 adsequi.
2434 3486 2775 3556 Prmceptore
2803 3495 2929 3542 tunc
2966 3503 3092 3542 usus
3121 3501 3200 3543 est
3230 3488 3462 3559 quodam

1880 3580 2156 3641 Barabba,
2204 3580 2319 3635 sive
2369 3579 2632 3634 Baranina
2682 3578 2933 3650 (utroque
2980 3582 3123 3635 enim
3171 3582 3330 3636 modo
3373 3597 3470 3651 ap—

1882 3672 2067 3743 pellat)
2092 3671 2181 3743 qui
2213 3686 2335 3725 cum
2363 3685 2583 3724 suorum
2626 3669 2749 3724 odia
2782 3671 3059 3727 incurrere
3097 3688 3215 3728 eam
3255 3675 3327 3728 ob
3353 3690 3466 3729 rem

1886 3764 2130 3827 timeret,
2170 3769 2329 3817 noctu
2372 3769 2575 3814 tantum
2624 3760 2690 3814 ad
2738 3760 3119 3833 Hieronymum
3153 3766 3469 3832 accedebat,

1885 3854 2027 3909 unde
2073 3860 2131 3907 et
2176 3861 2450 3905 nocturnus
2500 3852 2737 3921 magister
2785 3852 2834 3905 ei
2880 3842 3094 3906 dicitur.
3145 3853 3326 3906 Prodit
3376 3854 3472 3909 diu

1885 3954 2008 4016 post
2031 3944 2100 3998 de
2121 3957 2180 3997 se
2206 3943 2341 4013 ipse,
2382 3940 2523 4010 quod
2552 3940 2690 3994 lianc
2718 3940 2951 4005 linguam
2978 3980 2992 4002 ,
3020 3957 3172 4009 quam
3200 3942 3260 3995 ab
3289 3943 3469 3995 adole.

1888 4037 2079 4092 scentia
2120 4034 2281 4089 multo
2326 4034 2499 4088 labore
2522 4048 2582 4086 ac
2609 4033 2795 4086 sudore
2822 4031 3118 4099 didicerat,
3158 4034 3467 4105 infatigabili

1890 4127 2215 4184 meditatione
2253 4140 2529 4196 numquam
2558 4122 2876 4189 deseruerit,
2907 4139 2971 4177 ite
3008 4122 3072 4177 ab
3102 4141 3162 4177 ea
3197 4126 3306 4194 ipse
3333 4126 3475 4181 dese-

1887 4229 2083 4275 reretur
2107 4216 2301 4290 (Epist.
2333 4212 2626 4287 CXVIII).
2664 4214 2748 4269 Ab
2794 4214 2898 4271 hoc
2935 4225 3113 4270 autem
3153 4217 3332 4272 studio
3355 4257 3371 4285 ,
3405 4220 3474 4274 ad

1888 4315 2282 4384 Scripturarum
2311 4310 2637 4380 Interpretes
2662 4307 2884 4378 gradum
2914 4310 3038 4364 fecit
3059 4352 3073 4377 ,
3106 4327 3333 4382 quorum
3365 4330 3474 4370 non

1889 4421 2053 4463 unum
2108 4415 2269 4475 atque
2321 4403 2585 4466 alterum,
2635 4399 2731 4456 sed
2774 4409 3036 4471 quotquot
3087 4400 3299 4457 fuerunt
3348 4418 3476 4462 ante

1888 4500 2065 4572 ipsum
2089 4539 2107 4566 ,
2151 4498 2339 4554 sedulo
2368 4496 2606 4560 evolvit,
2637 4493 2775 4549 adeo
2816 4503 2872 4547 ut
2913 4509 3071 4548 nemo
3100 4497 3212 4550 sive
3256 4495 3473 4554 Graecos

1889 4594 2003 4648 sive
2029 4594 2169 4646 inter
2199 4588 2420 4644 Latinos
2450 4587 2639 4641 Patres
2660 4626 2675 4652 ,
2705 4584 2887 4655 plures
2918 4599 3076 4654 quam
3111 4585 3473 4661 Hieronymus

1889 4685 2154 4740 Auctores
2182 4681 2375 4751 legisse
2403 4677 2672 4732 videatur.
2716 4676 2958 4731 Lectioni
2990 4676 3186 4734 deinde
3226 4681 3471 4751 scriptio-

1893 4791 2014 4832 neni
2041 4773 2238 4843 adjecit
2269 4787 2282 4824 :
2319 4773 2370 4825 in
2398 4785 2499 4840 qua
2527 4767 2739 4823 facilem
2787 4769 2944 4835 adeo,
2977 4777 3033 4825 et
3058 4785 3249 4825 sensus
3280 4784 3473 4842 spooto

1892 4881 1988 4927 sua
2012 4906 2028 4933 ,
2057 4874 2118 4920 ut
2155 4864 2229 4917 ita
2265 4861 2495 4916 dixerim
2522 4859 2702 4914 stilum
2733 4861 2954 4915 sortitus
2983 4869 3067 4917 est
3099 4876 3132 4916 a
3159 4874 3344 4918 natura
3370 4908 3385 4931 ,
3419 4876 3476 4921 ut

1892 4975 1998 5015 una
2020 4957 2288 5013 interdum
2312 4953 2682 5009 lucubratione
2709 4950 3124 5009 Commentariis
3152 4955 3203 5009 in
3228 4954 3473 5027 Scriptu-

1893 5068 2006 5108 rain
2037 5047 2441 5106 conscribendis
2475 5046 2620 5100 inille
2644 5060 2850 5111 versus,
2894 5061 2989 5100 seu
3019 5046 3188 5102 lineas
3217 5060 3471 5111 exarat-it.

1893 5154 1949 5202 et
1973 5142 2198 5215 singulis
2217 5140 2408 5196 diebus
2436 5138 2679 5209 singulos
2706 5137 2917 5193 Veteris
2939 5137 3281 5194 Instrninenti
3309 5140 3474 5196 libi-os

1892 5253 1957 5293 ex
1985 5236 2213 5291 Ilebrieo
2240 5232 2587 5289 converterit.
2618 5231 2877 5285 Assiduus
2913 5228 3049 5285 adeo
3082 5232 3245 5288 etiam
3279 5232 3378 5288 liae.
3419 5236 3471 5289 in

1893 5345 1952 5385 re
1971 5328 2072 5384 fuit
2096 5370 2112 5393 ,
2149 5335 2208 5381 ut
2233 5325 2376 5380 nulla
2406 5340 2510 5378 non
2538 5322 2623 5377 die
2651 5336 2923 5376 sacrarum
2949 5320 3140 5375 studiis
3171 5323 3469 5378 Literarnni

1891 5420 2277 5482 distineretur,
2312 5416 2364 5470 id
2391 5412 2534 5486 quod
2586 5413 2961 5468 Postumianus
2997 5411 3137 5479 apud
3180 5411 3470 5481 Sulpitiuin

1891 5515 2149 5570 Severum
2177 5509 2271 5577 (de
2308 5523 2415 5579 quo
2441 5506 2690 5574 superius
2726 5501 2914 5574 multa)
2948 5502 3138 5571 insigni
3170 5502 3345 5570 elogio
3378 5504 3471 5556 illo

1894 5618 2116 5665 testatur
2145 5625 2159 5661 :
2188 5605 2347 5661 Totus
2374 5605 2427 5658 in
2457 5602 2688 5667 lectione,
2722 5611 2855 5655 totus
2879 5600 2931 5652 in
2957 5596 3098 5652 libris
3124 5607 3196 5649 est
3218 5612 3237 5650 :
3261 5613 3362 5650 non
3388 5598 3472 5657 die

1891 5718 1993 5756 non
2014 5707 2158 5755 nocte
2176 5696 2477 5765 requiescit:
2507 5701 2594 5745 aut
2622 5691 2742 5762 legit
2769 5689 2963 5760 aliquid
2985 5701 3200 5754 semper,
3223 5696 3311 5741 aut
3337 5692 3470 5744 seri.

1891 5793 1961 5848 bit
1987 5790 2153 5864 (Dial.
2187 5785 2292 5859 ιι).
