4004 6328
503 374 572 434 67
1759 376 1816 433 S.
1857 373 2233 434 IIIERONYB'II
2274 372 2458 432 VITA.
3703 386 3774 443 433

571 492 661 549 IV.
688 492 792 550 Sed
823 492 1020 564 scripta
1049 492 1167 564 eius
1195 492 1480 564 peculiaria
1512 491 1663 563 juxta
1708 492 1944 549 historia:
1979 509 2071 547 or-

503 583 683 638 dinem
725 598 1119 638 recenseamus.
1173 583 1447 639 Petierunt
1483 584 1550 638 ab
1595 599 1660 637 co
1708 583 1869 638 Paula
1920 594 2078 653 atque

496 672 871 736 Eustochium,
902 683 960 728 ut
990 674 1040 728 in
1071 673 1220 728 Pauli
1252 673 1541 743 Epistolas,
1569 690 1705 744 quas
1736 690 1892 728 nemo
1921 683 2076 728 antea

495 766 805 822 Latinorum
837 766 1012 823 fuerat
1051 769 1457 837 interpretatus,
1483 768 1914 822 Commentarios
1939 769 2075 822 scri-

495 859 667 915 beret.
699 860 904 926 Quibus
932 860 1024 916 ille
1075 869 1130 914 ut
1175 861 1376 915 laceret
1419 859 1549 914 satis
1574 900 1588 922 ,
1636 876 1666 913 a
1701 860 1948 914 breviore
1970 902 1984 924 ,
2022 867 2078 914 et

497 953 666 1020 magis
705 952 985 1022 expedita,
1035 968 1155 1022 qnze
1185 961 1267 1006 est
1304 951 1370 1005 ad
1414 950 1820 1014 Philemonem,
1866 950 2073 1004 initium

493 1043 640 1099 fecit.
669 1043 907 1114 Sumpsit
935 1054 1047 1113 post
1081 1042 1272 1113 aliquot
1303 1044 1409 1096 dies
1434 1041 1799 1112 exponendam
1837 1043 1979 1096 illam
2007 1041 2073 1095 ad

493 1135 736 1203 Galatas,
764 1151 920 1207 quam
955 1136 1120 1191 tribus
1151 1136 1300 1190 libris
1326 1137 1575 1190 absolvit.
1608 1135 1662 1188 In
1693 1137 1774 1188 his
1805 1134 2073 1206 Origenem

491 1239 728 1295 secutus,
773 1245 960 1284 novam
991 1231 1057 1283 de
1082 1229 1140 1284 S.
1183 1227 1324 1282 Petri
1369 1244 1489 1282 cum
1524 1227 1686 1281 Paulo
1711 1226 2072 1295 disputatione

491 1321 638 1384 litem
668 1322 978 1383 commovit.
1010 1320 1076 1375 de
1099 1336 1200 1390 qua
1225 1320 1468 1389 pluribus
1488 1319 1680 1373 deinde
1709 1319 1759 1372 in
1788 1330 2068 1388 utramque

491 1423 696 1482 partem
743 1413 855 1480 ipse
884 1453 899 1474 ,
931 1422 1089 1482 atque
1118 1413 1448 1481 Augustinus
1496 1411 1750 1482 Epistolis
1775 1410 2069 1465 contende-

487 1514 634 1559 runt.
665 1504 722 1559 lu
771 1503 1212 1571 Prtel'ationibus,
1245 1504 1388 1574 quod
1435 1504 1550 1557 haec
1595 1519 1826 1572 propere
1871 1504 2072 1558 dictare

487 1603 787 1664 cogeretur,
815 1605 867 1647 et
893 1593 1034 1664 quod
1061 1609 1232 1663 neque
1255 1593 1611 1662 excogitatum
1639 1608 1770 1660 opus
1798 1603 2067 1662 appareat,

489 1699 666 1753 neque
691 1683 977 1737 admodum
1007 1684 1218 1738 limatus
1243 1699 1442 1746 sermo,
1473 1684 1668 1751 saapius
1697 1694 1935 1736 excusat.
1967 1683 2072 1738 lte-

488 1779 713 1833 colenda
749 1779 800 1832 in
844 1778 980 1832 hanc
1019 1794 1130 1832 rem
1171 1793 1336 1847 pauca
1381 1775 1623 1846 quaedam
1653 1792 1715 1829 ex
1753 1775 2070 1830 Prtelatione

493 1869 652 1923 tertia
686 1887 698 1922 :
733 1869 966 1935 Omnem,
996 1869 1205 1938 inquit,
1234 1868 1534 1936 elegantiam
1558 1907 1572 1932 ,
1602 1875 1648 1919 et
1675 1864 1844 1918 Latini
1883 1867 2070 1936 eloquii

491 1969 798 2012 venustatem
820 1960 1006 2012 stridor
1024 1959 1253 2012 lectionis
1280 1957 1545 2011 licbraica:
1568 1957 1862 2010 sordidavit.
1893 1955 2066 2010 Nostis

485 2049 618 2102 enim
645 2060 691 2102 et
711 2050 837 2116 ipsa:
861 2050 1046 2118 (Paula
1075 2058 1234 2118 atque
1260 2047 1625 2117 Eustochium)
1646 2050 1780 2116 quod
1799 2050 2064 2116 plusquant

488 2141 774 2210 quindecim
795 2142 919 2193 anni
945 2149 1061 2194 sunt
1080 2180 1096 2205 ,
1126 2156 1188 2193 ea:
1210 2157 1310 2208 quo
1336 2141 1386 2194 in
1417 2155 1598 2192 manus
1629 2155 1763 2193 meas
1793 2155 2067 2208 numquam

482 2231 684 2286 Tullius
708 2273 723 2295 ,
759 2247 1031 2300 numquam
1060 2229 1211 2282 Maro
1235 2271 1250 2294 ,
1283 2243 1556 2299 numquam
1593 2228 1864 2282 Gentilium
1890 2230 2066 2281 litera-

481 2339 595 2374 rum
639 2321 844 2387 quilibet
891 2321 1081 2373 Auctor
1130 2319 1351 2373 ascendit
1381 2334 1398 2372 :
1425 2330 1470 2373 et
1514 2319 1558 2372 si
1605 2317 1727 2388 quid
1769 2318 1901 2388 forte
1947 2318 2066 2370 dum

481 2418 733 2487 loquimur
754 2458 768 2480 ,
813 2416 1046 2484 obrepit,
1095 2415 1238 2484 quasi
1269 2414 1462 2484 antiqui
1490 2430 1578 2483 per
1608 2414 1842 2466 nebulam
1885 2413 2068 2466 somnii

481 2510 828 2563 recordamur.
866 2507 1000 2573 Quid
1027 2519 1194 2562 autem
1235 2507 1534 2578 profecerim
1581 2522 1643 2558 ea:
1692 2505 1881 2575 lingua:
1928 2504 2068 2558 illius

483 2600 795 2668 infatigabili
839 2600 1008 2652 studio
1034 2640 1049 2664 ,
1098 2599 1317 2652 aliorum
1353 2598 1550 2667 judicio
1600 2597 1890 2668 derelinquo
1928 2614 1946 2650 :
1978 2614 2068 2667 ego

481 2690 602 2759 quid
629 2691 680 2742 in
708 2705 819 2743 mea
841 2691 1117 2752 amiserim,
1152 2690 1276 2742 scio.
1311 2687 1513 2741 Accedit
1541 2687 1608 2739 ad
1636 2687 1729 2741 hoc
1753 2729 1770 2754 ,
1801 2687 1919 2758 quia
1945 2704 2036 2756 pro
2059 2720 2066 2724 -

481 2793 592 2854 pter
619 2782 919 2846 oculorum,
949 2792 994 2835 et
1019 2782 1171 2834 totius
1196 2781 1484 2851 corpusculi
1513 2779 1886 2846 inﬁrmitatem,
1916 2796 2070 2832 mauu

481 2889 591 2926 mea
619 2873 728 2943 ipse
751 2889 854 2924 non
874 2871 1036 2925 scribo
1060 2913 1074 2937 ,
1110 2887 1200 2924 nec
1241 2870 1413 2923 labore
1454 2879 1500 2922 et
1542 2868 1805 2937 diligentia
1832 2885 2068 2939 compen-

481 2981 593 3020 sare
635 2981 758 3034 queo
788 2964 976 3034 eloquii
1007 2963 1295 3016 tarditatem
1326 2977 1344 3015 :
1372 2961 1507 3031 quod
1533 2962 1594 3012 de
1632 2959 1844 3030 Virgilio
1871 2976 2070 3032 quoque

481 3058 709 3121 tradunt,
738 3059 856 3127 quia
903 3057 1057 3110 libros
1086 3071 1203 3110 suos
1247 3055 1299 3106 in
1347 3053 1552 3106 modum
1581 3068 1812 3106 ursorum
1858 3054 2066 3122 [mtuum

483 3151 746 3205 lambendo
772 3150 1086 3221 ﬁguraverit.
1121 3146 1306 3202 Verum
1326 3147 1487 3199 accito
1517 3143 1751 3208 Notario,
1783 3154 1871 3197 aut
1899 3147 2069 3198 statim

484 3244 619 3296 dicto
643 3243 993 3313 quodcumque
1043 3243 1097 3294 in
1148 3241 1351 3294 buccant
1373 3239 1557 3292 venerit
1585 3254 1603 3292 :
1632 3251 1717 3290 aut
1739 3239 1780 3290 si
1803 3239 2068 3308 paululum

484 3337 686 3390 voluero
725 3335 945 3404 cogitare
972 3375 986 3398 ,
1031 3334 1211 3386 melius
1255 3331 1451 3401 aliquid
1495 3330 1804 3400 prolaturus,
1839 3341 1955 3382 tunc
1994 3344 2071 3383 me

485 3429 666 3480 tacitus
694 3425 781 3480 ille
817 3424 1168 3494 reprehendit,
1201 3441 1406 3477 manum
1446 3424 1696 3477 contra/tit
1721 3464 1734 3485 ,
1767 3434 1811 3476 et
1851 3425 2070 3493 frontem

485 3528 636 3590 rugat
662 3559 677 3584 ,
708 3527 753 3570 et
779 3534 832 3570 se
859 3520 1050 3588 frustra
1077 3516 1254 3570 adesse
1278 3558 1292 3582 ,
1337 3526 1439 3569 toto
1465 3526 1604 3585 gestu
1629 3516 1855 3583 corporis
1896 3524 2066 3567 conte-

486 3621 668 3664 statur.
712 3608 892 3678 Neque
934 3618 1017 3662 est
1069 3608 1536 3677 przetereundum,
1586 3607 1728 3678 quod
1776 3606 1840 3660 ad
1891 3622 2068 3660 rerum

488 3703 1026 3772 Ilieronymianartnn
1099 3700 1370 3752 historiam
1455 3707 1706 3768 spectat,
1773 3699 2070 3751 nuntiatum

487 3795 653 3849 fuisse
691 3793 832 3857 sibi,
865 3808 985 3846 cum
1033 3790 1178 3844 hisce
1205 3791 1527 3845 adornandis
1569 3791 1620 3845 in
1666 3789 1958 3858 Epistolam
2005 3789 2071 3842 ad

487 3884 705 3940 Galatas
731 3883 1143 3937 Commentariis
1173 3882 1409 3935 animum
1461 3881 1780 3950 adiecisset,
1826 3881 2071 3934 Albinam

487 3975 819 4029 renerabilem
867 3990 1018 4026 anum
1045 4014 1060 4038 ,
1109 3972 1371 4026 Marcella:
1421 3982 1645 4026 matrem
1671 4013 1685 4036 ,
1716 3971 1932 4026 obiissc.
1968 3970 2076 4024 Ad-

491 4067 646 4120 ltmsit
692 4067 815 4120 huic
866 4066 1084 4128 statim,
1139 4065 1324 4117 matris
1370 4063 1724 4117 contubernio
1778 4061 2070 4126 destitute,

491 4157 775 4224 Principia,
798 4171 916 4224 qua:
953 4164 1072 4222 post
1099 4155 1408 4220 Hieronymi
1436 4154 1502 4205 ab
1533 4152 1679 4208 Urbe
1700 4153 1996 4206 discessum
2022 4151 2075 4205 in

492 4245 573 4298 sui
603 4246 780 4299 locum
811 4253 1142 4298 successerat
1167 4261 1178 4296 :
1207 4259 1416 4311 unaque
1436 4244 1607 4297 amba:
1633 4243 1686 4296 in
1713 4243 2075 4297 suburbanum

494 4350 722 4404 agrum,
758 4345 1024 4402 tamquam
1057 4333 1109 4387 in
1157 4332 1497 4387 solitudinem
1556 4347 1676 4387 sese
1741 4341 2074 4402 receperunt.

495 4427 629 4481 Rem
662 4438 842 4481 narrat
867 4425 925 4480 S.
958 4426 1071 4492 ipse
1102 4423 1261 4478 Pater
1297 4423 1492 4493 partim
1536 4422 1852 4476 Pratfzuione
1883 4423 1934 4476 in
1966 4423 2078 4492 pri-

497 4534 641 4573 mum
680 4517 1132 4572 Commentarinm
1153 4557 1166 4581 ,
1215 4515 1407 4586 partim
1448 4513 1619 4582 Epist.
1650 4511 1909 4568 CXXVII.
1939 4513 2079 4582 quod

497 4618 582 4665 est
612 4609 873 4665 Marcella:
903 4609 1273 4680 Epitaphium.

572 4701 736 4756 Porro
770 4710 947 4755 autem
982 4702 1269 4771 incoeptum
1310 4700 1500 4758 sedulo
1529 4708 1859 4770 persecutus,
1890 4697 2081 4752 subse-

500 4800 749 4862 quentem
787 4792 855 4845 ad
898 4791 1157 4860 Ephesios
1198 4793 1492 4861 Epistulam
1553 4789 1922 4860 esponendam
1955 4829 1969 4853 ,
2023 4795 2084 4842 ut

501 4883 634 4938 alias
659 4881 878 4946 fecerat,
905 4883 1152 4952 sumpsit,
1173 4893 1226 4937 et
1255 4883 1422 4938 tribus
1452 4881 1634 4937 itidem
1663 4881 1810 4935 libris
1833 4880 2080 4935 absolvit.

503 4974 569 5029 Et
591 4974 767 5028 Paula:
787 4973 1000 5043 quidem
1023 4984 1183 5043 atque
1208 4973 1498 5026 Eustochio
1518 4972 1586 5027 de
1614 4987 1763 5026 more
1789 4971 2080 5040 inscripsit,

503 5065 597 5121 sed
620 5075 674 5120 et
697 5065 1021 5128 Marcellam,
1049 5080 1205 5133 quam
1227 5073 1384 5119 vocat
1404 5064 1610 5116 unicum
1640 5063 1902 5115 uiduitatis
1924 5076 2085 5115 exem-

505 5156 621 5226 plar
645 5196 662 5221 ,
695 5155 747 5209 in
781 5155 1099 5210 Praelatione
1129 5155 1308 5224 priore
1337 5154 1597 5217 nominat,
1627 5162 1684 5206 ut
1713 5152 1778 5205 ad
1807 5167 1925 5206 eam
1955 5167 2085 5220 quo-

505 5261 609 5313 que
639 5245 927 5300 transmitti
955 5260 1091 5314 opus
1119 5247 1220 5299 hoc
1246 5261 1400 5300 sumu
1442 5244 1600 5307 velit,
1625 5259 1686 5297 ea
1716 5243 1962 5297 cautione
1987 5241 2084 5296 ad-

506 5335 669 5391 hibita
697 5344 750 5388 ut
779 5351 845 5390 ne
875 5335 1156 5390 maledicis
1181 5346 1342 5404 atque
1373 5334 1565 5388 invidis
1590 5333 1866 5403 legendum
1892 5333 2084 5389 tradat.

505 5428 641 5496 Quin
673 5429 833 5482 etiam
863 5427 916 5481 id
945 5428 1109 5498 ipsum
1132 5444 1221 5498 per
1252 5427 1508 5498 Epistolas
1537 5427 1794 5496 ﬂagitasse
1820 5426 1963 5479 illam
1992 5427 2087 5481 abs

506 5535 566 5576 se
591 5561 608 5587 ,
641 5518 840 5574 indicat
870 5517 1187 5573 Pradatione
1229 5517 1460 5572 secunda
1486 5558 1501 5580 ,
1532 5518 1689 5586 inque
1719 5501 2086 5586 ejus-gratiam

509 5608 624 5664 haec
647 5623 708 5665 se
728 5610 990 5664 adornare
1013 5608 1297 5678 significat,
1329 5624 1457 5661 nova
1483 5607 1708 5661 subinde
1737 5605 1953 5660 Romam
1980 5623 2090 5660 ntu-

511 5698 724 5754 nuscula
753 5700 1156 5756 transmittenda.
1193 5699 1428 5768 Denique
1453 5697 1518 5752 ad
1549 5697 1727 5752 Titum
1755 5713 1872 5768 qua:
1898 5699 2088 5752 inscri-

512 5790 674 5864 bitur,
708 5797 864 5866 paulo
885 5805 1006 5867 post
1032 5793 1286 5866 singulari
1317 5808 1488 5864 coque
1518 5792 1664 5850 brevi
1691 5791 2089 5847 Commentario

2188 491 2512 562 esplanavit.
2556 489 2698 546 Nihil
2724 491 2868 562 quod
2911 493 3238 564 propositum
3279 505 3524 552 nostrum
3567 509 3774 567 spectet

2184 584 2238 638 in
2297 599 2359 638 ea
2409 583 2727 640 Prml‘atione
2764 589 2990 642 monuit.
3032 587 3112 642 Ad
3152 587 3355 659 Capitis
3393 603 3572 646 autem
3614 595 3771 663 primi

2182 688 2392 728 versum
2435 673 2772 730 undecimum
2803 689 2862 729 se
2891 679 3000 742 ait,
3049 688 3166 731 ante
3211 695 3400 749 paucos
3440 698 3639 736 menses
3676 685 3774 737 tria

2181 764 2438 818 volumina
2484 766 2536 818 in
2578 763 2824 834 Epistolte
2871 767 2941 821 ad
2987 765 3200 823 Galatas
3239 771 3650 837 explanationem
3687 775 3771 828 di-

2181 867 2342 910 ctasse
2370 874 2389 912 :
2418 874 2480 913 ex
2510 873 2616 928 quo
2645 859 2758 914 luce
2787 861 3080 914 meridiana
3109 862 3304 917 clarius
3335 873 3439 928 est,
3460 865 3627 919 hosce
3655 867 3776 920 nni-

2184 965 2370 1004 versos
2419 951 2472 1003 in
2521 962 2747 1020 quatuor
2807 952 2956 1007 Pauli
3021 953 3289 1022 Epistolas
3339 955 3772 1012 Commentarios

2180 1040 2343 1096 fuisse
2366 1059 2468 1097 non
2499 1043 2687 1098 eodem
2716 1045 2876 1099 modo
2915 1061 3090 1108 anno,
3122 1047 3216 1102 sed
3245 1047 3372 1100 anni
3399 1049 3562 1102 etiam
3596 1059 3764 1116 parte,

2179 1148 2272 1188 seu
2322 1149 2608 1203 paucorum
2662 1135 2834 1204 spatio
2896 1137 3157 1191 mensium
3208 1137 3535 1194 elaboratos.
3585 1139 3769 1209 Neque

2180 1239 2340 1293 porro
2378 1225 2538 1280 alium
2579 1225 2744 1280 videri
2785 1226 3016 1280 diximus
3059 1229 3170 1282 suis
3208 1228 3339 1282 locis
3364 1269 3380 1292 ,
3426 1245 3590 1298 quam
3641 1229 3764 1293 587,

2175 1317 2260 1371 vel
2297 1318 2662 1386 insequentem
2692 1334 2706 1373 :
2738 1317 2787 1372 id
2815 1319 2956 1388 quod
2983 1334 3089 1372 uno
3118 1329 3278 1388 atque
3301 1321 3472 1374 altero
3504 1329 3764 1388 pra-terea

2175 1418 2488 1478 argumento
2513 1410 2834 1464 confirmare
2860 1409 3011 1464 libet.
3043 1412 3216 1478 Atque
3256 1409 3348 1463 illo
3377 1426 3500 1464 cum
3538 1410 3725 1480 primis
3747 1453 3762 1476 ,

2175 1499 2316 1568 quod
2361 1515 2420 1553 se
2459 1499 2533 1553 ait
2579 1500 2638 1553 S.
2680 1499 2838 1553 Pater
2879 1500 2942 1553 ab
2981 1501 3129 1553 annis
3167 1506 3436 1570 plusquam
3477 1501 3762 1567 quindecim

2177 1589 2378 1643 nullum
2408 1589 2697 1644 Gentilium
2731 1590 3004 1644 literarum
3035 1592 3318 1646 Auctorem
3341 1593 3390 1645 in
3411 1608 3604 1646 manus
3621 1609 3764 1646 sum-

2177 1680 2348 1749 psisse
2374 1697 2385 1730 :
2419 1681 2487 1734 ab
2525 1696 2591 1735 eo
2617 1681 2841 1747 scilicet,
2875 1691 2932 1735 nt
2963 1683 3091 1736 nihil
3120 1681 3336 1736 dubium
3369 1692 3471 1748 est,
3499 1670 3758 1752 tempore,

2175 1787 2280 1842 quo
2313 1789 2404 1841 per
2429 1773 2696 1827 somnium
2724 1772 3046 1837 admonitus,
3075 1788 3194 1826 cum
3224 1789 3282 1828 se
3317 1775 3550 1829 Calcidis
3577 1791 3760 1829 eremo

2173 1864 2504 1931 abdidisset,
2535 1864 2877 1936 profanorum
2905 1867 3234 1934 Scriptorum
3279 1867 3495 1921 lectioni
3522 1867 3647 1936 jure
3669 1867 3757 1937 ju-

2174 1956 2341 2009 rando
2372 1958 2714 2011 renuntiavit.
2749 1957 2881 2012 IIuic
2920 1966 3095 2011 autem
3130 1961 3386 2027 temporis
3415 1961 3678 2013 notationi
3713 1960 3756 2014 si

2172 2047 2476 2115 quindecim
2510 2048 2629 2102 illos
2655 2063 2824 2102 annos
2859 2047 3022 2101 addas
3048 2089 3061 2111 ,
3091 2048 3156 2101 ad
3197 2047 3338 2102 hunc
3385 2051 3634 2103 nimirum
3661 2049 3756 2103 de-

2171 2138 2375 2200 venies,
2406 2154 2563 2207 quem
2591 2138 2824 2192 diximus
2855 2140 2980 2194 587.
3011 2139 3242 2208 Idipsum
3273 2139 3472 2195 Rnflini
3502 2156 3751 2210 compro-

2174 2231 2263 2285 bat
2307 2232 2668 2286 testimoninm
2719 2233 2852 2286 libro
2880 2230 3269 2288 liivcctivarnm
3310 2234 3548 2288 secundo
3575 2235 3755 2305 (quem

2172 2324 2277 2376 scis
2303 2339 2495 2391 nempe
2519 2326 2777 2393 scriptum
2816 2339 2959 2379 anno
2989 2325 3141 2392 401),
3176 2325 3260 2378 ubi
3301 2325 3753 2380 Comtnentarinm

2172 2411 2484 2484 IIierooymi
2513 2415 2562 2467 in
2606 2414 2899 2484 Epistolam
2938 2415 3002 2468 ad
3037 2415 3296 2484 Ephesios
3324 2426 3443 2468 ante
3470 2417 3756 2486 quindecim
3814 2455 3818 2467 .

2172 2508 2330 2575 ferme
2355 2521 2517 2559 annos
2556 2507 2800 2574 scriptum
2845 2507 3093 2560 alllrmat.
3147 2507 3210 2559 Et
3253 2506 3611 2578 Hieronymus
3638 2511 3754 2579 qui-

2171 2594 2292 2648 dem
2337 2605 2556 2650 esactos
2597 2597 2706 2664 jam
2748 2606 3084 2666 supputartt;
3136 2596 3379 2650 Rullinus
3407 2598 3628 2651 vixdum
3677 2599 3757 2653 in-

2172 2697 2398 2754 cmptos.
2440 2685 2638 2740 Eadem
2687 2685 2915 2756 denique
2962 2686 3227 2740 Chronica
3282 2695 3406 2739 nota
3464 2687 3638 2742 elucet
3690 2705 3755 2743 ex

2173 2775 2494 2832 Prwl’atione
2540 2777 2929 2833 Commentarii
2983 2778 3034 2832 in
3085 2777 3504 2844 Eccle‘siastem,
3549 2780 3617 2834 de
3658 2797 3752 2848 qua

2172 2869 2274 2922 erit
2315 2869 2558 2938 sequenti
2603 2869 2778 2938 capite
2815 2869 3028 2924 dicendi
3075 2870 3244 2924 locus.
3278 2869 3434 2935 Quod
3479 2871 3646 2938 igitur
3685 2871 3757 2923 ait

2173 2959 2232 3015 S.
2267 2961 2421 3014 Pater
2465 2959 2626 3013 Libro
2669 2962 2841 3029 primo
2885 2971 3068 3014 contra
3102 2943 3371 3014 llul'linnm
3416 2961 3486 3016 de
3533 2963 3754 3029 exposi-

2174 3052 2318 3105 tione
2345 3066 2439 3104 sna
2479 3052 2531 3106 in
2571 3051 2864 3120 Epistolam
2895 3052 2960 3107 ad
2994 3052 3253 3121 Ephesios
3276 3094 3290 3116 ,
3340 3051 3526 3106 Decem
3573 3065 3620 3106 et
3647 3065 3756 3106 octo

2173 3143 2330 3212 [crine
2356 3144 2479 3194 anni
2504 3153 2641 3210 sunt,
2672 3159 2735 3196 ea:
2757 3160 2856 3212 quo
2884 3144 3005 3196 istos
3031 3144 3216 3197 dictavi
3246 3143 3417 3206 libros,
3452 3161 3510 3198 eo
3537 3155 3758 3209 tempore

2172 3253 2270 3306 quo
2315 3235 2548 3306 Origenis
2595 3252 2777 3289 nomen
2825 3236 3034 3305 ﬂorebat
3060 3238 3111 3288 in
3153 3235 3374 3302 mundo,
3417 3238 3760 3291 omninoant

2173 3343 2362 3384 errore
2414 3329 2851 3399 Antiquariornm
2907 3331 2958 3382 in
3015 3331 3301 3384 numericis
3358 3331 3500 3383 notis
3553 3331 3759 3384 laborat

2175 3418 2456 3489 (siquidem
2488 3421 2621 3474 nihil
2644 3419 2862 3473 dubium
2893 3429 2997 3484 est,
3027 3437 3149 3474 eum
3179 3435 3319 3472 anno
3344 3420 3472 3484 dOI,
3511 3419 3630 3474 haec
3667 3421 3758 3474 ad-

2175 3527 2361 3567 versus
2384 3514 2636 3566 annulum
2661 3528 2814 3567 suum
2842 3513 3142 3582 scripsisse)
3170 3523 3223 3564 et
3255 3512 3555 3578 Quindecim
3580 3517 3756 3583 ferme,

2174 3603 2288 3658 sive
2311 3602 2427 3656 XV.
2462 3618 2556 3672 pro
2609 3602 2796 3657 Decem
2839 3613 2886 3656 et
2924 3614 3068 3668 octo,
3111 3603 3224 3658 sive
3265 3602 3426 3657 XVIII
3474 3603 3757 3672 legendum

2177 3706 2300 3750 est:
2331 3704 2424 3748 ant
2449 3695 2591 3764 quod
2634 3706 2822 3764 putare
2870 3696 3048 3749 malim
3073 3738 3088 3760 ,
3118 3695 3184 3749 de
3222 3710 3288 3748 eo
3327 3706 3571 3764 tempore
3618 3699 3760 3751 acci-

2177 3786 2406 3857 piendos
2452 3795 2535 3839 est
2583 3785 2729 3854 loqui
2781 3786 3172 3857 llieronymns,
3219 3801 3327 3854 quo
3369 3788 3601 3853 primum
3633 3790 3758 3842 scri-

2179 3875 2447 3946 ptionibus
2475 3874 2719 3946 Origenis
2763 3875 2815 3929 in
2858 3875 3104 3930 Latimun
3155 3875 3498 3931 refundendis
3545 3893 3760 3932 manum

2177 3969 2432 4023 admovit.

2252 4061 2337 4116 IV.
2375 4060 2518 4114 Nihil
2544 4075 2672 4116 vero
2703 4061 2846 4116 aliud
2875 4071 3133 4131 pra-terea
3162 4059 3684 4115 Commentariorum
3711 4061 3762 4114 iu

2182 4155 2498 4224 Apostolum
2527 4154 2897 4208 elucubratutn
2925 4155 2992 4208 ab
3029 4169 3093 4207 eo
3126 4162 3210 4207 est
3239 4170 3251 4206 :
3279 4165 3332 4205 ut
3363 4152 3595 4221 ipsemet
3616 4151 3756 4206 indi-

2182 4256 2268 4302 cat
2296 4248 2349 4300 in
2381 4261 2600 4301 suorum
2629 4246 2889 4316 Catalogo
2917 4262 3176 4316 operum,
3206 4245 3294 4300 ubi
3328 4245 3457 4299 istas
3488 4245 3765 4300 dumtaxat

2183 4336 2426 4392 laudatas
2442 4343 2670 4405 quatuor
2694 4337 2959 4405 Epistolas
2979 4337 3074 4390 abs
3095 4351 3154 4391 se
3170 4335 3463 4406 explicatas
3484 4345 3763 4390 recenset:

2185 4428 2394 4483 tametsi
2425 4427 2568 4481 illam
2607 4427 2674 4480 ad
2705 4427 3110 4492 Philemonem,
3137 4443 3167 4481 a
3195 4443 3296 4496 qua
3331 4427 3540 4482 initium
3567 4427 3766 4495 Expla-

2185 4517 2418 4572 nationis
2449 4531 2559 4570 sua:
2585 4516 2732 4580 fecit,
2761 4526 3037 4585 postremo
3067 4516 3188 4569 loco
3209 4516 3438 4570 collocat
3469 4556 3484 4581 ,
3517 4518 3766 4572 ordinem

2185 4613 2368 4681 potius
2395 4609 2820 4679 Scripturarum,
2844 4623 3004 4678 quam
3039 4609 3297 4676 temporis
3319 4619 3559 4662 secutus.
3593 4609 3767 4663 Aber-

2186 4710 2308 4755 rant
2347 4700 2524 4768 itaque
2557 4714 2589 4753 a
2614 4713 2744 4752 vero
2773 4697 3085 4767 longissime
3105 4735 3120 4758 ,
3152 4697 3242 4766 qni
3277 4704 3448 4749 totum
3477 4697 3644 4751 fuisse
3672 4700 3770 4751 abs

2187 4791 2511 4862 Hieronymo
2534 4790 2850 4858 Apostolum
2876 4786 3294 4843 Commentariis
3318 4788 3644 4843 illustratum
3659 4789 3770 4857 jam

2187 4882 2314 4938 inde
2341 4899 2371 4937 a
2396 4882 2722 4938 Cassiodorii
2748 4897 2864 4936 mvo
2889 4881 3131 4936 arbitrati
3158 4890 3304 4936 sunt.
3352 4881 3558 4936 Eueum
3591 4922 3607 4947 ,
3641 4883 3772 4950 opi-

2189 4975 2310 5027 nior
2335 5015 2350 5040 ,
2399 4971 2529 5027 fecit
2557 4971 2812 5026 studiosis
2839 4973 2966 5026 viris
3004 4972 3152 5026 locus
3178 4971 3267 5026 ille
3295 4971 3508 5041 Prologi
3545 4972 3770 5028 alterius

2192 5063 2314 5119 libri
2335 5062 2389 5116 in
2419 5061 2711 5134 Epistolam
2734 5061 2801 5115 ad
2834 5061 3115 5132 Ephesios,
3148 5060 3236 5117 ubi
3263 5063 3426 5124 suis;
3472 5062 3532 5117 S.
3567 5063 3726 5118 Pater
3763 5101 3779 5129 ,

2193 5153 2350 5209 Pauli
2375 5195 2390 5219 ,
2421 5154 2612 5222 inquit,
2642 5152 2904 5224 Epistolas
2929 5168 3176 5206 conamur
3201 5169 3454 5220 exponere
3485 5169 3505 5207 :
3530 5154 3674 5224 quod
3705 5153 3774 5209 de

2194 5247 2462 5300 universis
2487 5245 2687 5300 dictum
2718 5255 3061 5314 acceperunt,
3090 5259 3213 5300 cum
3239 5244 3326 5298 vel
3350 5245 3496 5300 solas
3519 5245 3618 5299 has
3638 5263 3773 5316 qua-

2194 5346 2315 5391 tuor
2335 5344 2577 5407 spectet,
2600 5336 2685 5390 vel
2713 5345 2862 5390 certe
2894 5335 3229 5404 propositum
3259 5333 3423 5390 modo
3449 5335 3653 5390 indicet
3691 5347 3775 5389 at-

2193 5443 2296 5497 que
2315 5428 2588 5492 animum,
2621 5441 2780 5495 quem
2821 5426 2874 5479 in
2911 5426 3148 5496 reliquas
3183 5426 3456 5481 scribendi
3499 5427 3773 5488 habebat,

2195 5533 2484 5587 numquam
2513 5527 2694 5572 autem
2721 5517 2975 5586 explevit.
3006 5517 3191 5587 Neque
3214 5517 3315 5572 hac
3342 5519 3448 5571 line
3476 5521 3628 5573 stetit
3659 5533 3774 5572 ma-

2196 5609 2344 5673 lum,
2382 5607 2606 5662 subinde
2651 5609 2795 5664 enim
2839 5610 3079 5664 invenire
3116 5620 3199 5664 est
3248 5613 3299 5663 in
3349 5610 3588 5680 antiquis
3633 5611 3781 5665 libris

2197 5699 2525 5769 Hieronymo
2563 5699 2868 5770 adscriptas
2897 5701 3296 5755 Commentarios
3332 5701 3384 5753 in
3421 5716 3598 5756 omnes
3627 5700 3780 5754 Pauli

2205 5789 2489 5862 Epistolas,
2520 5791 2610 5847 illa
2637 5807 2756 5864 qua:
2785 5801 2869 5850 est
2908 5793 2974 5848 ad
3007 5793 3261 5849 Hebraeos
3287 5802 3536 5864 excepta.
3557 5791 3779 5850 Tantam
