4004 6328
238 408 300 465 69

233 528 348 581 oiim
376 524 616 584 fraudem
644 528 843 586 inferre
870 530 1075 588 librarii
1106 532 1217 589 ausi
1244 543 1388 602 sunt,
1407 545 1642 607 quazstus
1661 551 1786 605 gra-

231 620 295 673 tia
319 660 334 683 ,
376 627 433 674 ut
471 635 610 691 opus
638 637 670 677 a
714 623 1042 693 nequissimo
1084 625 1369 690 hzeretico,
1409 637 1463 682 et
1488 628 1532 682 si
1562 627 1785 698 Superis

226 710 401 781 placet,
426 712 660 767 nominis
685 713 1078 787 Hieronymiani
1116 716 1267 771 hoste
1294 715 1649 772 infensissimo
1671 717 1785 772 elu-

225 804 491 859 cubralum
518 846 534 871 ,
568 804 670 875 ipsi
719 806 1047 879 Hieronymo
1091 809 1480 864 adscriberent.
1536 808 1642 864 Sed
1699 820 1780 864 est

218 893 515 963 jamdudum
550 896 689 951 inter
713 898 1047 966 supposititia
1072 899 1411 954 amendatum
1434 940 1450 965 ,
1499 914 1699 969 nosque
1727 900 1777 952 in

222 986 351 1041 hunc
380 987 668 1057 rejecimus
687 987 921 1058 Operum
948 989 999 1044 id
1029 1005 1198 1060 genus
1242 1001 1442 1045 tomum
1468 1031 1483 1057 ,
1516 1005 1685 1062 eaque
1711 991 1779 1047 de

219 1091 271 1130 re
294 1076 418 1130 satis
438 1077 493 1130 in
526 1079 743 1147 praefixa
771 1079 1151 1136 Admonitioue
1172 1081 1423 1136 diximus.

278 1162 339 1218 ν.
383 1164 492 1220 Sed
530 1177 659 1221 sunt
701 1169 943 1238 qumdam
994 1171 1047 1225 in
1086 1181 1420 1226 antecessum
1464 1171 1532 1227 de
1572 1173 1778 1228 ratione

215 1267 305 1323 qua
330 1254 749 1313 Commentariis
791 1259 1168 1315 elucubrandis
1208 1277 1335 1317 usus
1360 1271 1441 1317 est
1469 1263 1529 1319 S.
1562 1262 1722 1319 Pater
1755 1305 1772 1331 ,

212 1346 364 1401 semel
391 1350 490 1402 hac
517 1348 751 1417 primum
776 1350 953 1405 oblata
972 1352 1251 1407 occasione
1279 1352 1769 1420 animadvertenda,

213 1452 272 1491 ne
296 1436 482 1492 eadem
506 1442 708 1508 saepius
730 1441 1015 1510 replicare,
1042 1456 1163 1496 cum
1184 1442 1317 1497 alios
1343 1444 1597 1512 deinceps
1614 1444 1681 1499 ad
1704 1445 1771 1499 li-

208 1540 316 1579 nem
342 1542 513 1596 usque
542 1530 961 1595 recensebimus,
992 1546 1210 1587 necesse
1238 1532 1324 1586 sit.
1360 1533 1452 1587 Ille
1478 1534 1621 1588 enim
1651 1549 1773 1589 cum

208 1617 409 1686 ingenio
434 1632 536 1672 suo
568 1619 621 1673 in
648 1618 936 1689 Scripturis
961 1622 1288 1692 exponendis
1312 1622 1597 1690 diffideret,
1630 1624 1772 1694 quod

1512 422 1568 478 S.
1610 419 1982 478 HIERONYMI
2024 422 2207 480 VITA.

3408 456 3479 514 '.'0

1896 539 2234 593 commodum
2286 539 2574 601 Lectorum
2616 547 2984 623 incubuimus,
3018 566 3074 615 ut
3103 577 3220 632 qua:
3253 563 3367 622 loca
3395 587 3461 626 cx

1893 628 2012 682 aliis
2034 669 2050 694 ,
2075 629 2307 701 Oiigene
2332 640 2632 703 praesertim
2664 652 2825 711 atque
2854 647 3084 704 Eusebio
3198 655 3359 712 Pater
3377 676 3471 714 ex-

1894 721 2130 787 pressit,
2176 723 2289 777 suis
2334 725 2659 784 Auctoribus
2687 734 3036 793 redderemus
3078 743 3128 796 in
3162 744 3346 816 Notis,
3376 754 3461 806 vcl

1889 810 2025 877 ipso,
2055 827 2175 866 cum
2208 815 2381 882 licuit,
2411 823 2655 889 apposito
2685 823 2873 881 Graeco
2906 838 3084 899 textu,
3113 838 3195 892 vel
3236 810 3457 899 nomine

1888 900 2073 955 saltem
2098 913 2149 958 et
2181 904 2319 959 libro
2343 908 2629 979 Scriptoris
2660 915 2915 975 indicato.

2462 1020 2687 1082 CAPUT
2739 1028 2883 1086 XIX.

1886 1120 1903 1175 Ι
1952 1123 2136 1181 Scribit
2148 1129 2197 1183 in
2216 1128 2569 1191 Ecclesiastem
2584 1136 2998 1221 Commentarios.
3030 1147 3088 1204 ll.
3113 1150 3460 1217 Quaestionum

1951 1231 2145 1287 quoque
2170 1218 2533 1281 Hebraicarum
2563 1229 2615 1283 in
2639 1230 2866 1288 Genesim
2894 1218 2921 1290 :v
2940 1236 3005 1291 de
3031 1239 3154 1296 locis
3178 1246 3296 1300 item
3319 1288 3336 1314 ,
3369 1251 3460 1304 de-

1949 1325 2046 1411 que
2062 1309 2326 1413 θεὸν-αἰσία
2351 1320 2634 1413 ngminibus
2655 1323 2807 1379 libros
2842 1328 3142 1399 singulares.
3173 1334 3262 1393 Ill.
3290 1309 3459 1413 Didy-

1950 1400 2021 1502 ηιξ
2054 1400 2237 1456 librum
2266 1408 2329 1461 de
2364 1407 2562 1476 Spiritu
2590 1410 2782 1469 Sancto
2818 1417 2870 1471 in
2911 1418 3153 1477 Latinum
3191 1400 3455 1502 transfert.

1950 1484 2037 1543 IV.
2070 1490 2321 1584 Homilias
2344 1513 2537 1565 quoque
2558 1503 2763 1573 triginta
2792 1523 2965 1563 novem
2990 1510 3223 1584 (Irigenis

1948 1596 2080 1635 cam.
2113 1581 2177 1637 ν.
2210 1583 2400 1641 Scribit
2430 1591 2483 1643 in
2510 1590 2744 1649 Psalmos
2768 1614 2799 1650 a
2825 1598 3018 1655 decimo
3046 1581 3202 1674 usque
3223 1611 3294 1664 ad
3317 1613 3455 1668 deci-

1946 1685 2085 1723 munt
2121 1684 2314 1727 sextum
2345 1676 2613 1736 Tractatus
2640 1694 2847 1753 septem.
2874 1688 2960 1745 Vl.
2993 1692 3216 1766 Denique
3256 1700 3452 1760 Male/ti

206 1710 353 1761 sciret
391 1709 517 1762 illas
566 1726 673 1763 non
724 1725 790 1765 ex
829 1711 1070 1779 arbitrio,
1101 1712 1195 1768 sed
1242 1728 1361 1768 esse
1402 1729 1465 1769 ex
1510 1714 1771 1783 majorum

204 1797 571 1855 traditionibus
616 1800 1079 1871 interpretandas,
1124 1802 1191 1857 ad
1230 1818 1325 1858 eos
1373 1803 1718 1874 confugiebat
1748 1845 1766 1872 ,

201 1891 280 1956 qui
307 1890 356 1943 in
384 1905 515 1945 eum
543 1890 783 1958 Librum,
807 1908 965 1961 quem
987 1894 1088 1949 sibi
1108 1893 1476 1962 explicandum
1506 1910 1769 1965 propone-

204 1989 277 2033 ret
300 2020 314 2043 ,
343 1990 508 2035 antea
540 1982 740 2050 aliquid
766 1982 1079 2038 edidissent.
1113 1984 1188 2038 Ita
1214 2001 1344 2039 vero
1364 1985 1551 2041 sedulo
1572 2003 1659 2041 om
1672 2001 1768 2042 nes

198 2071 600 2141 pervestigabat,
628 2082 685 2125 ut
712 2087 862 2127 suam
888 2090 1045 2130 nemo
1074 2077 1313 2131 videatur
1330 2077 1659 2146 diligentiam
1684 2078 1767 2133 ef-

196 2159 385 2231 fugisse
410 2177 426 2216 :
461 2164 676 2233 legebat
702 2165 773 2218 ita
799 2166 1057 2234 propositi
1086 2168 1168 2221 sui
1195 2176 1396 2223 attente
1418 2183 1624 2222 memor
1642 2209 1657 2233 ,
1708 2176 1769 2222 ut

193 2254 315 2308 nihil
336 2270 529 2311 eorum
559 2274 679 2325 qua:
700 2257 766 2310 ad
796 2272 908 2312 rem
930 2273 1081 2313 suam
1112 2259 1350 2315 facerent
1374 2301 1388 2326 ,
1417 2261 1716 2329 praeteriret
1747 2300 1764 2326 ,

192 2345 308 2400 nihil
332 2362 445 2402 non
475 2347 801 2403 transferret
831 2349 883 2402 in
907 2364 1025 2402 sua.
1056 2348 1124 2403 Et
1165 2349 1414 2403 laudabat
1450 2350 1667 2418 quidem
1714 2351 1766 2404 in

189 2433 711 2492 Commentariorum
738 2437 980 2490 exordiis
997 2453 1143 2505 saepe
1162 2453 1348 2492 eorum
1373 2439 1608 2504 nomina,
1626 2453 1767 2507 quos

188 2541 506 2600 sequeretur
531 2546 547 2591 ;
578 2529 673 2582 scd
702 2540 759 2583 et
789 2543 933 2598 smpe
955 2530 1317 2599 praetermissa
1340 2528 1568 2584 faciebat
1590 2570 1605 2595 ,
1639 2544 1762 2586 cum

189 2621 342 2691 magis
372 2629 753 2691 opportunum
784 2620 952 2675 videri
975 2629 1222 2690 poterat,
1263 2630 1424 2691 atque
1450 2635 1634 2675 eorum
1667 2631 1751 2675 ta-

187 2724 289 2767 men
318 2712 623 2782 opiniones
650 2713 844 2766 suimct
870 2713 1049 2779 operis
1076 2713 1345 2766 contextui
1374 2712 1665 2767 inserebat.
1700 2711 1754 2767 ld

182 2811 343 2855 autem
369 2802 480 2854 abs
499 2816 563 2855 se
591 2800 787 2855 factum
813 2801 967 2855 aitex
991 2800 1237 2870 quadam,
1262 2810 1319 2854 ut
1347 2801 1460 2870 ipse
1488 2810 1749 2868 autumat,

178 2890 698 2947 Commentariorum
745 2891 860 2961 lege
884 2932 899 2957 ,
936 2892 988 2944 in
1029 2892 1205 2961 quibus
1232 2892 1405 2946 multa:
1440 2893 1750 2947 diversorum

181 2994 432 3053 ponuntur
455 2982 739 3053 opiniones,
768 2980 846 3035 vel
873 2983 1059 3045 tacitis,
1087 2983 1163 3035 vel
1187 2984 1439 3052 expressis
1468 2984 1746 3038 Auctorum

181 3075 456 3129 nominibus
476 3115 491 3139 ,
519 3083 575 3127 ut
599 3071 828 3128 Lectoris
853 3074 1117 3127 arbitrium
1140 3074 1203 3128 sit
1228 3115 1244 3142 ,
1270 3075 1391 3144 quid
1430 3077 1744 3145 potissimum

181 3166 345 3236 eligere
380 3164 582 3231 debeat,
606 3165 893 3219 decernere.
918 3165 1090 3233 Atque
1119 3164 1241 3220 hinc
1258 3167 1416 3222 modo
1441 3182 1555 3232 sua,
1582 3168 1743 3223 modo

180 3272 229 3312 se
253 3259 429 3315 aliena
454 3258 658 3313 dictare
693 3259 971 3327 profitetur
1000 3258 1050 3311 in
1083 3257 1523 3325 Prmfationibus,
1558 3259 1628 3315 ita
1659 3269 1737 3315 ta-

181 3364 288 3405 men
332 3360 396 3404 ut
434 3349 654 3405 difficile
708 3350 997 3405 internosci
1025 3350 1198 3405 aliena
1236 3351 1304 3406 ab
1343 3353 1456 3406 suis
1486 3353 1734 3421 possint,

181 3442 268 3495 nisi
310 3442 382 3498 ab
432 3456 519 3508 eo,
570 3443 662 3513 qui
692 3443 954 3498 Auctores
982 3457 1205 3508 omnes,
1233 3458 1264 3498 a
1299 3444 1491 3514 quibus
1525 3444 1614 3500 ille
1638 3461 1734 3501 ex-

180 3533 386 3601 cerpsit,
414 3531 627 3601 legerit,
658 3547 952 3603 eorumque
969 3532 1110 3590 dicta
1138 3548 1204 3590 ac
1228 3536 1523 3591 sententias
1546 3536 1598 3590 in
1630 3553 1730 3591 nu-

182 3634 370 3680 merato
397 3623 613 3679 habeat.
652 3623 806 3695 Smpe
831 3624 965 3680 adeo
993 3626 1077 3680 vel
1107 3640 1138 3681 a
1162 3625 1378 3681 Ruffino
1403 3668 1419 3689 ,
1450 3628 1541 3697 qui
1570 3630 1618 3684 ei
1645 3629 1732 3683 di-

183 3725 283 3768 cam
304 3728 365 3769 ea
386 3713 455 3769 de
474 3729 534 3769 re
553 3715 773 3769 multam
792 3714 947 3782 dixit,
961 3716 1047 3771 vel
1064 3717 1131 3771 ab
1148 3717 1283 3783 aliis,
1302 3717 1370 3772 de
1394 3718 1730 3787 opinionum,

184 3818 299 3870 quas
339 3804 678 3859 dissimulato
723 3807 953 3861 Auctore
999 3806 1288 3872 retulerat,
1316 3806 1533 3863 levitate
1561 3818 1722 3878 atque

184 3894 500 3953 incommodo
534 3898 801 3952 interdum
838 3914 1001 3953 sensu
1035 3910 1316 3954 accusatus
1347 3908 1471 3963 est,
1503 3899 1727 3968 perinde

184 3996 324 4059 atque
347 3990 414 4045 de
440 4005 542 4045 suo
560 4031 575 4055 ,
604 3999 698 4045 aut
742 4002 889 4046 certe
931 3990 1000 4046 de
1028 3991 1249 4062 probata
1279 3991 1378 4045 sibi
1418 3991 1733 4046 auctoritate

186 4083 460 4147 protulerit.
494 4080 700 4151 Quibus
739 4082 840 4138 hac
880 4099 986 4139 una
1015 4085 1355 4139 continenter
1380 4085 1731 4154 responsione

185 4176 293 4228 satis
336 4176 491 4241 fecit,
521 4192 623 4247 qua
663 4187 718 4231 et
763 4177 833 4231 ab
880 4178 1163 4247 Augustini
1196 4193 1256 4233 se
1284 4178 1730 4247 postulationibus

183 4262 438 4321 defendit:
469 4267 533 4322 Si
565 4268 688 4337 quid
719 4268 1108 4337 reprehensione
1142 4268 1351 4338 dignum
1382 4279 1649 4339 putaueras
1675 4271 1731 4324 in

183 4358 512 4425 explanatione
536 4368 741 4425 nostra,
775 4360 1076 4413 eruditionis
1116 4368 1219 4413 tua:
1256 4363 1423 4431 fuerat
1459 4376 1683 4431 querere
1709 4402 1725 4428 ,

183 4457 327 4501 utrum
354 4468 410 4504 ea
435 4467 549 4517 qum
574 4452 869 4520 scripsimus
906 4451 1207 4505 haberentur
1244 4454 1299 4506 in
1334 4450 1524 4507 Graecis
1546 4493 1564 4519 ,
1600 4462 1656 4507 ut
1683 4455 1729 4508 si

184 4536 247 4589 illi
268 4556 359 4593 non
384 4542 632 4596 dixissent
655 4582 672 4609 ,
714 4552 834 4596 tunc
856 4558 1018 4596 meam
1046 4543 1249 4614 praprie
1284 4545 1578 4598 sententiam
1602 4561 1726 4599 con-

185 4630 433 4699 dentnarcs,
468 4634 746 4704 prasertim
783 4649 893 4687 cum
929 4633 1082 4687 libere
1116 4635 1169 4687 in
1194 4632 1506 4705 Prtefatione
1528 4639 1726 4707 confes-
1776 4660 1779 4663 λ

183 4738 249 4777 un
268 4727 449 4784 sim....
481 4728 559 4783 vel
580 4744 708 4794 mea,
738 4730 817 4783 vel
836 4729 1006 4783 aliena
1036 4728 1273 4781 dictasse.
1305 4728 1456 4782 Paria
1491 4727 1574 4782 his
1600 4736 1727 4783 sunt

184 4827 278 4882 qua:
302 4818 513 4876 Ruflino
541 4821 773 4889 reponit,
803 4828 857 4875 et
879 4835 998 4890 qua:
1028 4828 1084 4873 ut
1111 4819 1315 4873 recolas
1340 4828 1526 4874 auctor
1552 4833 1671 4873 sum
1704 4835 1723 4877 :

185 4922 327 4979 neque
347 4914 487 4968 enim
521 4922 579 4967 ut
602 4913 707 4968 huc
732 4927 763 4968 a
788 4912 945 4967 nobis
972 4911 1293 4979 refcrantur,
1323 4912 1574 4966 institutae
1600 4926 1724 4966 nar-

1946 1763 2131 1829 captivi
2156 1768 2389 1822 monachi
2413 1772 2582 1840 vitam,
2610 1785 2657 1829 et
2685 1774 2830 1832 Beati
2859 1763 3164 1844 Hilarionis.

1944 1918 1987 1975 Ι.
2034 1921 2102 1975 Et
2122 1923 2374 1980 solitariae
2398 1927 2520 1983 vita:
2547 1935 2949 2003 tranquillitate,
2982 1955 3083 2011 qua
3113 1944 3243 2000 nihil
3272 1959 3353 2004 est
3381 1950 3448 2008 ad

1872 2011 2048 2066 studia
2080 2013 2377 2071 litterarum
2405 2020 2582 2090 aptius
2606 2063 2621 2089 ,
2654 2034 2705 2079 et
2728 2026 2905 2083 Paulae
2931 2036 3117 2089 matris
3144 2036 3446 2097 beneﬁcen-

1873 2101 2094 2200 tissimus
2138 2104 2456 2163 liberalitate
2496 2125 2624 2166 usus
2663 2114 3053 2191 Hieronymus,
3096 2142 3218 2196 qua:
3252 2130 3360 2200 jam
3392 2135 3444 2189 iu

1874 2189 2238 2249 Ecclesiarum
2266 2196 2549 2254 utilitatem
2575 2204 2769 2259 cedere
2798 2189 2990 2277 ingenii
3013 2214 3097 2268 sui
3115 2189 3443 2277 monimenta

1872 2293 2226 2351 peremperat,
2252 2285 2439 2341 iisdem
2462 2290 2834 2351 elucubrandis
2860 2298 2911 2352 in
2940 2300 3054 2357 dies
3081 2308 3248 2375 magis
3277 2318 3441 2369 totum

1871 2385 1931 2466 se
1956 2372 2136 2466 animo
2163 2382 2218 2428 et
2246 2375 2448 2432 viribus
2493 2379 2728 2437 devovit.
2781 2386 2969 2444 Statim
3013 2393 3082 2448 ab
3110 2372 3346 2466 Epistula
3369 2407 3434 2459 ad

1872 2456 2424 2527 Ephesios,scribcre
2469 2468 2522 2522 in
2565 2470 2940 2533 Ecclesiastem
2981 2456 3264 2553 aggressus
3308 2456 3436 2549 est:

1870 2559 1975 2653 tam
1997 2565 2126 2606 sane
2152 2553 2297 2608 brevi
2320 2565 2478 2627 atque
2499 2561 2690 2630 exiguo
2723 2569 2979 2636 temporis
3008 2573 3290 2646 interjccto
3315 2597 3438 2653 Spa-

1863 2640 1959 2705 tio,
1990 2650 2047 2695 ut
2067 2656 2201 2713 opus
2231 2654 2513 2718 utrumque
2544 2650 2768 2720 ipsemet
2790 2656 2928 2714 libro
2954 2640 3249 2725 contra'Jo.
3278 2640 3433 2729 ιεί-υ.

1859 2731 2235 2833 selymitauum
2260 2736 2361 2790 sub
2387 2738 2637 2795 chronica
2674 2759 2774 2800 una
2804 2752 3082 2809 notatione
3116 2752 3424 2833 eonjuugat.

1856 2819 1991 2887 Quin
2019 2823 2176 2877 etiam
2210 2837 2536 2896 prmpostero
2564 2833 2751 2890 ordine
2776 2838 2877 2893 hoc
2903 2839 2980 2896 illi
3008 2819 3259 2913 praeferre
3280 2819 3431 2911 vide-

1855 2922 1974 2969 tur:
2008 2916 2135 2970 Ante
2156 2933 2318 2974 annos
2342 2960 2356 2986 ,
2386 2922 2631 2992 inquiens
2650 2967 2667 2991 ,
2695 2932 2855 2999 ferme
2882 2932 3053 2988 decem
3081 2937 3135 2992 in
3162 2940 3430 3000 Commen-

1850 3006 1992 3061 tariis
2014 3005 2354 3076 Ecclesiastes,
2373 3024 2421 3068 et
2441 3015 2493 3068 in
2523 3018 2882 3088 explanatione
2903 3023 3151 3096 Epistolas
3164 3032 3231 3083 ad
3255 3032 3427 3103 Ephe-

1845 3097 1969 3162 sios,
1987 3101 2206 3155 arbitror
2227 3118 2429 3158 sensum
2450 3108 2609 3161 animi
2628 3111 2726 3163 mei
2743 3113 3071 3179 prudentibus
3092 3097 3418 3188 explicatum.

1846 3186 2029 3245 Series
2056 3201 2235 3247 autent
2265 3208 2444 3250 rerum
2474 3204 2531 3252 et
2559 3214 2679 3269 quae
2706 3204 2952 3272 superius
2972 3186 3239 3277 disputata
3270 3227 3416 3282 sunt,

1845 3280 1975 3335 satis
2022 3283 2306 3339 manifesto
2366 3288 2665 3355 evincunt,
2716 3289 3143 3354 Commentarios
3192 3302 3244 3355 in
3295 3280 3412 3361 eam

1843 3370 2085 3460 Apostoli
2114 3374 2430 3444 Epistolam,
2466 3378 2584 3434 istis
2612 3381 2664 3435 in
2696 3381 3072 3441 Ecclesiastem
3106 3397 3415 3460 prtecessis-

1842 3476 1907 3555 se
1932 3480 1947 3518 :
1979 3444 2137 3536 aiquc
2164 3467 2285 3522 illos
2307 3470 2520 3539 quidem
2544 3486 2685 3527 anno
2717 3475 2841 3541 388,
2874 3476 2939 3531 ad
2970 3444 3130 3536 linem
3159 3444 3415 3555 vergeiiie

1840 3550 2129 3612 adornatos
2158 3598 2172 3622 ,
2216 3558 2348 3613 istos
2397 3575 2524 3615 vero
2567 3562 2943 3633 subsequentis
2986 3569 3090 3626 589
3118 3550 3279 3628 initio
3319 3579 3412 3631 ad-

1839 3646 2176 3702 scribendos.
2221 3647 2456 3717 ldipsum
2496 3652 2806 3720 scriptionis
2849 3656 3104 3725 historia,
3139 3663 3413 3736 ipsiusque

1839 3734 1899 3791 S.
1941 3739 2189 3793 Auctoris
2214 3739 2665 3809 locupletissimus
2704 3746 2756 3799 in
2806 3747 3126 3805 Pncfatione
3151 3753 3302 3809 locus
3330 3734 3413 3811 te-

1838 3836 2066 3883 stantur.
2096 3829 2320 3893 Memini,
2353 3832 2447 3894 ait,
2472 3849 2550 3884 me
2576 3846 2692 3888 ante
2711 3839 2806 3889 hoc
2821 3842 2979 3908 ferme
2998 3841 3410 3916 quinquennium,

1839 3934 1954 3973 cum
1983 3918 2163 3973 Romae
2188 3921 2354 3973 adhuc
2382 3935 2573 3986 essent,
2606 3935 2651 3976 et
2684 3923 3040 3982 Ecclesiastem
3072 3930 3134 3984 S.
3169 3931 3411 3991 Bltesilla:
3504 3996 3507 3999 ,

1839 4008 2147 4078 legerem...
2176 4018 2405 4079 rogatum
2430 4010 2491 4063 ab
2519 4028 2596 4075 ea,
2630 4015 2757 4067 utin
2783 4029 2972 4069 morem
2998 4016 3411 4079 Commentario“

1837 4100 2051 4154 obscura
2074 4116 2284 4170 quasque
2307 4102 2620 4167 dissererem,
2638 4113 2694 4156 ut
2717 4105 2902 4176 absque
2923 4123 3001 4161 me
3025 4120 3197 4180 postea
3223 4114 3411 4169 intelli.

1836 4199 1970 4261 geret
1995 4206 2110 4261 quaD
2146 4190 2354 4261 legebat.
2389 4189 2568 4262 Itaque
2596 4195 2832 4263 quoniam
2868 4197 2921 4251 in
2952 4199 3215 4268 procinctu
3241 4207 3407 4274 aperis

1835 4283 1995 4335 nostri
2021 4323 2035 4346 ,
2066 4280 2231 4335 subita
2257 4290 2415 4336 morte
2440 4284 2697 4337 subtracta
2745 4295 2882 4341 est...
2932 4296 3172 4361 tantoque
3200 4296 3408 4350 vulnere

1834 4382 1952 4427 tunc
1982 4372 2239 4443 percuisus
2263 4374 2490 4427 obmutui
2519 4388 2538 4428 :
2566 4392 2696 4429 nunc
2718 4377 2770 4430 in
2801 4375 3051 4434 Bethleem
3081 4386 3292 4452 positus,
3310 4404 3405 4439 au-

1831 4465 2045 4534 gustiori
2071 4465 2295 4518 videlicet
2322 4466 2520 4520 civitate
2542 4508 2557 4534 ,
2600 4476 2645 4520 et
2681 4467 2823 4521 illius
2852 4473 3107 4526 memorie
3136 4513 3152 4538 ,
3186 4485 3232 4527 et
3268 4477 3403 4532 vobis

1832 4553 2019 4623 (Paula
2044 4564 2099 4609 et
2127 4555 2496 4627 Eustochium)
2520 4557 2675 4611 reddo
2695 4560 2830 4627 quod
2850 4560 3025 4616 debeo.
3059 4566 3231 4635 Atque
3252 4582 3394 4623 anno

1831 4643 2046 4713 quidem
2085 4645 2189 4700 384
2230 4656 2458 4699 exeunte
2486 4686 2501 4711 ,
2532 4661 2652 4700 cum
2702 4656 2811 4701 tres
2837 4649 2949 4704 fere
2973 4666 3185 4711 menses
3212 4655 3403 4715 fuisset

1830 4736 1885 4790 in
1919 4736 2224 4808 llieronymi
2255 4736 2557 4805 disciplina,
2578 4737 2718 4792 diem
2740 4740 2937 4797 obiisse
2960 4728 3271 4817 Blrcsillam,
3302 4767 3400 4808 suo

1829 4828 1949 4883 loco
1977 4828 2310 4882 ostendimus
2339 4845 2352 4881 :
2379 4828 2463 4881 cui
2491 4828 2533 4882 si
2565 4828 2791 4884 alterum
2818 4835 2975 4899 ferme
2999 4837 3397 4907 quinquennium

1829 4919 2179 4989 superaddas,
2209 4918 2275 4973 ad
2299 4918 2440 4975 hunc
2481 4921 2728 4975 nimirum
2776 4922 3034 4983 devenies
3063 4945 3258 4986 annum
3291 4934 3395 4991 389

185 5000 373 5055 rationis
396 5003 532 5057 ordo
560 5002 840 5073 permittit.
884 5004 962 5057 Ac
1000 5016 1131 5056 sane
1174 5001 1463 5071 plurimum
1493 5015 1587 5053 sua
1612 5040 1629 5065 ,
1668 5009 1724 5055 et

185 5100 332 5144 Nostra
380 5094 444 5147 ad
499 5092 897 5163 Scripturarum
944 5093 1245 5149 doctrinam
1299 5092 1648 5156 interfuisset,
1675 5094 1719 5148 si

183 5181 571 5254 uniuscujusque
609 5186 871 5240 Auctores
914 5185 1196 5241 sententiae
1239 5183 1309 5239 de
1351 5184 1568 5239 nomine
1607 5186 1722 5239 lau-

181 5269 361 5341 dasset,
384 5277 468 5331 vel
492 5292 559 5332 ex
586 5276 653 5331 iis
683 5286 886 5331 tantum
918 5276 969 5331 in
999 5275 1391 5331 Commentaria
1421 5290 1513 5329 sua
1544 5284 1718 5331 trans-

183 5366 354 5423 tulisset
379 5370 837 5440 probabilissimas
861 5370 1140 5440 opiniones
1177 5368 1259 5424 vel
1306 5368 1535 5438 denique
1564 5383 1720 5437 regu-

183 5449 304 5519 lam,
353 5474 508 5527 quam
557 5458 660 5514 sibi
711 5467 939 5514 testatur
990 5460 1334 5530 proposuisse
1362 5500 1379 5525 ,
1434 5468 1490 5512 ut
1546 5467 1718 5527 aperte

180 5546 464 5610 conﬁteretur
481 5565 595 5620 quia
614 5558 731 5604 sunt
756 5550 1008 5618 heretica,
1040 5560 1088 5606 et
1112 5567 1227 5621 qua:
1253 5558 1371 5604 sunt
1411 5546 1675 5604 Catholica
1698 5590 1714 5616 ,

188 5645 345 5694 sancte
384 5642 639 5696 continuo
678 5641 1035 5698 observasset.
1088 5642 1194 5698 Sed
1240 5642 1453 5712 quando
1492 5643 1612 5696 aliis
1647 5642 1716 5697 de

180 5728 531 5789 causissatius
582 5734 698 5803 ipse
747 5733 1045 5802 judicavit,
1091 5736 1380 5791 Auctorum
1412 5735 1714 5791 nominibus

184 5824 367 5883 limere
392 5866 407 5892 ,
449 5839 518 5881 ne
542 5826 774 5895 aliquem
802 5826 1071 5880 videretur
1100 5826 1340 5882 lacerare
1373 5844 1385 5881 :
1418 5826 1468 5880 in
1492 5826 1591 5882 hoc
1616 5840 1715 5880 nos

538 5918 600 5980 S.
646 5921 1036 5983 Hunorum.
1086 5922 1133 5981 Ι.

1830 5011 2019 5065 saltem
2041 5010 2471 5081 incoeptum,quo
2497 5012 2627 5067 istos
2658 5014 2917 5069 sentimus
2944 5017 3271 5088 lucubratos,
3301 5027 3400 5081 abs

1826 5101 2155 5174 Hieronymo
2192 5102 2644 5161 Commentarios.
2682 5105 2812 5172 Quae
2845 5108 3250 5180 Explanationis
3275 5117 3394 5184 ejus

1826 5204 2162 5262 naturam,ut
2190 5195 2260 5250 ita
2287 5196 2483 5262 dicam,
2506 5204 2665 5268 atque
2685 5200 2954 5270 ingenium
2976 5215 3239 5273 spectant,
3270 5222 3396 5279 par-

1826 5286 1919 5339 tim
1949 5287 2221 5357 attigimus
2252 5288 2412 5357 paulo
2451 5290 2699 5357 superius
2726 5332 2742 5358 ,
2790 5292 2982 5361 partim
3025 5302 3152 5349 sunt
3180 5310 3243 5349 ex
3282 5297 3395 5365 ipsa

1824 5378 2161 5443 Prmfationc,
2191 5388 2351 5448 atque
2376 5379 2556 5448 operis
2578 5389 2833 5436 contextu
2861 5384 3174 5453 repetenda.

1901 5469 1963 5523 ll.
1994 5468 2242 5540 Ejusdem
2269 5468 2491 5540 hujusce
2516 5470 2641 5524 anni
2668 5471 2901 5526 decursu
2926 5514 2942 5539 ,
2982 5482 3075 5526 aut
3099 5472 3145 5527 si
3175 5472 3301 5527 libet
3326 5476 3393 5529 ad
3442 5513 3451 5525 .

1824 5560 2196 5631 subsequentis
2220 5575 2388 5630 usque
2418 5559 2565 5614 initia
2587 5602 2602 5627 ,
2632 5560 2841 5615 videtur
2862 5561 2919 5616 S.
2949 5561 3106 5615 Pater
3134 5568 3242 5613 tres
3262 5561 3396 5616 alios

1822 5651 2019 5706 diversi
2049 5666 2233 5721 parum
2270 5651 2412 5705 inter
2439 5663 2499 5703 se
2537 5650 2836 5718 argumenti
2880 5649 3069 5703 Libros
3095 5647 3394 5714 singulares

1821 5742 2054 5797 edidisse
2074 5782 2087 5804 ,
2116 5755 2252 5810 quos
2283 5740 2386 5794 hoc
2429 5740 2656 5809 ipsemet
2695 5738 2883 5793 ordine
2909 5738 2960 5789 in
2989 5750 3205 5788 suorum
3232 5734 3393 5793 Cata-

1822 5836 1945 5903 logo
1984 5847 2203 5902 operum
2246 5840 2489 5885 recenset
2520 5847 2532 5883 :
2571 5830 2920 5895 erstionum
2952 5824 3313 5883 Hebraicarum
3342 5832 3392 5886 in

2850 5917 3102 5995 (Trois.)
