4004 6328
495 413 552 468 η
1783 393 1838 447 S.
1884 387 2261 448 lllERONYMl
2306 389 2340 442 Ὺ
2353 389 2486 444 l'l'A.
3042 418 3045 419 ν
3698 400 3766 454 7?.

491 526 722 580 Genesim
747 520 928 576 librum
953 534 1127 572 unum.
1161 514 1235 568 De
1263 513 1411 568 Locis
1439 511 1619 566 librum
1645 523 1820 562 unum.
1854 504 2069 561 Hebrai-

489 631 666 670 corum
706 611 987 666 Nominum
1016 609 1201 664 librant
1230 621 1408 661 unum.
1452 603 1510 659 ιιι
1551 601 1724 674 primo
1749 599 1976 655 alterum
2007 612 2072 652 ex

491 707 575 762 his
602 713 884 767 memorat,
919 704 972 757 in
1000 701 1172 756 altero
1200 700 1428 770 primum
1451 711 1514 751 ac
1544 695 1760 752 tertium
1781 734 1798 760 ,
1830 701 1990 762 atque
2021 690 2074 743 in

2180 504 2443 574 Opposuit
2491 519 2619 560 vero
2669 506 3163 575 interpretationem
3210 505 3350 561 hanc
3395 519 3547 561 suam
3581 507 3760 576 alteri.

2179 610 2336 662 quam
2363 593 2568 666 quidam
2595 596 2680 650 vix
2707 596 2885 666 primis
2933 597 3153 650 imbutus
3181 596 3360 650 litteris
3401 596 3567 653 edere
3599 612 3762 656 ausus

2181 685 2373 751 fuerat,
2424 695 2478 738 ut
2521 702 2585 740 ea:
2603 687 2978 757 comparatione
3022 687 3288 756 utriusque
3311 687 3538 758 prudens
3583 688 3763 746 Lector

492 801 600 855 hoc
636 799 773 855 duos
819 798 1026 867 priores
1055 812 1070 853 :
1102 803 1160 848 ut
1189 794 1310 847 illos
1349 805 1455 845 uno
1497 788 1797 856 eodemque
1835 793 2077 853 tempore
2175 775 2436 867 judicium,
2463 776 2677 831 faceret.

487 907 611 945 eum
642 905 752 958 pra:
778 886 1024 942 manibus
1051 885 1302 938 habuisse
1327 924 1342 947 ,
1379 883 1490 951 ipsa
1520 879 1620 934 hac
1654 876 1970 934 recensione
1991 875 2075 928 iu-

493 982 726 1050 telligas.
757 978 901 1046 Quin
929 977 1090 1032 etiam
1121 976 1292 1046 primo
1321 974 1374 1026 in
1405 973 1578 1026 lucem
1604 968 1791 1032 edidit,
1819 980 1977 1034 quem
2002 963 2074 1019 ibi

491 1069 684 1126 ordine
712 1077 1046 1138 postremum
1079 1064 1262 1134 ponit;
1294 1061 1409 1116 sive
1434 1074 1555 1114 cum
1585 1058 1763 1112 adhuc
1797 1053 2075 1110 Hebraicis

492 1157 882 1231 qumstionibus
912 1155 1187 1210 insudaret
1210 1192 1225 1218 ,
1273 1159 1328 1205 et
1367 1148 1601 1204 nondum
1631 1145 1828 1201 librum
1858 1143 1924 1198 de
1965 1141 2072 1195 lic-

493 1254 690 1311 braicis
715 1251 870 1307 Locis
896 1247 1174 1313 edidisset,
1209 1247 1420 1301 tertium
1449 1241 1518 1298 de
1548 1238 1862 1296 Nominibus
1890 1235 2074 1304 vulga-

493 1350 589 1401 vit.
605 1344 905 1402 Ferebatur
935 1341 1023 1396 hic
1049 1340 1183 1394 liber
1207 1336 1410 1409 jamdiu
1443 1335 1567 1390 olim
1590 1332 1776 1388 Grazce
1802 1345 1832 1384 a
1855 1328 2078 1385 Philone

499 1441 729 1509 primum
753 1435 1081 1490 deformatus
1101 1472 1116 1496 ,
1151 1428 1344 1485 deinde
1372 1425 1623 1496 Origenis
1647 1421 1828 1478 studio
1855 1427 2064 1483 auctus,

496 1530 591 1586 sed
623 1525 963 1598 perturbatus
991 1522 1127 1576 adeo
1169 1530 1222 1575 et
1262 1518 1538 1578 confusus,
1574 1523 1631 1568 ut
1667 1512 1864 1567 debita:
1899 1525 1962 1564 ex
2011 1523 2076 1562 eo

497 1619 699 1692 percipi
720 1615 932 1672 utilitati
953 1628 1140 1686 parum
1162 1609 1462 1664 consultum
1487 1605 1681 1674 putarit
1699 1603 2076 1692 Hieronymus,

499 1691 544 1766 si
579 1722 780 1767 tantum
805 1707 997 1762 Latine
1025 1711 1278 1769 verteret,
1307 1715 1412 1755 non
1440 1708 1617 1753 autem
1649 1710 1844 1750 novum
1876 1691 1990 1747 fere
2014 1705 2077 1745 ex

501 1805 712 1873 integro
739 1805 1035 1870 repararet.
1059 1793 1353 1858 Profectus,
1373 1805 1529 1861 quem
1557 1789 1609 1843 in
1640 1784 1914 1841 Hebraicis
1942 1784 2083 1838 litte-

501 1898 576 1952 ris
604 1896 824 1956 fecerat,
856 1903 1128 1960 specimen
1157 1896 1318 1956 atque
1352 1881 1778 1951 experimentum
1810 1875 1911 1930 hoc
1935 1873 2036 1928 fuit
2064 1915 2079 1939 ,

499 1986 644 2058 quod
681 1985 780 2038 hac
816 1982 1066 2036 nimirum
1097 1979 1164 2032 de
1215 1990 1376 2031 causa
1423 1975 1627 2027 hortatu
1651 1970 1871 2038 [rutrum
1913 1965 2084 2058 Lupus

504 2056 627 2133 liani
658 2076 766 2144 (vel
789 2072 979 2144 Lupuli
1004 2112 1019 2136 ,
1048 2079 1104 2124 ut
1133 2069 1252 2123 libri
1282 2066 1374 2122 alii
1407 2061 1718 2134 prteferunt)
1744 2070 1792 2113 et
1831 2056 2085 2112 Valeriani

501 2167 842 2224 scnbendum
872 2161 1130 2230 suscepit,
1158 2160 1232 2213 rei
1261 2157 1421 2227 ipsius
1447 2154 1667 2208 utilitate
1687 2159 1967 2204 commotus
1989 2189 2003 2212 ,
2033 2157 2088 2202 et

502 2275 611 2332 quo
634 2258 824 2313 fecisse
850 2269 910 2309 se
936 2250 1134 2322 aliquid
1154 2249 1434 2320 gloriatur,
1462 2245 1600 2316 quod
1620 2260 1651 2296 a
1678 2241 1868 2296 Graecis
1894 2255 2088 2332 quoque

503 2330 842 2423 appetendum
879 2353 1042 2401 esset.
1076 2341 1145 2398 Ut
1173 2340 1315 2396 enim
1359 2338 1645 2408 plerasque
1673 2349 1859 2386 omnes
1884 2346 2004 2423 qua:
2035 2330 2085 2383 in

505 2422 693 2500 Grzeco
723 2436 1012 2506 exemplari
1057 2431 1392 2487 habebantur
1421 2425 1771 2497 etymologias
1813 2422 2088 2477 nominum

506 2531 810 2594 retinuerit,
841 2543 909 2582 ne
945 2523 1148 2580 Graecis
1179 2519 1392 2592 quidem
1423 2517 1661 2586 exceptis
1691 2516 1894 2585 aliquot
1919 2513 2090 2566 timui-

507 2625 687 2688 nibus,
719 2628 1047 2693 praepostera
1073 2615 1202 2670 olim
1224 2628 1352 2669 cura
1383 2609 1601 2664 intrusis
1633 2624 1646 2660 :
1678 2608 1876 2678 smpius
1904 2613 2088 2660 tamen

507 2715 577 2770 de
601 2729 698 2769 suo
718 2713 848 2766 alias
874 2708 1099 2773 addidit,
1125 2715 1179 2760 et
1199 2719 1290 2759 eas
1314 2717 1434 2773 qua:
1463 2697 1815 2754 subabsurda:
1840 2697 2090 2751 videren-

511 2816 632 2872 tur,
678 2814 732 2858 et
755 2810 944 2856 contra
975 2800 1170 2867 lingua:
1195 2793 1470 2850 Hebraicte
1506 2791 1786 2862 ingenium
1811 2831 1828 2857 ,
1874 2789 2094 2842 uiolenta

509 2893 922 2965 interpretatione
949 2886 1203 2957 explicari
1232 2923 1249 2951 ,
1291 2881 1568 2954 professus
1594 2890 1696 2935 est.
1729 2879 1950 2934 Librum
1992 2878 2095 2932 ita-

509 3003 616 3061 que
641 3000 782 3042 nunc
804 2999 959 3039 suum
987 2989 1144 3036 vocat
1167 3019 1183 3045 ,
1213 2991 1354 3032 nunc
1380 2973 1621 3030 Philonis
1647 3013 1661 3037 ,
1687 2973 1770 3026 vel
1797 2969 2048 3040 Origenis
2073 3011 2088 3034 ,

510 3088 566 3134 et
594 3074 838 3148 quaedam
867 3089 927 3128 se
953 3069 1148 3126 alicubi
1183 3069 1257 3122 ait
1283 3068 1335 3123 in
1366 3066 1505 3120 libro
1539 3063 1827 3120 Nominum
1872 3061 2093 3117 llebrai-

510 3183 696 3224 eorum
725 3164 1012 3234 reperisse,
1037 3175 1156 3232 qua:
1186 3158 1408 3214 minime
1431 3156 1484 3211 in
1506 3156 1608 3210 hoc
1631 3169 1728 3210 suo
1755 3154 2023 3224 leguntur.

582 3255 844 3311 Editionis
887 3252 1144 3306 benorem
1198 3249 1502 3303 subsecutae
1570 3253 1692 3300 sunt
1753 3243 2097 3312 Quaestiones

511 3347 785 3404 llebraicae
804 3345 855 3398 in
882 3342 1155 3406 Genesim,
1175 3355 1358 3393 nouum
1387 3338 1542 3408 plane
1570 3353 1718 3406 Opus,
1748 3344 1796 3390 et
1825 3345 1929 3390 tam
1951 3333 2096 3390 Grat-

511 3440 583 3494 cis
602 3454 754 3509 quam
786 3435 982 3490 Latinis
1006 3446 1228 3502 prorsus
1255 3440 1413 3485 antea
1442 3429 1748 3493 inauditum,
1778 3443 1884 3498 quo
1913 3427 1966 3482 id
1996 3428 2098 3482 sibi

512 3529 810 3602 proposuit,
841 3535 900 3580 ut
925 3524 1009 3580 vel
1039 3538 1250 3588 eorum,
1290 3523 1380 3592 qui
1407 3521 1475 3576 de
1499 3521 1650 3576 libris
1689 3520 1972 3577 Hebraicis
2005 3534 2098 3574 va-

513 3621 590 3674 ria
620 3615 1048 3687 suspicabantur,
1072 3627 1287 3668 errores
1326 3611 1622 3675 refelleret,
1658 3611 1742 3666 vel
1806 3626 1869 3666 ea
1897 3625 2016 3681 qum
2045 3611 2099 3664 in

513 3711 717 3768 Grazcis
742 3716 798 3764 et
821 3705 1023 3762 Latinis
1047 3702 1325 3759 codicibus
1346 3711 1554 3758 scatere
1580 3702 1724 3757 vitiis
1750 3700 2096 3764 videbantur,

513 3800 815 3859 auctoritati
865 3813 978 3854 suae
1030 3795 1299 3852 redderet.
1348 3795 1620 3864 Ejusmodi
1665 3794 1996 3865 qumstiones
2046 3794 2098 3848 in

512 3903 738 3950 exteros
775 3903 988 3961 quoque
1015 3887 1179 3943 libros
1205 3885 1498 3955 Scriptura:
1542 3884 1808 3941 adornare
1836 3887 1889 3939 in
1920 3885 2100 3939 animo

514 3987 720 4052 habuit,
766 3983 993 4038 fortasse
1019 3982 1180 4037 etiam
1218 3978 1446 4033 adorsus
1470 3988 1553 4032 est
1579 3995 1594 4031 :
1626 3978 1678 4032 id
1704 3977 1845 4049 quod
1876 3976 2102 4033 subinde

515 4078 686 4133 innuit
711 4077 846 4146 ipse,
877 4083 936 4128 ut
959 4087 1120 4143 quum
1150 4071 1218 4126 de
1245 4086 1304 4125 re
1333 4069 1558 4141 quadam
1590 4069 1894 4124 locuturum
1922 4083 1981 4124 se
2011 4085 2099 4122 re-

514 4168 664 4237 cipit,
695 4179 818 4220 cum
844 4163 1159 4230 Qmstioncs
1181 4162 1230 4213 in
1247 4159 1408 4213 Iosue
1437 4159 1744 4227 explicabit.
1777 4158 1884 4214 Sed
1905 4174 2098 4228 quem-

518 4253 806 4311 admodum
847 4252 900 4306 in
953 4250 1203 4306 Generali
1251 4247 1569 4302 Prtefatiane
1621 4247 1978 4314 ostendimus,
2011 4257 2102 4301 aut

521 4357 858 4416 nequaquam
903 4347 1088 4412 postea
1137 4336 1358 4408 perfecit
1402 4351 1521 4404 quae
1573 4335 1642 4390 ad
1678 4335 1864 4391 rudem
1917 4351 2100 4392 earum

520 4444 829 4492 contextum
855 4431 1260 4493 inlormaverat,
1290 4425 1544 4496 autquod
1587 4427 1808 4494 pr0pius
1845 4425 1910 4480 ad
1942 4425 2103 4481 ﬁdem

519 4528 749 4592 videtur,
777 4533 982 4581 mutan
1005 4521 1255 4586 consilio,
1282 4534 1402 4574 cum
1431 4517 1626 4573 deinde
1670 4517 2102 4576 Commentarios

520 4620 846 4683 elaboraret,
881 4615 1020 4671 liciis
1066 4613 1173 4668 illis
1219 4627 1339 4681 qua:
1371 4611 1713 4665 tumultuario
1737 4622 2099 4681 congesserat,

446 4723 458 4733 ‘
521 4711 724 4766 utiliter
752 4721 882 4763 usus
924 4716 1052 4761 est:
1093 4705 1178 4758 vel
1219 4703 1450 4773 denique
1498 4701 1758 4774 quidquid
1814 4702 1942 4758 illud
1985 4715 2100 4760 erat

520 4800 722 4871 operis,
751 4799 890 4853 intra
915 4791 1239 4852 domesticos
1268 4793 1500 4862 parietes
1522 4792 1781 4848 cohibuit.
1809 4791 1970 4850 Certe
1997 4811 2101 4850 non

521 4892 654 4948 alias
679 4897 940 4958 praeterea
977 4884 1317 4953 Quaestiones
1361 4881 1650 4939 Hebraicas
1675 4883 1727 4940 in
1760 4899 1974 4942 suorum
2002 4887 2105 4942 Ca-

523 4980 699 5050 talogo
724 4991 945 5048 operum
971 5015 988 5040 ,
1019 4987 1179 5044 quem
1209 4981 1328 5042 post
1353 4970 1522 5027 ferme
1567 4971 1835 5028 biennium
1867 4976 2102 5047 scripsit,

521 5083 684 5140 quam
707 5068 836 5124 istas
861 5067 916 5121 in
935 5063 1187 5122 Genesim
1208 5070 1476 5128 recenset,
1497 5077 1561 5117 ac
1587 5064 1778 5136 recipit
1802 5066 1856 5121 in
1877 5067 2100 5124 {mtuum

523 5171 743 5214 suorum
791 5169 1033 5212 censum.
1075 5152 1356 5210 Postremo
1399 5152 1519 5208 loco
1559 5151 1893 5213 Librum-de
1947 5158 2105 5214 Locis

523 5249 783 5321 vulgavit,
829 5262 989 5320 quem
1034 5244 1221 5302 Grtece
1260 5244 1631 5316 praescriptum
1677 5247 1746 5302 ab
1787 5246 2020 5309 Eusebio
2049 5249 2101 5304 iu

525 5343 774 5400 Latinum
797 5339 1089 5405 transtulit,
1107 5335 1301 5393 alicubi
1325 5338 1484 5393 etiam
1514 5338 1760 5404 mutavit,
1782 5348 1838 5396 et
1859 5340 2099 5396 nonnihl

521 5433 690 5501 auxit,
743 5439 802 5488 ut
841 5445 910 5487 ex
958 5428 1132 5486 Graeci
1181 5436 1328 5485 textu
1353 5470 1369 5494 ,
1410 5443 1569 5499 quem
1603 5444 1636 5485 e
1673 5429 2102 5503 llieronymian’ae

523 5523 980 5598 interpretationis
1023 5522 1245 5592 regione
1297 5520 1916 5590 edidimus,collatione
1969 5539 2095 5594 per-

523 5620 767 5690 spicuum
787 5625 892 5674 est.
911 5615 1064 5674 Hanc
1083 5615 1381 5671 libertatem
1404 5615 1476 5671 ita
1499 5615 1615 5685 ipse
1640 5624 1863 5672 excusat
1881 5617 1933 5671 in
1957 5617 2103 5672 Prae—

523 5711 742 5777 fatione,
760 5707 931 5764 Semel
947 5707 1080 5764 enim
1103 5713 1150 5761 et
1168 5707 1218 5761 in
1240 5705 1545 5777 Temporum
1562 5705 1691 5762 libro
1707 5710 1953 5778 prtefatus
1966 5722 2102 5770 sum,

524 5815 604 5852 me
633 5800 710 5856 rel
749 5801 1068 5872 interpretem
1110 5814 1237 5864 esse,
1284 5799 1362 5853 vel
1407 5798 1522 5851 novi
1547 5798 1715 5868 operis
1770 5799 2099 5856 conditorem.

2252 867 2340 923 ιιι.
2393 866 2488 922 His
2537 867 2744 940 Didymi
2797 868 2990 923 librum
3043 867 3096 922 in
3151 869 3406 940 Catalogo
3451 870 3762 933 subnectit.

2180 975 2342 1030 quem
2362 958 2415 1015 in
2444 975 2640 1015 annum
2657 960 2768 1031 jam
2797 962 3037 1031 quintum
3067 961 3364 1032 premebat,
3385 977 3452 1018 ex
3473 977 3582 1032 quo
3612 963 3763 1018 illum

2181 1050 2388 1116 Romze,
2431 1065 2550 1106 cum
2591 1050 2849 1107 Damasus
2892 1051 3066 1107 adhuc
3108 1053 3158 1106 in
3213 1053 3350 1106 vivis
3395 1065 3602 1124 ageret,
3655 1055 3767 1107 sivo

2182 1158 2324 1198 anno
2352 1143 2476 1205 584,
2501 1152 2557 1196 ut
2582 1158 2681 1198 suo
2707 1145 2825 1198 loco
2855 1144 3180 1207 monuimus,
3213 1143 3279 1197 ad
3309 1144 3467 1198 linem
3500 1153 3758 1212 vergente

2181 1243 2421 1304 cmperat
2449 1235 2807 1304 interpretari.
2837 1233 3081 1290 Resumit
3120 1250 3244 1290 eum
3275 1234 3460 1304 itaque
3492 1236 3544 1289 in
3570 1251 3761 1288 manus

2181 1335 2235 1380 et
2263 1326 2377 1380 sive
2405 1325 2654 1380 secundis
2682 1325 2826 1380 curis
2854 1333 3024 1380 totum
3059 1327 3454 1395 recognoverit,
3495 1327 3611 1381 sive
3639 1326 3766 1380 reli-

2183 1431 2341 1486 quam
2374 1415 2533 1470 modo
2563 1426 2794 1486 partem,
2823 1433 2983 1486 quam
3027 1418 3448 1486 prmtermiserat
3473 1459 3490 1481 ,
3523 1418 3576 1472 in
3622 1417 3766 1472 Lati-

2184 1506 2350 1561 tinum
2384 1508 2643 1567 verterit.
2673 1521 2796 1562 eum
2841 1521 2974 1562 sane
3013 1507 3214 1561 diutius
3262 1507 3432 1562 latere
3464 1508 3605 1560 intra
3650 1507 3764 1561 cel.

2184 1596 2305 1651 lnlze
2331 1610 2442 1650 suta
2485 1596 2717 1667 parietes
2743 1597 2964 1652 minime
2990 1611 3176 1667 passus
3202 1607 3285 1652 est
3302 1637 3318 1663 ,
3351 1597 3445 1651 sed
3475 1597 3696 1659 honori,
3716 1608 3772 1650 ut

2186 1689 2302 1759 ipse
2329 1688 2471 1759 loqui
2508 1697 2671 1752 amat,
2719 1689 2995 1754 editionis,
3031 1690 3133 1743 hoc
3159 1689 3367 1744 scilicet
3407 1689 3512 1744 589
3537 1704 3681 1742 anno
3707 1689 3771 1742 ad

2187 1782 2345 1835 linem
2377 1791 2719 1850 properante,
2752 1783 3030 1851 permisit,
3063 1791 3118 1836 et
3147 1782 3461 1836 Pauliniano
3489 1780 3645 1834 fratri
3677 1795 3774 1833 suo

2186 1870 2473 1924 dedicavit.
2517 1869 2650 1925 Rem
2682 1881 2846 1926 totam
2891 1881 3074 1926 narrat
3123 1872 3238 1942 ipse
3288 1874 3339 1925 in
3397 1870 3772 1926 Prwfatione:

2189 1960 2314 2016 Cum
2349 1963 2402 2014 in
2443 1959 2719 2032 Babylone,
2769 1963 3032 2032 inquiens,
3080 1979 3325 2028 versarer,
3382 1973 3430 2016 et
3475 1976 3774 2032 purpurata!

2189 2051 2462 2106 meretricis
2515 2069 2672 2107 essem
2717 2054 2949 2120 colonus,
3001 2062 3047 2106 et
3075 2054 3196 2124 jure
3226 2053 3484 2119 Quiritum
3535 2055 3772 2116 viverem.

2190 2142 2324 2196 volui
2366 2144 2561 2213 garrire
2610 2144 2804 2214 aliquid
2843 2143 2907 2196 de
2951 2143 3154 2214 Spiritu
3209 2145 3420 2206 Sancto,
3475 2155 3526 2196 et
3557 2155 3778 2213 ereptum

2191 2234 2492 2304 opusculum
2542 2237 2767 2306 ejusdem
2821 2236 2971 2292 Urbis
3028 2237 3274 2306 Pontiﬁci
3320 2239 3578 2292 dedicare.
3640 2238 3776 2293 Tum

2193 2327 2376 2396 paucis
2401 2326 2696 2396 interjectis
2721 2327 2787 2382 de
2817 2327 2940 2382 odio
2959 2369 2974 2393 ,
3020 2344 3128 2399 quo
3156 2329 3296 2398 apud
3329 2329 3606 2383 Romanos
3634 2330 3776 2383 labo-

2193 2419 2351 2482 ravit,
2377 2415 2526 2471 Illico
2547 2433 2659 2488 ego,
2687 2417 2884 2482 subdit,
2910 2418 3042 2472 velut
3068 2420 3378 2488 postliminio
3399 2418 3778 2490 Jerosolymam

2192 2524 2303 2562 sum
2329 2517 2642 2570 reversus,et
2667 2518 2792 2578 post
2818 2509 3026 2564 Romuli
3079 2525 3250 2564 casam
3283 2520 3329 2563 et
3360 2509 3628 2568 Ludornm
3676 2511 3780 2566 Lu-

2197 2599 2436 2669 percalia,
2491 2599 2824 2652 diversorium
2864 2599 3046 2653 Maria:
3089 2609 3135 2654 et
3166 2600 3451 2656 Saluatoris
3484 2603 3782 2672 speluncam

2196 2688 2428 2757 adspexi.
2461 2686 2667 2758 Itaque,
2713 2690 2781 2742 nti
2809 2687 3120 2743 Pauliniane
3163 2689 3494 2761 [ναίει-,φιλῶ
3541 2694 3782 2760 supradi-

2198 2788 2307 2831 ctus
2327 2777 2571 2848 Pontifex
2597 2778 2868 2844 Damasus,
2885 2781 2973 2850 qui
2999 2797 3078 2835 me
3104 2781 3286 2835 adhoc
3307 2798 3436 2851 opus
3466 2784 3663 2853 primus
3689 2785 3786 2838 im-

2201 2870 2419 2938 pulerat,
2451 2868 2750 2924 obdormiuit
2787 2875 2838 2924 in
2873 2869 3096 2937 Christo,
3130 2881 3232 2926 tam
3257 2882 3361 2938 tuo,
3393 2891 3548 2943 quam
3577 2890 3784 2930 venera—

2201 2961 2378 3014 bilium
2419 2962 2544 3016 nti/ti
2588 2963 2892 3016 ancillarum
2927 2963 3153 3031 .Cltristi,
3201 2964 3384 3020 l’aulte
3418 2975 3467 3019 et
3519 2965 3788 3023 Eustochii

2201 3070 2334 3106 nunc
2373 3053 2581 3124 adjutus
2609 3064 2789 3120 oratu;
2817 3057 3070 3110 canticum
3102 3056 3239 3126 quod
3269 3067 3480 3112 cantare
3504 3075 3608 3113 non
3650 3063 3788 3130 potui

2199 3145 2253 3197 in
2285 3155 2418 3198 terra
2460 3145 2648 3206 aliena,
2681 3147 2761 3200 hic
2799 3163 2831 3199 a
2878 3147 3014 3200 vobis
3054 3148 3104 3200 in
3148 3147 3332 3204 ludam
3359 3161 3662 3219 provocatus
3689 3153 3788 3205 int-

2201 3251 2525 3288 murmuro...
2555 3234 2622 3288 Et
2653 3247 2705 3289 ut
2736 3236 3003 3291 Auctorem
3025 3239 3172 3293 titulo
3217 3244 3398 3309 fatear,
3437 3242 3600 3295 malui
3631 3243 3790 3298 alieni

2203 3327 2368 3397 aperis
2408 3328 2655 3395 interpres
2703 3330 2933 3396 existere,
2986 3349 3138 3402 quant
3187 3332 3262 3404 (ut
3292 3334 3500 3403 quidam
3547 3336 3790 3406 faciunt}

2208 3419 2445 3492 informis
2475 3421 2756 3487 cornicula,
2785 3423 2963 3478 alienis
2986 3426 3330 3480 ntecoloribus
3350 3427 3630 3483 adamare.
3659 3430 3791 3496 Qni-

2207 3511 2304 3564 hus
2326 3512 2610 3580 postremis
2655 3513 2832 3567 verbis
2855 3553 2870 3578 ,
2905 3516 3136 3570 maxime
3181 3531 3308 3572 vero
3338 3517 3422 3571 his
3448 3534 3570 3588 qua:
3600 3519 3791 3575 subse-

2205 3611 2456 3669 quuntur,
2486 3600 2543 3656 S.
2565 3601 2902 3658 Ambmsium
2925 3605 3194 3676 suggillari
3219 3608 3495 3662 contendit
3521 3607 3790 3675 Bullinus,

2205 3709 2374 3764 eaque
2402 3693 2470 3750 de
2495 3709 2683 3750 caussa
2703 3697 3129 3752 criminationem
3162 3700 3214 3753 in
3243 3699 3628 3770 Hieronymum
3671 3716 3792 3772 gra-

2205 3783 2475 3840 vissimam
2507 3785 2753 3842 intentat.
2794 3786 3002 3843 Dictum
3048 3789 3168 3845 aliis
3196 3804 3260 3844 ea
3297 3789 3365 3845 de
3395 3806 3478 3856 re,
3529 3802 3586 3848 et
3637 3791 3794 3850 nobis

2205 3894 2304 3933 suo
2329 3876 2466 3934 loco.

2277 3969 2364 4025 IV.
2395 3969 2699 4026 Succedunt
2724 3971 2967 4028 Homiliaz
3011 3973 3421 4044 trigintanovem
3448 3977 3702 4048 Origenis
3736 3978 3788 4034 in

2208 4060 2427 4125 Lucam,
2457 4075 2590 4132 quas
2615 4077 2926 4132 persuasum
2961 4073 3043 4119 est
3071 4064 3242 4120 doctis
3291 4065 3419 4120 viris
3461 4065 3628 4123 fuisse
3668 4078 3795 4123 ante

2207 4151 2275 4205 ab
2298 4165 2363 4205 eo
2412 4149 2646 4206 redditas
2684 4151 2908 4216 Latine,
2943 4169 3100 4224 quam
3135 4155 3424 4210 llebraicas
3455 4158 3506 4209 in
3533 4156 3789 4212 Genesim

2207 4239 2560 4308 Qumstioues,
2579 4255 2632 4296 et
2659 4241 2877 4297 Librum
2903 4242 2971 4298 de
2998 4243 3156 4298 Locis
3185 4243 3388 4310 ederet,
3417 4260 3591 4316 eoque
3618 4248 3790 4314 magis

2208 4344 2331 4388 ante
2355 4347 2478 4388 eum
2502 4349 2656 4404 quem
2683 4333 2844 4388 modo
2877 4336 3245 4390 recens-nimus
3267 4376 3282 4398 ,
3313 4335 3544 4406 Dyolimi
3575 4337 3643 4392 de
3665 4337 3789 4405 Spi-

2209 4425 2312 4479 ritu
2337 4424 2533 4480 Sancto
2555 4423 2880 4480 Tractatum.
2911 4425 2968 4480 In
2997 4441 3152 4495 quam
3194 4427 3516 4480 sententiam
3549 4427 3792 4496 locuples

2208 4513 2422 4584 quidem
2450 4529 2545 4568 eos
2563 4513 2782 4570 adduxit
2805 4515 2861 4570 S.
2887 4515 3165 4584 ipsiusmet
3190 4515 3365 4570 Patris
3385 4516 3436 4570 in
3470 4517 3794 4573 Prtefatione

2208 4606 2274 4660 ad
2319 4605 2577 4660 Homilias
2634 4607 2753 4662 illas
2788 4607 2938 4661 locus
2978 4622 2992 4659 :
3039 4605 3349 4662 l’razlermisi
3379 4609 3646 4679 paululum
3680 4609 3793 4665 He-

2209 4697 2492 4750 braicarum
2522 4695 2865 4764 Quwstionum
2887 4695 3042 4751 libros
3060 4737 3074 4760 ,
3105 4708 3161 4750 ut
3187 4698 3256 4750 ad
3279 4699 3543 4753 arbitrium
3572 4711 3803 4758 uestrum.

2210 4786 2466 4841 lucrativis
2491 4788 2656 4858 Operis
2684 4788 2789 4842 haec
2815 4786 3204 4858 qualiacumque
3233 4799 3372 4852 sunt,
3422 4806 3525 4844 non
3567 4807 3678 4844 mea
3704 4793 3797 4846 sed

2211 4876 2378 4931 aliena
2419 4876 2680 4930 dictarem.
2736 4877 2927 4931 Verum
2970 4876 3124 4931 valde
3163 4892 3264 4948 ego
3313 4879 3470 4933 aliter
3510 4883 3709 4945 sentio,
3742 4892 3800 4936 et

2213 4984 2489 5039 perperam
2509 4969 2781 5038 accepisse
2801 4982 2894 5022 eos
2920 4976 3152 5023 mentem
3172 4968 3229 5025 S.
3259 4969 3524 5040 Doctoris,
3549 4987 3800 5028 sensum-

2211 5075 2315 5131 que
2356 5059 2472 5129 ejus
2502 5059 2806 5126 verborum,
2835 5067 3074 5113 autumo.
3125 5059 3311 5130 Neque
3346 5062 3490 5117 enim
3531 5064 3798 5131 Quaestio-

2211 5167 2337 5208 num
2369 5152 2421 5206 in
2445 5150 2715 5216 Genesim,
2763 5150 2857 5206 sed
2886 5155 3048 5214 ἁπλῶς
3077 5152 3424 5218 Quatstionum
3453 5154 3608 5208 libros
3634 5170 3695 5212 se
3721 5157 3799 5210 ait

2210 5242 2565 5298 intermisisse
2595 5259 2607 5294 :
2642 5241 2917 5312 multoque
2961 5242 3290 5312 probabilius
3318 5253 3400 5298 est
3419 5284 3436 5310 ,
3466 5253 3520 5298 et
3549 5261 3643 5314 par
3671 5262 3795 5306 cree

2209 5336 2356 5400 dere,
2383 5334 2449 5388 de
2475 5335 2595 5388 aliis
2619 5349 2738 5388 eum
2772 5334 2914 5403 loqui
2937 5375 2954 5400 ,
2980 5350 3114 5402 quas
3142 5335 3192 5389 in
3237 5337 3473 5408 reliquos
3500 5338 3797 5407 Scriptura:

2211 5427 2377 5481 libros
2394 5423 2614 5496 parabat
2642 5423 2718 5493 (et
2745 5425 2914 5479 semel
2955 5432 3080 5479 tunc
3107 5426 3432 5498 ipterceptas
3453 5471 3467 5493 ,
3496 5440 3708 5497 postea,
3739 5439 3798 5485 ut

2209 5519 2463 5582 diximus,
2506 5515 2726 5569 omnino
2756 5517 3132 5586 praetermisit)
3157 5532 3316 5587 quam
3359 5517 3429 5575 de
3453 5519 3712 5590 singulari
3743 5522 3798 5576 in

2210 5609 2462 5667 Genesim
2513 5606 2671 5671 libro,
2707 5621 2864 5676 quem
2919 5616 3028 5661 tota
3083 5623 3262 5668 rerum
3307 5611 3497 5673 series,
3543 5620 3600 5668 et
3636 5627 3798 5684 quem

2214 5710 2360 5760 tenet
2389 5700 2522 5756 ordo
2545 5700 2596 5755 in
2623 5698 2899 5770 Catalogo,
2930 5701 3223 5768 perfectum
3249 5703 3358 5778 jam
3384 5713 3568 5772 antea,
3600 5721 3665 5762 ac
3695 5722 3810 5778 pu-.

2212 5793 2332 5850 blici
2356 5792 2494 5864 juris
2522 5790 2740 5857 factum,
2772 5790 3111 5861 persuadent.
3145 5777 3297 5860 Quod
3323 5794 3368 5848 si
3398 5810 3586 5851 verum
3605 5777 3709 5863 est,
3737 5806 3798 5852 ut
