4004 6328
251 407 312 462 13
1509 399 1570 454 S.
1614 394 1992 455 lilEBONYMl
2029 394 2214 457 VITA.
3429 409 3491 464 7|

249 520 346 577 veri
371 517 598 589 speciem
639 529 850 572 omnem
889 513 1093 571 habet:
1123 513 1219 570 has
1261 529 1404 570 anno
1431 514 1648 570 demum
1695 509 1802 570 590

248 630 305 671 ex
328 613 507 670 Grmeo
531 611 584 666 in
622 609 866 666 Latinum
893 608 1280 665 convertendus
1313 607 1573 664 Homilias
1614 623 1802 663 susce-

248 707 384 778 perit.
401 705 454 759 ln
488 703 805 759 Praefatione
825 702 889 756 ad
915 703 1133 757 Paulam
1161 711 1215 757 et
1243 701 1586 756 Eustochium
1610 715 1801 771 quent-

245 800 350 853 dam
379 813 529 867 quem
566 797 683 852 istte
721 795 980 865 legerant,
1021 809 1121 849 nee
1167 793 1299 848 satis
1330 801 1508 846 tamen
1539 791 1798 861 probave-

243 898 385 951 rant,
416 885 572 940 Luca:
603 886 949 955 interpretem
977 881 1037 940 S.
1067 883 1226 938 Pater
1251 882 1535 953 suggillat:
1569 897 1801 949 euntque

239 979 290 1036 S.
331 980 669 1033 Ambrosium
724 992 887 1044 esse,
947 977 1037 1047 qui
1095 985 1222 1030 ante
1276 974 1445 1030 l'erme
1513 975 1802 1043 quadrien-

241 1073 368 1127 nium
394 1086 516 1127 suos
569 1071 812 1126 ediderat
856 1070 1282 1126 Commentarios
1338 1069 1390 1123 in
1421 1067 1619 1122 Lucam
1664 1064 1800 1140 (1η-

237 1173 348 1217 mt.
384 1157 472 1234 II)
494 1202 508 1226 ,
533 1160 783 1217 Ruflinus
807 1160 1104 1217 contendit.
1134 1159 1203 1215 Et
1232 1159 1459 1229 probare
1497 1159 1658 1212 etiam
1687 1167 1797 1211 tum

236 1271 291 1311 ex
331 1271 394 1310 eo
421 1255 630 1322 nititur,
674 1254 818 1326 quod
864 1255 1042 1309 nullus
1077 1269 1144 1309 ex
1188 1253 1391 1307 Latinis
1433 1251 1499 1306 ad
1532 1251 1584 1306 id
1631 1267 1800 1321 usque

238 1348 476 1419 temporis
521 1357 719 1418 prasler
759 1347 1098 1414 Anthrosium
1149 1345 1200 1401 in
1240 1348 1433 1402 Lucam
1465 1347 1795 1416 scripsisset,

235 1449 331 1493 tum
368 1439 506 1510 quod
553 1440 833 1510 ipsiusmct
878 1439 1169 1510 Epistolam
1203 1439 1511 1510 Hieronymi
1561 1440 1800 1509 proferre

233 1543 413 1602 posset,
461 1533 514 1586 in
562 1549 666 1604 qua
693 1533 786 1586 hoc
816 1533 985 1601 ipsum
1011 1533 1074 1585 de
1102 1532 1217 1586 aliis
1255 1547 1531 1594 excusans,
1565 1532 1618 1582 in
1650 1531 1798 1582 illum

231 1625 452 1676 convertit
497 1624 859 1692 suspicionem.
909 1621 1014 1678 Sed
1065 1638 1239 1692 neque
1293 1621 1430 1676 hanc
1478 1621 1794 1690 Epistulam,

231 1713 356 1781 quod
387 1715 661 1767 secretiora
704 1715 937 1784 quaedam
978 1713 1080 1767 alia
1111 1712 1408 1766 contineret
1429 1752 1442 1774 ,
1476 1709 1718 1765 Bullinus
1745 1711 1795 1764 iu

230 1805 400 1874 vulgus
427 1805 618 1873 edidit,
653 1813 746 1859 aut
764 1808 1043 1875 quisquam
1072 1804 1221 1866 vidit,
1257 1812 1313 1857 ut
1339 1819 1403 1857 ex
1432 1818 1494 1857 ea
1521 1803 1796 1871 disputare

228 1892 370 1948 liceat
413 1913 428 1950 :
478 1911 657 1965 neque
703 1896 904 1949 homini
958 1895 1238 1964 plusquam
1285 1893 1562 1947 Vatiniana
1595 1893 1712 1946 odia
1744 1893 1794 1946 in

228 1984 598 2058 Hieronymum
643 1987 910 2041 exercenti
933 2027 947 2050 ,
976 1984 1131 2039 facile
1158 1985 1258 2038 erit
1304 1986 1394 2054 qui
1427 1985 1525 2038 hac
1573 1984 1624 2038 in
1653 2000 1711 2038 re
1737 1981 1794 2036 li-

225 2075 332 2129 dem
358 2077 638 2132 adhibeat.
672 2077 879 2131 Cretera
907 2093 1025 2145 qua:
1054 2075 1292 2144 ejusdem
1338 2073 1635 2128 calumnias
1669 2087 1798 2138 spe-

222 2175 376 2233 ctant,
422 2184 562 2238 quas
607 2170 659 2222 in
712 2169 848 2223 hanc
898 2168 1114 2223 instruit
1158 2167 1504 2221 ilomiliarum
1553 2163 1800 2233 Origenis

220 2255 451 2313 Latinam
487 2259 1014 2330 interpretationem,
1043 2261 1172 2312 satis
1198 2256 1408 2311 abunde
1433 2257 1713 2323 dispuncta
1743 2264 1800 2308 et

219 2346 436 2404 refutata
493 2361 623 2404 sunt
653 2351 808 2404 nobis
852 2351 904 2402 in
935 2349 1255 2403 Prmlatione
1285 2346 1352 2400 ad
1379 2346 1608 2400 Tomutn
1639 2345 1804 2415 septi-

216 2453 346 2492 mum
369 2482 385 2506 ,
415 2456 542 2510 qua":
573 2441 620 2494 si
649 2440 778 2493 tanti
831 2446 992 2501 sunt,
1027 2439 1253 2491 recolas.

277 2529 340 2586 γ.
368 2531 548 2585 Paulo
567 2539 715 2598 post,
743 2528 846 2584 hoc
872 2538 1072 2594 tamen,
1103 2536 1160 2580 ttt
1185 2527 1418 2591 videtur,
1452 2540 1594 2580 anno
1623 2525 1804 2579 elucu-

215 2621 382 2674 bravit
413 2619 478 2675 S.
515 2619 679 2673 Pater
703 2633 797 2672 eos
819 2617 979 2672 etiam
1007 2631 1144 2686 quos
1186 2630 1326 2686 pone
1353 2615 1534 2670 subdit
1559 2615 1611 2667 in
1644 2612 1799 2668 Psal-

212 2728 309 2766 ntos
343 2727 379 2762 a
434 2709 641 2762 decimo
676 2725 836 2778 usque
886 2707 955 2760 ad
999 2707 1246 2760 decimum
1289 2715 1486 2759 sextum
1527 2703 1796 2758 Tractatus

210 2811 413 2872 septem.
449 2799 608 2855 Docti
637 2799 758 2863 viri,
789 2797 858 2853 tle
878 2812 1103 2867 quorum
1134 2811 1355 2850 numero
1387 2795 1565 2850 Sixtus
1586 2794 1794 2850 Senen-

211 2893 277 2948 sis
297 2903 351 2948 et
388 2890 580 2947 Daniel
610 2889 855 2953 ﬂuetius,
888 2903 993 2944 non
1026 2888 1159 2942 alias
1185 2896 1440 2958 praeterea
1486 2887 1795 2942 existimant

214 2983 392 3051 fuisse,
443 2996 610 3054 quam
665 2979 884 3034 totidem
928 2978 1174 3048 Origenis
1223 2977 1499 3040 Homilias,
1545 2991 1678 3047 quas
1725 2978 1793 3033 de

216 3073 394 3130 Graeco
421 3073 480 3127 in
509 3071 762 3126 Latinum
797 3068 1149 3124 transtulerit.
1172 3067 1338 3122 Nobis
1361 3068 1459 3122 hac
1481 3067 1548 3122 de
1578 3083 1635 3122 re
1659 3067 1791 3122 nihil

213 3181 304 3236 pro
330 3176 488 3222 certo
517 3163 793 3217 affirmare
815 3163 989 3232 placet
1016 3203 1030 3227 ,
1064 3161 1293 3216 maxime
1319 3176 1438 3215 cum
1474 3169 1578 3215 tota
1605 3161 1791 3216 elucu-

214 3258 376 3312 bratio
395 3255 493 3310 illa
517 3253 874 3316 desideretur,
907 3268 974 3306 ex
1005 3267 1107 3319 qua
1155 3265 1367 3306 sumere
1395 3253 1448 3306 in
1476 3252 1790 3306 alterutram

213 3359 409 3417 partem
434 3355 818 3418 argumentum
848 3344 1053 3398 liceret.
1077 3342 1212 3410 Quin
1245 3345 1420 3414 potius
1443 3345 1487 3399 si
1508 3344 1635 3415 quid
1664 3360 1794 3399 cou-

212 3440 365 3507 jieere
391 3453 471 3493 ex
496 3436 680 3503 modo,
717 3450 824 3505 quo
849 3435 917 3489 ab
943 3436 1062 3503 ipso
1087 3445 1436 3491 recensentur
1458 3473 1473 3502 ,
1500 3434 1648 3501 licet,
1675 3450 1760 3488 ma
1781 3468 1788 3474 -

217 3531 298 3584 litn
324 3544 422 3601 ego
464 3525 850 3599 primogenitos
879 3524 1038 3580 {tctus
1065 3523 1122 3579 S.
1151 3525 1392 3580 Doetoris
1436 3526 1746 3580 existimare
1777 3543 1789 3580 :

218 3622 416 3676 tametsi
483 3617 770 3673 maximam
815 3626 1018 3686 partem
1061 3630 1128 3671 ex
1165 3617 1375 3686 graecis
1436 3616 1794 3686 Seriptorihus

218 3724 365 3784 atque
390 3712 630 3782 Origene
661 3709 955 3780 praesertim
977 3749 992 3771 ,
1022 3718 1079 3761 ut
1118 3709 1171 3762 in
1219 3723 1370 3764 more
1395 3709 1628 3780 positum
1670 3717 1797 3762 tunc

221 3803 288 3859 illi
328 3813 450 3860 erat
471 3843 488 3869 ,
522 3801 860 3871 desumptos,
891 3799 1038 3854 ultro
1065 3800 1225 3854 etiam
1270 3798 1459 3852 fatear.
1492 3799 1660 3853 Porro
1701 3812 1799 3852 cur

221 3894 603 3959 iutereiderint,
627 3903 720 3946 aut
739 3902 886 3946 certe
909 3904 1084 3960 neque
1109 3890 1303 3958 integri
1324 3897 1598 3957 superent,
1619 3903 1798 3957 neque

221 4003 280 4042 eo
303 3989 475 4052 cultu,
505 3995 563 4040 ut
604 3984 673 4040 ab
699 3983 927 4038 aliorum
974 3975 1478 4051 interpolationlbus
1507 3977 1798 4032 internosci

225 4089 432 4150 queant,
465 4091 712 4133 caussam
754 4075 1061 4131 addidimus
1089 4073 1142 4128 in
1171 4071 1551 4128 Admonitione
1575 4071 1642 4125 ad
1673 4068 1800 4124 Bre-

224 4173 428 4226 uiarium
455 4172 510 4226 in
541 4167 778 4225 Psalmos
803 4209 818 4236 ,
845 4167 986 4238 quod
1008 4164 1248 4236 Septimo
1276 4163 1449 4220 Tomo
1473 4162 1799 4233 Appendicis

227 4260 334 4316 loco
361 4263 754 4318 subnectimus.

295 4353 376 4408 Vl.
415 4351 663 4418 Videtur,
709 4350 794 4405 his
830 4347 1089 4404 absolutis
1118 4346 1520 4416 scriptionihus,
1551 4348 1798 4420 aliquan-

227 4445 305 4500 diu
342 4447 443 4502 sibi
463 4443 734 4499 silentium
755 4441 1076 4512 imposuisse
1091 4438 1151 4495 S.
1183 4440 1340 4496 Pater
1369 4459 1383 4496 :
1408 4440 1573 4495 Silere
1591 4441 1798 4513 quippe,

229 4537 310 4600 ait,
356 4553 437 4591 me
478 4536 620 4607 fecit,
651 4534 735 4588 cui
764 4549 904 4587 meus
927 4548 1092 4588 sermo
1119 4532 1427 4602 supplicium
1455 4541 1526 4586 est
1553 4531 1796 4603 (Prolog.

229 4628 290 4679 ad
315 4625 416 4680 Vit.
449 4625 692 4693 Malclti).
723 4623 826 4679 Sed
859 4621 1158 4693 graviorem
1192 4621 1426 4687 interim,
1458 4636 1521 4675 ac
1547 4621 1801 4691 longioris

231 4718 389 4770 multo
428 4733 610 4787 operm
650 4715 993 4783 scriptionem
1039 4713 1218 4766 animo
1254 4711 1363 4782 jam
1409 4712 1648 4781 parabat,
1679 4713 1799 4766 uui-

234 4822 448 4872 versam,
477 4807 752 4870 videlicet,
787 4822 965 4861 rerum
996 4805 1313 4860 Christiana:
1343 4803 1641 4870 historiam,
1676 4803 1799 4858 lite-

234 4900 301 4950 ris
338 4901 674 4968 ronsiguare.
706 4896 940 4952 Scribere
965 4897 1120 4960 enim,
1151 4895 1343 4965 inquit,
1376 4894 1602 4964 disposui
1634 4895 1699 4962 (si
1724 4904 1802 4947 ta-

233 5005 334 5041 turn
360 4994 510 5044 vitam
541 4989 797 5042 Dominus
837 4987 1030 5042 dederit
1072 5005 1092 5042 :
1138 4996 1186 5040 et
1227 4987 1270 5041 si
1298 4987 1662 5056 vituperatores
1704 4987 1804 5041 mei

232 5080 393 5135 saltem
440 5083 716 5154 fugientem
763 5097 862 5146 me,
907 5090 954 5134 et
1000 5078 1252 5134 inclusum
1282 5079 1513 5150 persequi
1537 5079 1801 5150 desierint)

234 5170 288 5222 ob
317 5173 525 5226 aduentu
557 5172 842 5227 Saluatoris
870 5185 1027 5242 usque
1052 5170 1120 5222 ad
1146 5179 1372 5223 nostrum
1413 5179 1631 5238 (etatem,
1656 5170 1710 5224 id
1730 5180 1804 5224 est

233 5260 288 5315 ob
317 5266 565 5336 Apostolis
585 5281 744 5336 usque
761 5264 828 5316 ad
846 5263 1002 5318 nostri
1025 5263 1263 5327 temporis
1279 5264 1457 5334 fecerit,
1482 5262 1734 5329 quomodo
1757 5272 1803 5316 et

235 5371 315 5413 per
329 5375 449 5427 quos
466 5359 652 5412 Christi
673 5354 900 5410 Ecclesia
917 5365 1038 5410 nata
1055 5355 1140 5421 sit,
1158 5364 1203 5409 et
1218 5356 1416 5420 adulta,
1437 5355 1802 5426 persecutioni-

236 5444 318 5498 bus
340 5451 571 5512 creverit,
602 5459 649 5502 et
679 5448 938 5520 martyriis
965 5457 1206 5503 coronata
1231 5448 1295 5502 sit
1322 5464 1342 5503 :
1368 5457 1415 5502 et
1445 5458 1706 5521 postquam
1733 5449 1801 5502 ad

236 5535 532 5597 Christianos
579 5541 849 5612 Principes
886 5540 1094 5607 venerit,
1129 5542 1349 5612 potentia
1377 5541 1577 5613 quidem
1599 5551 1646 5596 et
1673 5543 1801 5596 divi-

239 5628 312 5683 tiis
331 5633 506 5703 major,
527 5632 618 5689 sed
637 5632 903 5688 uirtutibus
919 5615 1085 5687 minor
1095 5635 1237 5702 facta
1251 5633 1316 5687 sit
1337 5632 1606 5703 (Ibidem).
1634 5633 1801 5688 Porro

239 5717 544 5778 elucubrarit
589 5737 692 5779 nec
738 5740 804 5778 ne
848 5733 1032 5795 postea
1083 5723 1220 5802 istud
1263 5725 1461 5794 Operis,
1498 5725 1825 5780 dubitatnm'

242 5813 471 5869 estinter
493 5813 754 5880 eruditos,
786 5815 883 5867 etsi
913 5815 1054 5868 enim
1100 5814 1166 5867 ad
1212 5830 1310 5869 nos
1353 5816 1480 5869 nihil
1526 5815 1793 5884 ejusmodi

1911 514 2240 582 pervenerit,
2287 528 2462 584 neque
2501 515 2607 570 ulla
2653 528 2886 587 unquam
2933 519 3049 590 ejus
3076 521 3216 592 apud
3241 525 3490 596 antiquos

1913 606 2032 660 vola
2059 605 2130 661 sit
2155 616 2245 662 aut
2278 607 2580 677 vestigium,
2608 604 2880 664 afﬁrmare
2911 618 3088 666 tamen
3117 614 3329 670 videtur
3352 617 3501 687 ipse.

1911 705 2041 762 met,
2066 697 2223 768 idque
2244 706 2364 768 post
2383 713 2554 753 annos
2575 699 2863 755 admodum
2885 701 3092 770 decem,
3117 704 3279 784 Libro
3300 705 3340 761 l.
3365 722 3495 762 con-

1912 797 1990 842 tra
2018 789 2314 855 Bullinum,
2347 791 2436 845 ubi
2467 806 2526 846 se
2554 794 2631 846 ait
2659 792 3090 850 Ecelesiasticam
3140 798 3358 855 Eusebii
3405 801 3490 856 hi-

1910 883 2128 935 storiam
2177 881 2379 955 (quam
2407 897 2518 938 sua:
2547 883 2806 954 potuisset
2833 887 3134 959 inserere)
3162 891 3214 944 in
3246 890 3494 947 Latinum

1912 975 2269 1031 transtulisse.
2316 975 2566 1045 Laudari,
2615 977 2808 1048 inquit,
2855 978 3131 1034 Eusebium
3175 983 3229 1036 in
3262 981 3495 1038 Histeria

1913 1065 2287 1135 lz‘cclesiastica,
2318 1070 2372 1123 in
2401 1070 2679 1141 digestione
2702 1069 3008 1144 Temporum
3040 1073 3180 1146 (lucc
3207 1085 3290 1131 est
3315 1075 3491 1134 Chro-

1909 1155 2013 1209 niei
2059 1156 2256 1230 versio)
2301 1159 2354 1213 in
2383 1159 2720 1230 descriptione
2747 1160 2923 1217 Terrae
2947 1163 3153 1219 Sanctae
3179 1166 3319 1237 (hmo
3348 1166 3494 1222 Libri

1908 1246 1976 1300 de
2004 1246 2159 1302 Locis
2183 1248 2288 1319 est)
2316 1259 2365 1304 et
2389 1250 2496 1304 haec
2521 1252 2632 1321 ipsa
2665 1251 2927 1324 Opuscula
2955 1255 3007 1308 in
3033 1253 3274 1310 Latinum
3298 1267 3492 1312 vertens

1909 1353 2033 1391 mea:
2059 1337 2248 1408 linguis
2269 1342 2554 1396 hominibus
2578 1341 2716 1396 dedi.
2751 1342 2949 1398 Verum
2980 1346 3137 1399 aliam
3160 1355 3259 1401 nos
3279 1347 3345 1402 ad
3369 1357 3490 1403 eum

1909 1431 2084 1486 locum
2128 1433 2399 1490 innuimus
2446 1435 2612 1491 fuisse
2654 1435 2714 1491 S.
2768 1437 3010 1493 Doctoris
3037 1449 3295 1508 mentem,
3327 1456 3485 1511 quam

1907 1524 2068 1593 vulgo
2105 1524 2437 1595 intelligitur,
2491 1541 2554 1582 ac
2594 1527 2764 1596 primo
2793 1530 2972 1582 statim
2999 1530 3188 1585 obtutu
3218 1539 3441 1602 apparet
3474 1553 3488 1590 :

1906 1627 2067 1686 atque
2116 1621 2185 1670 ita
2235 1617 2351 1672 haec
2394 1618 2624 1674 diximus
2669 1619 2978 1690 accipienda
3021 1621 3206 1689 verba,
3252 1631 3312 1677 ut
3356 1622 3491 1678 illud

1909 1709 2064 1762 unice
2088 1708 2153 1762 ad
2180 1709 2610 1764 Ecclesiastieam
2634 1709 2912 1764 historiam
2937 1711 3375 1784 referatur,quod
3392 1715 3493 1776 ait,

1908 1801 2114 1855 laudavi
2144 1816 2164 1855 :
2193 1803 2258 1856 ad
2301 1803 2503 1873 reliqua
2549 1811 2726 1858 autem
2774 1804 2880 1859 duo
2922 1805 3182 1874 opuscula
3234 1806 3488 1874 alterum,

1905 1891 2048 1962 quod
2094 1907 2206 1947 sua:
2253 1893 2448 1963 linguae
2495 1892 2800 1949 hominibus
2841 1895 3069 1963 dederit,
3102 1906 3328 1966 spectet.
3359 1898 3489 1966 Qua:

1905 1983 2122 2051 quidem
2163 1985 2390 2054 genuina
2418 1986 2709 2039 etiamnum
2736 1996 2928 2042 sensus
2957 1987 3074 2057 ejus
3103 1986 3386 2057 explicatio
3409 1991 3488 2043 vi.

1906 2071 2087 2138 detur,
2117 2083 2170 2128 et
2196 2090 2315 2144 quae
2355 2075 2474 2128 aliis
2501 2075 2763 2144 ejusmodi
2791 2077 2931 2145 apud
2961 2093 3083 2132 eum
3114 2079 3398 2148 exemplis,
3444 2081 3489 2133 si

1908 2177 1994 2216 res
2023 2161 2179 2227 ferat,
2209 2164 2549 2232 comprobari
2583 2165 2738 2219 facile
2769 2166 2960 2235 possit.
2988 2165 3042 2222 Si
3070 2168 3154 2220 cui
3186 2175 3363 2223 tamen
3385 2169 3490 2222 mi-

1911 2267 2012 2305 nus
2040 2252 2297 2316 arrideat,
2338 2253 2409 2307 ita
2438 2255 2598 2308 etiam
2627 2255 2941 2311 existimare
2978 2255 3157 2322 liceat,
3185 2272 3305 2313 eam
3344 2260 3490 2314 inuui

1911 2340 2230 2395 Eusebiana:
2256 2340 2496 2396 historiae
2525 2351 2752 2412 partem,
2781 2344 2923 2399 haud
2947 2345 3196 2415 equidem
3217 2362 3487 2417 magnam,

1909 2431 2004 2486 sed
2038 2441 2212 2486 tamen
2244 2431 2459 2487 Eusebii
2491 2439 2616 2488 κατά
2640 2443 2788 2502 λέξιν,
2819 2451 2939 2505 qua:
2967 2437 3266 2507 Scriptores
3295 2438 3487 2496 Eccle-

1908 2525 2154 2578 siasticos
2185 2533 2448 2590 recenset,
2479 2534 2534 2580 et
2562 2525 2752 2581 Noster
2779 2541 2880 2582 suo
2905 2527 2974 2583 de
3006 2528 3147 2583 Viris
3184 2527 3487 2586 Illustribus

1908 2614 2044 2669 libro
2069 2613 2258 2670 Latine
2285 2615 2546 2670 redditam
2579 2616 2647 2671 de
2677 2617 2840 2673 verbo
2869 2618 2936 2672 ad
2970 2620 3190 2674 verbum
3235 2621 3480 2678 inseruit.

1904 2705 2063 2760 Certe
2109 2705 2197 2776 qui
2243 2705 2606 2762 elucubratam
2642 2723 2822 2764 revera
2852 2711 2923 2766 ab
2951 2726 3018 2766 eo
3046 2711 3328 2769 historiam
3363 2717 3483 2771 uui-

1903 2811 2110 2852 versam
2141 2797 2568 2855 Ecclesiastieam
2620 2809 2832 2872 putant,
2865 2804 3075 2876 longius
3104 2821 3133 2860 a
3161 2807 3274 2863 veri
3302 2809 3486 2878 specie

1900 2889 2044 2942 omni
2061 2889 2345 2945 oberrant.

1973 2979 2078 3035 V11.
2113 2980 2218 3035 Sed
2252 2982 2433 3053 utique
2460 3000 2580 3038 cum
2612 2985 2844 3056 primunt
2873 2987 3033 3044 silere
3054 2989 3233 3053 desiit,
3257 3005 3400 3045 anno
3430 3003 3488 3047 ut

1900 3070 2110 3125 videtur
2153 3071 2278 3137 59!,
2329 3072 2525 3128 Malchi
2572 3077 2770 3144 Captivi
2798 3075 3062 3145 Monachi,
3094 3089 3140 3132 et
3166 3078 3311 3134 Beati
3335 3079 3486 3136 "ila.

1899 3161 2058 3214 rionis
2115 3159 2256 3215 Vitas
2300 3163 2642 3233 conscripsit,
2689 3179 2823 3235 quas
2873 3165 2924 3219 in
2955 3165 3236 3238 Catalogo,
3269 3185 3394 3234 uno,
3429 3182 3486 3226 ut

1901 3251 1972 3304 ita
2000 3250 2254 3316 dixerint,
2284 3253 2472 3322 spiritu
2501 3269 2811 3320 recensens,
2840 3256 2910 3311 ita
2937 3259 3227 3313 connectit.
3254 3261 3318 3314 Et
3342 3263 3486 3331 prio-

1902 3357 2012 3395 rem
2041 3341 2255 3411 quidem
2288 3343 2586 3409 historiam,
2616 3354 2673 3398 ut
2693 3359 2792 3400 suo
2813 3346 2932 3401 loco
2953 3346 3205 3414 diximus,
3230 3350 3484 3406 Maronia:

1902 3435 1953 3487 in
1982 3433 2137 3504 Syria
2164 3435 2232 3488 ab
2261 3434 2428 3503 ipsius
2457 3435 2648 3489 Malchi
2675 3450 2773 3492 ore
2801 3447 3087 3508 exceperat
3117 3455 3131 3494 :
3163 3440 3388 3496 alteram
3419 3446 3486 3499 ab

1902 3523 2168 3595 Egyptiis
2219 3527 2495 3580 monachis
2539 3539 2844 3582 enarratam
2895 3529 3135 3599 digessit.
3185 3531 3348 3586 Addit
3393 3536 3483 3602 qui

1914 3616 2042 3670 Vita:
2068 3616 2283 3670 Patrum
2299 3617 2460 3671 Liber
2486 3617 2814 3684 inscribitur,
2842 3620 3036 3674 Asella:
3061 3621 3226 3676 fuisse
3251 3625 3486 3678 Auctore

1904 3705 1972 3759 ah
1999 3707 2114 3774 ipso
2145 3716 2504 3775 nuncupatam
2534 3724 2546 3760 :
2579 3706 2730 3775 cujus
2762 3718 2938 3761 tamen
2962 3709 3061 3774 rei,
3093 3725 3266 3780 neque
3291 3712 3344 3766 in
3371 3713 3488 3766 edi-

1905 3797 1974 3850 tis
2021 3797 2073 3849 iu
2121 3813 2280 3850 manu
2332 3797 2567 3850 exaratis
2610 3798 3041 3868 llieronymianis
3067 3801 3342 3857 codicibus
3368 3806 3483 3857 vola

1907 3895 1988 3940 est
2016 3895 2108 3939 aut
2132 3887 2435 3955 vestigium.
2469 3885 2620 3952 Quod
2647 3904 2809 3942 unum
2842 3889 3020 3958 prodit
3044 3890 3101 3945 S.
3133 3892 3360 3962 ipsemet
3386 3894 3486 3949 Pa-

1909 3987 2009 4040 ter,
2058 3977 2195 4031 hanc
2233 3978 2568 4047 Sophronias
2616 3979 2668 4032 in
2718 3978 2956 4033 Grazcum
2995 3981 3214 4054 eleganti
3258 4000 3488 4041 sermone

2275 4083 2341 4122 ex
2368 4081 2539 4137 eoque
2575 4067 2818 4124 Vossium
2852 4069 2980 4136 l'alli,
3009 4073 3354 4144 perspicuum
3380 4090 3484 4140 est,

1910 4159 2000 4229 qui
2047 4161 2097 4214 in
2125 4157 2301 4230 Opere
2331 4159 2397 4213 de
2428 4158 2696 4215 histOricis
2723 4159 2946 4229 Greecis,
2974 4161 3336 4236 Sophronium
3364 4171 3486 4226 vitae

1909 4251 2198 4305 Hilarionis
2226 4251 2532 4314 Auctorem,
2565 4266 2669 4306 non
2698 4253 3046 4324 interpretem
3076 4258 3219 4314 facit.

2504 4384 2730 4442 CAPUT
2778 4385 2897 4440 XX.

1910 4499 1950 4557 Ι.
1991 4501 2330 4556 Recensentur
2369 4515 2482 4570 quia
2532 4498 2872 4569 Hieronymus
2901 4515 2964 4553 ea:
2996 4511 3087 4554 τῶν
3115 4501 3286 4561 LXX.
3319 4522 3489 4563 exent-

1980 4592 2113 4664 plari
2150 4593 2202 4646 in
2231 4591 2412 4644 Latina
2438 4599 2558 4642 tunc
2583 4588 2787 4659 vulgata
2814 4588 3055 4646 Editione
3092 4597 3390 4654 emendavit.
3425 4600 3486 4655 ll.

1980 4685 2122 4740 Libri
2144 4685 2230 4754 qui
2256 4699 2318 4737 ex
2340 4698 2397 4736 eo
2425 4681 2596 4736 labore
2617 4697 2754 4734 nunc
2779 4694 3038 4752 superant.

1910 4069 2169 4122 transtulit
2214 4083 2233 4122 :

1983 4798 2024 4854 Ι.
2063 4797 2274 4852 Nullam
2320 4795 2532 4850 videtur
2574 4794 2632 4851 S.
2682 4795 2840 4851 Pater
2881 4797 2934 4852 in
2977 4797 3258 4874 Catalogo,
3291 4805 3490 4862 laboris

1913 4891 2030 4960 ejus
2063 4903 2321 4960 perquam
2353 4887 2517 4953 utilis,
2551 4901 2614 4941 ac
2648 4886 2971 4954 dillicillimi,
3000 4906 3106 4962 quo
3139 4893 3318 4950 Sacra:
3343 4895 3492 4952 Serio

1912 4992 2080 5054 plura:
2124 4981 2289 5040 libros
2340 4995 2406 5034 ex
2451 4978 2641 5033 Latina
2684 4987 2868 5035 vetere
2918 4979 3357 5052 interpretatione
3418 4988 3488 5043 ad

1913 5069 2350 5128 emendatissima
2379 5081 2470 5124 τῶν
2505 5068 2670 5124 LXX.
2703 5069 3032 5138 exemplaria
3063 5077 3350 5140 recensuit,
3394 5091 3488 5132 re-

1913 5164 2191 5233 stituitque
2220 5161 2515 5216 innumeris
2545 5161 2696 5225 locis,
2717 5161 2976 5216 rationem
3008 5162 3279 5232 habuisse,
3295 5166 3483 5222 saltem

1910 5271 2029 5326 qum
2077 5263 2378 5326 temporum
2420 5255 2750 5308 notationem
2797 5261 3023 5323 spectet.
3052 5254 3162 5311 Nec
3188 5271 3316 5313 sane
3349 5268 3486 5312 tam-

1910 5362 2070 5417 quam
2112 5344 2411 5401 elueubrati
2459 5343 2528 5398 ab
2556 5359 2616 5399 se
2643 5344 2820 5414 operis
2848 5346 3174 5402 mentionem
3219 5347 3290 5403 ibi
3324 5349 3484 5403 ullam

1911 5439 2056 5504 facit,
2087 5437 2176 5492 ubi
2200 5436 2300 5491 alia
2327 5435 2527 5498 omnia,
2553 5435 2775 5488 minoris
2795 5435 2955 5489 etiam
2979 5435 3024 5489 si
3052 5435 3182 5491 libet
3203 5437 3485 5502 momenti,

1911 5534 1962 5588 in
1992 5547 2210 5588 censum
2240 5544 2456 5585 suorum
2485 5529 2674 5598 recipit
2705 5546 2717 5582 :
2751 5536 2802 5582 et
2825 5526 3024 5596 liquido
3051 5537 3224 5580 tamen
3249 5536 3481 5589 constat,

1910 5642 2015 5696 quo
2057 5636 2297 5696 tempore
2327 5621 2636 5692 Catalogum
2667 5621 2835 5683 illum,
2867 5632 2959 5670 seu
2993 5616 3210 5671 Librum
3243 5616 3310 5670 de
3337 5615 3479 5676 Viris

1909 5718 2204 5776 Illustribus
2247 5714 2480 5783 scripsit,
2523 5727 2663 5765 anno
2709 5709 2956 5764 videlicet
3000 5707 3125 5771 392,
3177 5709 3486 5782 pleramque

1912 5815 2028 5882 ejus
2060 5810 2256 5864 laboris
2287 5814 2491 5874 partem
2523 5804 2630 5872 junt
2663 5799 2982 5859 cxantlasse,
3015 5813 3112 5853 nec
3139 5814 3267 5853 sane
3309 5805 3483 5855 modi.
