4004 6328
479 413 536 466 η
1766 394 1820 448 S.
1867 389 2244 449 lllEBONYMl
2288 392 2468 446 VI'I'A.
3677 402 3746 456 73

475 525 706 579 (δικαίη
731 519 912 575 librum
937 533 1110 572 unum.
1145 514 1218 569 De
1247 513 1394 568 Locis
1421 513 1602 566 librum
1627 525 1802 563 unum.
1836 505 2051 562 Hebrai-

473 630 650 669 corum
689 610 970 666 Nominum
999 609 1184 664 librum
1213 621 1391 662 unum.
1435 603 1492 660 In
1533 603 1706 674 primo
1732 600 1958 656 alterum
1988 613 2054 652 ex

475 707 558 762 his
586 711 867 766 memorat,
901 703 955 756 in
983 701 1155 756 altero
1183 700 1410 770 primum
1433 711 1498 752 ac
1526 696 1742 752 tertium
1763 735 1780 761 ,
1811 702 1972 762 atque
2002 691 2054 745 in

2162 505 2426 576 Opposuit
2472 521 2602 563 vero
2651 508 3146 578 interpretationem
3194 508 3332 564 hanc
3377 523 3526 564 suam
3560 509 3739 578 alteri,

2161 611 2318 664 quam
2345 595 2550 668 quidam
2577 599 2662 652 vix
2690 599 2867 668 primis
2915 600 3135 652 imbutus
3163 599 3342 653 litteris
3383 599 3545 656 edere
3577 615 3742 658 ausus

2161 686 2355 752 fuerat,
2406 696 2460 741 ut
2503 703 2567 742 ea:
2586 691 2960 759 comparatione
3004 691 3270 760 utriusque
3292 690 3518 761 prudens
3561 690 3742 748 Lector

476 800 583 854 hoc
620 798 756 854 duos
802 797 1008 866 priores
1038 812 1052 852 :
1085 803 1142 848 ut
1171 793 1293 848 illos
1331 807 1438 846 uno
1479 789 1779 857 eodemque
1817 794 2058 854 tempore
2157 777 2411 847 judicium
2445 778 2659 834 faceret.

471 906 594 944 eum
626 905 735 958 prae
761 886 1006 942 manibus
1034 885 1285 938 habuisse
1310 924 1325 948 ,
1361 883 1473 952 ipsa
1503 880 1602 934 hac
1636 877 1950 935 recensione
1973 875 2056 929 in-

477 981 708 1050 telligas.
739 977 883 1046 Quin
910 977 1072 1032 etiam
1103 976 1274 1046 pritno
1303 975 1355 1027 in
1387 974 1561 1027 lucem
1585 969 1773 1033 edidit,
1801 982 1960 1036 quem
1983 965 2055 1020 ibi

474 1068 666 1125 ordine
695 1077 1028 1138 postremum
1061 1064 1244 1134 ponit;
1277 1062 1391 1117 sive
1416 1075 1537 1115 cum
1568 1059 1745 1112 adhuc
1779 1055 2056 1111 Hebraicis

474 1157 863 1230 quiestionihus
893 1155 1170 1210 insudarct
1192 1193 1208 1219 ,
1255 1160 1309 1205 et
1349 1149 1583 1206 nondum
1613 1146 1810 1202 librum
1840 1145 1906 1199 de
1946 1142 2053 1197 lle-

475 1253 672 1310 braicis
697 1251 851 1307 Locis
877 1247 1156 1313 edidisset,
1191 1247 1402 1301 tertium
1431 1243 1500 1299 de
1530 1240 1844 1298 Nominibus
1871 1236 2055 1306 vulga-

476 1349 571 1400 vit.
588 1343 886 1400 Ferebatur
917 1342 1004 1396 hic
1030 1340 1164 1394 liber
1189 1336 1392 1409 jamdiu
1424 1335 1549 1390 olim
1572 1333 1758 1390 Grzece
1783 1346 1813 1386 a
1837 1329 2059 1386 Philone

480 1440 710 1508 primum
734 1435 1062 1489 deformatus
1082 1472 1097 1498 ,
1132 1429 1326 1484 deinde
1353 1426 1604 1497 Origenis
1629 1423 1809 1478 studio
1836 1429 2044 1485 auctus,

477 1529 572 1585 sed
605 1525 944 1598 perturbatus
972 1523 1108 1577 adeo
1150 1531 1202 1575 et
1243 1519 1520 1580 confusus,
1556 1524 1612 1569 ut
1649 1513 1845 1569 debita:
1880 1527 1943 1566 ex
1991 1525 2057 1563 co

479 1618 680 1691 percipi
701 1615 913 1671 utilitati
933 1628 1120 1686 parum
1143 1610 1443 1665 consultum
1467 1605 1662 1674 putarit
1681 1604 2056 1671 Hieronymus,

480 1712 525 1766 si
559 1721 761 1766 tantum
785 1707 977 1762 Latine
1005 1712 1258 1770 verteret,
1288 1716 1394 1756 non
1421 1708 1598 1754 autem
1630 1711 1825 1751 novum
1856 1693 1971 1748 fere
1995 1707 2058 1747 ex

482 1804 694 1872 integro
720 1805 1015 1870 repararet.
1038 1793 1334 1859 Profectus,
1353 1807 1510 1862 quem
1539 1790 1590 1844 in
1621 1787 1894 1842 Hebraicis
1923 1786 2063 1839 litte-

483 1898 556 1952 ris
585 1895 804 1956 fecerat,
837 1903 1108 1960 specimen
1137 1897 1298 1956 atque
1332 1882 1757 1952 experimentum
1790 1876 1891 1931 hoc
1915 1875 2016 1930 fuit
2044 1916 2059 1941 ,

481 1985 624 2056 quod
661 1985 760 2038 bac
796 1983 1045 2036 nimirum
1076 1979 1144 2034 de
1196 1991 1356 2032 causa
1403 1976 1607 2027 hortatu
1631 1971 1851 2040 [rutrum
1892 1967 2063 2038 Lupu-

485 2079 607 2132 liani
638 2076 746 2143 (vel
769 2073 958 2143 Lupuli
984 2112 998 2136 ,
1027 2080 1084 2124 ιιι
1113 2069 1232 2123 libri
1261 2067 1354 2122 alii
1386 2062 1698 2135 prmlerunt)
1724 2071 1771 2115 et
1810 2058 2064 2113 Valeriani

482 2167 822 2224 scrtbendum
852 2161 1110 2230 suscepit,
1137 2159 1211 2213 rei
1241 2157 1400 2226 ipsius
1427 2156 1647 2208 utilitate
1667 2160 1946 2205 commotus
1968 2190 1982 2214 ,
2013 2159 2067 2204 ct

483 2275 592 2330 quo
615 2257 804 2312 fecisse
830 2270 889 2309 se
915 2250 1113 2322 aliquid
1134 2250 1413 2320 gloriatur,
1441 2245 1579 2316 quod
1600 2261 1630 2296 a
1657 2242 1848 2297 Grazcis
1873 2256 2068 2311 quoque

483 2349 822 2422 appetendum
859 2353 1020 2400 esset.
1055 2341 1125 2398 Ut
1153 2341 1294 2396 enim
1338 2338 1626 2409 plerasque
1652 2350 1839 2388 utnncs
1864 2348 1984 2402 qua:
2014 2331 2064 2384 in

485 2441 674 2498 GRBCO
703 2436 992 2506 exemplari
1036 2431 1372 2487 habebantur
1401 2426 1751 2498 etymologias
1793 2423 2067 2478 nominum

487 2530 790 2592 retinuerit,
821 2542 888 2581 ne
925 2523 1127 2579 (it-meis
1157 2519 1371 2591 quidem
1402 2517 1642 2586 exceptis
1671 2516 1874 2586 aliquot
1898 2515 2069 2568 nurni-

385 2668 388 2671 .
487 2622 666 2685 nibus,
698 2627 1025 2690 praepostera
1052 2615 1181 2670 olim
1203 2627 1331 2668 cura
1361 2609 1581 2664 intrusis
1613 2625 1626 2660 :
1658 2609 1856 2678 smpius
1884 2615 2068 2662 tamen

488 2714 556 2768 de
581 2727 678 2767 suo
697 2711 828 2764 alias
853 2707 1078 2772 addidit,
1103 2714 1158 2760 et
1177 2718 1269 2758 eas
1293 2717 1414 2772 qua:
1442 2698 1795 2754 subabsurda:
1821 2698 2069 2752 videren-

491 2814 612 2870 tur,
657 2811 712 2856 et
735 2808 923 2855 contra
954 2798 1148 2866 linguae
1175 2792 1450 2849 Hebraicte
1486 2791 1766 2861 ingenium
1791 2831 1808 2857 ,
1853 2790 2073 2843 violenta

489 2891 901 2962 interpretatione
928 2885 1182 2956 explicari
1211 2922 1228 2950 ,
1271 2881 1548 2952 professus
1574 2889 1676 2935 est.
1709 2879 1930 2936 Librum
1971 2879 2074 2934 ita-

489 3001 596 3059 que
621 2998 762 3040 nunc
784 2997 938 3037 suum
967 2987 1162 3044 vocat,
1193 2990 1334 3030 nunc
1360 2973 1602 3029 Philonis
1627 3013 1641 3038 ,
1667 2973 1749 3026 vel
1777 2971 2026 3042 Origenis
2051 3012 2066 3036 ,

490 3086 546 3131 et
574 3073 817 3146 qumdam
847 3087 907 3126 se
933 3068 1127 3125 alicubi
1163 3068 1237 3122 ait
1264 3067 1316 3122 in
1346 3065 1485 3120 libro
1521 3063 1806 3118 Nominum
1851 3063 2072 3118 Hebrai-

490 3182 675 3222 corum
705 3163 991 3232 reperisse,
1017 3175 1136 3230 quae
1166 3157 1388 3213 minime
1411 3155 1464 3211 in
1487 3156 1588 3210 hoc
1611 3169 1708 3210 suo
1735 3155 2002 3224 leguntur.

562 3253 824 3310 Editionis
867 3251 1124 3305 herrorem
1177 3249 1482 3302 subsecutae
1550 3254 1671 3300 sunt
1733 3245 2075 3312 Quiestiones

491 3345 764 3403 llebraicae
783 3344 834 3398 in
861 3341 1134 3407 Genesim,
1155 3355 1337 3393 novum
1367 3338 1521 3408 plane
1550 3353 1698 3407 Opus,
1727 3345 1776 3391 et
1804 3346 1907 3391 tam
1930 3335 2074 3391 (ἐι-αξ·

490 3439 562 3493 cis
581 3453 733 3508 quam
765 3434 961 3489 Latinis
985 3447 1207 3502 prorsus
1235 3441 1392 3485 antea
1421 3429 1728 3493 inauditum,
1757 3444 1863 3499 quo
1893 3429 1944 3484 id
1974 3429 2075 3483 sibi

491 3529 788 3601 proposuit,
819 3534 878 3580 ut
903 3525 988 3580 vel
1019 3538 1228 3589 eorum,
1269 3523 1358 3592 qui
1386 3522 1454 3576 de
1479 3522 1630 3578 libris
1669 3521 1951 3578 Hebraicis
1984 3535 2077 3575 va-

491 3620 569 3674 ria
599 3615 1027 3687 suspicabantur,
1050 3627 1266 3669 errores
1305 3611 1601 3675 refelleret,
1636 3612 1721 3667 vel
1784 3627 1846 3666 ea
1875 3626 1995 3681 quae
2023 3612 2076 3664 in

493 3710 695 3768 Graecis
721 3716 776 3764 et
799 3706 1001 3762 Latinis
1024 3703 1303 3760 codicibus
1324 3711 1532 3758 scatere
1559 3702 1702 3757 vitiis
1729 3701 2074 3765 videbantur,

492 3801 794 3858 auctoritati
844 3813 956 3854 sua:
1008 3796 1277 3852 redderet.
1325 3795 1599 3864 Ejusmodi
1644 3794 1973 3865 quaestiones
2023 3795 2076 3849 in

491 3903 716 3950 exteros
754 3903 966 3961 quoque
994 3888 1157 3943 libros
1183 3886 1477 3955 Scriptura:
1521 3884 1786 3942 adornare
1814 3887 1867 3940 in
1897 3887 2078 3940 animo

493 3986 698 4052 habuit,
744 3983 971 4039 fortasse
997 3982 1158 4037 etiam
1196 3978 1424 4034 adorsus
1448 3989 1532 4033 est
1558 3996 1572 4032 :
1605 3979 1656 4034 id
1682 3978 1823 4050 quod
1854 3978 2080 4035 subinde

494 4078 664 4132 innuit
690 4077 825 4146 ipse,
855 4083 914 4128 ut
937 4088 1098 4144 quum
1128 4071 1196 4126 de
1223 4087 1282 4126 re
1310 4070 1536 4141 quadam
1569 4070 1872 4126 locuturum
1901 4085 1960 4126 se
1990 4087 2077 4125 rc-

492 4167 642 4237 cipit.
673 4179 795 4220 cum
823 4163 1136 4230 Qutestiones
1157 4161 1207 4212 in
1225 4159 1385 4213 Iosue
1415 4161 1722 4228 explicabit.
1755 4160 1863 4215 Sed
1884 4176 2076 4229 quem-

496 4252 784 4310 admodum
824 4251 878 4306 in
930 4249 1179 4304 Generali
1228 4247 1547 4303 Praefatione
1600 4249 1956 4316 ostendimus,
1989 4259 2080 4303 aut

499 4355 835 4416 nequaquam
881 4347 1065 4411 postea
1113 4335 1335 4407 perfecit
1379 4351 1498 4404 quae
1551 4337 1619 4392 ad
1655 4337 1842 4392 rudem
1895 4353 2077 4393 earum

498 4443 806 4491 contextum
833 4430 1236 4493 inlormaverat,
1267 4426 1521 4496 autquod
1564 4429 1784 4496 pr0pius
1821 4426 1886 4480 ad
1919 4427 2080 4482 fidem

497 4527 726 4591 videtur,
755 4533 960 4580 mutato
982 4521 1232 4586 consilio,
1259 4534 1379 4574 cum
1409 4519 1602 4574 deinde
1647 4518 2080 4576 Commentarios

498 4619 823 4683 elaboraret,
857 4615 996 4670 liciis
1043 4613 1150 4668 illis
1196 4627 1316 4682 qua:
1347 4613 1690 4668 tumultuario
1713 4624 2077 4682 congesserat,

423 4721 436 4732 ι
499 4709 701 4765 utiliter
729 4721 858 4762 usus
901 4715 1029 4760 est:
1070 4705 1154 4759 vel
1195 4703 1427 4775 denique
1475 4704 1733 4776 quidquid
1791 4703 1919 4758 illud
1962 4717 2078 4760 erat

497 4799 699 4869 operis,
729 4797 866 4851 intra
892 4791 1216 4850 domesticos
1245 4795 1476 4863 parietes
1499 4795 1758 4851 cohibuit.
1786 4792 1948 4851 Certe
1974 4811 2079 4850 non

497 4890 632 4946 alias
656 4895 917 4956 praeterea
955 4883 1294 4952 Quaestiones
1338 4883 1627 4941 Hebraicas
1651 4886 1704 4942 in
1736 4901 1952 4942 suorum
1980 4887 2084 4943 Ca-

500 4979 676 5050 talogo
701 4989 923 5047 operum
949 5014 964 5038 ,
997 4987 1156 5044 quem
1185 4981 1305 5042 post
1330 4970 1499 5029 ferme
1543 4973 1813 5030 biennium
1845 4977 2080 5046 scripsit,

498 5083 660 5138 quam
683 5067 814 5123 istas
838 5066 894 5120 in
913 5062 1164 5121 Genesim
1185 5071 1452 5128 recenset,
1474 5078 1538 5118 ac
1563 5065 1755 5135 recipit
1779 5067 1833 5120 in
1855 5066 2077 5123 ftetuum

499 5170 720 5213 suorum
768 5167 1010 5211 censum.
1053 5151 1333 5207 Postremo
1376 5151 1496 5208 loco
1537 5151 1871 5211 Librum-de
1925 5156 2084 5212 Locis

500 5247 760 5320 vulgavit,
807 5260 967 5318 quem
1012 5243 1199 5299 Grazce
1238 5243 1608 5314 praescriptum
1654 5245 1724 5300 ab
1765 5244 1999 5302 Eusebio
2028 5247 2080 5303 in

503 5341 752 5399 Latinum
774 5336 1067 5402 transtulit,
1086 5334 1280 5391 alicubi
1303 5335 1462 5390 etiam
1493 5336 1738 5402 mutavit,
1761 5345 1816 5393 et
1838 5339 2078 5395 nonuth

499 5432 668 5500 auxit,
720 5437 779 5486 ut
819 5443 888 5484 ex
936 5425 1111 5484 (ἓνωοί
1159 5434 1307 5482 textu
1332 5466 1348 5491 ,
1389 5441 1548 5495 quem
1582 5441 1615 5482 e
1653 5426 2082 5500 llieronymian'a:

500 5520 959 5596 interpretationis
1001 5519 1223 5589 regione
1277 5517 1896 5585 edidimus,collatione
1948 5537 2074 5592 per~

501 5619 746 5688 spicuum
765 5623 872 5672 est.
890 5613 1042 5671 lianc
1061 5611 1360 5668 libertatem
1384 5610 1456 5665 ita
1478 5611 1594 5680 ipse
1620 5620 1842 5668 excusat
1861 5613 1912 5668 in
1936 5614 2082 5670 Prte-

501 5709 721 5776 fntione,
739 5704 910 5763 Semel
927 5704 1060 5761 enim
1082 5709 1129 5758 et
1147 5703 1198 5757 in
1219 5701 1524 5772 Temporum
1542 5701 1670 5757 libro
1686 5706 1933 5774 prwfatus
1945 5720 2078 5770 sum,

501 5815 581 5852 me
611 5800 689 5856 rel
727 5800 1048 5870 interpretem
1090 5810 1217 5860 esse,
1264 5794 1342 5847 vel
1387 5793 1502 5846 novi
1527 5793 1693 5864 aperis
1749 5795 2077 5854 conditorem.

2233 869 2322 925 lll.
2375 868 2470 924 His
2519 869 2726 943 Didymi
2779 871 2972 926 librum
3025 870 3078 925 in
3133 872 3386 942 Catalogo
3431 872 3741 935 subnectit.

2161 977 2323 1032 quem
2343 961 2396 1017 in
2425 977 2622 1018 annum
2639 963 2750 1034 jam
2779 965 3019 1034 quintum
3049 964 3345 1034 premebat,
3366 979 3432 1020 ex
3453 980 3560 1034 quo
3589 965 3741 1022 illum

2163 1052 2370 1119 Romae,
2413 1067 2532 1108 cum
2572 1052 2831 1110 Damasus
2874 1054 3048 1110 adhuc
3090 1055 3140 1109 in
3195 1055 3331 1109 vivis
3376 1067 3579 1126 ageret,
3631 1057 3746 1109 sive

2163 1159 2305 1200 anno
2333 1145 2458 1208 584.
2483 1154 2538 1198 ut
2563 1161 2663 1200 suo
2689 1148 2807 1201 loco
2837 1147 3162 1209 monuimus,
3195 1146 3260 1200 ad
3290 1146 3448 1201 linem
3479 1156 3736 1215 vergente

2162 1245 2402 1306 ceperat
2430 1237 2789 1306 interpretari.
2818 1235 3062 1292 Resumit
3101 1253 3226 1292 eum
3255 1237 3440 1306 itaque
3472 1238 3522 1292 in
3548 1253 3740 1291 [nanus

2162 1337 2216 1382 et
2244 1329 2358 1383 sive
2386 1328 2634 1383 secundis
2663 1327 2807 1382 curis
2836 1337 3006 1382 totum
3040 1329 3434 1398 recognoverit,
3474 1330 3588 1384 sive
3615 1329 3745 1383 reli-

2163 1433 2322 1488 quam
2355 1418 2514 1472 modo
2545 1429 2775 1488 partem,
2805 1435 2964 1490 quam
3007 1421 3429 1489 praetermiserat
3454 1461 3470 1485 ,
3501 1421 3554 1475 in
3598 1420 3744 1475 Lati-

2165 1509 2331 1564 tinum
2365 1511 2624 1570 verterit,
2654 1525 2777 1565 eum
2823 1525 2955 1565 sane
2994 1511 3196 1564 diutius
3243 1510 3413 1566 latere
3444 1511 3582 1564 intra
3627 1511 3742 1564 cel-

2165 1598 2286 1654 lula:
2312 1613 2422 1653 sum
2467 1599 2698 1669 parietes
2724 1601 2944 1656 minime
2971 1615 3156 1670 passus
3183 1609 3299 1665 cst,
3333 1600 3425 1654 sed
3455 1600 3671 1662 honori.
3691 1610 3748 1654 ut

2166 1691 2282 1760 ipse
2311 1691 2452 1762 loqui
2489 1700 2652 1755 amat,
2701 1693 2976 1758 editionis,
3012 1693 3114 1746 hoc
3140 1693 3348 1746 scilicet
3389 1692 3492 1747 389
3516 1707 3656 1745 anno
3681 1692 3748 1744 ad

2167 1784 2326 1838 linem
2357 1794 2700 1853 properante,
2733 1787 3010 1854 permisit,
3043 1795 3098 1840 et
3128 1785 3441 1838 Pauliniano
3470 1783 3621 1837 fratri
3651 1798 3749 1836 suo

2167 1873 2453 1926 dedicavit.
2497 1873 2630 1928 Rem
2663 1883 2826 1930 totam
2871 1885 3054 1930 narrat
3103 1875 3219 1944 ipse
3269 1877 3320 1929 in
3377 1873 3748 1929 Prwfatione:

2169 1963 2294 2018 Cum
2331 1965 2382 2017 in
2423 1962 2700 2035 Babylone,
2749 1966 3013 2036 inquiens,
3060 1982 3306 2032 versarer,
3363 1977 3410 2019 et
3455 1978 3750 2036 purpuratos

2169 2054 2442 2108 meretricis
2496 2072 2653 2110 essem
2697 2057 2930 2123 colonus,
2981 2065 3027 2110 et
3054 2057 3176 2127 jure
3207 2057 3464 2122 Quiritum
3512 2059 3747 2120 viverem.

2170 2145 2304 2198 solui
2346 2146 2541 2216 garrire
2589 2147 2784 2216 aliquid
2823 2146 2888 2200 de
2932 2146 3134 2217 Spiritu
3189 2148 3400 2210 Sancto,
3455 2159 3503 2201 et
3534 2157 3752 2217 ereptum

2170 2237 2471 2306 opusculum
2521 2241 2747 2309 ejusdem
2801 2239 2952 2295 Urbis
3008 2241 3254 2310 Pontiﬁci
3300 2243 3553 2296 dedicare.
3614 2241 3752 2297 Tum

2172 2329 2355 2398 paucis
2381 2329 2675 2398 interjectis
2701 2331 2767 2385 de
2797 2331 2920 2385 odio
2939 2373 2954 2397 ,
3001 2348 3108 2402 quo
3137 2333 3276 2402 apud
3309 2333 3581 2387 Romanos
3608 2334 3753 2387 labo-

2172 2421 2330 2484 ravit,
2356 2417 2505 2473 Illico
2527 2436 2638 2490 ego,
2666 2420 2864 2485 subdit,
2891 2422 3022 2476 velut
3048 2424 3358 2492 postliminio
3378 2423 3754 2495 Jerosolymam

2171 2526 2282 2563 sum
2309 2520 2620 2572 reversus,et
2646 2527 2650 2532 δ
2661 2522 2772 2582 post
2798 2513 3006 2568 Romuli
3059 2530 3230 2568 casam
3263 2524 3309 2568 et
3339 2513 3601 2572 Ludoruut
3649 2515 3755 2570 Luo

2175 2601 2416 2671 percalia,
2471 2601 2803 2656 diversorium
2843 2603 3026 2657 Maria:
3067 2614 3115 2659 et
3145 2605 3429 2660 Saluatoris
3461 2607 3756 2676 speluncam

2174 2690 2406 2758 adspexi.
2441 2689 2646 2762 Itaque,
2692 2693 2760 2745 nti
2788 2691 3099 2748 Pauliniane
3143 2694 3471 2765 [rater,quia
3517 2698 3758 2764 supradi-

2177 2791 2286 2833 ctus
2306 2779 2551 2852 Pontifex
2576 2781 2847 2848 Damasus,
2864 2785 2952 2853 qui
2978 2801 3057 2839 me
3083 2786 3152 2838 ad
3172 2786 3266 2840 ltoc
3287 2802 3414 2856 opus
3443 2788 3635 2857 primus
3662 2789 3760 2842 im-

2179 2873 2398 2941 pulerat,
2429 2871 2730 2928 obdormivit
2765 2877 2817 2927 in
2852 2873 3075 2940 Christo,
3109 2886 3210 2930 tant
3235 2887 3339 2942 tuo,
3372 2895 3524 2948 quam
3551 2894 3758 2933 venera—

2179 2964 2357 3017 bilium
2399 2965 2522 3018 nti/ti
2567 2967 2870 3019 ancillarum
2905 2967 3132 3035 .Cltristi,
3181 2968 3362 3024 l’aulte
3396 2979 3444 3023 et
3494 2969 3762 3026 Eustachii

2179 3072 2313 3108 nunc
2352 3056 2559 3126 adjutus
2588 3067 2768 3122 oratu;
2796 3060 3049 3114 canticum
3081 3060 3218 3129 quod
3247 3072 3457 3116 cantare
3480 3079 3580 3117 non
3621 3067 3762 3134 potui

2178 3147 2232 3199 in
2264 3157 2396 3200 terra
2439 3148 2626 3208 aliena.
2659 3149 2739 3202 hic
2778 3165 2810 3202 a
2857 3150 2993 3203 vobis
3033 3152 3082 3204 in
3126 3151 3310 3208 ludam
3337 3165 3632 3223 provocatus
3661 3157 3762 3209 im-

2179 3253 2503 3291 murmuro...
2533 3237 2601 3291 Et
2630 3249 2684 3291 ut
2715 3239 2982 3294 Auctorem
3004 3243 3150 3296 titulo
3194 3248 3377 3312 fatear,
3415 3246 3572 3299 malui
3602 3246 3763 3301 alieni

2180 3330 2346 3399 aperis
2386 3329 2634 3397 interpres
2681 3333 2910 3399 existere,
2964 3351 3116 3404 quam
3164 3335 3241 3406 (ut
3271 3338 3476 3406 quidam
3523 3339 3762 3408 faciunt)

2186 3421 2423 3494 informis
2453 3423 2734 3490 cornicula,
2764 3425 2941 3480 alienis
2964 3428 3309 3483 mecoloribus
3328 3430 3602 3486 adat-nare.
3631 3432 3764 3498 Qni-

2185 3512 2283 3566 bus
2305 3514 2588 3582 postremis
2634 3515 2810 3569 verbis
2834 3556 2849 3580 ,
2883 3518 3114 3572 maxime
3157 3533 3286 3573 vero
3316 3521 3399 3574 his
3425 3537 3544 3590 qua:
3574 3521 3765 3578 subse-

2183 3612 2434 3670 quuntur,
2465 3601 2522 3657 S.
2544 3602 2880 3660 Ambrosium
2902 3607 3171 3676 suggillari
3196 3609 3472 3664 contendit
3497 3610 3765 3678 Ruflinus,

2183 3709 2352 3765 eaque
2381 3694 2448 3751 de
2473 3711 2662 3753 caussa
2681 3699 3107 3753 criminationem
3139 3701 3191 3754 in
3220 3700 3602 3771 Hieronymum
3644 3719 3770 3774 κταρ,

2183 3785 2454 3841 vissimam
2485 3787 2732 3845 intentat.
2773 3788 2979 3845 Dictum
3025 3789 3145 3846 aliis
3173 3805 3237 3846 ea
3275 3791 3344 3846 de
3373 3807 3454 3857 re,
3504 3802 3560 3848 et
3610 3794 3769 3852 nobis

2183 3895 2282 3936 suo
2307 3879 2444 3937 loco.

2255 3971 2342 4028 IV.
2373 3972 2678 4029 Succedunt
2702 3973 2946 4030 Homiliaa
2989 3975 3399 4046 trigintanovem
3426 3979 3676 4049 Origenis
3710 3981 3762 4036 in

2185 4063 2405 4128 Lucam,
2435 4079 2568 4136 quas
2594 4080 2904 4134 persuasum
2939 4075 3022 4121 est
3049 4067 3220 4122 doctis
3271 4068 3397 4122 viris
3439 4067 3603 4124 fuisse
3643 4080 3769 4125 ante

2184 4154 2252 4208 ab
2276 4168 2341 4208 eo
2390 4153 2624 4209 redditas
2663 4153 2852 4210 Latine
2872 4196 2887 4218 ,
2921 4170 3078 4224 qttam
3113 4156 3402 4212 llehraicas
3433 4159 3483 4211 in
3510 4158 3763 4214 Genesim

2185 4241 2538 4310 Qumstitiiies,
2557 4257 2609 4298 et
2637 4243 2855 4298 Librum
2882 4243 2949 4298 de
2977 4244 3134 4299 Locis
3163 4244 3366 4312 ederet,
3394 4261 3566 4317 eoque
3593 4250 3763 4316 magis

2185 4345 2308 4389 ante
2333 4348 2456 4390 eum
2480 4350 2634 4404 quem
2662 4334 2822 4389 modo
2855 4335 3223 4390 recensuimus
3246 4377 3261 4399 ,
3291 4336 3519 4407 Dyolimi
3549 4338 3618 4394 de
3639 4338 3762 4407 Spi-

2186 4426 2290 4480 ritu
2315 4424 2511 4480 Sancto
2533 4423 2858 4480 Tractatum.
2889 4425 2946 4480 ln
2975 4441 3130 4495 quam
3172 4429 3492 4482 sententiam
3524 4429 3764 4498 locuples

2186 4514 2400 4585 quidem
2427 4528 2522 4568 eos
2541 4513 2759 4570 adduxit
2782 4515 2839 4569 S.
2865 4515 3144 4584 ipsinsmet
3170 4517 3342 4570 Patris
3363 4517 3413 4571 in
3446 4519 3766 4575 Praefatione

2186 4606 2252 4660 ad
2297 4605 2560 4660 Homilias,
2611 4605 2730 4662 illas
2766 4606 2916 4662 locus
2956 4623 2970 4661 :
3018 4606 3326 4664 l’raetermisi
3356 4610 3620 4680 paululum
3654 4610 3765 4666 Ile-

2187 4697 2470 4751 braicarum
2500 4695 2843 4764 Quaestionum
2866 4696 3021 4752 libros
3039 4739 3052 4762 ,
3085 4709 3140 4752 ut
3165 4699 3234 4752 ad
3256 4701 3519 4754 arbitrium
3547 4712 3775 4761 uestrum,

2189 4786 2444 4840 lucrativis
2469 4787 2634 4857 Operis
2661 4787 2767 4841 [nec
2793 4787 3181 4858 qualiacumque
3211 4800 3348 4853 sunt,
3399 4807 3501 4846 non
3541 4808 3651 4846 mea
3677 4794 3768 4847 sed

2188 4876 2356 4930 aliena
2397 4875 2658 4930 dictarem.
2713 4877 2905 4932 Verum
2949 4877 3103 4932 valde
3141 4893 3242 4948 ego
3288 4880 3445 4934 aliter
3485 4883 3682 4948 sentio,
3714 4893 3770 4936 et

2191 4983 2467 5038 perperam
2487 4969 2758 5039 accepisse
2779 4983 2872 5024 eos
2899 4978 3130 5024 mentem
3150 4969 3206 5025 S.
3237 4971 3500 5040 Doctoris,
3524 4988 3770 5029 sensum.

2189 5075 2293 5131 que
2334 5059 2450 5130 ejus
2479 5061 2784 5127 verborum,
2813 5069 3052 5115 autumo.
3103 5060 3287 5130 Neque
3322 5062 3464 5117 enim
3506 5065 3769 5132 Quaestio-

2190 5168 2316 5208 num
2347 5152 2399 5206 in
2424 5151 2693 5217 Genesim,
2741 5151 2836 5207 sed
2864 5156 3025 5215 ἁπλῶς
3054 5153 3400 5218 Ωηωδιὶοηιιηι
3428 5154 3581 5210 libros
3607 5171 3666 5212 se
3693 5158 3769 5211 ait

2190 5243 2543 5298 intermisisse
2573 5260 2585 5296 :
2619 5242 2895 5312 multoque
2938 5243 3266 5313 probabilius
3294 5255 3411 5311 est,
3441 5255 3493 5300 et
3523 5262 3616 5315 par
3643 5262 3765 5303 cre-

2188 5337 2335 5401 dere,
2361 5335 2428 5388 de
2453 5335 2573 5388 aliis
2596 5349 2716 5388 eum
2749 5334 2932 5404 loqui,
2958 5351 3090 5403 quas
3118 5336 3169 5390 in
3214 5339 3447 5410 reliquos
3474 5339 3767 5408 Scripturte

2191 5427 2356 5481 libros
2373 5423 2592 5497 parabat
2620 5423 2696 5494 (et
2723 5426 2892 5480 semel
2933 5433 3058 5481 tunc
3084 5427 3407 5500 interceptas
3427 5472 3442 5494 ,
3471 5440 3678 5498 postea,
3710 5440 3768 5486 ut

2189 5519 2441 5582 diximus,
2484 5516 2703 5571 omnino
2734 5518 3110 5588 prmtermisit)
3134 5534 3292 5589 quam
3335 5519 3404 5576 de
3429 5520 3683 5590 singulari
3715 5522 3768 5576 in

2189 5610 2440 5668 Genesim
2491 5607 2649 5672 libro,
2685 5622 2842 5678 quem
2898 5617 3006 5663 tota
3061 5625 3238 5670 rerum
3283 5612 3471 5673 series,
3517 5619 3572 5668 et
3609 5627 3768 5683 quem

2192 5711 2338 5760 tenet
2366 5702 2500 5758 ordo
2522 5702 2574 5757 in
2601 5700 2878 5773 Catalogo,
2909 5702 3200 5771 perfectum
3225 5703 3334 5782 jam
3359 5712 3540 5772 antea,
3573 5720 3637 5762 ac
3666 5722 3778 5778 pu-,

2190 5795 2310 5850 blici
2334 5793 2472 5865 juris
2500 5793 2719 5859 factum,
2750 5792 3088 5864 persuadent.
3122 5792 3272 5859 Quod
3298 5793 3343 5847 si
3374 5809 3558 5849 verum
3578 5804 3680 5862 est,
3708 5805 3768 5851 ut
