4004 6328
275 416 344 470 13
1561 420 1621 474 S.
1665 417 2041 478 lllERONYMl
2079 419 2262 482 Vl'l‘A.
3477 443 3538 500 7|

272 530 381 586 veri
407 529 644 600 speciem
687 541 900 586 omnem
938 528 1100 586 habet
1128 548 1143 586 :
1173 507 1270 588 has
1313 548 1456 588 anno
1482 534 1697 590 demum
1745 533 1852 592 390
1959 536 2287 606 pervenerit,
2335 555 2510 611 neque
2549 543 2655 600 ulla
2701 558 2932 618 unquam
2979 551 3095 622 ejus
3122 553 3262 625 apud
3287 560 3536 632 antiquos

271 640 336 680 ex
361 623 551 680 Graeco
577 624 630 678 in
669 622 914 679 Latinum
941 625 1330 682 convertendas
1363 625 1622 684 Homilies
1663 645 1850 685 susce-

271 718 422 788 perit.
441 715 496 770 In
532 715 852 771 Praefatione
873 717 937 770 ad
964 718 1181 772 Paulam
1209 729 1264 774 et
1292 719 1634 775 Eustochium
1658 737 1849 792 quent-

268 810 385 864 dam
417 825 575 878 quem
613 809 730 864 istze
768 808 1028 879 legerant.
1068 825 1168 865 nec
1215 811 1347 865 satis
1378 820 1556 866 tamen
1587 813 1845 882 probave-

266 909 424 963 rant,
457 897 618 953 Luca:
649 899 995 969 interpretem
1023 897 1084 955 8.
1112 900 1272 955 Pater
1297 901 1582 972 suggillat:
1615 917 1847 970 eumque

263 990 320 1046 8.
367 991 714 1046 Ambrosium
769 1007 933 1058 esse,
992 993 1082 1062 qui
1140 1002 1266 1047 ante
1322 993 1491 1048 ferme
1558 996 1847 1064 quadrien-

263 1084 406 1138 nium
434 1099 562 1139 suos
615 1085 856 1140 ediderat
901 1085 1328 1141 Commentarios
1384 1087 1436 1142 in
1467 1087 1664 1142 Lucam
1710 1085 1730 1162 (
1756 1087 1845 1142 ln-

259 1185 385 1228 vect.
424 1170 516 1246 ll)
539 1215 553 1239 ,
579 1173 826 1230 Ruflinus
851 1175 1146 1233 contendit.
1177 1176 1246 1232 Et
1275 1177 1504 1247 probare
1541 1179 1703 1232 etiam
1733 1188 1841 1233 tum

260 1282 323 1322 ex
367 1283 436 1321 eo
463 1268 673 1334 nititur,
717 1269 861 1339 quod
907 1270 1084 1325 nullus
1119 1285 1187 1325 ex
1231 1269 1435 1325 Latinis
1478 1271 1542 1324 ad
1575 1271 1627 1326 id
1676 1287 1843 1342 usque

262 1361 522 1431 temporis
566 1371 761 1431 pra-ter
802 1363 1140 1418 Ambrosium
1191 1362 1242 1418 in
1281 1365 1476 1420 Lucam
1508 1367 1838 1437 scripsisset,

261 1461 370 1505 tum
409 1451 551 1522 quod
596 1453 874 1522 ipsiusmet
920 1453 1210 1524 Epistolam
1245 1457 1553 1529 Hieronymi
1603 1461 1842 1528 proferre

258 1555 457 1614 posset,
506 1545 559 1599 in
605 1561 707 1616 qua
734 1547 827 1599 hoc
857 1547 1024 1615 ipsum
1051 1548 1114 1601 de
1142 1549 1258 1602 aliis
1296 1565 1572 1613 excusans,
1606 1552 1659 1602 in
1692 1551 1840 1603 illum

258 1637 497 1689 convertit
542 1637 899 1704 suspicionem.
949 1636 1053 1693 Sed
1104 1654 1280 1708 neque
1335 1639 1472 1694 hanc
1519 1641 1834 1709 Epistulam,

257 1725 396 1792 quod
429 1727 700 1780 secretiora
743 1729 976 1798 quaedam
1017 1729 1119 1782 alia
1150 1729 1448 1784 contineret
1469 1771 1483 1793 ,
1516 1729 1758 1784 Bullinus
1785 1732 1836 1784 in

257 1817 444 1886 vulgus
472 1817 657 1884 edidit,
691 1827 784 1872 aut
802 1822 1081 1889 quisquam
1109 1820 1260 1883 vidit,
1296 1829 1353 1874 ut
1379 1837 1442 1875 ex
1471 1837 1533 1876 ea
1561 1822 1836 1891 disputare

255 1903 413 1960 liceat
457 1925 472 1961 :
521 1923 694 1977 neque
741 1910 942 1963 homini
995 1910 1276 1979 plusquam
1324 1911 1602 1965 Vatiniana
1633 1913 1750 1966 odia
1783 1914 1834 1967 in

256 1995 635 2070 Hieronymum
679 2001 946 2055 exercenti
969 2042 983 2065 ,
1013 1999 1168 2055 facile
1195 2002 1296 2056 erit
1343 2004 1432 2072 qui
1465 2003 1562 2057 hac
1611 2004 1661 2057 in
1692 2021 1749 2059 re
1775 2003 1832 2057 ﬁ-

252 2087 371 2141 dem
400 2089 675 2144 adhibeat.
707 2091 914 2144 Cretera
943 2108 1060 2159 qum
1090 2091 1328 2160 ejusdem
1375 2093 1671 2148 calumnias
1706 2109 1834 2160 spe-

251 2187 418 2244 ctant,
465 2196 598 2250 quas
643 2182 694 2235 in
747 2183 883 2238 hanc
933 2183 1148 2238 instruit
1193 2183 1539 2239 llomiliarttm
1588 2183 1834 2254 Origenis

248 2267 492 2325 Latinam
527 2271 1047 2343 interpretationem,
1076 2277 1204 2328 satis
1231 2274 1442 2329 abunde
1467 2276 1746 2343 dispuncta
1775 2285 1832 2330 et

248 2359 476 2415 refutata
530 2374 656 2416 sunt
685 2363 840 2418 nobis
885 2365 936 2417 in
968 2364 1286 2419 Prrefatione
1316 2364 1382 2419 ad
1412 2365 1639 2420 Tomutn
1669 2367 1834 2436 septi-

245 2465 387 2504 mum
410 2493 425 2517 ,
455 2467 576 2522 quae
605 2454 650 2508 si
679 2454 808 2506 tanti
859 2461 1021 2518 sunt,
1056 2455 1282 2508 recolas.

313 2541 379 2596 ν.
407 2543 578 2596 Paulo
598 2553 743 2611 post,
771 2542 873 2598 huc
901 2552 1099 2610 tamen,
1129 2553 1186 2598 ut
1211 2544 1446 2610 videtur,
1480 2560 1622 2601 anno
1652 2547 1833 2600 elucu-

247 2632 418 2686 bravit
449 2631 509 2686 S.
545 2631 705 2686 Pater
729 2648 824 2686 eos
845 2633 1004 2687 etiam
1034 2649 1170 2703 quos
1213 2649 1354 2704 pone
1380 2635 1563 2690 subdit
1588 2635 1640 2688 in
1673 2634 1828 2689 Psal-

244 2739 347 2778 αισι
381 2739 416 2776 a
469 2722 668 2776 decimo
703 2739 862 2793 usque
912 2724 982 2776 ad
1025 2723 1274 2777 decimum
1317 2735 1514 2778 sextum
1556 2723 1826 2780 Tractatus

240 2823 451 2885 septem.
485 2813 636 2868 Docti
665 2813 784 2879 viri,
815 2813 885 2868 de
905 2829 1131 2884 quorum
1161 2829 1384 2869 numero
1416 2815 1594 2870 Sixtus
1616 2816 1824 2872 Senen-

241 2905 311 2960 sis
331 2915 390 2960 et
426 2903 610 2960 Daniel
640 2903 882 2970 ﬂuetius,
916 2920 1021 2960 non
1054 2905 1186 2959 alias
1213 2915 1470 2976 prmterea
1516 2909 1825 2965 existimant

243 2995 430 3063 fuisse,
480 3009 639 3066 quam
693 2995 911 3050 totidem
956 2995 1202 3065 Origenis
1252 2996 1528 3061 Homilias,
1575 3013 1708 3069 quas
1755 3001 1823 3056 de

243 3085 430 3143 Greece
459 3085 515 3139 in
542 3083 789 3139 Latinum
825 3086 1176 3142 transtulerit.
1201 3085 1367 3142 Nobis
1390 3087 1488 3143 hac
1510 3087 1577 3143 de
1607 3105 1664 3143 re
1690 3089 1821 3144 nihil

242 3193 338 3248 pro
367 3189 521 3234 certo
547 3177 819 3231 affirmare
843 3179 1016 3248 placet
1042 3221 1057 3244 ,
1091 3179 1322 3234 maxime
1349 3196 1467 3234 cum
1503 3191 1607 3236 tota
1635 3182 1820 3238 elucu-

243 3269 414 3324 bratio
433 3267 522 3322 illa
547 3267 900 3332 desideretur,
933 3285 1000 3322 ex
1031 3285 1133 3337 qua
1182 3285 1395 3325 sumere
1423 3272 1475 3326 in
1503 3272 1818 3328 alterutram

242 3371 447 3430 partem
473 3370 845 3430 argumentum
875 3360 1079 3415 liceret.
1103 3360 1239 3428 Quin
1273 3363 1448 3432 potius
1470 3366 1515 3419 si
1535 3365 1663 3435 quid
1692 3382 1822 3420 con-

238 3452 402 3519 jicere
428 3465 498 3505 ex
524 3449 708 3517 modo,
743 3465 850 3520 quo
875 3451 942 3506 ab
970 3451 1087 3520 ipso
1114 3464 1462 3510 recensentur
1485 3493 1500 3522 ,
1528 3455 1675 3523 licet,
1703 3472 1816 3510 ma-

245 3543 330 3596 lim
358 3556 459 3612 ego
490 3541 876 3612 primogenitos
904 3540 1064 3597 ftetus
1091 3541 1147 3597 S.
1177 3543 1419 3599 Doctoris
1462 3547 1773 3602 existimare
1803 3567 1815 3602 :

243 3633 452 3688 tametsi
508 3631 794 3686 maximam
839 3642 1043 3702 partem
1087 3647 1153 3688 ex
1211 3636 1400 3704 graecis
1461 3637 1819 3706 Scriptoribus

242 3735 397 3796 atque
425 3723 656 3795 Origene
686 3725 980 3794 praesertim
1001 3766 1016 3788 ,
1047 3735 1103 3778 ut
1143 3727 1196 3780 in
1244 3743 1394 3784 more
1419 3731 1652 3800 positum
1694 3740 1820 3786 tunc

241 3817 313 3872 illi
357 3824 473 3872 erat
494 3856 511 3882 ,
546 3815 884 3886 desumptos,
915 3815 1062 3871 ultro
1088 3818 1248 3871 etiam
1293 3817 1481 3874 fatear.
1514 3821 1682 3876 Porro
1724 3836 1822 3876 cur

241 3907 625 3973 iuterciderint,
649 3917 742 3961 aut
761 3918 910 3962 certe
931 3922 1106 3978 neque
1132 3908 1324 3978 integri
1346 3920 1619 3979 superent,
1641 3927 1818 3983 neque

240 4015 301 4055 eo
327 4001 496 4066 cultu,
527 4008 584 4054 ut
626 3998 694 4054 ab
721 3998 948 4054 aliorum
996 3998 1498 4070 interpolationibns
1527 4002 1817 4057 internosci

242 4101 454 4162 queant,
485 4105 734 4146 caussam
775 4091 1080 4148 addidimus
1108 4091 1162 4147 in
1190 4091 1570 4149 Admonitione
1594 4095 1661 4150 ad
1692 4093 1818 4149 Bre-

240 4185 450 4238 viarium
475 4185 530 4239 in
561 4181 798 4239 Psalmos
822 4225 836 4251 ,
864 4183 1005 4254 quod
1027 4183 1267 4255 Septimo
1295 4185 1467 4242 Temo
1491 4186 1817 4256 Appendicis

243 4273 355 4329 loco
383 4275 772 4331 sttbnectimus.

313 4365 396 4420 Vl.
435 4363 680 4431 Videtur,
727 4365 812 4421 his
846 4364 1106 4422 absolutis
1135 4367 1538 4437 scriptionibus,
1569 4372 1816 4444 aliquan-

239 4457 321 4513 diu
360 4459 460 4514 sibi
481 4457 751 4512 silentiunt
772 4459 1092 4528 imposuisse
1108 4457 1168 4514 S.
1199 4460 1357 4516 Pater
1386 4479 1400 4517 :
1425 4461 1590 4518 Silere
1608 4465 1814 4537 quippe,

239 4549 325 4613 ait,
372 4565 453 4603 me
495 4549 636 4619 fecit,
668 4549 751 4602 cui
779 4566 919 4604 meus
943 4566 1106 4605 sermo
1134 4552 1443 4622 supplicium
1471 4563 1543 4609 est
1570 4554 1812 4628 (Prolog.

237 4640 302 4692 ad
329 4637 432 4692 Vit.
466 4637 708 4708 Male/ii).
737 4638 840 4695 Sed
873 4639 1173 4710 graviorem
1207 4642 1442 4710 interim,
1473 4658 1536 4698 ac
1562 4643 1816 4714 longioris

239 4730 403 4783 multo
443 4746 624 4800 operat
665 4731 1006 4799 scriptionem
1052 4733 1232 4787 animo
1267 4732 1377 4802 jam
1423 4735 1663 4803 parabat,
1694 4738 1814 4791 uni-

240 4835 463 4885 versam,
492 4821 766 4885 videlicet,
801 4838 978 4878 rerum
1009 4825 1326 4880 Christiana:
1356 4825 1655 4893 historiam,
1691 4828 1813 4883 lite-

239 4913 307 4965 ris
345 4913 686 4981 ronsiguare.
718 4911 952 4967 Scribere
977 4915 1132 4980 enim,
1163 4914 1355 4985 inquit,
1389 4917 1615 4987 disposui
1647 4919 1712 4986 (si
1737 4929 1815 4971 ta-

237 5019 340 5055 men
369 5006 524 5056 vitam
554 5002 808 5058 Dominus
849 5005 1042 5059 dederit
1084 5025 1103 5060 :
1149 5016 1197 5061 et
1238 5008 1282 5062 si
1310 5009 1673 5078 vituperatores
1716 5013 1816 5066 mei

235 5094 404 5148 saltem
453 5096 726 5167 fugientem
773 5113 872 5162 me,
917 5107 964 5150 et
1011 5097 1262 5153 inclusum
1292 5103 1524 5171 persequi
1547 5102 1812 5174 desierint)

236 5185 290 5237 ob
318 5185 536 5240 adventu
568 5185 852 5241 Saluatoris
880 5205 1037 5259 usque
1062 5189 1130 5242 ad
1156 5201 1381 5245 nostram
1422 5203 1641 5260 aetatem,
1666 5194 1721 5246 id
1741 5205 1815 5249 est

234 5276 290 5330 ιι»
318 5279 355 5331 Α
364 5280 576 5349 postolis
597 5296 753 5350 usque
770 5280 837 5332 ad
855 5282 1011 5334 nostri
1035 5284 1272 5347 temporis
1287 5286 1466 5356 fecem,
1491 5285 1744 5351 quomodo
1767 5297 1813 5341 et

235 5386 314 5430 per
333 5388 458 5440 quos
476 5371 662 5425 Christi
682 5369 908 5426 Ecclesia
925 5383 1045 5427 nata
1063 5375 1149 5441 sit,
1166 5385 1212 5429 el
1226 5377 1424 5441 adulta,
1445 5379 1810 5448 persecutioni-

235 5460 317 5512 bus
343 5463 580 5526 creuerit,
611 5473 658 5517 et
686 5465 946 5535 martyriis
972 5477 1214 5522 coronata
1237 5469 1303 5522 sit
1329 5485 1348 5524 :
1375 5479 1422 5524 et
1451 5480 1714 5542 postquam
1740 5473 1810 5526 ad

232 5551 540 5610 Christianos
588 5555 855 5627 Principes
893 5559 1100 5638 venerit,
1135 5563 1356 5630 potentia
1383 5563 1584 5633 quidem
1606 5573 1654 5618 et
1680 5565 1809 5620 divi-

234 5643 306 5698 tiis
330 5647 514 5716 major,
534 5645 626 5701 sed
643 5647 909 5704 virtutibus
925 5649 1091 5704 minor
1101 5654 1242 5720 facta
1257 5653 1321 5707 sit
1343 5652 1613 5725 (Ibidem).
1640 5656 1808 5711 Porro

233 5733 551 5791 elucubrarit
595 5751 697 5792 nec
744 5755 810 5792 ne
853 5751 1037 5810 postea
1089 5741 1225 5820 istud
1268 5746 1466 5814 cperis,
1503 5743 1830 5804 dubitatum-

233 5835 308 5878 est
335 5827 474 5883 inter
498 5826 758 5895 eruditos,
791 5830 888 5882 etsi
918 5831 1058 5884 enim
1105 5833 1170 5885 ad
1217 5850 1313 5889 nos
1357 5837 1484 5891 nihil
1531 5838 1797 5906 ejusmodi

1960 629 2080 684 vola
2107 630 2178 686 sit
2202 641 2293 687 aut
2325 635 2628 704 vestigium,
2656 635 2927 696 affirmare
2957 650 3134 700 tamen
3163 647 3375 704 videtur
3398 629 3548 722 ipse-

1958 730 2087 786 met,
2113 722 2270 792 idque
2291 732 2411 794 post
2430 741 2600 782 annos
2623 728 2910 786 admodum
2930 733 3138 802 decem,
3162 737 3324 818 Libro
3345 739 3385 795 1.
3411 757 3541 798 con-

1959 820 2036 865 tra
2064 813 2360 881 Bullinum,
2393 818 2482 872 ubi
2513 835 2571 874 se
2601 823 2677 875 ait
2706 821 3136 882 Ecclesiasticam
3185 813 3403 889 Eusebii
3450 836 3536 892 bi-

1955 907 2174 960 storiam
2221 906 2243 980 (
2265 923 2425 979 quam
2452 925 2564 967 sua:
2593 913 2852 982 potuisset
2880 917 3118 976 inserere
3137 921 3181 992 )·
3207 924 3260 978 in
3291 925 3539 983 Latinum

1956 1000 2313 1056 transtulisse.
2361 1001 2610 1073 Lnudavi,
2660 1006 2853 1078 inquit,
2901 1009 3178 1067 Eusebium
3220 1016 3273 1070 in
3305 1017 3540 1074 Historia

1958 1088 2330 1161 Iz‘cclesiastica,
2363 1097 2416 1150 in
2445 1097 2724 1168 digestione
2747 1099 3053 1174 Temporum
3085 1105 3226 1178 (haec
3251 1120 3336 1165 est
3358 1106 3535 1170 ειη-οὲ

1954 1179 2056 1233 nici
2102 1183 2300 1256 versio)
2344 1185 2396 1239 in
2426 1187 2763 1258 descriptione
2790 1191 2967 1248 Terra:
2991 1195 3198 1251 Sanctae
3223 1200 3364 1270 (hate
3392 1201 3537 1258 Libri

1951 1269 2018 1324 de
2046 1270 2202 1326 Locis
2227 1274 2332 1345 est)
2359 1285 2407 1330 et
2431 1277 2539 1332 [nec
2563 1281 2675 1349 ipsa
2707 1281 2970 1353 Opuscula
2999 1286 3050 1340 in
3076 1269 3318 1344 Latinum
3341 1302 3536 1349 vertens

1951 1377 2075 1415 mete
2101 1361 2290 1433 lingua:
2312 1368 2596 1424 hominibus
2621 1370 2758 1425 dedi.
2793 1372 2992 1430 Verum
3023 1378 3179 1432 aliam
3203 1389 3302 1435 nos
3323 1383 3388 1436 ad
3412 1394 3533 1438 eum

1951 1453 2126 1510 locum
2169 1458 2440 1516 innuimus
2487 1462 2654 1520 fuisse
2696 1465 2756 1520 S.
2810 1467 3052 1525 Doctoris
3079 1482 3337 1541 mentem,
3370 1491 3527 1546 quam

1949 1547 2110 1616 vulgo
2146 1548 2478 1621 intelligitur,
2531 1569 2595 1610 ac
2635 1555 2806 1625 primo
2834 1561 3014 1613 statim
3040 1562 3229 1618 obtutu
3260 1575 3482 1636 apparet
3515 1589 3530 1626 :

1947 1650 2107 1709 atque
2157 1645 2225 1694 ita
2275 1642 2390 1698 hzcc
2434 1645 2665 1702 diximus
2709 1649 3018 1720 accipienda
3062 1654 3247 1722 verba,
3293 1665 3352 1712 ut
3397 1657 3532 1714 illud

1949 1731 2104 1785 unice
2127 1733 2193 1786 ad
2219 1734 2650 1792 Ecclesiasticam
2674 1738 2951 1795 historiam
2977 1743 3415 1818 referatur,quod
3432 1750 3534 1812 ait.

1948 1824 2154 1878 laudavi
2183 1841 2203 1880 :
2232 1827 2297 1881 ad
2340 1830 2542 1900 reliqua
2587 1839 2765 1886 autem
2813 1833 2919 1889 duo
2961 1839 3220 1906 opuscula
3272 1841 3527 1910 alterum,

1944 1915 2086 1984 quod
2133 1931 2244 1972 sua:
2292 1919 2487 1990 linguis
2533 1920 2838 1979 hominibus
2880 1925 3106 1996 dederit,
3139 1940 3366 1999 Spectet.
3397 1933 3528 2001 Qua:

1943 2006 2160 2074 quidem
2201 2011 2427 2078 genuina
2455 2013 2746 2068 etiamnum
2773 2027 2966 2072 sensus
2994 2019 3111 2088 ejus
3139 2020 3424 2091 explicatio
3447 2025 3526 2078 vi-

1943 2095 2123 2162 detur,
2152 2108 2205 2152 et
2232 2115 2351 2169 quin
2390 2102 2510 2156 aliis
2537 2103 2799 2171 ejusmodi
2827 2109 2968 2175 apud
2997 2125 3118 2164 eum
3149 2113 3434 2183 exemplis,
3480 2116 3524 2169 si

1943 2200 2029 2239 res
2056 2185 2211 2252 ferat,
2242 2191 2583 2258 comprobari
2616 2193 2773 2248 facile
2803 2197 2994 2265 possit.
3022 2197 3076 2254 Si
3103 2202 3188 2254 cui
3220 2210 3396 2258 tamen
3420 2205 3525 2258 mi-

1943 2291 2044 2328 nus
2072 2277 2328 2343 arrideat,
2370 2280 2441 2334 ita
2469 2283 2629 2336 etiam
2659 2285 2973 2343 existimare
3009 2288 3189 2356 liceat,
3217 2307 3337 2347 eam
3376 2295 3523 2351 innui

1942 2364 2260 2421 Eusebiana:
2287 2366 2526 2424 historia:
2556 2381 2783 2441 partem,
2813 2374 2954 2431 haud
2979 2378 3228 2449 equidem
3248 2397 3519 2453 magnam,

1939 2455 2034 2509 sed
2068 2465 2242 2511 tamen
2274 2458 2490 2514 Eusebii
2522 2469 2647 2517 κατά
2672 2473 2819 2532 λέξιν,
2852 2483 2970 2536 quae
2999 2469 3298 2540 Scriptores
3327 2473 3520 2532 Eccle-

1938 2548 2184 2604 siasticos
2215 2561 2479 2618 recenset,
2510 2563 2566 2608 et
2594 2553 2785 2610 Noster
2811 2572 2913 2613 suo
2937 2558 3006 2615 de
3039 2561 3179 2617 Viris
3216 2561 3520 2622 Illustribtts

1938 2637 2074 2694 lihro
2099 2638 2289 2696 Latine
2316 2643 2579 2699 redditam
2611 2645 2680 2700 de
2709 2647 2874 2703 verbo
2903 2649 2969 2704 ad
3003 2653 3223 2708 verbum
3268 2655 3512 2713 inseruit.

1935 2728 2094 2786 Certe
2139 2732 2229 2801 qui
2275 2732 2639 2791 elucubratam
2675 2754 2856 2794 revera
2886 2743 2955 2798 ab
2984 2758 3050 2798 eo
3079 2744 3359 2804 historiam
3394 2752 3515 2806 uni-

1934 2835 2142 2877 versam
2172 2823 2600 2883 Ecclesiasticam
2653 2839 2864 2901 putant,
2898 2835 3107 2908 longius
3135 2854 3164 2893 a
3192 2841 3306 2896 veri
3333 2845 3517 2913 specie

1931 2915 2076 2966 omni
2093 2914 2377 2972 oberrant.

2004 3003 2108 3060 VII.
2144 3006 2250 3061 Sed
2283 3009 2465 3079 utique
2492 3027 2612 3066 eum
2644 3014 2874 3084 primunt
2904 3018 3064 3076 silere
3084 3021 3262 3088 desiit,
3285 3039 3429 3081 anno
3459 3039 3516 3083 ttt

1931 3094 2140 3150 videtur
2184 3096 2308 3163 59l,
2360 3099 2556 3155 Malelti
2602 3105 2800 3173 Captivi
2827 3105 3090 3179 Monachi,
3123 3122 3168 3166 et
3193 3113 3339 3170 Beati
3363 3116 3514 3172 Hila-

1929 3185 2088 3238 rionis
2144 3185 2286 3242 Vitas
2329 3191 2671 3260 conscripsit,
2718 3210 2852 3265 quas
2902 3197 2952 3251 in
2983 3197 3264 3273 Catalogo.
3297 3221 3422 3271 uno,
3457 3218 3514 3262 ut

1931 3274 2000 3328 ita
2029 3274 2282 3342 dixerim,
2313 3281 2501 3348 spiritu
2529 3297 2839 3350 recensens,
2868 3287 2936 3343 ita
2964 3293 3254 3348 connectit.
3281 3296 3344 3350 Et
3369 3299 3514 3366 prio.

1930 3380 2040 3418 rem
2069 3366 2283 3435 quidem
2316 3369 2614 3438 historiam,
2644 3384 2819 3430 ut'suo
2842 3377 2958 3433 loco
2979 3378 3232 3449 diximus,
3257 3385 3510 3442 Maronis:

1929 3458 1981 3511 in
2010 3459 2164 3529 Syria
2191 3460 2259 3514 ab
2289 3461 2456 3529 ipsius
2484 3463 2674 3519 Malchi
2703 3481 2799 3522 ore
2828 3481 3112 3540 exceperat
3143 3489 3158 3528 :
3189 3475 3414 3533 alteram
3444 3482 3511 3534 ab

1928 3547 2194 3620 Egyptiis
2245 3554 2521 3608 monachis
2565 3569 2870 3613 enarratam
2919 3561 3161 3631 digessit.
3211 3567 3373 3622 Addit
3418 3573 3508 3640 qni

1940 3640 2067 3695 Vitae
2093 3641 2309 3696 Patrum
2325 3643 2485 3699 Liber
2511 3646 2838 3715 inscribitur,
2865 3651 3060 3708 Asella:
3085 3654 3250 3711 fuisse
3275 3661 3510 3714 Auctore

1927 3730 1996 3784 ab
2023 3732 2138 3800 ipso
2169 3745 2528 3804 nuncupatam
2558 3754 2570 3790 ;
2602 3737 2754 3806 cujus
2785 3749 2961 3794 tamen
2985 3744 3084 3809 rei,
3116 3760 3290 3816 neque
3314 3748 3366 3802 in
3395 3750 3510 3803 edi-

1928 3822 1997 3876 tis
2043 3823 2095 3876 iu
2144 3841 2303 3878 manu
2355 3827 2589 3881 exaratis
2633 3829 3063 3902 llieronymianis
3090 3836 3364 3894 codicibus
3390 3844 3505 3896 vola

1928 3923 2009 3966 est
2037 3923 2129 3967 aut
2154 3916 2456 3985 vestigium.
2490 3916 2641 3984 Quod
2669 3937 2830 3976 unum
2863 3923 3041 3993 prodit
3065 3925 3122 3982 S.
3153 3928 3381 3999 ipsemet
3408 3932 3506 3988 Pa-

1929 4014 2029 4069 ter,
2078 4005 2215 4061 hanc
2253 4009 2589 4077 Sophronias
2637 4012 2688 4065 in
2738 4011 2975 4069 ercum
3014 4017 3234 4090 eleganti
3278 4039 3508 4081 sermone

1930 4098 2188 4150 transtulit
2233 4113 2252 4152 :
2294 4114 2360 4152 ex
2387 4113 2558 4168 coque
2594 4100 2837 4158 Vossium
2871 4103 3000 4171 falli,
3029 4111 3373 4180 perspicuum
3399 4129 3503 4180 est.

1928 4187 2019 4255 qui
2065 4188 2116 4243 in
2144 4186 2319 4258 Opere
2350 4189 2416 4244 de
2447 4189 2715 4248 histOricis
2741 4193 2964 4264 Grtecis,
2993 4197 3356 4272 Sophronium
3383 4211 3505 4266 vitae

1927 4277 2216 4334 Hilarionis
2244 4280 2551 4345 Auctorem.
2584 4297 2688 4338 non
2717 4285 3066 4358 interpretem
3095 4293 3238 4350 facit.

2521 4415 2748 4474 CAPUT
2796 4419 2914 4474 XX.

1926 4526 1967 4583 1.
2008 4529 2347 4584 Recensentur
2386 4546 2500 4600 qtae
2549 4529 2889 4602 Hieronymus
2917 4551 2980 4588 ea:
3012 4546 3103 4590 τῶν
3131 4537 3302 4598 LXX.
3334 4560 3504 4602 exem-

1995 4619 2129 4690 plari
2165 4621 2217 4674 in
2246 4619 2428 4674 Latina
2454 4629 2575 4674 tunc
2599 4621 2802 4692 vulgata
2829 4622 3070 4681 Editione
3107 4634 3406 4692 emendavit.
3440 4639 3501 4694 ll.

1995 4711 2137 4766 Libri
2159 4714 2245 4782 qui
2271 4729 2333 4766 ex
2355 4728 2412 4766 eo
2440 4713 2611 4767 labore
2633 4729 2769 4767 nunc
2793 4729 3052 4785 superant.

1997 4825 2037 4882 Ι.
2077 4826 2287 4881 Nullam
2334 4825 2546 4881 videtur
2588 4826 2646 4882 S.
2695 4827 2854 4884 Pater
2895 4831 2948 4886 in
2991 4832 3272 4909 Catalogo,
3305 4843 3504 4900 laboris

1926 4919 2043 4987 ejus
2075 4933 2334 4988 perquam
2365 4918 2530 4984 utilis,
2564 4933 2627 4973 ac
2661 4918 2985 4989 difiicillimi,
3014 4941 3120 4996 quo
3152 4928 3332 4988 Sacra:
3357 4933 3505 4990 Serio

1924 5019 2091 5082 plura:
2135 5010 2300 5066 libros
2351 5025 2418 5064 ex
2464 5009 2653 5065 Latina
2696 5020 2881 5068 vetere
2930 5013 3370 5087 interpretatione
3431 5027 3500 5083 ad

1924 5098 2362 5155 emendatissima
2391 5112 2481 5154 τῶν
2517 5099 2681 5155 LXX.
2715 5103 3044 5172 exemplaria
3075 5115 3362 5178 recensuit,
3407 5130 3500 5172 re-

1924 5191 2201 5261 stituitque
2231 5190 2525 5246 innumeris
2556 5192 2706 5257 locis,
2727 5195 2987 5250 rationem
3020 5197 3290 5269 habuisse,
3307 5205 3494 5262 saltem

1920 5298 2038 5354 qua:
2086 5291 2388 5353 temporum
2431 5287 2760 5340 notationem
2807 5297 3033 5356 spectet.
3062 5289 3172 5347 Nec
3198 5307 3327 5350 sane
3359 5307 3496 5352 tam-

1919 5389 2079 5443 quam
2121 5374 2420 5430 elueubrati
2468 5374 2536 5430 ab
2565 5391 2625 5430 se
2652 5377 2829 5446 operis
2857 5381 3184 5437 mentionem
3229 5385 3300 5441 ibi
3334 5388 3493 5442 ullam

1919 5465 2064 5530 facit,
2096 5465 2184 5520 ubi
2209 5465 2308 5519 alia
2335 5465 2535 5528 omnia,
2561 5467 2784 5521 minoris
2804 5469 2963 5522 etiam
2988 5471 3032 5524 si
3060 5471 3190 5528 libet
3212 5477 3494 5542 momenti,

1919 5559 1970 5613 in
1999 5574 2217 5614 censum
2248 5573 2463 5613 suorum
2493 5560 2682 5630 recipit
2712 5579 2724 5615 :
2759 5570 2809 5616 et
2833 5562 3031 5632 liquido
3058 5573 3231 5618 tamen
3257 5577 3488 5629 constat,

1917 5669 2022 5722 quo
2064 5662 2304 5723 tempore
2333 5651 2642 5724 Catalogum
2674 5654 2842 5718 illum,
2873 5668 2965 5707 seu
3000 5653 3216 5708 Librum
3249 5655 3316 5711 de
3344 5655 3486 5717 Viris

1915 5745 2211 5801 Illustribns
2253 5745 2486 5814 scripsit,
2529 5759 2668 5798 anno
2715 5745 2961 5799 videlicet
3005 5744 3130 5808 392,
3183 5748 3492 5822 pleramque

1917 5841 2034 5908 ejus
2065 5838 2261 5892 laboris
2292 5846 2496 5905 partem
2528 5837 2635 5904 jam
2667 5835 2986 5896 cxautlassc,
3019 5850 3115 5890 nec
3143 5851 3272 5894 sane
3315 5844 3487 5896 modi-
