4004 6328
452 384 520 437 ·ῖε
1724 376 1782 434 S.
1824 371 2207 435 IIIERONYMI
2248 373 2427 429 VITA.
3567 438 3573 445 .
3650 386 3719 438 76

454 537 571 577 catu
625 518 934 591 permisisse
973 519 1083 589 jam
1112 519 1165 573 in
1196 518 1463 589 publicum
1494 525 1550 572 ut
1582 514 1837 588 prodiret.
1866 512 2028 569 Libro

450 611 687 669 secundo
729 612 780 666 iu
828 610 1124 675 Bullinum,
1158 610 1355 683 Egone,
1384 610 1577 681 inquit,
1603 618 1780 663 contra
1808 606 2029 675 Septua-

447 706 589 776 ginta
618 702 926 768 Interpretes
953 704 1149 776 aliquid
1176 720 1289 757 sum
1318 703 1536 765 locutus,
1569 717 1695 770 quos
1720 707 1835 752 ante
1868 714 2030 752 annos

447 796 692 865 plurimos
718 794 1101 865 diligentissime
1124 793 1413 849 emendatos
1436 808 1560 846 mea:
1580 792 1769 861 lingua:
1792 788 2028 844 studiosis

446 888 565 941 dedi
582 886 608 941 2
639 887 811 957 Atque
841 886 1027 940 iisdem
1056 885 1168 940 fere
1190 884 1368 939 verbis
1388 882 1549 938 Libro
1572 881 1658 936 Ill.
1688 880 2028 949 Septuaginta

449 976 741 1031 Editionen:
775 974 1152 1045 diligentissime
1190 973 1505 1027 emendatam
1542 981 1659 1025 ante
1681 986 1841 1023 annos
1867 968 2028 1039 pluri-

447 1084 561 1122 mos
588 1082 713 1121 mea:
738 1066 924 1136 lingua:
953 1063 1239 1118 hominibus
1279 1062 1418 1115 dedi.
1449 1062 1580 1116 Item
1611 1061 1661 1114 in
1696 1058 1923 1127 Prologo
1960 1057 2026 1111 ad

448 1161 615 1215 libros
642 1158 945 1213 Salomonis
972 1171 1038 1211 ex
1066 1155 1316 1219 Hebraeo,
1349 1152 1410 1208 Si
1436 1153 1519 1205 cui
1546 1167 1667 1206 sane
1692 1149 2028 1219 Septuaginta

445 1252 789 1320 lnterpretum
816 1249 974 1318 magis
1021 1246 1190 1300 Editio
1236 1246 1418 1316 placet,
1465 1245 1615 1298 habet
1654 1256 1767 1297 eam
1810 1259 1841 1296 a
1884 1242 2026 1296 nobis

447 1343 784 1398 emendatam.
822 1338 1082 1407 Denique,
1138 1345 1195 1391 ut
1240 1336 1341 1390 alia
1390 1335 1555 1390 multa
1596 1334 2021 1405 prietermittam,

444 1433 618 1502 Epist.
652 1430 839 1487 LXXI.
872 1430 937 1483 ad
969 1428 1247 1483 Lacinium
1269 1466 1285 1489 ,
1318 1426 1652 1493 Septuaginta
1682 1422 2025 1493 lnterpretum

445 1524 731 1579 Editionem
758 1532 803 1575 et
826 1532 871 1576 te
901 1522 1083 1573 habere
1110 1534 1211 1572 non
1242 1517 1439 1583 dubito,
1464 1524 1511 1569 et
1535 1525 1653 1569 ante
1676 1530 1838 1568 annos
1864 1514 2024 1583 pluri-

442 1631 552 1670 mos
590 1613 972 1685 diligentissime
1011 1609 1331 1664 emendatum
1372 1607 1612 1661 studiosis
1657 1606 1867 1659 tradidi.
1900 1604 2025 1660 llmc

440 1706 573 1761 satis
595 1703 809 1760 abunde
832 1703 888 1758 S.
916 1702 1195 1771 ipsiusmet
1215 1698 1527 1767 lnterpretis
1550 1696 1852 1751 testimonia
1874 1695 1994 1749 eviu
2010 1725 2023 1734 -

446 1806 599 1863 euut,
632 1795 798 1849 fuisse
827 1794 893 1847 ab
914 1807 979 1846 eo
998 1791 1138 1845 istud
1157 1789 1349 1860 Operis
1373 1803 1477 1842 non
1499 1786 1815 1841 adornatum
1837 1784 2019 1851 modo,

443 1886 539 1942 sed
568 1895 623 1941 et
650 1884 915 1940 Editionis
943 1882 1157 1949 honori,
1186 1890 1243 1935 ut
1272 1881 1388 1951 ipse
1418 1879 1551 1934 alias
1595 1878 1850 1949 loquitur,
1883 1877 2019 1933 bona

444 1976 633 2030 saltem
664 1990 729 2030 ex
756 1984 907 2044 parte
940 1972 1281 2041 permissum.

514 2066 580 2121 II.
614 2065 753 2120 Satis
796 2078 1009 2134 qquue
1038 2077 1102 2116 ex
1147 2062 1212 2115 iis
1240 2068 1472 2126 constat,
1501 2068 1684 2115 contra
1712 2066 1869 2129 atque
1897 2058 2018 2113 Cri-

445 2155 532 2209 tici
563 2155 801 2225 quidam,
857 2165 1051 2206 Caetera
1099 2166 1207 2205 non
1259 2149 1481 2215 indocti,
1524 2148 1867 2213 arbitrantur,
1912 2164 2017 2202 non

445 2246 567 2300 illos
610 2244 771 2299 modo
814 2242 1105 2313 Scriptura:
1152 2240 1338 2306 libros,
1391 2254 1491 2295 uec
1539 2250 1797 2310 prmterea
1846 2240 2014 2305 alios,

444 2337 607 2391 fuisse
636 2346 731 2391 aus
758 2334 1083 2405 Hieronymo
1112 2332 1177 2387 ad
1199 2332 1444 2389 Graecum
1472 2330 1748 2402 exemplar
1770 2333 2018 2402 recogni-

442 2438 547 2493 tos,
594 2428 682 2496 qui
728 2427 813 2480 vel
857 2434 1109 2496 superant
1154 2424 1469 2490 etiamnum,
1502 2423 1584 2478 vel
1612 2423 1680 2478 de
1709 2423 1923 2478 nomine
1951 2424 2020 2478 ab

440 2518 558 2587 ipso
605 2516 907 2571 laudantur.
960 2516 1089 2570 Cum
1118 2515 1259 2569 enim
1286 2518 1443 2575 eum;
1472 2513 1763 2568 Editionem
1793 2513 2017 2583 Septua-

441 2610 583 2679 ginta
611 2608 707 2662 abs
734 2623 792 2661 se
821 2608 962 2661 dicat
1004 2608 1057 2661 in
1108 2606 1299 2661 Latino
1349 2604 1417 2659 ad
1462 2604 1648 2661 Graaca
1694 2606 2017 2676 exemplaria

442 2700 801 2762 emendatam,
830 2713 1055 2768 eamque
1082 2696 1238 2752 alteri
1265 2703 1541 2766 comparet
1565 2696 1920 2751 Translationi
1952 2712 2020 2752 ex

444 2792 695 2859 Hebraeo,
724 2790 1063 2845 manifestum
1095 2798 1199 2854 est,
1229 2803 1335 2844 non
1360 2787 1620 2859 quosdam
1648 2788 2019 2842 tantummodo

446 2884 675 2949 libellos,
724 2892 779 2938 et
806 2882 870 2938 ad
901 2896 1167 2936 summum
1196 2895 1318 2945 sex,
1350 2888 1409 2935 ut
1438 2866 1645 2944 volunt,
1676 2878 1770 2934 sed
1802 2879 2018 2947 univer-

442 2993 561 3033 sum
586 2976 858 3032 Cononem
886 2988 981 3028 sua
1010 2972 1099 3027 illa
1120 2986 1249 3027 cura
1273 2970 1566 3042 expolitum
1593 2968 1871 3026 denotare.
1915 2969 2020 3023 Cu-

436 3068 528 3136 jus
568 3066 783 3137 quidem
827 3065 900 3119 rei
943 3063 1045 3118 alia
1086 3068 1400 3133 argumenta
1443 3067 1587 3126 sunt,
1631 3074 1752 3130 quae.
1780 3058 1936 3114 latius
1965 3059 2021 3113 in

446 3159 763 3215 Prazlatioue
808 3165 989 3211 nostra
1031 3155 1097 3210 ad
1129 3154 1394 3210 decimum
1425 3150 1653 3207 Tomum
1678 3151 2018 3223 protulimus,

445 3256 501 3303 et
525 3263 665 3318 quae,
697 3248 740 3301 si
771 3246 900 3299 tanti
931 3244 1200 3311 videntur,
1222 3242 1474 3299 consulas
1498 3241 1673 3297 denuo
1696 3257 1712 3301 :
1738 3251 1897 3312 atque
1920 3242 2022 3296 huc

446 3337 674 3393 releras.
704 3318 1211 3390 LuculeutiSsimum
1241 3330 1483 3403 profecto
1510 3342 1591 3385 est
1616 3330 1744 3386 illud
1770 3329 1827 3387 S.
1858 3332 2021 3401 ipsius

444 3425 757 3496 luterpretis
791 3423 1153 3478 testimonium
1182 3419 1740 3491 Epist.CXXXIV.ad
1768 3421 2021 3491 Augusti-

449 3533 599 3582 num,
617 3517 701 3571 ubi
726 3515 833 3586 jam
858 3523 966 3568 tum
996 3513 1154 3568 fuisse
1174 3512 1481 3582 pleramque
1501 3510 1617 3581 ejus
1637 3510 2024 3565 emendationis

450 3619 654 3678 partem
681 3622 710 3660 a
736 3606 917 3661 nescio
950 3620 1057 3676 quo
1082 3603 1445 3674 compilatam,
1475 3601 1639 3657 dolet.
1672 3599 1737 3655 In
1764 3599 2019 3665 Editione,

452 3699 622 3767 inquit
646 3740 661 3763 ,
692 3697 1121 3767 Septuaginta....
1154 3694 1393 3765 pleraque
1418 3692 1604 3764 prioris
1632 3692 1818 3746 laboris
1845 3690 2027 3762 fraude

450 3788 717 3860 cujusdam
744 3787 1024 3841 amisimus.
1056 3784 1217 3839 )Iulta
1249 3783 1407 3854 igitur
1431 3783 1536 3837 alia
1559 3790 1711 3838 erant
1740 3790 1937 3851 praeter
1964 3795 2023 3835 ea

452 3895 571 3950 quze
610 3878 765 3948 vulgo
812 3876 1125 3947 prostabant
1164 3883 1289 3930 tunc
1330 3874 1608 3944 temporis,
1652 3888 1714 3928 ac
1743 3882 2029 3943 supersunt

452 3969 763 4032 hodienum,
791 3983 910 4037 qua:
951 3966 1189 4037 pleraque
1224 3965 1390 4036 operis
1434 3981 1552 4034 pars
1590 3963 1693 4019 dici
1740 3964 1933 4034 potuit,
1974 3972 2030 4018 et

456 4059 611 4114 facile
642 4058 952 4113 universum
981 4055 1256 4112 Canonem
1289 4054 1686 4125 Scripturarum
1720 4054 2027 4123 esplebant.

454 4149 618 4217 Cujus
666 4147 895 4216 denique
953 4147 1029 4201 rei
1081 4146 1281 4201 certior
1330 4145 1445 4214 ipse
1478 4146 1647 4199 lactus
1702 4143 2031 4213 Augustinus

458 4236 691 4307 Epistola
717 4237 859 4291 inter
882 4236 1326 4307 llieronymianas
1369 4234 1555 4289 CXVI.
1583 4235 1841 4303 integram
1872 4235 1939 4289 ab
1967 4249 2032 4289 eo

457 4327 828 4385 recensionem
855 4341 973 4380 eam
1002 4326 1255 4395 postulat.
1278 4324 1475 4391 Mittas,
1494 4325 1587 4389 ait,
1621 4325 1846 4391 obsecro,
1878 4327 2034 4380 inter-

457 4419 784 4491 pretationem
814 4429 952 4472 tuam
981 4417 1043 4470 de
1067 4416 1422 4488 Septuaginta,
1454 4432 1604 4485 quam
1632 4426 1680 4470 te
1704 4416 1924 4471 edidisse
1945 4434 2033 4472 ne-

457 4506 693 4559 sciebam.

535 4596 621 4650 lll.
667 4595 853 4659 Porro,
885 4593 1069 4664 quanti
1098 4592 1249 4647 labor
1277 4591 1363 4647 hic
1390 4590 1451 4647 S.
1483 4591 1694 4647 Ductori
1721 4592 1949 4657 steterit,
1980 4604 2034 4649 et

459 4685 588 4755 quid
638 4685 851 4754 proprie
893 4684 967 4738 rei
1010 4684 1081 4738 sit
1116 4693 1275 4753 atque
1302 4683 1505 4751 operis,
1552 4682 1898 4754 aperiendum
1928 4694 2032 4740 est.

468 4776 594 4830 I‘Zrat
636 4775 841 4829 Veteris
885 4774 1227 4829 Instrumenti
1282 4774 1502 4844 Vulgata
1535 4783 1687 4830 vetus
1717 4775 2035 4848 interpreta-

463 4868 557 4933 tiu,
585 4880 704 4937 quae
728 4877 851 4920 tunc
874 4866 1131 4934 temporis
1158 4865 1357 4935 passim
1379 4866 1431 4920 in
1461 4866 1715 4922 Ecclesiis
1737 4869 2031 4939 obtinebat,

461 4971 527 5010 ex
554 4955 739 5011 Grzrca
766 4954 867 5008 alia
894 4965 983 5009 τῶν
1011 4953 1173 5009 LXX.
1205 4956 1452 5011 versione
1479 4957 1529 5011 in
1560 4956 1805 5013 Latinum
1834 4961 2033 5027 refusa,

462 5046 556 5101 sed
585 5046 656 5100 ita
685 5044 914 5099 librariis
940 5060 1101 5099 omne
1126 5061 1295 5116 genus
1326 5046 1489 5113 vitiis,
1517 5047 1739 5114 lacunis,
1770 5049 2036 5121 trajectio-

468 5130 646 5204 uibus,
663 5138 984 5191 assumentis
1002 5136 1318 5205 deformata,
1338 5149 1393 5193 ut
1414 5138 1677 5194 interdum
1695 5142 1853 5196 etiam
1874 5144 2035 5198 alium

468 5245 497 5283 a
523 5244 655 5284 vero
676 5243 892 5284 sensum
919 5230 1215 5299 prtelerret,
1239 5239 1294 5285 et
1312 5232 1504 5288 divinze
1526 5236 1853 5291 auctoritatis
1875 5240 2034 5294 verba

464 5329 521 5373 et
558 5318 850 5373 sententias
890 5319 1138 5376 redderet
1178 5320 1465 5377 lectionum
1497 5325 1756 5381 varietate
1784 5327 2033 5383 incertas.

471 5411 740 5482 Praecipua
787 5425 1028 5467 errorum
1071 5427 1280 5481 caussa,
1310 5416 1451 5485 quod
1495 5432 1525 5472 a
1560 5417 1745 5474 Grmca
1794 5419 2040 5477 Editione

470 5510 641 5576 Κοινῇ.
660 5501 710 5556 id
739 5510 843 5568 est,
871 5502 1159 5567 Communi,
1188 5504 1425 5561 derivata
1451 5508 1575 5563 olim
1602 5511 1779 5578 fuerit,
1806 5527 1924 5580 qure
1954 5514 2036 5567 iu-

472 5594 708 5650 numeris
754 5593 1021 5664 ejusmodi
1069 5596 1215 5651 vitiis
1262 5600 1515 5655 scatebat.
1577 5601 1659 5658 Ad
1714 5602 2042 5659 difﬁcultatis

470 5694 646 5738 autem
675 5684 946 5741 cumulum
969 5686 1275 5752 accedebat.
1301 5689 1440 5758 quod
1468 5691 1588 5747 alite
1615 5702 1869 5763 praeterea
1892 5693 2043 5750 (ἱππε-

475 5788 555 5828 ca:
593 5774 873 5845 editiones,
902 5794 1022 5851 qua:
1062 5778 1385 5849 ferebantur,
1435 5784 1656 5840 multum
1688 5784 1827 5841 inter
1864 5800 1923 5841 se
1946 5800 2040 5853 pro

2141 490 2417 559 regionum
2444 491 2703 549 varietate
2718 502 2879 567 atque
2898 509 2996 551 usu
3023 494 3383 553 Ecclesiarum
3412 496 3713 552 ditierrent.

2136 580 2466 644 Alexandria.
2501 584 2692 653 inquit,
2739 596 2786 639 et
2828 585 3089 659 Egyptus
3128 588 3181 642 in
3227 588 3565 658 Septuaginta
3609 593 3716 642 suis

2140 670 2452 742 Hesgcliium
2493 675 2670 728 laudat
2714 686 3016 732 auctorem:
3066 678 3529 747 Constantinopolis
3561 695 3716 749 usque

2135 761 2453 817 Antiochiam
2477 764 2691 820 Luciani
2714 770 2951 838 martyris
2973 769 3281 840 exemplaria
3306 768 3504 839 probat.
3534 768 3717 822 Media:

2134 853 2262 907 inter
2287 856 2379 908 lias
2406 858 2677 923 provincia:
2700 856 3006 913 Palazstinos
3035 860 3233 912 codices
3263 859 3456 929 legunt,
3500 875 3625 929 quos
3650 861 3713 912 ab

2136 943 2357 1015 Origene
2382 946 2665 1001 elaboratas
2689 946 2937 1002 Eusebius
2954 958 2999 1002 et
3016 947 3321 1017 Pamphilus
3342 949 3669 1019 vulgaverant
3695 964 3712 1000 :

2131 1046 2358 1106 totusque
2385 1039 2518 1093 orbis
2544 1039 2638 1091 hac
2662 1040 2793 1094 inter
2816 1058 2869 1095 se
2894 1041 3094 1113 trifaria
3119 1043 3358 1095 varietate
3383 1052 3710 1113 compugnat.

2132 1124 2200 1178 Et
2221 1137 2351 1180 certe
2371 1127 2614 1198 Origenes
2638 1146 2739 1183 non
2764 1130 2927 1184 solum
2950 1133 3259 1202 exemplaria
3287 1136 3567 1202 composuit
3587 1151 3713 1203 qua-

2132 1228 2245 1271 tuor
2285 1219 2583 1287 editionum,
2606 1238 2633 1275 e
2661 1223 2862 1291 regione
2904 1223 3104 1294 singula
3145 1224 3289 1277 verba
3322 1222 3626 1288 describens,
3660 1234 3712 1275 ut

2130 1324 2261 1363 unus
2305 1310 2600 1365 dissentiens
2645 1313 2815 1365 statim
2844 1314 3034 1367 caneris
3059 1315 3189 1367 inter
3215 1331 3269 1368 se
3293 1314 3712 1368 consentientibus

2128 1409 2390 1481 arguatur,
2443 1401 2533 1455 sed
2575 1404 2710 1471 quod
2753 1404 2961 1474 majoris
3006 1404 3234 1458 audacia:
3270 1414 3362 1471 est,
3412 1406 3463 1458 in
3494 1406 3712 1459 editione

2129 1482 2464 1561 Septuaginta
2507 1492 2868 1548 Theodotionis
2914 1494 3181 1549 editionem
3210 1496 3427 1561 miscuit,
3458 1496 3711 1549 asteriscis

2127 1583 2416 1653 designans,
2449 1601 2562 1655 qua:
2598 1587 2765 1640 minus
2794 1596 2910 1641 ante
2950 1592 3169 1657 fuerant,
3198 1596 3243 1640 et
3272 1587 3478 1657 virgulis
3507 1602 3621 1657 qua:
3648 1602 3711 1641 ea:

2126 1676 2385 1743 superfluo
2412 1676 2707 1730 videbantur
2732 1679 2969 1748 apposita
2995 1677 3183 1748 (Prurf.
3216 1678 3267 1730 in
3304 1676 3448 1731 Libb.
3475 1675 3711 1747 Paralip-

2126 1781 2189 1818 ecc
2218 1764 2431 1836 Hebr.).
2456 1768 2813 1823 Prmtcrmitto
2854 1786 2972 1839 qua:
2996 1769 3129 1823 alias
3156 1768 3279 1823 alibi
3311 1779 3569 1823 memorat
3594 1769 3709 1823 edi-

2128 1856 2301 1911 tiones
2339 1868 2498 1926 atque
2526 1859 2875 1928 exemplaria.
2911 1858 3075 1915 Unice
3102 1858 3166 1913 ad
3197 1874 3403 1923 verum,
3437 1867 3528 1911 aut
3561 1868 3709 1913 certe

2125 1950 2335 2001 tia-teris
2380 1948 2535 2017 longe
2580 1951 2825 2005 omnibus
2870 1952 3089 2021 propius
3132 1950 3420 2005 accedebat
3447 1949 3555 2015 illa,
3588 1965 3708 2020 quae

2125 2036 2297 2092 fuerat
2324 2040 2449 2093 olim
2478 2038 2720 2110 Origenis
2765 2041 3023 2095 industria
3065 2041 3115 2095 in
3148 2033 3385 2106 ἑξαπλοῖς
3425 2039 3697 2094 elaborata

2125 2143 2248 2182 cum
2277 2130 2447 2183 obelis
2479 2140 2638 2201 atque
2660 2132 2933 2186 asteriscis
2964 2150 2977 2186 :
3008 2147 3178 2201 eaque
3209 2132 3459 2187 nimirum
3485 2132 3536 2186 in
3561 2140 3704 2184 tanta

2124 2218 2417 2273 editionum
2449 2222 2709 2275 varietate
2735 2220 2927 2276 Noster
2952 2236 3080 2276 usus
3109 2232 3218 2289 est,
3252 2221 3405 2290 cujus
3433 2220 3707 2291 exemplar

2124 2325 2379 2380 perquam
2422 2313 2761 2366 emendatum
2807 2314 2858 2367 in
2888 2310 3217 2367 Cazsarcensi
3249 2311 3581 2367 Bibliotheca
3620 2327 3707 2367 re-

2125 2410 2353 2469 pererat.
2375 2402 2676 2468 Quinetiam
2704 2402 2945 2457 eamdem
2978 2403 3119 2457 illam
3148 2405 3407 2458 rationem
3431 2412 3703 2467 notarum,

2123 2492 2284 2557 obeli,
2335 2494 2570 2563 inquam,
2611 2506 2771 2563 atque
2812 2495 3053 2549 asterisci
3081 2494 3132 2548 in
3163 2493 3349 2548 Latina
3375 2492 3705 2548 restituenda

2125 2580 2382 2637 Versioue
2423 2583 2625 2639 habuit.
2674 2583 2826 2641 Unde
2852 2585 3024 2655 Epist.
3053 2583 3208 2640 CXII.
3236 2583 3303 2639 ad
3331 2584 3704 2654 Augustinum,

2132 2672 2283 2737 Quod
2310 2678 2516 2745 quaeris,
2552 2678 2746 2749 inquit,
2778 2696 2868 2733 cur
2894 2680 3033 2749 prior
3060 2694 3169 2731 mea
3195 2677 3247 2731 in
3276 2676 3414 2731 libris
3440 2676 3707 2731 Canonicis

2125 2772 2476 2841 interpretatio
2512 2772 2776 2825 asteriscos
2805 2772 2982 2825 habeat
3009 2780 3055 2825 et
3080 2772 3301 2841 virgulas
3326 2779 3703 2841 prtenotatas...

2123 2865 2214 2919 illa
2242 2866 2589 2935 interpretatio
2616 2864 2951 2935 Septuaginta
2979 2863 3307 2933 interpretum
3352 2870 3461 2925 est;
3503 2870 3549 2914 et
3591 2860 3707 2913 ubi-

2123 2973 2337 3026 cumque
2379 2956 2606 3027 virgulas,
2636 2956 2691 3010 id
2724 2965 2819 3022 est,
2851 2956 2978 3009 obeli
3024 2965 3158 3020 sunt,
3193 2954 3528 3024 signiﬁcatur,
3572 2952 3709 3022 quod

2126 3050 2462 3120 Septuaginta
2505 3050 2619 3119 plus
2662 3048 2900 3113 dixerint,
2943 3064 3094 3119 quam
3138 3046 3345 3100 liabetur
3373 3047 3424 3099 in
3468 3044 3705 3099 Hebrteo.

2130 3142 2227 3197 Ubi
2270 3152 2435 3195 autem
2481 3142 2727 3206 asterisci,
2756 3140 2810 3193 id
2855 3149 2949 3204 est,
2979 3139 3195 3194 stellula:
3246 3139 3595 3208 prtelucentes,
3645 3154 3709 3193 at

2130 3234 2485 3289 Theodotionis
2524 3233 2743 3287 editione
2783 3232 2846 3286 ab
2898 3231 3115 3302 Urigene
3156 3232 3389 3285 additum
3418 3240 3489 3285 est
3518 3246 3537 3284 :
3567 3240 3613 3284 et
3640 3230 3709 3283 ibi

2129 3324 2306 3379 (ἔπεσα
2335 3324 2704 3390 transtulimus,
2746 3325 2826 3378 hic
2855 3324 2918 3378 de
2943 3324 3051 3393 ipso
3079 3322 3332 3378 Hebraico
3359 3322 3494 3391 quod
3515 3322 3707 3377 intelli-

2127 3417 2383 3487 gebamns,
2435 3418 2791 3484 expressimus.
2846 3417 2913 3471 Et
2956 3416 3058 3469 alia
3102 3414 3169 3470 ad
3194 3413 3439 3469 eumdem
3474 3414 3707 3483 Epistula

2127 3506 2411 3563 CXXXIV.
2466 3506 2739 3578 Prceceptis
2786 3508 2883 3561 tuis
2912 3522 3089 3576 parere
3113 3521 3211 3559 non
3239 3521 3464 3574 possum,
3492 3505 3712 3558 maxime

2129 3600 2181 3652 in
2212 3599 2446 3653 Editione
2475 3598 2830 3670 Septuaginta,
2854 3612 2967 3667 qua:
2990 3597 3242 3652 asteriscis
3271 3595 3579 3664 verubusque
3602 3594 3711 3649 dis-

2133 3691 2287 3743 tincta
2328 3699 2421 3743 est.
2454 3690 2689 3761 Denique
2734 3690 2973 3745 omnium
3006 3689 3427 3744 luculentissime
3470 3686 3709 3757 Epistola

2131 3780 2262 3835 CVI.
2306 3780 2372 3834 ad
2420 3778 2676 3836 Sunniam
2729 3790 2783 3835 et
2827 3779 3116 3844 Fretelam,
3150 3779 3239 3834 ubi
3266 3779 3425 3835 etiam
3451 3788 3710 3849 quantum

2134 3874 2342 3928 intersit
2366 3873 2719 3929 Communem
2762 3873 2901 3928 inter
2926 3880 3089 3943 atque
3118 3871 3469 3941 Hexaplarem
3505 3870 3710 3924 Editio-

2134 3981 2257 4020 nem
2283 3965 2458 4026 docet.
2483 3973 2643 4035 atque
2677 3964 2815 4019 hanc
2848 3978 2878 4018 a
2900 3978 2960 4019 se
2986 3971 3230 4027 testatur,
3257 3963 3309 4016 in
3343 3960 3577 4015 Latinum
3601 3978 3713 4016 ser-

2136 4073 2332 4111 monem
2360 4056 2575 4117 ﬁdeliter
2598 4071 2811 4109 versam.
2854 4054 2921 4108 Et
2944 4054 3102 4123 paulo
3127 4061 3248 4123 post
3272 4070 3285 4107 :
3314 4051 3392 4106 Ea
3417 4061 3605 4119 autem,
3635 4052 3716 4107 in-

2135 4147 2268 4216 quit,
2302 4162 2413 4217 qua:
2450 4146 2660 4200 habetur
2703 4147 2757 4199 in
2793 4137 3030 4211 ἑξαπλοῐς
3069 4154 3115 4199 et
3155 4160 3307 4214 quam
3336 4160 3427 4197 nos
3456 4144 3712 4209 vertimus,

2136 4238 2250 4305 ipsa
2279 4246 2351 4291 est
2378 4253 2490 4305 qua:
2533 4238 2587 4291 in
2624 4238 2936 4291 eruditorum
2961 4238 3100 4291 libris
3125 4237 3438 4304 incorrupta,
3458 4246 3510 4288 et
3535 4235 3718 4289 imma-

2139 4327 2309 4381 culata
2340 4327 2676 4397 Septuaginta
2699 4328 3027 4397 interpretum
3050 4326 3314 4381 translatio
3341 4335 3643 4380 reservatur.

2213 4416 2300 4471 IV.
2341 4416 2571 4486 Tempus
2588 4417 2727 4486 quod
2745 4427 2968 4487 spectat,
2987 4432 3107 4472 cum
3127 4431 3299 4487 neque
3314 4433 3449 4471 unus
3467 4416 3718 4485 idemque

2141 4507 2209 4561 sit
2231 4522 2401 4561 annus
2422 4507 2838 4578 uniuscujusque
2858 4508 2999 4573 libri,
3023 4523 3192 4578 neque
3219 4518 3367 4562 certo
3396 4506 3561 4577 possit
3588 4522 3719 4560 suus

2140 4598 2333 4667 cuique
2358 4598 2647 4668 adsignari,
2674 4613 2800 4654 vero
2839 4598 3169 4653 simillimum
3202 4607 3375 4651 tamen
3403 4606 3504 4659 est,
3548 4597 3716 4652 fuisse

2142 4704 2329 4744 omnes
2352 4698 2477 4744 ante
2506 4706 2703 4745 annum
2758 4691 2857 4745 59I
2908 4688 3217 4755 adornatos,
3250 4704 3422 4758 neque
3451 4688 3593 4741 enim
3626 4703 3721 4757 par

2142 4780 2361 4835 credere
2393 4790 2495 4845 est,
2517 4795 2636 4835 cum
2662 4781 2728 4834 ab
2758 4780 2859 4835 hoc
2886 4788 3123 4848 tempore
3159 4792 3349 4832 novam
3391 4793 3457 4833 ex
3495 4776 3722 4832 Hebraeo

2146 4878 2288 4925 textu
2333 4871 2827 4941 interpretationem
2857 4869 3081 4923 adorsus
3120 4880 3262 4923 esset
3293 4868 3351 4923 S.
3380 4867 3557 4932 Pater,
3595 4883 3721 4921 eum

2144 4965 2371 5036 amplius
2411 4966 2477 5020 de
2505 4966 2686 5036 priore
2724 4962 3070 5018 Correctione
3113 4961 3204 5014 illa
3251 4960 3536 5029 cogitasse.
3570 4960 3724 5015 Adeo

2144 5060 2396 5130 quidquid
2421 5061 2557 5114 istuc
2581 5058 2758 5128 operis
2781 5056 2959 5122 fuerit,
2986 5053 3279 5123 perfectum
3300 5054 3409 5123 jam
3436 5054 3601 5111 fuisse
3632 5070 3727 5125 ap-

2145 5157 2317 5218 paret,
2349 5158 2506 5218 atque
2534 5149 2670 5202 intra
2695 5145 2903 5201 cellula:
2925 5145 3156 5213 parietes
3181 5143 3247 5197 ad
3279 5145 3518 5214 privatos
3539 5160 3727 5200 mona-

2146 5240 2294 5294 sterii
2326 5254 2450 5293 usus
2477 5252 2666 5307 magna
2709 5252 2771 5291 ex
2802 5244 2951 5304 parte
2979 5234 3294 5303 repositum,
3323 5244 3414 5290 aut
3438 5244 3584 5290 certe
3617 5236 3727 5290 Au-

2146 5330 2282 5384 ctori
2324 5346 2431 5384 non
2484 5329 2764 5398 probatum
2818 5341 2989 5395 usque
3032 5324 3205 5392 adeo,
3254 5333 3315 5380 ut
3364 5326 3725 5381 Ecclesiarum

2148 5422 2557 5476 necessitatibus
2594 5418 2722 5473 satis
2768 5426 2975 5486 putaret
3014 5431 3134 5501 esse
3174 5418 3500 5471 consultum.
3542 5417 3730 5487 Neque

2150 5513 2292 5566 enim
2325 5526 2515 5565 novam
2546 5525 2613 5565 ex
2643 5509 2849 5579 integro
2888 5522 3169 5578 aggressus
3198 5518 3341 5562 esset
3378 5524 3443 5563 ex
3472 5508 3725 5576 Ilehrmo,

2150 5603 2195 5657 si
2239 5601 2305 5656 ad
2351 5601 2657 5656 Graecorum
2698 5609 2881 5654 exacta
2924 5597 3165 5653 codicum
3215 5597 3373 5651 ﬁdem
3410 5597 3590 5653 Editio
3638 5598 3728 5654 illa

2152 5690 2465 5745 sull‘ecisset.
2496 5689 2852 5758 Quinquennii
2880 5696 3058 5742 autem
3088 5686 3204 5757 plus
3233 5686 3410 5740 minus
3438 5688 3614 5756 spatio
3644 5697 3729 5741 to-

2155 5792 2239 5839 tus
2265 5782 2414 5836 labor
2440 5781 2527 5835 ille
2554 5781 2828 5836 absolutus
2865 5790 2974 5846 est;
3010 5794 3128 5834 nam
3159 5776 3264 5833 391
3310 5792 3451 5834 anno
3494 5795 3601 5851 quo
3629 5780 3732 5836 Ca-
