4004 6328
239 423 303 476 ’Π
1513 433 1568 490 S.
1609 433 1988 490 HIERONYMI
2030 435 2212 492 VlTA.
3444 461 3510 515 73

243 537 478 608 tali-gum
529 547 751 596 suorum
804 541 1036 612 Operum
1084 545 1316 609 texebat,
1353 544 1460 615 jam
1515 548 1720 616 aliquot
1759 564 1823 602 ex

244 629 471 685 Hebraeo
510 631 680 688 libros
716 644 932 706 ceperat
975 641 1353 707 interpretari:
1382 641 1521 710 quod
1566 641 1817 695 indicium

245 731 355 787 est,
400 736 448 776 a»
477 722 685 779 Graecis
721 726 829 794 jam
866 726 1172 785 destitisse:
1203 730 1317 786 haec
1355 741 1530 786 autem
1569 747 1673 786 non
1722 731 1821 784 nisi

247 824 382 864 anno
411 811 633 868 demum
657 815 782 880 587,
810 825 1088 887 postquam
1122 833 1182 874 se
1207 819 1478 875 Bethleem
1513 821 1817 890 recepisset,

249 902 601 972 interpretari,
634 908 747 962 sive
775 907 842 963 ad
874 924 1058 964 eorum
1084 911 1338 967 amussim
1366 913 1552 968 Latina
1579 914 1818 982 exigere,

247 1007 526 1062 aggressus
583 1005 686 1051 est.
736 997 804 1052 Et
856 1001 1172 1068 praeluserat
1224 1011 1400 1058 tamen
1455 1012 1614 1058 tantae
1667 1004 1824 1058 molis

247 1085 391 1153 operi
435 1088 753 1144 recensione
790 1090 878 1145 illa
904 1091 1237 1147 Psalmorum
1277 1109 1444 1164 prope
1473 1095 1698 1149 dixerim
1741 1102 1824 1148 tu-

249 1175 548 1241 multuaria,
584 1193 745 1248 quam
773 1188 829 1234 ut
858 1180 975 1250 ipse
1015 1183 1108 1249 ait,
1136 1182 1314 1238 Romae
1340 1185 1529 1255 positus
1558 1185 1746 1238 cursim
1773 1193 1822 1239 et

246 1281 427 1334 magna
463 1282 528 1321 ea:
554 1276 699 1337 parte
725 1268 1100 1326 adornaverat.
1131 1273 1282 1340 Quod
1311 1274 1666 1329 rudimentum
1695 1289 1819 1330 cum

247 1353 379 1411 bene
401 1358 678 1425 cessisset,
708 1368 762 1414 et
798 1360 1054 1417 Romanae
1083 1365 1392 1434 cumprimis
1417 1365 1674 1421 Ecclesiae
1697 1382 1820 1436 pro-

245 1445 458 1500 baretur
483 1463 581 1504 usu
613 1449 925 1519 (etiamnum
957 1455 1152 1524 quippe
1181 1454 1466 1509 Romanum
1508 1455 1818 1511 Psalterium

243 1535 408 1606 audit)
443 1539 654 1594 animos
696 1541 770 1596 illi
809 1541 1035 1612 addidit,
1077 1559 1197 1599 cum
1227 1559 1286 1600 se
1315 1547 1474 1616 paulo
1511 1557 1630 1612 post
1659 1547 1819 1601 Beth-

243 1628 377 1683 leem
419 1633 801 1702 transtulisset,
831 1645 884 1690 et
911 1635 1253 1708 Septuaginta
1281 1639 1571 1695 editionem
1613 1641 1664 1695 in
1687 1657 1816 1696 con-

243 1731 398 1776 ventu
428 1723 647 1779 fratrum
673 1728 911 1797 qu0tidie
947 1731 1292 1799 edissereret,
1333 1733 1400 1788 ad
1437 1734 1582 1789 illam
1612 1735 1816 1790 versio-

240 1825 360 1867 nem
406 1828 472 1869 ex
512 1815 722 1885 integro
744 1817 1172 1888 juxta’Graecum
1217 1831 1441 1888 textum,
1482 1833 1642 1895 atque
1689 1840 1810 1880 eum

237 1903 452 1971 quidem
500 1906 856 1978 Hexaplarem
904 1914 1417 1981 emendatissimum,
1464 1917 1809 1988 religeudam.

237 1991 346 2049 Nec
366 2009 499 2050 sane
529 1997 748 2053 dubium
778 2001 1005 2067 videtur,
1044 2004 1171 2074 quin
1195 2007 1502 2062 universum
1537 2007 1810 2064 Canoneni

237 2087 528 2143 continenti
556 2089 644 2143 illa
672 2094 1073 2161 comparatione
1099 2097 1166 2151 ad
1186 2097 1431 2153 Graecum
1463 2101 1807 2170 expoliverit:

235 2190 336 2244 qua
356 2175 426 2232 de
448 2194 506 2234 re
535 2181 774 2248 pluribus
797 2184 848 2238 in
871 2183 1188 2243 Praefatione
1211 2187 1278 2243 ad
1299 2189 1564 2246 decimum
1583 2192 1808 2248 Tomum

234 2266 635 2336 edisseruitnus,
667 2289 786 2343 qua:
820 2274 926 2331 huc
948 2277 1172 2334 referas.

299 2357 364 2412 ν.
409 2359 609 2415 Verum
645 2362 754 2418 duo
792 2380 937 2422 nunc
965 2368 1065 2422 soli
1104 2384 1170 2425 ex
1213 2371 1463 2426 universa
1495 2374 1809 2429 recensione

233 2447 316 2502 illa
353 2447 479 2504 libri
520 2451 716 2520 integri
753 2464 1024 2522 superant,
1052 2457 1173 2524 Job,
1226 2470 1279 2514 et
1309 2461 1648 2527 Psalterium,
1681 2466 1807 2519 toti-

230 2536 346 2591 dem
386 2538 602 2610 Prologi
630 2541 684 2596 in
721 2541 1025 2601 Salomonis
1057 2555 1112 2602 et
1137 2547 1576 2620 Paralipomenon
1618 2553 1807 2619 libros,

231 2644 340 2696 qua:
375 2630 512 2684 tanti
543 2631 724 2699 operis
748 2634 832 2686 vix
860 2636 1100 2704 quaedam
1139 2638 1332 2694 indicia
1376 2652 1519 2708 sunt,
1547 2654 1601 2698 et
1639 2647 1807 2716 magis

229 2719 539 2776 desiderare
575 2737 640 2778 ac
676 2723 875 2781 deﬂere
917 2729 1060 2798 quod
1104 2731 1283 2800 periit,
1327 2748 1486 2802 quam
1526 2736 1666 2804 quod
1715 2752 1808 2792 su-

230 2820 426 2877 perest,
455 2809 560 2865 frui
586 2813 739 2869 nobis
769 2816 1025 2884 praebent.
1056 2819 1385 2890 Quamquam
1426 2838 1646 2893 possunt
1673 2827 1804 2883 Pro-

229 2899 508 2968 phetarum
535 2918 750 2973 quoque
775 2907 1013 2962 omnium
1042 2909 1164 2966 libri
1192 2912 1336 2982 (quae
1364 2913 1508 2970 haud
1537 2931 1666 2972 sane
1691 2919 1802 2973 exi-

227 3007 323 3062 gua
371 2993 768 3064 Scripturarum
809 3015 933 3068 pars
973 3002 1079 3071 est)
1118 3004 1404 3062 instaurari
1445 3023 1512 3062 ex
1552 3010 1800 3066 versione

228 3082 337 3148 illa,
365 3085 481 3140 sive
501 3086 896 3155 emendatione,
921 3106 1077 3161 quam
1107 3093 1158 3148 in
1185 3093 1595 3155 Commentariis
1623 3099 1680 3156 S.
1707 3102 1797 3156 Pa-

228 3184 309 3229 ter
335 3190 450 3232 sua:
491 3191 557 3234 ex
591 3178 816 3236 Hebraeo
849 3185 1083 3240 versioni
1117 3179 1295 3242 statim
1345 3188 1612 3247 subnectit
1647 3192 1796 3262 juxta

224 3264 587 3336 Septuaginta.
626 3269 821 3325 Verum
855 3273 992 3328 haud
1023 3276 1155 3344 scio,
1189 3293 1315 3332 num
1360 3279 1427 3334 ita
1457 3280 1580 3336 inde
1604 3284 1794 3339 excudi

225 3355 429 3428 integra
469 3361 812 3418 continenter
846 3367 1030 3435 possit,
1068 3377 1146 3434 ut,
1188 3371 1330 3440 quod
1371 3373 1446 3426 rei
1493 3383 1653 3443 caput
1689 3385 1794 3444 est,

223 3461 429 3502 summa
455 3460 711 3520 appareat
745 3452 803 3508 S.
842 3454 1086 3512 Doctoris
1114 3458 1387 3530 diligentia
1421 3462 1473 3517 in
1515 3464 1796 3522 obelorum

223 3544 382 3606 atque
406 3540 786 3598 asleriscorum
816 3547 973 3610 notis,
1004 3563 1123 3618 quae
1153 3549 1306 3607 facile
1339 3567 1435 3622 per
1463 3553 1798 3626 Antiquarin-

224 3629 750 3702 rumpscitantiam,
793 3642 849 3689 et
884 3636 1015 3691 locis
1065 3639 1461 3709 quodammodo
1501 3648 1794 3714 peregrinis

221 3717 471 3777 excidere
512 3731 832 3793 potuerunt,
883 3742 947 3782 ac
997 3745 1058 3784 rc
1104 3732 1215 3800 ipsa
1265 3734 1529 3790 excidisse
1575 3738 1790 3806 alicubi,

221 3822 550 3882 compertum
577 3823 681 3869 est.
710 3815 933 3888 Reliqua
955 3818 1161 3888 jamdiu
1198 3822 1346 3886 olim,
1372 3835 1530 3895 atque
1555 3827 1671 3898 ipso
1699 3829 1792 3884 ad-

222 3902 432 3959 vivente
479 3903 537 3959 S.
571 3905 884 3976 interprete,
916 3924 1037 3979 pars
1066 3913 1243 3980 aperis
1280 3915 1398 3984 ejus
1443 3917 1669 3972 maxima
1701 3935 1792 3989 pe—

221 3994 307 4050 riit
337 4011 352 4049 :
383 3995 527 4064 quod
572 4005 812 4052 notatum
871 4000 1026 4054 nobis
1069 4011 1152 4056 est
1197 4013 1352 4059 antea
1396 4018 1458 4061 ex
1507 4007 1623 4075 ejus
1666 4009 1792 4080 Epi-

179 4080 186 4088 ’
220 4087 351 4143 stola
373 4087 660 4144 CXXXIV.
687 4091 754 4146 ad
774 4092 1125 4162 Augustinum
1146 4093 1198 4148 in
1224 4095 1346 4161 line,
1381 4098 1488 4160 ubi,
1514 4097 1790 4172 Praeceptis

221 4179 334 4243 tuis,
377 4180 568 4251 inquit,
602 4197 778 4251 parere
821 4200 922 4238 non
959 4201 1184 4255 possum,
1229 4189 1445 4242 maxime
1490 4191 1543 4245 in
1575 4193 1790 4250 editione

220 4267 571 4342 Septuaginta,
623 4287 738 4343 qua:
775 4275 1025 4328 asteriscis
1069 4277 1378 4349 verubusque
1415 4279 1650 4337 distincta
1692 4297 1785 4350 est,

222 4361 452 4432 pleraque
496 4364 628 4417 enim
655 4365 838 4433 prioris
875 4366 1063 4421 laboris
1097 4369 1279 4438 fraude
1320 4373 1586 4442 cujusdam
1614 4377 1788 4431 amisi-

220 4469 344 4508 mus.
388 4455 462 4510 De
490 4454 591 4510 hac
630 4470 730 4510 nos
763 4456 994 4526 jactura,
1033 4459 1206 4528 deque
1255 4462 1336 4518 his
1363 4466 1452 4535 qui
1499 4480 1786 4537 supersunt

219 4541 420 4599 duobus
464 4545 636 4613 libris,
681 4547 739 4602 in
779 4546 1097 4604 Praefatione
1141 4551 1208 4606 ad
1247 4551 1510 4612 decimum
1558 4559 1783 4618 'l‘omum

218 4635 337 4689 satis
359 4635 544 4690 multa.

785 4771 1011 4831 CAPUT
1051 4774 1193 4830 XXI.

218 4879 253 4935 1.
290 4883 436 4940 Vetus
451 4885 827 4941 Testamentum
837 4904 900 4942 ea:
921 4887 1136 4944 Hebraeo
1149 4891 1526 4961 interpretatur.
1552 4895 1613 4949 ll.
1639 4895 1782 4951 Prte-

280 4983 476 5044 postera
520 4977 720 5044 ordine,
749 4987 897 5046 atque
936 4981 1078 5034 initio
1121 4997 1153 5034 a
1198 4982 1395 5054 Regum
1433 4986 1574 5041 libris
1621 4989 1776 5058 facta,

277 5067 549 5122 maximam
599 5078 716 5124 ante
758 5086 946 5124 annum
986 5071 1091 5126 592
1131 5074 1240 5144 ejus
1297 5077 1535 5133 versionis
1586 5091 1779 5147 partem

275 5159 448 5214 edidit.
481 5159 568 5216 ΙΙΙ.
598 5163 884 5230 Quamdam
918 5166 1065 5218 etiam
1091 5167 1232 5233 apud
1268 5157 1322 5223 se
1343 5170 1639 5237 aliquandiu
1666 5176 1778 5228 reti-

273 5250 399 5302 nuit.
424 5248 513 5304 IV.
543 5248 812 5321 Reliquum
839 5251 1044 5309 Hebraei
1069 5254 1460 5328 Concitiquuad
1493 5275 1773 5334 supererat,

269 5345 448 5398 secutis
475 5344 782 5413 temporibus
809 5346 1038 5403 absolvit.

269 5473 306 5526 Ι.
350 5475 548 5531 Verum
575 5478 890 5535 recensione
927 5480 1014 5536 illa
1042 5491 1202 5552 atque
1228 5488 1603 5546 emendatione
1637 5491 1776 5548 Scri-

203 5577 470 5632 pturarum
499 5584 608 5626 non
638 5586 805 5642 usque
828 5572 963 5630 adeo
991 5585 1272 5635 contentus
1294 5580 1672 5655 Hieronymus,
1703 5586 1771 5642 ad

203 5671 384 5714 novam
410 5674 478 5717 ex
508 5661 717 5733 integro
742 5663 984 5720 Latinam
1026 5667 1521 5740 interpretationem
1556 5675 1626 5732 de
1664 5677 1769 5735 He-

1940 567 2006 621 Et
2028 572 2307 626 maximam
2337 587 2466 630 sane
2491 576 2607 644 ejus
2633 587 2836 646 partem
2870 583 2980 652 jam
3011 604 3154 645 anno
3192 595 3298 650 39‘!
3327 597 3510 654 absol-

1939 669 2107 724 verat,
2143 662 2402 731 siquidem
2445 681 2567 721 vere
2597 677 2757 739 atque
2797 677 2956 738 ἁπλῶς
2993 693 3059 734 eo
3102 690 3341 754 tempore
3381 705 3508 744 suo-

1936 764 2054 804 rum
2102 752 2408 825 Catalogum
2454 772 2674 828 operum
2713 773 3041 837 contexens,
3084 752 3406 847 afﬁrmavit,
3451 800 3512 840 se

1947 839 2098 897 Vetus
2119 842 2515 903 Instrumentum
2527 852 2678 920 juxta
2701 853 3007 913 Hebraicum
3029 869 3360 926 transtulisse.
3378 839 3510 940 llum

1935 933 2147 1001 quidem
2191 951 2378 994 caussa
2422 950 2524 1008 est,
2564 958 2661 998 cur
2701 944 2805 1002 huc
2845 951 3022 1006 semel
3053 954 3242 1012 referri
3272 960 3506 1030 laborem

1935 1024 2239 1082 universum
2264 1043 2441 1084 rerum
2471 1046 2684 1103 quoque
2715 1036 3244 1111 llieronymianarum
3271 1027 3508 1108 historia:

1935 1125 2352 1174 consentaneum
2403 1123 2573 1192 magis
2614 1124 2857 1182 videatur
2911 1148 2925 1185 :
2983 1137 3193 1190 tametsi
3241 1140 3504 1213 reliquum

1932 1206 2071 1273 quod
2101 1217 2214 1263 erat
2241 1210 2356 1280 ejus
2385 1215 2563 1282 operis
2606 1221 2846 1288 sequutis
2874 1227 3224 1295 temporibus,
3272 1242 3327 1288 et
3355 1206 3504 1306 qua:-

1931 1296 2052 1350 dam
2077 1309 2194 1367 post
2223 1300 2390 1359 ferme
2413 1304 2706 1374 biennium,
2739 1312 2982 1380 quaedam
3010 1319 3168 1372 etiam
3193 1331 3314 1401 post
3339 1296 3506 1381 multo

1931 1393 2298 1461 transtulerit,
2339 1406 2397 1452 ut
2436 1415 2540 1454 non
2588 1402 2690 1457 nisi
2720 1413 2840 1473 post
2887 1422 3058 1465 annos
3102 1411 3171 1468 ab
3210 1393 3504 1473 eo'admo-

1928 1480 2054 1536 dum
2091 1483 2372 1544 duodecim
2421 1499 2530 1546 tota
2577 1493 2666 1548 illa
2712 1497 2860 1564 juxta
2906 1500 3190 1560 Hebraeum
3232 1507 3502 1566 Canonenl

1929 1571 2301 1642 interpretatio
2356 1580 2595 1638 absoluta
2646 1588 2740 1643 sit.
2806 1588 2911 1645 Sed
2955 1592 3098 1648 enim
3145 1597 3288 1666 quod
3341 1599 3505 1658 fuerit

1928 1663 2342 1736 uniuscujusque
2364 1670 2482 1726 libri
2514 1681 2741 1744 tempus,
2760 1679 2950 1747 quisve
2973 1683 3127 1750 ordo,
3147 1663 3499 1758 explicemus.

1998 1751 2058 1803 ll.
2102 1752 2283 1823 Neque
2304 1758 2446 1814 enim
2469 1760 2617 1829 juxta
2641 1763 3038 1837 Scripturarum
3067 1751 3332 1844 ordinem,
3369 1782 3499 1837 utin

1926 1839 2151 1898 Hebraeo
2170 1845 2389 1904 Canone
2415 1853 2740 1922 continetur,
2769 1872 2798 1912 a
2826 1859 2999 1928 primo
3029 1863 3097 1919 ad
3122 1858 3498 1937 novissimum.

1922 1933 2016 1988 sed
2047 1945 2103 1990 ut
2144 1939 2334 2006 potuit,
2363 1952 2685 2016 rogatusque
2713 1957 2798 2003 est
2834 1965 2864 2003 a
2896 1949 3174 2012 Fratribus
3204 1933 3500 2019 vertendos

1923 2025 2022 2079 sibi
2055 2026 2220 2083 libros
2250 2031 2370 2086 illos
2412 2038 2711 2104 proposuit.
2742 2039 2954 2097 Initium
2986 2043 3115 2102 fecit
3142 2063 3174 2104 a
3204 2048 3353 2107 libris
3384 2053 3496 2110 Re-

1920 2129 2042 2182 gum
2070 2157 2084 2180 ,
2113 2133 2246 2187 quos
2280 2119 2488 2176 Hebraei
2521 2126 2574 2180 in
2605 2127 2711 2182 duo
2737 2137 2942 2187 tantum
2971 2135 3243 2195 volumina
3288 2141 3500 2214 disper-

1923 2206 2140 2270 tiuntur,
2164 2223 2284 2277 quae
2307 2209 2522 2268 Samuel
2547 2224 2600 2269 et
2619 2216 2897 2275 Malacbim
2927 2235 3140 2282 vocant.
3172 2227 3240 2282 Et
3266 2206 3496 2300 primum

1919 2295 2132 2363 quidem
2177 2310 2425 2356 conatum
2468 2303 2612 2360 hunc
2650 2321 2806 2364 suum
2836 2311 3019 2381 fuisse,
3065 2295 3353 2378 manifesto
3382 2324 3496 2393 ipse

1921 2383 2081 2438 tradit
2110 2383 2162 2439 in
2192 2386 2442 2460 Prologo,
2471 2409 2630 2463 quem
2658 2397 2878 2469 idcirco,
2901 2406 3049 2474 quasi
3070 2408 3324 2478 galeatum
3346 2383 3495 2484 ριίὶη-
3530 2414 3541 2424 “

1918 2473 2104 2542 cipiunt
2133 2489 2296 2545 vocat,
2338 2493 2384 2536 et
2409 2488 2672 2543 convenire
2708 2491 2781 2544 ait
2815 2473 3047 2550 omnibus
3072 2473 3241 2568 libris,
3272 2519 3396 2573 quos
3433 2507 3497 2562 de

1920 2562 2135 2622 Ilebra'o
2164 2571 2216 2623 in
2255 2571 2494 2629 Latinum
2521 2589 2731 2636 vertere
2756 2581 2811 2637 in
2858 2585 3038 2640 animo
3065 2562 3316 2648 habebat.
3362 2595 3496 2652 Ete-

1917 2657 2026 2710 nim
2059 2674 2243 2727 parare
2267 2661 2636 2724 defensionem
2680 2673 2781 2728 sibi
2826 2676 2995 2732 voluit
3036 2680 3301 2739 adversus
3341 2685 3491 2752 illos,

1915 2760 2050 2815 quos
2076 2763 2174 2804 suo
2201 2751 2381 2807 studio
2407 2771 2474 2811 eo
2502 2757 2825 2819 infensiores
2853 2764 3061 2825 futuros
3091 2775 3489 2844 praesentiebat,

1913 2850 2020 2906 quo
2047 2839 2263 2910 majoris
2294 2843 2395 2900 hoc
2433 2859 2547 2902 erat
2590 2864 2780 2907 ausum
2809 2859 3070 2913 momenti
3094 2839 3260 2932 atque
3287 2879 3490 2935 operae,

1912 2943 2069 2997 quam
2097 2932 2240 3002 quod
2282 2947 2434 2991 antea
2482 2939 2534 2993 in
2580 2946 2906 3001 reccnsenda
2953 2958 3112 3020 atque
3156 2932 3489 3014 emendanda

1911 3021 2159 3078 versione
2180 3035 2269 3080 τῶν
2321 3027 2482 3083 LXX.
2530 3036 2872 3102 praestiterat.
2904 3038 3035 3095 Erat
3079 3041 3356 3102 enimvero
3386 3046 3488 3101 ho-

1912 3112 2072 3168 minis
2110 3114 2288 3171 divina
2317 3120 2544 3188 quadam
2583 3125 2790 3193 praediti
2821 3137 3022 3195 mente,
3056 3142 3219 3200 atque
3247 3136 3315 3192 ab
3341 3141 3486 3195 omni

1909 3202 2273 3261 doctrinarum
2302 3225 2501 3278 genere
2531 3213 2642 3269 fere
2681 3230 2840 3286 supra
2883 3221 3188 3277 mortalium
3219 3225 3488 3284 conditio~

1909 3307 2033 3347 nem
2058 3295 2280 3363 exculti,
2309 3298 2612 3358 inaccessos
2654 3305 2858 3375 pridem
2898 3310 3148 3367 omnibus
3185 3313 3488 3388 Scriptura-

1905 3400 2022 3439 rum
2055 3387 2228 3443 fontes
2255 3392 2536 3460 attingere,
2581 3411 2644 3451 ac
2689 3399 2824 3455 velle
2855 3417 2960 3456 non
2993 3404 3142 3473 prius
3181 3387 3391 3465 auditos
3418 3425 3482 3466 ex

1905 3473 1972 3528 iis
1995 3489 2184 3531 sensus
2210 3486 2264 3533 et
2291 3482 2452 3536 verba
2485 3483 2754 3542 Ecclesias
2782 3488 2998 3547 docere.
3029 3492 3211 3565 Itaque
3241 3497 3340 3553 hos
3380 3501 3486 3568 pri-
3571 3539 3576 3542 -

1906 3579 2043 3617 mum
2072 3564 2236 3620 libros
2261 3571 2414 3638 quasi
2445 3573 2762 3632 eruditionis
2787 3595 2899 3636 suae
2919 3564 3192 3652 specimen
3224 3564 3450 3656 praebitu
3467 3619 3482 3629 -

1904 3668 2016 3718 rus,
2045 3671 2112 3710 ne
2132 3657 2233 3712 sibi
2256 3660 2478 3714 nimium
2509 3665 2744 3724 tribuere
2763 3669 3056 3738 videretur,
3088 3674 3188 3746 legi
3214 3680 3481 3747 postulat:

1905 3760 2076 3816 eoque
2117 3750 2233 3818 ipso
2273 3750 2441 3809 fuisse
2484 3758 2724 3826 primum,
2775 3763 2888 3818 sive
2931 3776 3065 3823 ante
3105 3770 3265 3836 alios,
3312 3772 3382 3828 ab
3422 3789 3483 3831 se

1903 3839 2190 3893 translatos
2231 3855 2296 3896 ex
2340 3843 2588 3913 Hebraeo,
2633 3860 2805 3905 notat.
2833 3853 2976 3910 Misit
3013 3857 3208 3916 deinde
3250 3877 3344 3918 eos
3375 3865 3484 3919 Ro-

1901 3943 2042 3981 mam
2076 3928 2223 3984 Patri
2254 3931 2551 4004 Domnioni,
2580 3947 2640 3993 ut
2666 3941 2719 3994 in
2744 3942 2980 4011 Epistola
3011 3947 3197 4003 XLIX.
3226 3951 3292 4007 ad
3319 3953 3480 4010 Pam-

1901 4017 2193 4084 macbium,
2224 4037 2343 4091 quae
2371 4039 2515 4081 anno
2541 4029 2740 4099 scripta
2786 4041 2866 4088 est
2898 4034 3022 4103 395,
3049 4039 3243 4106 prodit.
3289 4041 3396 4099 Sed
3427 4056 3482 4102 et

1899 4109 2065 4166 libros
2107 4111 2324 4167 sedecim
2368 4114 2746 4187 Prophetarum
2767 4121 2879 4192 jam
2925 4141 2985 4183 se
3026 4129 3078 4184 in
3129 4129 3370 4190 Latinum
3418 4138 3484 4194 de

1903 4201 2119 4258 Hebraeo
2157 4220 2385 4262 sermone
2429 4217 2553 4264 tunc
2579 4212 2825 4280 vertisse,
2869 4233 2989 4274 cum
3033 4237 3150 4278 eam
3181 4224 3474 4296 Epistola":

1897 4294 2179 4361 scriberet,
2223 4306 2450 4354 testatus
2488 4312 2570 4356 est
2602 4320 2618 4358 :
2646 4304 2774 4374 quin
2815 4315 2872 4362 et
2906 4294 3250 4370 Pammachio
3295 4318 3371 4374 ait
3406 4319 3474 4376 ad

1893 4384 2179 4456 legendum
2202 4386 2363 4445 fuisse
2388 4391 2439 4445 in
2467 4404 2735 4464 promptu.
2761 4397 2939 4462 Addit,
2954 4401 2999 4456 si
3030 4403 3129 4458 ista
3160 4406 3472 4479 placuerint,

1894 4485 1950 4531 et
1973 4476 2228 4533 delectari
2259 4493 2383 4536 eum
2411 4482 2513 4538 hoc
2536 4499 2698 4554 opere
2726 4493 3066 4559 compererit,
3097 4493 3214 4551 fore
3255 4509 3312 4554 ut
3341 4515 3474 4570 pro-

1892 4579 2117 4626 vocetur
2137 4571 2286 4625 etiam
2310 4571 2501 4628 Caetera
2528 4576 2702 4631 clausa
2736 4582 2958 4636 armario
2985 4600 3085 4639 non
3113 4595 3294 4646 tenere.
3325 4591 3472 4650 Con-

1895 4659 2046 4713 tinuo
2073 4669 2193 4728 post
2214 4659 2332 4716 Jobi
2355 4664 2653 4719 versionem
2677 4669 2935 4738 nominat,
2956 4672 3066 4742 jam
3088 4677 3230 4734 enim
3260 4682 3468 4741 animos

1893 4747 1994 4802 sibi
2031 4761 2331 4820 sumpserat
2357 4751 2422 4807 ad
2453 4755 2622 4811 multo
2643 4757 3016 4818 difficillimum
3038 4765 3252 4835 librum,
3271 4787 3378 4830 non
3397 4791 3465 4833 ex

1893 4837 2120 4893 Hebraeo
2163 4849 2388 4908 tantum,
2419 4845 2514 4900 sed
2551 4856 2608 4902 et
2643 4863 2708 4904 ex
2739 4852 2920 4910 Arabo
2945 4855 3186 4929 Syroque
3213 4877 3466 4924 sermone

1889 4925 2345 4996 interpretandum
2381 4950 2396 4987 :
2437 4935 2488 4991 in
2520 4951 2678 5008 quam
2715 4957 2826 4996 rem
2854 4944 2956 5002 sibi
2985 4925 3145 5005 etiam
3175 4968 3240 5008 ex
3278 4955 3460 5030 Lydda

1890 5028 2272 5088 praeceptorem
2303 5023 2542 5083 Judaeum
2583 5031 2710 5087 olim
2753 5033 3071 5095 adsciverat.
3114 5023 3464 5108 Narratvhtec

1889 5109 2001 5179 ipse
2027 5110 2186 5168 latius
2226 5114 2278 5169 in
2307 5115 2622 5178 Praefatione
2653 5141 2669 5178 :
2700 5134 2908 5198 tempus
2936 5141 3115 5191 autem
3159 5137 3210 5192 in
3250 5139 3460 5199 laudata

1885 5201 2046 5257 modo
2076 5203 2310 5272 Epistola
2359 5209 2431 5265 ad
2459 5210 2856 5274 Pammachium
2887 5220 2971 5279 his
3014 5227 3192 5283 verbis
3239 5231 3458 5290 indicat.

1888 5289 2148 5347 Transtuli
2175 5311 2334 5363 nuper
2357 5298 2458 5354 Job
2483 5302 2536 5356 in
2573 5303 2800 5376 linguam
2837 5322 3082 5380 nostram,
3113 5320 3260 5388 cujus
3287 5289 3458 5377 exem-

1884 5382 1999 5448 plar
2021 5400 2053 5436 a
2075 5382 2138 5440 S.
2165 5384 2413 5444 Marcella
2438 5394 2738 5451 consobrina
2758 5409 2845 5454 tua
2864 5406 3052 5472 poteris
3075 5382 3315 5465 mutuari.
3340 5413 3456 5471 Non

1883 5479 2053 5533 solum
2083 5477 2242 5550 igitur
2264 5481 2748 5546 adornatadudum
2768 5507 2830 5547 ea
2858 5493 3032 5553 fuerat
3060 5500 3449 5573 interpretatio,
3480 5568 3491 5579 κ

1878 5583 2066 5624 verum
2094 5571 2253 5626 etiam
2282 5573 2336 5628 in
2359 5575 2550 5648 vulgus
2570 5577 2737 5647 edita,
2763 5590 2819 5638 et
2843 5583 3068 5642 Romam
3101 5571 3450 5651 transmissae

1881 5669 1938 5715 ut
1971 5677 2075 5717 non
2109 5663 2179 5718 ita
2221 5665 2492 5722 modicum
2531 5673 2870 5739 praecessisse
2898 5681 3154 5747 temporis
3191 5684 3445 5753 spatium,

202 5746 370 5807 braico
408 5746 529 5823 ipso
580 5755 870 5824 exemplari
913 5766 1093 5827 utpote
1134 5764 1346 5818 caeteris
1395 5769 1768 5834 praestantiore
1873 5769 1938 5855 (ξπ
1968 5753 2227 5865 “verbio
2255 5756 2546 5865 “‘0‘me
2570 5762 2844 5865 οοηξίοξξξξο
2876 5765 3045 5865 υτεοξ
3062 5769 3128 5824 εο
3165 5774 3334 5865 magis
3362 5793 3443 5834 I’I-

199 5842 458 5909 omnibus,
487 5852 541 5898 ει
573 5843 812 5903 Meliore
844 5846 1229 5922 “ornandam,
1261 5856 1504 5913 animum
1538 5862 1759 5930 “Nam.
1873 5844 1968 5911 tio,
1987 5843 2032 5900 si
2060 5843 2202 5914 quod
2226 5854 2310 5903 est
2324 5849 2484 5906 etiam
2509 5853 2988 5955 vcrgsimillimum,
3019 5858 3231 5920 fuerunt
3259 5863 3446 5928 isthmc
