4004 6328
453 425 522 481 79
1728 408 1784 461 s.
1825 401 2200 461 lltERONYMl
2241 401 2424 458 VITA.
3661 412 3732 470 ,ο

453 539 722 595 volumina
759 534 938 589 omnia
985 530 1250 587 continuis
1301 524 1695 604 quodammodo
1745 522 1923 592 operis
1974 519 2027 573 in

457 630 702 686 Latinum
743 640 1025 692 conversa,
1072 632 1129 678 et
1168 620 1354 677 eadem
1402 619 1561 673 missa
1605 614 1887 669 occasione
1928 611 2035 665 Ro-

458 738 621 777 mam.
652 719 786 775 Nam
821 717 987 773 multo
1031 732 1092 772 ea
1133 716 1314 780 citius,
1345 721 1400 766 et
1429 721 1552 763 ante
1579 725 1668 761 an.
1701 705 1806 760 59?.
1864 705 2038 758 lucem

457 815 753 886 aspexisse,
793 828 858 868 ex
909 811 1046 865 libro
1088 809 1157 864 de
1209 807 1347 860 Viris
1380 802 1700 864 illustribus,
1734 813 1892 868 quem
1941 795 2041 850 hoc

459 909 575 977 ipso
605 920 747 961 anno
775 902 1113 960 elucubravit
1159 899 1218 955 S.
1248 898 1429 962 Pater,
1463 893 1800 964 perspicumn
1830 900 1931 943 est.
1964 887 2040 940 Ex

458 1014 566 1070 quo
598 999 723 1054 item
763 994 1129 1062 intelligimus,
1173 988 1490 1044 Psalterium
1523 997 1736 1055 quoque
1766 980 1929 1035 fuisse
1974 978 2042 1030 ab

460 1106 526 1146 eo
551 1089 662 1159 jam
693 1085 897 1158 pridem
937 1099 1044 1139 sua:
1072 1083 1266 1150 lingure
1307 1075 1610 1132 hominibus
1638 1073 1838 1135 datum,
1882 1077 2042 1138 atque

463 1184 567 1237 hoc
598 1183 770 1251 ipsum
816 1187 1102 1247 antequam
1135 1171 1451 1243 Prophetas,
1484 1181 1620 1238 quos
1663 1162 1900 1220 secundo
1928 1162 2045 1216 loco

465 1271 857 1334 recensuimus,
887 1269 1352 1335 interpretaretur.
1378 1260 1598 1316 Scilicet
1622 1258 1760 1312 inter
1785 1255 1889 1309 alia
1911 1267 2046 1322 opu-

464 1364 612 1418 scula
664 1376 782 1427 sua,
833 1373 952 1429 qua:
991 1357 1062 1412 ibi
1109 1355 1284 1424 capite
1331 1351 1604 1421 trigesimo
1648 1358 1839 1418 quarto
1873 1356 2046 1412 supra

464 1455 818 1512 centesimum
847 1449 1034 1517 refert,
1067 1447 1232 1503 fuisse
1271 1446 1323 1500 in
1368 1443 1615 1500 Graecum
1643 1440 1710 1494 ab
1737 1437 1912 1492 amico
1949 1435 2050 1489 So-

465 1548 695 1619 phronio
747 1545 1037 1608 translata,
1088 1539 1400 1595 Psalterium
1441 1550 1637 1606 quoque
1680 1541 1726 1586 et
1768 1529 2051 1599 PrOpIietas

466 1647 714 1696 recenset
747 1654 760 1694 :
790 1653 938 1706 quos,
966 1634 1062 1699 ait,
1092 1649 1184 1686 nos
1214 1631 1276 1684 de
1302 1628 1518 1684 Heber
1559 1626 1609 1678 in
1649 1621 1888 1676 Latinum
1927 1636 2051 1673 con-

467 1730 727 1783 vertimus.
775 1726 846 1782 Et
892 1739 1022 1780 sane
1065 1733 1189 1777 ante
1233 1720 1461 1792 spatium
1507 1715 1764 1784 temporis
1810 1710 1948 1765 haud
1982 1711 2052 1762 ita

469 1822 742 1890 exiguum,
771 1828 829 1874 ut
854 1827 909 1872 et
934 1819 986 1872 in
1011 1817 1257 1872 Graecum
1283 1811 1492 1868 refundi
1523 1809 1590 1863 ab
1618 1809 1707 1862 illo
1735 1813 1971 1876 possent,
2001 1809 2056 1857 et

471 1925 502 1963 a
530 1910 748 1976 Nostro,
781 1917 965 1980 utpote
1008 1904 1242 1976 perfecta
1263 1904 1372 1973 jam
1411 1912 1572 1971 atque
1599 1897 1740 1953 edita
1776 1893 2054 1966 Opuscula,

475 2001 766 2055 recenseri.

480 2165 486 2169 _
548 2093 636 2146 lll.
663 2091 894 2147 Omnino
918 2091 1092 2160 itaque
1121 2095 1246 2142 ante
1287 2099 1484 2140 annum
1522 2081 1648 2146 392,
1678 2081 1792 2134 haec
1818 2092 1936 2146 qua:
1966 2091 2060 2130 no-

475 2184 715 2250 minatim
775 2181 1139 2238 recensuimus
1183 2178 1494 2241 volumina,
1545 2173 1738 2245 quibus
1796 2170 2060 2225 universa:

483 2273 770 2343 Scriptura:
802 2286 924 2342 pars
950 2271 1121 2325 altero
1144 2277 1292 2323 tanto
1321 2267 1492 2337 major
1517 2265 1854 2329 continetur,
1885 2261 2059 2330 perfe-

476 2376 624 2421 cerat
662 2365 721 2420 S.
766 2365 941 2418 Pater.
977 2361 1202 2431 Reliqua
1233 2357 1532 2414 subsecutis
1557 2353 1771 2426 quidem
1803 2350 2060 2421 tempori.

481 2459 579 2510 bus
609 2457 660 2510 in
707 2457 881 2510 lucem
921 2453 1136 2517 emisit;
1165 2465 1348 2505 verum
1392 2464 1458 2504 ex
1505 2447 1588 2501 his
1626 2445 1788 2500 etiam
1818 2440 2062 2512 qumdam

485 2562 611 2602 tunc
657 2547 907 2600 habuisse
961 2559 1084 2600 eum
1135 2543 1188 2597 in
1221 2548 1430 2611 promtu
1457 2581 1471 2603 ,
1502 2537 1659 2592 facile
1714 2552 1780 2592 ex
1819 2532 2065 2604 superius

485 2639 716 2694 laudato.
740 2639 859 2692 loco
888 2636 1124 2691 adducor
1155 2640 1215 2687 ut
1249 2630 1488 2696 credam,
1522 2629 1610 2683 ubi
1639 2643 1698 2682 se
1741 2627 1850 2690 ait,
1885 2633 2067 2677 caetera

485 2737 660 2788 clausa
683 2731 905 2786 armario
926 2729 1158 2782 retinere.
1197 2724 1335 2779 Num
1359 2722 1517 2778 fuerit
1538 2720 1605 2775 de
1629 2719 1820 2774 horum
1845 2729 2068 2770 numero

491 2825 711 2892 Daniel,
742 2838 811 2878 an
863 2828 1085 2892 quartus
1131 2816 1410 2885 PrOphetis
1456 2811 1749 2882 majoribus
1795 2805 2070 2862 accenseri

487 2901 875 2972 existimandus
903 2912 991 2976 sit,
1033 2908 1200 2980 (μιαιιί
1246 2922 1358 2962 ιιοιι
1396 2906 1687 2973 incongrue
1715 2907 1909 2970 potest.
1940 2896 2070 2952 Nam

490 3009 717 3062 Sanctus
741 3003 958 3075 quidem
987 3001 1103 3070 ipse
1135 2998 1405 3066 lnterpres
1430 2993 1556 3048 dum
1584 2991 1792 3046 laudata
1822 2988 1888 3043 ad
1920 2987 2075 3042 Pam-

492 3099 760 3177 machium
798 3095 1038 3168 Epistola
1094 3091 1310 3147 sedecim
1336 3087 1624 3158 Prophetas
1652 3085 1719 3138 ab
1743 3098 1802 3138 se
1842 3082 2076 3137 afﬁrmat

493 3175 561 3250 de
589 3192 852 3248 llcbraico
894 3191 947 3243 in
974 3187 1219 3242 Latinum
1247 3194 1557 3244 conversos,
1592 3176 1862 3232 Danielem
1895 3175 2076 3244 utique

496 3289 550 3340 in
578 3285 658 3338 his
681 3289 982 3350 computant;
1007 3291 1162 3334 secus
1183 3276 1325 3330 enim
1351 3273 1495 3328 solos
1521 3283 1832 3325 numerasse
1853 3266 2079 3337 quinde-

495 3379 602 3431 cim
624 3374 917 3429 debuisset.
941 3369 1147 3424 Revera
1168 3366 1327 3421 etiam
1351 3364 1418 3418 ab
1437 3362 1585 3428 alibi,
1607 3369 1663 3416 ut
1685 3359 1921 3430 Epistola
1940 3357 2075 3414 Llll.

498 3467 567 3522 ad
615 3467 926 3530 Paulinum,
959 3461 1252 3521 Danielem
1285 3458 1338 3512 in
1385 3454 1770 3526 Prophetarum
1816 3452 2079 3522 majorum

501 3575 724 3617 censum
787 3556 1012 3624 recipit,
1061 3552 1336 3620 tribusque
1379 3549 1499 3603 aliis
1543 3547 1800 3617 adjungit.
1850 3546 1968 3600 Alia
2013 3559 2080 3600 ex

502 3664 657 3725 parte
686 3652 818 3706 liber
865 3649 953 3703 ille
991 3647 1044 3702 in
1090 3644 1318 3700 Hebraeo
1345 3642 1564 3698 Canone
1610 3641 1748 3694 inter
1788 3637 2083 3708 Prophetas

504 3761 611 3800 non
661 3750 1037 3811 computatur,
1101 3737 1195 3792 sed
1256 3736 1395 3791 inter
1455 3731 1789 3812 Agiograpba
1841 3749 1854 3785 :
1912 3744 2084 3800 neque

504 3839 664 3894 alium
698 3837 748 3890 in
797 3836 908 3904 ipsa
935 3829 1346 3902 llieronymiana
1378 3828 1624 3882 versione
1666 3825 1840 3878 locum
1887 3822 2080 3888 habet,

499 3933 647 3999 juxta
677 3937 914 3983 veterum
948 3922 1333 3994 exemplarium
1374 3919 1554 3974 fidem.
1602 3916 1658 3972 In
1700 3916 1928 3984 Prelogo
1957 3930 2088 3983 quo-

504 4041 609 4094 que
650 4023 870 4080 Galeato
915 4030 1076 4090 atque
1118 4017 1246 4073 alibi
1297 4015 1355 4072 S.
1406 4015 1521 4084 ipse
1569 4014 1762 4067 Doctor
1816 4009 2084 4066 Dauielmn

507 4114 859 4185 Agiographis
885 4111 1136 4168 adceuset
1165 4126 1180 4164 :
1211 4123 1384 4178 neque
1417 4121 1546 4161 sane
1576 4105 1786 4160 videtur
1825 4105 1937 4172 ipse
1969 4116 2090 4170 pro-

509 4209 668 4278 positi
696 4207 796 4261 sibi
827 4203 1060 4260 Canonis
1087 4201 1332 4256 ordinem
1359 4201 1412 4253 in
1437 4213 1530 4252 sua
1565 4194 1873 4251 adornanda
1918 4194 2087 4246 inter-

511 4299 809 4369 pretatione
852 4296 1119 4349 invertere
1147 4291 1394 4346 voluisse.
1432 4290 1671 4358 Denique
1699 4301 1756 4342 se
1785 4298 1920 4354 opus
1947 4283 2086 4338 istud

514 4409 542 4442 a
587 4388 892 4458 PrOphelali
936 4385 1096 4454 longo
1144 4378 1427 4438 intervallo
1452 4377 1764 4433 distinxisse
1804 4375 1999 4430 indicat
2037 4375 2089 4427 in

510 4481 831 4540 Prmfatione
878 4479 944 4533 iis
982 4475 1216 4531 maxime
1261 4470 1470 4535 verbis,
1502 4467 1702 4539 Impegi
1745 4467 2012 4520 novissime
2039 4467 2093 4519 in

513 4573 801 4637 Daniclem,
834 4579 880 4623 et
911 4576 1049 4623 tanto
1075 4564 1224 4620 taedio
1250 4560 1463 4630 affectus
1489 4575 1622 4625 sum,
1652 4566 1708 4612 ut
1745 4558 2095 4627 desperatione

512 4666 699 4727 subita,
729 4678 931 4716 omnem
966 4669 1178 4714 ueterem
1224 4651 1732 4710 laboremmoluerim
1758 4659 2090 4702 contemnere.

516 4756 708 4810 Verum
737 4754 1041 4806 adhortante
1067 4765 1144 4802 me
1167 4747 1388 4816 quodam
1438 4742 1652 4799 Hebrtzo
1678 4784 1694 4808 ,
1723 4751 1771 4795 et
1813 4742 1943 4795 illud
1972 4741 2095 4794 mihi

515 4846 738 4901 crebrius
760 4846 814 4898 in
856 4859 950 4897 sua
997 4842 1172 4910 lingua
1197 4839 1450 4907 ingerente
1473 4876 1488 4899 ,
1522 4835 1700 4890 Labor
1727 4833 1905 4888 omnia
1934 4833 2097 4887 vincit

516 4935 816 5006 Improbus,
838 4933 924 5004 qui
965 4930 1089 4984 milii
1110 4929 1314 4984 videbar
1329 4927 1513 4981 sciolus
1531 4927 1662 4980 inter
1684 4924 1732 4978 Η
1739 4925 1946 4988 ebrazos,
1969 4925 2097 4993 coepi

516 5042 719 5081 rursum
744 5022 1028 5094 discipulus
1053 5037 1158 5076 esse
1179 5019 1510 5075 Chaldaicus.
1543 5016 1611 5071 Et
1635 5026 1688 5070 ut
1715 5032 1885 5070 verum
1911 5019 2092 5087 fatear,

519 5134 676 5187 usque
716 5117 786 5169 ad
832 5124 1127 5181 praesentem
1179 5113 1311 5165 diem
1361 5108 1523 5180 magis
1569 5123 1772 5179 possum
1819 5122 2098 5160 sermonem

520 5208 852 5263 Chaldaicum
891 5207 1076 5276 legere,
1117 5213 1163 5257 et
1190 5200 1490 5272 intelligere,
1533 5215 1686 5272 quam
1714 5214 1914 5254 sonare.
1945 5197 2013 5253 Ut
2043 5208 2100 5251 ut

523 5314 652 5354 vero
678 5313 736 5352 se
758 5312 846 5353 res
873 5296 1134 5358 habuerit,
1163 5308 1284 5354 nam
1309 5292 1571 5361 disputari
1599 5290 1715 5346 hare
1741 5303 1898 5360 posse
1918 5288 2100 5342 viden-

520 5403 608 5445 tur
637 5391 689 5444 in
720 5399 1000 5458 utramque
1028 5395 1252 5457 partem,
1286 5394 1473 5454 putare
1499 5383 1686 5454 utique
1717 5381 1898 5436 malim
1936 5380 2100 5433 fuisse

523 5481 797 5550 Danielem
852 5481 920 5536 ab
967 5479 1291 5549 Hieronymo
1341 5486 1464 5530 ante
1509 5489 1704 5529 annum
1757 5473 1947 5528 saltem
1989 5470 2096 5526 593

518 5573 786 5633 redditum
816 5570 1005 5628 Latine
1029 5585 1096 5626 ex
1127 5569 1355 5624 Hebraeo
1383 5586 1397 5623 ι
1422 5566 1703 5636 nullusque
1729 5564 1934 5627 dubito,
1971 5563 2098 5632 quin

522 5667 592 5721 ab
610 5681 675 5720 eo
697 5675 938 5734 tempore
967 5672 1171 5718 tantam
1195 5661 1287 5716 ille
1313 5659 1473 5715 fuerit
1501 5661 1617 5729 ejus
1643 5659 1834 5728 lingua:
1854 5655 2097 5725 peritiam

521 5767 832 5832 assecutus,
881 5766 1078 5826 quanta
1145 5753 1246 5809 sibi
1297 5752 1363 5808 ad
1419 5761 1618 5808 rectam
1677 5744 2099 5803 concinnandam

524 5852 638 5924 ejus
661 5850 1149 5922 interpretationem
1176 5845 1296 5905 libri
1321 5845 1435 5945 ιιευὶ
1459 5855 1591 5902 erat.
1617 5840 1720 5897 Sed
1748 5839 1929 5909 utique
1955 5834 2096 5892 aliud

2153 519 2280 575 hinc
2308 521 2467 575 velim
2497 536 2592 589 pro
2618 520 2735 577 aliis
2761 521 2974 592 scriptis
2993 521 3279 580 Chaldaica
3299 525 3532 582 dialecto
3553 528 3728 596 libris,

2147 610 2448 681 cujusmodi
2490 609 2686 665 Tobias
2731 621 2846 677 est,
2887 623 3258 683 argumentum
3287 615 3448 670 sumi.
3493 617 3551 672 Si
3581 620 3728 673 enim

2149 717 2268 756 cum
2314 701 2590 755 Danielem
2635 701 2988 774 Hieronymus
3018 705 3289 761 transtulit
3330 716 3455 762 ante
3492 724 3728 775 annum,

2150 799 2212 846 ut
2246 791 2511 856 diximus,
2545 793 2668 856 593,
2701 793 2932 849 nondum
2975 795 3206 864 perfecte
3233 798 3448 866 quidem
3495 801 3731 872 linguam

2149 879 2492 936 Chaldaicam
2539 895 2779 951 noverat,
2813 896 3034 940 noverat
3062 895 3238 942 tamen
3268 906 3280 941 :
3312 903 3432 943 cum
3464 906 3594 944 vero
3620 892 3732 945 Tn.

2151 971 2293 1028 biam
2344 973 2814 1043 interpretaretur,
2861 977 2932 1031 ita
2981 991 3039 1032 se
3083 979 3199 1048 ejus
3252 981 3492 1050 ignarum
3539 985 3736 1054 linguae

2151 1063 2430 1120 confessus
2470 1075 2590 1130 est,
2625 1075 2680 1120 ut
2722 1082 2839 1137 qua:
2886 1068 3172 1124 Chaldaica
3215 1071 3285 1125 ibi
3317 1073 3512 1140 scripta
3543 1087 3733 1142 erant,

2154 1160 2255 1214 nisi
2283 1162 2431 1230 prius
2461 1162 2510 1214 in
2543 1161 2858 1218 Hebraicum
2887 1163 3322 1233 refunderentur,
3354 1183 3449 1236 per
3483 1184 3542 1224 se
3572 1170 3735 1225 intel-

2153 1246 2320 1319 ligere
2363 1265 2698 1321 nequaquam
2749 1262 2930 1322 posset
2977 1270 2992 1309 :
3040 1269 3377 1324 consequens
3425 1268 3537 1322 est,
3596 1262 3740 1318 hunc

2155 1340 2327 1395 multo
2370 1352 2494 1397 ante
2534 1342 2762 1408 librum,
2804 1361 2963 1415 quam
3014 1347 3160 1401 illum
3206 1347 3392 1404 Latine
3419 1352 3737 1407 vertendam

2156 1434 2477 1503 suscepisse.
2511 1435 2676 1501 Quia,
2710 1437 2880 1506 inquit
2918 1439 2972 1492 in
2998 1437 3317 1496 Prtel'atione
3359 1441 3424 1495 ad
3472 1443 3739 1499 Chroma-

2159 1525 2288 1579 tium
2336 1535 2390 1580 et
2430 1525 2794 1592 Heliodorum,
2846 1530 3011 1584 vicina
3057 1541 3129 1585 est
3177 1531 3534 1588 Chaldaeorum
3565 1536 3742 1608 lingua

2158 1618 2378 1671 sermoni
2422 1619 2669 1674 llebraico
2693 1662 2708 1687 ,
2759 1623 3021 1693 utriusque
3063 1623 3239 1694 lingua
3270 1627 3628 1697 peritissimum
3660 1630 3733 1684 lo-

2159 1726 2369 1779 quacem
2396 1711 2674 1781 reperiens,
2697 1715 2848 1768 unius
2887 1714 2988 1768 diei
3013 1715 3236 1770 laborem
3255 1717 3451 1788 arripui
3481 1734 3499 1772 :
3521 1728 3566 1772 et
3589 1721 3743 1790 quid-

2159 1803 2284 1873 quid
2312 1804 2399 1858 ille
2423 1805 2548 1858 mihi
2579 1803 2843 1860 Hebraicis
2871 1807 3031 1862 verbis
3050 1806 3314 1878 lxpressit,
3346 1810 3443 1863 hoc
3472 1826 3563 1882 ego
3584 1814 3744 1866 accito

2164 1896 2400 1963 notario,
2442 1897 2752 1951 sermonibus
2791 1896 2988 1953 Latinis
3024 1903 3255 1969 exposui.
3298 1900 3529 1956 Omnino
3568 1903 3747 1974 itaque

2164 1983 2340 2041 fuerat
2373 1987 2580 2056 jamdiu
2619 1998 2776 2044 antea
2820 1988 2934 2044 haec
2976 1990 3233 2045 adornata
3265 1993 3461 2058 versio,
3490 2009 3649 2064 quam
3680 1995 3747 2052 ad

2164 2075 2561 2132 Pammachium
2593 2078 2882 2148 Epistolam
2925 2081 3082 2135 toties
3122 2081 3388 2137 laudatam
3433 2084 3698 2140 scriberet
3731 2103 3745 2140 :

2165 2183 2392 2239 cumque
2431 2169 2547 2240 ejus
2575 2170 2646 2224 ibi
2673 2171 2815 2225 nulla
2844 2171 2915 2226 sit
2961 2173 3198 2238 mentio,
3249 2172 3392 2230 inter
3421 2189 3483 2229 ea
3529 2177 3751 2230 omnino

2167 2261 2524 2330 computanda
2551 2271 2663 2327 est,
2694 2277 2814 2331 quae
2839 2277 2899 2317 se
2926 2263 3061 2317 dixit
3087 2266 3320 2319 armario
3357 2266 3540 2322 clausa
3581 2269 3752 2324 conti-

2170 2367 2319 2407 nere.
2346 2352 2477 2408 Nam
2520 2354 2620 2408 etsi
2663 2353 2797 2408 liber
2828 2354 2919 2409 ille
2947 2353 3015 2410 de
3044 2357 3221 2426 priore
3247 2356 3474 2413 Hebraeo
3511 2374 3750 2423 canone,

2169 2444 2259 2512 qui
2299 2443 2556 2499 llebraice
2595 2445 2824 2514 scriptos
2852 2445 3223 2501 tantummodo
3259 2449 3752 2518 complectebatur,

2171 2553 2277 2592 non
2319 2548 2456 2592 esset
2493 2553 2507 2592 :
2548 2537 2781 2593 divinam
2829 2547 3005 2594 tamen
3045 2541 3415 2598 auctoritatem
3467 2550 3575 2597 tum
3614 2545 3754 2615 apud

2172 2642 2290 2682 eam
2316 2638 2528 2698 gentem
2559 2644 2683 2684 cum
2724 2629 2860 2699 apud
2892 2629 3145 2686 Ecclesiae
3176 2632 3363 2686 Patres
3389 2631 3660 2698 obtinuit,
3703 2644 3756 2689 et

2177 2721 2228 2775 in
2251 2720 2540 2792 Scripturae
2561 2736 2728 2776 sacra:
2759 2737 2978 2778 censum
3015 2725 3269 2779 continuo
3293 2724 3389 2780 abs
3429 2724 3757 2799 Hieronymo

2177 2824 2422 2882 receptus
2448 2823 2549 2868 est.
2587 2814 2856 2883 Ejusmodi
2904 2814 3043 2870 liber
3079 2831 3293 2887 quoque
3330 2825 3447 2872 erat
3481 2816 3714 2873 Juditlta:
3737 2858 3755 2885 ,

2177 2919 2334 2974 quem
2364 2903 2422 2959 S.
2454 2905 2613 2960 Pater
2641 2905 2939 2961 Chaldaica:
2970 2906 3162 2977 linguae
3184 2908 3291 2976 jam
3317 2908 3501 2978 probe,
3535 2918 3591 2963 ut
3610 2909 3760 2965 vide-

2176 3004 2286 3063 tur,
2313 3011 2531 3067 gnarus,
2562 2987 2721 3066 atque
2749 2997 2884 3051 adeo
2907 3007 3025 3066 post
3054 2999 3225 3067 ipsum
3256 2999 3547 3064 Danielem,
3570 2999 3760 3057 Latino

2180 3088 2359 3141 vertit.
2393 3086 2531 3142 Addi
2563 3088 2788 3141 fortasse
2818 3087 2902 3141 his
2941 3099 3122 3156 posset
3149 3105 3281 3143 unus
3311 3100 3571 3159 prmterea
3599 3103 3761 3162 atque

2180 3179 2354 3245 alius,
2397 3193 2531 3248 quos
2560 3193 2654 3247 per
2693 3176 2745 3232 id
2785 3177 3000 3248 quidem
3051 3179 3306 3247 temporis
3347 3179 3588 3234 Romano
3616 3181 3762 3236 cultu

2181 3271 2407 3326 donatos
2435 3312 2450 3336 ,
2498 3269 2734 3325 nondum
2779 3269 2831 3324 in
2874 3270 3063 3339 vulgus
3113 3270 3423 3340 protulisset
3460 3289 3474 3327 :
3505 3271 3600 3326 sed
3651 3271 3764 3329 ha'c

2185 3366 2358 3420 minus
2383 3364 2656 3434 explorata
2689 3379 2775 3418 res
2796 3371 2896 3417 est.
2922 3363 3037 3417 Alia
3059 3379 3123 3419 ex
3150 3373 3298 3433 parte
3319 3365 3449 3418 satis
3475 3364 3591 3418 haec
3617 3375 3764 3429 sunt,

2185 3467 2243 3510 ut
2263 3472 2357 3511 sua
2387 3455 2531 3510 dicto
2549 3456 2746 3508 veritas
2765 3463 2996 3518 constet,
3021 3453 3130 3522 jam
3153 3454 3353 3509 scilicet
3382 3453 3450 3507 ab
3478 3469 3622 3510 anno
3665 3454 3768 3509 392

2185 3548 2354 3604 Vetus
2398 3547 2797 3601 Testamentum
2846 3545 3156 3599 translatum
3197 3545 3265 3599 ab
3303 3559 3369 3600 eo
3411 3544 3573 3598 fuisse
3616 3546 3766 3614 juxta

2187 3642 2500 3696 llebraicam
2529 3640 2684 3693 lidem
2723 3656 2735 3689 :
2765 3639 3192 3708 quandoquidem
3230 3653 3349 3706 qtae
3388 3637 3568 3704 aperis
3591 3638 3766 3706 perfe-

2186 3734 2349 3788 ctioui
2388 3744 2513 3787 tunc
2560 3732 2814 3794 deerant,
2861 3745 2959 3784 nec
2996 3730 3304 3799 singillatim
3345 3727 3512 3783 refert
3561 3729 3673 3796 ipse
3718 3729 3768 3782 in

2191 3824 2429 3894 Epistula
2453 3821 2517 3875 ad
2549 3819 2941 3875 Pammachium
2964 3861 2980 3883 ,
3021 3820 3194 3873 clausa
3219 3819 3442 3872 armario
3472 3832 3662 3886 magna
3703 3832 3769 3870 ex

2193 3925 2342 3986 parte
2387 3915 2496 3984 jam
2548 3914 2761 3968 tenebat
2795 3931 2807 3967 :
2846 3920 2899 3966 et
2935 3911 3060 3965 licet
3101 3910 3222 3963 aliis
3262 3908 3488 3964 subinde
3518 3909 3676 3962 annis
3718 3910 3769 3962 in

2195 4009 2365 4062 lucem
2402 4004 2698 4076 protulerit,
2723 4004 2790 4056 ab
2815 4017 2880 4056 eo
2912 4012 3087 4056 tamen
3118 4006 3278 4062 ἁπλῶς
3306 4001 3531 4055 exordio
3561 4015 3625 4055 ac
3649 4009 3772 4054 tem-

2195 4114 2344 4168 pore.
2375 4096 2474 4151 nisi
2501 4111 2621 4150 cum
2653 4108 2809 4148 secus
2833 4093 3014 4163 jussit,
3046 4090 3334 4162 repetenda
3359 4091 3683 4160 significavit

2267 4189 2355 4242 IV.
2384 4190 2512 4254 Qum
2545 4186 2704 4256 igitur
2740 4185 3012 4238 volumina
3053 4198 3117 4237 ex
3145 4183 3395 4238 universo
3425 4181 3655 4236 Hebrch
3688 4195 3774 4234 ca-

2199 4297 2338 4336 none
2361 4290 2450 4334 aut
2480 4279 2712 4334 noadum
2743 4279 3012 4347 attigerat,
3035 4287 3127 4330 aut
3147 4286 3293 4332 certe
3317 4275 3552 4330 nondum
3577 4275 3775 4343 publici

2192 4374 2326 4443 juris
2351 4372 2548 4426 fecerat
2573 4369 2629 4425 S.
2663 4370 2838 4433 Pater,
2865 4367 3250 4422 Octateuchum
3281 4365 3464 4431 fuisse,
3501 4365 3776 4433 Paralipo-

2198 4477 2374 4524 tnena,
2401 4461 2704 4516 Salomonis
2739 4461 2860 4516 libri
2902 4469 3060 4530 atque
3089 4458 3276 4514 Esdrm
3314 4457 3578 4511 videntur.
3625 4455 3777 4510 Hunc

2197 4565 2374 4610 autem
2405 4568 2524 4607 cum
2553 4553 2807 4609 Neltemia
2839 4551 2978 4606 haud
3019 4551 3187 4606 multo
3214 4559 3366 4618 p051,
3399 4549 3513 4603 sive
3541 4547 3775 4611 biennio,

2201 4660 2255 4701 ut
2303 4660 2606 4710 summum,
2659 4645 2727 4698 ab
2769 4644 2914 4698 edito
2965 4641 3100 4696 libro
3149 4642 3216 4697 de
3263 4639 3402 4694 Viris
3443 4637 3779 4703 llluslribus,

2200 4753 2342 4792 anno
2373 4737 2577 4792 scilicet
2604 4736 2710 4791 39.5
2757 4735 2809 4788 in
2836 4733 3010 4788 lucem
3049 4733 3251 4798 emisit,
3280 4728 3564 4785 Domnioni
3595 4738 3648 4784 et
3677 4727 3784 4782 Ro-

2199 4829 2415 4900 gatiano
2470 4828 2801 4892 inscribens,
2855 4841 2886 4878 a
2934 4822 3128 4893 quibus
3170 4823 3280 4892 jam
3334 4838 3363 4875 a
3416 4820 3585 4874 tribus
3637 4830 3784 4874 retro

2201 4921 2354 4973 annis
2379 4919 2735 4981 continenter,
2766 4923 2823 4970 ut
2847 4914 3087 4968 laborem
3126 4911 3268 4966 hunc
3291 4910 3532 4977 subiret,
3566 4920 3788 4981 rogatus

2203 5012 2396 5065 fuerat.
2446 5011 2612 5080 Rogat
2640 5021 2768 5063 vero
2817 5006 2932 5076 ipse
2975 5017 3068 5057 eos
3099 5003 3332 5058 vicissim
3364 5002 3414 5057 in
3444 5001 3694 5071 PrOIOgo,
3733 5012 3788 5054 ut

2204 5105 2399 5171 privata
2425 5102 2634 5156 lectione
2669 5096 2907 5161 contenti,
2943 5093 3125 5147 librum
3165 5110 3265 5147 non
3293 5091 3507 5160 efferant
3537 5094 3589 5147 in
3613 5095 3784 5164 publi-

2202 5210 2350 5259 cum,
2397 5207 2486 5246 nec
2532 5187 2808 5260 fastidiosis
2847 5185 3078 5255 ingerunt
3104 5183 3239 5238 cibos
3267 5226 3281 5248 ,
3327 5183 3581 5250 vitentque
3609 5199 3780 5238 eorum

2203 5283 2551 5353 supercilium,
2584 5281 2668 5346 qui
2677 5278 2917 5350 judicare
2949 5283 3143 5328 tantum
3167 5276 3230 5328 de
3251 5274 3388 5340 aliis,
3417 5283 3463 5328 et
3491 5274 3590 5344 ipsi
3619 5277 3789 5344 facere

2204 5374 2334 5428 nihil
2378 5379 2638 5426 noverunt.
2691 5368 2753 5424 Si
2779 5367 2867 5436 qui
2904 5375 3068 5420 autem
3100 5364 3325 5435 (subdit)
3355 5363 3603 5418 Fratrum
3645 5371 3784 5428 sunt,

2204 5465 2382 5536 quibus
2419 5469 2592 5514 nostra
2629 5474 2730 5513 non
2759 5456 3068 5526 displicent,
3118 5454 3198 5508 his
3223 5454 3459 5508 tribuatis
3484 5453 3747 5520 exemplar
3767 5493 3784 5517 ,

2205 5556 2530 5609 admonentes
2553 5591 2570 5614 ,
2621 5559 2675 5603 ut
2706 5545 2922 5602 Hebrtea
2950 5549 3154 5599 nomina
3180 5585 3195 5609 ,
3241 5560 3454 5614 quorum
3495 5543 3706 5614 grandis
3733 5542 3788 5596 in

2207 5647 2300 5698 hoc
2352 5640 2604 5696 volumine
2652 5638 2798 5708 capia
2843 5645 2939 5699 est,
2971 5633 3239 5695 distincte,
3289 5643 3335 5686 et
3378 5649 3469 5702 per
3517 5630 3790 5686 intervalla

2209 5730 2565 5789 transcribunt.
2601 5730 2678 5786 Ex
2704 5729 2898 5800 quibus
2926 5726 3104 5781 denuo
3131 5723 3387 5792 intelligis
3430 5723 3484 5776 in
3527 5737 3640 5777 rem
3685 5736 3788 5778 no-

2212 5839 2408 5891 stram,
2441 5833 2636 5896 quanto
2674 5821 2766 5880 ille
2794 5818 2970 5876 studio
2996 5813 3260 5887 publicam
3305 5812 3476 5868 lucem
3506 5813 3785 5886 effugeret,
