4004 6328
243 385 302 441 ιιι
1527 379 1568 434 8
1627 375 1818 432 lllERC

1929 374 1998 428 Ml
2042 375 2227 434 VITA.
3451 385 3522 441 8'3

243 511 297 557 et
319 515 414 556 sua
445 500 617 554 vellet
643 515 834 556 omnes
855 505 1045 566 printer
1065 495 1266 550 amicos
1286 495 1475 554 latere.
1501 507 1621 560 qua:
1643 503 1832 546 caussa

245 599 347 650 est.
374 604 476 643 cur
500 591 751 658 quaedam
774 603 876 641 non
901 603 931 641 a
956 601 1062 656 quo
1083 595 1322 655 tempore
1347 583 1654 640 elucubrata
1686 586 1831 642 sunt,

255 675 348 734 sed
376 694 486 749 quo
514 681 566 732 in
609 680 800 748 vulgus
830 677 1174 746 prodierunt,
1211 674 1501 744 repetenda
1531 671 1830 725 videantur.

259 770 424 838 llujus
453 779 638 822 autem
685 767 942 823 \ersionis
983 779 1184 829 annus,
1231 779 1388 832 quem
1434 762 1664 816 diximus
1705 758 1830 824 594,

252 858 537 914 mnifesto
579 873 646 912 ex
689 857 875 912 eadem
925 855 1246 911 Priciatione
1292 854 1379 907 illa
1435 859 1691 922 apparet,
1744 848 1830 903 ubi

253 950 412 1005 multa
443 965 565 1019 quae
591 950 645 1002 in
679 947 1000 1016 Evangeliis,
1025 945 1173 1016 quasi
1198 944 1265 998 de
1290 943 1464 996 Veteri
1486 940 1833 996 Testamento

252 1043 570 1106 laudantur,
619 1051 676 1096 et
715 1039 856 1109 apud
897 1039 1240 1109 Septuaginta
1273 1051 1377 1089 non
1423 1044 1584 1094 sunt,
1633 1029 1832 1100 expcné-

248 1135 416 1188 denda
447 1149 510 1188 se
548 1133 663 1196 ait,
705 1131 873 1186 latiori
903 1130 1044 1199 operi
1086 1143 1358 1182 reservare.
1392 1123 1534 1180 Nihil
1563 1125 1704 1178 enim
1750 1122 1829 1176 la-

244 1225 398 1279 tioris
442 1225 629 1293 operis
671 1223 890 1278 nomine
935 1221 1194 1276 denotare
1241 1217 1382 1272 aliud
1427 1217 1630 1279 voluit,
1669 1229 1826 1283 quam

245 1315 544 1382 Epistulam
577 1314 630 1368 in
671 1324 855 1368 nostra
885 1314 1198 1368 recensione
1228 1308 1385 1364 LVII.
1432 1308 1544 1363 sive
1591 1306 1828 1361 libellum

241 1410 306 1463 de
333 1407 547 1476 Optimo
573 1424 757 1480 genere
783 1405 1170 1476 interpretandi,
1203 1406 1256 1458 in
1280 1419 1386 1473 quo
1405 1401 1472 1454 de
1496 1401 1584 1454 illa
1605 1399 1832 1468 Septua-

240 1499 577 1568 gintaviralis
633 1498 898 1554 versionis
965 1494 1363 1564 comparatione
1415 1491 1483 1546 ad
1546 1490 1826 1546 llebmum

242 1601 450 1647 textum
484 1606 581 1660 pro
609 1592 854 1646 instituto
883 1590 1154 1660 disputat,
1186 1600 1413 1656 eamque
1451 1583 1732 1640 deductam
1760 1582 1832 1637 ab

242 1682 555 1752 Evangeliis
585 1683 936 1752 quaestionem
976 1678 1212 1748 expedit.
1251 1677 1419 1731 Porro
1440 1691 1561 1729 eum
1590 1673 1826 1728 libellum

239 1774 353 1828 sive
383 1773 680 1840 Epistulam
723 1787 864 1827 anno
893 1771 1142 1842 scriptam
1183 1768 1347 1824 fuisse
1375 1766 1500 1831 595,
1544 1765 1674 1820 nihil
1714 1765 1824 1833 jam

240 1862 462 1916 dubium
489 1871 593 1928 est,
622 1872 676 1916 et
701 1876 799 1916 suo
830 1875 927 1931 nos
955 1860 1071 1914 loco
1094 1858 1444 1913 ostendimus.
1487 1855 1670 1912 Esdrae
1696 1855 1825 1908 sub-

238 1954 416 2022 jnnxit
481 1951 540 2006 S.
592 1953 789 2007 Doctor
840 1951 1280 2021 Paralipomenon
1334 1947 1825 2016 interpretationem

239 2043 431 2096 eodem
475 2044 569 2097 illo
593 2085 607 2109 ,
641 2053 698 2096 ut
727 2041 955 2107 videtur,
987 2055 1126 2094 anno
1157 2059 1170 2095 :
1219 2039 1478 2109 siquidem
1511 2039 1564 2092 in
1598 2036 1826 2106 Prologo

237 2133 302 2187 ad
329 2133 703 2189 Chromatium
746 2133 992 2189 eumdem
1035 2133 1182 2186 illum
1213 2131 1277 2185 de
1308 2129 1512 2200 Optimo
1541 2144 1720 2200 genere
1745 2129 1826 2181 in-

241 2225 554 2294 terpretandi
597 2225 834 2279 libellum
864 2239 894 2278 a
922 2238 981 2278 se
1023 2221 1205 2292 Nuper
1231 2221 1429 2276 editum
1467 2220 1622 2274 dixit.
1653 2218 1822 2286 Quam

241 2315 511 2370 "indicum
538 2330 608 2371 eo
632 2315 1172 2383 adverbio‘temporis
1198 2312 1536 2366 intervallum
1561 2309 1822 2372 denotet,

238 2420 302 2458 ex
331 2420 517 2460 rerum
545 2420 667 2460 cmn
701 2405 887 2474 primis
913 2404 1055 2458 serie
1094 2403 1299 2466 disces,
1333 2409 1442 2454 tum
1474 2399 1592 2452 aliis
1630 2397 1824 2467 pleris-

236 2515 336 2565 que
394 2499 538 2568 apud
586 2513 708 2552 eum
776 2495 1059 2564 exemplis.
1114 2493 1346 2548 Proinde
1397 2492 1486 2562 qui
1555 2499 1826 2560 postremo

238 2591 478 2644 omnium
513 2590 634 2644 loco
667 2588 910 2657 prodisse
941 2591 1054 2640 hinc
1080 2595 1376 2652 autumant,
1406 2600 1434 2637 a
1461 2599 1588 2639 vero
1616 2583 1824 2652 longius

237 2683 514 2744 aberrant,
547 2687 604 2732 ut
631 2693 696 2733 ex
731 2677 946 2732 laudato
969 2675 1296 2740 testimonio,
1320 2685 1478 2744 atque
1502 2673 1721 2728 inferius
1741 2674 1821 2726 tli-

236 2771 416 2825 (tendis
446 2769 657 2840 planius
699 2768 986 2822 constabit.
1035 2767 1173 2820 Sunt
1209 2765 1300 2836 qui
1348 2764 1589 2820 Estherze
1624 2763 1818 2818 librum

238 2863 316 2916 his
336 2863 576 2924 addant;
606 2861 700 2915 sed
728 2860 936 2914 videtur
960 2874 1081 2913 eum
1111 2857 1169 2913 S.
1201 2857 1380 2919 Pater,
1415 2854 1726 2912 Octateuchi
1753 2854 1820 2909 de

236 2972 338 3025 quo
364 2969 495 3010 mox
539 2955 813 3020 dicemus,
860 2965 1080 3006 numero
1121 2948 1628 3019 comprehendisse,
1670 2947 1818 3016 juxta

238 3047 495 3116 propositi
543 3045 644 3100 sibi
683 3044 906 3099 canonis
951 3042 1163 3099 llebrmi
1194 3042 1559 3098 recensionem
1586 3081 1601 3106 ,
1634 3041 1685 3094 in
1713 3055 1820 3110 quo

235 3139 448 3193 Judices
475 3147 530 3192 et
573 3137 714 3191 lluth
759 3136 878 3190 libri
916 3135 970 3190 in
1002 3149 1164 3189 unum
1206 3135 1532 3189 coalescunt.
1563 3132 1820 3188 Probabi-

236 3231 335 3284 lins
363 3231 546 3299 itaque
591 3228 991 3298 Paralipomena
1018 3233 1344 3296 exceperunt
1369 3232 1480 3280 tres
1515 3223 1819 3280 Salomonis

236 3321 417 3380 libelli.
453 3320 766 3382 Proverbia,
801 3317 1173 3382 Ecclesiastes,
1207 3325 1260 3371 ct
1283 3316 1518 3379 Cantica,
1547 3330 1682 3384 quos
1711 3331 1816 3370 non

233 3410 463 3479 amplius
481 3423 643 3478 quam
666 3409 824 3462 tridui
850 3423 1012 3478 opere
1029 3408 1080 3462 in
1108 3407 1351 3462 Latinum
1373 3407 1550 3470 vertit,
1577 3415 1631 3460 et
1651 3406 1815 3461 Chro-

231 3501 397 3554 matio
427 3508 591 3570 atque
619 3497 908 3553 Heliodoro
953 3499 1229 3568 Episcopis
1267 3513 1361 3552 sua
1389 3497 1630 3569 quotidie
1655 3512 1816 3565 repo-

229 3590 508 3644 scentibus
540 3589 732 3658 ingenii
767 3589 1090 3644 monimenta
1112 3631 1128 3655 ,
1168 3590 1456 3658 inscripsit.
1491 3591 1664 3660 Atque
1691 3588 1814 3653 hoc,

229 3699 310 3742 ne.
340 3681 439 3744 ait,
468 3682 622 3752 longa
641 3687 970 3753 wgrotatione
995 3683 1208 3752 fractus.
1234 3682 1432 3751 penitus
1459 3681 1552 3735 hoc
1581 3697 1716 3734 anno
1746 3697 1816 3734 re-

228 3775 455 3841 ticerem,
492 3785 538 3828 et
565 3773 706 3845 apud
741 3789 828 3828 vos
855 3782 1023 3827 mutus
1049 3790 1206 3827 essem
1230 3789 1249 3827 :
1276 3773 1468 3842 quibus
1493 3787 1610 3828 eam
1643 3787 1815 3842 aegro-

231 3867 490 3921 tatiouem
538 3866 774 3921 indicare
822 3867 966 3920 visus
1013 3874 1096 3920 est
1147 3865 1337 3931 nobis,
1388 3865 1441 3920 in
1485 3880 1642 3937 quam
1688 3865 1814 3918 alibi

227 3959 390 4012 etiam
421 3972 482 4012 se
512 3959 756 4026 queritur
795 3956 1049 4011 incidisse
1069 3998 1084 4023 ,
1127 3966 1184 4009 ut
1226 3957 1280 4010 in
1312 3955 1629 4011 Praefatione
1658 3955 1817 4011 Com-

230 4049 619 4104 mentariorum
653 4047 704 4102 in
733 4047 1060 4110 Malthzeum,
1094 4046 1328 4114 Epistula
1358 4045 1545 4102 LXXI.
1574 4046 1640 4100 ad
1667 4045 1817 4101 Luci-

232 4141 376 4194 nium
402 4181 418 4204 ,
447 4149 501 4195 et
530 4139 700 4193 multo
732 4139 1049 4194 luculentius
1073 4137 1310 4194 LXXIII.
1340 4137 1406 4192 ad
1452 4138 1775 4208 Evangelum
1798 4179 1812 4202 ,

232 4242 284 4286 et
307 4247 373 4288 ex
395 4247 500 4302 qua
526 4231 739 4287 demum
761 4232 1096 4287 convaluisse
1124 4247 1228 4286 non
1261 4232 1330 4286 ita
1357 4232 1562 4302 pridem
1589 4245 1648 4286 se
1672 4231 1810 4285 indi-

230 4331 316 4377 ‘cat
347 4323 398 4376 in
445 4323 672 4392 Prologo
709 4323 848 4378 tertii
897 4323 1276 4378 Commentarii
1322 4323 1372 4377 in
1417 4323 1599 4377 Amos.
1640 4322 1814 4377 Certis

233 4423 408 4468 autem
443 4430 541 4468 nos
569 4415 897 4484 argumentis
926 4414 1260 4470 ostendimus
1291 4430 1354 4470 ex
1381 4430 1560 4469 rerum
1587 4430 1813 4482 prmsero

235 4505 323 4559 tim
355 4505 498 4560 serie
530 4505 582 4560 iu
611 4503 1014 4574 Chronologieis
1039 4505 1105 4558 ad
1131 4519 1222 4558 eas
1251 4504 1540 4573 Epistolas,
1569 4513 1624 4559 et
1651 4503 1814 4558 Cotu-

234 4595 527 4650 mentarios
569 4594 755 4658 Notis,
797 4594 864 4649 ab
893 4594 1016 4648 anni
1061 4593 1164 4650 598
1197 4595 1380 4659 initio,
1411 4594 1511 4648 nisi
1565 4594 1610 4648 si
1650 4595 1810 4649 etiam

234 4689 422 4748 mavis.
452 4687 803 4756 prmeetleiitis
844 4687 948 4742 line
968 4728 982 4751 ,
1019 4703 1138 4741 eam
1167 4686 1222 4742 S.
1269 4685 1481 4742 Ductori
1511 4687 1813 4756 aegrotatio-

235 4793 351 4833 nem
381 4778 673 4846 obtigisse,
721 4793 750 4832 a
779 4795 878 4847 qua
915 4781 1007 4834 vix
1051 4779 1252 4850 aliquot
1279 4789 1398 4847 post
1439 4787 1650 4834 mentes
1678 4794 1809 4848 pau-

235 4867 391 4936 lisper
435 4876 742 4934 recreatus,
774 4867 900 4923 dum
939 4870 1136 4924 omissa
1174 4869 1344 4922 studia
1371 4869 1530 4924 nimia
1559 4869 1812 4924 aviditate

233 4962 440 5030 mpetit,
471 4960 688 5026 iterum,
719 4970 773 5015 et
809 4960 1022 5030 gravius
1054 4959 1325 5014 decubuit.
1356 4959 1486 5014 Post
1520 4959 1677 5028 hujus
1708 4959 1809 5014 ita-

231 5067 328 5120 que
356 5053 482 5107 anni
511 5052 747 5107 medium
768 5094 783 5117 ,
809 5067 870 5107 ac
900 5051 1009 5108 fere
1043 5050 1199 5107 linem
1227 5094 1240 5114 ,
1279 5051 1329 5106 id
1368 5052 1508 5122 quod
1538 5051 1653 5121 ipse
1674 5051 1813 5106 indi-

228 5159 346 5198 rare
377 5143 460 5197 his
478 5143 659 5197 verbis
687 5142 915 5209 videtur,
940 5159 1002 5197 ne
1029 5147 1226 5214 penitus
1251 5144 1344 5196 hoc
1369 5159 1504 5198 anno
1532 5144 1807 5208 reticerem,

228 5242 330 5286 tres
358 5234 482 5288 illos
527 5235 579 5287 in
623 5232 870 5289 Latinum
910 5251 974 5289 ex
1024 5233 1247 5289 Ilebraeo
1286 5233 1495 5289 libellos
1523 5235 1806 5290 convertit.

228 5321 507 5393 lleliquum
547 5333 665 5378 erat
717 5323 1140 5391 Octateuchnm,
1183 5325 1389 5394 priores
1433 5325 1637 5380 scilicet
1685 5335 1808 5380 octo

224 5413 352 5467 sacri
384 5423 682 5469 contextus
702 5413 843 5481 libri,
867 5415 983 5469 sive
1003 5424 1231 5485 septem,
1259 5423 1317 5468 ιιι
1342 5415 1428 5468 alii
1452 5415 1802 5483 contendunt,

222 5505 304 5571 qui
330 5515 582 5562 estavum
621 5521 902 5561 numerum
944 5505 1046 5560 huc
1078 5506 1281 5561 adscito
1324 5506 1522 5562 Esther
1548 5507 1686 5562 libro
1711 5523 1806 5564 ex-

223 5595 379 5666 plent.
401 5613 528 5653 nam
552 5595 695 5651 Ruth
715 5596 867 5666 juxta
892 5596 1235 5653 Hebraeorum
1254 5598 1622 5653 recensionem
1646 5614 1807 5654 unum

222 5703 335 5746 cum
359 5691 607 5747 indicum
639 5689 776 5744 libro
796 5698 1136 5760 supputatum
1157 5689 1412 5744 diximus.
1436 5690 1500 5745 Et
1520 5697 1668 5746 certe
1693 5691 1810 5761 qui-

223 5781 332 5841 dem
367 5785 485 5854 ipse
516 5783 570 5841 in
611 5781 847 5856 Epistola
879 5781 1063 5838 LXXI.
1089 5783 1154 5838 ad
1184 5783 1654 5852 Lucinium,quem
1683 5797 1805 5838 mox

1943 488 2114 542 locum
2136 491 2483 557 laudabimus,
2503 495 2862 550 Octatencltum
2886 510 3037 555 vocat
3055 501 3114 556 S.
3135 501 3290 557 Pater
3309 509 3521 571 iquam-

1939 597 2098 650 quatn
2125 581 2549 653 Heptateuchum.
2566 587 2616 640 id
2644 596 2747 651 est,
2763 598 2952 656 septem
2977 590 3249 656 dumtaxat
3274 592 3410 659 libri,
3423 608 3519 648 ve-

1943 680 2084 727 teres
2112 675 2352 742 qua-dam
2380 678 2494 744 ejus
2523 678 2623 732 loci
2655 678 2916 733 editiones
2947 683 3232 750 pra~lerunt
3259 703 3273 739 :
3301 703 3403 756 qua
3435 687 3516 741 le-

1938 763 2138 829 ctione,
2169 765 2376 820 etiamsi
2411 767 2614 821 llehra-i
2649 768 2849 823 etidtcis
2889 772 3114 825 tenemla
3166 786 3308 830 esset
3344 777 3514 842 ratio,

1938 854 2158 907 omnino
2188 855 2380 911 Esther
2407 857 2797 914 excluderetur.
2821 860 2926 915 Sed
2949 863 3131 932 utique
3155 864 3244 919 illa
3271 865 3513 922 Oetateu-

1937 943 2087 996 cltum
2103 945 2260 1000 unice
2278 961 2396 1002 vera
2420 948 2577 1002 lectio
2593 957 2694 1011 est,
2713 950 2870 1018 eique
2885 951 3046 1005 fuisse
3067 952 3305 1009 Estherze
3323 957 3514 1012 lihrtnu

1937 1049 1967 1088 a
1997 1032 2056 1089 S.
2089 1035 2316 1091 Doctore
2357 1037 2709 1103 adeensitum,
2739 1039 2888 1095 locus
2941 1041 3077 1097 inl‘ra
3127 1044 3423 1102 laudandus
3450 1065 3515 1102 ex

1937 1124 2054 1192 ejus
2098 1125 2415 1182 Pravl'atione
2445 1129 2499 1183 in
2525 1129 2690 1184 .Iosue
2719 1132 3082 1200 persuadebit.
3117 1133 3255 1188 Nihil
3286 1138 3513 1205 proinde

1937 1229 2036 1269 nos
2061 1226 2260 1282 movet,
2291 1219 2431 1287 quod
2460 1220 2673 1288 quidam
2702 1237 2894 1290 magno
2922 1234 3116 1278 conatu
3146 1238 3357 1294 urgent,
3379 1241 3513 1282 con-

1937 1315 2081 1360 stare
2109 1307 2312 1362 scilicet
2338 1323 2402 1363 ex
2435 1309 2551 1378 ejus
2589 1311 2911 1367 Prtefatione
2941 1313 3092 1378 lih‘ri,
3141 1315 3283 1384 quod
3327 1327 3516 1386 agente
3584 1357 3596 1370 .

1935 1396 2110 1454 adhuc
2146 1398 2197 1452 in
2229 1399 2362 1455 viris
2402 1400 2565 1456 Paula
2611 1414 2780 1458 matre
2800 1444 2818 1466 ,
2844 1404 3132 1461 Latinitate
3157 1407 3386 1462 donatus
3411 1415 3477 1462 sit
3498 1450 3514 1472 ,

1931 1488 2018 1542 cui
2051 1497 2108 1542 ιιι
2131 1499 2187 1544 et
2207 1490 2328 1544 tiliae
2349 1491 2464 1560 ejus
2496 1491 2789 1548 Eustochio
2817 1496 3125 1552 inscribitur
3157 1516 3170 1549 :
3201 1515 3320 1552 cum
3345 1515 3514 1554 econ—

1935 1580 2100 1633 trario
2139 1582 2183 1635 si
2213 1623 2228 1648 ,
2258 1591 2314 1637 ut
2342 1582 2547 1649 debuit,
2577 1601 2640 1638 ex
2679 1585 2868 1640 ordine
2898 1587 3115 1643 ultimus
3144 1604 3209 1643 ex
3241 1589 3329 1643 illo
3355 1589 3515 1644 Octa-

1932 1673 2126 1726 teueho
2176 1688 2358 1728 versus
2396 1685 2479 1728 est
2506 1675 2556 1728 in
2586 1676 2851 1741 Latinum,
2875 1677 3036 1733 Paula
3068 1679 3303 1743 biennio,
3329 1689 3386 1734 ut
3413 1684 3514 1735 mi-

1933 1764 2170 1829 nimum,
2214 1776 2368 1820 antea
2409 1767 2517 1835 jam
2566 1767 2706 1821 diem
2755 1768 2967 1823 obierit.
3005 1768 3149 1825 Scite
3191 1770 3335 1824 enim
3387 1787 3514 1827 vero

1935 1859 2228 1925 repositum
2261 1857 2381 1912 huic
2409 1867 2724 1929 argumento
2750 1869 2833 1914 est
2857 1875 2980 1916 cum
3005 1862 3074 1915 ab
3096 1862 3238 1928 aliis,
3264 1871 3373 1916 tum
3397 1862 3515 1931 ipso

1933 1944 2279 2000 B--ncdictino
2311 1947 2530 2002 Editnre
2553 1991 2566 2013 ,
2598 1966 2702 2003 non
2730 1949 2928 2006 debere
2953 1951 3156 2006 scilicet
3196 1953 3266 2008 ibi
3295 1952 3512 2007 Paulam

1931 2036 2205 2091 Eustm-hii
2264 2047 2522 2103 matrem,
2579 2040 2672 2094 sed
2711 2039 2979 2107 juniorem
3037 2041 3196 2095 aliam
3244 2042 3508 2111 intelligi,

1932 2127 2091 2181 laeta:
2119 2128 2488 2197 liliam,-atque
2517 2145 2581 2182 ex
2612 2129 2777 2184 fratre
2805 2131 3004 2198 neptim
3030 2131 3330 2197 Eustachii,
3360 2131 3514 2185 illud-

1929 2234 2032 2288 que
2060 2219 2354 2274 scribarum
2383 2219 2677 2273 oscitantire
2701 2260 2715 2284 ,
2747 2236 2810 2275 ac
2835 2231 3062 2290 receptae
3102 2222 3152 2275 in
3193 2221 3276 2276 his
3303 2237 3512 2291 poneno

1931 2311 2013 2362 dis
2036 2310 2338 2364 nominibus
2360 2311 2730 2366 consuetudini
2757 2312 3146 2381 imputandum,
3173 2314 3314 2384 quod
3335 2314 3512 2369 amitte

1932 2401 2137 2470 neptis,
2183 2403 2381 2456 seniori
2421 2401 2604 2472 junior
2653 2402 2970 2458 antefertur.
3017 2403 3122 2460 Sed
3169 2406 3282 2460 haec
3323 2406 3511 2461 hacte-

1931 2501 2036 2545 lus'.

2000 2588 2384 2643 Octateuchum
2447 2589 2605 2660 igitur
2672 2589 2910 2659 Epistola
2971 2590 3057 2645 illa
3111 2590 3178 2645 ad
3233 2591 3510 2647 Lacinium

1927 2687 2151 2732 testatus
2197 2688 2280 2733 est
2333 2678 2686 2750 Hieronymus
2731 2679 2832 2734 sibi
2882 2680 3150 2750 reliquum
3197 2695 3353 2745 esse,
3385 2695 3509 2736 cum

1926 2769 2058 2822 alios
2096 2783 2284 2824 omnes
2327 2769 2536 2826 Hebraei
2578 2771 2814 2825 Canonis
2854 2770 3024 2826 libros
3066 2773 3249 2842 pueris
3289 2773 3410 2842 ejus
3445 2787 3510 2827 ac

1927 2860 2148 2915 notariis
2171 2859 2551 2917 describendos
2573 2864 2682 2931 jam
2711 2862 2966 2918 dedisset.
3002 2862 3282 2930 Canonem,
3311 2865 3505 2935 inquit,

1928 2950 2194 3006 liebraica:
2229 2953 2469 3017 veritatis,
2500 2963 2707 3025 excepto
2737 2953 3066 3020 Octateuclto,
3106 2973 3254 3024 quem
3293 2958 3508 3012 nuncin

1925 3043 2155 3096 manibus
2195 3044 2354 3098 habeo
2382 3044 2552 3114 pueris
2593 3045 2695 3099 tuis
2719 3061 2781 3099 ac
2827 3046 3039 3099 notariis
3063 3046 3182 3100 dedi
3221 3047 3508 3101 describen-

1924 3133 2066 3189 dum.
2098 3135 2284 3190 Annus
2311 3135 2602 3206 agebatur,
2649 3151 2771 3191 cum
2819 3136 2935 3192 haec
2965 3137 3258 3203 scriberet,
3292 3138 3418 3200 398,
3451 3147 3508 3194 ut

1923 3241 2021 3279 suo
2057 3225 2175 3280 loco
2199 3227 2359 3281 certis
2385 3227 2714 3297 argumentis
2741 3227 3166 3283 demonstratum
3203 3237 3310 3294 est,
3335 3237 3388 3283 et
3418 3244 3506 3284 re-

1924 3331 2062 3381 rum,
2111 3330 2244 3385 quas
2271 3316 2530 3372 hactenus
2563 3318 2907 3373 tractavimus
2927 3361 2942 3384 ,
2985 3319 3122 3374 ordo
3149 3321 3365 3375 evincit.
3398 3321 3505 3376 Ve-

1925 3422 2040 3458 rmn
2069 3405 2442 3473 Pentateuchi,
2470 3409 2583 3463 sive
2606 3409 2840 3479 quinque
2865 3409 3027 3464 Mosis
3057 3410 3312 3465 librorum
3340 3412 3505 3467 inter-

1923 3497 2276 3563 pretationem
2307 3497 2508 3553 dudum
2541 3513 2826 3568 aggressus
2856 3501 3066 3554 videtur
3095 3501 3308 3556 hortatu
3352 3503 3504 3556 Desi-

1922 3588 2057 3642 derii
2109 3589 2356 3658 Aquitani
2411 3590 2755 3662 Presbyteri,
2801 3592 2916 3660 ejus
2960 3593 3026 3647 ad
3079 3609 3237 3663 quem
3299 3595 3502 3664 pridem

1926 3679 2215 3746 Epistulam
2261 3682 2314 3734 in
2356 3685 2672 3738 recensione
2705 3695 2884 3739 nostra
2918 3686 3126 3740 XLVII.
3165 3687 3421 3753 dederat,
3449 3696 3504 3742 et

1922 3786 2029 3839 quo
2052 3772 2390 3840 postmodum
2418 3773 2749 3841 impellente,
2773 3785 2960 3830 contra
2989 3775 3332 3845 Vigilantium
3372 3779 3506 3832 scri-

1925 3863 2049 3929 psit.
2095 3861 2279 3914 Eidem
2325 3862 2398 3916 illi
2452 3878 2586 3932 opus
2630 3863 2734 3919 hoc
2777 3881 2935 3919 suum
2976 3874 3161 3934 postea
3203 3865 3502 3931 dedicavit,

1923 3955 2076 4024 cujus
2115 3956 2343 4024 aliquam
2390 3965 2564 4010 tamen
2609 3967 2849 4026 partem,
2892 3967 3015 4026 puta
3046 3956 3299 4011 Genesim
3347 3968 3506 4028 atque

1925 4043 2165 4100 Exodum
2196 4044 2386 4099 saltem
2409 4043 2518 4113 jam
2545 4054 2670 4100 ante
2693 4061 2816 4100 eum
2841 4060 3040 4099 annum
3065 4047 3226 4100 etiam
3255 4045 3502 4102 absolve-

1924 4149 2045 4202 rat,
2073 4152 2235 4207 qutun
2281 4151 2410 4192 vere
2451 4151 2511 4192 se
2548 4137 2680 4191 dixit
2710 4137 2829 4192 aliis
2876 4137 2945 4193 de
2983 4136 3313 4194 Octateuclto
3356 4139 3507 4195 libris

1925 4227 2197 4282 insudare.
2233 4225 2340 4281 Hos
2371 4241 2531 4296 porro
2553 4227 2691 4282 alios
2717 4227 2806 4296 qui
2835 4229 3182 4294 superabant,
3213 4228 3504 4299 aliquibus.

1924 4319 2107 4374 nescio
2129 4317 2323 4388 quibus
2353 4317 2498 4372 curis
2529 4317 2816 4387 impeditus
2852 4319 2902 4373 in
2933 4329 3206 4388 posterum
3226 4360 3241 4385 ,
3269 4319 3411 4373 diem
3437 4317 3506 4374 de

1921 4409 2009 4463 die
2039 4408 2276 4470 trahens,
2310 4407 2537 4473 distulit,
2565 4422 2664 4463 nec
2693 4407 2794 4462 nisi
2824 4416 2945 4478 post
2973 4409 3151 4463 Paula:
3179 4407 3364 4463 matris
3390 4409 3506 4464 obi-

1923 4509 2057 4564 tum,
2089 4499 2204 4554 sive
2232 4505 2350 4567 post
2370 4512 2564 4552 annum
2587 4499 2694 4554 404
2734 4498 2981 4553 absolvit.
3020 4498 3362 4567 Compertum
3403 4497 3506 4554 hoc

1921 4602 2004 4647 est
2029 4607 2188 4663 quam
2225 4590 2366 4662 quod
2409 4591 2642 4646 maxime
2679 4606 2744 4645 ex
2781 4589 3101 4646 Prtel'atione
3128 4591 3180 4644 in
3216 4590 3381 4646 libros
3407 4591 3504 4648 Jo-

1919 4697 2056 4746 sne,
2109 4681 2356 4736 .ludienm
2407 4688 2460 4734 et
2512 4680 2688 4744 lluth,
2740 4695 2963 4749 quorum
3013 4681 3502 4751 interpretationem

1922 4771 2215 4826 Eustochio
2242 4775 2398 4825 enixe
2429 4771 2684 4840 ﬂagitanti
2714 4771 3068 4838 elucubravit,
3101 4772 3381 4844 eidemque
3409 4777 3502 4829 uni

1917 4861 2062 4914 dono
2087 4861 2252 4914 dedit.
2277 4861 2526 4924 Tandem,
2555 4861 2744 4930 inquit,
2773 4863 2917 4931 ﬁnito
2951 4862 3291 4918 l’entateucho
3319 4864 3500 4931 Hosis,

1918 4950 2072 5004 veluti
2102 4952 2286 5021 grandi
2314 4956 2504 5023 {tenore
2541 4953 2740 5007 liberati
2763 4995 2777 5016 ,
2825 4955 2892 5007 ad
2937 4954 3115 5009 Iesum
3151 4956 3314 5022 [ilium
3358 4955 3506 5012 Nave

1919 5059 2124 5096 silanum
2154 5044 2416 5110 mittimus,
2441 5061 2587 5112 quem
2619 5044 2820 5101 Hebraei
2840 5046 3003 5102 Josue
3033 5047 3134 5103 ben
3161 5048 3299 5112 Nnn,
3330 5050 3385 5103 id
3405 5059 3500 5117 est,

1917 5135 2080 5189 Josue
2120 5137 2284 5204 ﬁlium
2333 5135 2458 5192 Nun
2519 5137 2740 5204 Vocant,
2791 5149 2836 5194 et
2881 5140 2951 5193 ad
2995 5139 3240 5196 Iudicum
3284 5143 3498 5204 librum.

1916 5243 2062 5294 quem
2090 5227 2332 5296 Sophtitn
2377 5229 2665 5299 appellant,
2717 5230 2786 5283 ad
2817 5230 2955 5286 Ruth
2983 5247 3178 5304 quoque
3205 5241 3253 5288 et
3293 5231 3499 5298 Est/ter,

1915 5336 2042 5388 quos
2070 5321 2245 5374 iisdem
2273 5321 2559 5374 nominibus
2601 5321 2840 5388 efferunt.
2877 5323 2942 5378 Et
2968 5325 3070 5377 sub
3100 5324 3260 5379 linem
3287 5367 3300 5388 ,
3333 5324 3496 5379 Cirte-

1915 5428 2032 5465 rum
2059 5422 2170 5480 post
2193 5412 2398 5469 Sanctae
2425 5413 2608 5468 Paulle
2633 5416 3008 5481 domuitionem,
3039 5417 3185 5488 cuius
3212 5417 3313 5470 vita
3341 5417 3508 5471 virtu-

1917 5507 1980 5559 tis
2006 5506 2290 5574 exemplum
2315 5514 2406 5567 est,
2437 5515 2483 5559 et
2523 5505 2612 5560 hos
2643 5505 2816 5572 libros,
2850 5521 2974 5576 quos
3007 5505 3279 5562 Eustochio
3319 5507 3501 5578 uirgini

1917 5597 2104 5652 Christi
2131 5613 2316 5668 negare
2357 5614 2457 5652 non
2489 5601 2661 5669 potui,
2694 5599 3002 5654 decrevimus
3025 5637 3040 5662 ,
3068 5608 3176 5653 etc.
3205 5597 3345 5653 Obiit
3374 5613 3503 5652 vero

1917 5689 2058 5746 diem
2100 5705 2257 5745 suum
2290 5689 2484 5750 Paula.
2533 5699 2590 5744 ut
2632 5690 2759 5744 alibi
2808 5689 3136 5744 declaratum
3183 5696 3265 5743 est
3304 5687 3458 5744 nobis
3483 5688 3518 5752 ,'

1920 5787 2140 5856 ipsoqttc
2168 5783 2281 5853 ejus
2313 5782 2595 5853 Epitapbio
2624 5790 2850 5846 constat,
2898 5778 3125 5834 Honorio
3157 5779 3285 5849 Aug.
3322 5775 3394 5832 VI
3455 5791 3504 5834 rt
