  <div class='ocr_page' id='page_1' title='image "/cluster/home/n/w/nwhite01/storage/ocr_20150623/22/hvd.32044015471378/095.png"; bbox 0 0 4004 6328; ppageno 0'>
   <div class='ocr_carea' id='block_1_1' title="bbox 466 374 3721 448">
    <p class='ocr_par' dir='ltr' id='par_1_1' title="bbox 466 374 3721 448">
     <span class='ocr_line' id='line_1_1' title="bbox 466 374 3721 448; baseline -0.009 0"><span class='ocrx_word' id='word_1_1' title='bbox 466 391 540 448; x_wconf 72' lang='lat'><strong>83</strong></span> <span class='ocrx_word' id='word_1_2' title='bbox 576 394 579 397; x_wconf 37' lang='grc' dir='ltr'>λ</span> <span class='ocrx_word' id='word_1_3' title='bbox 1740 380 1797 437; x_wconf 83' lang='lat' dir='ltr'><strong>S.</strong></span> <span class='ocrx_word' id='word_1_4' title='bbox 1838 374 2211 433; x_wconf 74' lang='lat' dir='ltr'><strong>HIERONYMI</strong></span> <span class='ocrx_word' id='word_1_5' title='bbox 2254 376 2435 431; x_wconf 76' lang='lat' dir='ltr'><strong>VITA.</strong></span> <span class='ocrx_word' id='word_1_6' title='bbox 3651 380 3721 437; x_wconf 62' lang='grc' dir='ltr'><strong>ει</strong></span> 
     </span>
    </p>
   </div>
   <div class='ocr_carea' id='block_1_2' title="bbox 468 488 2040 570">
    <p class='ocr_par' dir='ltr' id='par_1_2' title="bbox 468 488 2040 570">
     <span class='ocr_line' id='line_1_2' title="bbox 468 488 2040 570; baseline -0.008 -14"><span class='ocrx_word' id='word_1_7' title='bbox 468 504 764 558; x_wconf 73' lang='lat' dir='ltr'><strong>Aristteneto</strong></span> <span class='ocrx_word' id='word_1_8' title='bbox 788 499 931 556; x_wconf 86' lang='lat' dir='ltr'><strong>Coss.</strong></span> <span class='ocrx_word' id='word_1_9' title='bbox 972 512 1094 570; x_wconf 73' lang='lat' dir='ltr'><strong>qua:</strong></span> <span class='ocrx_word' id='word_1_10' title='bbox 1124 496 1246 553; x_wconf 88' lang='lat' dir='ltr'><strong>anni</strong></span> <span class='ocrx_word' id='word_1_11' title='bbox 1273 496 1376 552; x_wconf 63' lang='grc'><strong>404</strong></span> <span class='ocrx_word' id='word_1_12' title='bbox 1405 501 1529 549; x_wconf 81' lang='lat' dir='ltr'><strong>nota</strong></span> <span class='ocrx_word' id='word_1_13' title='bbox 1568 500 1677 548; x_wconf 84' lang='lat' dir='ltr'><strong>est.</strong></span> <span class='ocrx_word' id='word_1_14' title='bbox 1706 490 1885 545; x_wconf 91' lang='lat' dir='ltr'><strong>Potest</strong></span> <span class='ocrx_word' id='word_1_15' title='bbox 1921 488 2040 543; x_wconf 77' lang='lat' dir='ltr'><strong>lucc</strong></span> 
     </span>
    </p>
   </div>
   <div class='ocr_carea' id='block_1_3' title="bbox 467 578 2040 663">
    <p class='ocr_par' dir='ltr' id='par_1_3' title="bbox 467 578 2040 663">
     <span class='ocr_line' id='line_1_3' title="bbox 467 578 2040 663; baseline -0.011 -15"><span class='ocrx_word' id='word_1_16' title='bbox 467 595 626 663; x_wconf 88' lang='lat' dir='ltr'><strong>igitur</strong></span> <span class='ocrx_word' id='word_1_17' title='bbox 647 592 928 648; x_wconf 85' lang='lat' dir='ltr'><strong>commode</strong></span> <span class='ocrx_word' id='word_1_18' title='bbox 956 593 1011 646; x_wconf 92' lang='lat' dir='ltr'><strong>in</strong></span> <span class='ocrx_word' id='word_1_19' title='bbox 1054 590 1466 659; x_wconf 79' lang='lat' dir='ltr'><strong>subsequentem</strong></span> <span class='ocrx_word' id='word_1_20' title='bbox 1505 584 1682 639; x_wconf 84' lang='lat' dir='ltr'><strong>versio</strong></span> <span class='ocrx_word' id='word_1_21' title='bbox 1730 578 2040 644; x_wconf 90' lang='lat' dir='ltr'><strong>transferri,</strong></span> 
     </span>
    </p>
   </div>
   <div class='ocr_carea' id='block_1_4' title="bbox 464 673 2039 755">
    <p class='ocr_par' dir='ltr' id='par_1_4' title="bbox 464 673 2039 755">
     <span class='ocr_line' id='line_1_4' title="bbox 464 673 2039 755; baseline -0.01 -15"><span class='ocrx_word' id='word_1_22' title='bbox 464 698 569 755; x_wconf 89' lang='lat' dir='ltr'><strong>qua</strong></span> <span class='ocrx_word' id='word_1_23' title='bbox 600 687 884 742; x_wconf 86' lang='lat' dir='ltr'><strong>universus</strong></span> <span class='ocrx_word' id='word_1_24' title='bbox 912 684 1189 739; x_wconf 88' lang='lat' dir='ltr'><strong>absolutus</strong></span> <span class='ocrx_word' id='word_1_25' title='bbox 1211 690 1296 736; x_wconf 86' lang='lat' dir='ltr'><strong>est</strong></span> <span class='ocrx_word' id='word_1_26' title='bbox 1326 680 1580 733; x_wconf 59' lang='lat' dir='ltr'><strong>Hebraeus</strong></span> <span class='ocrx_word' id='word_1_27' title='bbox 1614 690 1785 730; x_wconf 88' lang='lat' dir='ltr'><strong>canon</strong></span> <span class='ocrx_word' id='word_1_28' title='bbox 1806 715 1820 739; x_wconf 92' lang='lat'><strong>,</strong></span> <span class='ocrx_word' id='word_1_29' title='bbox 1859 673 2039 738; x_wconf 90' lang='lat' dir='ltr'><strong>ducto,</strong></span> 
     </span>
    </p>
   </div>
   <div class='ocr_carea' id='block_1_5' title="bbox 463 764 2039 843">
    <p class='ocr_par' dir='ltr' id='par_1_5' title="bbox 463 764 2039 843">
     <span class='ocr_line' id='line_1_5' title="bbox 463 764 2039 843; baseline -0.01 -11"><span class='ocrx_word' id='word_1_30' title='bbox 463 787 522 832; x_wconf 91' lang='lat' dir='ltr'><strong>ut</strong></span> <span class='ocrx_word' id='word_1_31' title='bbox 570 777 898 843; x_wconf 85' lang='lat' dir='ltr'><strong>dicebamus,</strong></span> <span class='ocrx_word' id='word_1_32' title='bbox 946 775 1096 831; x_wconf 90' lang='lat' dir='ltr'><strong>initio</strong></span> <span class='ocrx_word' id='word_1_33' title='bbox 1122 790 1149 827; x_wconf 87' lang='lat' dir='ltr'><strong>a</strong></span> <span class='ocrx_word' id='word_1_34' title='bbox 1180 771 1463 835; x_wconf 88' lang='lat' dir='ltr'><strong>Samuele,</strong></span> <span class='ocrx_word' id='word_1_35' title='bbox 1492 785 1589 824; x_wconf 90' lang='lat' dir='ltr'><strong>seu</strong></span> <span class='ocrx_word' id='word_1_36' title='bbox 1629 768 1830 836; x_wconf 80' lang='lat' dir='ltr'><strong>Regum</strong></span> <span class='ocrx_word' id='word_1_37' title='bbox 1868 764 2039 826; x_wconf 82' lang='lat' dir='ltr'><strong>libris,</strong></span> 
     </span>
    </p>
   </div>
   <div class='ocr_carea' id='block_1_6' title="bbox 463 856 2044 938">
    <p class='ocr_par' dir='ltr' id='par_1_6' title="bbox 463 856 2044 938">
     <span class='ocr_line' id='line_1_6' title="bbox 463 856 2044 938; baseline -0.009 -15"><span class='ocrx_word' id='word_1_38' title='bbox 463 869 531 924; x_wconf 86' lang='lat' dir='ltr'><strong>ad</strong></span> <span class='ocrx_word' id='word_1_39' title='bbox 558 868 771 934; x_wconf 93' lang='lat' dir='ltr'><strong>Esther,</strong></span> <span class='ocrx_word' id='word_1_40' title='bbox 803 883 909 938; x_wconf 93' lang='lat' dir='ltr'><strong>quo</strong></span> <span class='ocrx_word' id='word_1_41' title='bbox 948 867 1106 921; x_wconf 85' lang='lat' dir='ltr'><strong>linem</strong></span> <span class='ocrx_word' id='word_1_42' title='bbox 1132 864 1417 920; x_wconf 87' lang='lat' dir='ltr'><strong>exantlatis</strong></span> <span class='ocrx_word' id='word_1_43' title='bbox 1443 859 1705 927; x_wconf 79' lang='lat' dir='ltr'><strong>ejusmodi</strong></span> <span class='ocrx_word' id='word_1_44' title='bbox 1744 873 1839 927; x_wconf 88' lang='lat' dir='ltr'><strong>per</strong></span> <span class='ocrx_word' id='word_1_45' title='bbox 1878 856 2044 910; x_wconf 83' lang='lat' dir='ltr'><strong>ferme</strong></span> 
     </span>
    </p>
   </div>
   <div class='ocr_carea' id='block_1_7' title="bbox 466 944 2043 1027">
    <p class='ocr_par' dir='ltr' id='par_1_7' title="bbox 466 944 2043 1027">
     <span class='ocr_line' id='line_1_7' title="bbox 466 944 2043 1027; baseline -0.011 -13"><span class='ocrx_word' id='word_1_46' title='bbox 466 958 923 1027; x_wconf 87' lang='lat' dir='ltr'><strong>quindecennium</strong></span> <span class='ocrx_word' id='word_1_47' title='bbox 971 956 1241 1011; x_wconf 84' lang='lat' dir='ltr'><strong>laboribus</strong></span> <span class='ocrx_word' id='word_1_48' title='bbox 1287 954 1343 1009; x_wconf 85' lang='lat' dir='ltr'><strong>S.</strong></span> <span class='ocrx_word' id='word_1_49' title='bbox 1395 952 1555 1007; x_wconf 89' lang='lat' dir='ltr'><strong>Pater</strong></span> <span class='ocrx_word' id='word_1_50' title='bbox 1605 948 1875 1016; x_wconf 82' lang='lat' dir='ltr'><strong>imposuit.</strong></span> <span class='ocrx_word' id='word_1_51' title='bbox 1927 944 2043 999; x_wconf 85' lang='lat' dir='ltr'><strong>Jam</strong></span> 
     </span>
    </p>
   </div>
   <div class='ocr_carea' id='block_1_8' title="bbox 468 1033 2045 1118">
    <p class='ocr_par' dir='ltr' id='par_1_8' title="bbox 468 1033 2045 1118">
     <span class='ocr_line' id='line_1_8' title="bbox 468 1033 2045 1118; baseline -0.009 -17"><span class='ocrx_word' id='word_1_52' title='bbox 468 1063 598 1103; x_wconf 87' lang='lat' dir='ltr'><strong>vero</strong></span> <span class='ocrx_word' id='word_1_53' title='bbox 626 1064 745 1118; x_wconf 79' lang='lat' dir='ltr'><strong>quae</strong></span> <span class='ocrx_word' id='word_1_54' title='bbox 771 1048 1058 1107; x_wconf 82' lang='lat' dir='ltr'><strong>fortunam.</strong></span> <span class='ocrx_word' id='word_1_55' title='bbox 1094 1054 1153 1100; x_wconf 92' lang='lat' dir='ltr'><strong>ut</strong></span> <span class='ocrx_word' id='word_1_56' title='bbox 1180 1045 1250 1099; x_wconf 88' lang='lat' dir='ltr'><strong>ita</strong></span> <span class='ocrx_word' id='word_1_57' title='bbox 1281 1043 1455 1098; x_wconf 89' lang='lat' dir='ltr'><strong>dicam</strong></span> <span class='ocrx_word' id='word_1_58' title='bbox 1480 1041 1598 1108; x_wconf 86' lang='lat' dir='ltr'><strong>ejus</strong></span> <span class='ocrx_word' id='word_1_59' title='bbox 1622 1036 1883 1094; x_wconf 88' lang='lat' dir='ltr'><strong>Editionis</strong></span> <span class='ocrx_word' id='word_1_60' title='bbox 1905 1033 2045 1104; x_wconf 90' lang='lat' dir='ltr'><strong>apud</strong></span> 
     </span>
    </p>
   </div>
   <div class='ocr_carea' id='block_1_9' title="bbox 468 1130 2048 1206">
    <p class='ocr_par' dir='ltr' id='par_1_9' title="bbox 468 1130 2048 1206">
     <span class='ocr_line' id='line_1_9' title="bbox 468 1130 2048 1206; baseline -0.009 -14"><span class='ocrx_word' id='word_1_61' title='bbox 468 1137 687 1193; x_wconf 88' lang='lat' dir='ltr'><strong>Latinas</strong></span> <span class='ocrx_word' id='word_1_62' title='bbox 708 1136 997 1201; x_wconf 87' lang='lat' dir='ltr'><strong>Ecclesias,</strong></span> <span class='ocrx_word' id='word_1_63' title='bbox 1020 1149 1245 1206; x_wconf 66' lang='lat' dir='ltr'><strong>qumque</strong></span> <span class='ocrx_word' id='word_1_64' title='bbox 1268 1132 1540 1187; x_wconf 81' lang='lat' dir='ltr'><strong>historiam</strong></span> <span class='ocrx_word' id='word_1_65' title='bbox 1562 1130 1849 1200; x_wconf 83' lang='lat' dir='ltr'><strong>pertinent,</strong></span> <span class='ocrx_word' id='word_1_66' title='bbox 1874 1135 1929 1181; x_wconf 91' lang='lat' dir='ltr'><strong>et</strong></span> <span class='ocrx_word' id='word_1_67' title='bbox 1948 1138 2048 1179; x_wconf 88' lang='lat' dir='ltr'><strong>nos</strong></span> 
     </span>
    </p>
   </div>
   <div class='ocr_carea' id='block_1_10' title="bbox 469 1216 2046 1297">
    <p class='ocr_par' dir='ltr' id='par_1_10' title="bbox 469 1216 2046 1297">
     <span class='ocr_line' id='line_1_10' title="bbox 469 1216 2046 1297; baseline -0.008 -15"><span class='ocrx_word' id='word_1_68' title='bbox 469 1229 742 1297; x_wconf 80' lang='lat' dir='ltr'><strong>attigimus</strong></span> <span class='ocrx_word' id='word_1_69' title='bbox 772 1242 839 1283; x_wconf 84' lang='lat' dir='ltr'><strong>ex</strong></span> <span class='ocrx_word' id='word_1_70' title='bbox 873 1234 1025 1296; x_wconf 88' lang='lat' dir='ltr'><strong>parte</strong></span> <span class='ocrx_word' id='word_1_71' title='bbox 1072 1226 1124 1279; x_wconf 92' lang='lat' dir='ltr'><strong>in</strong></span> <span class='ocrx_word' id='word_1_72' title='bbox 1170 1222 1488 1279; x_wconf 72' lang='lat' dir='ltr'><strong>Praefatione</strong></span> <span class='ocrx_word' id='word_1_73' title='bbox 1525 1221 1592 1275; x_wconf 91' lang='lat' dir='ltr'><strong>ad</strong></span> <span class='ocrx_word' id='word_1_74' title='bbox 1638 1219 1903 1275; x_wconf 81' lang='lat' dir='ltr'><strong>decimum</strong></span> <span class='ocrx_word' id='word_1_75' title='bbox 1942 1216 2046 1270; x_wconf 87' lang='grc' dir='ltr'>Το-</span> 
     </span>
    </p>
   </div>
   <div class='ocr_carea' id='block_1_11' title="bbox 472 1298 2049 1385">
    <p class='ocr_par' dir='ltr' id='par_1_11' title="bbox 472 1298 2049 1385">
     <span class='ocr_line' id='line_1_11' title="bbox 472 1298 2049 1385; baseline -0.008 -14"><span class='ocrx_word' id='word_1_76' title='bbox 472 1332 642 1383; x_wconf 92' lang='lat' dir='ltr'><strong>mum,</strong></span> <span class='ocrx_word' id='word_1_77' title='bbox 669 1326 723 1373; x_wconf 91' lang='lat' dir='ltr'><strong>et</strong></span> <span class='ocrx_word' id='word_1_78' title='bbox 744 1298 832 1371; x_wconf 82' lang='lat' dir='ltr'><strong>alii</strong></span> <span class='ocrx_word' id='word_1_79' title='bbox 871 1315 1076 1385; x_wconf 85' lang='lat' dir='ltr'><strong>pridem</strong></span> <span class='ocrx_word' id='word_1_80' title='bbox 1106 1312 1286 1370; x_wconf 89' lang='lat' dir='ltr'><strong>Critici</strong></span> <span class='ocrx_word' id='word_1_81' title='bbox 1314 1310 1693 1377; x_wconf 89' lang='lat' dir='ltr'><strong>eruditissimi,</strong></span> <span class='ocrx_word' id='word_1_82' title='bbox 1719 1322 1945 1380; x_wconf 87' lang='lat' dir='ltr'><strong>quorum</strong></span> <span class='ocrx_word' id='word_1_83' title='bbox 1978 1304 2049 1360; x_wconf 89' lang='lat' dir='ltr'><strong>ibi</strong></span> 
     </span>
    </p>
   </div>
   <div class='ocr_carea' id='block_1_12' title="bbox 471 1397 2050 1475">
    <p class='ocr_par' dir='ltr' id='par_1_12' title="bbox 471 1397 2050 1475">
     <span class='ocr_line' id='line_1_12' title="bbox 471 1397 2050 1475; baseline -0.006 -15"><span class='ocrx_word' id='word_1_84' title='bbox 471 1406 750 1461; x_wconf 84' lang='lat' dir='ltr'><strong>laudamus</strong></span> <span class='ocrx_word' id='word_1_85' title='bbox 780 1404 849 1461; x_wconf 88' lang='lat' dir='ltr'><strong>de</strong></span> <span class='ocrx_word' id='word_1_86' title='bbox 868 1405 1083 1460; x_wconf 89' lang='lat' dir='ltr'><strong>nomine</strong></span> <span class='ocrx_word' id='word_1_87' title='bbox 1107 1404 1334 1475; x_wconf 87' lang='lat' dir='ltr'><strong>aliquos,</strong></span> <span class='ocrx_word' id='word_1_88' title='bbox 1362 1403 1767 1459; x_wconf 89' lang='lat' dir='ltr'><strong>edisseruerunt</strong></span> <span class='ocrx_word' id='word_1_89' title='bbox 1786 1416 1801 1465; x_wconf 90' lang='lat'><strong>;</strong></span> <span class='ocrx_word' id='word_1_90' title='bbox 1821 1397 2050 1466; x_wconf 86' lang='lat' dir='ltr'><strong>denique</strong></span> 
     </span>
    </p>
   </div>
   <div class='ocr_carea' id='block_1_13' title="bbox 471 1494 2052 1567">
    <p class='ocr_par' dir='ltr' id='par_1_13' title="bbox 471 1494 2052 1567">
     <span class='ocr_line' id='line_1_13' title="bbox 471 1494 2052 1567; baseline -0.007 -14"><span class='ocrx_word' id='word_1_91' title='bbox 471 1498 538 1553; x_wconf 88' lang='lat' dir='ltr'><strong>ad</strong></span> <span class='ocrx_word' id='word_1_92' title='bbox 581 1497 755 1553; x_wconf 82' lang='lat' dir='ltr'><strong>Vitam</strong></span> <span class='ocrx_word' id='word_1_93' title='bbox 798 1498 857 1553; x_wconf 93' lang='lat' dir='ltr'><strong>S.</strong></span> <span class='ocrx_word' id='word_1_94' title='bbox 895 1497 1174 1564; x_wconf 90' lang='lat' dir='ltr'><strong>Doctoris,</strong></span> <span class='ocrx_word' id='word_1_95' title='bbox 1203 1510 1363 1567; x_wconf 86' lang='lat' dir='ltr'><strong>quam</strong></span> <span class='ocrx_word' id='word_1_96' title='bbox 1390 1494 1672 1550; x_wconf 81' lang='lat' dir='ltr'><strong>scribimus</strong></span> <span class='ocrx_word' id='word_1_97' title='bbox 1694 1533 1709 1561; x_wconf 94' lang='lat'><strong>,</strong></span> <span class='ocrx_word' id='word_1_98' title='bbox 1738 1505 1922 1562; x_wconf 91' lang='lat' dir='ltr'><strong>parum</strong></span> <span class='ocrx_word' id='word_1_99' title='bbox 1960 1496 2052 1542; x_wconf 89' lang='lat' dir='ltr'><strong>aut</strong></span> 
     </span>
    </p>
   </div>
   <div class='ocr_carea' id='block_1_14' title="bbox 473 1587 900 1658">
    <p class='ocr_par' dir='ltr' id='par_1_14' title="bbox 473 1587 900 1658">
     <span class='ocr_line' id='line_1_14' title="bbox 473 1587 900 1658; baseline -0.007 -16"><span class='ocrx_word' id='word_1_100' title='bbox 473 1587 608 1643; x_wconf 88' lang='lat' dir='ltr'><strong>nihil</strong></span> <span class='ocrx_word' id='word_1_101' title='bbox 636 1595 900 1658; x_wconf 86' lang='lat' dir='ltr'><strong>spectant.</strong></span> 
     </span>
    </p>
   </div>
   <div class='ocr_carea' id='block_1_15' title="bbox 1035 1740 1451 1799">
    <p class='ocr_par' dir='ltr' id='par_1_15' title="bbox 1035 1740 1451 1799">
     <span class='ocr_line' id='line_1_15' title="bbox 1035 1740 1451 1799; baseline -0.012 -1"><span class='ocrx_word' id='word_1_102' title='bbox 1035 1740 1261 1799; x_wconf 84' lang='lat' dir='ltr'><strong>CAPUT</strong></span> <span class='ocrx_word' id='word_1_103' title='bbox 1286 1740 1451 1796; x_wconf 76' lang='lat' dir='ltr'><strong>XXII.</strong></span> 
     </span>
    </p>
   </div>
   <div class='ocr_carea' id='block_1_16' title="bbox 476 1867 2055 1943">
    <p class='ocr_par' dir='ltr' id='par_1_16' title="bbox 476 1867 2055 1943">
     <span class='ocr_line' id='line_1_16' title="bbox 476 1867 2055 1943; baseline -0.008 -14"><span class='ocrx_word' id='word_1_104' title='bbox 476 1872 519 1929; x_wconf 88' lang='grc' dir='ltr'><strong>ι.</strong></span> <span class='ocrx_word' id='word_1_105' title='bbox 558 1872 882 1929; x_wconf 83' lang='lat' dir='ltr'><strong>Intereadum</strong></span> <span class='ocrx_word' id='word_1_106' title='bbox 927 1875 1093 1928; x_wconf 81' lang='lat' dir='ltr'><strong>varias</strong></span> <span class='ocrx_word' id='word_1_107' title='bbox 1142 1873 1483 1943; x_wconf 75' lang='lat' dir='ltr'><strong>Hieronymus</strong></span> <span class='ocrx_word' id='word_1_108' title='bbox 1538 1870 1606 1923; x_wconf 91' lang='lat' dir='ltr'><strong>ad</strong></span> <span class='ocrx_word' id='word_1_109' title='bbox 1639 1867 1862 1923; x_wconf 88' lang='lat' dir='ltr'><strong>Paulum</strong></span> <span class='ocrx_word' id='word_1_110' title='bbox 1904 1874 2055 1933; x_wconf 85' lang='lat' dir='ltr'><strong>atque</strong></span> 
     </span>
    </p>
   </div>
   <div class='ocr_carea' id='block_1_17' title="bbox 548 1957 2055 2036">
    <p class='ocr_par' dir='ltr' id='par_1_17' title="bbox 548 1957 2055 2036">
     <span class='ocr_line' id='line_1_17' title="bbox 548 1957 2055 2036; baseline -0.008 -15"><span class='ocrx_word' id='word_1_111' title='bbox 548 1966 882 2022; x_wconf 87' lang='lat' dir='ltr'><strong>Eustochium</strong></span> <span class='ocrx_word' id='word_1_112' title='bbox 936 1966 1189 2036; x_wconf 86' lang='lat' dir='ltr'><strong>Epistolas</strong></span> <span class='ocrx_word' id='word_1_113' title='bbox 1226 1965 1415 2021; x_wconf 75' lang='lat' dir='ltr'><strong>scribit.</strong></span> <span class='ocrx_word' id='word_1_114' title='bbox 1460 1962 1523 2016; x_wconf 91' lang='lat' dir='ltr'><strong>ll.</strong></span> <span class='ocrx_word' id='word_1_115' title='bbox 1556 1960 1772 2029; x_wconf 74' lang='lat' dir='ltr'><strong>Scripsit</strong></span> <span class='ocrx_word' id='word_1_116' title='bbox 1810 1958 1959 2011; x_wconf 89' lang='lat' dir='ltr'><strong>etiam</strong></span> <span class='ocrx_word' id='word_1_117' title='bbox 2000 1957 2055 2010; x_wconf 89' lang='lat' dir='ltr'><strong>in</strong></span> 
     </span>
    </p>
   </div>
   <div class='ocr_carea' id='block_1_18' title="bbox 550 2049 2053 2126">
    <p class='ocr_par' dir='ltr' id='par_1_18' title="bbox 550 2049 2053 2126">
     <span class='ocr_line' id='line_1_18' title="bbox 550 2049 2053 2126; baseline -0.005 -16"><span class='ocrx_word' id='word_1_118' title='bbox 550 2057 841 2125; x_wconf 70' lang='lat' dir='ltr'><strong>Michaeam,</strong></span> <span class='ocrx_word' id='word_1_119' title='bbox 874 2057 1190 2126; x_wconf 79' lang='lat' dir='ltr'><strong>Sophoniam</strong></span> <span class='ocrx_word' id='word_1_120' title='bbox 1214 2097 1229 2122; x_wconf 92' lang='lat'><strong>,</strong></span> <span class='ocrx_word' id='word_1_121' title='bbox 1265 2056 1437 2108; x_wconf 85' lang='lat' dir='ltr'><strong>Naunt</strong></span> <span class='ocrx_word' id='word_1_122' title='bbox 1460 2096 1475 2117; x_wconf 94' lang='lat'><strong>,</strong></span> <span class='ocrx_word' id='word_1_123' title='bbox 1504 2054 1705 2106; x_wconf 84' lang='lat' dir='ltr'><strong>Abacuc</strong></span> <span class='ocrx_word' id='word_1_124' title='bbox 1728 2094 1743 2117; x_wconf 91' lang='lat'><strong>,</strong></span> <span class='ocrx_word' id='word_1_125' title='bbox 1778 2060 1926 2119; x_wconf 86' lang='lat' dir='ltr'><strong>atque</strong></span> <span class='ocrx_word' id='word_1_126' title='bbox 1947 2049 2053 2118; x_wconf 78' lang='lat' dir='ltr'><strong>Ag-</strong></span> 
     </span>
    </p>
   </div>
   <div class='ocr_carea' id='block_1_19' title="bbox 552 2142 2058 2219">
    <p class='ocr_par' dir='ltr' id='par_1_19' title="bbox 552 2142 2058 2219">
     <span class='ocr_line' id='line_1_19' title="bbox 552 2142 2058 2219; baseline -0.007 -17"><span class='ocrx_word' id='word_1_127' title='bbox 552 2165 718 2219; x_wconf 80' lang='lat' dir='ltr'><strong>gamm</strong></span> <span class='ocrx_word' id='word_1_128' title='bbox 766 2147 1183 2202; x_wconf 82' lang='lat' dir='ltr'><strong>Commentarios.</strong></span> <span class='ocrx_word' id='word_1_129' title='bbox 1213 2147 1301 2202; x_wconf 89' lang='grc'><strong>111.</strong></span> <span class='ocrx_word' id='word_1_130' title='bbox 1336 2146 1478 2200; x_wconf 86' lang='lat' dir='ltr'><strong>Num</strong></span> <span class='ocrx_word' id='word_1_131' title='bbox 1497 2142 1685 2198; x_wconf 79' lang='lat' dir='ltr'><strong>Ionam</strong></span> <span class='ocrx_word' id='word_1_132' title='bbox 1713 2151 1859 2195; x_wconf 83' lang='lat' dir='ltr'><strong>antea</strong></span> <span class='ocrx_word' id='word_1_133' title='bbox 1903 2155 2058 2208; x_wconf 74' lang='lat' dir='ltr'><strong>expo-</strong></span> 
     </span>
    </p>
   </div>
   <div class='ocr_carea' id='block_1_20' title="bbox 550 2231 2055 2307">
    <p class='ocr_par' dir='ltr' id='par_1_20' title="bbox 550 2231 2055 2307">
     <span class='ocr_line' id='line_1_20' title="bbox 550 2231 2055 2307; baseline -0.009 -11"><span class='ocrx_word' id='word_1_134' title='bbox 550 2242 744 2307; x_wconf 87' lang='lat' dir='ltr'><strong>suerit,</strong></span> <span class='ocrx_word' id='word_1_135' title='bbox 774 2250 821 2296; x_wconf 91' lang='lat' dir='ltr'><strong>et</strong></span> <span class='ocrx_word' id='word_1_136' title='bbox 848 2258 967 2294; x_wconf 86' lang='lat' dir='ltr'><strong>num</strong></span> <span class='ocrx_word' id='word_1_137' title='bbox 994 2241 1236 2294; x_wconf 81' lang='lat' dir='ltr'><strong>breviores</strong></span> <span class='ocrx_word' id='word_1_138' title='bbox 1265 2238 1392 2293; x_wconf 89' lang='lat' dir='ltr'><strong>alios</strong></span> <span class='ocrx_word' id='word_1_139' title='bbox 1418 2235 1814 2293; x_wconf 81' lang='lat' dir='ltr'><strong>Commentarios</strong></span> <span class='ocrx_word' id='word_1_140' title='bbox 1856 2233 1909 2284; x_wconf 86' lang='lat' dir='ltr'><strong>in</strong></span> <span class='ocrx_word' id='word_1_141' title='bbox 1950 2231 2055 2284; x_wconf 86' lang='lat' dir='ltr'><strong>sin-</strong></span> 
     </span>
    </p>
   </div>
   <div class='ocr_carea' id='block_1_21' title="bbox 557 2321 2056 2402">
    <p class='ocr_par' dir='ltr' id='par_1_21' title="bbox 557 2321 2056 2402">
     <span class='ocr_line' id='line_1_21' title="bbox 557 2321 2056 2402; baseline -0.009 -15"><span class='ocrx_word' id='word_1_142' title='bbox 557 2333 703 2401; x_wconf 86' lang='lat' dir='ltr'><strong>gulos</strong></span> <span class='ocrx_word' id='word_1_143' title='bbox 778 2332 1042 2385; x_wconf 85' lang='lat' dir='ltr'><strong>duodecim</strong></span> <span class='ocrx_word' id='word_1_144' title='bbox 1098 2330 1383 2402; x_wconf 78' lang='lat' dir='ltr'><strong>PrOphetas</strong></span> <span class='ocrx_word' id='word_1_145' title='bbox 1434 2330 1652 2381; x_wconf 84' lang='lat' dir='ltr'><strong>minores</strong></span> <span class='ocrx_word' id='word_1_146' title='bbox 1706 2321 2056 2379; x_wconf 77' lang='lat' dir='ltr'><strong>etucubrarit?</strong></span> 
     </span>
    </p>
   </div>
   <div class='ocr_carea' id='block_1_22' title="bbox 556 2415 2049 2492">
    <p class='ocr_par' dir='ltr' id='par_1_22' title="bbox 556 2415 2049 2492">
     <span class='ocr_line' id='line_1_22' title="bbox 556 2415 2049 2492; baseline -0.006 -16"><span class='ocrx_word' id='word_1_147' title='bbox 556 2421 643 2476; x_wconf 84' lang='lat' dir='ltr'><strong>IV.</strong></span> <span class='ocrx_word' id='word_1_148' title='bbox 681 2422 872 2476; x_wconf 86' lang='lat' dir='ltr'><strong>Eadem</strong></span> <span class='ocrx_word' id='word_1_149' title='bbox 901 2439 1053 2492; x_wconf 80' lang='lat' dir='ltr'><strong>opera</strong></span> <span class='ocrx_word' id='word_1_150' title='bbox 1093 2424 1221 2475; x_wconf 87' lang='lat' dir='ltr'><strong>alios</strong></span> <span class='ocrx_word' id='word_1_151' title='bbox 1251 2422 1537 2491; x_wconf 80' lang='lat' dir='ltr'><strong>Prophetas</strong></span> <span class='ocrx_word' id='word_1_152' title='bbox 1584 2420 1841 2473; x_wconf 83' lang='lat' dir='ltr'><strong>illustrare</strong></span> <span class='ocrx_word' id='word_1_153' title='bbox 1870 2415 2049 2486; x_wconf 86' lang='lat' dir='ltr'><strong>pergit.</strong></span> 
     </span>
    </p>
   </div>
   <div class='ocr_carea' id='block_1_23' title="bbox 550 2513 1569 2569">
    <p class='ocr_par' dir='ltr' id='par_1_23' title="bbox 550 2513 1569 2569">
     <span class='ocr_line' id='line_1_23' title="bbox 550 2513 1569 2569; baseline -0.002 0"><span class='ocrx_word' id='word_1_154' title='bbox 550 2515 619 2569; x_wconf 71' lang='grc' dir='ltr'><strong>γ.</strong></span> <span class='ocrx_word' id='word_1_155' title='bbox 647 2514 853 2569; x_wconf 85' lang='lat' dir='ltr'><strong>Librum</strong></span> <span class='ocrx_word' id='word_1_156' title='bbox 883 2515 945 2568; x_wconf 87' lang='lat' dir='ltr'><strong>de</strong></span> <span class='ocrx_word' id='word_1_157' title='bbox 975 2514 1108 2569; x_wconf 78' lang='lat' dir='ltr'><strong>Viris</strong></span> <span class='ocrx_word' id='word_1_158' title='bbox 1134 2513 1422 2568; x_wconf 84' lang='lat' dir='ltr'><strong>Illustribus</strong></span> <span class='ocrx_word' id='word_1_159' title='bbox 1449 2513 1569 2567; x_wconf 87' lang='lat' dir='ltr'><strong>edit.</strong></span> 
     </span>
    </p>
   </div>
   <div class='ocr_carea' id='block_1_24' title="bbox 552 2653 2057 2730">
    <p class='ocr_par' dir='ltr' id='par_1_24' title="bbox 552 2653 2057 2730">
     <span class='ocr_line' id='line_1_24' title="bbox 552 2653 2057 2730; baseline -0.006 -16"><span class='ocrx_word' id='word_1_160' title='bbox 552 2659 595 2714; x_wconf 84' lang='grc' dir='ltr'><strong>Ι.</strong></span> <span class='ocrx_word' id='word_1_161' title='bbox 624 2660 892 2730; x_wconf 86' lang='lat' dir='ltr'><strong>Compulit</strong></span> <span class='ocrx_word' id='word_1_162' title='bbox 921 2675 1020 2715; x_wconf 91' lang='lat' dir='ltr'><strong>nos</strong></span> <span class='ocrx_word' id='word_1_163' title='bbox 1047 2660 1303 2714; x_wconf 88' lang='lat' dir='ltr'><strong>librorum</strong></span> <span class='ocrx_word' id='word_1_164' title='bbox 1344 2658 1632 2727; x_wconf 74' lang='lat' dir='ltr'><strong>Scriptura:</strong></span> <span class='ocrx_word' id='word_1_165' title='bbox 1660 2657 1831 2710; x_wconf 89' lang='lat' dir='ltr'><strong>series</strong></span> <span class='ocrx_word' id='word_1_166' title='bbox 1872 2653 2057 2708; x_wconf 80' lang='lat' dir='ltr'><strong>tantis-</strong></span> 
     </span>
    </p>
   </div>
   <div class='ocr_carea' id='block_1_25' title="bbox 483 2742 2051 2819">
    <p class='ocr_par' dir='ltr' id='par_1_25' title="bbox 483 2742 2051 2819">
     <span class='ocr_line' id='line_1_25' title="bbox 483 2742 2051 2819; baseline -0.006 -15"><span class='ocrx_word' id='word_1_167' title='bbox 483 2765 580 2819; x_wconf 86' lang='lat' dir='ltr'><strong>per</strong></span> <span class='ocrx_word' id='word_1_168' title='bbox 604 2764 633 2802; x_wconf 89' lang='lat' dir='ltr'><strong>a</strong></span> <span class='ocrx_word' id='word_1_169' title='bbox 660 2751 934 2819; x_wconf 82' lang='lat' dir='ltr'><strong>preposito</strong></span> <span class='ocrx_word' id='word_1_170' title='bbox 961 2751 1173 2804; x_wconf 82' lang='lat' dir='ltr'><strong>tramite</strong></span> <span class='ocrx_word' id='word_1_171' title='bbox 1203 2758 1501 2819; x_wconf 88' lang='lat' dir='ltr'><strong>temporum</strong></span> <span class='ocrx_word' id='word_1_172' title='bbox 1528 2746 1737 2817; x_wconf 80' lang='lat' dir='ltr'><strong>evagari</strong></span> <span class='ocrx_word' id='word_1_173' title='bbox 1767 2762 1780 2798; x_wconf 91' lang='lat'><strong>:</strong></span> <span class='ocrx_word' id='word_1_174' title='bbox 1808 2758 1949 2798; x_wconf 90' lang='lat' dir='ltr'><strong>nunc</strong></span> <span class='ocrx_word' id='word_1_175' title='bbox 1988 2742 2051 2795; x_wconf 88' lang='lat' dir='ltr'><strong>ad</strong></span> 
     </span>
    </p>
   </div>
   <div class='ocr_carea' id='block_1_26' title="bbox 484 2834 2054 2910">
    <p class='ocr_par' dir='ltr' id='par_1_26' title="bbox 484 2834 2054 2910">
     <span class='ocr_line' id='line_1_26' title="bbox 484 2834 2054 2910; baseline -0.005 -16"><span class='ocrx_word' id='word_1_176' title='bbox 484 2840 632 2895; x_wconf 87' lang='lat' dir='ltr'><strong>illutn</strong></span> <span class='ocrx_word' id='word_1_177' title='bbox 682 2839 813 2895; x_wconf 74' lang='lat' dir='ltr'><strong>Vita:</strong></span> <span class='ocrx_word' id='word_1_178' title='bbox 864 2839 1292 2910; x_wconf 71' lang='lat' dir='ltr'><strong>Hieronymianm</strong></span> <span class='ocrx_word' id='word_1_179' title='bbox 1327 2847 1488 2908; x_wconf 90' lang='lat' dir='ltr'><strong>atque</strong></span> <span class='ocrx_word' id='word_1_180' title='bbox 1532 2836 1766 2891; x_wconf 66' lang='lat' dir='ltr'><strong>historia:</strong></span> <span class='ocrx_word' id='word_1_181' title='bbox 1811 2834 2054 2890; x_wconf 90' lang='lat' dir='ltr'><strong>ordinem</strong></span> 
     </span>
    </p>
   </div>
   <div class='ocr_carea' id='block_1_27' title="bbox 484 2922 2058 2994">
    <p class='ocr_par' dir='ltr' id='par_1_27' title="bbox 484 2922 2058 2994">
     <span class='ocr_line' id='line_1_27' title="bbox 484 2922 2058 2994; baseline -0.006 -8"><span class='ocrx_word' id='word_1_182' title='bbox 484 2939 838 2986; x_wconf 78' lang='lat' dir='ltr'><strong>revertamur.</strong></span> <span class='ocrx_word' id='word_1_183' title='bbox 861 2930 1051 2986; x_wconf 82' lang='lat' dir='ltr'><strong>Statim</strong></span> <span class='ocrx_word' id='word_1_184' title='bbox 1079 2944 1110 2984; x_wconf 89' lang='lat' dir='ltr'><strong>a</strong></span> <span class='ocrx_word' id='word_1_185' title='bbox 1141 2928 1349 2984; x_wconf 83' lang='lat' dir='ltr'><strong>Veteris</strong></span> <span class='ocrx_word' id='word_1_186' title='bbox 1396 2925 1722 2983; x_wconf 86' lang='lat' dir='ltr'><strong>Testamenti</strong></span> <span class='ocrx_word' id='word_1_187' title='bbox 1762 2925 1911 2994; x_wconf 82' lang='lat' dir='ltr'><strong>juxta</strong></span> <span class='ocrx_word' id='word_1_188' title='bbox 1953 2922 2058 2977; x_wconf 78' lang='lat' dir='ltr'><strong>He-</strong></span> 
     </span>
    </p>
   </div>
   <div class='ocr_carea' id='block_1_28' title="bbox 482 3012 2058 3076">
    <p class='ocr_par' dir='ltr' id='par_1_28' title="bbox 482 3012 2058 3076">
     <span class='ocr_line' id='line_1_28' title="bbox 482 3012 2058 3076; baseline -0.004 -2"><span class='ocrx_word' id='word_1_189' title='bbox 482 3021 716 3076; x_wconf 86' lang='lat' dir='ltr'><strong>braicum</strong></span> <span class='ocrx_word' id='word_1_190' title='bbox 750 3021 1095 3075; x_wconf 85' lang='lat' dir='ltr'><strong>translatione</strong></span> <span class='ocrx_word' id='word_1_191' title='bbox 1121 3019 1284 3075; x_wconf 89' lang='lat' dir='ltr'><strong>refert</strong></span> <span class='ocrx_word' id='word_1_192' title='bbox 1307 3018 1367 3074; x_wconf 91' lang='lat' dir='ltr'><strong>S.</strong></span> <span class='ocrx_word' id='word_1_193' title='bbox 1398 3018 1555 3073; x_wconf 88' lang='lat' dir='ltr'><strong>Pater</strong></span> <span class='ocrx_word' id='word_1_194' title='bbox 1576 3018 1627 3071; x_wconf 92' lang='lat' dir='ltr'><strong>in</strong></span> <span class='ocrx_word' id='word_1_195' title='bbox 1654 3030 1872 3070; x_wconf 91' lang='lat' dir='ltr'><strong>suorum</strong></span> <span class='ocrx_word' id='word_1_196' title='bbox 1901 3012 2058 3067; x_wconf 87' lang='lat' dir='ltr'><strong>Cata-</strong></span> 
     </span>
    </p>
   </div>
   <div class='ocr_carea' id='block_1_29' title="bbox 482 3105 2051 3182">
    <p class='ocr_par' dir='ltr' id='par_1_29' title="bbox 482 3105 2051 3182">
     <span class='ocr_line' id='line_1_29' title="bbox 482 3105 2051 3182; baseline -0.003 -16"><span class='ocrx_word' id='word_1_197' title='bbox 482 3113 606 3182; x_wconf 86' lang='lat' dir='ltr'><strong>Iugo</strong></span> <span class='ocrx_word' id='word_1_198' title='bbox 634 3127 853 3182; x_wconf 80' lang='lat' dir='ltr'><strong>operum</strong></span> <span class='ocrx_word' id='word_1_199' title='bbox 880 3111 949 3164; x_wconf 90' lang='lat' dir='ltr'><strong>ad</strong></span> <span class='ocrx_word' id='word_1_200' title='bbox 970 3110 1192 3165; x_wconf 86' lang='lat' dir='ltr'><strong>Paulam</strong></span> <span class='ocrx_word' id='word_1_201' title='bbox 1215 3120 1364 3179; x_wconf 89' lang='lat' dir='ltr'><strong>atque</strong></span> <span class='ocrx_word' id='word_1_202' title='bbox 1392 3108 1728 3163; x_wconf 87' lang='lat' dir='ltr'><strong>Eustochium</strong></span> <span class='ocrx_word' id='word_1_203' title='bbox 1754 3105 2051 3176; x_wconf 87' lang='lat' dir='ltr'><strong>Epistolas,</strong></span> 
     </span>
    </p>
   </div>
   <div class='ocr_carea' id='block_1_30' title="bbox 480 3202 2056 3274">
    <p class='ocr_par' dir='ltr' id='par_1_30' title="bbox 480 3202 2056 3274">
     <span class='ocr_line' id='line_1_30' title="bbox 480 3202 2056 3274; baseline -0.004 -17"><span class='ocrx_word' id='word_1_204' title='bbox 480 3221 696 3271; x_wconf 85' lang='lat' dir='ltr'><strong>quarum</strong></span> <span class='ocrx_word' id='word_1_205' title='bbox 722 3207 834 3267; x_wconf 89' lang='lat' dir='ltr'><strong>ait,</strong></span> <span class='ocrx_word' id='word_1_206' title='bbox 876 3204 993 3273; x_wconf 88' lang='lat' dir='ltr'><strong>quia</strong></span> <span class='ocrx_word' id='word_1_207' title='bbox 1016 3204 1240 3274; x_wconf 84' lang='lat' dir='ltr'><strong>quotidie</strong></span> <span class='ocrx_word' id='word_1_208' title='bbox 1266 3203 1583 3267; x_wconf 87' lang='lat' dir='ltr'><strong>scribuntur,</strong></span> <span class='ocrx_word' id='word_1_209' title='bbox 1610 3202 1832 3254; x_wconf 82' lang='lat' dir='ltr'><strong>incertus</strong></span> <span class='ocrx_word' id='word_1_210' title='bbox 1861 3207 1933 3252; x_wconf 87' lang='lat' dir='ltr'><strong>est</strong></span> <span class='ocrx_word' id='word_1_211' title='bbox 1960 3214 2056 3251; x_wconf 82' lang='lat' dir='ltr'><strong>nu-</strong></span> 
     </span>
    </p>
   </div>
   <div class='ocr_carea' id='block_1_31' title="bbox 483 3293 2052 3366">
    <p class='ocr_par' dir='ltr' id='par_1_31' title="bbox 483 3293 2052 3366">
     <span class='ocr_line' id='line_1_31' title="bbox 483 3293 2052 3366; baseline -0.003 -19"><span class='ocrx_word' id='word_1_212' title='bbox 483 3312 669 3349; x_wconf 85' lang='lat' dir='ltr'><strong>merus.</strong></span> <span class='ocrx_word' id='word_1_213' title='bbox 698 3295 902 3363; x_wconf 82' lang='lat' dir='ltr'><strong>Quibus</strong></span> <span class='ocrx_word' id='word_1_214' title='bbox 939 3296 1153 3366; x_wconf 83' lang='lat' dir='ltr'><strong>quidem</strong></span> <span class='ocrx_word' id='word_1_215' title='bbox 1180 3310 1270 3351; x_wconf 90' lang='lat' dir='ltr'><strong>eas</strong></span> <span class='ocrx_word' id='word_1_216' title='bbox 1300 3296 1443 3366; x_wconf 86' lang='lat' dir='ltr'><strong>ipsas</strong></span> <span class='ocrx_word' id='word_1_217' title='bbox 1464 3294 1672 3349; x_wconf 91' lang='lat' dir='ltr'><strong>videtur</strong></span> <span class='ocrx_word' id='word_1_218' title='bbox 1692 3293 1844 3348; x_wconf 90' lang='lat' dir='ltr'><strong>nobis</strong></span> <span class='ocrx_word' id='word_1_219' title='bbox 1865 3305 2052 3360; x_wconf 87' lang='lat' dir='ltr'><strong>magna</strong></span> 
     </span>
    </p>
   </div>
   <div class='ocr_carea' id='block_1_32' title="bbox 480 3383 2053 3457">
    <p class='ocr_par' dir='ltr' id='par_1_32' title="bbox 480 3383 2053 3457">
     <span class='ocr_line' id='line_1_32' title="bbox 480 3383 2053 3457; baseline 0 -21"><span class='ocrx_word' id='word_1_220' title='bbox 480 3401 547 3439; x_wconf 78' lang='lat' dir='ltr'><strong>ex</strong></span> <span class='ocrx_word' id='word_1_221' title='bbox 572 3394 722 3457; x_wconf 72' lang='lat' dir='ltr'><strong>parte</strong></span> <span class='ocrx_word' id='word_1_222' title='bbox 745 3386 982 3441; x_wconf 88' lang='lat' dir='ltr'><strong>indicare</strong></span> <span class='ocrx_word' id='word_1_223' title='bbox 1007 3386 1306 3456; x_wconf 85' lang='lat' dir='ltr'><strong>Epistolas,</strong></span> <span class='ocrx_word' id='word_1_224' title='bbox 1334 3400 1467 3456; x_wconf 88' lang='lat' dir='ltr'><strong>quas</strong></span> <span class='ocrx_word' id='word_1_225' title='bbox 1485 3400 1606 3440; x_wconf 90' lang='lat' dir='ltr'><strong>cum</strong></span> <span class='ocrx_word' id='word_1_226' title='bbox 1637 3383 1823 3439; x_wconf 89' lang='lat' dir='ltr'><strong>iisdem</strong></span> <span class='ocrx_word' id='word_1_227' title='bbox 1854 3386 2053 3437; x_wconf 88' lang='lat' dir='ltr'><strong>sanctis</strong></span> 
     </span>
    </p>
   </div>
   <div class='ocr_carea' id='block_1_33' title="bbox 479 3473 2052 3546">
    <p class='ocr_par' dir='ltr' id='par_1_33' title="bbox 479 3473 2052 3546">
     <span class='ocr_line' id='line_1_33' title="bbox 479 3473 2052 3546; baseline -0.001 -17"><span class='ocrx_word' id='word_1_228' title='bbox 479 3476 693 3531; x_wconf 87' lang='lat' dir='ltr'><strong>feminis</strong></span> <span class='ocrx_word' id='word_1_229' title='bbox 733 3491 859 3531; x_wconf 89' lang='lat' dir='ltr'><strong>suas</strong></span> <span class='ocrx_word' id='word_1_230' title='bbox 886 3484 1219 3546; x_wconf 89' lang='lat' dir='ltr'><strong>nuncuparet</strong></span> <span class='ocrx_word' id='word_1_231' title='bbox 1265 3476 1437 3531; x_wconf 89' lang='lat' dir='ltr'><strong>varias</strong></span> <span class='ocrx_word' id='word_1_232' title='bbox 1480 3473 1947 3545; x_wconf 89' lang='lat' dir='ltr'><strong>interpretationes</strong></span> <span class='ocrx_word' id='word_1_233' title='bbox 1987 3488 2052 3527; x_wconf 92' lang='lat' dir='ltr'><strong>ex</strong></span> 
     </span>
    </p>
   </div>
   <div class='ocr_carea' id='block_1_34' title="bbox 485 3567 2051 3638">
    <p class='ocr_par' dir='ltr' id='par_1_34' title="bbox 485 3567 2051 3638">
     <span class='ocr_line' id='line_1_34' title="bbox 485 3567 2051 3638; baseline -0.003 -13"><span class='ocrx_word' id='word_1_234' title='bbox 485 3567 736 3634; x_wconf 70' lang='lat' dir='ltr'><strong>Hebrmo,</strong></span> <span class='ocrx_word' id='word_1_235' title='bbox 774 3569 857 3622; x_wconf 90' lang='lat' dir='ltr'><strong>vel</strong></span> <span class='ocrx_word' id='word_1_236' title='bbox 901 3568 1328 3623; x_wconf 88' lang='lat' dir='ltr'><strong>Commentarios</strong></span> <span class='ocrx_word' id='word_1_237' title='bbox 1361 3569 1411 3622; x_wconf 93' lang='lat' dir='ltr'><strong>in</strong></span> <span class='ocrx_word' id='word_1_238' title='bbox 1442 3567 1954 3638; x_wconf 69' lang='lat' dir='ltr'><strong>aliquotScriptura:</strong></span> <span class='ocrx_word' id='word_1_239' title='bbox 1981 3567 2051 3621; x_wconf 87' lang='lat' dir='ltr'><strong>li-</strong></span> 
     </span>
    </p>
   </div>
   <div class='ocr_carea' id='block_1_35' title="bbox 478 3658 2052 3730">
    <p class='ocr_par' dir='ltr' id='par_1_35' title="bbox 478 3658 2052 3730">
     <span class='ocr_line' id='line_1_35' title="bbox 478 3658 2052 3730; baseline -0.001 -15"><span class='ocrx_word' id='word_1_240' title='bbox 478 3660 648 3727; x_wconf 86' lang='lat' dir='ltr'><strong>bros,</strong></span> <span class='ocrx_word' id='word_1_241' title='bbox 705 3661 1057 3716; x_wconf 69' lang='lat' dir='ltr'><strong>eludubravit.</strong></span> <span class='ocrx_word' id='word_1_242' title='bbox 1108 3660 1379 3730; x_wconf 85' lang='lat' dir='ltr'><strong>Ejusmodi</strong></span> <span class='ocrx_word' id='word_1_243' title='bbox 1433 3669 1558 3715; x_wconf 91' lang='lat' dir='ltr'><strong>sunt</strong></span> <span class='ocrx_word' id='word_1_244' title='bbox 1603 3658 1949 3715; x_wconf 77' lang='lat' dir='ltr'><strong>Praefationes</strong></span> <span class='ocrx_word' id='word_1_245' title='bbox 2000 3659 2052 3713; x_wconf 94' lang='lat' dir='ltr'><strong>in</strong></span> 
     </span>
    </p>
   </div>
   <div class='ocr_carea' id='block_1_36' title="bbox 481 3751 2053 3823">
    <p class='ocr_par' dir='ltr' id='par_1_36' title="bbox 481 3751 2053 3823">
     <span class='ocr_line' id='line_1_36' title="bbox 481 3751 2053 3823; baseline -0.001 -16"><span class='ocrx_word' id='word_1_246' title='bbox 481 3754 686 3823; x_wconf 75' lang='lat' dir='ltr'><strong>Regum</strong></span> <span class='ocrx_word' id='word_1_247' title='bbox 738 3754 903 3809; x_wconf 90' lang='lat' dir='ltr'><strong>libros</strong></span> <span class='ocrx_word' id='word_1_248' title='bbox 928 3797 943 3820; x_wconf 94' lang='lat'><strong>,</strong></span> <span class='ocrx_word' id='word_1_249' title='bbox 976 3754 1027 3807; x_wconf 94' lang='lat' dir='ltr'><strong>in</strong></span> <span class='ocrx_word' id='word_1_250' title='bbox 1057 3754 1246 3808; x_wconf 84' lang='lat' dir='ltr'><strong>Isaiam</strong></span> <span class='ocrx_word' id='word_1_251' title='bbox 1276 3768 1515 3823; x_wconf 91' lang='lat' dir='ltr'><strong>quoque,</strong></span> <span class='ocrx_word' id='word_1_252' title='bbox 1545 3751 1834 3807; x_wconf 84' lang='lat' dir='ltr'><strong>Jeremiam</strong></span> <span class='ocrx_word' id='word_1_253' title='bbox 1856 3792 1872 3818; x_wconf 94' lang='lat'><strong>,</strong></span> <span class='ocrx_word' id='word_1_254' title='bbox 1893 3762 2053 3820; x_wconf 88' lang='lat' dir='ltr'><strong>atque</strong></span> 
     </span>
    </p>
   </div>
   <div class='ocr_carea' id='block_1_37' title="bbox 480 3842 2055 3914">
    <p class='ocr_par' dir='ltr' id='par_1_37' title="bbox 480 3842 2055 3914">
     <span class='ocr_line' id='line_1_37' title="bbox 480 3842 2055 3914; baseline -0.001 -15"><span class='ocrx_word' id='word_1_255' title='bbox 480 3843 836 3909; x_wconf 85' lang='lat' dir='ltr'><strong>Ezechielem,</strong></span> <span class='ocrx_word' id='word_1_256' title='bbox 869 3844 1103 3914; x_wconf 86' lang='lat' dir='ltr'><strong>itemque</strong></span> <span class='ocrx_word' id='word_1_257' title='bbox 1143 3844 1197 3898; x_wconf 94' lang='lat' dir='ltr'><strong>in</strong></span> <span class='ocrx_word' id='word_1_258' title='bbox 1245 3845 1478 3899; x_wconf 86' lang='lat' dir='ltr'><strong>minores</strong></span> <span class='ocrx_word' id='word_1_259' title='bbox 1517 3843 1809 3913; x_wconf 86' lang='lat' dir='ltr'><strong>Pr0phetas</strong></span> <span class='ocrx_word' id='word_1_260' title='bbox 1852 3842 2055 3898; x_wconf 91' lang='lat' dir='ltr'><strong>duode-</strong></span> 
     </span>
    </p>
   </div>
   <div class='ocr_carea' id='block_1_38' title="bbox 478 3933 2050 4005">
    <p class='ocr_par' dir='ltr' id='par_1_38' title="bbox 478 3933 2050 4005">
     <span class='ocr_line' id='line_1_38' title="bbox 478 3933 2050 4005; baseline -0.003 -15"><span class='ocrx_word' id='word_1_261' title='bbox 478 3934 602 4000; x_wconf 87' lang='lat' dir='ltr'><strong>cim,</strong></span> <span class='ocrx_word' id='word_1_262' title='bbox 629 3943 685 3989; x_wconf 91' lang='lat' dir='ltr'><strong>et</strong></span> <span class='ocrx_word' id='word_1_263' title='bbox 709 3934 922 4000; x_wconf 83' lang='lat' dir='ltr'><strong>Jobum,</strong></span> <span class='ocrx_word' id='word_1_264' title='bbox 952 3934 1223 3989; x_wconf 82' lang='lat' dir='ltr'><strong>Danielem</strong></span> <span class='ocrx_word' id='word_1_265' title='bbox 1252 3934 1483 4005; x_wconf 89' lang='lat' dir='ltr'><strong>denique</strong></span> <span class='ocrx_word' id='word_1_266' title='bbox 1512 3943 1567 3989; x_wconf 90' lang='lat' dir='ltr'><strong>et</strong></span> <span class='ocrx_word' id='word_1_267' title='bbox 1613 3933 2011 4003; x_wconf 88' lang='lat' dir='ltr'><strong>Paralipomena</strong></span> <span class='ocrx_word' id='word_1_268' title='bbox 2034 3972 2050 3999; x_wconf 96' lang='lat'><strong>,</strong></span> 
     </span>
    </p>
   </div>
   <div class='ocr_carea' id='block_1_39' title="bbox 477 4023 2048 4094">
    <p class='ocr_par' dir='ltr' id='par_1_39' title="bbox 477 4023 2048 4094">
     <span class='ocr_line' id='line_1_39' title="bbox 477 4023 2048 4094; baseline 0.001 -19"><span class='ocrx_word' id='word_1_269' title='bbox 477 4039 705 4093; x_wconf 82' lang='lat' dir='ltr'><strong>quarum</strong></span> <span class='ocrx_word' id='word_1_270' title='bbox 737 4033 947 4094; x_wconf 91' lang='lat' dir='ltr'><strong>tempus</strong></span> <span class='ocrx_word' id='word_1_271' title='bbox 995 4039 1059 4080; x_wconf 91' lang='lat' dir='ltr'><strong>ex</strong></span> <span class='ocrx_word' id='word_1_272' title='bbox 1102 4024 1358 4079; x_wconf 89' lang='lat' dir='ltr'><strong>librorum</strong></span> <span class='ocrx_word' id='word_1_273' title='bbox 1383 4064 1400 4091; x_wconf 97' lang='lat'><strong>,</strong></span> <span class='ocrx_word' id='word_1_274' title='bbox 1431 4024 1627 4094; x_wconf 88' lang='lat' dir='ltr'><strong>quibus</strong></span> <span class='ocrx_word' id='word_1_275' title='bbox 1668 4023 2048 4093; x_wconf 60' lang='lat' dir='ltr'><strong>praefiguntur,</strong></span> 
     </span>
    </p>
   </div>
   <div class='ocr_carea' id='block_1_40' title="bbox 479 4113 2051 4185">
    <p class='ocr_par' dir='ltr' id='par_1_40' title="bbox 479 4113 2051 4185">
     <span class='ocr_line' id='line_1_40' title="bbox 479 4113 2051 4185; baseline -0.001 -16"><span class='ocrx_word' id='word_1_276' title='bbox 479 4113 732 4169; x_wconf 86' lang='lat' dir='ltr'><strong>chronica</strong></span> <span class='ocrx_word' id='word_1_277' title='bbox 770 4116 1043 4170; x_wconf 83' lang='lat' dir='ltr'><strong>notatione</strong></span> <span class='ocrx_word' id='word_1_278' title='bbox 1090 4114 1201 4185; x_wconf 88' lang='lat' dir='ltr'><strong>jam</strong></span> <span class='ocrx_word' id='word_1_279' title='bbox 1246 4124 1478 4171; x_wconf 90' lang='lat' dir='ltr'><strong>constat.</strong></span> <span class='ocrx_word' id='word_1_280' title='bbox 1526 4114 1620 4169; x_wconf 90' lang='lat' dir='ltr'><strong>His</strong></span> <span class='ocrx_word' id='word_1_281' title='bbox 1658 4113 1779 4168; x_wconf 90' lang='lat' dir='ltr'><strong>addi</strong></span> <span class='ocrx_word' id='word_1_282' title='bbox 1830 4122 2051 4183; x_wconf 90' lang='lat' dir='ltr'><strong>possunt</strong></span> 
     </span>
    </p>
   </div>
   <div class='ocr_carea' id='block_1_41' title="bbox 480 4203 2050 4274">
    <p class='ocr_par' dir='ltr' id='par_1_41' title="bbox 480 4203 2050 4274">
     <span class='ocr_line' id='line_1_41' title="bbox 480 4203 2050 4274; baseline 0.002 -19"><span class='ocrx_word' id='word_1_283' title='bbox 480 4203 601 4261; x_wconf 71' lang='lat' dir='ltr'><strong>alia:</strong></span> <span class='ocrx_word' id='word_1_284' title='bbox 636 4212 791 4269; x_wconf 86' lang='lat' dir='ltr'><strong>octo,</strong></span> <span class='ocrx_word' id='word_1_285' title='bbox 818 4205 1013 4274; x_wconf 90' lang='lat' dir='ltr'><strong>quibus</strong></span> <span class='ocrx_word' id='word_1_286' title='bbox 1041 4206 1130 4259; x_wconf 88' lang='lat' dir='ltr'><strong>diu</strong></span> <span class='ocrx_word' id='word_1_287' title='bbox 1168 4214 1321 4260; x_wconf 87' lang='lat' dir='ltr'><strong>antea</strong></span> <span class='ocrx_word' id='word_1_288' title='bbox 1366 4205 1793 4261; x_wconf 88' lang='lat' dir='ltr'><strong>Commentarios</strong></span> <span class='ocrx_word' id='word_1_289' title='bbox 1824 4218 1951 4260; x_wconf 92' lang='lat' dir='ltr'><strong>suos</strong></span> <span class='ocrx_word' id='word_1_290' title='bbox 1997 4205 2050 4258; x_wconf 92' lang='lat' dir='ltr'><strong>in</strong></span> 
     </span>
    </p>
   </div>
   <div class='ocr_carea' id='block_1_42' title="bbox 480 4295 2052 4366">
    <p class='ocr_par' dir='ltr' id='par_1_42' title="bbox 480 4295 2052 4366">
     <span class='ocr_line' id='line_1_42' title="bbox 480 4295 2052 4366; baseline 0.001 -18"><span class='ocrx_word' id='word_1_291' title='bbox 480 4304 709 4365; x_wconf 88' lang='lat' dir='ltr'><strong>quatuor</strong></span> <span class='ocrx_word' id='word_1_292' title='bbox 752 4296 902 4353; x_wconf 86' lang='lat' dir='ltr'><strong>Pauli</strong></span> <span class='ocrx_word' id='word_1_293' title='bbox 935 4296 1199 4366; x_wconf 87' lang='lat' dir='ltr'><strong>Epistolas</strong></span> <span class='ocrx_word' id='word_1_294' title='bbox 1224 4296 1412 4351; x_wconf 89' lang='lat' dir='ltr'><strong>iisdem</strong></span> <span class='ocrx_word' id='word_1_295' title='bbox 1444 4295 1807 4366; x_wconf 87' lang='lat' dir='ltr'><strong>nuncupavit:</strong></span> <span class='ocrx_word' id='word_1_296' title='bbox 1830 4304 1885 4349; x_wconf 90' lang='lat' dir='ltr'><strong>et</strong></span> <span class='ocrx_word' id='word_1_297' title='bbox 1928 4311 2052 4349; x_wconf 86' lang='lat' dir='ltr'><strong>rur-</strong></span> 
     </span>
    </p>
   </div>
   <div class='ocr_carea' id='block_1_43' title="bbox 479 4384 2051 4457">
    <p class='ocr_par' dir='ltr' id='par_1_43' title="bbox 479 4384 2051 4457">
     <span class='ocr_line' id='line_1_43' title="bbox 479 4384 2051 4457; baseline -0.001 -16"><span class='ocrx_word' id='word_1_298' title='bbox 479 4400 597 4441; x_wconf 89' lang='lat' dir='ltr'><strong>sum</strong></span> <span class='ocrx_word' id='word_1_299' title='bbox 626 4387 818 4457; x_wconf 89' lang='lat' dir='ltr'><strong>quibus</strong></span> <span class='ocrx_word' id='word_1_300' title='bbox 834 4386 1196 4443; x_wconf 85' lang='lat' dir='ltr'><strong>Ecclesiastici</strong></span> <span class='ocrx_word' id='word_1_301' title='bbox 1225 4387 1675 4456; x_wconf 83' lang='lat' dir='ltr'><strong>explanationem,</strong></span> <span class='ocrx_word' id='word_1_302' title='bbox 1703 4384 2051 4440; x_wconf 87' lang='lat' dir='ltr'><strong>llomiliarum</strong></span> 
     </span>
    </p>
   </div>
   <div class='ocr_carea' id='block_1_44' title="bbox 477 4473 2053 4548">
    <p class='ocr_par' dir='ltr' id='par_1_44' title="bbox 477 4473 2053 4548">
     <span class='ocr_line' id='line_1_44' title="bbox 477 4473 2053 4548; baseline -0.001 -16"><span class='ocrx_word' id='word_1_303' title='bbox 477 4475 722 4548; x_wconf 86' lang='lat' dir='ltr'><strong>Origenis</strong></span> <span class='ocrx_word' id='word_1_304' title='bbox 753 4478 805 4532; x_wconf 91' lang='lat' dir='ltr'><strong>in</strong></span> <span class='ocrx_word' id='word_1_305' title='bbox 826 4475 1025 4532; x_wconf 89' lang='lat' dir='ltr'><strong>Lucam</strong></span> <span class='ocrx_word' id='word_1_306' title='bbox 1051 4476 1542 4546; x_wconf 87' lang='lat' dir='ltr'><strong>interpretationem</strong></span> <span class='ocrx_word' id='word_1_307' title='bbox 1560 4475 1627 4530; x_wconf 91' lang='lat' dir='ltr'><strong>de</strong></span> <span class='ocrx_word' id='word_1_308' title='bbox 1646 4474 1833 4530; x_wconf 72' lang='lat' dir='ltr'><strong>Graeco</strong></span> <span class='ocrx_word' id='word_1_309' title='bbox 1864 4473 2053 4530; x_wconf 85' lang='lat' dir='ltr'><strong>iisdem</strong></span> 
     </span>
    </p>
   </div>
   <div class='ocr_carea' id='block_1_45' title="bbox 478 4566 2055 4640">
    <p class='ocr_par' dir='ltr' id='par_1_45' title="bbox 478 4566 2055 4640">
     <span class='ocr_line' id='line_1_45' title="bbox 478 4566 2055 4640; baseline -0.002 -16"><span class='ocrx_word' id='word_1_310' title='bbox 478 4570 771 4639; x_wconf 87' lang='lat' dir='ltr'><strong>inscripsit.</strong></span> <span class='ocrx_word' id='word_1_311' title='bbox 796 4569 851 4625; x_wconf 90' lang='lat' dir='ltr'><strong>Si</strong></span> <span class='ocrx_word' id='word_1_312' title='bbox 881 4585 999 4640; x_wconf 76' lang='lat' dir='ltr'><strong>qua:</strong></span> <span class='ocrx_word' id='word_1_313' title='bbox 1023 4576 1278 4639; x_wconf 64' lang='lat' dir='ltr'><strong>praeterea</strong></span> <span class='ocrx_word' id='word_1_314' title='bbox 1299 4568 1418 4622; x_wconf 73' lang='lat' dir='ltr'><strong>alia:</strong></span> <span class='ocrx_word' id='word_1_315' title='bbox 1447 4568 1786 4632; x_wconf 87' lang='lat' dir='ltr'><strong>exstiterunt,</strong></span> <span class='ocrx_word' id='word_1_316' title='bbox 1816 4566 1901 4621; x_wconf 91' lang='lat' dir='ltr'><strong>vel</strong></span> <span class='ocrx_word' id='word_1_317' title='bbox 1920 4566 2055 4621; x_wconf 87' lang='lat' dir='ltr'><strong>alte-</strong></span> 
     </span>
    </p>
   </div>
   <div class='ocr_carea' id='block_1_46' title="bbox 477 4657 2055 4731">
    <p class='ocr_par' dir='ltr' id='par_1_46' title="bbox 477 4657 2055 4731">
     <span class='ocr_line' id='line_1_46' title="bbox 477 4657 2055 4731; baseline -0.002 -16"><span class='ocrx_word' id='word_1_318' title='bbox 477 4662 590 4715; x_wconf 87' lang='lat' dir='ltr'><strong>rius</strong></span> <span class='ocrx_word' id='word_1_319' title='bbox 618 4669 742 4715; x_wconf 89' lang='lat' dir='ltr'><strong>sunt</strong></span> <span class='ocrx_word' id='word_1_320' title='bbox 779 4661 991 4730; x_wconf 76' lang='lat' dir='ltr'><strong>generis</strong></span> <span class='ocrx_word' id='word_1_321' title='bbox 1012 4701 1027 4725; x_wconf 88' lang='lat'><strong>,</strong></span> <span class='ocrx_word' id='word_1_322' title='bbox 1058 4675 1177 4731; x_wconf 77' lang='lat' dir='ltr'><strong>qua:</strong></span> <span class='ocrx_word' id='word_1_323' title='bbox 1204 4659 1273 4714; x_wconf 92' lang='lat' dir='ltr'><strong>ab</strong></span> <span class='ocrx_word' id='word_1_324' title='bbox 1297 4674 1363 4715; x_wconf 89' lang='lat' dir='ltr'><strong>eo</strong></span> <span class='ocrx_word' id='word_1_325' title='bbox 1392 4667 1645 4714; x_wconf 90' lang='lat' dir='ltr'><strong>notantur</strong></span> <span class='ocrx_word' id='word_1_326' title='bbox 1664 4700 1680 4725; x_wconf 94' lang='lat'><strong>,</strong></span> <span class='ocrx_word' id='word_1_327' title='bbox 1707 4657 1775 4713; x_wconf 89' lang='lat' dir='ltr'><strong>ad</strong></span> <span class='ocrx_word' id='word_1_328' title='bbox 1816 4672 1915 4713; x_wconf 91' lang='lat' dir='ltr'><strong>nos</strong></span> <span class='ocrx_word' id='word_1_329' title='bbox 1953 4660 2055 4713; x_wconf 86' lang='lat' dir='ltr'><strong>mi-</strong></span> 
     </span>
    </p>
   </div>
   <div class='ocr_carea' id='block_1_47' title="bbox 479 4746 2055 4818">
    <p class='ocr_par' dir='ltr' id='par_1_47' title="bbox 479 4746 2055 4818">
     <span class='ocr_line' id='line_1_47' title="bbox 479 4746 2055 4818; baseline 0.001 -16"><span class='ocrx_word' id='word_1_330' title='bbox 479 4750 625 4804; x_wconf 90' lang='lat' dir='ltr'><strong>nime</strong></span> <span class='ocrx_word' id='word_1_331' title='bbox 669 4758 1059 4818; x_wconf 87' lang='lat' dir='ltr'><strong>pervenerunt,</strong></span> <span class='ocrx_word' id='word_1_332' title='bbox 1089 4758 1182 4802; x_wconf 89' lang='lat' dir='ltr'><strong>aut</strong></span> <span class='ocrx_word' id='word_1_333' title='bbox 1208 4758 1358 4803; x_wconf 86' lang='lat' dir='ltr'><strong>certe</strong></span> <span class='ocrx_word' id='word_1_334' title='bbox 1385 4747 1540 4802; x_wconf 89' lang='lat' dir='ltr'><strong>nobis</strong></span> <span class='ocrx_word' id='word_1_335' title='bbox 1567 4761 1719 4816; x_wconf 71' lang='lat' dir='ltr'><strong>reque</strong></span> <span class='ocrx_word' id='word_1_336' title='bbox 1747 4755 1906 4816; x_wconf 90' lang='lat' dir='ltr'><strong>atque</strong></span> <span class='ocrx_word' id='word_1_337' title='bbox 1934 4746 2055 4803; x_wconf 89' lang='lat' dir='ltr'><strong>aliis</strong></span> 
     </span>
    </p>
   </div>
   <div class='ocr_carea' id='block_1_48' title="bbox 476 4838 2048 4909">
    <p class='ocr_par' dir='ltr' id='par_1_48' title="bbox 476 4838 2048 4909">
     <span class='ocr_line' id='line_1_48' title="bbox 476 4838 2048 4909; baseline -0.002 -13"><span class='ocrx_word' id='word_1_338' title='bbox 476 4851 602 4897; x_wconf 87' lang='lat' dir='ltr'><strong>ante</strong></span> <span class='ocrx_word' id='word_1_339' title='bbox 631 4854 731 4897; x_wconf 83' lang='lat' dir='ltr'><strong>nos</strong></span> <span class='ocrx_word' id='word_1_340' title='bbox 755 4839 970 4895; x_wconf 88' lang='lat' dir='ltr'><strong>Criticis</strong></span> <span class='ocrx_word' id='word_1_341' title='bbox 1006 4839 1422 4909; x_wconf 87' lang='lat' dir='ltr'><strong>diligentissimis</strong></span> <span class='ocrx_word' id='word_1_342' title='bbox 1452 4840 1645 4909; x_wconf 66' lang='lat' dir='ltr'><strong>ignotas</strong></span> <span class='ocrx_word' id='word_1_343' title='bbox 1673 4838 1881 4907; x_wconf 91' lang='lat' dir='ltr'><strong>penitus</strong></span> <span class='ocrx_word' id='word_1_344' title='bbox 1906 4848 2048 4894; x_wconf 89' lang='lat' dir='ltr'><strong>sunt.</strong></span> 
     </span>
    </p>
   </div>
   <div class='ocr_carea' id='block_1_49' title="bbox 551 4928 2053 4998">
    <p class='ocr_par' dir='ltr' id='par_1_49' title="bbox 551 4928 2053 4998">
     <span class='ocr_line' id='line_1_49' title="bbox 551 4928 2053 4998; baseline -0.001 -11"><span class='ocrx_word' id='word_1_345' title='bbox 551 4932 615 4991; x_wconf 93' lang='lat' dir='ltr'><strong>ll.</strong></span> <span class='ocrx_word' id='word_1_346' title='bbox 664 4931 1059 4995; x_wconf 88' lang='lat' dir='ltr'><strong>lutermiserat,</strong></span> <span class='ocrx_word' id='word_1_347' title='bbox 1089 4939 1149 4984; x_wconf 87' lang='lat' dir='ltr'><strong>ut</strong></span> <span class='ocrx_word' id='word_1_348' title='bbox 1176 4929 1438 4995; x_wconf 81' lang='lat' dir='ltr'><strong>diximus,</strong></span> <span class='ocrx_word' id='word_1_349' title='bbox 1477 4928 1535 4984; x_wconf 90' lang='lat' dir='ltr'><strong>S.</strong></span> <span class='ocrx_word' id='word_1_350' title='bbox 1566 4929 1724 4984; x_wconf 91' lang='lat' dir='ltr'><strong>Pater</strong></span> <span class='ocrx_word' id='word_1_351' title='bbox 1765 4928 2053 4998; x_wconf 75' lang='lat' dir='ltr'><strong>Scriptura:</strong></span> 
     </span>
    </p>
   </div>
   <div class='ocr_carea' id='block_1_50' title="bbox 482 5022 2049 5091">
    <p class='ocr_par' dir='ltr' id='par_1_50' title="bbox 482 5022 2049 5091">
     <span class='ocr_line' id='line_1_50' title="bbox 482 5022 2049 5091; baseline -0.004 -10"><span class='ocrx_word' id='word_1_352' title='bbox 482 5026 787 5081; x_wconf 86' lang='lat' dir='ltr'><strong>versionem</strong></span> <span class='ocrx_word' id='word_1_353' title='bbox 833 5039 904 5080; x_wconf 88' lang='lat' dir='ltr'><strong>ex</strong></span> <span class='ocrx_word' id='word_1_354' title='bbox 946 5022 1205 5089; x_wconf 63' lang='lat' dir='ltr'><strong>Hebraeo,</strong></span> <span class='ocrx_word' id='word_1_355' title='bbox 1233 5031 1293 5076; x_wconf 93' lang='lat' dir='ltr'><strong>ut</strong></span> <span class='ocrx_word' id='word_1_356' title='bbox 1319 5022 1474 5086; x_wconf 88' lang='lat' dir='ltr'><strong>aliis,</strong></span> <span class='ocrx_word' id='word_1_357' title='bbox 1528 5030 1686 5091; x_wconf 89' lang='lat' dir='ltr'><strong>prout</strong></span> <span class='ocrx_word' id='word_1_358' title='bbox 1733 5022 2049 5091; x_wconf 86' lang='lat' dir='ltr'><strong>rogabatur,</strong></span> 
     </span>
    </p>
   </div>
   <div class='ocr_carea' id='block_1_51' title="bbox 480 5112 2052 5185">
    <p class='ocr_par' dir='ltr' id='par_1_51' title="bbox 480 5112 2052 5185">
     <span class='ocr_line' id='line_1_51' title="bbox 480 5112 2052 5185; baseline -0.002 -14"><span class='ocrx_word' id='word_1_359' title='bbox 480 5116 805 5173; x_wconf 80' lang='lat' dir='ltr'><strong>atlornandis</strong></span> <span class='ocrx_word' id='word_1_360' title='bbox 848 5115 1098 5185; x_wconf 86' lang='lat' dir='ltr'><strong>operibus</strong></span> <span class='ocrx_word' id='word_1_361' title='bbox 1137 5113 1431 5170; x_wconf 89' lang='lat' dir='ltr'><strong>insudaret.</strong></span> <span class='ocrx_word' id='word_1_362' title='bbox 1474 5112 1847 5182; x_wconf 88' lang='lat' dir='ltr'><strong>lnterpellatus</strong></span> <span class='ocrx_word' id='word_1_363' title='bbox 1874 5126 2052 5168; x_wconf 89' lang='lat' dir='ltr'><strong>autem</strong></span> 
     </span>
    </p>
   </div>
   <div class='ocr_carea' id='block_1_52' title="bbox 479 5203 2054 5280">
    <p class='ocr_par' dir='ltr' id='par_1_52' title="bbox 479 5203 2054 5280">
     <span class='ocr_line' id='line_1_52' title="bbox 479 5203 2054 5280; baseline -0.003 -16"><span class='ocrx_word' id='word_1_364' title='bbox 479 5220 563 5264; x_wconf 87' lang='lat' dir='ltr'><strong>est</strong></span> <span class='ocrx_word' id='word_1_365' title='bbox 588 5209 763 5280; x_wconf 88' lang='lat' dir='ltr'><strong>primo</strong></span> <span class='ocrx_word' id='word_1_366' title='bbox 783 5248 798 5275; x_wconf 90' lang='lat'><strong>,</strong></span> <span class='ocrx_word' id='word_1_367' title='bbox 828 5206 1128 5261; x_wconf 86' lang='lat' dir='ltr'><strong>scribendis</strong></span> <span class='ocrx_word' id='word_1_368' title='bbox 1168 5206 1220 5260; x_wconf 90' lang='lat' dir='ltr'><strong>in</strong></span> <span class='ocrx_word' id='word_1_369' title='bbox 1252 5204 1546 5275; x_wconf 84' lang='lat' dir='ltr'><strong>Prophetas</strong></span> <span class='ocrx_word' id='word_1_370' title='bbox 1575 5203 1808 5260; x_wconf 79' lang='lat' dir='ltr'><strong>Minores</strong></span> <span class='ocrx_word' id='word_1_371' title='bbox 1852 5205 2054 5275; x_wconf 88' lang='lat' dir='ltr'><strong>aliquot</strong></span> 
     </span>
    </p>
   </div>
   <div class='ocr_carea' id='block_1_53' title="bbox 479 5295 2051 5366">
    <p class='ocr_par' dir='ltr' id='par_1_53' title="bbox 479 5295 2051 5366">
     <span class='ocr_line' id='line_1_53' title="bbox 479 5295 2051 5366; baseline -0.003 -11"><span class='ocrx_word' id='word_1_372' title='bbox 479 5298 896 5355; x_wconf 86' lang='lat' dir='ltr'><strong>Commentariis</strong></span> <span class='ocrx_word' id='word_1_373' title='bbox 921 5337 936 5360; x_wconf 95' lang='lat'><strong>,</strong></span> <span class='ocrx_word' id='word_1_374' title='bbox 968 5296 1159 5366; x_wconf 90' lang='lat' dir='ltr'><strong>quibus</strong></span> <span class='ocrx_word' id='word_1_375' title='bbox 1178 5305 1327 5351; x_wconf 90' lang='lat' dir='ltr'><strong>certe</strong></span> <span class='ocrx_word' id='word_1_376' title='bbox 1354 5311 1475 5352; x_wconf 92' lang='lat' dir='ltr'><strong>cum</strong></span> <span class='ocrx_word' id='word_1_377' title='bbox 1522 5311 1737 5351; x_wconf 87' lang='lat' dir='ltr'><strong>manum</strong></span> <span class='ocrx_word' id='word_1_378' title='bbox 1777 5295 2012 5350; x_wconf 86' lang='lat' dir='ltr'><strong>admovit</strong></span> <span class='ocrx_word' id='word_1_379' title='bbox 2036 5338 2051 5362; x_wconf 96' lang='lat'><strong>,</strong></span> 
     </span>
    </p>
   </div>
   <div class='ocr_carea' id='block_1_54' title="bbox 479 5386 2053 5459">
    <p class='ocr_par' dir='ltr' id='par_1_54' title="bbox 479 5386 2053 5459">
     <span class='ocr_line' id='line_1_54' title="bbox 479 5386 2053 5459; baseline 0 -16"><span class='ocrx_word' id='word_1_380' title='bbox 479 5404 652 5443; x_wconf 90' lang='lat' dir='ltr'><strong>annus</strong></span> <span class='ocrx_word' id='word_1_381' title='bbox 677 5388 851 5443; x_wconf 87' lang='lat' dir='ltr'><strong>adhuc</strong></span> <span class='ocrx_word' id='word_1_382' title='bbox 875 5386 972 5442; x_wconf 83' lang='grc'><strong>591</strong></span> <span class='ocrx_word' id='word_1_383' title='bbox 1009 5397 1101 5442; x_wconf 85' lang='lat' dir='ltr'><strong>aut</strong></span> <span class='ocrx_word' id='word_1_384' title='bbox 1131 5387 1459 5458; x_wconf 90' lang='lat' dir='ltr'><strong>subsequens</strong></span> <span class='ocrx_word' id='word_1_385' title='bbox 1482 5388 1758 5459; x_wconf 85' lang='lat' dir='ltr'><strong>agebatur,</strong></span> <span class='ocrx_word' id='word_1_386' title='bbox 1774 5387 1884 5457; x_wconf 90' lang='lat' dir='ltr'><strong>jam</strong></span> <span class='ocrx_word' id='word_1_387' title='bbox 1909 5389 2053 5443; x_wconf 90' lang='lat' dir='ltr'><strong>enim</strong></span> 
     </span>
    </p>
   </div>
   <div class='ocr_carea' id='block_1_55' title="bbox 480 5476 2055 5547">
    <p class='ocr_par' dir='ltr' id='par_1_55' title="bbox 480 5476 2055 5547">
     <span class='ocr_line' id='line_1_55' title="bbox 480 5476 2055 5547; baseline 0.001 -15"><span class='ocrx_word' id='word_1_388' title='bbox 480 5478 759 5535; x_wconf 85' lang='lat' dir='ltr'><strong>dimidium</strong></span> <span class='ocrx_word' id='word_1_389' title='bbox 784 5476 899 5534; x_wconf 88' lang='lat' dir='ltr'><strong>fere</strong></span> <span class='ocrx_word' id='word_1_390' title='bbox 923 5477 1119 5533; x_wconf 88' lang='lat' dir='ltr'><strong>laboris</strong></span> <span class='ocrx_word' id='word_1_391' title='bbox 1143 5478 1260 5547; x_wconf 86' lang='lat' dir='ltr'><strong>ejus</strong></span> <span class='ocrx_word' id='word_1_392' title='bbox 1291 5481 1677 5546; x_wconf 81' lang='lat' dir='ltr'><strong>exantlaverat,</strong></span> <span class='ocrx_word' id='word_1_393' title='bbox 1696 5494 1820 5541; x_wconf 85' lang='lat' dir='ltr'><strong>cum</strong></span> <span class='ocrx_word' id='word_1_394' title='bbox 1841 5479 2055 5534; x_wconf 88' lang='lat' dir='ltr'><strong>hocmet</strong></span> 
     </span>
    </p>
   </div>
   <div class='ocr_carea' id='block_1_56' title="bbox 480 5569 2055 5642">
    <p class='ocr_par' dir='ltr' id='par_1_56' title="bbox 480 5569 2055 5642">
     <span class='ocr_line' id='line_1_56' title="bbox 480 5569 2055 5642; baseline 0.003 -18"><span class='ocrx_word' id='word_1_395' title='bbox 480 5584 623 5625; x_wconf 85' lang='lat' dir='ltr'><strong>anno</strong></span> <span class='ocrx_word' id='word_1_396' title='bbox 650 5584 869 5625; x_wconf 88' lang='lat' dir='ltr'><strong>suorum</strong></span> <span class='ocrx_word' id='word_1_397' title='bbox 908 5569 1216 5640; x_wconf 84' lang='lat' dir='ltr'><strong>Catalogum</strong></span> <span class='ocrx_word' id='word_1_398' title='bbox 1269 5586 1490 5642; x_wconf 87' lang='lat' dir='ltr'><strong>operum</strong></span> <span class='ocrx_word' id='word_1_399' title='bbox 1523 5574 1766 5629; x_wconf 89' lang='lat' dir='ltr'><strong>scribens</strong></span> <span class='ocrx_word' id='word_1_400' title='bbox 1787 5614 1802 5639; x_wconf 94' lang='lat'><strong>,</strong></span> <span class='ocrx_word' id='word_1_401' title='bbox 1829 5573 1961 5626; x_wconf 89' lang='lat' dir='ltr'><strong>istos</strong></span> <span class='ocrx_word' id='word_1_402' title='bbox 1986 5573 2055 5628; x_wconf 88' lang='lat' dir='ltr'><strong>de</strong></span> 
     </span>
    </p>
   </div>
   <div class='ocr_carea' id='block_1_57' title="bbox 481 5662 2055 5738">
    <p class='ocr_par' dir='ltr' id='par_1_57' title="bbox 481 5662 2055 5738">
     <span class='ocr_line' id='line_1_57' title="bbox 481 5662 2055 5738; baseline 0.003 -22"><span class='ocrx_word' id='word_1_403' title='bbox 481 5662 700 5718; x_wconf 84' lang='lat' dir='ltr'><strong>nomine</strong></span> <span class='ocrx_word' id='word_1_404' title='bbox 748 5662 1043 5735; x_wconf 83' lang='lat' dir='ltr'><strong>Prophetas</strong></span> <span class='ocrx_word' id='word_1_405' title='bbox 1090 5666 1394 5721; x_wconf 81' lang='lat' dir='ltr'><strong>recensuit:</strong></span> <span class='ocrx_word' id='word_1_406' title='bbox 1429 5666 1630 5738; x_wconf 81' lang='lat' dir='ltr'><strong>Scripsi</strong></span> <span class='ocrx_word' id='word_1_407' title='bbox 1661 5676 1925 5736; x_wconf 77' lang='lat' dir='ltr'><strong>prwterea,</strong></span> <span class='ocrx_word' id='word_1_408' title='bbox 1976 5667 2055 5720; x_wconf 90' lang='lat' dir='ltr'><strong>in-</strong></span> 
     </span>
    </p>
   </div>
   <div class='ocr_carea' id='block_1_58' title="bbox 481 5753 2057 5825">
    <p class='ocr_par' dir='ltr' id='par_1_58' title="bbox 481 5753 2057 5825">
     <span class='ocr_line' id='line_1_58' title="bbox 481 5753 2057 5825; baseline 0.001 -16"><span class='ocrx_word' id='word_1_409' title='bbox 481 5753 707 5825; x_wconf 77' lang='lat' dir='ltr'><strong>quiens,</strong></span> <span class='ocrx_word' id='word_1_410' title='bbox 736 5755 789 5816; x_wconf 84' lang='lat' dir='ltr'><strong>in</strong></span> <span class='ocrx_word' id='word_1_411' title='bbox 832 5754 1101 5811; x_wconf 69' lang='lat' dir='ltr'><strong>Hic/team</strong></span> <span class='ocrx_word' id='word_1_412' title='bbox 1144 5756 1559 5825; x_wconf 67' lang='lat' dir='ltr'><strong>explanatianum</strong></span> <span class='ocrx_word' id='word_1_413' title='bbox 1604 5759 1757 5815; x_wconf 77' lang='lat' dir='ltr'><strong>libros</strong></span> <span class='ocrx_word' id='word_1_414' title='bbox 1798 5757 1962 5824; x_wconf 84' lang='lat' dir='ltr'><strong>duos,</strong></span> <span class='ocrx_word' id='word_1_415' title='bbox 2005 5756 2057 5812; x_wconf 88' lang='lat' dir='ltr'><strong>in</strong></span> 
     </span>
    </p>
   </div>
   <div class='ocr_carea' id='block_1_59' title="bbox 2150 485 3725 557">
    <p class='ocr_par' dir='ltr' id='par_1_59' title="bbox 2150 485 3725 557">
     <span class='ocr_line' id='line_1_59' title="bbox 2150 485 3725 557; baseline 0.003 -16"><span class='ocrx_word' id='word_1_416' title='bbox 2150 485 2467 557; x_wconf 86' lang='lat' dir='ltr'><strong>Saphoniant</strong></span> <span class='ocrx_word' id='word_1_417' title='bbox 2518 486 2700 541; x_wconf 81' lang='lat' dir='ltr'><strong>librant</strong></span> <span class='ocrx_word' id='word_1_418' title='bbox 2725 503 2884 542; x_wconf 84' lang='lat' dir='ltr'><strong>unum</strong></span> <span class='ocrx_word' id='word_1_419' title='bbox 2904 528 2919 554; x_wconf 92' lang='lat'><strong>,</strong></span> <span class='ocrx_word' id='word_1_420' title='bbox 2951 487 3004 541; x_wconf 88' lang='lat' dir='ltr'><strong>in</strong></span> <span class='ocrx_word' id='word_1_421' title='bbox 3035 486 3208 543; x_wconf 84' lang='lat' dir='ltr'><strong>Naunt</strong></span> <span class='ocrx_word' id='word_1_422' title='bbox 3236 488 3420 543; x_wconf 81' lang='lat' dir='ltr'><strong>librum</strong></span> <span class='ocrx_word' id='word_1_423' title='bbox 3444 505 3604 544; x_wconf 80' lang='lat' dir='ltr'><strong>unum</strong></span> <span class='ocrx_word' id='word_1_424' title='bbox 3623 531 3639 557; x_wconf 96' lang='lat'><strong>,</strong></span> <span class='ocrx_word' id='word_1_425' title='bbox 3670 492 3725 547; x_wconf 76' lang='lat' dir='ltr'><strong>iis</strong></span> 
     </span>
    </p>
   </div>
   <div class='ocr_carea' id='block_1_60' title="bbox 2147 576 3721 649">
    <p class='ocr_par' dir='ltr' id='par_1_60' title="bbox 2147 576 3721 649">
     <span class='ocr_line' id='line_1_60' title="bbox 2147 576 3721 649; baseline 0.005 -20"><span class='ocrx_word' id='word_1_426' title='bbox 2147 576 2350 630; x_wconf 80' lang='lat' dir='ltr'><strong>Abacuc</strong></span> <span class='ocrx_word' id='word_1_427' title='bbox 2394 576 2547 631; x_wconf 89' lang='lat' dir='ltr'><strong>libros</strong></span> <span class='ocrx_word' id='word_1_428' title='bbox 2593 578 2752 641; x_wconf 87' lang='lat' dir='ltr'><strong>duos,</strong></span> <span class='ocrx_word' id='word_1_429' title='bbox 2785 579 2838 633; x_wconf 88' lang='lat' dir='ltr'><strong>in</strong></span> <span class='ocrx_word' id='word_1_430' title='bbox 2888 579 3129 649; x_wconf 73' lang='lat' dir='ltr'><strong>Aggteum</strong></span> <span class='ocrx_word' id='word_1_431' title='bbox 3157 580 3340 635; x_wconf 79' lang='lat' dir='ltr'><strong>librum</strong></span> <span class='ocrx_word' id='word_1_432' title='bbox 3380 597 3559 635; x_wconf 82' lang='lat' dir='ltr'><strong>unum.</strong></span> <span class='ocrx_word' id='word_1_433' title='bbox 3586 580 3721 638; x_wconf 80' lang='lat' dir='ltr'><strong>Rern</strong></span> 
     </span>
    </p>
   </div>
   <div class='ocr_carea' id='block_1_61' title="bbox 2149 668 3725 728">
    <p class='ocr_par' dir='ltr' id='par_1_61' title="bbox 2149 668 3725 728">
     <span class='ocr_line' id='line_1_61' title="bbox 2149 668 3725 728; baseline 0.004 -7"><span class='ocrx_word' id='word_1_434' title='bbox 2149 676 2330 721; x_wconf 86' lang='lat' dir='ltr'><strong>narrat</strong></span> <span class='ocrx_word' id='word_1_435' title='bbox 2383 668 2825 725; x_wconf 86' lang='lat' dir='ltr'><strong>luculentioribus</strong></span> <span class='ocrx_word' id='word_1_436' title='bbox 2858 669 3033 725; x_wconf 87' lang='lat' dir='ltr'><strong>adhuc</strong></span> <span class='ocrx_word' id='word_1_437' title='bbox 3077 671 3255 725; x_wconf 89' lang='lat' dir='ltr'><strong>verbis</strong></span> <span class='ocrx_word' id='word_1_438' title='bbox 3292 671 3346 726; x_wconf 93' lang='lat' dir='ltr'><strong>in</strong></span> <span class='ocrx_word' id='word_1_439' title='bbox 3399 670 3725 728; x_wconf 72' lang='lat' dir='ltr'><strong>Prmfatione</strong></span> 
     </span>
    </p>
   </div>
   <div class='ocr_carea' id='block_1_62' title="bbox 2148 756 3727 831">
    <p class='ocr_par' dir='ltr' id='par_1_62' title="bbox 2148 756 3727 831">
     <span class='ocr_line' id='line_1_62' title="bbox 2148 756 3727 831; baseline 0.006 -21"><span class='ocrx_word' id='word_1_440' title='bbox 2148 756 2528 812; x_wconf 85' lang='lat' dir='ltr'><strong>Commentarii</strong></span> <span class='ocrx_word' id='word_1_441' title='bbox 2560 761 2698 814; x_wconf 87' lang='lat' dir='ltr'><strong>tertii</strong></span> <span class='ocrx_word' id='word_1_442' title='bbox 2754 760 2806 813; x_wconf 92' lang='lat' dir='ltr'><strong>in</strong></span> <span class='ocrx_word' id='word_1_443' title='bbox 2856 764 3058 826; x_wconf 82' lang='lat' dir='ltr'><strong>Amos,</strong></span> <span class='ocrx_word' id='word_1_444' title='bbox 3108 769 3312 815; x_wconf 90' lang='lat' dir='ltr'><strong>tantum</strong></span> <span class='ocrx_word' id='word_1_445' title='bbox 3357 761 3499 831; x_wconf 86' lang='lat' dir='ltr'><strong>quod</strong></span> <span class='ocrx_word' id='word_1_446' title='bbox 3536 762 3727 820; x_wconf 86' lang='lat' dir='ltr'><strong>ordine</strong></span> 
     </span>
    </p>
   </div>
   <div class='ocr_carea' id='block_1_63' title="bbox 2151 846 3723 919">
    <p class='ocr_par' dir='ltr' id='par_1_63' title="bbox 2151 846 3723 919">
     <span class='ocr_line' id='line_1_63' title="bbox 2151 846 3723 919; baseline 0.006 -19"><span class='ocrx_word' id='word_1_447' title='bbox 2151 846 2361 900; x_wconf 82' lang='lat' dir='ltr'><strong>inverso</strong></span> <span class='ocrx_word' id='word_1_448' title='bbox 2387 847 2568 911; x_wconf 88' lang='lat' dir='ltr'><strong>habet,</strong></span> <span class='ocrx_word' id='word_1_449' title='bbox 2600 858 2655 903; x_wconf 90' lang='lat' dir='ltr'><strong>et</strong></span> <span class='ocrx_word' id='word_1_450' title='bbox 2676 850 2981 905; x_wconf 83' lang='lat' dir='ltr'><strong>Ahacucum</strong></span> <span class='ocrx_word' id='word_1_451' title='bbox 3010 851 3078 904; x_wconf 88' lang='lat' dir='ltr'><strong>ab</strong></span> <span class='ocrx_word' id='word_1_452' title='bbox 3120 850 3223 905; x_wconf 93' lang='lat' dir='ltr'><strong>hoc</strong></span> <span class='ocrx_word' id='word_1_453' title='bbox 3252 866 3478 906; x_wconf 89' lang='lat' dir='ltr'><strong>numero</strong></span> <span class='ocrx_word' id='word_1_454' title='bbox 3501 853 3723 919; x_wconf 84' lang='lat' dir='ltr'><strong>eximit,</strong></span> 
     </span>
    </p>
   </div>
   <div class='ocr_carea' id='block_1_64' title="bbox 2150 938 3728 1012">
    <p class='ocr_par' dir='ltr' id='par_1_64' title="bbox 2150 938 3728 1012">
     <span class='ocr_line' id='line_1_64' title="bbox 2150 938 3728 1012; baseline 0.006 -22"><span class='ocrx_word' id='word_1_455' title='bbox 2150 952 2213 993; x_wconf 88' lang='lat' dir='ltr'><strong>ac</strong></span> <span class='ocrx_word' id='word_1_456' title='bbox 2250 938 2465 994; x_wconf 75' lang='lat' dir='ltr'><strong>differre</strong></span> <span class='ocrx_word' id='word_1_457' title='bbox 2492 939 2542 994; x_wconf 93' lang='lat' dir='ltr'><strong>in</strong></span> <span class='ocrx_word' id='word_1_458' title='bbox 2573 940 2713 994; x_wconf 90' lang='lat' dir='ltr'><strong>aliud</strong></span> <span class='ocrx_word' id='word_1_459' title='bbox 2743 949 2952 1011; x_wconf 85' lang='lat' dir='ltr'><strong>tempus</strong></span> <span class='ocrx_word' id='word_1_460' title='bbox 2986 941 3219 997; x_wconf 88' lang='lat' dir='ltr'><strong>videtur.</strong></span> <span class='ocrx_word' id='word_1_461' title='bbox 3253 941 3576 1012; x_wconf 70' lang='lat' dir='ltr'><strong>Praepostero</strong></span> <span class='ocrx_word' id='word_1_462' title='bbox 3597 986 3615 1011; x_wconf 95' lang='lat'><strong>,</strong></span> <span class='ocrx_word' id='word_1_463' title='bbox 3648 946 3728 999; x_wconf 78' lang='lat' dir='ltr'><strong>in-</strong></span> 
     </span>
    </p>
   </div>
   <div class='ocr_carea' id='block_1_65' title="bbox 2150 1028 3729 1106">
    <p class='ocr_par' dir='ltr' id='par_1_65' title="bbox 2150 1028 3729 1106">
     <span class='ocr_line' id='line_1_65' title="bbox 2150 1028 3729 1106; baseline 0.007 -27"><span class='ocrx_word' id='word_1_464' title='bbox 2150 1028 2286 1095; x_wconf 89' lang='lat' dir='ltr'><strong>quit,</strong></span> <span class='ocrx_word' id='word_1_465' title='bbox 2314 1029 2493 1083; x_wconf 85' lang='lat' dir='ltr'><strong>ordine</strong></span> <span class='ocrx_word' id='word_1_466' title='bbox 2514 1039 2663 1098; x_wconf 89' lang='lat' dir='ltr'><strong>atque</strong></span> <span class='ocrx_word' id='word_1_467' title='bbox 2681 1033 2894 1102; x_wconf 76' lang='lat' dir='ltr'><strong>confuso</strong></span> <span class='ocrx_word' id='word_1_468' title='bbox 2922 1030 3187 1086; x_wconf 80' lang='lat' dir='ltr'><strong>duodecim</strong></span> <span class='ocrx_word' id='word_1_469' title='bbox 3206 1031 3583 1101; x_wconf 80' lang='lat' dir='ltr'><strong>Prophetarum</strong></span> <span class='ocrx_word' id='word_1_470' title='bbox 3601 1051 3729 1106; x_wconf 77' lang='lat' dir='ltr'><strong>Opus</strong></span> 
     </span>
    </p>
   </div>
   <div class='ocr_carea' id='block_1_66' title="bbox 2152 1120 3728 1192">
    <p class='ocr_par' dir='ltr' id='par_1_66' title="bbox 2152 1120 3728 1192">
     <span class='ocr_line' id='line_1_66' title="bbox 2152 1120 3728 1192; baseline 0.005 -21"><span class='ocrx_word' id='word_1_471' title='bbox 2152 1127 2196 1172; x_wconf 87' lang='lat' dir='ltr'><strong>et</strong></span> <span class='ocrx_word' id='word_1_472' title='bbox 2221 1120 2462 1188; x_wconf 74' lang='lat' dir='ltr'><strong>coepimus</strong></span> <span class='ocrx_word' id='word_1_473' title='bbox 2482 1160 2499 1187; x_wconf 95' lang='lat'><strong>,</strong></span> <span class='ocrx_word' id='word_1_474' title='bbox 2541 1130 2587 1175; x_wconf 92' lang='lat' dir='ltr'><strong>et</strong></span> <span class='ocrx_word' id='word_1_475' title='bbox 2616 1120 2814 1175; x_wconf 86' lang='lat' dir='ltr'><strong>Christo</strong></span> <span class='ocrx_word' id='word_1_476' title='bbox 2843 1122 3117 1192; x_wconf 81' lang='lat' dir='ltr'><strong>adjuvante</strong></span> <span class='ocrx_word' id='word_1_477' title='bbox 3135 1162 3150 1187; x_wconf 89' lang='lat'><strong>,</strong></span> <span class='ocrx_word' id='word_1_478' title='bbox 3193 1122 3573 1192; x_wconf 82' lang='lat' dir='ltr'><strong>complcbimus.</strong></span> <span class='ocrx_word' id='word_1_479' title='bbox 3605 1124 3728 1179; x_wconf 81' lang='lat' dir='ltr'><strong>Non</strong></span> 
     </span>
    </p>
   </div>
   <div class='ocr_carea' id='block_1_67' title="bbox 2152 1208 3728 1283">
    <p class='ocr_par' dir='ltr' id='par_1_67' title="bbox 2152 1208 3728 1283">
     <span class='ocr_line' id='line_1_67' title="bbox 2152 1208 3728 1283; baseline 0.006 -23"><span class='ocrx_word' id='word_1_480' title='bbox 2152 1208 2283 1261; x_wconf 88' lang='lat' dir='ltr'><strong>enim</strong></span> <span class='ocrx_word' id='word_1_481' title='bbox 2309 1225 2341 1261; x_wconf 92' lang='lat' dir='ltr'><strong>a</strong></span> <span class='ocrx_word' id='word_1_482' title='bbox 2369 1210 2533 1278; x_wconf 88' lang='lat' dir='ltr'><strong>primo</strong></span> <span class='ocrx_word' id='word_1_483' title='bbox 2562 1227 2716 1282; x_wconf 88' lang='lat' dir='ltr'><strong>usque</strong></span> <span class='ocrx_word' id='word_1_484' title='bbox 2743 1211 2811 1264; x_wconf 91' lang='lat' dir='ltr'><strong>ad</strong></span> <span class='ocrx_word' id='word_1_485' title='bbox 2840 1212 3175 1265; x_wconf 78' lang='lat' dir='ltr'><strong>novissimum</strong></span> <span class='ocrx_word' id='word_1_486' title='bbox 3192 1213 3343 1283; x_wconf 67' lang='lat' dir='ltr'><strong>juxta</strong></span> <span class='ocrx_word' id='word_1_487' title='bbox 3375 1213 3604 1268; x_wconf 82' lang='lat' dir='ltr'><strong>ordinem</strong></span> <span class='ocrx_word' id='word_1_488' title='bbox 3628 1231 3728 1283; x_wconf 86' lang='lat' dir='ltr'><strong>quo</strong></span> 
     </span>
    </p>
   </div>
   <div class='ocr_carea' id='block_1_68' title="bbox 2153 1300 3731 1374">
    <p class='ocr_par' dir='ltr' id='par_1_68' title="bbox 2153 1300 3731 1374">
     <span class='ocr_line' id='line_1_68' title="bbox 2153 1300 3731 1374; baseline 0.006 -21"><span class='ocrx_word' id='word_1_489' title='bbox 2153 1300 2407 1371; x_wconf 87' lang='lat' dir='ltr'><strong>leguntur,</strong></span> <span class='ocrx_word' id='word_1_490' title='bbox 2432 1304 2520 1356; x_wconf 90' lang='lat' dir='ltr'><strong>sed</strong></span> <span class='ocrx_word' id='word_1_491' title='bbox 2543 1312 2598 1356; x_wconf 87' lang='lat' dir='ltr'><strong>ut</strong></span> <span class='ocrx_word' id='word_1_492' title='bbox 2642 1303 2895 1373; x_wconf 84' lang='lat' dir='ltr'><strong>potuimus</strong></span> <span class='ocrx_word' id='word_1_493' title='bbox 2917 1313 2965 1357; x_wconf 88' lang='lat' dir='ltr'><strong>et</strong></span> <span class='ocrx_word' id='word_1_494' title='bbox 2994 1313 3047 1357; x_wconf 90' lang='lat' dir='ltr'><strong>ut</strong></span> <span class='ocrx_word' id='word_1_495' title='bbox 3092 1306 3257 1374; x_wconf 86' lang='lat' dir='ltr'><strong>rogati</strong></span> <span class='ocrx_word' id='word_1_496' title='bbox 3294 1322 3468 1359; x_wconf 87' lang='lat' dir='ltr'><strong>sumus</strong></span> <span class='ocrx_word' id='word_1_497' title='bbox 3491 1348 3508 1372; x_wconf 94' lang='lat'><strong>,</strong></span> <span class='ocrx_word' id='word_1_498' title='bbox 3529 1309 3601 1360; x_wconf 86' lang='lat' dir='ltr'><strong>ita</strong></span> <span class='ocrx_word' id='word_1_499' title='bbox 3645 1324 3731 1362; x_wconf 84' lang='lat' dir='ltr'><strong>eos</strong></span> 
     </span>
    </p>
   </div>
   <div class='ocr_carea' id='block_1_69' title="bbox 2154 1390 3732 1468">
    <p class='ocr_par' dir='ltr' id='par_1_69' title="bbox 2154 1390 3732 1468">
     <span class='ocr_line' id='line_1_69' title="bbox 2154 1390 3732 1468; baseline 0.007 -25"><span class='ocrx_word' id='word_1_500' title='bbox 2154 1390 2499 1447; x_wconf 85' lang='lat' dir='ltr'><strong>disseruimus.</strong></span> <span class='ocrx_word' id='word_1_501' title='bbox 2526 1392 2721 1461; x_wconf 69' lang='lat' dir='ltr'><strong>Neam,</strong></span> <span class='ocrx_word' id='word_1_502' title='bbox 2741 1393 3032 1461; x_wconf 72' lang='lat' dir='ltr'><strong>Hic/tarum,</strong></span> <span class='ocrx_word' id='word_1_503' title='bbox 3066 1394 3403 1464; x_wconf 82' lang='lat' dir='ltr'><strong>Saphoniam,</strong></span> <span class='ocrx_word' id='word_1_504' title='bbox 3424 1405 3470 1450; x_wconf 89' lang='lat' dir='ltr'><strong>et</strong></span> <span class='ocrx_word' id='word_1_505' title='bbox 3488 1396 3732 1468; x_wconf 70' lang='lat' dir='ltr'><strong>Aggeuns</strong></span> 
     </span>
    </p>
   </div>
   <div class='ocr_carea' id='block_1_70' title="bbox 2154 1482 3732 1555">
    <p class='ocr_par' dir='ltr' id='par_1_70' title="bbox 2154 1482 3732 1555">
     <span class='ocr_line' id='line_1_70' title="bbox 2154 1482 3732 1555; baseline 0.005 -20"><span class='ocrx_word' id='word_1_506' title='bbox 2154 1482 2318 1551; x_wconf 89' lang='lat' dir='ltr'><strong>primo</strong></span> <span class='ocrx_word' id='word_1_507' title='bbox 2370 1492 2693 1555; x_wconf 74' lang='grc' dir='ltr'><strong>φιλοπονοταῖς</strong></span> <span class='ocrx_word' id='word_1_508' title='bbox 2739 1483 2924 1539; x_wconf 65' lang='lat' dir='ltr'><strong>Paulle</strong></span> <span class='ocrx_word' id='word_1_509' title='bbox 2946 1525 2962 1548; x_wconf 90' lang='lat'><strong>,</strong></span> <span class='ocrx_word' id='word_1_510' title='bbox 3024 1485 3228 1555; x_wconf 78' lang='lat' dir='ltr'><strong>ejusque</strong></span> <span class='ocrx_word' id='word_1_511' title='bbox 3281 1486 3405 1554; x_wconf 68' lang='lat' dir='ltr'><strong>ﬁlice</strong></span> <span class='ocrx_word' id='word_1_512' title='bbox 3453 1486 3732 1543; x_wconf 80' lang='lat' dir='ltr'><strong>Eustochio</strong></span> 
     </span>
    </p>
   </div>
   <div class='ocr_carea' id='block_1_71' title="bbox 2156 1574 3733 1644">
    <p class='ocr_par' dir='ltr' id='par_1_71' title="bbox 2156 1574 3733 1644">
     <span class='ocr_line' id='line_1_71' title="bbox 2156 1574 3733 1644; baseline 0.004 -17"><span class='ocrx_word' id='word_1_513' title='bbox 2156 1581 2482 1644; x_wconf 70' lang='grc' dir='ltr'><strong>πρωιφώνησα</strong></span> <span class='ocrx_word' id='word_1_514' title='bbox 2508 1590 2523 1633; x_wconf 88' lang='lat'><strong>:</strong></span> <span class='ocrx_word' id='word_1_515' title='bbox 2552 1576 2773 1629; x_wconf 84' lang='lat' dir='ltr'><strong>secundo</strong></span> <span class='ocrx_word' id='word_1_516' title='bbox 2801 1575 2855 1628; x_wconf 87' lang='lat' dir='ltr'><strong>in</strong></span> <span class='ocrx_word' id='word_1_517' title='bbox 2885 1574 3086 1628; x_wconf 80' lang='lat' dir='ltr'><strong>Abacuc</strong></span> <span class='ocrx_word' id='word_1_518' title='bbox 3114 1574 3239 1629; x_wconf 86' lang='lat' dir='ltr'><strong>duos</strong></span> <span class='ocrx_word' id='word_1_519' title='bbox 3265 1575 3418 1630; x_wconf 87' lang='lat' dir='ltr'><strong>libros</strong></span> <span class='ocrx_word' id='word_1_520' title='bbox 3442 1575 3733 1633; x_wconf 83' lang='lat' dir='ltr'><strong>Chromatio</strong></span> 
     </span>
    </p>
   </div>
   <div class='ocr_carea' id='block_1_72' title="bbox 2158 1662 3005 1735">
    <p class='ocr_par' dir='ltr' id='par_1_72' title="bbox 2158 1662 3005 1735">
     <span class='ocr_line' id='line_1_72' title="bbox 2158 1662 3005 1735; baseline 0.002 -18"><span class='ocrx_word' id='word_1_521' title='bbox 2158 1662 2462 1732; x_wconf 77' lang='lat' dir='ltr'><strong>Aquileiensi</strong></span> <span class='ocrx_word' id='word_1_522' title='bbox 2485 1663 2736 1735; x_wconf 82' lang='lat' dir='ltr'><strong>Episcopo</strong></span> <span class='ocrx_word' id='word_1_523' title='bbox 2761 1663 3005 1735; x_wconf 74' lang='lat' dir='ltr'><strong>delegavi.</strong></span> 
     </span>
    </p>
   </div>
   <div class='ocr_carea' id='block_1_73' title="bbox 2230 1753 3734 1827">
    <p class='ocr_par' dir='ltr' id='par_1_73' title="bbox 2230 1753 3734 1827">
     <span class='ocr_line' id='line_1_73' title="bbox 2230 1753 3734 1827; baseline 0.003 -19"><span class='ocrx_word' id='word_1_524' title='bbox 2230 1753 2322 1808; x_wconf 93' lang='lat' dir='ltr'><strong>lll.</strong></span> <span class='ocrx_word' id='word_1_525' title='bbox 2354 1754 2592 1810; x_wconf 80' lang='lat' dir='ltr'><strong>Difficilis</strong></span> <span class='ocrx_word' id='word_1_526' title='bbox 2621 1756 2894 1825; x_wconf 89' lang='lat' dir='ltr'><strong>explicatu</strong></span> <span class='ocrx_word' id='word_1_527' title='bbox 2924 1769 3012 1811; x_wconf 91' lang='lat' dir='ltr'><strong>res</strong></span> <span class='ocrx_word' id='word_1_528' title='bbox 3060 1762 3179 1821; x_wconf 90' lang='lat' dir='ltr'><strong>est,</strong></span> <span class='ocrx_word' id='word_1_529' title='bbox 3207 1769 3330 1811; x_wconf 91' lang='lat' dir='ltr'><strong>cum</strong></span> <span class='ocrx_word' id='word_1_530' title='bbox 3357 1755 3559 1812; x_wconf 91' lang='lat' dir='ltr'><strong>nullum</strong></span> <span class='ocrx_word' id='word_1_531' title='bbox 3590 1772 3734 1827; x_wconf 70' lang='lat' dir='ltr'><strong>pra:-</strong></span> 
     </span>
    </p>
   </div>
   <div class='ocr_carea' id='block_1_74' title="bbox 2158 1843 3733 1916">
    <p class='ocr_par' dir='ltr' id='par_1_74' title="bbox 2158 1843 3733 1916">
     <span class='ocr_line' id='line_1_74' title="bbox 2158 1843 3733 1916; baseline 0.004 -21"><span class='ocrx_word' id='word_1_532' title='bbox 2158 1849 2300 1896; x_wconf 88' lang='lat' dir='ltr'><strong>terea</strong></span> <span class='ocrx_word' id='word_1_533' title='bbox 2327 1843 2487 1898; x_wconf 90' lang='lat' dir='ltr'><strong>alium</strong></span> <span class='ocrx_word' id='word_1_534' title='bbox 2514 1843 2580 1899; x_wconf 92' lang='lat' dir='ltr'><strong>de</strong></span> <span class='ocrx_word' id='word_1_535' title='bbox 2606 1844 2821 1899; x_wconf 89' lang='lat' dir='ltr'><strong>nomine</strong></span> <span class='ocrx_word' id='word_1_536' title='bbox 2842 1844 3160 1914; x_wconf 87' lang='lat' dir='ltr'><strong>Prophetam</strong></span> <span class='ocrx_word' id='word_1_537' title='bbox 3186 1846 3284 1901; x_wconf 91' lang='lat' dir='ltr'><strong>abs</strong></span> <span class='ocrx_word' id='word_1_538' title='bbox 3313 1860 3373 1900; x_wconf 91' lang='lat' dir='ltr'><strong>se</strong></span> <span class='ocrx_word' id='word_1_539' title='bbox 3397 1861 3493 1916; x_wconf 89' lang='lat' dir='ltr'><strong>per</strong></span> <span class='ocrx_word' id='word_1_540' title='bbox 3517 1847 3569 1901; x_wconf 91' lang='lat' dir='ltr'><strong>id</strong></span> <span class='ocrx_word' id='word_1_541' title='bbox 3594 1858 3733 1903; x_wconf 89' lang='lat' dir='ltr'><strong>tem-</strong></span> 
     </span>
    </p>
   </div>
   <div class='ocr_carea' id='block_1_75' title="bbox 2160 1932 3733 2005">
    <p class='ocr_par' dir='ltr' id='par_1_75' title="bbox 2160 1932 3733 2005">
     <span class='ocr_line' id='line_1_75' title="bbox 2160 1932 3733 2005; baseline 0.004 -19"><span class='ocrx_word' id='word_1_542' title='bbox 2160 1935 2305 2003; x_wconf 91' lang='lat' dir='ltr'><strong>poris</strong></span> <span class='ocrx_word' id='word_1_543' title='bbox 2331 1932 2724 1989; x_wconf 88' lang='lat' dir='ltr'><strong>Commentario</strong></span> <span class='ocrx_word' id='word_1_544' title='bbox 2749 1935 3071 1990; x_wconf 89' lang='lat' dir='ltr'><strong>illustratum</strong></span> <span class='ocrx_word' id='word_1_545' title='bbox 3101 1935 3321 2002; x_wconf 87' lang='lat' dir='ltr'><strong>referat,</strong></span> <span class='ocrx_word' id='word_1_546' title='bbox 3347 1936 3475 2005; x_wconf 89' lang='lat' dir='ltr'><strong>quid</strong></span> <span class='ocrx_word' id='word_1_547' title='bbox 3496 1936 3597 1993; x_wconf 90' lang='lat' dir='ltr'><strong>sibi</strong></span> <span class='ocrx_word' id='word_1_548' title='bbox 3623 1950 3733 1993; x_wconf 84' lang='lat' dir='ltr'><strong>tum</strong></span> 
     </span>
    </p>
   </div>
   <div class='ocr_carea' id='block_1_76' title="bbox 2158 2024 3732 2098">
    <p class='ocr_par' dir='ltr' id='par_1_76' title="bbox 2158 2024 3732 2098">
     <span class='ocr_line' id='line_1_76' title="bbox 2158 2024 3732 2098; baseline 0.004 -21"><span class='ocrx_word' id='word_1_549' title='bbox 2158 2024 2415 2090; x_wconf 87' lang='lat' dir='ltr'><strong>voluerit,</strong></span> <span class='ocrx_word' id='word_1_550' title='bbox 2443 2042 2562 2081; x_wconf 93' lang='lat' dir='ltr'><strong>cum</strong></span> <span class='ocrx_word' id='word_1_551' title='bbox 2592 2027 2831 2083; x_wconf 89' lang='lat' dir='ltr'><strong>secundo</strong></span> <span class='ocrx_word' id='word_1_552' title='bbox 2860 2028 2912 2081; x_wconf 93' lang='lat' dir='ltr'><strong>in</strong></span> <span class='ocrx_word' id='word_1_553' title='bbox 2960 2027 3290 2097; x_wconf 83' lang='lat' dir='ltr'><strong>SOphoniam</strong></span> <span class='ocrx_word' id='word_1_554' title='bbox 3318 2028 3495 2098; x_wconf 90' lang='lat' dir='ltr'><strong>capite</strong></span> <span class='ocrx_word' id='word_1_555' title='bbox 3534 2044 3593 2084; x_wconf 87' lang='lat' dir='ltr'><strong>se</strong></span> <span class='ocrx_word' id='word_1_556' title='bbox 3620 2031 3732 2095; x_wconf 89' lang='lat' dir='ltr'><strong>ait,</strong></span> 
     </span>
    </p>
   </div>
   <div class='ocr_carea' id='block_1_77' title="bbox 2158 2116 3737 2189">
    <p class='ocr_par' dir='ltr' id='par_1_77' title="bbox 2158 2116 3737 2189">
     <span class='ocr_line' id='line_1_77' title="bbox 2158 2116 3737 2189; baseline 0.004 -20"><span class='ocrx_word' id='word_1_557' title='bbox 2158 2116 2211 2170; x_wconf 84' lang='lat' dir='ltr'><strong>in</strong></span> <span class='ocrx_word' id='word_1_558' title='bbox 2240 2116 2376 2170; x_wconf 76' lang='lat' dir='ltr'><strong>Iona</strong></span> <span class='ocrx_word' id='word_1_559' title='bbox 2404 2117 2659 2181; x_wconf 84' lang='lat' dir='ltr'><strong>Ninivem,</strong></span> <span class='ocrx_word' id='word_1_560' title='bbox 2689 2119 2740 2172; x_wconf 81' lang='lat' dir='ltr'><strong>id</strong></span> <span class='ocrx_word' id='word_1_561' title='bbox 2770 2127 2865 2185; x_wconf 90' lang='lat' dir='ltr'><strong>est,</strong></span> <span class='ocrx_word' id='word_1_562' title='bbox 2888 2118 3185 2188; x_wconf 91' lang='lat' dir='ltr'><strong>speciosam</strong></span> <span class='ocrx_word' id='word_1_563' title='bbox 3208 2157 3224 2184; x_wconf 93' lang='lat'><strong>,</strong></span> <span class='ocrx_word' id='word_1_564' title='bbox 3251 2135 3364 2188; x_wconf 67' lang='lat' dir='ltr'><strong>quia</strong></span> <span class='ocrx_word' id='word_1_565' title='bbox 3389 2119 3457 2172; x_wconf 90' lang='lat' dir='ltr'><strong>ad</strong></span> <span class='ocrx_word' id='word_1_566' title='bbox 3485 2121 3737 2189; x_wconf 65' lang='lat' dir='ltr'><strong>pradica-</strong></span> 
     </span>
    </p>
   </div>
   <div class='ocr_carea' id='block_1_78' title="bbox 2160 2206 3737 2279">
    <p class='ocr_par' dir='ltr' id='par_1_78' title="bbox 2160 2206 3737 2279">
     <span class='ocr_line' id='line_1_78' title="bbox 2160 2206 3737 2279; baseline 0.003 -17"><span class='ocrx_word' id='word_1_567' title='bbox 2160 2209 2343 2262; x_wconf 84' lang='lat' dir='ltr'><strong>tionem</strong></span> <span class='ocrx_word' id='word_1_568' title='bbox 2362 2206 2531 2276; x_wconf 71' lang='lat' dir='ltr'><strong>Iona,</strong></span> <span class='ocrx_word' id='word_1_569' title='bbox 2556 2210 2610 2263; x_wconf 87' lang='lat' dir='ltr'><strong>id</strong></span> <span class='ocrx_word' id='word_1_570' title='bbox 2632 2218 2724 2273; x_wconf 88' lang='lat' dir='ltr'><strong>est,</strong></span> <span class='ocrx_word' id='word_1_571' title='bbox 2744 2209 3033 2273; x_wconf 73' lang='lat' dir='ltr'><strong>Columbae,</strong></span> <span class='ocrx_word' id='word_1_572' title='bbox 3067 2211 3221 2279; x_wconf 81' lang='lat' dir='ltr'><strong>egerit</strong></span> <span class='ocrx_word' id='word_1_573' title='bbox 3242 2210 3602 2277; x_wconf 75' lang='lat' dir='ltr'><strong>ptenitentiam,</strong></span> <span class='ocrx_word' id='word_1_574' title='bbox 3634 2209 3737 2266; x_wconf 79' lang='lat' dir='ltr'><strong>Ec-</strong></span> 
     </span>
    </p>
   </div>
   <div class='ocr_carea' id='block_1_79' title="bbox 2159 2299 3733 2372">
    <p class='ocr_par' dir='ltr' id='par_1_79' title="bbox 2159 2299 3733 2372">
     <span class='ocr_line' id='line_1_79' title="bbox 2159 2299 3733 2372; baseline 0.002 -20"><span class='ocrx_word' id='word_1_575' title='bbox 2159 2300 2365 2354; x_wconf 79' lang='lat' dir='ltr'><strong>clesium</strong></span> <span class='ocrx_word' id='word_1_576' title='bbox 2402 2300 2782 2371; x_wconf 80' lang='lat' dir='ltr'><strong>interpretatum</strong></span> <span class='ocrx_word' id='word_1_577' title='bbox 2811 2299 2974 2354; x_wconf 87' lang='lat' dir='ltr'><strong>fuisse</strong></span> <span class='ocrx_word' id='word_1_578' title='bbox 3000 2300 3063 2353; x_wconf 89' lang='lat' dir='ltr'><strong>de</strong></span> <span class='ocrx_word' id='word_1_579' title='bbox 3088 2299 3330 2354; x_wconf 80' lang='lat' dir='ltr'><strong>Gentibus</strong></span> <span class='ocrx_word' id='word_1_580' title='bbox 3353 2311 3733 2372; x_wconf 82' lang='lat' dir='ltr'><strong>congregatum.</strong></span> 
     </span>
    </p>
   </div>
   <div class='ocr_carea' id='block_1_80' title="bbox 2161 2390 3733 2462">
    <p class='ocr_par' dir='ltr' id='par_1_80' title="bbox 2161 2390 3733 2462">
     <span class='ocr_line' id='line_1_80' title="bbox 2161 2390 3733 2462; baseline 0.003 -18"><span class='ocrx_word' id='word_1_581' title='bbox 2161 2391 2385 2445; x_wconf 85' lang='lat' dir='ltr'><strong>Tantum</strong></span> <span class='ocrx_word' id='word_1_582' title='bbox 2415 2392 2558 2446; x_wconf 90' lang='lat' dir='ltr'><strong>enim</strong></span> <span class='ocrx_word' id='word_1_583' title='bbox 2590 2392 2762 2457; x_wconf 87' lang='lat' dir='ltr'><strong>abest,</strong></span> <span class='ocrx_word' id='word_1_584' title='bbox 2797 2406 2903 2461; x_wconf 89' lang='lat' dir='ltr'><strong>quo</strong></span> <span class='ocrx_word' id='word_1_585' title='bbox 2930 2400 3174 2461; x_wconf 88' lang='lat' dir='ltr'><strong>tempore</strong></span> <span class='ocrx_word' id='word_1_586' title='bbox 3200 2390 3529 2460; x_wconf 83' lang='lat' dir='ltr'><strong>Sephuniam</strong></span> <span class='ocrx_word' id='word_1_587' title='bbox 3562 2408 3733 2462; x_wconf 84' lang='lat' dir='ltr'><strong>expo-</strong></span> 
     </span>
    </p>
   </div>
   <div class='ocr_carea' id='block_1_81' title="bbox 2160 2480 3737 2550">
    <p class='ocr_par' dir='ltr' id='par_1_81' title="bbox 2160 2480 3737 2550">
     <span class='ocr_line' id='line_1_81' title="bbox 2160 2480 3737 2550; baseline 0.001 -14"><span class='ocrx_word' id='word_1_588' title='bbox 2160 2482 2336 2547; x_wconf 90' lang='lat' dir='ltr'><strong>nebat,</strong></span> <span class='ocrx_word' id='word_1_589' title='bbox 2367 2480 2630 2537; x_wconf 85' lang='lat' dir='ltr'><strong>utJonam</strong></span> <span class='ocrx_word' id='word_1_590' title='bbox 2656 2482 2764 2550; x_wconf 89' lang='lat' dir='ltr'><strong>jam</strong></span> <span class='ocrx_word' id='word_1_591' title='bbox 2796 2481 3193 2548; x_wconf 87' lang='lat' dir='ltr'><strong>edisseruisset,</strong></span> <span class='ocrx_word' id='word_1_592' title='bbox 3226 2482 3361 2536; x_wconf 88' lang='lat' dir='ltr'><strong>utin</strong></span> <span class='ocrx_word' id='word_1_593' title='bbox 3413 2482 3500 2536; x_wconf 90' lang='lat' dir='ltr'><strong>illa</strong></span> <span class='ocrx_word' id='word_1_594' title='bbox 3530 2482 3737 2537; x_wconf 55' lang='lat' dir='ltr'><strong>Praefa-</strong></span> 
     </span>
    </p>
   </div>
   <div class='ocr_carea' id='block_1_82' title="bbox 2162 2570 3739 2641">
    <p class='ocr_par' dir='ltr' id='par_1_82' title="bbox 2162 2570 3739 2641">
     <span class='ocr_line' id='line_1_82' title="bbox 2162 2570 3739 2641; baseline 0.003 -18"><span class='ocrx_word' id='word_1_595' title='bbox 2162 2572 2305 2626; x_wconf 89' lang='lat' dir='ltr'><strong>tione</strong></span> <span class='ocrx_word' id='word_1_596' title='bbox 2328 2611 2344 2637; x_wconf 92' lang='lat'><strong>,</strong></span> <span class='ocrx_word' id='word_1_597' title='bbox 2375 2586 2533 2641; x_wconf 86' lang='lat' dir='ltr'><strong>quam</strong></span> <span class='ocrx_word' id='word_1_598' title='bbox 2560 2570 2719 2625; x_wconf 90' lang='lat' dir='ltr'><strong>modo</strong></span> <span class='ocrx_word' id='word_1_599' title='bbox 2751 2570 3085 2625; x_wconf 89' lang='lat' dir='ltr'><strong>laudavimus</strong></span> <span class='ocrx_word' id='word_1_600' title='bbox 3114 2571 3166 2624; x_wconf 93' lang='lat' dir='ltr'><strong>in</strong></span> <span class='ocrx_word' id='word_1_601' title='bbox 3208 2572 3373 2625; x_wconf 85' lang='lat' dir='ltr'><strong>Amos</strong></span> <span class='ocrx_word' id='word_1_602' title='bbox 3394 2613 3410 2637; x_wconf 98' lang='lat'><strong>,</strong></span> <span class='ocrx_word' id='word_1_603' title='bbox 3432 2581 3487 2627; x_wconf 90' lang='lat' dir='ltr'><strong>et</strong></span> <span class='ocrx_word' id='word_1_604' title='bbox 3514 2588 3619 2640; x_wconf 87' lang='lat' dir='ltr'><strong>qua</strong></span> <span class='ocrx_word' id='word_1_605' title='bbox 3650 2589 3739 2628; x_wconf 80' lang='lat' dir='ltr'><strong>ra-</strong></span> 
     </span>
    </p>
   </div>
   <div class='ocr_carea' id='block_1_83' title="bbox 2163 2658 3735 2730">
    <p class='ocr_par' dir='ltr' id='par_1_83' title="bbox 2163 2658 3735 2730">
     <span class='ocr_line' id='line_1_83' title="bbox 2163 2658 3735 2730; baseline 0.003 -17"><span class='ocrx_word' id='word_1_606' title='bbox 2163 2661 2358 2714; x_wconf 88' lang='lat' dir='ltr'><strong>tionem</strong></span> <span class='ocrx_word' id='word_1_607' title='bbox 2412 2660 2613 2715; x_wconf 89' lang='lat' dir='ltr'><strong>laboris</strong></span> <span class='ocrx_word' id='word_1_608' title='bbox 2658 2660 2739 2715; x_wconf 90' lang='lat' dir='ltr'><strong>sui</strong></span> <span class='ocrx_word' id='word_1_609' title='bbox 2770 2660 2981 2727; x_wconf 89' lang='lat' dir='ltr'><strong>reddit,</strong></span> <span class='ocrx_word' id='word_1_610' title='bbox 3038 2658 3365 2730; x_wconf 82' lang='lat' dir='ltr'><strong>Sophoniam</strong></span> <span class='ocrx_word' id='word_1_611' title='bbox 3417 2661 3632 2730; x_wconf 87' lang='lat' dir='ltr'><strong>quidem</strong></span> <span class='ocrx_word' id='word_1_612' title='bbox 3681 2663 3735 2717; x_wconf 91' lang='lat' dir='ltr'><strong>in</strong></span> 
     </span>
    </p>
   </div>
   <div class='ocr_carea' id='block_1_84' title="bbox 2163 2750 3738 2822">
    <p class='ocr_par' dir='ltr' id='par_1_84' title="bbox 2163 2750 3738 2822">
     <span class='ocr_line' id='line_1_84' title="bbox 2163 2750 3738 2822; baseline 0.003 -18"><span class='ocrx_word' id='word_1_613' title='bbox 2163 2752 2330 2820; x_wconf 90' lang='lat' dir='ltr'><strong>prima</strong></span> <span class='ocrx_word' id='word_1_614' title='bbox 2357 2751 2547 2813; x_wconf 85' lang='lat' dir='ltr'><strong>classe,</strong></span> <span class='ocrx_word' id='word_1_615' title='bbox 2572 2750 2760 2805; x_wconf 87' lang='lat' dir='ltr'><strong>Jonam</strong></span> <span class='ocrx_word' id='word_1_616' title='bbox 2789 2766 2921 2807; x_wconf 86' lang='lat' dir='ltr'><strong>vero</strong></span> <span class='ocrx_word' id='word_1_617' title='bbox 2946 2751 2997 2806; x_wconf 92' lang='lat' dir='ltr'><strong>in</strong></span> <span class='ocrx_word' id='word_1_618' title='bbox 3028 2752 3183 2807; x_wconf 88' lang='lat' dir='ltr'><strong>tertia</strong></span> <span class='ocrx_word' id='word_1_619' title='bbox 3206 2793 3221 2819; x_wconf 93' lang='lat'><strong>,</strong></span> <span class='ocrx_word' id='word_1_620' title='bbox 3250 2764 3304 2807; x_wconf 91' lang='lat' dir='ltr'><strong>et</strong></span> <span class='ocrx_word' id='word_1_621' title='bbox 3323 2752 3413 2807; x_wconf 90' lang='lat' dir='ltr'><strong>diu</strong></span> <span class='ocrx_word' id='word_1_622' title='bbox 3440 2764 3560 2822; x_wconf 85' lang='lat' dir='ltr'><strong>post</strong></span> <span class='ocrx_word' id='word_1_623' title='bbox 3583 2769 3738 2809; x_wconf 84' lang='lat' dir='ltr'><strong>sum-</strong></span> 
     </span>
    </p>
   </div>
   <div class='ocr_carea' id='block_1_85' title="bbox 2162 2841 3733 2914">
    <p class='ocr_par' dir='ltr' id='par_1_85' title="bbox 2162 2841 3733 2914">
     <span class='ocr_line' id='line_1_85' title="bbox 2162 2841 3733 2914; baseline 0.002 -19"><span class='ocrx_word' id='word_1_624' title='bbox 2162 2842 2333 2910; x_wconf 88' lang='lat' dir='ltr'><strong>psisse</strong></span> <span class='ocrx_word' id='word_1_625' title='bbox 2357 2841 2459 2896; x_wconf 90' lang='lat' dir='ltr'><strong>sibi</strong></span> <span class='ocrx_word' id='word_1_626' title='bbox 2505 2841 2965 2910; x_wconf 89' lang='lat' dir='ltr'><strong>interpretandum</strong></span> <span class='ocrx_word' id='word_1_627' title='bbox 2999 2842 3282 2911; x_wconf 85' lang='lat' dir='ltr'><strong>significet.</strong></span> <span class='ocrx_word' id='word_1_628' title='bbox 3314 2843 3507 2907; x_wconf 86' lang='lat' dir='ltr'><strong>Tertio,</strong></span> <span class='ocrx_word' id='word_1_629' title='bbox 3529 2844 3733 2914; x_wconf 91' lang='lat' dir='ltr'><strong>inquit,</strong></span> 
     </span>
    </p>
   </div>
   <div class='ocr_carea' id='block_1_86' title="bbox 2163 2932 3737 3002">
    <p class='ocr_par' dir='ltr' id='par_1_86' title="bbox 2163 2932 3737 3002">
     <span class='ocr_line' id='line_1_86' title="bbox 2163 2932 3737 3002; baseline 0.003 -18"><span class='ocrx_word' id='word_1_630' title='bbox 2163 2939 2272 3000; x_wconf 89' lang='lat' dir='ltr'><strong>post</strong></span> <span class='ocrx_word' id='word_1_631' title='bbox 2319 2932 2456 3002; x_wconf 88' lang='lat' dir='ltr'><strong>longi</strong></span> <span class='ocrx_word' id='word_1_632' title='bbox 2504 2932 2740 3001; x_wconf 88' lang='lat' dir='ltr'><strong>temporis</strong></span> <span class='ocrx_word' id='word_1_633' title='bbox 2785 2933 3037 2987; x_wconf 86' lang='lat' dir='ltr'><strong>silentium</strong></span> <span class='ocrx_word' id='word_1_634' title='bbox 3066 2933 3280 2985; x_wconf 80' lang='lat' dir='ltr'><strong>Abdiam</strong></span> <span class='ocrx_word' id='word_1_635' title='bbox 3310 2942 3357 2986; x_wconf 87' lang='lat' dir='ltr'><strong>et</strong></span> <span class='ocrx_word' id='word_1_636' title='bbox 3404 2932 3597 2988; x_wconf 76' lang='lat' dir='ltr'><strong>Ionam</strong></span> <span class='ocrx_word' id='word_1_637' title='bbox 3649 2936 3737 2989; x_wconf 83' lang='lat' dir='ltr'><strong>tibi</strong></span> 
     </span>
    </p>
   </div>
   <div class='ocr_carea' id='block_1_87' title="bbox 2158 3021 3737 3089">
    <p class='ocr_par' dir='ltr' id='par_1_87' title="bbox 2158 3021 3737 3089">
     <span class='ocr_line' id='line_1_87' title="bbox 2158 3021 3737 3089; baseline 0.005 -16"><span class='ocrx_word' id='word_1_638' title='bbox 2158 3021 2430 3089; x_wconf 87' lang='lat' dir='ltr'><strong>imperanti</strong></span> <span class='ocrx_word' id='word_1_639' title='bbox 2476 3022 2733 3077; x_wconf 86' lang='lat' dir='ltr'><strong>edisserui.</strong></span> <span class='ocrx_word' id='word_1_640' title='bbox 2756 3022 2893 3088; x_wconf 85' lang='lat' dir='ltr'><strong>Quin</strong></span> <span class='ocrx_word' id='word_1_641' title='bbox 2941 3023 3100 3077; x_wconf 87' lang='lat' dir='ltr'><strong>etiam</strong></span> <span class='ocrx_word' id='word_1_642' title='bbox 3148 3021 3465 3078; x_wconf 72' lang='lat' dir='ltr'><strong>Prmfatione</strong></span> <span class='ocrx_word' id='word_1_643' title='bbox 3494 3023 3547 3079; x_wconf 92' lang='lat' dir='ltr'><strong>in</strong></span> <span class='ocrx_word' id='word_1_644' title='bbox 3595 3024 3737 3081; x_wconf 90' lang='lat' dir='ltr'><strong>hunc</strong></span> 
     </span>
    </p>
   </div>
   <div class='ocr_carea' id='block_1_88' title="bbox 2160 3111 3736 3183">
    <p class='ocr_par' dir='ltr' id='par_1_88' title="bbox 2160 3111 3736 3183">
     <span class='ocr_line' id='line_1_88' title="bbox 2160 3111 3736 3183; baseline 0.002 -17"><span class='ocrx_word' id='word_1_645' title='bbox 2160 3112 2354 3181; x_wconf 78' lang='lat' dir='ltr'><strong>ipsum,</strong></span> <span class='ocrx_word' id='word_1_646' title='bbox 2387 3111 2548 3166; x_wconf 83' lang='lat' dir='ltr'><strong>Tanto</strong></span> <span class='ocrx_word' id='word_1_647' title='bbox 2574 3122 2684 3182; x_wconf 91' lang='lat' dir='ltr'><strong>post</strong></span> <span class='ocrx_word' id='word_1_648' title='bbox 2708 3121 2930 3183; x_wconf 76' lang='lat' dir='ltr'><strong>tempore</strong></span> <span class='ocrx_word' id='word_1_649' title='bbox 2964 3129 2996 3165; x_wconf 91' lang='lat' dir='ltr'><strong>a</strong></span> <span class='ocrx_word' id='word_1_650' title='bbox 3023 3111 3160 3167; x_wconf 79' lang='lat' dir='ltr'><strong>Iona</strong></span> <span class='ocrx_word' id='word_1_651' title='bbox 3201 3114 3567 3183; x_wconf 89' lang='lat' dir='ltr'><strong>interpretandi</strong></span> <span class='ocrx_word' id='word_1_652' title='bbox 3592 3132 3736 3170; x_wconf 82' lang='lat' dir='ltr'><strong>sunto</strong></span> 
     </span>
    </p>
   </div>
   <div class='ocr_carea' id='block_1_89' title="bbox 2159 3203 3738 3278">
    <p class='ocr_par' dir='ltr' id='par_1_89' title="bbox 2159 3203 3738 3278">
     <span class='ocr_line' id='line_1_89' title="bbox 2159 3203 3738 3278; baseline 0.005 -23"><span class='ocrx_word' id='word_1_653' title='bbox 2159 3204 2483 3274; x_wconf 83' lang='lat' dir='ltr'><strong>principium.</strong></span> <span class='ocrx_word' id='word_1_654' title='bbox 2518 3203 2662 3259; x_wconf 86' lang='lat' dir='ltr'><strong>Hanc</strong></span> <span class='ocrx_word' id='word_1_655' title='bbox 2690 3204 2845 3274; x_wconf 89' lang='lat' dir='ltr'><strong>vulgo</strong></span> <span class='ocrx_word' id='word_1_656' title='bbox 2868 3204 3062 3259; x_wconf 90' lang='lat' dir='ltr'><strong>eruditi</strong></span> <span class='ocrx_word' id='word_1_657' title='bbox 3091 3205 3455 3262; x_wconf 82' lang='lat' dir='ltr'><strong>difficultatem</strong></span> <span class='ocrx_word' id='word_1_658' title='bbox 3480 3207 3550 3262; x_wconf 85' lang='lat' dir='ltr'><strong>ita</strong></span> <span class='ocrx_word' id='word_1_659' title='bbox 3576 3224 3738 3278; x_wconf 83' lang='lat' dir='ltr'><strong>expe-</strong></span> 
     </span>
    </p>
   </div>
   <div class='ocr_carea' id='block_1_90' title="bbox 2158 3294 3737 3369">
    <p class='ocr_par' dir='ltr' id='par_1_90' title="bbox 2158 3294 3737 3369">
     <span class='ocr_line' id='line_1_90' title="bbox 2158 3294 3737 3369; baseline 0.003 -20"><span class='ocrx_word' id='word_1_660' title='bbox 2158 3294 2326 3349; x_wconf 91' lang='lat' dir='ltr'><strong>diunt.</strong></span> <span class='ocrx_word' id='word_1_661' title='bbox 2353 3295 2410 3350; x_wconf 90' lang='lat' dir='ltr'><strong>S.</strong></span> <span class='ocrx_word' id='word_1_662' title='bbox 2441 3296 2717 3349; x_wconf 90' lang='lat' dir='ltr'><strong>Doctorem</strong></span> <span class='ocrx_word' id='word_1_663' title='bbox 2749 3296 2830 3350; x_wconf 91' lang='lat' dir='ltr'><strong>bis</strong></span> <span class='ocrx_word' id='word_1_664' title='bbox 2872 3296 3059 3351; x_wconf 88' lang='lat' dir='ltr'><strong>volunt</strong></span> <span class='ocrx_word' id='word_1_665' title='bbox 3104 3312 3322 3366; x_wconf 87' lang='lat' dir='ltr'><strong>operam</strong></span> <span class='ocrx_word' id='word_1_666' title='bbox 3364 3314 3517 3353; x_wconf 89' lang='lat' dir='ltr'><strong>suam</strong></span> <span class='ocrx_word' id='word_1_667' title='bbox 3562 3300 3737 3369; x_wconf 85' lang='lat' dir='ltr'><strong>expli-</strong></span> 
     </span>
    </p>
   </div>
   <div class='ocr_carea' id='block_1_91' title="bbox 2161 3385 3737 3460">
    <p class='ocr_par' dir='ltr' id='par_1_91' title="bbox 2161 3385 3737 3460">
     <span class='ocr_line' id='line_1_91' title="bbox 2161 3385 3737 3460; baseline 0.004 -21"><span class='ocrx_word' id='word_1_668' title='bbox 2161 3385 2345 3439; x_wconf 88' lang='lat' dir='ltr'><strong>candis</strong></span> <span class='ocrx_word' id='word_1_669' title='bbox 2400 3385 2681 3455; x_wconf 86' lang='lat' dir='ltr'><strong>Prophetis</strong></span> <span class='ocrx_word' id='word_1_670' title='bbox 2722 3386 3014 3440; x_wconf 87' lang='lat' dir='ltr'><strong>Minoribus</strong></span> <span class='ocrx_word' id='word_1_671' title='bbox 3060 3387 3387 3456; x_wconf 87' lang='lat' dir='ltr'><strong>impendisse</strong></span> <span class='ocrx_word' id='word_1_672' title='bbox 3418 3406 3435 3443; x_wconf 85' lang='lat'><strong>:</strong></span> <span class='ocrx_word' id='word_1_673' title='bbox 3462 3404 3526 3444; x_wconf 90' lang='lat' dir='ltr'><strong>ac</strong></span> <span class='ocrx_word' id='word_1_674' title='bbox 3565 3392 3737 3460; x_wconf 85' lang='lat' dir='ltr'><strong>primo</strong></span> 
     </span>
    </p>
   </div>
   <div class='ocr_carea' id='block_1_92' title="bbox 2158 3476 3737 3550">
    <p class='ocr_par' dir='ltr' id='par_1_92' title="bbox 2158 3476 3737 3550">
     <span class='ocr_line' id='line_1_92' title="bbox 2158 3476 3737 3550; baseline 0.004 -21"><span class='ocrx_word' id='word_1_675' title='bbox 2158 3476 2370 3546; x_wconf 89' lang='lat' dir='ltr'><strong>quidem</strong></span> <span class='ocrx_word' id='word_1_676' title='bbox 2400 3476 2450 3530; x_wconf 92' lang='lat' dir='ltr'><strong>in</strong></span> <span class='ocrx_word' id='word_1_677' title='bbox 2476 3477 2712 3546; x_wconf 87' lang='lat' dir='ltr'><strong>singulos</strong></span> <span class='ocrx_word' id='word_1_678' title='bbox 2738 3476 3019 3531; x_wconf 87' lang='lat' dir='ltr'><strong>duodecim</strong></span> <span class='ocrx_word' id='word_1_679' title='bbox 3046 3478 3553 3534; x_wconf 83' lang='lat' dir='ltr'><strong>Auimadversiones</strong></span> <span class='ocrx_word' id='word_1_680' title='bbox 3578 3495 3737 3550; x_wconf 78' lang='lat' dir='ltr'><strong>quas-</strong></span> 
     </span>
    </p>
   </div>
   <div class='ocr_carea' id='block_1_93' title="bbox 2159 3567 3736 3638">
    <p class='ocr_par' dir='ltr' id='par_1_93' title="bbox 2159 3567 3736 3638">
     <span class='ocr_line' id='line_1_93' title="bbox 2159 3567 3736 3638; baseline 0.003 -17"><span class='ocrx_word' id='word_1_681' title='bbox 2159 3567 2282 3621; x_wconf 89' lang='lat' dir='ltr'><strong>dam</strong></span> <span class='ocrx_word' id='word_1_682' title='bbox 2337 3567 2611 3622; x_wconf 85' lang='lat' dir='ltr'><strong>breviores</strong></span> <span class='ocrx_word' id='word_1_683' title='bbox 2659 3576 2817 3637; x_wconf 90' lang='lat' dir='ltr'><strong>atque</strong></span> <span class='ocrx_word' id='word_1_684' title='bbox 2847 3568 3107 3633; x_wconf 90' lang='lat' dir='ltr'><strong>alterius,</strong></span> <span class='ocrx_word' id='word_1_685' title='bbox 3152 3584 3308 3638; x_wconf 85' lang='lat' dir='ltr'><strong>quam</strong></span> <span class='ocrx_word' id='word_1_686' title='bbox 3357 3570 3736 3625; x_wconf 85' lang='lat' dir='ltr'><strong>Commentarii</strong></span> 
     </span>
    </p>
   </div>
   <div class='ocr_carea' id='block_1_94' title="bbox 2158 3658 3737 3730">
    <p class='ocr_par' dir='ltr' id='par_1_94' title="bbox 2158 3658 3737 3730">
     <span class='ocr_line' id='line_1_94' title="bbox 2158 3658 3737 3730; baseline 0.003 -19"><span class='ocrx_word' id='word_1_687' title='bbox 2158 3666 2282 3711; x_wconf 90' lang='lat' dir='ltr'><strong>sunt</strong></span> <span class='ocrx_word' id='word_1_688' title='bbox 2300 3658 2531 3726; x_wconf 87' lang='lat' dir='ltr'><strong>generis,</strong></span> <span class='ocrx_word' id='word_1_689' title='bbox 2565 3659 2936 3723; x_wconf 87' lang='lat' dir='ltr'><strong>concinnasse,</strong></span> <span class='ocrx_word' id='word_1_690' title='bbox 2970 3674 3087 3728; x_wconf 76' lang='lat' dir='ltr'><strong>qua:</strong></span> <span class='ocrx_word' id='word_1_691' title='bbox 3110 3659 3327 3714; x_wconf 92' lang='lat' dir='ltr'><strong>minime</strong></span> <span class='ocrx_word' id='word_1_692' title='bbox 3350 3675 3491 3715; x_wconf 92' lang='lat' dir='ltr'><strong>nunc</strong></span> <span class='ocrx_word' id='word_1_693' title='bbox 3521 3662 3737 3730; x_wconf 90' lang='lat' dir='ltr'><strong>quidem</strong></span> 
     </span>
    </p>
   </div>
   <div class='ocr_carea' id='block_1_95' title="bbox 2159 3748 3736 3819">
    <p class='ocr_par' dir='ltr' id='par_1_95' title="bbox 2159 3748 3736 3819">
     <span class='ocr_line' id='line_1_95' title="bbox 2159 3748 3736 3819; baseline 0.003 -16"><span class='ocrx_word' id='word_1_694' title='bbox 2159 3758 2389 3816; x_wconf 77' lang='lat' dir='ltr'><strong>exstent,</strong></span> <span class='ocrx_word' id='word_1_695' title='bbox 2413 3749 2504 3803; x_wconf 87' lang='lat' dir='ltr'><strong>sed</strong></span> <span class='ocrx_word' id='word_1_696' title='bbox 2538 3748 2786 3819; x_wconf 69' lang='lat' dir='ltr'><strong>perfecta:</strong></span> <span class='ocrx_word' id='word_1_697' title='bbox 2820 3749 2929 3818; x_wconf 88' lang='lat' dir='ltr'><strong>jam</strong></span> <span class='ocrx_word' id='word_1_698' title='bbox 2956 3758 3080 3805; x_wconf 85' lang='lat' dir='ltr'><strong>ante</strong></span> <span class='ocrx_word' id='word_1_699' title='bbox 3126 3749 3231 3805; x_wconf 81' lang='grc'><strong>595</strong></span> <span class='ocrx_word' id='word_1_700' title='bbox 3275 3766 3474 3806; x_wconf 88' lang='lat' dir='ltr'><strong>annum</strong></span> <span class='ocrx_word' id='word_1_701' title='bbox 3516 3751 3736 3808; x_wconf 84' lang='lat' dir='ltr'><strong>fuerint.</strong></span> 
     </span>
    </p>
   </div>
   <div class='ocr_carea' id='block_1_96' title="bbox 2157 3839 3738 3911">
    <p class='ocr_par' dir='ltr' id='par_1_96' title="bbox 2157 3839 3738 3911">
     <span class='ocr_line' id='line_1_96' title="bbox 2157 3839 3738 3911; baseline 0.004 -17"><span class='ocrx_word' id='word_1_702' title='bbox 2157 3839 2239 3894; x_wconf 85' lang='lat' dir='ltr'><strong>Ad</strong></span> <span class='ocrx_word' id='word_1_703' title='bbox 2266 3855 2358 3894; x_wconf 83' lang='lat' dir='ltr'><strong>eas</strong></span> <span class='ocrx_word' id='word_1_704' title='bbox 2387 3856 2545 3909; x_wconf 89' lang='lat' dir='ltr'><strong>porro</strong></span> <span class='ocrx_word' id='word_1_705' title='bbox 2569 3881 2586 3908; x_wconf 92' lang='lat'><strong>,</strong></span> <span class='ocrx_word' id='word_1_706' title='bbox 2617 3841 2893 3910; x_wconf 87' lang='lat' dir='ltr'><strong>inquiunt,</strong></span> <span class='ocrx_word' id='word_1_707' title='bbox 2924 3840 3016 3894; x_wconf 90' lang='lat' dir='ltr'><strong>illo</strong></span> <span class='ocrx_word' id='word_1_708' title='bbox 3044 3840 3097 3894; x_wconf 92' lang='lat' dir='ltr'><strong>in</strong></span> <span class='ocrx_word' id='word_1_709' title='bbox 3138 3840 3466 3911; x_wconf 84' lang='lat' dir='ltr'><strong>Sophoniant</strong></span> <span class='ocrx_word' id='word_1_710' title='bbox 3498 3842 3617 3899; x_wconf 87' lang='lat' dir='ltr'><strong>loco</strong></span> <span class='ocrx_word' id='word_1_711' title='bbox 3647 3859 3738 3900; x_wconf 86' lang='lat' dir='ltr'><strong>re-</strong></span> 
     </span>
    </p>
   </div>
   <div class='ocr_carea' id='block_1_97' title="bbox 2158 3931 3737 4005">
    <p class='ocr_par' dir='ltr' id='par_1_97' title="bbox 2158 3931 3737 4005">
     <span class='ocr_line' id='line_1_97' title="bbox 2158 3931 3737 4005; baseline 0.004 -21"><span class='ocrx_word' id='word_1_712' title='bbox 2158 3931 2353 4000; x_wconf 87' lang='lat' dir='ltr'><strong>spexit.</strong></span> <span class='ocrx_word' id='word_1_713' title='bbox 2407 3931 2561 3997; x_wconf 86' lang='lat' dir='ltr'><strong>Quod</strong></span> <span class='ocrx_word' id='word_1_714' title='bbox 2607 3939 2665 3985; x_wconf 91' lang='lat' dir='ltr'><strong>ut</strong></span> <span class='ocrx_word' id='word_1_715' title='bbox 2707 3931 3067 3986; x_wconf 88' lang='lat' dir='ltr'><strong>verosimilius</strong></span> <span class='ocrx_word' id='word_1_716' title='bbox 3118 3932 3512 4001; x_wconf 90' lang='lat' dir='ltr'><strong>persuadeant,</strong></span> <span class='ocrx_word' id='word_1_717' title='bbox 3563 3934 3737 4005; x_wconf 91' lang='lat' dir='ltr'><strong>ipsum</strong></span> 
     </span>
    </p>
   </div>
   <div class='ocr_carea' id='block_1_98' title="bbox 2158 4023 3738 4095">
    <p class='ocr_par' dir='ltr' id='par_1_98' title="bbox 2158 4023 3738 4095">
     <span class='ocr_line' id='line_1_98' title="bbox 2158 4023 3738 4095; baseline 0.001 -16"><span class='ocrx_word' id='word_1_718' title='bbox 2158 4024 2540 4095; x_wconf 83' lang='lat' dir='ltr'><strong>Hieronymum</strong></span> <span class='ocrx_word' id='word_1_719' title='bbox 2595 4024 2650 4079; x_wconf 91' lang='lat' dir='ltr'><strong>in</strong></span> <span class='ocrx_word' id='word_1_720' title='bbox 2709 4023 2947 4093; x_wconf 88' lang='lat' dir='ltr'><strong>Epistola</strong></span> <span class='ocrx_word' id='word_1_721' title='bbox 3000 4023 3188 4080; x_wconf 82' lang='lat' dir='ltr'><strong>XLIX.</strong></span> <span class='ocrx_word' id='word_1_722' title='bbox 3217 4024 3283 4079; x_wconf 91' lang='lat' dir='ltr'><strong>ad</strong></span> <span class='ocrx_word' id='word_1_723' title='bbox 3333 4024 3738 4081; x_wconf 90' lang='lat' dir='ltr'><strong>Pammachium</strong></span> 
     </span>
    </p>
   </div>
   <div class='ocr_carea' id='block_1_99' title="bbox 2159 4115 3735 4188">
    <p class='ocr_par' dir='ltr' id='par_1_99' title="bbox 2159 4115 3735 4188">
     <span class='ocr_line' id='line_1_99' title="bbox 2159 4115 3735 4188; baseline 0.001 -18"><span class='ocrx_word' id='word_1_724' title='bbox 2159 4132 2251 4170; x_wconf 91' lang='lat' dir='ltr'><strong>nu.</strong></span> <span class='ocrx_word' id='word_1_725' title='bbox 2282 4117 2337 4172; x_wconf 69' lang='grc'><strong>4.</strong></span> <span class='ocrx_word' id='word_1_726' title='bbox 2372 4116 2740 4185; x_wconf 86' lang='lat' dir='ltr'><strong>lidejussorem</strong></span> <span class='ocrx_word' id='word_1_727' title='bbox 2770 4115 3062 4182; x_wconf 90' lang='lat' dir='ltr'><strong>adhibent,</strong></span> <span class='ocrx_word' id='word_1_728' title='bbox 3094 4116 3215 4182; x_wconf 91' lang='lat' dir='ltr'><strong>ubi,</strong></span> <span class='ocrx_word' id='word_1_729' title='bbox 3239 4116 3507 4185; x_wconf 85' lang='lat' dir='ltr'><strong>miseram,</strong></span> <span class='ocrx_word' id='word_1_730' title='bbox 3542 4118 3735 4188; x_wconf 89' lang='lat' dir='ltr'><strong>inquit,</strong></span> 
     </span>
    </p>
   </div>
   <div class='ocr_carea' id='block_1_100' title="bbox 2158 4208 3741 4279">
    <p class='ocr_par' dir='ltr' id='par_1_100' title="bbox 2158 4208 3741 4279">
     <span class='ocr_line' id='line_1_100' title="bbox 2158 4208 3741 4279; baseline 0.002 -18"><span class='ocrx_word' id='word_1_731' title='bbox 2158 4208 2390 4279; x_wconf 71' lang='lat' dir='ltr'><strong>qua&#39;dam</strong></span> <span class='ocrx_word' id='word_1_732' title='bbox 2405 4220 2491 4263; x_wconf 79' lang='grc' dir='ltr'><strong>τῶν</strong></span> <span class='ocrx_word' id='word_1_733' title='bbox 2507 4215 2850 4277; x_wconf 72' lang='grc' dir='ltr'><strong>ὑπομνημάτων</strong></span> <span class='ocrx_word' id='word_1_734' title='bbox 2864 4209 2917 4261; x_wconf 87' lang='lat' dir='ltr'><strong>in</strong></span> <span class='ocrx_word' id='word_1_735' title='bbox 2934 4208 3216 4277; x_wconf 79' lang='lat' dir='ltr'><strong>Prophetas</strong></span> <span class='ocrx_word' id='word_1_736' title='bbox 3237 4209 3497 4265; x_wconf 87' lang='lat' dir='ltr'><strong>duodecim</strong></span> <span class='ocrx_word' id='word_1_737' title='bbox 3513 4210 3553 4265; x_wconf 89' lang='lat' dir='ltr'><strong>S</strong></span> <span class='ocrx_word' id='word_1_738' title='bbox 3563 4252 3576 4266; x_wconf 92' lang='lat'><strong>.</strong></span> <span class='ocrx_word' id='word_1_739' title='bbox 3593 4208 3741 4265; x_wconf 89' lang='lat' dir='ltr'><strong>Patri</strong></span> 
     </span>
    </p>
   </div>
   <div class='ocr_carea' id='block_1_101' title="bbox 2161 4299 3739 4371">
    <p class='ocr_par' dir='ltr' id='par_1_101' title="bbox 2161 4299 3739 4371">
     <span class='ocr_line' id='line_1_101' title="bbox 2161 4299 3739 4371; baseline 0.002 -17"><span class='ocrx_word' id='word_1_740' title='bbox 2161 4299 2453 4365; x_wconf 87' lang='lat' dir='ltr'><strong>Domnioui,</strong></span> <span class='ocrx_word' id='word_1_741' title='bbox 2482 4316 2597 4371; x_wconf 77' lang='lat' dir='ltr'><strong>qua:</strong></span> <span class='ocrx_word' id='word_1_742' title='bbox 2622 4301 2667 4354; x_wconf 91' lang='lat' dir='ltr'><strong>si</strong></span> <span class='ocrx_word' id='word_1_743' title='bbox 2687 4301 2848 4368; x_wconf 88' lang='lat' dir='ltr'><strong>legere</strong></span> <span class='ocrx_word' id='word_1_744' title='bbox 2867 4300 3100 4367; x_wconf 79' lang='lat' dir='ltr'><strong>volueris,</strong></span> <span class='ocrx_word' id='word_1_745' title='bbox 3120 4309 3226 4355; x_wconf 91' lang='lat' dir='ltr'><strong>etc.</strong></span> <span class='ocrx_word' id='word_1_746' title='bbox 3252 4300 3455 4371; x_wconf 87' lang='lat' dir='ltr'><strong>Nempe</strong></span> <span class='ocrx_word' id='word_1_747' title='bbox 3475 4303 3589 4358; x_wconf 59' lang='lat' dir='ltr'><strong>haec</strong></span> <span class='ocrx_word' id='word_1_748' title='bbox 3616 4303 3739 4357; x_wconf 86' lang='lat' dir='ltr'><strong>data</strong></span> 
     </span>
    </p>
   </div>
   <div class='ocr_carea' id='block_1_102' title="bbox 2159 4390 3739 4462">
    <p class='ocr_par' dir='ltr' id='par_1_102' title="bbox 2159 4390 3739 4462">
     <span class='ocr_line' id='line_1_102' title="bbox 2159 4390 3739 4462; baseline -0.001 -13"><span class='ocrx_word' id='word_1_749' title='bbox 2159 4403 2241 4449; x_wconf 85' lang='lat' dir='ltr'><strong>est</strong></span> <span class='ocrx_word' id='word_1_750' title='bbox 2263 4395 2369 4449; x_wconf 73' lang='grc'><strong>545</strong></span> <span class='ocrx_word' id='word_1_751' title='bbox 2414 4407 2563 4448; x_wconf 86' lang='lat' dir='ltr'><strong>anno</strong></span> <span class='ocrx_word' id='word_1_752' title='bbox 2594 4392 2854 4462; x_wconf 88' lang='lat' dir='ltr'><strong>Epistola,</strong></span> <span class='ocrx_word' id='word_1_753' title='bbox 2879 4399 2936 4445; x_wconf 90' lang='lat' dir='ltr'><strong>et</strong></span> <span class='ocrx_word' id='word_1_754' title='bbox 2961 4407 3081 4459; x_wconf 73' lang='lat' dir='ltr'><strong>qua:</strong></span> <span class='ocrx_word' id='word_1_755' title='bbox 3104 4390 3240 4446; x_wconf 89' lang='lat' dir='ltr'><strong>adeo</strong></span> <span class='ocrx_word' id='word_1_756' title='bbox 3271 4392 3342 4446; x_wconf 91' lang='lat' dir='ltr'><strong>ibi</strong></span> <span class='ocrx_word' id='word_1_757' title='bbox 3371 4393 3423 4446; x_wconf 93' lang='lat' dir='ltr'><strong>in</strong></span> <span class='ocrx_word' id='word_1_758' title='bbox 3453 4392 3739 4448; x_wconf 88' lang='lat' dir='ltr'><strong>duodecim</strong></span> 
     </span>
    </p>
   </div>
   <div class='ocr_carea' id='block_1_103' title="bbox 2160 4480 3737 4554">
    <p class='ocr_par' dir='ltr' id='par_1_103' title="bbox 2160 4480 3737 4554">
     <span class='ocr_line' id='line_1_103' title="bbox 2160 4480 3737 4554; baseline -0.003 -14"><span class='ocrx_word' id='word_1_759' title='bbox 2160 4482 2454 4554; x_wconf 87' lang='lat' dir='ltr'><strong>Pr0phetas</strong></span> <span class='ocrx_word' id='word_1_760' title='bbox 2481 4490 2796 4551; x_wconf 75' lang='grc' dir='ltr'><strong>ὗπομνήματα</strong></span> <span class='ocrx_word' id='word_1_761' title='bbox 2821 4480 3162 4546; x_wconf 72' lang='grc' dir='ltr'><strong>ἀθιιοωηιιιν,</strong></span> <span class='ocrx_word' id='word_1_762' title='bbox 3196 4481 3467 4536; x_wconf 87' lang='lat' dir='ltr'><strong>anteriora</strong></span> <span class='ocrx_word' id='word_1_763' title='bbox 3495 4483 3737 4545; x_wconf 88' lang='lat' dir='ltr'><strong>omnino,</strong></span> 
     </span>
    </p>
   </div>
   <div class='ocr_carea' id='block_1_104' title="bbox 2160 4572 3739 4646">
    <p class='ocr_par' dir='ltr' id='par_1_104' title="bbox 2160 4572 3739 4646">
     <span class='ocr_line' id='line_1_104' title="bbox 2160 4572 3739 4646; baseline -0.002 -16"><span class='ocrx_word' id='word_1_764' title='bbox 2160 4586 2319 4646; x_wconf 91' lang='lat' dir='ltr'><strong>atque</strong></span> <span class='ocrx_word' id='word_1_765' title='bbox 2350 4574 2452 4629; x_wconf 91' lang='lat' dir='ltr'><strong>alia</strong></span> <span class='ocrx_word' id='word_1_766' title='bbox 2491 4575 2561 4629; x_wconf 91' lang='lat' dir='ltr'><strong>ab</strong></span> <span class='ocrx_word' id='word_1_767' title='bbox 2608 4572 2690 4627; x_wconf 92' lang='lat' dir='ltr'><strong>his</strong></span> <span class='ocrx_word' id='word_1_768' title='bbox 2724 4587 2846 4628; x_wconf 85' lang='lat' dir='ltr'><strong>esse</strong></span> <span class='ocrx_word' id='word_1_769' title='bbox 2872 4572 3103 4636; x_wconf 87' lang='lat' dir='ltr'><strong>debent,</strong></span> <span class='ocrx_word' id='word_1_770' title='bbox 3147 4587 3266 4639; x_wconf 70' lang='lat' dir='ltr'><strong>qua:</strong></span> <span class='ocrx_word' id='word_1_771' title='bbox 3318 4586 3459 4627; x_wconf 91' lang='lat' dir='ltr'><strong>nunc</strong></span> <span class='ocrx_word' id='word_1_772' title='bbox 3485 4582 3739 4640; x_wconf 89' lang='lat' dir='ltr'><strong>exstant,</strong></span> 
     </span>
    </p>
   </div>
   <div class='ocr_carea' id='block_1_105' title="bbox 2160 4660 3739 4735">
    <p class='ocr_par' dir='ltr' id='par_1_105' title="bbox 2160 4660 3739 4735">
     <span class='ocr_line' id='line_1_105' title="bbox 2160 4660 3739 4735; baseline -0.001 -18"><span class='ocrx_word' id='word_1_773' title='bbox 2160 4666 2355 4735; x_wconf 91' lang='lat' dir='ltr'><strong>quippe</strong></span> <span class='ocrx_word' id='word_1_774' title='bbox 2373 4680 2493 4734; x_wconf 77' lang='lat' dir='ltr'><strong>quae</strong></span> <span class='ocrx_word' id='word_1_775' title='bbox 2519 4672 2639 4734; x_wconf 89' lang='lat' dir='ltr'><strong>post</strong></span> <span class='ocrx_word' id='word_1_776' title='bbox 2662 4677 2860 4717; x_wconf 89' lang='lat' dir='ltr'><strong>annum</strong></span> <span class='ocrx_word' id='word_1_777' title='bbox 2889 4660 3119 4729; x_wconf 87' lang='lat' dir='ltr'><strong>denique</strong></span> <span class='ocrx_word' id='word_1_778' title='bbox 3164 4660 3269 4715; x_wconf 66' lang='lat'><strong>406</strong></span> <span class='ocrx_word' id='word_1_779' title='bbox 3318 4660 3550 4730; x_wconf 88' lang='lat' dir='ltr'><strong>perfecta</strong></span> <span class='ocrx_word' id='word_1_780' title='bbox 3592 4672 3739 4719; x_wconf 90' lang='lat' dir='ltr'><strong>sunt.</strong></span> 
     </span>
    </p>
   </div>
   <div class='ocr_carea' id='block_1_106' title="bbox 2162 4750 3739 4825">
    <p class='ocr_par' dir='ltr' id='par_1_106' title="bbox 2162 4750 3739 4825">
     <span class='ocr_line' id='line_1_106' title="bbox 2162 4750 3739 4825; baseline -0.002 -15"><span class='ocrx_word' id='word_1_781' title='bbox 2162 4756 2356 4810; x_wconf 82' lang='lat' dir='ltr'><strong>Verum</strong></span> <span class='ocrx_word' id='word_1_782' title='bbox 2379 4755 2624 4825; x_wconf 88' lang='lat' dir='ltr'><strong>supinam</strong></span> <span class='ocrx_word' id='word_1_783' title='bbox 2663 4754 2793 4807; x_wconf 89' lang='lat' dir='ltr'><strong>satis</strong></span> <span class='ocrx_word' id='word_1_784' title='bbox 2822 4751 2963 4805; x_wconf 88' lang='lat' dir='ltr'><strong>hanc</strong></span> <span class='ocrx_word' id='word_1_785' title='bbox 2989 4764 3111 4805; x_wconf 90' lang='lat' dir='ltr'><strong>esse</strong></span> <span class='ocrx_word' id='word_1_786' title='bbox 3148 4750 3429 4805; x_wconf 88' lang='lat' dir='ltr'><strong>doctorum</strong></span> <span class='ocrx_word' id='word_1_787' title='bbox 3460 4751 3739 4807; x_wconf 88' lang='lat' dir='ltr'><strong>hominum</strong></span> 
     </span>
    </p>
   </div>
   <div class='ocr_carea' id='block_1_107' title="bbox 2162 4840 3744 4912">
    <p class='ocr_par' dir='ltr' id='par_1_107' title="bbox 2162 4840 3744 4912">
     <span class='ocr_line' id='line_1_107' title="bbox 2162 4840 3744 4912; baseline -0.001 -12"><span class='ocrx_word' id='word_1_788' title='bbox 2162 4846 2632 4901; x_wconf 82' lang='lat' dir='ltr'><strong>hallucinationem</strong></span> <span class='ocrx_word' id='word_1_789' title='bbox 2688 4857 2754 4898; x_wconf 86' lang='lat' dir='ltr'><strong>eo</strong></span> <span class='ocrx_word' id='word_1_790' title='bbox 2796 4854 3077 4912; x_wconf 89' lang='lat' dir='ltr'><strong>perperam</strong></span> <span class='ocrx_word' id='word_1_791' title='bbox 3142 4840 3412 4896; x_wconf 91' lang='lat' dir='ltr'><strong>intellecto</strong></span> <span class='ocrx_word' id='word_1_792' title='bbox 3460 4841 3517 4897; x_wconf 93' lang='lat' dir='ltr'><strong>S.</strong></span> <span class='ocrx_word' id='word_1_793' title='bbox 3569 4843 3744 4899; x_wconf 86' lang='lat' dir='ltr'><strong>Patris</strong></span> 
     </span>
    </p>
   </div>
   <div class='ocr_carea' id='block_1_108' title="bbox 2162 4932 3745 5004">
    <p class='ocr_par' dir='ltr' id='par_1_108' title="bbox 2162 4932 3745 5004">
     <span class='ocr_line' id='line_1_108' title="bbox 2162 4932 3745 5004; baseline -0.002 -10"><span class='ocrx_word' id='word_1_794' title='bbox 2162 4939 2487 5001; x_wconf 86' lang='lat' dir='ltr'><strong>testimonio,</strong></span> <span class='ocrx_word' id='word_1_795' title='bbox 2517 4935 2853 4992; x_wconf 89' lang='lat' dir='ltr'><strong>ostendimus</strong></span> <span class='ocrx_word' id='word_1_796' title='bbox 2880 4946 2979 4986; x_wconf 91' lang='lat' dir='ltr'><strong>nos</strong></span> <span class='ocrx_word' id='word_1_797' title='bbox 3007 4945 3106 4985; x_wconf 91' lang='lat' dir='ltr'><strong>suo</strong></span> <span class='ocrx_word' id='word_1_798' title='bbox 3132 4932 3252 4987; x_wconf 89' lang='lat' dir='ltr'><strong>loco</strong></span> <span class='ocrx_word' id='word_1_799' title='bbox 3274 4974 3288 4997; x_wconf 95' lang='lat'><strong>,</strong></span> <span class='ocrx_word' id='word_1_800' title='bbox 3319 4948 3545 5003; x_wconf 88' lang='lat' dir='ltr'><strong>eamque</strong></span> <span class='ocrx_word' id='word_1_801' title='bbox 3581 4949 3745 5004; x_wconf 87' lang='lat' dir='ltr'><strong>porro</strong></span> 
     </span>
    </p>
   </div>
   <div class='ocr_carea' id='block_1_109' title="bbox 2161 5022 3746 5099">
    <p class='ocr_par' dir='ltr' id='par_1_109' title="bbox 2161 5022 3746 5099">
     <span class='ocr_line' id='line_1_109' title="bbox 2161 5022 3746 5099; baseline -0.001 -13"><span class='ocrx_word' id='word_1_802' title='bbox 2161 5031 2343 5087; x_wconf 90' lang='lat' dir='ltr'><strong>multis</strong></span> <span class='ocrx_word' id='word_1_803' title='bbox 2389 5031 2441 5084; x_wconf 89' lang='lat' dir='ltr'><strong>in</strong></span> <span class='ocrx_word' id='word_1_804' title='bbox 2486 5027 2737 5085; x_wconf 87' lang='lat' dir='ltr'><strong>Generali</strong></span> <span class='ocrx_word' id='word_1_805' title='bbox 2778 5022 3100 5080; x_wconf 61' lang='lat' dir='ltr'><strong>Prasfatione</strong></span> <span class='ocrx_word' id='word_1_806' title='bbox 3143 5023 3517 5082; x_wconf 85' lang='lat' dir='ltr'><strong>refutavimus.</strong></span> <span class='ocrx_word' id='word_1_807' title='bbox 3561 5026 3746 5099; x_wconf 83' lang='lat' dir='ltr'><strong>Neque</strong></span> 
     </span>
    </p>
   </div>
   <div class='ocr_carea' id='block_1_110' title="bbox 2162 5116 3747 5191">
    <p class='ocr_par' dir='ltr' id='par_1_110' title="bbox 2162 5116 3747 5191">
     <span class='ocr_line' id='line_1_110' title="bbox 2162 5116 3747 5191; baseline 0.001 -14"><span class='ocrx_word' id='word_1_808' title='bbox 2162 5123 2306 5179; x_wconf 89' lang='lat' dir='ltr'><strong>enim</strong></span> <span class='ocrx_word' id='word_1_809' title='bbox 2358 5123 2409 5175; x_wconf 93' lang='lat' dir='ltr'><strong>in</strong></span> <span class='ocrx_word' id='word_1_810' title='bbox 2460 5121 2645 5191; x_wconf 89' lang='lat' dir='ltr'><strong>primis</strong></span> <span class='ocrx_word' id='word_1_811' title='bbox 2692 5119 2746 5172; x_wconf 92' lang='lat' dir='ltr'><strong>in</strong></span> <span class='ocrx_word' id='word_1_812' title='bbox 2794 5116 3073 5170; x_wconf 85' lang='lat' dir='ltr'><strong>universos</strong></span> <span class='ocrx_word' id='word_1_813' title='bbox 3118 5116 3405 5174; x_wconf 83' lang='lat' dir='ltr'><strong>duodecim</strong></span> <span class='ocrx_word' id='word_1_814' title='bbox 3447 5119 3747 5191; x_wconf 84' lang='lat' dir='ltr'><strong>Prophetas</strong></span> 
     </span>
    </p>
   </div>
   <div class='ocr_carea' id='block_1_111' title="bbox 2163 5202 3748 5281">
    <p class='ocr_par' dir='ltr' id='par_1_111' title="bbox 2163 5202 3748 5281">
     <span class='ocr_line' id='line_1_111' title="bbox 2163 5202 3748 5281; baseline -0.001 -15"><span class='ocrx_word' id='word_1_815' title='bbox 2163 5212 2520 5281; x_wconf 83' lang='lat' dir='ltr'><strong>Hieronymus</strong></span> <span class='ocrx_word' id='word_1_816' title='bbox 2549 5208 2863 5267; x_wconf 76' lang='lat' dir='ltr'><strong>adornatum</strong></span> <span class='ocrx_word' id='word_1_817' title='bbox 2893 5202 2990 5256; x_wconf 82' lang='lat' dir='ltr'><strong>abs</strong></span> <span class='ocrx_word' id='word_1_818' title='bbox 3010 5216 3070 5257; x_wconf 85' lang='lat' dir='ltr'><strong>se</strong></span> <span class='ocrx_word' id='word_1_819' title='bbox 3093 5218 3229 5273; x_wconf 84' lang='lat' dir='ltr'><strong>opus</strong></span> <span class='ocrx_word' id='word_1_820' title='bbox 3254 5206 3409 5274; x_wconf 89' lang='lat' dir='ltr'><strong>dixit,</strong></span> <span class='ocrx_word' id='word_1_821' title='bbox 3438 5224 3541 5265; x_wconf 89' lang='lat' dir='ltr'><strong>nec</strong></span> <span class='ocrx_word' id='word_1_822' title='bbox 3567 5212 3748 5280; x_wconf 81' lang='lat' dir='ltr'><strong>singu-</strong></span> 
     </span>
    </p>
   </div>
   <div class='ocr_carea' id='block_1_112' title="bbox 2163 5291 3747 5369">
    <p class='ocr_par' dir='ltr' id='par_1_112' title="bbox 2163 5291 3747 5369">
     <span class='ocr_line' id='line_1_112' title="bbox 2163 5291 3747 5369; baseline -0.002 -12"><span class='ocrx_word' id='word_1_823' title='bbox 2163 5304 2245 5357; x_wconf 89' lang='lat' dir='ltr'><strong>los</strong></span> <span class='ocrx_word' id='word_1_824' title='bbox 2274 5300 2660 5369; x_wconf 85' lang='lat' dir='ltr'><strong>Prophetarum</strong></span> <span class='ocrx_word' id='word_1_825' title='bbox 2701 5296 2870 5349; x_wconf 85' lang='lat' dir='ltr'><strong>libros</strong></span> <span class='ocrx_word' id='word_1_826' title='bbox 2898 5291 3165 5362; x_wconf 86' lang='lat' dir='ltr'><strong>designat,</strong></span> <span class='ocrx_word' id='word_1_827' title='bbox 3194 5298 3385 5365; x_wconf 91' lang='lat' dir='ltr'><strong>quibus</strong></span> <span class='ocrx_word' id='word_1_828' title='bbox 3413 5301 3747 5369; x_wconf 84' lang='lat' dir='ltr'><strong>explicandis</strong></span> 
     </span>
    </p>
   </div>
   <div class='ocr_carea' id='block_1_113' title="bbox 2163 5382 3751 5460">
    <p class='ocr_par' dir='ltr' id='par_1_113' title="bbox 2163 5382 3751 5460">
     <span class='ocr_line' id='line_1_113' title="bbox 2163 5382 3751 5460; baseline 0.003 -17"><span class='ocrx_word' id='word_1_829' title='bbox 2163 5405 2379 5460; x_wconf 89' lang='lat' dir='ltr'><strong>operam</strong></span> <span class='ocrx_word' id='word_1_830' title='bbox 2408 5403 2556 5442; x_wconf 88' lang='lat' dir='ltr'><strong>suam</strong></span> <span class='ocrx_word' id='word_1_831' title='bbox 2600 5386 2868 5456; x_wconf 86' lang='lat' dir='ltr'><strong>probarit;</strong></span> <span class='ocrx_word' id='word_1_832' title='bbox 2891 5382 2985 5437; x_wconf 86' lang='lat' dir='ltr'><strong>sed</strong></span> <span class='ocrx_word' id='word_1_833' title='bbox 3015 5388 3177 5445; x_wconf 70' lang='grc' dir='ltr'><strong>ἁπλῶς</strong></span> <span class='ocrx_word' id='word_1_834' title='bbox 3222 5385 3415 5441; x_wconf 89' lang='lat' dir='ltr'><strong>librum</strong></span> <span class='ocrx_word' id='word_1_835' title='bbox 3436 5430 3451 5453; x_wconf 94' lang='lat'><strong>,</strong></span> <span class='ocrx_word' id='word_1_836' title='bbox 3482 5394 3571 5460; x_wconf 91' lang='lat' dir='ltr'><strong>qui</strong></span> <span class='ocrx_word' id='word_1_837' title='bbox 3618 5395 3751 5447; x_wconf 86' lang='lat' dir='ltr'><strong>duo-</strong></span> 
     </span>
    </p>
   </div>
   <div class='ocr_carea' id='block_1_114' title="bbox 2165 5470 3751 5548">
    <p class='ocr_par' dir='ltr' id='par_1_114' title="bbox 2165 5470 3751 5548">
     <span class='ocr_line' id='line_1_114' title="bbox 2165 5470 3751 5548; baseline -0.001 -14"><span class='ocrx_word' id='word_1_838' title='bbox 2165 5480 2328 5535; x_wconf 83' lang='lat' dir='ltr'><strong>decim</strong></span> <span class='ocrx_word' id='word_1_839' title='bbox 2349 5478 2621 5547; x_wconf 81' lang='lat' dir='ltr'><strong>Propheue</strong></span> <span class='ocrx_word' id='word_1_840' title='bbox 2647 5474 2973 5534; x_wconf 90' lang='lat' dir='ltr'><strong>inscribitur,</strong></span> <span class='ocrx_word' id='word_1_841' title='bbox 3001 5470 3205 5539; x_wconf 89' lang='lat' dir='ltr'><strong>laudat,</strong></span> <span class='ocrx_word' id='word_1_842' title='bbox 3238 5475 3289 5527; x_wconf 91' lang='lat' dir='ltr'><strong>in</strong></span> <span class='ocrx_word' id='word_1_843' title='bbox 3317 5491 3555 5548; x_wconf 88' lang='lat' dir='ltr'><strong>eumque</strong></span> <span class='ocrx_word' id='word_1_844' title='bbox 3586 5497 3647 5537; x_wconf 84' lang='lat' dir='ltr'><strong>se</strong></span> <span class='ocrx_word' id='word_1_845' title='bbox 3675 5485 3751 5539; x_wconf 81' lang='lat' dir='ltr'><strong>alt</strong></span> 
     </span>
    </p>
   </div>
   <div class='ocr_carea' id='block_1_115' title="bbox 2167 5561 3749 5637">
    <p class='ocr_par' dir='ltr' id='par_1_115' title="bbox 2167 5561 3749 5637">
     <span class='ocr_line' id='line_1_115' title="bbox 2167 5561 3749 5637; baseline -0.001 -13"><span class='ocrx_word' id='word_1_846' title='bbox 2167 5570 2332 5625; x_wconf 89' lang='lat' dir='ltr'><strong>fuisse</strong></span> <span class='ocrx_word' id='word_1_847' title='bbox 2356 5568 2529 5636; x_wconf 86' lang='lat' dir='ltr'><strong>aliqua</strong></span> <span class='ocrx_word' id='word_1_848' title='bbox 2582 5571 3020 5620; x_wconf 88' lang='lat' dir='ltr'><strong>commentatum.</strong></span> <span class='ocrx_word' id='word_1_849' title='bbox 3050 5561 3140 5615; x_wconf 94' lang='lat' dir='ltr'><strong>Sic</strong></span> <span class='ocrx_word' id='word_1_850' title='bbox 3182 5564 3234 5617; x_wconf 91' lang='lat' dir='ltr'><strong>in</strong></span> <span class='ocrx_word' id='word_1_851' title='bbox 3289 5564 3516 5637; x_wconf 84' lang='lat' dir='ltr'><strong>Dialogo</strong></span> <span class='ocrx_word' id='word_1_852' title='bbox 3561 5582 3749 5629; x_wconf 62' lang='lat' dir='ltr'><strong>contra</strong></span> 
     </span>
    </p>
   </div>
   <div class='ocr_carea' id='block_1_116' title="bbox 2166 5652 3750 5728">
    <p class='ocr_par' dir='ltr' id='par_1_116' title="bbox 2166 5652 3750 5728">
     <span class='ocr_line' id='line_1_116' title="bbox 2166 5652 3750 5728; baseline 0.002 -15"><span class='ocrx_word' id='word_1_853' title='bbox 2166 5660 2528 5718; x_wconf 84' lang='lat' dir='ltr'><strong>aniferianos</strong></span> <span class='ocrx_word' id='word_1_854' title='bbox 2582 5661 2634 5713; x_wconf 88' lang='lat' dir='ltr'><strong>in</strong></span> <span class='ocrx_word' id='word_1_855' title='bbox 2682 5655 2947 5711; x_wconf 74' lang='lat' dir='ltr'><strong>duodecim</strong></span> <span class='ocrx_word' id='word_1_856' title='bbox 2996 5652 3267 5722; x_wconf 79' lang='lat' dir='ltr'><strong>PrOphetis</strong></span> <span class='ocrx_word' id='word_1_857' title='bbox 3318 5659 3580 5728; x_wconf 82' lang='lat' dir='ltr'><strong>scriptum</strong></span> <span class='ocrx_word' id='word_1_858' title='bbox 3630 5679 3750 5721; x_wconf 71' lang='lat' dir='ltr'><strong>esse</strong></span> 
     </span>
    </p>
   </div>
   <div class='ocr_carea' id='block_1_117' title="bbox 2166 5744 3753 5825">
    <p class='ocr_par' dir='ltr' id='par_1_117' title="bbox 2166 5744 3753 5825">
     <span class='ocr_line' id='line_1_117' title="bbox 2166 5744 3753 5825; baseline 0.011 -29"><span class='ocrx_word' id='word_1_859' title='bbox 2166 5752 2329 5816; x_wconf 77' lang='lat' dir='ltr'><strong>dixit,</strong></span> <span class='ocrx_word' id='word_1_860' title='bbox 2349 5749 2615 5819; x_wconf 80' lang='lat' dir='ltr'><strong>Sacri/icio</strong></span> <span class='ocrx_word' id='word_1_861' title='bbox 2641 5762 2813 5803; x_wconf 86' lang='lat' dir='ltr'><strong>eorum</strong></span> <span class='ocrx_word' id='word_1_862' title='bbox 2860 5754 3115 5813; x_wconf 83' lang='lat' dir='ltr'><strong>tamquam</strong></span> <span class='ocrx_word' id='word_1_863' title='bbox 3144 5744 3294 5812; x_wconf 84' lang='lat' dir='ltr'><strong>panis</strong></span> <span class='ocrx_word' id='word_1_864' title='bbox 3319 5746 3487 5806; x_wconf 81' lang='lat' dir='ltr'><strong>luctus</strong></span> <span class='ocrx_word' id='word_1_865' title='bbox 3514 5762 3629 5810; x_wconf 85' lang='lat' dir='ltr'><strong>etc.</strong></span> <span class='ocrx_word' id='word_1_866' title='bbox 3657 5756 3753 5825; x_wconf 78' lang='lat' dir='ltr'><strong>qui</strong></span> 
     </span>
    </p>
   </div>
  </div>
