4004 6328
221 395 289 452 δε
1486 386 1542 441 s.
1587 381 1961 439 tusuom'm
1997 385 2181 440 V'tTA.
3403 391 3474 448 ss

225 508 376 563 unius
393 507 538 562 Osee
561 504 714 562 locus
733 510 835 559 est.
865 499 1065 558 Deinde
1104 512 1275 568 neque
1303 497 1375 551 ait
1405 494 1647 551 absolute
1678 501 1796 549 ὓπο-

224 607 470 667 palm,
495 593 891 657 Commentario,
923 590 1019 645 sed
1043 589 1273 660 quaedam
1297 599 1385 641 τῶν
1411 591 1756 652 ὑπομνημάτων
1775 624 1790 647 ,

225 699 275 742 ιιι
300 699 408 742 non
445 686 732 740 universos
775 681 1092 744 duodecim,
1139 679 1231 734 sed
1271 678 1476 744 aliquos
1522 675 1684 729 modo
1727 689 1791 726 ex

224 779 324 834 illis
349 776 699 846 signiﬁcaret,
734 787 869 842 quos
893 771 1007 842 jam
1035 785 1128 840 per
1153 769 1203 824 id
1241 767 1500 837 temporis
1539 763 1796 832 explana-

224 877 388 923 verat.
417 868 681 922 Nimirum
725 868 855 920 istos
898 878 1034 936 quos
1085 861 1533 922 recensebamus,
1583 857 1790 918 Natttn,

223 959 517 1020 Mirhzcam,
550 956 876 1027 Sophoniam
902 995 917 1019 ,
948 953 1141 1024 quibus
1185 952 1229 1006 si
1258 951 1404 1005 lubet
1452 962 1614 1002 unum
1657 944 1796 1000 adde

221 1059 377 1116 atque
400 1047 656 1106 alterum.
689 1049 939 1116 Aggmum
969 1053 1090 1114 puta
1115 1051 1274 1110 atque
1305 1041 1538 1095 Abacue.

292 1135 380 1190 IV.
409 1135 510 1202 Qui
554 1135 712 1204 igttur
743 1133 935 1188 factum
965 1141 1082 1198 est,
1117 1130 1358 1200 inquies,
1388 1137 1445 1182 ut
1493 1128 1544 1182 in
1586 1123 1788 1194 Sopho-

223 1227 362 1281 niam
393 1227 660 1292 scribens,
689 1226 741 1279 in
769 1223 956 1279 lunam
980 1221 1404 1278 Commentarios
1431 1225 1692 1272 memorat
1731 1214 1788 1269 S.

223 1314 415 1381 Pater,
461 1331 600 1386 quos
632 1325 753 1386 post
797 1315 967 1369 ferme
1014 1312 1434 1384 quinquennium
1477 1307 1795 1364 adornavit?

225 1407 337 1477 Ego
361 1407 434 1462 ibi
461 1407 765 1461 adversaria
791 1422 885 1461 sua
914 1405 1159 1475 quaedam
1192 1406 1245 1458 in
1285 1418 1407 1456 eum
1437 1401 1631 1455 librum
1661 1399 1795 1452 duo-

223 1498 382 1550 decins
435 1495 850 1566 Prophetarum,
902 1494 1138 1548 indicare
1190 1507 1314 1546 eum
1375 1498 1626 1554 autumo,
1675 1501 1796 1557 qua:

223 1596 378 1643 antea
410 1587 466 1640 iu
497 1587 784 1640 universos
810 1585 1113 1654 paraverit,
1140 1598 1296 1652 quam
1324 1576 1794 1650 unumquempiam

223 1679 321 1733 sibi
368 1687 611 1733 sumeret
652 1687 906 1746 perpetua
966 1675 1342 1744 explanatione
1393 1668 1791 1727 illustrandum.

223 1769 369 1824 Adeo
399 1769 527 1824 licet
555 1778 702 1822 tanto
737 1777 857 1837 post
883 1766 1204 1836 Sophoniam
1227 1773 1468 1834 tempore
1495 1761 1800 1830 explicave-

224 1859 290 1912 rit
315 1856 528 1922 lenam,
557 1857 730 1927 potuit
756 1867 930 1911 tamen
961 1855 1012 1910 in
1037 1869 1158 1910 eum
1184 1853 1446 1916 scribens,
1475 1847 1787 1919 allegoriam

224 1948 365 2001 illam
393 1947 613 2003 laudare
638 1962 704 2002 ex
733 1947 835 2002 isto
860 1941 1109 2016 tanquam
1139 1945 1234 2000 abs
1261 1958 1321 1998 se
1349 1941 1554 2013 pridetu
1581 1936 1798 2008 exposi-

226 2048 362 2101 tam.
389 2039 546 2110 cujus
595 2038 824 2094 texendo
854 2038 1253 2093 Commentario
1302 2036 1422 2090 licia
1449 2031 1695 2104 quaedam
1743 2037 1799 2085 et

227 2131 558 2199 subtegmina
573 2129 887 2200 jamdudum
905 2131 957 2183 in
979 2139 1225 2198 promptu
1245 2127 1487 2181 habebat.
1498 2121 1607 2178 Sed
1624 2133 1797 2191 neque

229 2208 319 2276 est.
353 2231 552 2290 praeter
582 2219 1097 2276 verisimilitudinem
1119 2259 1134 2281 ,
1175 2217 1339 2271 fuisse
1365 2212 1705 2285 postmodum
1736 2224 1798 2264 ea

229 2310 384 2366 verba
403 2352 419 2375 ,
458 2311 696 2365 Ninivem
715 2351 730 2376 ,
756 2325 870 2380 qua:
891 2310 959 2362 ad
987 2308 1393 2376 prcdicationem
1419 2303 1602 2365 Jonas,
1632 2301 1795 2362 idest,

225 2400 482 2458 columbae
504 2441 518 2462 .
545 2401 701 2471 egerit
747 2399 1088 2468 pmnitentiam
1109 2437 1123 2460 ,
1164 2394 1449 2450 Ecclesium
1489 2387 1802 2459 interpretati

225 2510 392 2548 sumus
420 2495 486 2547 de
514 2491 756 2547 Gentibus
805 2499 1160 2558 congregatum
1181 2527 1198 2552 ,
1252 2502 1282 2539 ει
1313 2485 1372 2538 S.
1406 2484 1523 2553 ipso
1567 2483 1802 2536 Auctore

224 2583 422 2648 addita,
456 2598 606 2646 cum,
636 2581 885 2634 universo
912 2578 1126 2647 expleto
1156 2591 1343 2645 opere,
1374 2573 1566 2628 librum
1611 2571 1662 2626 in
1707 2585 1800 2624 or-

225 2674 398 2730 dinem
427 2672 688 2741 digessit,
727 2681 782 2726 et
832 2669 1134 2739 supremis,
1165 2678 1224 2722 ut
1272 2666 1386 2720 ﬁeri
1435 2673 1602 2730 amat,
1656 2664 1801 2718 curis

226 2763 556 2833 recognovit.
581 2761 933 2826 Alterutrum,
966 2759 1105 2829 quod
1137 2758 1390 2827 probatur
1411 2758 1576 2825 magis
1598 2797 1613 2822 ,
1645 2755 1799 2824 eligi-

228 2867 297 2910 to.
329 2855 555 2910 Certum
586 2861 689 2916 est,
721 2850 777 2906 S.
812 2849 1092 2905 Doctorem
1132 2847 1200 2902 ab
1227 2849 1441 2916 incepto
1466 2847 1682 2900 minime
1706 2845 1801 2900 de-

226 2947 461 3010 stitisse,
515 2956 718 3012 perque
759 2940 810 2995 id
863 2940 1156 3008 temporis,
1204 2951 1310 3006 quo
1348 2951 1508 3005 supra
1559 2935 1801 2990 laudatos

225 3038 459 3108 quinque
502 3032 800 3102 Prophetas
830 3030 898 3085 ab
927 3044 986 3084 se
1011 3028 1146 3084 dixit
1173 3026 1582 3083 Commentariis
1611 3026 1800 3095 expla-

227 3137 400 3191 uatos,
430 3125 715 3196 plerosque
742 3121 877 3176 alios
902 3120 1088 3175 eadem
1121 3134 1282 3188 opera
1311 3118 1473 3172 fuisse
1501 3132 1802 3188 prosequu-

229 3227 337 3270 tum
362 3258 378 3280 ,
411 3215 610 3286 quibus
652 3209 984 3266 intereadum
1030 3210 1096 3264 ad
1126 3208 1418 3279 perlectum
1468 3208 1800 3277 expoliendis

227 3305 586 3361 incumbebat.
607 3301 857 3357 Testatur
899 3299 1000 3354 hoc
1028 3299 1142 3368 ipse
1168 3297 1444 3368 conceptis
1469 3297 1520 3351 in
1545 3295 1800 3366 Catalogo

228 3397 406 3450 verbis
426 3437 440 3461 ,
471 3410 592 3464 qua:
638 3393 815 3446 statim
847 3391 1148 3454 subnectit,
1176 3403 1502 3454 suorumque
1545 3387 1798 3442 librorum

229 3485 600 3540 recensionem
640 3479 945 3546 concludit,
980 3477 1242 3548 Multaque
1266 3477 1402 3540 alia,
1425 3475 1672 3544 inquiens
1694 3515 1710 3540 ,
1738 3475 1802 3528 de

229 3592 376 3646 opere
401 3572 700 3642 Prop/tetuli
721 3613 736 3636 ,
758 3586 871 3639 quae
895 3585 1024 3623 nunc
1051 3568 1208 3621 habeo
1234 3569 1286 3621 in
1328 3565 1577 3630 manibus,
1611 3574 1658 3618 et
1682 3581 1803 3618 nec-

228 3667 346 3720 dum
373 3664 574 3734 expleta
595 3670 732 3718 sunt.
763 3661 843 3714 Ex
871 3675 977 3730 quo
1007 3657 1144 3713 istud
1171 3657 1356 3712 sedqu
1377 3655 1802 3710 animadvertere

228 3764 307 3810 est
333 3756 527 3808 iterum
558 3750 702 3822 quod
751 3748 1129 3819 proposuimus
1149 3787 1165 3813 ,
1194 3745 1358 3800 fuisse
1399 3746 1466 3799 ab
1506 3761 1572 3800 eo
1600 3744 1806 3799 scilicet

228 3850 280 3904 in
301 3861 515 3911 omnes,
541 3844 631 3899 vel
677 3851 824 3898 certe
869 3841 1048 3911 plures
1087 3854 1153 3893 ex
1204 3837 1486 3892 duodecim
1519 3834 1802 3904 PrOphetis

229 3938 484 4010 quasdam
529 3935 635 3990 sibi
683 3941 837 3987 antea
884 3929 1210 3985 delormatas
1260 3925 1799 3987 Animadversiones,

228 4044 388 4100 quam
417 4041 584 4082 unum
631 4025 860 4092 aliquem
888 4028 1126 4075 sumeret
1149 4015 1520 4087 exponendum
1549 4030 1614 4070 ex
1660 4014 1801 4068 inte-

227 4135 322 4191 gro
348 4137 362 4173 :
393 4128 555 4188 atque
575 4129 669 4170 eas
695 4111 930 4182 quidem,
963 4117 1024 4164 ut
1064 4107 1206 4172 sibi,
1232 4117 1288 4162 et
1315 4121 1435 4161 cum
1485 4105 1804 4174 interpreta-

230 4214 371 4266 tione
410 4224 506 4263 sua
550 4216 693 4262 totus
717 4213 839 4274 apte
890 4207 1172 4256 contextus
1199 4196 1584 4267 Pmphetarum
1626 4196 1803 4250 colue-

229 4311 390 4363 reret,
425 4297 587 4368 idque
615 4297 785 4365 ipsum
813 4292 859 4347 si
903 4305 990 4345 res
1020 4289 1224 4348 ferret.
1269 4287 1383 4358 ipse
1435 4285 1762 4356 perspiceret
1783 4325 1800 4355 ,

231 4392 280 4446 in
309 4387 633 4446 Adversaria
678 4384 988 4454 conjecisse.
1043 4381 1327 4436 Enimvero
1368 4394 1472 4433 non
1520 4393 1682 4432 unum
1713 4385 1806 4432 aut

230 4487 474 4547 alterum,
504 4478 728 4534 Abdiam
762 4485 906 4547 puta,
930 4483 1020 4529 aut
1047 4473 1257 4536 Jonam,
1288 4486 1346 4526 se
1375 4471 1449 4525 ait
1493 4485 1600 4540 pra:
1628 4469 1805 4524 mani-

231 4575 325 4630 bus
354 4585 483 4630 tunc
514 4573 735 4636 habere,
765 4568 859 4625 sed
884 4568 1042 4622 multa
1076 4567 1200 4632 alia,
1231 4573 1276 4619 et
1297 4567 1358 4619 de
1379 4581 1530 4635 opere
1568 4563 1806 4634 PrOphe-

231 4668 318 4720 toli
345 4667 396 4721 in
429 4665 763 4729 universum,
789 4675 906 4729 quae
935 4658 1178 4722 necdum,
1206 4657 1409 4726 inquit,
1439 4655 1638 4725 expleta
1664 4663 1802 4709 sunt.

300 4756 362 4810 V.
385 4758 563 4826 Atque
601 4755 683 4806 his
725 4750 940 4820 quidem
969 4758 1113 4802 totus
1158 4745 1492 4802 concluditur
1519 4743 1805 4814 Catalogus

233 4861 448 4917 operum
475 4887 494 4912 ,
543 4859 664 4913 quae
719 4841 812 4896 abs
853 4855 912 4894 se
963 4839 1030 4894 ad
1076 4852 1273 4892 annum
1322 4850 1490 4905 usque
1532 4834 1806 4891 Theodosii

237 4935 492 5006 Principis
538 4933 786 4987 decimum
821 4940 1086 5000 quartum,
1113 4927 1224 4982 sive
1248 4925 1445 4980 Christi
1493 4925 1619 4981 392.
1660 4926 1808 4980 lucu-

237 5026 382 5081 brata
417 5025 476 5080 S.
507 5023 668 5078 Pater
707 5021 995 5076 recensuit.
1016 5018 1144 5086 Qua:
1187 5015 1512 5088 subjungttnt
1541 5016 1658 5071 alia:
1692 5017 1806 5086 ejus

233 5115 465 5185 Catalogi
489 5113 777 5175 editiones,
813 5109 1091 5163 Adversum
1114 5107 1449 5161 Iovinianum
1473 5107 1626 5162 libros
1656 5108 1805 5173 duos,

233 5220 275 5263 et
300 5210 368 5264 ad
424 5190 818 5262 Pammachium
847 5200 1229 5272 Apologeticum
1272 5206 1318 5253 et
1365 5198 1724 5268 Epitaphium,
1755 5199 1808 5253 in

235 5300 356 5356 Mss.
386 5296 782 5368 antiquioribus
809 5305 862 5348 et
910 5293 1150 5349 melioris
1185 5300 1328 5347 notae
1353 5307 1457 5346 non
1505 5289 1768 5346 habentur
1790 5331 1806 5357 ,

233 5406 393 5464 seque
433 5387 673 5462 produnt
706 5386 877 5441 aliena
905 5399 1065 5439 manu
1103 5383 1292 5438 adsuta
1315 5424 1328 5446 ,
1359 5390 1416 5436 ut
1442 5396 1541 5436 suo
1567 5381 1687 5436 loco
1719 5398 1810 5436 os-

235 5484 524 5546 tendimus,
542 5494 609 5536 ex
634 5477 950 5534 Prtelatioue
973 5473 1488 5530 Commentariorqu
1518 5473 1569 5528 in
1597 5471 1810 5530 Jonam.

232 5575 475 5631 Nondum
507 5581 660 5626 certe
688 5569 892 5624 fuerant
919 5567 1016 5622 abs
1044 5567 1369 5636 Hieronymo
1395 5563 1674 5631 adornata,
1693 5579 1812 5620 cum

233 5683 350 5722 eum
377 5666 582 5720 librum
603 5661 672 5717 de
698 5661 825 5715 viris
848 5658 1152 5714 Illustribus
1203 5656 1478 5711 scriberet.
1511 5653 1607 5710 llic
1655 5654 1813 5726 igitur

232 5768 540 5832 postremus
570 5755 705 5811 liber
725 5763 804 5810 est
832 5768 898 5809 ex
922 5752 1020 5806 hac
1040 5750 1368 5820 serie;quem
1396 5747 1574 5804 statim
1601 5761 1630 5802 a
1651 5747 1813 5819 quin-

1905 509 2010 564 que
2037 496 2247 550 illorum
2277 496 2658 568 Prophetarum
2682 501 3124 573 interpretatione
3147 503 3346 568 emisit,
3375 514 3473 559 aut

1899 587 2076 641 verius
2090 603 2198 656 quo
2220 603 2354 658 opus
2374 590 2501 645 illud
2529 591 2845 661 Prophetale
2862 595 3162 666 interrupit,
3185 604 3243 650 ut
3256 594 3466 649 laudata

1901 677 2215 734 Prmlalione
2245 680 2294 734 in
2325 679 2514 736 Jonam
2539 692 2763 738 testatur
2785 723 2802 742 .
2838 683 3112 753 Postquam
3135 726 3151 751 ,
3175 686 3420 756 inquiens
3441 723 3460 748 ,

1896 768 2116 837 quinque
2170 768 2456 840 Prophetas
2508 774 2866 843 interpretatus
2934 790 3082 840 sunt,
3153 775 3462 838 Michteum,

1900 857 2104 923 Naum,
2132 859 2368 925 Abacue,
2393 862 2744 931 Sophortiam,
2771 873 2818 917 et
2864 864 3136 933 Aggtsum,
3185 864 3285 916 alio
3321 877 3472 933 opere

1897 947 2143 1015 detentus,
2176 967 2276 1004 non
2299 953 2438 1022 potui
2453 953 2662 1021 implere
2684 953 2820 1023 quod
2833 969 3100 1021 coeperam.
3125 953 3321 1022 Scripsi
3339 953 3470 1006 enim

1899 1037 2080 1090 librum
2104 1039 2166 1092 de
2201 1039 2332 1094 Viris
2357 1040 2670 1107 lllustribus,
2697 1051 2802 1096 etc.
2827 1043 3000 1111 Atque
3028 1050 3089 1096 ut
3128 1041 3260 1094 nihil
3282 1040 3349 1094 de
3375 1055 3472 1092 au—

1900 1140 1970 1178 no
2007 1126 2249 1192 dubites,
2286 1138 2389 1183 tam
2418 1130 2469 1184 in
2511 1131 2754 1198 exordio,
2785 1146 2942 1200 quam
2987 1132 3084 1185 sub
3127 1130 3247 1184 libri
3276 1130 3472 1194 linem,

1898 1230 2094 1270 annum
2141 1217 2319 1274 laudat
2363 1219 2879 1290 decimumquartum
2911 1221 3251 1290 Imperatoris
3291 1219 3475 1275 Theo-

1897 1305 2055 1372 dosii,
2079 1323 2236 1377 quem
2265 1309 2364 1364 iste
2387 1325 2418 1365 a
2441 1309 2689 1366 Calendis
2709 1311 3012 1368 Februariis
3034 1312 3172 1376 iniit,
3192 1322 3245 1366 et
3268 1309 3469 1366 dudum

1899 1411 1998 1450 nos
2021 1413 2144 1452 serae
2183 1399 2497 1456 Christiana:
2523 1402 2629 1458 392
2669 1403 2902 1458 diximus
2935 1401 3280 1472 respondere.
3307 1399 3390 1456 Ad
3419 1400 3474 1455 id

1898 1488 2076 1553 operis
2102 1496 2288 1543 auctor
2313 1498 2473 1560 atque
2499 1491 2742 1547 hortator
2770 1491 3099 1558 Hieronymo
3130 1491 3227 1546 luit
3253 1491 3471 1556 Dexter,

1897 1572 2122 1630 Sanctus
2150 1577 2361 1633 Paciani
2394 1581 2806 1638 Barciuonensis
2826 1623 2841 1648 ,
2873 1591 2932 1638 ut
2967 1583 3225 1638 Baronius
3253 1581 3470 1652 quidem

1898 1673 2157 1734 autumat,
2188 1667 2347 1737 (ilius,
2379 1672 2460 1726 vir
2491 1680 2636 1727 certe
2662 1673 2974 1743 primarius,
2996 1683 3044 1728 et
3067 1674 3154 1744 qui
3194 1671 3476 1741 Prtefeetu-

1897 1771 2010 1808 ram
2033 1757 2398 1814 administrauit
2431 1761 2693 1828 Praeterii,
2718 1763 2860 1832 quod
2890 1764 3007 1832 ipse
3055 1762 3230 1834 prodit
3257 1771 3474 1817 sanctus

1899 1844 2055 1899 Pater
2083 1848 2217 1903 libro
2239 1851 2474 1906 secundo
2499 1861 2682 1906 contra
2713 1852 3005 1918 lluflinum,
3031 1862 3189 1923 atque
3218 1867 3288 1908 ex
3315 1851 3470 1906 codi-

1898 1937 1975 1988 cis
1998 1935 2351 1995 Theodosiani
2381 1942 2830 2012 prosopographia
2863 1943 3095 1997 maxime
3138 1943 3473 2012 perspicuum

1899 2034 2002 2079 est.
2035 2028 2256 2098 Accepit
2281 2047 2410 2085 vero
2455 2031 2650 2089 Noster
2679 2033 2816 2086 haue
2839 2040 3052 2102 σπάρταν
3077 2047 3144 2088 eo
3187 2033 3472 2098 libentius,

1900 2130 2008 2184 quo
2035 2117 2135 2170 sibi
2160 2121 2511 2186 patentiorem
2537 2123 2675 2175 viam
2703 2123 2869 2176 sterni
2891 2123 3058 2176 sensit
3090 2121 3155 2175 ad
3185 2121 3476 2177 retunden-

1901 2204 1997 2258 das
2017 2205 2304 2261 Gentilium
2346 2210 2603 2263 adversus
2629 2209 2966 2264 Christianos
3012 2210 3432 2265 obtrectationes
3455 2250 3472 2275 ,

1903 2303 1958 2347 et
1981 2293 2123 2348 Celsi
2152 2311 2271 2349 cum
2305 2299 2488 2366 primis
2517 2298 2709 2352 Juliani
2753 2307 2809 2352 et
2838 2297 3148 2368 Porphyrii,
3179 2312 3315 2367 quos
3335 2297 3476 2351 rabi-

1903 2385 1994 2439 dos
2041 2391 2278 2442 adversus
2309 2388 2564 2443 Christum
2605 2406 2753 2444 canes
2778 2398 2957 2453 vocat,
2983 2404 3276 2459 eorumque
3300 2398 3478 2445 secta-

1907 2487 2079 2534 torum
2129 2480 2407 2536 maledicta
2446 2490 2502 2536 et
2547 2482 2744 2551 scripta
2799 2481 3225 2552 rcfutanda,qui
3275 2490 3478 2537 temere

1905 2570 2260 2637 blaterabant,
2292 2571 2572 2626 Ecclesium
2603 2572 2770 2626 nullos
2796 2571 3136 2639 Philosophos
3166 2582 3212 2626 et
3242 2574 3478 2642 eloquen-
3567 2607 3572 2610 -

1904 2670 1997 2722 tes,
2021 2661 2188 2715 nullos
2214 2662 2446 2716 habuisse
2468 2661 2727 2718 Doctores.
2752 2663 2921 2730 Quam
2942 2678 3102 2733 porro
3129 2665 3344 2734 egregie
3364 2677 3479 2733 pro-

1905 2751 2132 2820 positum
2163 2753 2234 2808 sit
2261 2767 2577 2823 persecutus
2603 2796 2618 2821 ,
2645 2765 2702 2812 et
2728 2772 2954 2826 quanam
2994 2757 3325 2826 Scriptorum
3370 2772 3484 2816 non.

1902 2844 2062 2898 modo
2110 2853 2237 2902 ante
2273 2863 2334 2903 se
2361 2848 2528 2904 ferme
2554 2851 2793 2905 omnium
2815 2891 2831 2915 ,
2862 2849 2957 2905 sed
2983 2865 3170 2906 eorum
3209 2849 3369 2904 etiam
3409 2863 3479 2903 ex

1902 2943 2073 3004 parte,
2101 2936 2190 3004 qui
2219 2937 2552 3006 adviverent,
2581 2941 2848 2995 volumina
2878 2941 2962 2995 vel
3002 2940 3114 2995 suis
3165 2940 3278 3009 ipse
3305 2939 3480 3014 oculis
3572 2977 3576 2981 .

1906 3026 2330 3094 perlustraverit,
2361 3029 2447 3084 vel
2487 3039 2638 3084 certe
2667 3039 2792 3085 nota
2823 3031 2956 3085 satis
2986 3029 3053 3085 ad
3090 3029 3366 3086 ferendum
3410 3027 3482 3084 de

1903 3117 2009 3172 illis
2025 3118 2282 3186 judicium
2318 3119 2580 3186 habuerit,
2614 3137 2681 3180 ex
2709 3122 2823 3191 ipso
2842 3121 3020 3176 disces
3055 3121 3330 3177 immensae
3358 3134 3483 3189 pro-

1903 3209 2185 3278 pemodum
2207 3209 2529 3266 eruditionis
2553 3211 2734 3277 Libro,
2762 3226 2921 3282 quem
2949 3211 3189 3266 articulis
3215 3209 3477 3267 CXXXV.

1903 3300 2016 3354 sive
2065 3300 2326 3368 capitibus
2401 3317 2501 3372 per
2551 3304 2756 3374 singula
2811 3303 3104 3374 Auctorum
3161 3304 3376 3358 nomina
3424 3311 3483 3358 et

1902 3391 2099 3459 scripta
2125 3391 2373 3448 absolvit.
2404 3392 2538 3448 Nam
2561 3393 2702 3464 quod
2727 3395 3010 3448 nonnullos
3039 3395 3318 3464 praeteriit,
3339 3394 3483 3449 velut

1903 3483 2318 3553 Athenagoram,
2344 3483 2615 3552 Hennam,
2655 3494 2816 3556 atque
2851 3486 3014 3562 alium
3044 3486 3344 3556 quempiam
3364 3526 3382 3552 ,
3413 3499 3481 3541 ea

1903 3589 2064 3629 causa
2107 3575 2324 3631 videtur
2345 3616 2360 3641 ,
2389 3576 2533 3646 quod
2579 3576 2828 3632 maluerit
2856 3577 2923 3632 de
2951 3593 3057 3632 non
3095 3578 3228 3632 satis
3255 3576 3355 3632 sibi
3385 3591 3484 3632 no-

1907 3665 1974 3719 tis
2001 3665 2195 3730 silere,
2241 3681 2398 3736 quam
2430 3675 2632 3722 temere
2669 3666 2869 3737 aliquid
2913 3669 3279 3736 pronuntiare.
3305 3665 3482 3722 Caete-

1907 3764 2077 3810 terum
2131 3769 2200 3810 ne
2232 3755 2502 3826 longiores
2556 3771 2711 3825 sequo
2758 3769 2857 3810 nos
2901 3757 3048 3812 hisce
3097 3755 3484 3826 persequendis

1907 3845 2201 3910 videamur,
2239 3860 2360 3914 quas
2405 3845 2534 3899 olim
2568 3847 2619 3900 in
2651 3846 2866 3915 prmiixa
2895 3846 3070 3901 eidem
3096 3845 3259 3901 Libro
3289 3844 3481 3900 admo-

1908 3935 2110 3990 nitione
2143 3949 2240 4002 per
2286 3942 2465 4003 partes
2502 3935 3014 4000 animadvertimus,
3045 3935 3227 4004 accipe
3270 3949 3388 4004 qua:
3417 3935 3478 3990 S.

1909 4024 2023 4091 ipse
2049 4023 2251 4077 Auctor
2292 4022 2359 4078 de
2395 4037 2480 4088 ea,
2514 4038 2673 4093 quam
2701 4022 2912 4078 iecisset
2941 4024 3013 4078 illi
3058 4023 3480 4094 inscriptionem,

1907 4114 2082 4185 deque
2114 4114 2230 4184 ejus
2263 4113 2659 4183 quodammodo
2703 4113 2883 4170 indole
2933 4129 2996 4168 ac
3043 4124 3231 4169 natura
3273 4113 3344 4169 ad
3373 4117 3484 4170 Au-

1906 4205 2176 4276 gustinum
2206 4203 2440 4273 Epistula
2468 4202 2625 4260 CXII.
2649 4203 2950 4260 rescribens
2969 4205 3147 4260 docet.
3176 4203 3318 4259 Dicis
3343 4221 3489 4260 arces

1907 4295 2040 4362 pisse
2061 4303 2106 4346 te
2130 4293 2315 4347 librum
2335 4310 2500 4348 meum
2523 4310 2554 4346 a
2579 4293 2799 4365 quodam
2835 4297 3010 4365 fratre.
3042 4296 3128 4361 qui
3157 4295 3358 4349 tituluut
3382 4312 3488 4350 non

1909 4386 2130 4451 haberet,
2162 4385 2215 4438 in
2239 4401 2338 4454 quo
2373 4385 2660 4455 Scriptores
2687 4384 3068 4440 Ecclesiasticos
3107 4394 3212 4438 tam
3241 4384 3446 4440 Gnaeos
3465 4426 3484 4452 ,

1909 4494 2061 4549 quam
2091 4476 2300 4532 Latinos
2330 4477 2724 4532 enumeraverim
2749 4492 2767 4530 :
2791 4492 3007 4546 cumque
3034 4476 3095 4529 ab
3120 4493 3176 4530 eo
3214 4492 3482 4546 qua’reres,

1909 4579 1965 4623 ut
1996 4569 2094 4622 tuis
2118 4569 2275 4622 verbis
2305 4579 2452 4634 utar,
2501 4586 2591 4624 cur
2620 4569 2870 4624 liminaris
2895 4569 3085 4638 pagina
3127 4584 3228 4621 non
3256 4578 3380 4622 esset
3409 4569 3488 4622 in-

1909 4659 2118 4730 scripta,
2149 4659 2226 4713 uel
2245 4675 2343 4729 quo
2382 4666 2666 4712 censeretur
2701 4657 2904 4710 nomine
2926 4697 2941 4722 ,
2973 4658 3289 4727 respondisse
3311 4658 3490 4728 appel-

1911 4749 2010 4802 lari
2038 4746 2377 4818 Epitaphium
2409 4764 2424 4801 :
2456 4754 2502 4800 et
2541 4745 2910 4817 argumentaris
2931 4746 3064 4814 quod
3090 4756 3221 4800 recte
3245 4747 3316 4800 sic
3336 4763 3488 4800 voca-

1911 4847 2068 4902 retur,
2098 4837 2142 4890 si
2166 4853 2338 4891 eorum
2355 4845 2549 4890 tantum
2585 4837 2663 4890 vel
2688 4837 2831 4902 ritas,
2861 4837 2938 4891 vel
2965 4837 3152 4907 scripta
3178 4838 3246 4891 ibi
3263 4838 3488 4909 legisses,

1912 4931 1999 5000 qui
2016 4931 2127 5000 jam
2149 4928 2372 4998 defuncti
2412 4938 2614 4996 essent;
2644 4946 2759 4983 cum
2787 4944 2900 4983 vero
2930 4930 3199 4984 multorum
3219 4939 3266 4984 et
3292 4946 3348 4984 eo
3368 4940 3492 4984 tem-

1915 5037 2036 5092 pore
2062 5037 2159 5091 quo
2188 5020 2516 5088 scribebatur,
2548 5031 2595 5077 et
2631 5038 2762 5076 nunc
2796 5039 2950 5090 usque
2982 5025 3245 5076 viventium
3274 5040 3493 5079 comme-

1916 5121 2170 5166 morentur
2196 5113 2462 5182 opuscula,
2503 5113 2678 5167 mirari
2713 5123 2760 5166 te
2782 5130 2892 5166 cur
2934 5113 2979 5167 ei
3004 5116 3136 5168 hunc
3163 5115 3364 5169 titulum
3391 5115 3492 5169 im-

1918 5203 2190 5274 posuerim.
2216 5201 2353 5258 Puto
2392 5204 2673 5276 intelligere
2709 5203 3026 5275 prudentiam
3054 5213 3190 5258 tuam
3209 5245 3224 5268 ,
3253 5205 3390 5272 quod
3433 5221 3496 5260 ex

1917 5310 2068 5366 apere
2123 5295 2234 5365 ipso
2279 5294 2483 5348 titulum
2528 5296 2750 5366 potueris
2799 5296 3098 5366 intelligere.
3124 5295 3312 5367 Legisti
3363 5297 3498 5350 enim

1920 5394 1967 5440 et
2013 5381 2216 5440 Graecos
2271 5394 2317 5439 et
2363 5384 2590 5453 Latinos,
2618 5387 2703 5458 qui
2762 5387 2888 5440 vitas
2944 5387 3168 5441 rivorum
3224 5387 3496 5440 illustrium

1919 5477 2312 5548 descripserunt,
2343 5477 2480 5547 quod
2509 5495 2778 5545 numquam
2809 5478 3146 5548 Epitaphium
3194 5478 3310 5530 huic
3356 5476 3498 5544 operi

1921 5566 2300 5637 inscripserint,
2328 5567 2416 5622 sed
2435 5567 2497 5622 de
2525 5567 2824 5622 lllustribus
2845 5568 2973 5622 viris
2993 5607 3007 5630 ,
3033 5565 3168 5620 verbi
3190 5565 3356 5635 gratia
3384 5563 3497 5617 Du-

1923 5659 2061 5713 cibus
2081 5699 2096 5723 ,
2131 5657 2458 5730 PhilosOphis
2476 5699 2491 5724 ,
2546 5652 2849 5713 Oratoribus
2876 5699 2891 5722 ,
2947 5657 3216 5711 Historicis
3240 5697 3256 5724 ,
3282 5654 3453 5708 Poetis
3475 5692 3494 5715 ,

1929 5747 2124 5820 Epicis,
2156 5748 2403 5820 Tragicis,
2433 5744 2666 5807 Cornicis.
2691 5747 3068 5822 Epithapbium
3089 5755 3256 5801 autem
3293 5746 3499 5818 proprie
