4004 6328
504 391 572 446 ετ
865 421 877 433 .
1775 378 1814 435 s
1875 375 2253 434 lllEttO-NYMI
2295 379 2473 436 V'ITA.
3707 386 3774 444 ss

497 501 730 556 scribitur
757 506 1090 564 mortuorum,
1119 496 1255 566 quod
1276 494 1476 566 quidem
1495 495 1548 547 in
1565 493 1865 547 dormitione
1882 499 2070 546 sancta

497 591 754 646 memoria
791 588 1066 661 Nepotiani
1122 587 1413 659 Presbyteri
1449 587 1572 642 olim
1608 588 1787 658 fecisse
1830 601 1912 640 nte
1938 584 2075 638 novi.

501 682 643 754 Ergo
668 683 750 736 hic
775 682 918 748 liber,
947 683 1024 736 uel
1047 681 1119 738 de
1157 681 1456 736 lllustribus
1494 679 1656 746 Viris,
1685 679 1764 734 uel
1783 679 1990 750 proprie
2010 677 2078 732 de

503 773 866 841 Scriptoribus
908 772 1299 828 Ecclesiasticis
1344 769 1684 842 appellandus
1737 779 1812 823 est
1839 784 1859 823 :
1886 769 2002 822 licet
2044 785 2077 820 a

495 863 752 931 plerisque
795 862 1201 918 emendatoribus
1240 862 1486 933 imperitis
1524 861 1593 917 de
1631 859 1952 916 Auctoribus
1999 860 2079 912 di-

495 963 642 1009 catur
666 956 962 1025 inscriptus.

1060 1062 1286 1121 CAPUT
1314 1061 1503 1118 XXIII.

494 1173 537 1231 Ι.
565 1175 830 1231 Joriniani
855 1176 1086 1230 haeresim
1110 1176 1169 1230 S.
1205 1173 1358 1228 Pater
1382 1175 1647 1244 impugnat
1677 1174 1874 1228 duobus
1909 1173 2074 1228 libris.

563 1265 629 1321 ll.
687 1266 879 1333 Quibus
915 1267 1036 1320 dum
1078 1267 1415 1337 virginitatem
1441 1266 1656 1332 extollit,
1686 1267 1878 1336 nuptiis
1907 1267 2076 1319 detra-

563 1358 682 1410 Itere
723 1358 858 1410 visus
880 1367 971 1411 est.
1001 1355 1085 1412 Ill.
1125 1356 1314 1410 Scribit
1331 1357 1457 1410 adeo
1483 1374 1575 1422 pro
1598 1355 1775 1410 iisdem
1800 1359 1908 1411 suis
1933 1357 2076 1412 libris

561 1449 946 1520 Apologeticum
990 1451 1058 1502 ad
1084 1448 1492 1503 Pontinae/tium.
1524 1449 1614 1504 ιν.
1656 1449 1790 1504 Item
1841 1450 1909 1503 ad
1967 1449 2075 1504 Do-

561 1541 814 1594 mnionem
842 1539 1016 1592 eadem
1041 1540 1104 1594 de
1134 1539 1278 1594 rev.
1296 1539 1481 1594 Literis
1504 1557 1698 1610 quoque
1724 1539 1996 1604 Desiderii,
2023 1551 2076 1594 ut

500 1625 504 1632 ’
560 1643 606 1688 et
647 1633 918 1705 prepositis
943 1631 1039 1687 sibi
1073 1633 1135 1687 ab
1155 1632 1383 1686 Amando
1407 1631 1765 1702 quazstionibus
1787 1634 2072 1704 respondet.

562 1767 603 1823 l.
628 1767 857 1822 Vixdum
877 1767 1166 1823 Gentilium
1189 1768 1471 1822 calumniis
1492 1767 1704 1822 erudito
1732 1769 1823 1822 illo
1842 1767 1911 1824 de
1935 1767 2073 1823 Viris

490 1856 782 1912 illustribus
803 1858 937 1912 libro
974 1857 1334 1929 Hieronymus
1357 1859 1708 1924 satisfecerat,
1741 1874 1864 1913 eum
1881 1859 2070 1914 eodem

491 1950 656 2005 ltoccc
684 1966 825 2005 anno
861 1950 988 2016 392,
1019 1951 1299 2005 siveinitio
1321 1951 1670 2019 insequentis,
1691 1961 1746 2005 ut
1775 1968 1838 2005 ex
1861 1953 2071 2006 laudata

487 2040 685 2108 stepius
731 2039 782 2094 in
803 2039 991 2094 Jonam
1022 2040 1338 2095 Prtefatione
1376 2040 1696 2111 colligimus.
1718 2031 2070 2097 difficiliorem

488 2134 655 2188 multo
673 2134 904 2189 laborem
921 2135 1313 2198 subire,etcum
1327 2134 1580 2190 lucretico
1592 2134 1805 2189 homine
1820 2135 2071 2204 congredi

485 2219 700 2278 coactus
721 2232 820 2277 est.
849 2223 1161 2278 Iovinianus
1176 2225 1328 2278 dives
1350 2223 1660 2285 monachus.
1687 2224 1827 2294 quod
1851 2227 1980 2280 satis
2000 2226 2072 2279 tli-

484 2321 571 2368 ctu
587 2325 691 2378 est.
707 2323 764 2369 ut
780 2313 1049 2369 hominem
1069 2315 1450 2383 nequissimum
1469 2316 1750 2384 intelligas,
1771 2315 1910 2370 luxui
1924 2317 2074 2371 dedi-

486 2415 574 2461 tus
604 2407 656 2460 in
685 2413 889 2461 tantum
906 2420 971 2460 ac
997 2406 1380 2472 dissolutus,ut
1399 2405 1654 2474 Epicurus
1669 2403 2068 2460 Christianorum

484 2499 741 2553 meruerit
769 2499 974 2563 audire,
1003 2498 1271 2560 lueresim.
1299 2514 1417 2568 qua:
1451 2501 1573 2553 vita:
1601 2513 1712 2552 sua:
1727 2499 2071 2552 consuetudi-

488 2602 608 2642 nem
639 2601 898 2642 excusare
913 2588 1201 2653 videretur,
1219 2589 1331 2643 sive
1361 2589 1534 2642 intulit
1565 2589 1787 2657 primus,
1805 2588 1918 2643 sive
1942 2589 2068 2642 olim

490 2677 780 2732 extinctam
833 2687 954 2747 post
987 2678 1273 2734 Basilidem
1320 2679 1675 2744 instauravit,
1708 2688 1867 2748 atque
1913 2679 2069 2733 editis

484 2771 896 2827 Commentariis
920 2811 936 2837 ,
969 2781 1027 2826 ut
1057 2771 1216 2826 latius
1245 2781 1516 2842 serperet,
1555 2771 1810 2826 Romanis
1850 2772 2068 2826 auribus

483 2863 755 2919 insinuare
783 2863 1092 2929 contendit,
1122 2864 1357 2933 vulgaris
1388 2863 1543 2933 plane
1583 2865 1771 2930 homo,
1813 2878 1913 2918 nec
1954 2863 2068 2918 elo-

485 2965 658 3025 quens
687 2969 788 3010 nec
832 2955 1092 3018 eruditus,
1123 2955 1218 3010 sed
1246 2955 1529 3010 dicacitate
1559 2965 1718 3024 atque
1764 2955 2066 3026 arrogantia

486 3047 686 3101 nemini
733 3046 1151 3116 postponcndus.
1185 3045 1413 3101 Nefaria:
1440 3044 1697 3101 doctrina:
1727 3047 1901 3116 capita
1952 3047 2068 3100 haec

479 3147 632 3193 erant
654 3181 667 3194 .
689 3137 922 3193 Primum
950 3137 1200 3209 Virgines,
1219 3137 1428 3202 Viduas,
1448 3149 1494 3192 et
1523 3138 1758 3203 Mari/as,
1782 3156 1896 3207 qua?
1916 3141 2069 3195 semel

481 3233 534 3285 in
555 3231 756 3288 Christo
787 3233 906 3286 lota:
933 3244 1069 3296 sunt,
1093 3234 1138 3286 si
1166 3249 1265 3287 non
1285 3233 1566 3292 discrepent
1588 3235 1781 3288 ueteris
1807 3234 2063 3305 operibus,

481 3324 706 3393 ejusdem
753 3339 860 3377 esse
907 3325 1091 3379 meriti.
1128 3325 1396 3388 Alterum,
1427 3325 1529 3378 Eos
1555 3327 1641 3396 qui
1672 3327 1820 3395 plena
1869 3326 1972 3393 [ide
2012 3329 2065 3380 in

481 3413 794 3484 Baptismate
813 3417 977 3468 renati
1006 3425 1122 3468 sunt
1143 3458 1158 3476 ,
1187 3433 1219 3469 a
1245 3416 1462 3471 Diabolo
1504 3434 1605 3471 non
1647 3434 1792 3484 posse
1817 3418 2059 3471 subverti.

482 3505 740 3570 Tertium,
769 3505 912 3559 Inter
938 3506 1290 3562 abstinentiam
1315 3507 1557 3570 ciborum,
1583 3517 1756 3561 etcum
1782 3510 2063 3578 gratiarum

481 3597 682 3649 actione
727 3598 1094 3666 perceptionem
1135 3613 1310 3651 eorum
1336 3639 1351 3661 ,
1380 3598 1578 3651 nullam
1605 3615 1710 3652 esse
1744 3599 2058 3652 distantiam.

483 3687 741 3756 Denique,
770 3687 895 3742 Esse
915 3689 1139 3742 omnium
1165 3689 1253 3757 qui
1276 3705 1422 3742 suum
1457 3687 1722 3758 Baptisma
1741 3701 2061 3744 servaverunt

478 3793 631 3831 unam
665 3779 717 3832 in
743 3795 896 3850 regno
938 3781 1176 3834 cteforum
1212 3782 1688 3836 remunerationem.
1715 3781 1775 3837 S.
1807 3781 2059 3852 Angusti-

477 3882 578 3922 nus
601 3867 733 3924 duas
761 3872 807 3924 ei
837 3880 1111 3940 prteterea.
1143 3885 1341 3941 easque
1372 3871 1537 3927 ferme
1563 3872 1900 3928 exitiosiores
1945 3873 2058 3926 bla-

475 3960 746 4029 sphemias
791 3963 1304 4032 imputat,qnarum
1355 3963 1558 4028 altera,
1617 3965 1806 4020 Omnia
1846 3976 2058 4033 peccata

476 4065 596 4104 esse
625 4052 768 4120 paria
803 4071 816 4106 :
847 4052 1013 4108 altera
1039 4094 1053 4116 ,
1090 4052 1370 4122 Deiparam
1403 4053 1672 4125 Virginem
1713 4053 1910 4109 Christi
1944 4072 2057 4110 ma-

478 4153 612 4194 trem
633 4181 648 4206 ,
691 4157 795 4196 non
828 4143 881 4196 in
921 4143 1276 4212 concipiendo
1314 4143 1526 4213 quidem
1548 4185 1562 4209 ,
1594 4143 1688 4200 sed
1721 4145 1771 4198 in
1802 4145 2073 4216 pariendo.

475 4238 641 4294 fuisse
677 4239 947 4292 violatam.
979 4239 1176 4293 Verum
1230 4238 1346 4294 lizec
1386 4239 1493 4292 duo
1532 4247 1658 4293 sunt
1708 4242 1796 4309 qui
1844 4255 2060 4295 rumore

477 4340 680 4386 tantum
743 4331 980 4400 populari
1022 4333 1215 4400 jactata
1275 4331 1342 4385 de
1389 4331 1670 4386 Joviniano
1713 4331 2054 4392 existiment,

475 4423 772 4495 praesertim
802 4438 924 4478 cum
952 4425 1203 4493 peculiari
1229 4423 1324 4478 abs
1352 4422 1678 4494 Hieronymo
1707 4424 2057 4492 responsione

474 4529 579 4572 non
625 4515 940 4572 refutentur.
970 4517 1218 4572 Attamen
1261 4517 1491 4587 primum
1519 4517 1910 4571 consectarium
1940 4517 2058 4586 ejus

475 4609 724 4674 videtur,
754 4608 900 4679 quod
939 4609 1007 4664 de
1049 4610 1361 4664 meritorum
1403 4608 1710 4678 aequalitate
1771 4609 2056 4664 haereticus

477 4699 754 4754 asserebat
787 4718 800 4753 :
830 4701 1054 4753 alterum
1069 4716 1131 4755 ex
1161 4699 1220 4755 S.
1242 4714 1454 4770 quoque
1482 4699 1748 4754 Ambrosii
1776 4698 2057 4771 Rescripta

474 4790 771 4856 evincitur,
800 4788 868 4843 ab
898 4789 986 4843 illo
1039 4790 1262 4860 ejusque
1306 4791 1524 4846 asseclis
1565 4791 1726 4862 impie
1755 4801 2018 4846 assertum
2039 4833 2053 4857 ,

482 4881 634 4954 Virgo
669 4881 932 4951 concepit,
978 4881 1066 4934 sed
1105 4899 1204 4936 non
1255 4881 1411 4953 Virgo
1457 4885 1728 4954 generavit.
1751 4882 2054 4940 Istiusmodi

471 4988 679 5030 venena
705 4987 874 5027 novus
902 4971 1260 5026 Ecclesiarum
1305 4975 1560 5044 magister
1588 4976 1843 5030 Romanis
1872 4976 2054 5046 propi-

469 5065 633 5124 nabat
660 5082 674 5132 ;
705 5074 759 5120 et
783 5064 1232 5136 quemadmodum
1265 5067 1552 5121 usuvcnire
1578 5067 1738 5130 solet,
1761 5082 1882 5122 cum
1912 5067 2056 5123 vitiis

470 5157 635 5213 fratna
676 5155 940 5220 laxantur,
973 5164 1031 5209 ut
1056 5154 1339 5225 Augustini
1363 5155 1542 5211 verbis
1570 5167 1721 5224 utar,
1751 5166 1946 5212 tantum
1967 5174 2056 5212 va-

470 5249 566 5304 luit
596 5247 649 5302 in
672 5247 791 5301 urbe
821 5246 1008 5311 Roma,
1037 5257 1089 5300 ut
1120 5245 1392 5300 nonnullas
1417 5248 1566 5300 etiam
1605 5247 2016 5302 sanctimoniales
2035 5289 2052 5316 ,

469 5338 531 5390 de
551 5353 764 5394 auorum
787 5337 1030 5406 pudicitia
1050 5335 1270 5408 suspicio
1289 5336 1433 5390 nulla
1448 5348 1791 5406 praecesserat,
1816 5339 2056 5410 dejecisse

467 5429 520 5482 in
552 5430 756 5501 nuptias
797 5429 1081 5493 diceretur;
1103 5439 1151 5483 et
1183 5429 1408 5482 virorum
1432 5430 1582 5482 etiam
1612 5439 1903 5484 sanctorum
1929 5448 2054 5484 san-

469 5529 602 5573 ctum
634 5518 920 5574 ca'fibatum
962 5517 1437 5573 commemoratione
1468 5521 1686 5590 fratrum
1713 5529 1758 5572 et
1785 5536 2053 5590 compara.

470 5612 605 5664 tione
628 5613 882 5682 frangeret
912 5609 1158 5684 (Retract.
1193 5607 1279 5662 lib.
1314 5606 1343 5661 Ι
1352 5607 1427 5680 1).
1453 5610 1588 5676 Quin
1633 5612 1794 5664 etiam
1820 5611 2054 5664 asseclas

470 5703 656 5758 habuit
683 5705 966 5775 aliquantos
988 5701 1267 5766 Romanos,
1302 5708 1358 5754 ut
1382 5701 1434 5754 in
1463 5700 1652 5772 Syricii
1678 5701 1903 5770 cpistola
1923 5701 2055 5756 scrio

470 5793 630 5866 bitur,
663 5804 770 5852 tum
797 5795 946 5862 alios,
985 5808 1118 5866 quos
1146 5791 1500 5864 Hieronymus
1523 5789 1596 5849 ibi
1625 5798 1791 5860 notat,
1825 5791 1933 5859 ubi,
1971 5790 2051 5846 Ne

2176 491 2406 560 glorieris
2425 535 2439 552 .
2466 497 2564 556 ait.
2597 496 2734 565 quod
2777 499 2962 554 multos
2987 498 3262 572 discipulos
3291 501 3481 556 habeas
3515 507 3769 557 :tsmetsi

2191 582 2456 638 neminem
2485 601 2515 639 e
2547 587 2889 644 sacerdotibus
2927 589 3092 661 (quod
3141 590 3471 663 Augustinus
3520 593 3769 664 testatur)

2184 688 2345 743 neque
2362 675 2582 743 alicuius
2601 681 2820 734 nominis
2839 680 3048 737 Clericis
3073 680 3212 753 (Lib.
3234 681 3298 736 II
3321 685 3341 752 )
3374 680 3586 737 trahere
3616 680 3683 735 ad
3710 695 3768 736 se

2184 779 2414 836 unquam
2440 771 2690 837 potuerit.

2257 856 2319 910 ll.
2352 857 2521 914 Porro
2544 869 2747 926 autem,
2776 862 3051 919 adnitente
3089 862 3400 933 cumprimis
3425 861 3770 916 Pammachio

2187 943 2633 1018 (Christianorum,
2655 961 2712 1006 ut
2732 952 3088 1025 Hieronymus
3116 954 3351 1023 loquitur
3369 993 3382 1015 ,
3413 951 3728 1006 nobilissimo
3751 993 3765 1014 .

2195 1048 2243 1092 et
2278 1040 2517 1095 nobilium
2542 1042 2994 1116 Christianissimo)
3023 1045 3246 1115 aliisque
3263 1085 3278 1110 ,
3306 1053 3366 1099 ut
3389 1043 3631 1110 Syricius
3655 1044 3731 1096 ait
3750 1083 3767 1108 ,

2185 1129 2493 1198 ﬁdelissimis
2524 1131 2833 1188 Christianis
2858 1136 2979 1189 viris
3001 1176 3014 1200 ,
3047 1151 3228 1206 genere
3253 1135 3460 1204 optimis
3481 1176 3496 1199 ,
3524 1133 3770 1204 ieligione

2185 1225 2466 1291 praeclaris.
2493 1224 2661 1279 fuerat
2690 1225 2758 1280 de
2781 1225 3003 1280 Romani
3037 1225 3311 1282 Pontificis
3355 1227 3620 1280 sententia
3672 1223 3768 1278 da-

2173 1321 2416 1374 mnatus,
2444 1313 2666 1382 ejusque
2692 1315 2948 1383 scriptura
2973 1315 3213 1383 horriﬁca
3241 1315 3542 1370 sacerdotali
3565 1313 3769 1384 judicio

2182 1401 2376 1456 detecta
2403 1403 2586 1458 divina:
2603 1405 2700 1476 legi
2726 1406 3004 1473 contraria,
3035 1406 3291 1477 spirituali
3308 1406 3555 1459 sententia
3577 1405 3764 1458 deleta.

2181 1490 2286 1546 Sed
2314 1503 2367 1546 et
2395 1492 2564 1547 Roma
2600 1495 2854 1564 expulsus
2881 1511 3002 1550 cum
3031 1500 3142 1550 suis
3168 1495 3524 1550 Mediolanum
3553 1509 3675 1550 cum
3707 1509 3767 1548 se

2181 1585 2492 1651 recepisset,
2525 1585 2745 1640 collecta
2782 1587 2850 1640 ibi
2876 1585 3123 1657 Synodus
3147 1585 3265 1640 illos
3289 1586 3514 1639 omnium
3534 1599 3766 1638 exsecra-

2179 1675 2315 1726 tione
2357 1676 2625 1728 damnatos
2671 1673 3060 1730 Mediolanensi'
3091 1691 3156 1730 ea:
3182 1675 3302 1728 urbe
3327 1675 3476 1743 quasi
3519 1677 3765 1744 profugos

2177 1765 2383 1832 repulit.
2418 1765 2652 1834 Denique
2681 1775 2735 1821 et
2764 1767 3026 1836 lmperiali
3067 1766 3351 1836 Rescripto
3378 1765 3431 1819 in
3456 1780 3581 1820 eum
3611 1764 3763 1820 vide-

2177 1854 2334 1909 detur
2381 1856 2810 1912 animadversum
2862 1857 3096 1926 Lege55
3145 1857 3358 1911 Codicis
3395 1855 3756 1911 Tlteodosiani

2177 1946 2283 2000 Tit.
2319 1947 2380 2000 V.
2404 1948 2470 2001 de
2501 1947 2774 2005 l-lmreticis
2796 1990 2811 2015 ,
2843 1949 2910 2004 de
2961 1964 3062 2019 qua
3094 1964 3194 2004 nos
3240 1950 3390 2020 plura
3430 1949 3482 2002 in
3536 1947 3759 2018 praefixa

2178 2037 2606 2108 llieronymianis
2634 2041 2781 2095 libris
2831 2040 3213 2096 Admonitione
3236 2041 3648 2112 disputavimus.
3671 2038 3766 2094 Ni~
3789 2057 3792 2061 '

2179 2129 2288 2184 hilo
2341 2141 2519 2185 tamen
2565 2134 2740 2187 secius
2771 2147 2893 2188 cum
2939 2132 3055 2203 ejus
3101 2133 3431 2188 irritamenta
3471 2131 3758 2203 nequitize,

2175 2223 2393 2292 scripta,
2425 2224 2662 2294 inquam,
2689 2225 2955 2280 Joviniani
2983 2226 3139 2296 vulgo
3169 2234 3472 2296 prostarent
3492 2267 3506 2291 ,
3533 2225 3764 2281 fortasse

2175 2315 2336 2369 etiam
2382 2317 2591 2371 avidius
2644 2317 2985 2387 legerentur,
3014 2327 3199 2387 utpote
3244 2333 3364 2388 qua:
3411 2317 3564 2373 frena
3620 2318 3764 2372 vitiis

2175 2405 2510 2470 adimerent,
2542 2410 2704 2460 sancti
2747 2424 2810 2462 ex
2838 2408 3004 2462 Roma
3032 2410 3248 2478 fratres,
3294 2418 3350 2464 et
3385 2409 3761 2464 Pammachius

2175 2511 2295 2550 cum
2327 2497 2530 2566 primis,
2561 2499 2691 2553 istos
2722 2497 2960 2555 hatretici
2984 2499 3438 2554 Commentariolos
3462 2501 3530 2554 ad
3568 2500 3753 2554 Hiero-

2180 2605 2398 2660 nymum
2431 2591 2835 2654 transmiserunt,
2863 2602 3117 2662 rogantes,
3147 2601 3201 2645 ut
3227 2609 3398 2647 eorum
3445 2593 3649 2659 ineptiis
3675 2609 3759 2647 re-

2173 2683 2464 2752 sponderet,
2489 2693 2534 2737 et
2557 2682 2837 2754 Epicurum
2853 2684 3255 2739 Christianorum
3286 2683 3593 2755 Eeangelico
3613 2695 3763 2755 atque

2175 2774 2465 2842 Apostolico
2482 2775 2650 2845 vigore
2664 2786 2936 2829 contereret
2954 2774 3088 2846 (Lib.
3108 2774 3182 2845 I).
3201 2774 3348 2844 Quod
3369 2789 3623 2846 prazsmre.
3646 2777 3761 2846 ipse

2174 2877 2296 2936 post
2340 2883 2531 2936 paucos
2576 2868 2852 2921 adntodum
2899 2868 3007 2921 dies
3051 2883 3362 2937 aggressus,
3397 2869 3550 2923 initio
3577 2870 3757 2924 statim

2175 2958 2352 3028 prole.
2385 2974 2448 3012 us
2475 2968 2592 3026 est,
2622 2959 2782 3012 multo
2809 2958 2909 3012 sibi
2941 2973 3069 3013 esse
3110 2959 3382 3029 difﬁcilius,
3410 2961 3754 3028 scriptionem

2173 3051 2338 3116 illam,
2369 3051 2521 3119 cujus
2545 3060 2683 3104 tanta
2710 3059 2826 3105 erat
2853 3049 3108 3104 barbaries
3124 3061 3169 3104 et
3198 3051 3350 3104 tantis
3375 3052 3508 3106 uitiis
3529 3055 3759 3122 spurcis~

2171 3142 2329 3196 simus
2354 3158 2516 3195 sermo
2541 3142 2802 3209 confusus,
2833 3158 2982 3196 nosse
3019 3158 3170 3212 quant
3197 3143 3430 3198 vincere.
3459 3143 3630 3199 Evicit
3659 3161 3756 3199 au-

2173 3243 2278 3289 tem
2323 3233 2530 3288 duobus
2575 3233 2764 3298 libris,
2819 3249 3045 3304 quorum
3077 3235 3256 3303 priore
3297 3235 3554 3304 primam,
3585 3237 3757 3291 altero

2172 3336 2281 3382 tres
2315 3327 2448 3381 alias
2478 3326 2748 3382 .loviniani
2783 3344 2858 3395 ρι’(
2881 3329 3174 3397 positiones
3201 3330 3449 3397 exagitat,
3482 3339 3645 3398 atque
3683 3330 3752 3382 ita

2173 3419 2440 3472 hominem
2473 3418 2770 3473 innumeris
2795 3419 3089 3487 Scriptura:
3139 3417 3334 3474 divinat
3364 3418 3496 3474 locis
3541 3420 3751 3485 obruit,

2169 3510 2516 3579 profligatque
2549 3510 2888 3565 historiartnn
2919 3511 3239 3565 testimoniis
3263 3551 3277 3572 .
3307 3523 3357 3564 et
3389 3511 3750 3580 Philosopho-

2169 3619 2284 3658 rum
2315 3603 2613 3667 sententiis,
2635 3615 2686 3656 ut
2714 3603 2915 3656 nullum
2939 3602 2985 3657 ei
3011 3604 3270 3671 reliquum
3294 3603 3542 3673 effugium
3569 3605 3744 3660 faciat.

2169 3694 2298 3749 Erat
2339 3693 2439 3749 hoc
2467 3704 2639 3748 tamen
2669 3709 2803 3763 opus
2832 3710 3084 3764 perquam
3109 3693 3326 3748 difficile
3351 3736 3365 3757 ,
3395 3697 3751 3763 quemadmo-

2165 3785 2292 3838 dum
2311 3786 2423 3854 ipse
2439 3786 2598 3840 etiam
2621 3786 2946 3855 Augustinus
2961 3785 3086 3838 olitn
3113 3784 3514 3849 animadvertit,
3543 3802 3752 3856 :equan-

2169 3887 2272 3932 tem
2302 3877 2513 3946 nuptias
2543 3877 2830 3947 virginitati
2863 3875 3106 3930 refellere
3131 3917 3146 3940 ,
3193 3884 3251 3928 ut
3293 3890 3360 3930 ne
3415 3875 3542 3930 istas
3570 3893 3753 3947 repre-

2167 3967 2402 4022 hendere
2453 3967 2756 4034 videretur,
2805 3968 2892 4038 qui
2943 3969 3187 4022 meritam
3223 3968 3272 4022 ei
3303 3967 3466 4023 vellet
3519 3971 3747 4039 palmam

2163 4058 2375 4113 deferre
2415 4057 2664 4128 (Retract.
2694 4056 2807 4112 Lib.
2829 4057 2914 4112 ιι.
2937 4074 3054 4127 cap.
3080 4057 3194 4128 22).
3224 4057 3486 4112 lactatum
3539 4076 3751 4131 quoque

2167 4159 2292 4204 tunc
2336 4151 2493 4220 vulgo
2538 4151 2878 4220 (versipellis
2929 4151 3072 4206 enim
3120 4149 3409 4205 hatreticus
3439 4151 3508 4205 ita
3539 4151 3750 4208 blandis

2166 4241 2430 4296 illecebris
2457 4244 2744 4295 multorun
2776 4244 2985 4295 animos
3011 4240 3389 4313 fasciuaverat)
3435 4258 3538 4296 non
3587 4259 3748 4313 posse

2165 4331 2236 4385 illi
2263 4331 2642 4402 llierooymum
2676 4331 3004 4401 respondere
3025 4348 3138 4384 cum
3166 4331 3336 4396 laude,
3361 4333 3449 4386 sed
3473 4349 3588 4385 cum
3618 4335 3750 4387 uitu-

2164 4423 2421 4491 peratione
2460 4423 2705 4491 conjttgii.
2755 4421 2835 4475 Ad
2903 4423 3016 4476 haec
3057 4431 3380 4491 supererant
3421 4422 3696 4478 Manicttmi
3727 4466 3744 4491 ,

2162 4515 2250 4585 qui
2302 4515 2514 4585 nuptias
2557 4515 2920 4581 damnabunt,
2951 4517 3002 4570 in
3054 4531 3228 4585 eoque
3267 4515 3492 4570 multum
3522 4516 3746 4585 periculi

2163 4609 2400 4672 suberat,
2434 4622 2500 4662 ne
2530 4607 2654 4661 dum
2686 4615 2829 4662 lotus
2850 4607 2900 4661 iu
2931 4606 3262 4676 Virginitatis
3282 4607 3748 4663 commendatione

2162 4697 2218 4755 S.
2253 4699 2410 4754 Pater
2450 4708 2791 4765 versaretur,
2819 4699 3016 4752 favoris
3047 4699 3099 4752 in
3133 4699 3272 4752 lianc
3319 4709 3516 4754 sectam
3566 4701 3746 4768 suspi-

2162 4791 2370 4846 cioncnt
2413 4790 2673 4858 injiceret.

2235 4878 2318 4935 lll.
2349 4879 2491 4936 Satis
2530 4879 2664 4934 adeo
2703 4879 2836 4934 bene
2862 4895 2922 4934 ac
2950 4879 3221 4947 sapienter
3261 4879 3307 4932 si
3338 4878 3463 4948 quid
3491 4879 3658 4944 alias,
3690 4893 3750 4938 et

2162 4971 2340 5027 verbis
2365 4971 2505 5024 haud
2533 4986 2659 5025 sane
2705 4970 2888 5040 paucis
2916 4971 3032 5038 ipso
3059 4969 3177 5024 libri
3209 4968 3406 5040 prioris
3428 4970 3654 5024 exordio
3683 4975 3750 5027 ab

2161 5081 2222 5120 ea
2251 5065 2349 5118 sibi
2395 5063 2747 5134 Hieronymus
2787 5061 3092 5130 suspicione
3132 5060 3305 5126 cavit,
3357 5075 3461 5132 qua
3499 5063 3746 5131 conjugia

2161 5158 2415 5212 damnare
2454 5156 2755 5220 videretur,
2790 5153 2965 5222 palam
2996 5153 3268 5222 professus
3291 5170 3394 5209 non
3422 5157 3669 5224 ignorare
3690 5173 3749 5208 se

2161 5263 2280 5302 cum
2313 5246 2568 5316 Apostolo
2589 5286 2604 5309 ,
2630 5243 2964 5299 Honorabiles
3001 5245 3221 5315 nuptias,
3255 5255 3299 5299 et
3330 5246 3532 5300 tliorum
3567 5247 3751 5302 imma-

2159 5337 2406 5391 culatum.
2435 5335 2786 5389 Nihilominus
2807 5348 2929 5388 cum
2970 5333 3087 5388 libri
3127 5333 3273 5389 allati
3323 5344 3449 5390 sunt
3484 5336 3749 5398 Romam,

2160 5427 2315 5481 facile
2341 5424 2482 5496 quod
2511 5425 2666 5478 latius
2692 5438 2789 5494 pro
2815 5424 3112 5494 virginitate
3140 5423 3485 5490 disseruerit,
3515 5426 3750 5497 iniquior

2160 5519 2213 5572 in
2243 5516 2640 5570 matrimonium
2672 5516 2815 5569 visus
2834 5524 2938 5580 est,
2966 5525 3020 5568 et
3051 5529 3154 5569 non
3179 5530 3208 5568 a
3233 5514 3381 5568 laieis
3410 5516 3570 5569 modo
3589 5525 3750 5586 atque

2161 5607 2388 5662 indoctis
2407 5647 2423 5672 ,
2447 5605 2542 5659 sed
2571 5622 2600 5659 a
2627 5604 2849 5660 Clericis
2874 5621 3086 5677 quoque
3121 5616 3176 5660 et
3215 5606 3514 5673 monachis,
3544 5608 3749 5662 littera-

2160 5699 2332 5766 tisque
2352 5696 2653 5752 hominibus
2677 5697 2814 5752 male
2842 5697 3037 5759 audiit,
3073 5709 3242 5765 eaque
3265 5697 3462 5762 passim
3493 5711 3750 5768 aspersus

2164 5799 2246 5846 est
2273 5797 2412 5845 nota.
2444 5787 2566 5844 Fuit
2592 5789 2726 5844 inter
2762 5797 2986 5844 caeteros
3017 5785 3377 5856 rumigerulos
3411 5789 3592 5844 nescio
3623 5789 3749 5859 quis
