4004 6328
145 416 234 506 :39
1449 402 1508 454 s.
1551 396 1940 456 lilEltONYMl
1982 394 2165 451 vm.
3389 395 3458 452 βο

148 504 496 599 iitrierarchus,
531 533 626 603 qui
653 546 744 601 per
783 525 1127 595 imperitorum
1168 517 1404 582 circulos,
1431 512 1766 567 muliercula-

176 641 385 696 rumque
437 629 715 691 συμπόσια,
771 616 1054 671 adversum
1111 611 1257 665 illum
1313 605 1767 665 concionaretur,

176 720 402 790 ejusque
435 689 594 768 libros
620 713 800 764 canino
820 708 964 760 dente
985 702 1202 764 roderet,
1227 700 1487 760 laceraret,
1519 689 1769 746 convelle-

179 781 266 866 ret.
293 781 685 864 Pammachius
707 801 788 864 his
811 815 890 863 se,
913 795 1088 868 quoad
1117 793 1232 862 ejus
1261 789 1374 845 ﬁeri
1405 793 1636 857 poterat,
1669 781 1771 834 ob-

181 898 593 959 trectationibus
631 893 953 964 objiciebat,
1001 899 1056 943 et
1093 884 1332 943 convicia
1370 875 1769 946 concoquebul,

179 993 370 1064 quibus
395 990 636 1044 amicum
662 1001 815 1040 suum
841 982 1080 1037 adversa:
1113 976 1278 1048 partis
1304 973 1548 1028 homines
1581 981 1772 1023 onera-

181 1060 324 1140 bant.
363 1083 450 1137 Ad
484 1090 788 1136 extremum
818 1089 939 1130 cum
983 1082 1038 1128 et
1062 1071 1161 1126 sibi
1189 1082 1375 1138 parum
1403 1064 1486 1119 his
1511 1060 1772 1133 prolicere

179 1177 479 1238 videretur,
509 1168 838 1240 exemplaria
886 1159 1284 1233 IIieronymiani
1313 1155 1533 1226 hujusce
1561 1151 1770 1222 operis,

180 1275 377 1337 quanta
412 1263 662 1319 invenire
690 1257 881 1328 potuit,
910 1253 1280 1320 undecumque
1300 1243 1594 1316 conquisita
1615 1281 1630 1307 ,
1656 1251 1773 1295 stu-

180 1333 326 1413 diose
353 1353 650 1417 subtraxit,
669 1349 921 1418 deditque
940 1344 1006 1399 ad
1037 1344 1208 1413 ipsum
1228 1339 1605 1407 Hieronymum
1631 1333 1773 1386 litte-

182 1464 296 1512 ras,
328 1449 450 1502 sive
477 1447 815 1513 interrogans,
855 1445 913 1492 ut
947 1433 1090 1506 quod
1130 1432 1418 1486 obscurum
1460 1424 1773 1485 videbatur,

181 1541 376 1594 clarius
411 1537 766 1594 edissereret.
799 1537 858 1584 ut
883 1543 946 1582 ex
991 1522 1231 1593 Epistula
1262 1516 1493 1574 XLVIII.
1520 1515 1772 1582 colligere

181 1640 278 1693 est,
303 1629 450 1693 sive,
486 1635 544 1681 ut
570 1639 636 1679 ex
666 1615 1038 1688 subsequenti,
1057 1627 1295 1684 arguens,
1317 1607 1459 1679 quod
1481 1605 1578 1659 sibi
1600 1604 1778 1656 minus

185 1720 481 1791 placuisset
515 1733 530 1771 :
559 1713 757 1770 alicubi
799 1711 943 1765 enim
985 1720 1046 1761 se
1079 1715 1290 1775 quoque
1316 1700 1488 1768 ipsum
1517 1693 1776 1748 ollensum

186 1790 435 1867 nonnihil
461 1807 687 1861 indicat.
722 1799 952 1856 Libellos
987 1808 1200 1865 quoque
1226 1790 1557 1851 subtractus,
1589 1791 1647 1836 ut
1674 1797 1776 1835 no-

186 1905 303 1959 tatis
323 1902 468 1956 locis
496 1895 933 1955 cmendarentur,
953 1888 1018 1942 ad
1044 1899 1164 1941 eum
1196 1880 1420 1937 remisit.
1446 1876 1588 1932 Idem
1611 1873 1780 1927 ferme

188 1994 440 2065 praestitit
496 1991 773 2059 aliquanto
817 1991 937 2052 post
987 1977 1250 2040 Domnio,
1291 1971 1380 2041 qui
1429 1977 1481 2023 et
1527 1978 1782 2022 censuras

188 2055 395 2140 rabula:
452 2055 604 2150 ejus-
634 2062 882 2132 monachi
936 2067 1180 2140 superius
1225 2060 1505 2118 memorati
1547 2055 1778 2118 addidit,

188 2194 338 2247 eaque
365 2149 497 2230 loca,
525 2188 640 2246 (pitu
667 2167 968 2224 scandalum
998 2159 1297 2233 quibusdam
1339 2159 1504 2227 facere
1548 2149 1783 2204 videban-

190 2281 267 2320 tur
294 2245 546 2334 excerpta
576 2263 638 2316 de
661 2257 912 2314 volumine
939 2270 1026 2324 per
1043 2251 1270 2305 ordinem
1298 2245 1524 2314 digessit,
1549 2255 1782 2312 poscens,

189 2370 237 2413 ut
251 2359 328 2414 vel
356 2357 675 2419 emendaret,
714 2350 792 2405 uel
829 2353 1116 2412 exponeret.

252 2448 348 2505 IV.
393 2449 472 2502 'Et
524 2459 657 2499 sane
696 2439 976 2496 maluisset
1027 2435 1140 2502 ipse
1185 2431 1380 2492 etiam,
1433 2435 1489 2478 nt
1543 2421 1787 2485 videtur,

192 2543 242 2596 S.
268 2540 445 2596 Pater
476 2549 682 2591 morem
707 2529 894 2584 amicis
919 2525 1029 2579 suis
1067 2535 1251 2592 gerere
1271 2561 1283 2584 ,
1306 2526 1362 2573 et
1382 2530 1499 2586 qua:
1526 2513 1646 2567 illus
1671 2525 1789 2563 mo-

194 2633 393 2687 vebant
415 2671 432 2694 ,
470 2629 585 2681 loca
608 2623 675 2677 ad
704 2635 888 2676 eorum
924 2615 1193 2686 ingenium
1218 2608 1564 2677 interpolare.
1595 2603 1789 2657 Verum

198 2723 426 2777 minime
454 2717 506 2770 id
532 2717 646 2785 jam
689 2709 905 2774 licebat,
937 2703 1078 2776 quod
1121 2704 1277 2770 longe
1315 2699 1535 2753 nimium
1587 2694 1794 2760 lateque

198 2829 286 2883 per
324 2782 546 2866 amicos
578 2816 780 2874 perque
819 2798 1040 2854 aemulos
1087 2792 1278 2848 dill'usa
1318 2785 1630 2859 jamdudum
1677 2782 1794 2852 ejus

195 2905 386 2975 aperis
429 2894 761 2966 exemplaria
789 2889 930 2960 apud
973 2899 1164 2943 omnes
1184 2890 1387 2939 essent.
1431 2875 1791 2947 Quamobrem

196 2996 258 3051 ad
300 2988 706 3050 Pammachium
737 2982 1066 3044 rescribens,
1103 2977 1178 3031 De
1206 2973 1482 3044 apusculis,
1532 2971 1625 3036 ait,
1673 2969 1795 3023 meis

1865 509 2070 566 .Iibrum
2111 507 2255 564 hunc
2281 508 2559 575 scribens,
2602 509 2906 577 insisteret,
2957 509 3226 580 Pelagium
3257 525 3454 578 :quem

1874 610 2019 655 certe
2038 599 2300 654 .Ioviniani
2330 599 2646 668 discipulum
2672 600 2942 669 conceptis
2973 600 3146 655 verbis
3174 601 3225 655 in
3261 599 3462 654 Praefa-

1878 693 2020 746 tione
2040 691 2196 761 primi
2220 691 2270 746 in
2296 689 2582 746 Jeremiam
2617 689 3000 744 Commentarii
3021 700 3194 746 vocat.
3235 689 3460 743 Praeter-

1874 802 1966 848 eo,
1998 785 2189 853 inquit,
2233 785 2288 838 in
2326 783 2654 838 Iovinianum
2686 782 2963 842 uolumina,
3009 782 3063 834 in
3114 781 3290 851 quibus
3327 780 3462 834 dolet

1877 875 2163 948 (Pelagius
2190 877 2391 945 utique,
2427 882 2484 928 ut
2509 889 2575 928 ex
2617 872 3043 942 praecedentibus
3072 871 3276 942 liquet)
3310 871 3464 940 virgio

1876 970 2084 1022 nitatem
2106 968 2318 1037 nuptiis,
2351 975 2398 1020 et
2420 965 2623 1035 nuptias
2643 964 2898 1033 digamiw,
2940 962 3216 1031 digamiam
3246 960 3462 1031 polgga.
3501 962 3508 969 '

1877 1061 1992 1113 mite
2029 1075 2137 1112 esse
2185 1060 2474 1127 praelatum.
2525 1055 2632 1110 Nec
2669 1045 2964 1108 recordatur
2998 1051 3387 1116 stolidissimus,
3418 1060 3466 1105 et

1881 1152 2149 1207 Sco-torum
2170 1150 2389 1220 pultibus
2412 1157 2773 1219 praegravatus,
2799 1163 2892 1200 nos
2910 1147 2962 1198 in
2992 1145 3102 1214 ipso
3130 1143 3319 1197 dixisse
3341 1157 3464 1207 ope-

1879 1261 1966 1310 re,
1996 1243 2113 1297 Non
2143 1242 2339 1296 damno
2382 1241 2656 1309 digamos,
2698 1240 2805 1292 imo
2857 1251 2955 1320 qec
2994 1237 3275 1304 trigamos,
3329 1241 3384 1286 et
3421 1233 3466 1287 si

1883 1334 1996 1388 ﬁeri
2025 1341 2237 1403 potest,
2264 1339 2572 1401 octogamos
2601 1345 2616 1383 :
2648 1329 2765 1397 plus
2791 1325 2989 1396 aliquid
3017 1325 3238 1379 inferam
3261 1363 3277 1388 ,
3300 1321 3462 1376 etiam

1881 1431 2231 1478 scortatorem
2268 1422 2469 1490 recipio
2509 1419 2877 1489 pceuitentem.
2923 1413 3196 1484 Quidquid
3251 1411 3468 1482 :equali-

1882 1525 1962 1570 ter
1992 1514 2137 1578 licet,
2165 1512 2354 1582 aequali
2386 1512 2538 1564 lance
2563 1507 2894 1578 pensandum
2920 1515 3022 1559 est.
3052 1503 3211 1574 Legat
3240 1500 3468 1570 ejusdem

1882 1606 2048 1677 operis
2076 1604 2400 1674 Apologiam,
2429 1618 2582 1668 quam
2616 1609 2733 1653 ante
2759 1614 2923 1652 annos
2949 1596 3198 1664 plurimos
3225 1593 3469 1648 adversus

1883 1699 2180 1768 magistrum
2203 1697 2312 1767 ejus
2350 1693 2576 1767 gaudens
2616 1690 2782 1745 Roma
2809 1690 3026 1758 suscepit
3059 1703 3078 1741 .°
3102 1696 3149 1741 et
3190 1696 3308 1740 tunc
3349 1683 3468 1738 ani-

1883 1789 2178 1854 madvertet,
2220 1786 2399 1840 alienis
2427 1799 2480 1838 se
2509 1782 2708 1836 uocibus
2749 1779 3099 1849 blasphemare
3118 1817 3134 1843 ,
3195 1783 3300 1830 etc.
3332 1773 3470 1840 Quin

1884 1881 2045 1934 etiam
2069 1879 2208 1933 inter
2237 1876 2533 1946 Pelagiana:
2560 1874 2830 1927 lnereseos
2852 1881 3216 1940 przncursorcs
3236 1864 3473 1920 lavinia-

1885 1988 2009 2025 num
2029 1969 2082 2024 in
2105 1967 2334 2036 Prologo
2357 1963 2558 2034 Dialogi
2582 1962 2840 2017 adversus
2869 1957 3183 2028 Pelagianos
3206 1963 3471 2018 recenset,

1886 2072 1940 2116 et
1965 2061 2064 2114 sub
2093 2059 2302 2114 initium
2331 2057 2451 2111 libri
2491 2054 2655 2116 tertii,
2695 2051 2816 2105 Non
2857 2048 3127 2108 erubescis.
3161 2045 3350 2116 inquit.
3378 2060 3474 2099 ea:-

1890 2153 2086 2222 plosam
2113 2158 2262 2217 atque
2288 2147 2580 2200 damnatam
2599 2139 2860 2196 Ioviniani
2879 2139 3174 2193 sententiam
3200 2135 3379 2206 sequi?
3406 2132 3477 2187 Et

1889 2242 1977 2296 ille
2011 2240 2144 2292 enim
2177 2238 2256 2290 Itis
2314 2233 2641 2296 testimoniis,
2690 2231 2886 2297 tuisque
2913 2229 3092 2280 nititur
3125 2223 3439 2295 argumentis
3459 2262 3474 2286 ,

1891 2333 1992 2384 imo
2021 2340 2074 2384 tu
2102 2329 2240 2383 illius
2261 2327 2464 2380 inventa
2483 2323 2710 2377 sectaris.
2736 2320 2954 2375 Minime
2992 2319 3117 2373 hinc
3143 2326 3321 2370 tamen
3350 2328 3478 2368 con-

1894 2423 2062 2486 ﬁcias,
2094 2420 2257 2474 fuisse
2285 2418 2338 2471 in
2359 2413 2624 2472 Joviniani
2670 2411 2953 2480 disciplina
2989 2408 3284 2478 Pelagium,
3318 2414 3480 2474 atque

1895 2513 2036 2568 hunc
2061 2512 2155 2565 abs
2181 2509 2503 2578 Hieronymo
2531 2505 2725 2559 librum
2774 2501 3180 2571 Apologeticum
3221 2497 3479 2551 adversus

1894 2619 2014 2658 eum
2055 2600 2392 2670 potissimum
2445 2595 2630 2650 scribi.
2673 2593 2731 2649 Si
2760 2588 3180 2658 discipulus'ille
3221 2585 3480 2642 dicendus

1897 2705 2000 2755 est,
2043 2692 2132 2762 qui
2164 2688 2487 2746 sententiam
2523 2683 2751 2751 alicuius
2777 2682 3007 2750 aliquam
3051 2687 3212 2747 atque
3233 2692 3299 2731 ex
3331 2683 3479 2746 parte

1896 2781 2256 2851 amplectitur,
2287 2776 2611 2847 quicumque
2648 2771 2841 2827 litteris
2886 2769 3076 2824 damus
3108 2781 3325 2838 Operam
3345 2778 3484 2828 ,λειο-

1897 2874 1992 2937 slri
2022 2872 2250 2928 invicem
2289 2867 2534 2936 discipuli
2573 2877 2778 2919 sumus.
2808 2861 2912 2917 Sed
2941 2861 3076 2916 bene
3101 2857 3341 2928 proiecto
3371 2862 3475 2920 est,

1897 2963 2039 3035 quod
2085 2979 2152 3018 ex
2191 2959 2405 3016 laudato
2450 2957 2569 3010 loco
2595 2953 2978 3022 intelligimus,
3029 2949 3194 3003 multo
3228 2947 3390 3002 fuisse
3417 2944 3478 3000 S.

1901 3055 2186 3108 Doctorem
2217 3049 2440 3104 meliore
2471 3046 2680 3100 fortuna
2705 3058 2857 3098 usum
2886 3043 2937 3094 in
2970 3039 3072 3094 hoc
3096 3033 3484 3093 conscribendo

1901 3146 2076 3209 libro,
2115 3156 2272 3212 quem
2316 3139 2538 3211 gaudens
2590 3134 2756 3190 Roma
2801 3133 3058 3199 suscepit,
3097 3139 3152 3184 et
3197 3143 3304 3197 quo
3349 3124 3486 3180 adeo

1903 3251 2090 3292 omnes
2126 3236 2399 3302 inSpersos
2449 3229 2601 3285 libris
2645 3235 2832 3283 contra
2874 3218 3213 3279 Jovinianiuu
3268 3232 3482 3281 nzevos,

1903 3341 2092 3382 omnes
2111 3323 2540 3379 adversariorum
2567 3318 2862 3374 calumnias
2877 3313 3112 3370 sustulit.
3139 3310 3277 3366 Nihil
3302 3322 3486 3362 revera

1906 3435 1970 3475 ex
1999 3417 2082 3472 bis
2125 3417 2272 3470 libris
2292 3456 2306 3479 ,
2334 3413 2474 3484 quod
2523 3411 2899 3465 criminaretur
2920 3446 2934 3470 ,
2961 3405 3204 3460 llnllinus
3241 3401 3490 3470 excepit,

1907 3509 1996 3578 qui
2043 3507 2243 3562 nullam
2285 3519 2392 3558 non
2454 3503 2782 3570 Hieronymo
2833 3495 3151 3551 detrahendi
3196 3507 3381 3548 ansam
3421 3504 3490 3546 ex

1909 3601 2026 3669 ejus
2054 3597 2266 3652 cmlcris
2307 3594 2478 3649 ferme
2509 3592 2760 3646 omnibus
2799 3589 3014 3657 scriptis
3057 3585 3214 3640 avide
3243 3581 3491 3651 arripuit.

1911 3693 2186 3751 Alterum,
2235 3685 2390 3756 cujus
2446 3683 2513 3736 ab
2561 3682 2654 3736 illo
2693 3679 2999 3734 testimonio
3046 3675 3491 3736 admoneremus,

208 3274 406 3345 profuit
436 3272 534 3323 ista
555 3264 838 3335 diligentia,
867 3276 984 3314 cum
1019 3255 1268 3328 aliquanti
1291 3269 1354 3308 ea:
1399 3249 1532 3306 Urbe
1550 3247 1799 3301 uenientes

209 3365 336 3419 inihi
373 3361 550 3416 eadem
588 3357 892 3415 lectitarent,
915 3364 1029 3420 quae
1054 3364 1107 3402 se
1137 3347 1314 3401 Romae
1333 3341 1583 3412 excepisse
1609 3338 1798 3404 refere-

213 3459 354 3511 bant.
386 3453 454 3507 ln
476 3454 574 3506 hac
593 3461 787 3520 quoque
819 3441 1088 3496 Prouincia
1115 3438 1227 3508 jam
1255 3435 1370 3490 libri
1411 3436 1609 3503 fuerant
1637 3425 1801 3480 diuul-

216 3549 341 3619 gati,
374 3556 420 3600 et
463 3553 517 3596 ut
542 3517 650 3610 ipse
673 3536 858 3608 legisti,
891 3533 1068 3588 Nescit
1097 3545 1194 3584 vox
1225 3528 1384 3581 missa
1430 3521 1647 3578 reverti.
1682 3517 1803 3571 Non

219 3608 329 3692 sum
369 3645 528 3690 tantte
564 3608 842 3699 felicitatis,
889 3632 1091 3695 quantae
1120 3619 1342 3688 plerique
1381 3615 1536 3684 hujus
1565 3608 1805 3678 temporis

222 3728 562 3786 Tractatores,
594 3729 649 3774 ut
671 3733 832 3788 nugas
857 3729 992 3769 meas
1019 3710 1222 3781 quando
1249 3706 1510 3768 voluerim,
1541 3688 1808 3756 emendare

223 3821 430 3891 possim.
465 3813 655 3872 Statim
694 3820 746 3864 ut
772 3807 964 3877 aliquid
991 3805 1259 3872 scripsero,
1305 3807 1395 3852 aut
1419 3804 1670 3849 amatores
1691 3790 1805 3853 mei,

223 3882 305 3970 unt
332 3912 517 3974 invidi,
537 3910 732 3963 diverso
760 3901 962 3972 quidem
986 3896 1175 3957 studio,
1207 3892 1295 3946 sed
1323 3889 1434 3958 puri
1461 3884 1734 3941 certamine
1754 3882 1809 3934 in

223 4007 402 4076 vulgus
433 4011 609 4056 nostra
651 3993 997 4052 disseminant,
1026 3997 1076 4041 et
1120 3982 1271 4041 veLin
1301 3979 1468 4041 laude,
1501 3976 1578 4029 vel
1602 3975 1652 4028 in
1682 3973 1812 4026 vitu-

227 4069 488 4169 peratione
524 4090 665 4144 nimii
706 4095 841 4148 sunt,
871 4097 972 4136 non
999 4077 1228 4133 meritum
1266 4072 1392 4136 stili,
1414 4069 1500 4124 sed
1522 4083 1668 4122 suum
1702 4073 1812 4118 sto-

228 4154 464 4241 inaclntm
519 4187 796 4248 sequentes.
846 4172 1028 4241 Itaque
1081 4166 1214 4238 quod
1262 4163 1424 4218 solum
1468 4163 1630 4231 facere
1673 4154 1816 4227 potui

230 4272 612 4345 Apologeticum
636 4265 794 4337 ipsius
820 4261 987 4330 aperis
1014 4259 1101 4313 tibi
1128 4262 1486 4327 προσφώνησα,
1526 4265 1674 4320 quem
1701 4261 1816 4300 cum

233 4344 408 4438 legeris
433 4365 544 4432 ipse
567 4375 660 4426 pro
689 4355 830 4410 nobis
867 4350 1189 4421 satisfacies;
1215 4359 1302 4399 aut
1344 4344 1389 4399 si
1429 4353 1483 4394 tu
1509 4355 1702 4409 quoque
1723 4353 1817 4390 ua-

233 4429 335 4514 rein
374 4429 722 4514 contraxeris,
772 4446 915 4501 illum
952 4440 1183 4512 Apostoli
1228 4447 1510 4507 περιωπήν,
1540 4435 1595 4486 in
1631 4447 1730 4502 qua
1755 4429 1818 4484 de

233 4549 520 4620 virginitate
533 4555 579 4598 et
598 4541 786 4610 nuptiis
801 4538 1046 4607 disputat,
1064 4531 1211 4584 aliter
1227 4530 1469 4582 disserere
1484 4541 1592 4578 cam
1599 4522 1816 4591 pelleris.

238 4613 328 4697 Adv
368 4637 724 4694 Domnionem
766 4643 978 4699 quoque
1012 4625 1081 4681 de
1123 4621 1388 4678 maledico
1431 4618 1524 4672 illo
1558 4613 1821 4670 monacho

240 4734 464 4802 loquens
487 4770 502 4794 ,
532 4725 736 4794 Utique,
763 4723 857 4784 ait,
887 4719 930 4773 si
971 4731 1138 4771 errare
1164 4729 1243 4767 me
1262 4712 1535 4765 arbitratus
1565 4716 1704 4761 est...
1729 4705 1822 4758 de-

243 4795 344 4876 buit
370 4822 446 4876 vel
475 4832 710 4889 arguere,
739 4812 815 4866 vel
843 4811 1154 4878 interrogare
1197 4820 1286 4874 per
1331 4801 1502 4854 literas
1531 4813 1550 4852 :
1575 4795 1710 4866 quod
1751 4796 1826 4849 uir

241 4915 463 4970 eruditus
491 4919 539 4966 et
565 4906 747 4962 nobilis
771 4903 886 4975 fecit
911 4896 1288 4960 Pammachius,
1309 4893 1392 4946 cui
1419 4905 1508 4961 ego
1529 4891 1824 4954 ἆπιλόνισά-

244 5031 353 5074 μην,
379 5004 434 5058 ut
459 5000 620 5074 potui,
654 5006 702 5052 et
731 4994 962 5066 Epistola
997 4988 1214 5046 disserui
1248 4985 1489 5055 longiore,
1513 4995 1612 5050 quo
1641 4994 1826 5033 unum-

246 5069 477 5167 quodque
501 5106 655 5148 sensu
682 5087 918 5142 dixerim.
945 5081 1205 5138 Nimirum
1233 5091 1335 5147 qua
1372 5071 1626 5144 praecedit
1652 5069 1830 5140 proxi-

250 5205 353 5255 me,
366 5197 421 5242 et
441 5195 670 5240 numero
688 5175 898 5234 XLVIII
911 5175 964 5231 in
981 5171 1295 5230 recensione
1312 5174 1490 5222 nostra
1511 5168 1833 5233 przenotatur

249 5281 312 5334 ad
339 5250 757 5333 Pammachium
787 5267 1022 5338 Epistula
1048 5267 1396 5328 ἀπελονίσοιτο.
1431 5257 1545 5310 sive
1579 5269 1706 5308 suos
1738 5250 1835 5306 de.

251 5372 416 5428 tendit
439 5377 630 5426 contra
656 5363 995 5421 Iovinianum
1027 5358 1215 5420 libros,
1233 5367 1298 5407 eo
1329 5349 1544 5406 nomine
1568 5344 1837 5400 traductos

254 5462 514 5517 invidiose
541 5457 611 5513 ab
636 5452 865 5517 aemulis,
895 5447 1037 5520 quod
1069 5445 1264 5500 nimius
1296 5442 1348 5495 in
1373 5433 1838 5494 commendatione

257 5549 612 5622 Virginitatis,
635 5543 868 5614 iniquior
888 5541 941 5594 in
963 5536 1175 5606 nuptias
1197 5533 1264 5588 sit
1283 5531 1448 5585 visus.
1471 5529 1542 5582 Ea
1568 5525 1636 5581 de
1679 5538 1839 5580 causa

257 5619 416 5699 etiam
448 5639 599 5694 Liber
637 5631 992 5704 Apologeticus
1032 5625 1320 5694 inscriptus
1357 5629 1460 5676 est.
1501 5619 1639 5673 Sunt
1664 5625 1843 5671 autem

258 5733 350 5805 qui
394 5731 596 5796 velint,
649 5726 814 5780 luisse
859 5721 929 5777 de
961 5718 1380 5775 obtrectatorum
1427 5711 1547 5782 ejus
1586 5723 1840 5774 numero,

260 5801 316 5882 in
335 5836 505 5897 quem
528 5815 800 5893 pracipue
825 5819 1003 5872 mente
1031 5817 1189 5881 atque
1215 5804 1413 5875 animo,
1441 5801 1843 5875 Apologeticum

1914 3780 2166 3849 temporis
2186 3788 2312 3832 nota
2356 3783 2458 3839 est,
2486 3772 2668 3841 juncta
2700 3785 2876 3825 rerum
2909 3781 3042 3837 quas
3068 3766 3324 3820 hactenus
3349 3763 3496 3817 edis-

1912 3873 2141 3927 serimus
2190 3867 2431 3922 historia.
2463 3863 2595 3918 Nam
2622 3864 2770 3930 ipsos
2799 3860 3012 3929 quidem
3052 3868 3237 3911 contra
3263 3853 3502 3909 Juvinia-

1916 3981 2041 4020 num
2073 3962 2240 4016 libros
2282 3972 2422 4011 ωιηο
2448 3955 2573 4016 395,
2599 3962 2690 4006 aut
2728 3954 2973 4020 proxime
2999 3947 3276 4016 superiore
3297 3943 3365 4000 ad
3388 3942 3505 3998 exi-

1918 4066 2026 4110 tum
2053 4058 2304 4122 vergenle
2330 4048 2492 4102 fuisse
2513 4042 2849 4099 elucubratus
2868 4081 2884 4106 ,
2909 4039 3040 4093 nihil
3074 4047 3158 4093 est
3181 4035 3419 4090 dubium.
3445 4031 3504 4088 ιὰ

1919 4162 2018 4202 nos
2043 4161 2109 4199 ex
2137 4158 2203 4198 eo
2228 4139 2426 4196 dudum
2449 4137 2726 4196 evicimus,
2749 4132 2890 4203 quod
2916 4131 3134 4184 minime
3159 4130 3293 4183 istos
3319 4139 3506 4180 recen-

1918 4244 2033 4291 seat
2054 4235 2105 4288 in
2132 4245 2350 4288 suarum
2374 4225 2801 4282 lucubrationum
2839 4220 3114 4289 Catalugu,
3148 4231 3307 4288 quem
3325 4215 3391 4270 ad
3411 4230 3507 4269 an.

1920 4343 2045 4386 num
2069 4339 2234 4395 usque
2251 4320 2378 4387 592,
2403 4317 2687 4375 Theodosii
2713 4313 2972 4382 Principis
2991 4312 3506 4378 decimumquartum

1921 4417 2201 4489 produxit,
2256 4420 2518 4468 memoret
2554 4422 2684 4464 vero
2738 4406 2792 4459 iu
2831 4404 2951 4458 aliis
2995 4403 3180 4466 libris,
3240 4409 3507 4468 tamquam

1924 4511 2166 4583 proxime
2193 4507 2260 4561 ab
2287 4505 2380 4559 illo
2399 4503 2710 4557 adornatos.
2741 4495 2961 4563 Scripsi,
3001 4493 3171 4560 inquit
3218 4491 3269 4543 in
3309 4491 3507 4543 Praela-

1927 4606 2068 4659 tiune
2091 4596 2610 4658 Commentariorum
2646 4592 2698 4645 in
2735 4589 2946 4652 Jonam,
2976 4584 3156 4638 librum
3182 4582 3246 4636 de
3273 4579 3406 4634 Viris
3428 4577 3510 4634 Il-

1926 4698 2185 4763 lustribus,
2215 4703 2261 4748 et
2290 4693 2554 4746 adversum
2574 4682 2904 4738 Joviniannm
2941 4678 3043 4731 duo
3071 4677 3352 4739 uolumina,
3375 4675 3514 4754 4pc-

1928 4791 2196 4861 logeticum
2223 4797 2420 4855 quoque
2443 4820 2458 4845 ,
2506 4786 2554 4833 et
2584 4776 2646 4830 de
2694 4772 2901 4844 Optimo
2937 4785 3116 4842 genere
3153 4763 3514 4834 interpretandi
3580 4813 3584 4816 η

1929 4853 2000 4938 ad
2027 4853 2436 4932 Pammachium.
2467 4870 2636 4924 Porro
2656 4879 2724 4919 ne
2740 4863 2917 4918 statim
2955 4875 2985 4914 a
3015 4859 3165 4913 libris
3203 4865 3388 4912 contra
3415 4853 3514 4910 Jo-

1932 4971 2201 5026 vinianum
2244 4972 2400 5036 putes
2437 4957 2801 5027 conscriptum
2849 4949 3294 5022 Apologeticum,
3336 4952 3520 5002 mouet

1933 5060 2188 5132 Epistula,
2203 5035 2322 5128 quae
2341 5053 2462 5108 huic
2473 5051 2656 5122 juncta
2674 5059 2778 5112 est,
2798 5041 2984 5099 XLIX.
3009 5039 3075 5096 ad
3097 5035 3519 5100 Pammachium,

1935 5129 2190 5224 quantum
2241 5141 2601 5201 intercesserit
2661 5135 2919 5208 temporis
2975 5129 3345 5193 intervallum,
3398 5139 3521 5180 cum

1937 5245 2026 5300 diu
2067 5258 2128 5311 se
2150 5242 2225 5294 ait
2252 5238 2311 5293 S.
2338 5236 2494 5290 Pater
2514 5229 2762 5302 querelas
2788 5224 3104 5282 azmulorum
3135 5216 3519 5274 dissimulasse.

1941 5309 2170 5406 suosque
2197 5333 2267 5386 ita
2293 5330 2450 5384 latius
2495 5324 2792 5393 divulgatos
2835 5319 3022 5382 libros,
3075 5324 3129 5367 ut
3173 5309 3422 5382 aliquanti
3463 5321 3527 5362 ea:

1948 5427 2082 5484 Urbe
2117 5424 2362 5480 venientes
2398 5418 2494 5473 sibi
2529 5416 2957 5478 lectitarent,qute
2985 5407 3160 5462 Romae
3178 5399 3430 5472 excepisse
3447 5413 3527 5450 re-

1949 5521 2192 5594 ferebant.
2215 5518 2340 5574 Haec
2387 5512 2539 5569 nobis
2586 5511 2740 5565 unius
2788 5504 3004 5561 circiter
3051 5499 3178 5554 anni
3227 5486 3528 5550 intermedii

1949 5580 2177 5686 spatium
2225 5610 2458 5666 indicare
2504 5605 2614 5659 visa
2647 5609 2791 5664 sunt,
2833 5597 3074 5663 adeoque
3103 5589 3186 5645 vel
3229 5586 3297 5642 ad
3349 5580 3530 5650 hujus-

1951 5672 2062 5762 inet
2110 5702 2236 5760 anni
2279 5700 2386 5756 393
2437 5696 2618 5759 ﬁnem,
2646 5691 2732 5748 vel
2783 5684 3113 5755 insequentis
3159 5678 3368 5734 initium
3391 5672 3534 5762 upo-

1957 5795 2242 5867 logeticum
2301 5791 2442 5866 hunc
2489 5785 2680 5842 librum
2727 5777 2960 5834 diximus
3005 5785 3128 5828 esse
3153 5761 3529 5836 referendum.
