4052 6338
525 461 677 516 ﬂnnc
721 458 961 525 proxime
1006 453 1073 510 ad
1105 455 1456 510 Domnionem
1505 452 1741 522 Epistula
1770 460 1949 507 secuta
1991 459 2094 505 est.

595 551 658 606 ν.
688 550 796 606 Sed
833 559 888 604 et
914 548 1048 603 alias
1072 562 1170 617 per
1197 546 1338 602 idem
1373 555 1580 614 tempus
1608 542 1870 613 Epistolas
1907 543 1971 596 ad
2001 557 2098 596 va-

520 644 630 697 rios
667 641 833 696 dedit.
874 640 1071 695 Harum
1113 655 1214 693 una
1254 646 1336 692 est
1379 635 1580 691 XLVII.
1627 635 1693 690 ad
1732 633 2093 698 Desiderium,

521 748 678 802 quam
710 741 765 786 et
790 732 944 800 paulo
973 741 1098 785 ante
1119 730 1370 798 scriptam
1397 727 1785 789 existimamus,
1809 738 1968 793 qnam
1988 734 2100 794 sty-

521 822 630 876 lum
658 832 842 876 contra
870 820 1206 876 Iovinianum
1233 826 1465 874 acueret.
1504 817 1600 870 llic
1626 827 1803 870 autem
1837 816 1926 868 ille
1955 815 2092 866 idem

403 933 409 938 ·
523 914 732 968 videtur
760 913 1068 983 Presbyter,
1101 925 1258 981 quem
1289 911 1418 964 olim
1460 909 1725 970 diximus,
1766 907 1862 960 abs
1906 905 2096 958 lliero-

520 1022 684 1076 nymo
726 1007 942 1076 petiisse
963 1047 979 1072 ,
1011 1013 1064 1058 ut
1089 1006 1382 1073 transferret
1420 1003 1472 1055 in
1507 1000 1740 1054 Latinam
1780 1001 2006 1069 linguam
2035 997 2099 1050 de

523 1096 741 1152 Hebraeo
767 1112 994 1152 sermone
1026 1094 1422 1150 Pentateuchum
1443 1135 1459 1160 ,
1491 1101 1546 1146 ct
1568 1093 1651 1146 cui
1682 1107 1738 1146 re
1764 1092 1875 1160 ipsa
1907 1090 1959 1144 in
1986 1087 2096 1143 Ge-

520 1189 692 1242 nesim
721 1186 969 1242 Praelatio
997 1186 1318 1270 ins‘rihitur.
1349 1183 1483 1239 Cum
1517 1183 1698 1237 Romae
1728 1197 1825 1252 per
1854 1181 2095 1236 occasio-

520 1291 644 1331 nem
671 1277 853 1331 neseio
881 1291 1038 1346 quam
1063 1283 1386 1337 versaretur,
1415 1273 1592 1327 denuo
1617 1271 1674 1327 S.
1700 1271 1982 1326 Doctorem
2009 1284 2098 1323 ro-

523 1367 697 1438 gavit,
741 1375 800 1421 ut
840 1379 1060 1422 suorum
1090 1381 1312 1436 operum
1352 1365 1656 1435 exemplum
1690 1364 1756 1418 ad
1796 1378 1855 1418 se
1882 1361 2096 1432 aliquod

523 1457 777 1511 mitteret.
809 1457 902 1512 Cui
931 1467 1113 1511 noster
1142 1456 1437 1526 respondit.
1471 1457 1681 1510 nescire
1708 1469 1796 1517 se,
1829 1467 1950 1508 cum
1979 1454 2096 1508 vul-

521 1556 638 1618 gata
663 1547 772 1615 jam
816 1546 1068 1617 pleraque
1095 1547 1276 1601 omnia
1305 1557 1520 1607 essent,
1568 1545 1696 1614 quid
1735 1545 2004 1608 mitteret,
2035 1560 2099 1597 ne

520 1636 693 1690 eadem
716 1641 931 1706 fortasse
954 1637 1193 1700 mitteret,
1217 1653 1329 1703 qua:
1341 1638 1454 1707 jam
1481 1636 1702 1691 haberet.
1731 1635 1946 1690 Librum
1969 1648 2097 1688 vero

519 1726 587 1780 de
615 1725 973 1797 Scriptoribus
1004 1726 1395 1782 Ecclesiasticis
1425 1737 1638 1792 monet,
1676 1735 1732 1780 ut
1777 1724 1916 1794 apud
1958 1724 2096 1778 Mar-

517 1815 746 1881 cellam,
777 1825 868 1870 aut
899 1817 1248 1872 Domnionem
1277 1817 1445 1886 legat,
1479 1815 1540 1869 In
1569 1818 1715 1886 cujus
1741 1831 1851 1880 me,
1887 1815 2092 1883 inquit,

517 1904 658 1959 calce
693 1906 958 1961 voluminis
1001 1907 1146 1976 quasi
1173 1907 1452 1961 abortivum
1494 1917 1540 1960 et
1570 1907 1833 1960 minimum
1873 1906 2096 1960 omnium

519 1995 920 2050 Christianorum
947 1998 1092 2064 posui
1117 2037 1132 2060 ,
1163 1998 1249 2050 ubi
1278 1997 1399 2050 mihi
1426 2013 1624 2051 necesse
1651 1999 1746 2068 fuit
1773 2013 1926 2065 usque
1952 1995 2091 2050 XIV.

518 2103 707 2141 annum
733 2086 1005 2141 Theodosii
1036 2086 1294 2157 Principis
1319 2102 1434 2158 qua
1457 2088 1744 2155 scripserim
1773 2089 1984 2142 breviter
2009 2086 2096 2140 ad-

516 2188 694 2234 notare
726 2194 744 2234 :
780 2196 927 2251 quem
968 2181 1150 2234 librum
1195 2197 1309 2233 cum
1351 2197 1384 2233 a
1432 2180 1738 2249 supradictis
1781 2179 2090 2250 sumpseris,

515 2270 763 2340 quidquid
791 2272 856 2325 de
881 2271 1047 2324 indice
1083 2272 1249 2326 minus
1275 2271 1528 2332 habueris,
1561 2270 1808 2341 paulatim
1837 2272 1989 2324 scribi
2017 2272 2096 2340 fa-

517 2360 681 2424 ciam,
708 2360 752 2414 si
775 2361 1012 2414 volueris.
1041 2359 1181 2415 Nihil
1211 2369 1468 2429 pra-terea
1498 2359 1566 2414 dc
1597 2361 1744 2414 libris
1776 2361 1826 2414 in
1858 2360 2096 2416 Jovinia-

519 2466 680 2516 num,
726 2463 816 2504 aut
858 2451 926 2506 de
965 2451 1315 2522 Apologctieo
1355 2466 1453 2519 pro
1498 2452 1563 2504 iis
1605 2452 1848 2519 adjecit:
1881 2467 1946 2505 ex
1989 2465 2096 2522 quo

517 2542 771 2609 colligere
814 2557 920 2595 non
970 2541 1238 2594 immerito
1283 2541 1438 2604 licet,
1491 2541 1724 2595 nondum
1773 2542 1890 2596 Iure
1931 2541 2096 2597 fuisse

516 2631 773 2699 opuscula
799 2631 1105 2686 elucubrata
1133 2649 1146 2684 :
1180 2632 1387 2686 tametsi
1417 2631 1530 2686 lieri
1564 2631 1819 2700 potuisse,
1853 2647 1958 2686 non
1989 2631 2096 2686 dil-

519 2724 767 2788 lltetnur,
799 2732 858 2776 nt
899 2722 1012 2777 haec
1038 2722 1235 2778 habere
1270 2723 1379 2792 jam
1404 2723 1543 2793 apud
1573 2739 1664 2788 se,
1696 2733 1880 2794 utpote
1907 2738 2096 2779 recens

518 2813 736 2882 scripta,
760 2823 815 2869 et
837 2829 956 2878 qua:
976 2815 1206 2869 Inarime
1229 2814 1411 2868 Romae
1433 2815 1485 2868 in
1507 2816 1744 2870 omnium
1774 2831 1869 2870 ore
1890 2824 2091 2884 essent,

516 2907 741 2962 suismet
768 2907 937 2960 literis
963 2906 1338 2976 signiﬁcaverit
1360 2907 1662 2962 Desiderius
1683 2949 1699 2974 ,
1731 2923 1956 2978 quorum
1997 2923 2094 2963 oc-

516 2999 735 3053 casione
776 2998 880 3052 alia
920 2997 1016 3053 abs
1059 2997 1388 3070 Hieronymo
1440 3008 1662 3069 peteret.
1696 2999 1826 3056 Utut
1856 3016 1986 3056 vero
2037 3015 2095 3056 se

517 3102 605 3143 res
632 3088 899 3154 habuerit,
933 3104 1106 3159 neque
1127 3099 1250 3144 ante
1275 3104 1473 3145 annum
1504 3092 1626 3157 595,
1663 3107 1832 3163 neque
1863 3101 1982 3162 post
2009 3093 2093 3146 in-

519 3191 831 3252 sequentem
859 3181 1036 3236 datam
1069 3183 1204 3238 ltanc
1233 3183 1397 3237 fuisse
1439 3182 1729 3252 Epistulam
1749 3226 1764 3250 ,
1811 3199 2096 3255 argumen-

519 3281 632 3326 tum
661 3271 762 3326 hoc
793 3271 964 3342 ipsum
985 3314 1000 3338 ,
1035 3283 1280 3344 totusque
1305 3275 1440 3330 ordo
1470 3290 1648 3329 rerum
1683 3276 1985 3344 persuadet.

590 3363 678 3419 Vl.
705 3365 810 3421 Sed
835 3367 1015 3435 utique
1040 3366 1368 3436 insequenti,
1393 3367 1506 3422 sive
1525 3382 1666 3421 anno
1691 3368 1816 3430 594.
1840 3383 1934 3424 sex
1961 3369 2094 3425 alias

521 3455 786 3523 Epistolas
828 3457 972 3510 credi
1015 3456 1084 3511 ab
1113 3456 1439 3529 Hieronymo
1467 3458 1724 3528 scriptas,
1754 3473 1852 3527 par
1879 3467 1980 3513 est.
2012 3458 2093 3514 Ex

519 3546 604 3600 bis
641 3544 858 3614 praefert
895 3547 1056 3601 etiam
1089 3550 1270 3602 nescio
1294 3562 1451 3618 quam
1478 3548 1649 3603 artatis
1689 3549 2092 3618 praerogativam

518 3638 952 3708 quinquagesima
984 3639 1165 3709 quinta
1209 3639 1277 3694 ad
1318 3639 1617 3695 Amandum
1657 3640 2090 3711 Burdigalensem

517 3727 896 3798 Presbyterum
923 3738 1104 3799 postea
1132 3729 1454 3800 Episcopum
1475 3771 1490 3796 ,
1525 3731 1577 3785 in
1607 3746 1709 3801 qua
1739 3730 1906 3785 tribus
1931 3730 1998 3785 ab
2027 3745 2093 3786 eo

517 3820 808 3890 propositis
835 3836 898 3875 ex
930 3835 1068 3875 novo
1089 3821 1432 3876 Testamento
1461 3822 1842 3892 quaestionibus
1872 3837 2093 3892 respon-

515 3907 640 3976 det,
679 3919 842 3979 atque
865 3911 941 3966 illi
968 3919 1249 3981 praeterea,
1279 3926 1438 3982 quam
1481 3913 1680 3982 reperit
1703 3911 2008 3982 adjunctam
2037 3913 2090 3967 in

516 4003 666 4059 brevi
691 4003 964 4070 chartula,
1000 4003 1184 4060 Utrum
1219 4005 1420 4069 mulier,
1457 4005 1631 4060 relicto
1659 4007 1766 4059 viro
1791 4005 2021 4059 adultero
2045 4014 2092 4059 et

517 4096 796 4162 sodontita,
823 4105 870 4150 et
895 4097 998 4150 alia
1026 4113 1115 4166 per
1138 4098 1236 4150 vim
1260 4108 1485 4168 accepto,
1527 4101 1684 4167 possit
1713 4099 1902 4168 absque
1928 4098 2090 4168 pani-

519 4188 676 4242 tentia
703 4189 1070 4242 communicare
1111 4187 1377 4254 Ecclesiae,
1407 4190 1595 4242 vivente
1633 4189 1799 4243 adhuc
1827 4205 1915 4254 eo,
1947 4205 2093 4257 quem

519 4280 660 4347 prius
699 4278 990 4350 reliquerat.
1019 4277 1306 4332 Enimvero
1339 4277 1480 4348 quod
1520 4278 1636 4347 ejus
1675 4279 1870 4332 nullam
1908 4279 2094 4348 inICa-

518 4371 696 4442 talogo
735 4368 1060 4424 mentionem
1099 4367 1287 4428 faciat”,
1341 4368 1679 4422 manifestum
1705 4377 1817 4434 est,
1850 4376 1971 4438 post
1997 4384 2094 4423 an-

517 4478 644 4517 nnm
672 4461 797 4527 392,
824 4475 931 4532 quo
961 4459 1096 4515 liber
1121 4459 1212 4514 ille
1234 4457 1431 4529 prodiit
1457 4458 1508 4512 in
1537 4458 1738 4519 lucem,
1768 4455 1905 4513 hanc
1933 4457 2095 4514 fuisse

517 4553 916 4616 elucubratam;
947 4567 1117 4623 neque
1142 4551 1284 4607 enim
1317 4549 1608 4620 Epistolam
1638 4549 1803 4617 tanti,
1833 4559 1887 4603 et
1915 4563 2096 4604 saera-

518 4660 636 4698 rntn
655 4642 884 4697 maxime
900 4643 1170 4698 literarum
1191 4642 1538 4713 esegetieam,
1571 4642 1781 4697 caeteris
1807 4656 2095 4699 accensere

520 4735 968 4805 prmtermisisset.
1008 4735 1122 4788 Alia
1151 4750 1216 4789 ex
1245 4745 1430 4804 parte,
1471 4751 1632 4806 quum
1671 4734 1724 4789 in
1766 4735 1920 4790 tertia
1949 4749 2096 4804 qure-

519 4825 694 4880 stione
738 4822 918 4897 (quam
964 4823 1131 4894 aliqui
1166 4824 1378 4878 codices
1420 4825 1642 4880 alteram
1698 4823 1766 4879 ad
1792 4823 2094 4879 Amandum

521 4914 819 4986 Epistolam
846 4915 1170 4986 inscribunt)
1191 4913 1260 4970 de
1277 4929 1560 4984 corporum
1579 4915 1974 4970 resurrectione
1995 4915 2097 4969 dis~

519 5014 732 5076 putans,
761 5004 931 5076 deque
959 5020 1140 5074 sensu,
1165 5021 1272 5077 quo
1300 5005 1544 5062 Christus
1593 5006 1700 5062 Deo
1723 5006 1867 5062 Patri
1893 5007 2092 5074 omnia,

519 5097 919 5166 seqnevtandem
947 5099 1118 5168 ipsum
1159 5097 1356 5154 dicitur
1383 5097 1741 5168 subjecturus,
1774 5098 1842 5152 ita
1874 5107 2094 5154 senten-

521 5190 649 5244 tiam
673 5205 821 5245 suam
845 5191 1098 5260 explicet,
1123 5199 1180 5246 ut
1199 5191 1264 5246 ad
1289 5191 1544 5247 lubricam
1566 5190 1812 5263 Origenis
1832 5192 2097 5264 interpre-

519 5281 776 5336 tationem
806 5281 1046 5337 videatur
1073 5283 1350 5350 accedere,
1381 5285 1510 5340 satis
1539 5283 1820 5340 manifesto
1850 5294 2091 5356 apparet,

520 5368 656 5425 hanc
680 5381 837 5425 antea
867 5370 1098 5428 dictasse
1117 5413 1132 5438 ,
1165 5389 1323 5444 quam
1364 5389 1423 5430 se
1453 5375 1503 5430 in
1533 5374 1816 5447 Origenem
1844 5377 2096 5434 adversa-

517 5461 656 5515 rium
687 5461 1008 5527 intenderet,
1042 5473 1164 5533 post
1192 5464 1475 5536 Epiphanii
1501 5466 1750 5522 videlicet
1780 5467 2087 5537 adventum,

517 5551 584 5606 de
607 5565 716 5623 quo
741 5567 866 5609 mox
895 5554 1000 5610 erit
1025 5554 1236 5610 dicendi
1260 5555 1426 5625 locus,
1458 5566 1618 5629 atque
1643 5557 1779 5614 adeo
1802 5560 1943 5615 circa
1967 5561 2091 5614 anni

518 5645 622 5699 3M
652 5645 905 5700 medium.
947 5646 1200 5720 Beliquas
1222 5664 1382 5720 porro
1409 5665 1503 5720 per
1523 5650 1770 5706 eumdem
1795 5651 1937 5707 hunc
1957 5652 2092 5707 dixi-

521 5753 642 5797 mus
665 5744 920 5814 temporis
960 5753 1185 5804 tractum
1223 5747 1490 5837 scriptas:
1523 5748 1667 5807 illam
1689 5791 1704 5820 ,
1737 5749 1950 5821 inquam
1979 5789 1994 5818 ,
2025 5748 2092 5803 ad

1793 338 1850 392 S.
1893 333 2268 392 IIIEBONYMI
2313 330 2486 393 VITA.

3716 344 3792 400 02

2205 447 2560 518 Nepotianum
2585 453 2654 508 de
2675 453 2998 509 Clerieorum
3023 465 3148 521 vna,
3181 456 3413 523 doctam,
3450 457 3591 513 Deus
3619 457 3783 522 bone,

2208 553 2262 597 et
2292 542 2607 598 laboriosam
2649 545 2980 616 Epistolam,
3026 550 3177 618 cujus
3215 550 3329 620 ipse
3375 567 3570 605 annum
3615 553 3790 608 veluti

2206 631 2372 702 digito
2397 635 2497 688 sub
2536 633 2692 690 linem
2725 647 2893 705 notat,
2922 639 3010 693 ubi
3049 639 3162 704 ait,
3191 639 3408 710 Coegisti
3433 657 3530 702 me,
3555 643 3789 708 lapidato

2196 722 2312 792 jam
2339 725 2638 795 virginitatis
2659 725 2873 790 Libello,
2897 745 3045 799 quem
3073 729 3136 784 S.
3161 729 3435 785 Eustochio
3460 731 3640 786 Ruina:
3656 733 3790 787 scri-

2207 829 2404 882 pseram
2430 825 2539 882 post
2561 831 2720 870 annos
2737 820 2926 884 decem,
2948 835 3124 874 rursus
3145 818 3399 874 Bethleem
3426 838 3516 875 ora
3535 838 3784 882 reserare.

2208 901 2341 956 Tum
2389 905 2774 975 snbseqnentes
2800 908 2932 962 duas
2959 908 3058 963 sub
3086 912 3324 964 numeris
3369 909 3500 966 LIII.
3546 921 3602 967 et
3646 912 3785 968 LIV.

2205 1006 2430 1061 quarum
2461 995 2626 1048 altera
2650 996 2714 1050 ad
2745 997 3046 1065 Paulinum,
3071 999 3218 1054 initia
3239 1000 3622 1059 Conversionis
3641 1005 3783 1072 ejus,

2204 1085 2318 1139 sive
2349 1086 2678 1154 perfectioris
2720 1099 2949 1158 arrepta:
2992 1091 3115 1144 vitae
3162 1091 3319 1162 (qua:
3361 1092 3614 1148 nimirum
3663 1093 3789 1149 huic

2204 1191 2348 1232 anno
2381 1178 2486 1234 594
2508 1179 2815 1250 deputatur)
2860 1181 3077 1237 laudat:
3109 1182 3274 1238 altera
3302 1183 3369 1239 ad
3396 1183 3610 1239 Furiam
3633 1227 3648 1251 ,
3677 1200 3785 1256 qua

2204 1280 2263 1320 se
2291 1276 2514 1322 testatur
2541 1279 2659 1324 ante
2683 1272 2840 1340 ferme
2868 1273 3123 1326 biennium
3148 1271 3303 1328 libros
3340 1285 3518 1329 contra
3550 1274 3788 1330 Iovinia-

2202 1375 2325 1413 num
2351 1359 2585 1416 edidisse
2611 1377 2626 1415 :
2659 1377 2777 1432 quae
2801 1361 3042 1432 ejusdem
3068 1364 3191 1418 anni
3217 1362 3285 1418 ad
3311 1365 3468 1420 linem
3491 1381 3786 1437 properan-

2203 1449 2271 1504 tis
2297 1459 2420 1504 nota
2446 1461 2547 1506 est.

2759 1565 2986 1623 CAPUT
3023 1565 3212 1622 XXIV.

2203 1677 2244 1733 1.
2275 1659 2484 1734 Recedit
2501 1695 2819 1748 parumpera
2851 1679 3038 1750 Βαθίηί
3067 1681 3293 1736 amicitia
3318 1682 3662 1739 declaratione
3687 1701 3784 1739 sua

2271 1770 2490 1835 quadam
2513 1771 2568 1824 in
2591 1768 2883 1840 Origenem.
2914 1771 2976 1826 11.
3005 1772 3132 1839 Qua
3151 1774 3203 1827 in
3221 1783 3449 1843 apertum
3474 1777 3784 1832 simultatem

2271 1861 2374 1914 abit
2417 1861 2682 1917 occasione
2708 1861 2953 1916 adventus
2979 1862 3042 1918 S.
3074 1862 3357 1934 Epiphanii
3381 1863 3778 1938 Jerosolyntam.

2271 1951 2358 2008 lll.
2390 1952 2526 2006 Hinc
2552 1954 2834 2023 primordia
2860 1954 3144 2008 schismatis
3163 1955 3602 2026 Jerosolymitani,
3633 1960 3782 2029 cujus

2272 2045 2645 2115 prastringitur
2672 2045 2902 2098 historia.
2935 2043 3022 2098 IV.
3053 2043 3242 2099 Noster
3269 2047 3332 2100 ab
3358 2045 3640 2118 Epiphanii
3662 2065 3782 2119 par-

2273 2135 2402 2187 tibus
2420 2145 2518 2188 stat
2534 2145 2710 2188 contra
2735 2135 3065 2206 Origenistas,
3086 2134 3316 2206 Rufﬁnus
3344 2135 3536 2191 Joanni
3559 2137 3776 2193 Jerusa-

2271 2223 2515 2294 lymitano
2555 2225 2798 2278 adhmrct.
2826 2225 2888 2279 V.
2921 2224 3137 2279 Dissidii
3166 2236 3316 2280 aucta
3349 2228 3546 2282 occasio
3571 2230 3781 2284 ordina—

2271 2316 2407 2369 tione
2432 2313 2728 2370 Pauliniani
2765 2315 2939 2384 fratris
2968 2315 3268 2387 Hieronymi
3291 2317 3352 2371 ab
3379 2315 3673 2387 Epiphanio
3698 2324 3781 2389 fa-

2270 2416 2368 2461 cta.
2400 2405 2487 2460 Vl.
2512 2406 2644 2460 Item
2664 2407 2832 2460 acrius
2851 2406 2913 2461 ob
2933 2407 3160 2477 ejusdem
3185 2407 3462 2479 Epiphanii
3491 2409 3780 2478 Epistolam

2267 2498 2342 2551 ad
2385 2496 2638 2552 Joannem
2690 2497 2865 2553 erce
2910 2499 3183 2569 scriptam,
3234 2515 3386 2570 quam
3440 2498 3780 2570 Hieronymus

2269 2589 2454 2644 Latine
2492 2592 2664 2658 vertit,
2707 2601 2858 2662 atque
2893 2592 2998 2647 alia
3026 2592 3094 2646 ad
3121 2590 3508 2648 Pammachium
3544 2592 3779 2665 Epistolo

2269 2681 2514 2753 defendit.

2270 2820 2311 2874 I.
2335 2819 2409 2874 Ea
2431 2826 2546 2873 erat
2562 2817 2628 2874 ad
2649 2816 2766 2874 haec
2786 2831 2954 2888 usque
2975 2825 3238 2888 tempora,
3263 2823 3514 2872 auteerte
3536 2818 3778 2888 proxime
3845 2846 3854 2850 -

2199 2909 2576 2982 praecedentia,
2608 2908 2992 2980 Hieronymum
3023 2908 3165 2963 inter
3191 2917 3350 2977 atque
3379 2906 3653 2962 Bullinum
3680 2921 3777 2964 ne-

2198 3001 2468 3058 cessitudo
2485 3042 2501 3069 ,
2551 3017 2669 3072 quae
2696 3000 3016 3056 Christianis
3044 2999 3293 3055 omnibus
3321 3001 3570 3069 exemplo
3596 3008 3776 3065 esset,

2198 3103 2254 3150 et
2281 3108 2438 3148 nemo
2465 3108 2570 3148 non
2599 3092 2954 3148 admiraretur
2991 3102 3094 3145 tam
3121 3107 3268 3146 curas
3299 3090 3376 3162 (ut
3403 3092 3636 3162 loquitur
3660 3093 3776 3148 Au-

2197 3188 2463 3258 gustinus)
2481 3185 2854 3259 familiaresque
2873 3201 3134 3252 personas,
3162 3184 3354 3237 cunctis
3383 3200 3510 3253 pene
3534 3183 3774 3239 Ecclesiis

2197 3279 2454 3334 natissimo
2473 3279 2708 3333 amicitia:
2727 3279 2924 3332 vinculo
2945 3277 3208 3348 copulatas
3229 3274 3420 3346 (Epist.
3435 3273 3571 3345 CX).
3594 3275 3774 3331 Rebus

2198 3386 2390 3442 nempe
2435 3370 2684 3435 caeteris,
2732 3369 2926 3439 quibus
2969 3383 3066 3438 par
3110 3369 3342 3421 nectitur
3383 3366 3675 3432 amicitias,
3718 3375 3777 3420 ut

2198 3478 2432 3534 nempea
2463 3463 2630 3532 prima
2660 3475 2829 3530 usque
2856 3459 3214 3514 adolescentia
3239 3457 3420 3527 juncta
3447 3457 3538 3520 sit,
3570 3466 3625 3512 et
3655 3471 3772 3512 ma-

2196 3555 2314 3626 gnis
2335 3552 2583 3622 utrinque
2606 3549 2890 3604 virtutibus
2911 3547 3186 3613 innutrita,
3219 3545 3322 3600 loci
3353 3545 3668 3615 proximitas
3687 3559 3774 3599 ae-

2196 3645 2440 3710 cedebat,
2476 3642 2698 3714 (jamdiu
2720 3642 2861 3697 enim
2882 3639 3250 3710 Jerosolymaa,
3281 3638 3370 3692 ubi
3391 3647 3446 3693 et
3469 3637 3772 3708 Presbyteri

2196 3739 2439 3796 ordinem
2467 3745 2810 3807 susceperat,
2843 3733 3088 3788 Bnltlnus
3114 3733 3446 3802 morabatur)
3477 3739 3536 3785 ut
3575 3744 3775 3786 conve-

2196 3829 2312 3886 nire
2339 3827 2668 3898 frequentius
2692 3833 2928 3896 possent,
2957 3823 3130 3893 deque
3151 3821 3264 3892 pari
3292 3822 3458 3877 ferme
3481 3821 3602 3876 vitae
3623 3821 3774 3876 inSti-

2197 3929 2345 3987 tuto,
2377 3934 2440 3974 ac
2467 3919 2677 3974 ratione
2703 3916 3002 3972 studiorum
3043 3913 3168 3968 l‘rui.
3198 3912 3337 3979 Quid
3363 3912 3502 3982 quod
3527 3911 3776 3982 Origenis
3867 3945 3869 3948 ι

2197 4011 2409 4082 ingenio
2455 4021 2679 4080 uterque
2725 4007 3010 4077 plurimum
3036 4003 3422 4068 delectabatur,
3455 4002 3665 4056 tametsi
3696 4001 3775 4056 di-

2195 4117 2376 4168 verso,
2401 4109 2458 4155 ut
2479 4114 2602 4155 mox
2623 4099 2886 4161 dicemus,
2909 4095 3184 4150 intellectu
3211 4102 3371 4165 atque
3395 4091 3611 4146 animo?
3633 4089 3775 4146 Con-

2197 4193 2315 4264 tigit
2334 4206 2461 4247 vero
2487 4192 2684 4260 (annus
2715 4197 2840 4244 tune
2864 4188 3123 4259 agebatur
3141 4185 3268 4256 393)
3303 4193 3359 4240 ut
3375 4183 3763 4256 Jerosolymam

2197 4282 2486 4338 adveniens
2511 4280 2762 4336 Aterbius
2790 4279 2972 4335 nescio
2994 4277 3116 4350 quis
3141 4291 3243 4332 una
3277 4291 3398 4332 cum
3425 4275 3565 4343 aliis,
3596 4275 3769 4330 dicam

2196 4389 2260 4430 ex
2301 4389 2368 4430 eo
2403 4374 2606 4429 diceret
2632 4371 2844 4426 Bullino
2868 4370 3272 4442 gravissimam,
3300 4366 3444 4438 quod
3481 4366 3770 4437 Origenem

2196 4473 2518 4531 sectaretur,
2550 4477 2723 4534 eaque
2748 4460 3122 4517 criminatione
3148 4458 3552 4529 Hieronymum,
3588 4464 3774 4526 utpote

2200 4557 2398 4614 Bullini
2427 4558 2694 4622 intimum,
2718 4565 2774 4610 et
2792 4555 2918 4610 olim
2940 4551 3242 4609 Adamantii
3269 4565 3571 4620 praeconem
3591 4547 3776 4604 obvol-

2197 4657 2366 4704 veret.
2400 4647 2533 4702 llinc
2563 4646 2730 4718 prima
2751 4645 2876 4700 mali
2900 4643 3067 4708 labes,
3097 4651 3152 4698 et
3169 4639 3555 4696 discordiarum
3578 4638 3772 4694 turbo:

2197 4739 2556 4812 Hieronymus
2574 4739 2717 4794 enim
2751 4752 2907 4814 quem
2940 4751 3044 4790 non
3068 4735 3140 4789 ita
3161 4733 3498 4805 Origeniante
3515 4731 3775 4786 doctrinm

2197 4831 2481 4887 admiratio
2524 4839 2776 4900 ceperat,
2808 4836 2866 4883 ut
2910 4842 3014 4882 non
3063 4824 3291 4880 subinde
3318 4823 3678 4893 intelligeret,
3708 4823 3777 4878 ab
3869 4842 3872 4843 ν

2199 4923 2315 4995 ejus
2340 4925 2441 4980 sibi
2467 4939 2586 4979 esse
2629 4921 2899 4979 erroribus
2944 4917 3290 4974 metuendum
3312 4958 3326 4981 ,
3359 4916 3571 4987 ejurare
3599 4914 3774 4985 palam
3865 4931 3868 4934 ’

2199 5016 2314 5086 ejus
2335 5015 2704 5071 auctoritatem
2723 5055 2738 5078 ,
2772 5011 2928 5081 eique
2956 5008 3158 5064 erranti
3187 5007 3432 5062 nuntium
3462 5005 3738 5061 remittere
3756 5043 3773 5068 ,

2199 5107 2332 5163 nihil
2358 5107 2635 5162 dubitavit.
2666 5102 2906 5159 Bullinus
2934 5115 2966 5156 e
2985 5099 3256 5156 contrario
3277 5097 3418 5153 haud
3441 5096 3574 5152 satis
3599 5096 3775 5151 sciens

2197 5198 2388 5254 studiis
2413 5198 2522 5251 suis
2551 5193 2816 5251 moderari
2843 5231 2858 5256 ,
2886 5191 3101 5246 clausus
3141 5187 3285 5242 domi
3305 5228 3320 5252 ,
3356 5202 3426 5242 ne
3449 5186 3633 5242 videre
3661 5183 3780 5255 qui-

2197 5288 2319 5345 dem
2350 5287 2626 5344 Aterbium
2657 5297 2819 5338 ausus
2858 5290 2974 5347 est,
3006 5279 3245 5335 damnari
3292 5287 3470 5334 autem
3497 5277 3568 5332 ab
3604 5275 3797 5330 amico.

2197 5380 2594 5442 Adamantium,
2621 5392 2874 5448 perquam
2897 5391 3036 5446 mgre
3060 5376 3198 5429 tulit.
3219 5375 3351 5430 Bem
3374 5381 3556 5428 narrat
3573 5372 3634 5428 S.
3664 5372 3775 5442 ipse

2199 5474 2356 5528 Pater
2381 5467 2815 5526 luculentissimis
2839 5467 3015 5522 verbis
3041 5465 3136 5520 lib.
3160 5465 3248 5522 Ill.
3277 5463 3552 5535 Apologia:
3580 5479 3596 5516 :
3628 5461 3772 5529 Quis,

2198 5564 2441 5633 inquiens
2461 5601 2475 5624 ,
2506 5558 2696 5614 Aterbii
2723 5569 2903 5614 contra
2931 5568 2998 5624 te,
3029 5567 3077 5610 et
3102 5566 3399 5611 ceterorum
3423 5553 3614 5609 rabiem
3651 5569 3774 5608 cono

2198 5653 2407 5710 citavit?
2458 5651 2643 5706 Nonne
2686 5651 2774 5705 ille
2821 5659 2892 5705 est
2935 5651 3022 5719 qui
3050 5658 3095 5702 et
3144 5663 3222 5700 me
3259 5646 3550 5700 hareticum
3591 5661 3658 5700 ea:
3683 5645 3778 5698 tuis

2199 5743 2434 5800 amicitiis
2463 5742 2774 5812 judicabat?
2810 5759 2926 5796 cum
2951 5739 3303 5810 satisfecissent
3327 5736 3656 5792 damnatione
3681 5733 3775 5788 do-
