4052 6338
185 349 252 406 93
1453 357 1510 412 S.
1555 355 1929 414 HIERONYMI
1972 355 2153 413 VITA.
3389 376 3461 435 9‘

184 467 401 530 gmatum
419 456 691 530 Origenis,
712 469 764 515 tu
789 461 994 518 clausus
1017 464 1156 518 domi
1176 481 1448 536 numquam
1466 482 1581 520 eum
1604 468 1771 522 uidere

185 566 329 605 ausus
353 567 428 614 es,
462 567 529 606 ne
556 563 650 608 aut
676 554 949 609 damnans
973 557 1108 626 quod
1131 558 1354 624 nolebas,
1381 569 1469 612 aut
1498 567 1671 624 aperte
1693 575 1773 612 re-

183 642 386 708 sistens,
417 644 673 721 hereseos
698 646 938 703 inuidiam
979 649 1267 704 sustineres.
1301 651 1379 703 An
1412 651 1598 704 idcirco
1635 651 1772 704 testis

183 743 355 787 contra
390 743 441 788 te
466 751 578 790 esse
605 738 807 805 poterit,
838 740 956 808 quia
978 751 1239 795 accusator
1264 741 1338 794 tui
1367 741 1482 794 est?
1507 751 1560 795 et
1589 741 1772 811 paucis

183 827 476 896 interiectis
508 846 522 882 :
555 829 797 884 Acerbius
821 841 997 884 contra
1020 842 1068 886 te
1093 833 1312 886 latrabat
1337 831 1701 902 Jerosolymis,
1723 841 1772 884 et

182 919 277 974 nisi
301 922 403 974 cito
434 921 660 987 abiisset,
694 925 926 978 sensisset
949 926 1182 979 baculum
1209 943 1308 980 non
1339 927 1660 993 litterarium,
1683 925 1772 979 sed

181 1010 404 1065 dextera:
430 1021 553 1078 tua,
578 1030 678 1084 quo
699 1024 752 1067 tu
777 1031 928 1070 canes
953 1017 1154 1087 abigere
1181 1019 1499 1073 consuevisti.

249 1101 313 1156 Π.
345 1102 477 1158 Haec
519 1103 682 1175 igitur
721 1105 888 1175 prima
937 1106 1249 1179 Hieronymi
1292 1109 1344 1163 in
1370 1109 1653 1179 Origenem
1681 1108 1773 1164 de-

181 1191 431 1260 claratio,
465 1212 573 1250 non
617 1212 802 1266 parum
832 1197 1031 1254 Rnfﬁni
1067 1200 1135 1255 ab
1163 1215 1230 1256 eo
1277 1202 1512 1258 animum
1541 1202 1770 1269 avertit,

183 1282 268 1337 cui
295 1283 370 1338 ob
396 1283 451 1339 id
483 1287 719 1341 maxime
745 1289 890 1342 visus
915 1297 998 1344 est
1025 1299 1267 1345 mutuam
1294 1291 1581 1346 amicitiam
1605 1292 1772 1347 laede-

183 1388 261 1438 re,
298 1374 449 1444 quod
480 1391 550 1431 ne
573 1377 641 1431 ab
667 1378 748 1433 sui
788 1379 1042 1434 amicitiis
1089 1380 1178 1435 ille
1204 1380 1441 1438 haeretici
1473 1391 1649 1437 notam
1678 1397 1772 1438 su-

182 1463 344 1534 biret,
396 1464 748 1524 damnatione
792 1469 882 1524 illa
955 1469 1262 1541 dogmatum
1326 1472 1772 1543 Origcnianorum

182 1558 390 1612 cavisse
442 1559 811 1628 proﬁteretur.
847 1561 966 1618 Non
993 1563 1086 1618 diu
1135 1574 1314 1619 autem
1349 1564 1449 1619 hac
1495 1564 1600 1620 ﬁne
1623 1567 1773 1621 stetit

182 1647 384 1702 malum
416 1689 434 1712 ,
465 1635 613 1705 anno
651 1651 795 1706 enim
837 1652 1139 1722 insequenti
1179 1655 1293 1710 sive
1333 1656 1439 1711 594
1481 1655 1583 1711 hoc
1612 1656 1772 1710 nimi-

182 1753 322 1804 rum,
356 1739 429 1793 ad
474 1755 635 1810 quem
677 1756 776 1796 nos
823 1743 945 1798 vita:
988 1744 1416 1816 Hieronymiame
1457 1748 1626 1803 series
1675 1748 1774 1803 de-

181 1825 361 1891 duxit,
395 1827 450 1882 in
482 1837 726 1899 apertam
754 1832 1080 1889 simultatem
1131 1836 1283 1900 abiit,
1339 1839 1576 1908 rixisqne
1600 1848 1775 1909 atque

181 1916 316 1972 odiis
343 1919 686 1988 gravissimis
709 1923 954 1994 utrinque
978 1927 1193 1981 exarsit.
1217 1926 1360 1983 Facti
1381 1930 1593 1984 occasio
1617 1941 1775 2001 atque

183 2006 406 2063 historia
431 2008 505 2064 ita
543 2011 722 2067 habet.
753 2013 882 2068 Cum
911 2030 1051 2084 aegre
1067 2016 1354 2072 admodum
1383 2017 1542 2074 ferret
1563 2020 1618 2076 S.
1646 2021 1775 2090 Epi-

181 2097 412 2168 phanius
440 2101 728 2158 Salamina:
767 2103 929 2176 Cypri
958 2106 1278 2177 Episcopus,
1341 2111 1624 2179 partiarios
1650 2109 1775 2167 Ori-

183 2191 328 2259 genis
359 2195 643 2264 pervagari
663 2193 840 2259 latius,
865 2194 1084 2267 jamque
1105 2198 1292 2266 sciret,
1325 2198 1498 2268 ipsum
1522 2201 1778 2257 Ecclesia:

184 2281 662 2358 Jerosolymitame
691 2287 1001 2343 Antistitem
1039 2289 1304 2348 Joannem
1336 2291 1389 2346 in
1435 2307 1622 2347 eorum
1652 2308 1778 2362 per-

187 2381 415 2428 tractum
447 2384 655 2443 partes,
689 2377 933 2448 gliscenti
961 2378 1015 2432 in
1043 2377 1160 2435 dies
1211 2381 1375 2445 malo,
1419 2390 1478 2435 ut
1519 2383 1780 2439 maturius

187 2447 522 2533 occurreret,
554 2467 700 2521 circa
726 2466 855 2522 dicti
880 2468 1007 2522 anui
1036 2468 1243 2523 Pascha
1274 2469 1665 2542 Jerosolymam
1688 2486 1780 2528 ve-

188 2552 279 2607 nit.
320 2554 606 2626 Exceptus
625 2557 696 2611 ab
717 2555 927 2612 Joanne
957 2557 1191 2628 hospitio
1228 2569 1284 2614 et
1325 2575 1511 2616 mensa
1537 2602 1553 2626 ,
1583 2562 1779 2619 blande

189 2644 326 2700 illum
358 2661 466 2717 pro
490 2661 559 2702 eo
584 2661 648 2701 ac
671 2646 879 2714 debuit,
907 2650 1106 2704 erroris
1160 2651 1574 2707 commonefecit
1600 2669 1613 2706 :
1636 2653 1777 2722 quod

190 2745 356 2791 tamen
375 2735 525 2791 adeo
550 2736 760 2792 videtur
782 2737 1015 2794 Joannes
1041 2755 1228 2810 parum
1248 2756 1486 2806 curasse.
1518 2751 1576 2798 ut
1607 2758 1779 2812 neque

191 2828 424 2881 animum
445 2825 742 2881 adverterit
777 2827 884 2899 (Ea:
905 2828 1074 2899 Epist.
1101 2828 1393 2886 LXXXII.
1421 2842 1468 2886 et
1494 2832 1584 2887 lib.
1608 2843 1775 2887 contr.

191 2911 397 2987 Joan.).
426 2915 506 2971 ιω
538 2918 816 2972 enimvero
849 2919 1123 2974 conciliari
1171 2936 1331 2991 posse
1359 2933 1599 2992 autumo,
1633 2923 1777 2995 quod

195 3014 308 3074 post
356 3022 446 3074 ea,
484 3022 607 3062 cum
655 3007 830 3078 palam
864 3009 915 3062 in
949 3009 1190 3066 Ecclesia
1219 3021 1499 3083 correptus
1525 3025 1647 3083 est,
1680 3031 1776 3070 ve-

196 3094 476 3154 bementer
528 3097 720 3162 doluit,
761 3108 815 3152 et
853 3098 1204 3170 jurejurando
1257 3101 1581 3172 afﬁrmavit,
1645 3107 1778 3162 nihil

199 3190 366 3257 primo
393 3203 581 3244 secum
627 3189 790 3244 fuisse
812 3205 874 3245 ea
905 3190 974 3246 de
1003 3207 1064 3247 re
1108 3192 1344 3250 locutum
1382 3195 1776 3266 Epiphanium:

199 3280 245 3335 id
289 3279 436 3352 quod
479 3281 596 3336 falsi
646 3281 820 3351 arguit
863 3280 1246 3355 Hieronymus,
1279 3288 1606 3341 contrarium
1638 3291 1779 3344 cvin-

199 3386 399 3429 cerese
430 3387 590 3444 posse
613 3371 887 3429 afﬁrmans
925 3373 1174 3432 adductis
1217 3377 1466 3443 testibus,
1497 3379 1600 3434 nisi
1650 3381 1780 3451 Epi-

199 3478 416 3534 scopum
443 3464 667 3534 perjurii
713 3479 864 3519 reum
918 3479 1099 3534 agere,
1153 3466 1306 3522 nefas
1336 3477 1570 3538 putaret.
1598 3471 1783 3526 luvisit

198 3554 393 3612 deinde
413 3555 506 3610 ille
525 3565 580 3610 et
602 3554 984 3627 Hieronymum
1011 3565 1280 3626 nostrum,
1294 3559 1433 3629 apud
1449 3575 1605 3630 quem
1621 3561 1782 3616 etiam

200 3649 530 3703 diversatum
577 3647 764 3714 fuisse,
813 3656 996 3719 postea
1041 3648 1324 3706 dicemus:
1355 3659 1464 3707 tum
1511 3652 1784 3709 Rufﬁnum

202 3741 329 3794 satis
369 3738 692 3806 diligenter,
745 3754 905 3810 quem
959 3740 1190 3795 maxime
1238 3740 1445 3796 sciebat
1496 3743 1775 3799 erroribus

205 3826 452 3901 Origenis
505 3830 794 3895 irretitum,
825 3839 881 3884 et
919 3845 1078 3900 quem
1112 3839 1170 3884 ut
1219 3830 1430 3886 facilius
1463 3831 1780 3900 dedoceret,

205 3938 265 3978 ac
313 3923 589 3978 saniorem
639 3922 707 3976 ad
757 3932 990 3977 mentem
1031 3931 1088 3978 ut
1133 3922 1480 3988 retraheret,
1536 3923 1604 3978 ad
1640 3926 1786 3994 pacis

213 4027 424 4084 quoque
461 4013 731 4077 osculum,
757 4021 811 4067 et
841 4013 908 4067 ad
933 4026 1118 4082 preces
1147 4013 1378 4083 excepit.
1415 4013 1520 4069 Sed
1545 4025 1634 4070 aut
1654 4015 1788 4070 nihil

210 4103 517 4175 proﬁciens,
548 4113 644 4158 aut
667 4102 815 4159 certe
854 4119 1040 4174 parum
1065 4105 1285 4174 privatis
1303 4104 1564 4173 ejusmodi
1589 4105 1788 4161 adhor-

212 4197 526 4260 tationibus,
563 4196 776 4252 tandem
807 4197 978 4266 palam
1004 4206 1162 4266 atque
1191 4198 1242 4250 in
1273 4199 1451 4268 p0puli
1482 4197 1788 4268 frequentia

211 4289 261 4343 in
285 4288 553 4351 Anastasi.
577 4291 690 4343 sive
710 4288 932 4357 Tetnplo
960 4289 1412 4357 Resurrectionis,
1440 4306 1628 4362 magna
1677 4293 1794 4348 ani-

213 4381 279 4438 mi
333 4381 687 4435 contentione
715 4379 972 4434 adversus
1023 4380 1309 4452 Origeuem
1348 4381 1685 4450 declamavit,
1736 4394 1792 4440 et

214 4469 497 4536 Joannem,
531 4471 622 4542 qui
665 4470 852 4526 aderat
881 4480 1064 4540 utpote
1093 4471 1335 4541 ejusdem
1387 4473 1648 4529 doctrina:
1673 4475 1793 4529 alu—

213 4575 392 4614 mnum
424 4575 534 4616 non
579 4559 807 4615 obscure
853 4561 1185 4630 perstrinxit,
1217 4561 1309 4617 ubi
1353 4563 1644 4620 admonere
1671 4579 1792 4621 eum

215 4650 414 4717 voluit,
445 4667 509 4705 ne
548 4650 659 4703 Arii
687 4659 916 4718 patrem,
952 4649 1217 4722 Origenem
1245 4653 1457 4719 scilicet,
1497 4665 1545 4708 et
1569 4656 1793 4708 aliarum

219 4734 470 4789 hereseon
509 4733 754 4800 radicem,
785 4744 832 4787 et
880 4746 1138 4804 parentem
1179 4736 1391 4790 laudare
1438 4741 1793 4808 imposterum

218 4829 396 4885 vellet.
435 4828 530 4883 llis
555 4827 791 4883 Joannes
817 4843 984 4897 usque
1009 4828 1146 4883 adeo
1187 4829 1472 4885 excanduit
1497 4872 1514 4898 ,
1545 4843 1605 4886 ut
1631 4833 1796 4886 misso

218 4924 392 4975 statim
418 4919 812 4974 Archidiacono
841 4921 1110 4975 silentium
1143 4922 1216 4975 illi
1245 4922 1558 4991 imposuerit
1587 4965 1604 4992 ,
1647 4935 1701 4979 ct
1727 4926 1796 4981 ab

218 5011 446 5084 incoepta
497 5012 705 5083 publica
737 5015 1016 5078 concione,
1051 5023 1108 5068 ut
1158 5014 1465 5080 desisteret,
1498 5017 1794 5087 imperarit.

221 5103 344 5161 Data
383 5104 527 5160 haud
583 5105 752 5160 multo
789 5115 909 5175 post
952 5107 1240 5163 occasione
1268 5148 1284 5174 ,
1333 5108 1385 5163 in
1432 5109 1547 5164 aede
1589 5109 1798 5166 Sancta:

220 5196 403 5253 Crucis
433 5211 625 5260 omnes
651 5212 680 5249 a
709 5211 768 5252 se
815 5197 1025 5254 habitos
1051 5215 1332 5255 sermones
1359 5201 1410 5256 in
1443 5202 1798 5272 Quadragesi-

220 5305 298 5344 ma
329 5290 456 5360 (sub
480 5290 599 5360 ejus
627 5290 808 5360 utique
834 5289 1016 5357 ﬁnem,
1043 5303 1136 5346 aut
1163 5302 1310 5348 certe
1337 5307 1442 5365 non
1471 5295 1636 5349 multo
1677 5303 1800 5366 post

219 5379 415 5436 Pascha
451 5398 467 5438 :
496 5381 568 5436 ob
593 5397 752 5452 quam
795 5397 1011 5437 causam
1066 5383 1117 5438 in
1147 5383 1198 5438 id
1227 5383 1483 5454 temporis
1513 5385 1797 5455 Epiphanii

216 5469 609 5546 Jerosolymam
656 5473 941 5529 adventum
979 5475 1290 5543 rejicimus,
1339 5477 1493 5538 unica
1546 5479 1798 5536 oratione

217 5565 544 5634 complexus,
573 5577 686 5618 non
726 5563 904 5618 solum
947 5581 1041 5635 pro
1069 5563 1319 5638 Origene,
1349 5579 1511 5640 atque
1536 5571 1671 5637 adeo
1702 5585 1800 5640 pro

219 5665 278 5707 se
316 5653 490 5710 multa
519 5652 860 5724 disputavit;
897 5656 993 5712 sed
1043 5667 1099 5712 et
1127 5659 1796 5742 Anthropomorphitarum

220 5743 491 5828 haeresim,
521 5760 643 5816 qua:
663 5743 950 5804 humanam
976 5748 1085 5805 Deo
1117 5749 1340 5807 formam
1370 5752 1571 5822 tribuit,
1595 5763 1650 5812 et
1670 5754 1792 5810 Ori-

1879 469 2122 538 geniante
2147 468 2408 529 doctrinae
2433 487 2500 530 ex
2525 469 2793 537 diametro
2829 486 3142 556 opponitur,
3172 505 3354 550 ausus;
3379 507 3463 552 est

1880 561 2094 630 publice
2122 561 2422 632 Epiphanio
2449 567 2706 637 objicere.
2729 572 2918 632 Statim
2949 579 3051 635 iste
3081 593 3260 638 notam
3285 584 3382 640 abs
3403 601 3464 642 se

1882 651 2153 745 haereseos
2178 654 2423 726 depulit,
2454 661 2626 729 palam
2670 664 2948 735 professus
3000 674 3464 745 probari-quidem

1880 741 1982 796 sibi
2013 741 2236 800 Joannis
2265 748 2615 816 concionem,
2639 762 2694 808 et
2745 755 3050 815 damnatam
3079 762 3146 817 ab
3179 779 3247 820 eo
3266 741 3465 822 hieran-

1879 831 1981 888 sim
2004 832 2276 903 damnari,
2317 838 2455 895 velle
2475 849 2652 896 autem
2683 852 2745 899 ut
2793 847 3031 904 vicissim
3058 851 3128 906 ab
3159 853 3250 907 illo
3277 854 3465 926 Orige-

1882 922 2038 977 niana
2077 924 2326 996 dogmata
2369 944 2775 1000 respuerentur.
2805 937 3003 993 Verum
3023 940 3261 999 Joannes
3282 922 3465 1003 animo

1879 1012 2086 1069 rixandi
2133 1017 2291 1073 avido
2321 1021 2450 1075 nihil
2480 1023 2590 1079 nisi
2629 1039 2819 1082 causas
2848 1029 3096 1087 vindicta:
3139 1036 3417 1104 quaerebat
3445 1079 3462 1102 .
3541 1053 3544 1056 '

1881 1110 2133 1172 tantaque
2172 1105 2232 1162 S.
2255 1107 2580 1181 Episcopum
2616 1117 2862 1172 molestia
2916 1120 3115 1187 aliecit,
3144 1133 3202 1178 ut
3228 1125 3354 1182 inde
3397 1128 3466 1184 ad

1880 1192 2182 1251 Bethleemi
2225 1213 2498 1256 secessum
2533 1203 2684 1261 abire
2721 1220 2940 1288 coactus
2969 1213 3058 1266 sit.
3094 1214 3163 1270 Et
3188 1233 3466 1288 regressus

1878 1283 2094 1378 quidem
2137 1297 2221 1342 est
2245 1289 2424 1346 denuo
2445 1292 2835 1370 Jerosolymam
2884 1281 3096 1359 llortatu
3129 1321 3190 1362 ac
3220 1281 3466 1378 precibus

1879 1373 2308 1442 monachorum,
2343 1389 2403 1434 ut
2446 1381 2638 1439 iterum
2683 1386 2948 1446 Joannem
2984 1393 3053 1449 de
3082 1394 3188 1452 ﬁde
3213 1373 3467 1454 conveni-

1881 1473 2001 1526 ret;
2032 1466 2126 1520 sed
2157 1481 2278 1522 cum
2304 1485 2530 1542 vespere
2561 1476 2648 1530 vix
2679 1492 2744 1532 eo
2769 1483 3124 1550 accessisset,
3156 1489 3465 1559 compulsus

1880 1550 2006 1607 inde
2053 1563 2134 1609 est
2183 1555 2368 1626 fugere
2407 1563 2509 1618 sub
2553 1567 2786 1624 mediam
2831 1580 3044 1627 noctem
3071 1614 3086 1637 ,
3146 1550 3466 1650 rursumque

1879 1644 2019 1712 apud
2061 1645 2449 1721 Hieronymum
2504 1667 2838 1730 casterosque
2897 1665 3172 1723 solitarios
3222 1644 3464 1730 diverlit.

1880 1734 2129 1793 Testatus
2161 1748 2286 1795 tunc
2310 1746 2470 1800 etiam
2493 1749 2597 1816 est,
2630 1753 2784 1808 valde
2831 1771 2890 1810 se
2919 1765 3313 1822 communionis
3342 1782 3464 1826 cum

1880 1825 2092 1884 Joanne
2119 1833 2347 1904 aliisque
2379 1839 2646 1906 partiariis
2675 1843 2791 1913 ejus
2819 1845 3046 1918 habittc,
3076 1855 3364 1921 pmnitere.

1951 1920 2038 1977 Ill.
2065 1922 2175 1980 Hoc
2195 1926 2580 1988 discordiarum
2613 1937 2822 1994 turbine
2851 1942 2929 1996 via
2961 1920 3467 2008 muniebatur_schi-

1881 2011 2542 2106 sinatiJerosolymitano.
2572 2021 2704 2079 Cum
2745 2029 2887 2083 enim
2935 2031 3003 2086 ab
3031 2034 3336 2106 Epiphanii,
3374 2055 3466 2096 ca-

1883 2099 2098 2158 tholicis
2127 2105 2376 2162 videlicet
2399 2113 2640 2179 partibus
2683 2125 2848 2172 staret
2897 2099 3270 2196 Hieronymus.
3297 2099 3464 2202 etqui

1884 2207 2079 2261 magno
2119 2211 2344 2250 numero
2394 2202 2654 2266 monachi,
2685 2207 2844 2262 vitam
2871 2225 2994 2264 cum
3028 2215 3144 2282 ipso
3172 2217 3465 2280 Bethleemi

1885 2282 2114 2350 agebant
2144 2303 2157 2339 :
2187 2286 2434 2342 Rufﬁnns
2488 2290 2625 2348 hanc
2656 2296 2812 2352 avide
2858 2303 3197 2360 occasionem
3244 2307 3298 2362 in
3341 2324 3464 2366 eum

1885 2371 2140 2428 velitandi
2185 2377 2450 2446 arripuit,
2502 2395 2666 2450 quum
2699 2401 2779 2452 se,
2822 2403 3080 2462 suamque
3121 2395 3189 2451 de
3235 2396 3466 2470 Origene

1887 2473 2311 2533 praeconccplam
2347 2468 2654 2538 opinionem
2685 2479 2818 2531 tueri
2851 2478 3126 2550 Ecclesiae,
3153 2487 3305 2554 cujus
3337 2468 3466 2548 erat

1883 2551 2033 2608 clero
2052 2555 2371 2626 adscriptus,
2390 2559 2592 2630 judicio
2638 2563 2852 2624 licebat.
2898 2572 3138 2630 Adhaesit
3168 2551 3346 2648 itaque
3375 2580 3466 2637 ille

1883 2643 2140 2698 continuo
2168 2645 2406 2717 Joauui,
2457 2653 2540 2706 cui
2589 2655 2752 2712 etiam
2801 2659 3015 2716 videtur
3039 2643 3464 2736 Origenistarum

1883 2732 2156 2832 doctrinas
2183 2738 2518 2809 propinasse.
2549 2753 2604 2801 et
2633 2759 2847 2803 causam
2891 2765 2988 2820 pro
3031 2732 3284 2826 dignitate
3306 2770 3468 2832 atque

1883 2823 2202 2881 anetoritate
2245 2829 2411 2896 sedis,
2459 2847 2618 2902 quam
2671 2839 2986 2906 obtinebat,
3045 2823 3465 2914 promovendam

1885 2918 2190 2974 tradidisse.
2229 2918 2415 2992 Neque
2463 2923 2569 2981 hoc
2612 2941 2744 2984 sane
2783 2931 3058 3002 ignorabat
3090 2936 3465 3009 Epiphanius,

1885 3009 1976 3079 qui
2007 3025 2152 3077 eunt,
2178 3019 2235 3066 ut
2264 3012 2516 3082 diximus,
2537 3033 2656 3074 cum
2682 3021 2868 3090 primis
2888 3038 3246 3096 convenerat,
3272 3035 3470 3102 quique

1885 3114 2046 3155 omne
2069 3115 2131 3156 se
2172 3112 2426 3172 punctum
2463 3107 2648 3167 tulisse
2675 3112 3034 3180 existimabat,
3065 3119 3110 3171 si
3139 3134 3260 3172 etnn
3292 3121 3359 3186 de
3385 3133 3467 3178 tc-

1886 3207 2035 3248 mere
2067 3205 2317 3264 suscepto
2345 3193 2590 3268 Origcnis
2621 3203 2918 3270 patrocinio
2943 3206 3320 3272 deterruisset.
3355 3212 3465 3270 No-

1887 3291 2054 3336 tatum
2089 3283 2139 3337 id
2195 3299 2406 3356 quoque
2438 3291 2636 3359 saepius
2687 3292 3030 3364 Hieronymo,
3077 3308 3132 3353 et
3155 3299 3292 3355 libro
3322 3317 3469 3372 pras-

1886 3375 2072 3426 sertim
2095 3373 2188 3428 illo
2213 3386 2398 3431 contra
2428 3377 2711 3448 Joannem,
2732 3386 2818 3438 uhi
2852 3386 2995 3444 hunc
3026 3391 3315 3462 increpans
3334 3411 3470 3461 que-

1888 3473 2122 3527 rentem,
2156 3465 2258 3520 sibi
2284 3469 2529 3538 privatim
2573 3473 2641 3528 ab
2668 3474 2968 3546 Epiphanio
2991 3489 3120 3536 ante
3157 3485 3470 3542 concionem

1891 3554 2160 3624 publicam
2203 3573 2310 3613 non
2341 3558 2508 3619 fuisse
2537 3564 2776 3634 objectas
2825 3569 3125 3626 Adamantii
3160 3585 3360 3643 partes,
3403 3577 3473 3633 de

1891 3647 2087 3716 quibus
2115 3649 2288 3718 palam
2315 3651 2510 3710 deinde
2545 3655 2694 3713 illum
2722 3665 3056 3718 accusaverit
3080 3682 3093 3718 :
3116 3663 3235 3731 Ille,
3267 3668 3362 3732 ait,
3381 3668 3473 3723 ob-

1880 3737 2070 3808 jecisse
2097 3756 2151 3794 so
2176 3741 2303 3796 dicit
2327 3761 2349 3807 ;
2376 3753 2430 3798 tu
2478 3763 2654 3818 negas.
2685 3743 2787 3806 Ille
2829 3761 2976 3809 testes
3021 3761 3254 3828 profert;
3282 3769 3336 3813 tu
3365 3777 3470 3815 non

1892 3829 1966 3881 uis
1997 3830 2178 3884 audire
2207 3834 2503 3901 productos.
2529 3836 2630 3892 Ille
2655 3842 2807 3894 etiam
2825 3838 3202 3912 contmeittorat,
3229 3848 3471 3904 ALIUill

1895 3933 2003 3972 esse
2041 3931 2363 3990 concentum,
2397 3935 2450 3978 tu
2501 3944 2593 3996 pro
2638 3940 2849 4002 utroque
2891 3935 3199 3992 dissimulas.
3240 3937 3308 3992 Et
3352 3942 3473 4009 quis

1895 4008 1998 4063 iste
2056 4011 2189 4066 alius
2255 4014 2448 4082 fuerit,
2514 4034 2620 4074 non
2669 4021 2834 4076 alium
2889 4023 3094 4079 scilicet
3143 4041 3171 4080 a
3221 4008 3472 4096 Rttmtto,

1896 4103 2127 4173 explicat
2180 4103 2265 4158 his
2310 4105 2404 4160 lib.
2455 4108 2544 4164 Ill.
2596 4111 2888 4181 Apologim,
2921 4112 3061 4185 Ergo
3113 4117 3338 4186 pollutus
3384 4124 3478 4175 erit

1901 4191 2221 4263 Epiphanius
2250 4237 2264 4260 ,
2311 4198 2398 4267 qui
2441 4199 2530 4251 tibi
2573 4216 2750 4270 pacem
2805 4203 2942 4256 dedit
2997 4212 3043 4258 et
3086 4206 3139 4258 in
3187 4223 3279 4261 suo
3330 4213 3481 4264 corde

1897 4286 2071 4341 dolum
2102 4287 2333 4341 servavit.
2386 4287 2488 4343 Cur
2526 4306 2624 4342 non
2645 4291 2791 4364 .illud
2834 4293 3000 4348 verius
3046 4295 3111 4348 sit
3141 4335 3153 4358 ,
3201 4302 3334 4366 quod
3384 4300 3479 4356 TE

1900 4379 2209 4435 PRIMUM
2244 4383 2528 4434 monuerit?
2560 4383 2755 4437 Fuerat
2785 4386 2946 4439 etiam
2979 4387 3224 4442 Rnfﬁnns
3249 4407 3312 4444 ex
3360 4392 3439 4454 his
3460 4435 3478 4460 ,

1904 4474 1991 4543 qui
2029 4473 2388 4542 Epiphaniutn
2420 4474 2471 4528 in
2497 4477 2755 4530 concione
2779 4478 2863 4530 illa
2893 4479 3100 4545 publica
3128 4481 3432 4538 deriserunt
3459 4508 3474 4540 ι

1901 4567 2046 4637 quod
2077 4567 2276 4621 dudum
2302 4568 2515 4621 laudato
2541 4579 2725 4622 contra
2745 4569 3006 4623 Joannem
3031 4571 3166 4625 libro
3192 4579 3482 4643 exprobrat

1901 4661 1958 4717 S.
1989 4661 2168 4716 Pater.
2203 4661 2441 4727 Quando,
2472 4661 2664 4729 inquit,
2699 4671 2876 4714 contra
2915 4661 3184 4733 Origene»:
3211 4667 3263 4720 in
3296 4666 3481 4723 Eccle-

1902 4754 1980 4805 sia
2006 4761 2093 4804 tua
2119 4749 2270 4817 Papa
2303 4749 2626 4820 Epiphanius
2651 4751 2950 4820 loquebatur
2966 4768 2985 4806 :
3006 4754 3207 4824 quando
3234 4757 3326 4810 sub
3346 4759 3486 4815 illius

1905 4842 2108 4895 nomine
2132 4841 2185 4893 in
2212 4857 2296 4894 ros
2317 4841 2498 4910 jacula
2528 4843 2909 4912 torquebantur,
2939 4854 2993 4898 tu
3038 4854 3083 4900 et
3128 4844 3324 4902 Chorus
3371 4861 3487 4904 tuus

1905 4931 2088 4985 canino
2110 4931 2241 4984 rictu
2261 4970 2276 4995 ,
2306 4932 2612 5003 naribusque
2655 4935 2928 4990 contractis
2976 4937 3262 5006 sculpentes
3292 4943 3482 5012 capita,

1904 5021 2122 5075 delirant
2150 5037 2319 5076 senem
2347 5023 2550 5077 nutibus
2589 5024 2950 5095 loquebamini,
2983 5038 3090 5085 etc.
3117 5031 3248 5098 Quae
3271 5047 3484 5088 rursum

1907 5111 2007 5182 ipsi
2031 5111 2246 5167 Rufﬁno
2271 5116 2598 5184 improperat
2625 5114 2718 5171 lib.
2751 5116 2839 5175 lli.
2885 5119 3184 5190 Apologim.
3214 5120 3486 5194 Simulque

1905 5207 2063 5261 risum
2106 5217 2271 5262 tenere
2313 5225 2412 5262 non
2444 5225 2682 5279 possum,
2729 5212 2866 5278 quod
2895 5229 2926 5265 a
2965 5214 3187 5283 quodam
3241 5218 3491 5286 prudente

1909 5299 2281 5363 commonitus,
2339 5299 2394 5354 in
2437 5300 2612 5354 laudes
2644 5298 2930 5370 Epipltanii
2983 5319 3245 5378 personas.
3283 5303 3383 5360 Hic
3415 5317 3488 5362 cst

1905 5389 1993 5443 ille
2015 5388 2206 5443 delirus
2232 5406 2402 5456 senex,
2435 5391 2516 5444 hic
2545 5400 2616 5445 est
2643 5393 3185 5465 Anthropomorpltites
3205 5438 3219 5462 ,
3249 5406 3354 5452 etc.
3387 5399 3492 5454 De-

1907 5480 2088 5549 nique,
2120 5491 2176 5535 ut
2202 5481 2412 5552 gemina
2458 5481 2541 5538 his
2567 5482 2671 5537 alia
2701 5483 2956 5554 pleraque
2991 5488 3483 5554 praztermittamus.

1910 5555 2156 5626 Hufﬁnus
2207 5571 2434 5643 ipsemet
2480 5572 2582 5628 sub
2611 5573 2772 5632 ﬁnem
2820 5574 3034 5646 Prologi
3074 5577 3128 5630 in
3168 5577 3484 5645 Apologiam

1909 5663 2171 5734 Pamphili
2222 5680 2328 5722 non
2375 5675 2554 5734 partes
2604 5679 2664 5720 se
2701 5665 2862 5721 modo
2915 5664 3142 5720 Joannis
3187 5665 3361 5733 sequi,
3387 5665 3486 5722 scd

1909 5771 2008 5812 nec
2038 5757 2194 5811 aliam
2239 5766 2424 5812 tenere
2479 5756 2635 5813 ﬁdem
2663 5756 2854 5826 jactat,
2887 5770 3046 5825 quam
3072 5770 3190 5826 quae
3211 5755 3487 5831 Jerosoly-
