4052 6338
551 372 620 429 05
1817 362 1874 417 S.
1917 353 2292 416 lllERONYill
2335 359 2511 414 VITA.
3755 371 3826 430 96

549 486 764 541 saltante
785 478 1037 540 Ecclesia:
1063 477 1132 533 ab
1158 474 1253 533 illo
1283 473 1687 546 praedicabatur.
1720 471 1865 540 liae,
1920 471 2112 542 inquit,

547 574 881 646 lerosolymis
921 575 974 626 in
1019 570 1249 626 Ecclesia
1283 568 1377 623 Dei
1424 585 1455 622 a
1488 567 1678 622 Sancto
1710 565 1986 621 Sacerdote
2012 569 2122 635 ejus

548 670 751 724 Joanne
773 666 1133 738 pra-dicantur.
1163 662 1289 716 Ha'c
1316 679 1406 716 nos
1449 677 1565 715 cum
1592 662 1707 730 ipso
1741 669 1789 714 et
1830 660 2044 712 dicimus
2069 667 2117 711 et

548 771 795 817 tenemus.

619 849 713 908 IV.
751 852 926 920 Atque
964 849 1076 904 haec
1104 854 1248 901 tanta
1289 843 1596 914 llieronymi
1633 842 1977 896 inimicorum
2004 855 2135 894 con-

544 943 772 1014 junctio,
807 956 1034 1011 quorum
1086 940 1312 992 alterum
1354 935 1822 1003 irazhnpoteutem
1874 931 2135 986 elferebat

547 1036 743 1106 gradus
770 1033 1080 1093 auctoritas,
1111 1032 1337 1084 alterum
1382 1027 1603 1082 offensa:
1643 1040 1832 1080 recens
1875 1024 2132 1076 amicitia:

548 1126 800 1196 suspicio.
827 1133 882 1178 et
901 1123 1124 1193 qua-sita
1154 1119 1402 1174 vindicta:
1433 1115 1803 1187 opportunitas
1825 1113 2129 1184 asperabat,

548 1221 634 1273 vix
662 1218 806 1272 dictu
836 1226 938 1281 est,
966 1229 1100 1286 quas
1136 1211 1195 1268 S.
1246 1213 1459 1266 Doetori
1489 1209 1763 1262 molestias
1785 1208 1998 1260 crearit.
2031 1206 2133 1256 Ac-

547 1309 710 1364 cessit
737 1317 913 1360 tamen
946 1304 1086 1358 unde
1111 1313 1161 1358 et
1187 1302 1307 1371 jure
1347 1301 1398 1354 in
1429 1299 1666 1368 speciem
1695 1297 1861 1366 qiuari
1889 1295 1956 1349 de
1991 1293 2128 1362 Epi-

548 1399 746 1469 phanio
765 1413 829 1452 ac
866 1397 1191 1465 llierouymo
1217 1393 1384 1447 videri
1422 1400 1662 1462 possent,
1687 1397 1779 1442 aut
1809 1387 1998 1442 saltem
2023 1399 2128 1454 quo

549 1491 740 1544 horum
771 1488 838 1543 de
878 1499 1022 1544 recta
1066 1487 1169 1540 fide
1209 1484 1596 1555 postulationes
1648 1480 1947 1542 eluderent,
1981 1478 2120 1531 rixa-

547 1593 772 1648 rumque
815 1591 1031 1632 causam
1083 1590 1318 1640 omnem,
1353 1584 1407 1628 et
1448 1577 1656 1642 culpant
1687 1572 1738 1624 in
1779 1585 1874 1624 eos
1915 1579 2131 1638 torque-

547 1681 687 1725 rent.
722 1669 1043 1735 Pauliniani,
1069 1669 1306 1737 inquam,
1335 1665 1513 1720 fratris
1546 1664 1877 1735 llieronymi,
1912 1662 2126 1716 ordina-

549 1761 627 1816 tio
647 1760 714 1815 ει)
743 1759 1044 1830 Epiphanio
1073 1759 1233 1822 facta,
1257 1756 1463 1812 Joanne
1492 1755 1556 1810 ad
1579 1755 1732 1825 cujus
1760 1754 1850 1808 ille
1871 1754 2129 1807 hactenus

550 1853 827 1922 parmtiam
857 1853 1206 1922 pertinuerat,
1240 1849 1561 1904 inconsulto.
1593 1847 1669 1902 Ita
1699 1863 1825 1900 vero
1867 1845 2047 1899 habuit
2070 1860 2129 1900 se

561 1956 670 2000 res.
700 1942 1048 2015 Jcrosolymis
1073 1943 1258 1996 abiens
1311 1939 1669 2011 Epiphanius,
1715 1938 1822 1992 into
1852 1938 2128 2006 aufugiens

555 2044 737 2102 noctu,
775 2035 846 2090 ob
890 2049 983 2089 eas
1027 2048 1159 2104 quas
1203 2033 1434 2087 diximus
1477 2046 1688 2094 causas,
1733 2031 1785 2084 in
1835 2030 2128 2084 Bethleemi

549 2139 610 2180 se
646 2125 981 2181 monasterio
1028 2125 1250 2193 recepit.
1303 2123 1467 2177 Multa
1523 2121 1592 2174 ibi
1644 2120 1711 2175 de
1755 2119 1943 2181 turbis,
1993 2135 2125 2188 quas

540 2215 778 2272 Joannes
803 2216 1119 2277 concitarat,
1143 2215 1316 2284 deque
1339 2223 1584 2282 suspecta
1611 2211 1727 2280 ejus
1749 2211 2126 2266 communione

543 2316 893 2376 conquestus,
922 2305 1118 2360 multos
1137 2305 1372 2359 vicissim
1401 2318 1433 2357 e
1477 2302 1754 2356 monachis
1782 2315 2123 2371 conqueren-

545 2409 625 2451 tes
663 2398 852 2460 audiit,
879 2395 1019 2465 quod
1043 2395 1423 2466 Presbyterum
1464 2409 1569 2448 non
1594 2393 1875 2459 haberent,
1913 2395 2003 2464 qui
2028 2393 2125 2449 Sa-

542 2489 650 2543 cris
677 2495 994 2557 aperaretur
1027 2507 1040 2542 :
1076 2495 1132 2540 et
1159 2486 1205 2539 si
1233 2500 1320 2540 res
1370 2484 1554 2550 terret,
1589 2491 1648 2537 ut
1677 2497 1736 2540 se
1762 2482 1830 2538 ab
1873 2483 2123 2554 Episc0pi

538 2576 971 2648 Jerosolymitani
999 2575 1378 2630 communione
1405 2574 1770 2644 sejungerent,
1800 2590 1959 2628 nemo
1989 2591 2126 2630 unus

538 2668 676 2739 apud
707 2682 766 2722 se
809 2675 993 2732 esset,
1046 2665 1134 2735 qui
1170 2665 1519 2719 Sacramenta
1577 2664 1892 2718 conficeret.
1941 2665 2124 2718 Enim-

538 2773 668 2812 vero
696 2756 1074 2827 Hieronymus,
1097 2766 1152 2810 et
1171 2754 1502 2819 Vincentius,
1526 2762 1584 2808 ut
1603 2753 1735 2807 alias
1755 2762 1996 2808 notatum
2019 2765 2122 2823 est,

536 2863 859 2920 quamquam
890 2845 1118 2901 fuissent
1144 2846 1282 2902 alter
1306 2845 1626 2911 Antiochiae,
1657 2843 1794 2899 alter
1818 2845 2126 2900 Constanti-

539 2943 720 3012 nopoli
750 2940 1130 3012 Presbyteratu
1160 2939 1371 3003 initiati,
1401 2954 1690 3007 numquam
1727 2948 1906 2994 tamen
1933 2940 2125 2995 adduci

535 3042 821 3104 potuerunt
856 3041 1064 3103 propter
1093 3031 1423 3086 reverentiam
1444 3040 1489 3083 et
1534 3030 1892 3095 humilitatem,
1924 3039 1981 3085 ut
2008 3032 2127 3085 offi-

533 3126 620 3181 cio
648 3124 740 3180 illo
777 3124 1142 3193 fungerentur,
1167 3136 1233 3178 ac
1254 3119 1449 3176 Noster
1475 3121 1723 3186 maxime,
1747 3121 1840 3192 qui
1880 3121 2123 3177 ordinem

535 3215 945 3277 ea_couditione
983 3222 1318 3283 susceperat.
1370 3210 1736 3282 Dignabantur
1786 3221 1966 3266 autem
2017 3227 2123 3267 uno

535 3323 726 3363 omnes
753 3322 850 3362 ore
875 3305 1266 3369 Paulinianum,
1293 3320 1359 3360 ex
1387 3319 1514 3375 quo,
1545 3305 1588 3358 si
1618 3304 1997 3374 Presbyterum
2035 3320 2122 3359 or-

535 3400 710 3454 dinari
738 3411 798 3462 se
825 3395 1117 3467 aliquando
1155 3397 1379 3459 sineret,
1412 3395 1700 3466 plurimam
1732 3395 1983 3449 universo
2002 3412 2120 3449 tuo-

535 3490 773 3545 nasterio
802 3487 1087 3542 utilitatem
1113 3485 1346 3541 reditum
1376 3487 1440 3539 iri
1481 3484 1844 3540 affirmabant.
1883 3485 1992 3541 Sed
2028 3496 2121 3542 aut

539 3583 732 3636 frustra
765 3588 1019 3644 tentatus,
1052 3586 1110 3631 ut
1151 3577 1284 3632 alias
1310 3590 1480 3644 stupe,
1507 3584 1635 3630 tunc
1661 3576 1750 3630 ille
1780 3584 1860 3630 est
1883 3576 2029 3646 (nam
2066 3585 2122 3631 et

535 3671 656 3740 fuga
713 3684 774 3725 se
829 3666 1119 3739 aliquando
1159 3666 1228 3719 ab
1275 3665 1538 3735 ejusmodi
1589 3664 1931 3719 ordinatione
1983 3667 2114 3722 sub-

534 3767 718 3838 traxit)
742 3775 832 3820 aut
863 3775 1222 3836 opportunam
1271 3772 1419 3818 certe
1444 3764 1614 3834 magis
1641 3764 1981 3820 occasionem
2017 3781 2115 3820 au-

532 3858 714 3928 cupari
747 3856 1074 3928 Epiphanius
1101 3856 1153 3910 in
1183 3855 1362 3910 animo
1382 3853 1586 3910 habuit.
1613 3855 1768 3910 Anno
1794 3855 1954 3925 igitur
1975 3858 2119 3912 inse-

534 3949 717 4020 quenti
760 3963 880 4003 cum
921 3962 987 4003 ex
1020 3946 1208 4002 eodem
1243 3946 1574 4001 monasterio
1613 3946 1828 4016 quidam
1880 3948 1948 4002 ad
1992 3965 2116 4004 eum

531 4041 853 4110 Episcopum
887 4048 1134 4109 agentem
1161 4049 1312 4103 tunc,
1341 4046 1400 4090 ut
1428 4037 1658 4104 videtur,
1687 4037 2114 4108 Eleuthempoli,

531 4132 690 4204 legati
718 4133 960 4197 fuissent,
987 4140 1045 4186 ut
1073 4132 1123 4185 ei
1155 4131 1336 4184 nescio
1355 4129 1548 4197 quibus
1574 4128 1643 4184 de
1683 4130 1860 4184 causis
1903 4129 2117 4184 satisfao

530 4233 739 4289 cerent,
770 4231 1023 4291 essetque
1061 4222 1202 4274 inter
1226 4233 1322 4274 eos
1349 4219 1689 4273 Pauliniauus
1714 4257 1730 4284 ,
1762 4219 1849 4272 ille
1878 4227 1932 4273 et
1958 4217 2116 4288 hujus

531 4314 804 4374 meritum,
831 4310 1072 4366 omnium
1106 4309 1490 4364 monachorum
1521 4309 1830 4363 testimonio
1855 4309 1955 4363 sibi
1982 4311 2110 4364 olim

528 4404 974 4474 comprobatum,
1029 4409 1085 4456 et
1134 4399 1508 4455 necessitatem
1550 4401 1860 4454 monasterii
1931 4417 2114 4457 secum

529 4497 710 4552 animo
735 4504 1006 4565 reputans,
1041 4493 1370 4562 propositum
1403 4491 1572 4544 sancti
1601 4491 1978 4557 adolescentis,
2010 4510 2114 4563 qua

531 4587 996 4644 adhortationibus
1017 4627 1032 4650 ,
1061 4599 1234 4657 quave
1261 4582 1500 4653 imperiis
1521 4584 1863 4652 expugnavit,
1882 4600 2113 4656 eumque

530 4679 754 4734 invitum
783 4675 951 4730 ferme
993 4691 1054 4730 ac
1102 4675 1450 4730 reluctantem
1497 4675 1668 4744 primo
1697 4673 2015 4741 Diacouum,
2067 4689 2114 4732 et

527 4779 799 4842 postquam
846 4766 1182 4832 ministravit,
1218 4782 1393 4820 rursus
1443 4762 1796 4835 Presbyterum
1823 4767 2108 4822 ordinavit.

528 4857 683 4927 Quod
748 4855 964 4926 quidem
1014 4869 1118 4909 non
1179 4856 1316 4909 intra
1365 4855 1830 4926 Jerosolytnitana:
1894 4857 2112 4912 ditionis

527 4948 662 5004 Jnes
686 4955 940 5014 praestare
967 4959 1128 4998 ausus
1155 4954 1259 5010 est,
1291 4945 1384 4998 sed
1424 4945 1478 4998 in
1521 4949 1825 5000 monasterio
1849 4947 2067 5017 fratrum
2093 4989 2107 5012 ,

524 5050 572 5093 et
595 5041 812 5110 fratrum
843 5035 1256 5105 Peregrinarum,
1307 5037 1393 5104 qui
1423 5039 1692 5105 provincia:
1733 5039 1954 5094 Joannis
1979 5042 2110 5094 nihil

526 5131 759 5182 deberent
789 5143 811 5183 :
840 5129 892 5182 in
925 5128 1274 5192 monasterio,
1303 5127 1542 5196 inquam,
1568 5127 1708 5197 quod
1745 5128 1895 5183 Vetus
1925 5132 2108 5200 appel-

528 5222 758 5284 labatur,
795 5221 935 5274 inter
955 5218 1342 5288 Jerosolymam
1363 5227 1417 5273 et
1458 5226 1752 5287 proximam
1785 5221 2104 5278 Eleuthero-

529 5312 692 5382 poliut
741 5311 886 5376 silo,
914 5319 1292 5376 exstructoque
1328 5309 1456 5363 olim
1500 5311 1568 5364 ab
1614 5311 1730 5379 ipso
1783 5311 2105 5382 Epiphanio.

529 5399 888 5459 Nihilominus
915 5404 966 5455 in
998 5418 1063 5456 eo
1087 5417 1144 5456 se
1188 5401 1420 5456 Joannes
1445 5403 1678 5470 graviter
1701 5405 1986 5468 offensura,
2017 5409 2108 5463 he-

531 5508 696 5566 anue
725 5493 960 5564 parmtitze
993 5508 1103 5548 sua:
1129 5494 1245 5561 jura
1287 5502 1538 5562 reputans
1560 5534 1574 5557 ,
1604 5496 1804 5550 exarsit
1842 5498 1937 5564 ira,
1973 5501 2107 5554 mul-

531 5596 689 5656 tuque
717 5584 959 5655 privatim
997 5595 1050 5639 et
1075 5585 1283 5654 publice
1311 5594 1635 5653 conquestus
1681 5594 1782 5648 est,
1826 5602 1938 5641 rem
1986 5604 2106 5645 sese

534 5679 787 5732 minitans
825 5675 964 5746 apud
1011 5689 1218 5741 omnes,
1259 5682 1312 5729 et
1354 5675 1584 5731 maxime
1613 5673 1978 5732 Occidentales
2008 5695 2102 5750 per

525 5771 730 5826 litteras
759 5770 1144 5840 evulgaturum.
1181 5758 1393 5825 Interim
1429 5767 1564 5822 hanc
1587 5768 1865 5840 pra-texuit
1893 5769 2100 5826 discor«

2239 471 2445 526 diarum
2476 473 2544 528 ab
2571 472 2902 545 Epiphanio,
2935 485 2990 531 et
3035 476 3360 552 Hieronymo
3407 495 3625 540 causam
3655 528 3672 553 ,
3701 501 3824 544 om-

2244 578 2474 633 nemque
2519 565 2573 619 in
2606 580 2699 620 eos
2732 567 3002 622 transtulit
3030 570 3367 636 querelarum
3403 573 3677 632 invidiam.
3716 580 3826 633 Au.

2241 667 2334 706 sus
2379 665 2458 707 est
2487 656 2645 709 etiam
2684 657 2919 714 scribere
2947 659 3012 713 ad
3042 660 3399 728 ΤΙιρομιιὶιιηη
3442 666 3783 725 Alexandria:
3806 714 3820 736 ,

2240 744 2377 811 quod
2401 757 2668 814 antequam
2697 746 3037 804 Paulinianus
3062 749 3332 822 Presbyter
3354 755 3514 822 ﬁeret,
3547 775 3822 827 numquam

2239 848 2294 886 se
2322 832 2472 902 Papa
2501 834 2825 904 Epiphanius
2851 856 3004 909 super
3033 841 3268 911 Origeuis
3315 860 3485 900 errore
3514 854 3819 907 convenerit.

2239 924 2390 988 Quod
2417 941 2624 980 rursum
2656 943 2759 981 non
2789 931 2908 983 sine
2942 932 3221 986 stomacho
3269 934 3433 989 refert
3459 937 3821 1012 Hieronymus

2242 1016 2476 1084 Epistula
2496 1018 2561 1072 ad
2591 1019 2841 1075 eumdem
2864 1021 3218 1091 Theophilum
3247 1025 3508 1084 LXXXII.
3541 1031 3821 1103 Antequam

2237 1109 2558 1164 ordinaretur
2585 1112 2747 1182 frater
2773 1130 2912 1167 meus
2954 1115 3658 1192 (Paulinianus),numquam
3689 1128 3820 1181 dixit

2237 1202 2394 1271 fuisse
2427 1204 2556 1256 inter
2595 1221 2651 1258 se
2677 1215 2723 1258 et
2752 1217 2982 1259 sanctum
3019 1205 3220 1277 Papam
3252 1208 3610 1281 Epiphaniam
3641 1220 3706 1271 de
3727 1219 3812 1272 do-

2235 1293 2485 1361 gmatibus
2512 1297 2853 1360 questiouem.
2880 1297 2948 1351 Et
2974 1315 3087 1369 qua:
3127 1317 3239 1354 eum
3266 1307 3398 1356 ratio
3445 1309 3777 1376 compellebat
3801 1351 3816 1374 ,

2236 1386 2362 1437 sicut
2384 1385 2490 1455 ipse
2516 1390 2718 1440 tandem
2743 1389 2939 1451 scribit,
2982 1391 3100 1442 imle
3123 1391 3255 1444 inter
3283 1395 3500 1463 papulas
3529 1399 3815 1467 disputare,

2235 1477 2369 1530 unde
2403 1493 2544 1530 nemo
2573 1479 2828 1547 querebat
2851 1481 2876 1533 Ρ
2919 1479 3025 1535 Nec
3057 1481 3180 1535 laesa
3227 1485 3388 1538 modo
3433 1489 3674 1554 paraatize
3705 1504 3817 1545 sua)

2231 1566 2372 1636 jura,
2417 1579 2703 1638 utcumque
2753 1579 2955 1626 temere
3005 1581 3061 1626 et
3095 1572 3266 1639 falso,
3311 1575 3404 1630 sed
3435 1588 3489 1632 et
3515 1578 3814 1636 Pauliniani

2235 1671 2446 1716 :ntatem
2499 1663 2739 1716 nondum
2823 1663 3097 1718 acerdotio
3144 1665 3387 1720 idoneam
3446 1671 3812 1727 causabatur:

2233 1769 2350 1823 qua:
2375 1753 2481 1808 duo
2507 1754 2564 1809 S.
2597 1753 2755 1809 Pater
2781 1757 2850 1808 ita
2881 1755 3136 1811 exsuﬂlat
3170 1774 3182 1810 :
3217 1757 3457 1822 Fratrem
3482 1778 3648 1816 meum
3693 1781 3816 1818 cau~

2231 1861 2340 1898 sam
2364 1845 2484 1898 dicit
2512 1861 2620 1898 esse
2645 1845 2910 1900 discordiae
2937 1888 2952 1912 ,
3001 1847 3252 1901 hominem
3282 1849 3369 1918 qui
3395 1852 3602 1918 quiescit
3628 1855 3678 1907 in
3706 1871 3815 1909 mo-

2232 1936 2441 1988 nasterii
2459 1935 2664 1999 cellula,
2695 1945 2742 1990 et
2769 1934 3075 1990 Clericatum
3105 1954 3204 1992 non
3245 1939 3482 1993 honorem
3512 1942 3813 2012 interpreta-

2230 2034 2315 2078 tur
2332 2065 2349 2091 ,
2381 2026 2470 2078 sed
2489 2042 2638 2079 onus.
2667 2025 2934 2092 Quumque
2962 2043 3053 2081 nos
3073 2043 3228 2097 usque
3253 2029 3322 2081 ad
3347 2042 3646 2098 prwsentettt
3676 2035 3810 2088 diem

2231 2115 2352 2184 [icta
2379 2116 2520 2185 pacis
2541 2117 2821 2170 ostentione
2847 2118 3127 2184 lactaverit,
3157 2118 3558 2176 Occidentalium
3583 2141 3812 2182 commo-

2229 2210 2299 2261 ttit
2327 2223 2498 2269 aures,
2541 2209 2715 2262 dicens
2741 2225 2858 2262 eum
2909 2211 3341 2266 adolescentulum
3371 2222 3417 2266 et
3445 2230 3572 2283 pene
3598 2233 3811 2285 puerum

2229 2299 2282 2352 in
2305 2299 2520 2368 partetia
2539 2304 2655 2352 'sua
2682 2297 2939 2352 Bethleem
2982 2297 3342 2370 Presbyterum
3370 2305 3714 2359 constitutum.
3751 2308 3812 2362 Si

2231 2391 2326 2444 hoc
2354 2406 2526 2444 verum
2555 2400 2667 2456 est,
2697 2390 2868 2444 cuncti
2916 2388 3185 2445 Palwstiui
3226 2390 3472 2464 EpiscOpi
3510 2411 3613 2450 non
3666 2397 3812 2468 igno-

2229 2491 2364 2537 rant.
2406 2481 2772 2537 Monasterium
2821 2483 2953 2536 enim
2982 2482 3045 2538 S.
3078 2482 3254 2539 Patris
3281 2484 3580 2556 Epiphanii,
3609 2492 3814 2548 notitiae

2242 2573 2392 2630 Vetus
2417 2575 2630 2640 dictum,
2662 2575 2714 2628 in
2742 2590 2842 2644 quo
2861 2579 3020 2646 frater
3037 2592 3174 2631 meus
3203 2578 3467 2635 ordinatus
3492 2591 3564 2635 est
3593 2581 3806 2658 Presby-

2228 2672 2326 2729 ter,
2357 2667 2412 2718 iu
2447 2662 2956 2734 Eleuthempolitano
2982 2667 3238 2721 territorio
3258 2709 3273 2734 ,
3297 2679 3344 2722 et
3372 2686 3474 2724 nou
3504 2671 3557 2725 in
3582 2671 3812 2729 zElimsi

2228 2755 2380 2809 situm
2399 2763 2492 2808 est.
2525 2753 2697 2808 Porro
2723 2765 2846 2810 tetas
2871 2757 2979 2826 ejus
3005 2765 3053 2810 et
3083 2755 3397 2812 Beatitudini
3423 2773 3525 2814 tute
3553 2771 3674 2815 nota
3713 2775 3808 2830 est,

2227 2855 2278 2899 et
2321 2861 2436 2898 cum
2460 2845 2528 2898 ad
2573 2846 2819 2916 tringinta
2862 2862 3112 2900 annorum
3154 2849 3320 2918 spatia
3346 2850 3461 2920 jam
3510 2855 3808 2921 pervenerit,

2230 2944 2352 3006 puto
2372 2951 2483 2989 eam
2515 2936 2569 2989 in
2611 2935 2708 2988 hoc
2739 2951 2839 2989 non
2867 2953 2974 2990 esse
2999 2937 3482 3007 reprehendendam,
3525 2958 3639 3010 qua:
3653 2944 3809 3013 juxta

2231 3028 2525 3100 mysterium
2540 3031 2786 3097 assumpti
2802 3028 3018 3082 hominis
3039 3029 3090 3082 in
3113 3029 3313 3084 Christo
3345 3034 3566 3101 perfecta
3586 3045 3680 3099 est,
3702 3047 3808 3090 etc.

2231 3121 2470 3190 Denique
2504 3127 2563 3174 ut
2597 3119 2714 3175 htec
2744 3132 2963 3189 possent
2989 3120 3196 3191 objecta
3241 3125 3508 3190 excusari,
3539 3123 3668 3179 illud
3703 3143 3809 3196 prae

2228 3214 2440 3268 czeteris
2480 3213 2531 3267 in
2569 3213 2776 3268 crimen
2814 3211 3080 3279 vocabat,
3109 3213 3249 3282 quod
3281 3213 3560 3284 promissis
3587 3197 3810 3285 Epipha-

2228 3301 2350 3361 nius
2378 3305 2658 3361 defuisset.
2683 3305 2977 3360 Asserebat
3001 3305 3144 3360 enim
3166 3347 3179 3370 ,
3211 3321 3269 3361 se
3309 3323 3398 3376 per
3422 3318 3652 3362 sanctum
3677 3308 3806 3363 Pre-

2227 3398 2480 3467 sbyterum
2500 3406 2548 3451 et
2578 3395 2814 3450 Abbatem
2835 3395 3200 3451 Monac/torum
3220 3395 3515 3467 Gregorium
3541 3400 3810 3455 mandasse

2227 3486 2326 3551 illi,
2356 3502 2420 3540 ne
2457 3502 2755 3556 quemquam
2781 3486 3070 3550 ordinaret;
3103 3497 3157 3540 et
3203 3486 3292 3541 ille
3321 3486 3415 3539 hoc
3445 3487 3702 3555 pollicitus
3743 3491 3808 3544 sit

2226 3576 2398 3630 dicens
2429 3591 2448 3629 :
2481 3573 2746 3645 Numquid
2774 3575 2972 3641 iuvenis
3019 3591 3153 3640 sum,
3203 3585 3292 3628 aut
3321 3592 3539 3630 canones
3584 3578 3807 3648 ignoro.’

2297 3667 2359 3721 V.
2391 3667 2514 3721 "me
2555 3667 2643 3721 ille
2671 3666 2970 3736 Epiphanio
2995 3666 3220 3721 crimina
3246 3665 3532 3735 objiciebat
3570 3684 3690 3738 qua:
3717 3669 3805 3723 hic

2223 3757 2430 3812 diluere
2463 3757 2646 3812 statim
2675 3757 2866 3826 sategit
2894 3757 3005 3810 miti
3037 3755 3297 3826 Epistola,
3327 3772 3445 3826 qum
3473 3773 3613 3812 nunc
3659 3759 3799 3813 inter

2226 3847 2666 3918 Hieronymianas
2716 3844 3150 3916 quinquagesima
3216 3847 3384 3915 prima
3441 3847 3688 3902 habetur.
3739 3849 3804 3902 Et

2227 3938 2455 4006 primum
2483 3935 2697 4007 quidem
2719 3976 2735 4002 ,
2765 3936 2834 3991 de
2858 3935 2989 3990 laeso
3015 3935 3218 3990 scilicet
3259 3936 3497 4004 parastia:
3522 3936 3800 4009 Jerosoly-

2227 4029 2440 4082 nutante
2455 4028 2597 4096 jure,
2630 4026 2818 4082 iisdem
2841 4025 3030 4091 ferme,
3059 4041 3176 4095 qum
3198 4026 3355 4080 modo
3380 4042 3446 4080 ex
3473 4026 3801 4100 Hieronymo

2224 4120 2638 4175 dcliberavimus
2668 4117 2844 4172 verbis
2872 4117 3051 4185 (unice
3080 4117 3223 4172 enim
3249 4132 3374 4171 vera
3405 4120 3687 4188 responsio
3716 4121 3800 4175 illa

2223 4211 2351 4277 est)
2395 4208 2609 4264 refutat.
2639 4208 2881 4263 Alterum
2911 4207 2979 4262 de
3005 4207 3300 4262 Pauliniani
3342 4208 3578 4262 nondum
3607 4209 3800 4265 idonea

2223 4300 2289 4352 ad
2341 4297 2776 4371 Presbyteratum
2842 4306 3001 4352 astate
3063 4311 3282 4366 prorsus
3349 4297 3608 4368 negligit,
3658 4299 3801 4369 quod

2225 4404 2416 4458 nempe
2442 4389 2630 4442 falsum
2657 4397 2948 4452 constaret,
2963 4387 3181 4458 jamque
3203 4388 3480 4457 explosum
3500 4388 3796 4446 videretur.

2224 4482 2464 4536 Tertium
2489 4495 2620 4537 vero
2650 4479 2733 4536 his
2760 4481 2992 4550 gravius,
3026 4494 3132 4550 quo
3163 4479 3381 4534 minime
3426 4480 3642 4534 stetisse
3673 4495 3804 4536 con-

2222 4574 2398 4630 ventis
2417 4572 2716 4639 dicebatur,
2743 4573 2812 4626 ita
2842 4571 2942 4626 sub
2965 4570 3298 4640 jurejurandi
3321 4569 3682 4625 obtestatione
3704 4570 3802 4624 abs

2221 4683 2279 4721 se
2309 4674 2568 4722 removet.
2597 4664 2752 4730 Audi,
2796 4664 2983 4733 inquit,
3025 4661 3281 4715 veritatem
3325 4661 3380 4714 in
3405 4675 3634 4713 sermone
3663 4658 3783 4725 Dei,

2225 4774 2302 4810 me
2331 4757 2424 4810 hoc
2448 4773 2538 4810 nec
2567 4755 2769 4808 audisse
2790 4796 2805 4820 ,
2840 4769 2929 4807 nec
2953 4767 3119 4815 nosse,
3149 4767 3237 4805 nec
3265 4751 3410 4804 istius
3437 4751 3684 4804 sermonis
3717 4767 3803 4818 pe-

2223 4851 2356 4903 uitus
2384 4849 2660 4903 recordari.
2691 4847 2992 4916 Suspicatus
3019 4854 3184 4898 autem
3227 4859 3357 4908 sum,
3389 4859 3452 4895 ne
3475 4846 3692 4912 forsitan
3719 4843 3802 4896 ia-

2223 4951 2296 4992 ter
2321 4941 2497 5004 multa,
2525 4941 2668 5010 quasi
2696 4939 2844 4990 homo
2887 4935 3068 4989 oblitus
3116 4949 3292 4998 essent,
3337 4943 3385 4986 et
3429 4931 3489 4986 ob
3521 4934 3654 4986 hanc
3683 4951 3802 4986 cau-

2222 5048 2331 5084 sam
2381 5041 2610 5084 sanctum
2655 5027 2955 5098 Gregorium
2995 5026 3268 5079 suscitatus
3296 5042 3428 5087 sum,
3459 5034 3506 5078 et
3547 5023 3801 5080 Zenonem

2224 5122 2603 5194 Presbyterum,
2627 5123 2711 5190 qui
2737 5135 2850 5174 cum
2873 5135 2930 5172 eo
2949 5127 3043 5173 est.
3062 5117 3108 5172 E
3135 5118 3316 5187 quibus
3331 5117 3498 5172 Abbas
3526 5117 3802 5189 Gregorius

2222 5214 2498 5282 respondit,
2533 5228 2586 5266 se
2613 5212 2707 5264 hoc
2733 5210 2931 5280 penitus
2953 5209 3208 5280 ignorare.
3251 5207 3426 5263 Zenon
3451 5220 3621 5262 autem
3645 5210 3796 5273 diait,

2221 5305 2340 5369 quia
2355 5319 2470 5355 cum
2500 5301 2570 5354 eis
2601 5299 2867 5369 Presbyter
2888 5297 3121 5369 Ilufﬁnus
3146 5301 3313 5353 nescio
3338 5314 3453 5366 qua
3473 5297 3579 5353 alia
3606 5302 3802 5353 transi-

2220 5394 2346 5446 t0rie
2371 5393 2672 5461 loqueretur,
2702 5392 2854 5443 etiam
2901 5391 2995 5443 hoc
3040 5390 3222 5443 dixerit
3260 5407 3279 5444 :
3323 5389 3553 5444 Putasne
3600 5391 3801 5456 aliquos

2221 5485 2547 5537 ordinaturus
2571 5491 2642 5534 est
2663 5489 2867 5533 sanctus
2895 5480 3180 5549 Episcopus
3203 5480 3229 5533 .’
3253 5488 3299 5532 rt
3320 5480 3576 5547 hucusque
3604 5481 3802 5535 stetisse

2218 5590 2516 5629 sermonem.
2570 5572 2682 5644 Ego
2732 5581 2897 5626 autem
2945 5572 3271 5642 Epiphanius
3313 5587 3404 5625 nec
3449 5572 3622 5626 audivi
3649 5573 3802 5643 quid.

2215 5689 2388 5744 quam,
2420 5689 2510 5726 nec
2551 5673 2806 5740 respondi.
2842 5669 3036 5729 Mulcet
3072 5670 3301 5741 denique
3332 5672 3634 5729 mitioribus
3679 5691 3803 5729 vcr-

2220 5768 2300 5822 bis
2335 5765 2607 5820 hominem
2635 5762 2840 5818 rixandi
2869 5761 3101 5827 avidum,
3128 5777 3291 5831 seque
3320 5763 3386 5815 ab
3410 5779 3475 5818 eo
3504 5767 3798 5835 appetitum
