4052 6338
279 337 365 393 97

281 453 638 509 demonstrat
696 467 804 510 non
849 453 921 510 ob
965 452 1270 523 impositum
1319 451 1534 523 quidem
1577 450 1892 509 Pauliniano

280 543 628 615 Presbyterii
658 545 1025 601 characterem
1044 584 1060 610 ,
1109 544 1203 600 sed
1231 545 1301 600 ob
1327 547 1714 616 reprehensum
1745 544 1798 599 in
1823 559 1890 598 eo

280 636 528 690 studium
556 636 1012 707 Origenianorum
1037 636 1372 705 dogmatum,
1417 652 1447 690 a
1486 637 1683 706 quibus
1710 635 1888 690 denuo

281 737 351 783 ut
371 729 473 783 sibi
499 739 721 796 caveat,
754 729 944 784 sedulo
973 728 1234 783 hortatur.
1265 726 1340 782 Te
1362 738 1551 792 autent,
1577 729 1672 790 ait,
1701 729 1884 797 frater,

281 819 463 872 liberet
489 818 656 886 Deus,
683 828 734 873 et
771 829 997 874 sanctum
1025 818 1272 889 populum
1303 818 1511 882 Christi,
1541 820 1627 887 qui
1658 818 1747 870 tibi
1775 832 1884 870 ενα·

277 909 423 962 ditus
452 919 549 974 est,
585 923 634 964 et
659 926 834 964 omnes
875 911 1061 980 fratres
1087 912 1173 980 qui
1210 919 1371 964 tecum
1397 919 1536 975 sunt,
1589 919 1636 964 et
1663 909 1884 962 maxime

284 998 549 1070 Ruﬁnum
589 999 947 1073 Presbyterum
977 1003 1038 1056 ab
1065 1004 1247 1057 lateresi
1270 1002 1533 1073 Origenis,
1561 1012 1607 1056 et
1631 1001 1746 1056 aliis
1772 1002 1883 1055 lue-

282 1092 508 1157 rcsibas,
539 1103 588 1146 et
624 1095 915 1162 perditione
952 1110 1146 1148 eorum.
1200 1093 1360 1148 Missa
1405 1093 1646 1160 Epistola
1677 1103 1757 1146 est
1787 1107 1881 1161 per

274 1181 551 1237 Clericum
603 1199 701 1238 seu
743 1184 1022 1242 Lectorem
1052 1204 1066 1240 :
1099 1187 1375 1256 ipsamque
1424 1186 1767 1238 authenticam
1823 1185 1876 1238 in

274 1288 437 1326 manu
466 1273 674 1329 Bullini
707 1277 900 1329 venisse
936 1275 1280 1348 (quamquam
1320 1277 1434 1345 ipse
1479 1277 1727 1345 ignorare
1754 1290 1873 1330 eam

275 1378 336 1417 se
360 1363 661 1433 aliquando
687 1367 1062 1437 simulaverit)
1094 1368 1150 1421 S.
1183 1368 1382 1422 Doctor
1422 1367 1560 1421 libro
1587 1366 1654 1421 ΙΙΙ
1683 1377 1869 1420 contra

274 1457 528 1513 eumdem
555 1461 736 1514 evicit.
760 1460 828 1515 Et
849 1475 979 1515 sane
1005 1461 1280 1516 debuisset
1307 1460 1610 1528 hujusmodi
1634 1460 1870 1514 ollicinm

273 1547 721 1621 Jerosolymitani
769 1552 1034 1607 Antistitis
1069 1554 1304 1606 animum
1349 1551 1682 1622 recolligere,
1715 1567 1870 1606 cum-

273 1655 376 1710 que
406 1641 750 1710 Epiphanio,
779 1654 830 1697 et
875 1643 1200 1714 Hieronymo
1243 1644 1332 1714 qui
1364 1643 1431 1696 ab
1460 1643 1576 1711 ejus
1627 1643 1868 1711 partibus

269 1729 466 1794 stabat,
506 1747 695 1801 pacem
739 1734 1189 1802 concordiamque
1223 1733 1502 1788 reducere.
1551 1734 1740 1787 Evenit
1789 1742 1869 1787 ta-

267 1835 386 1876 men
413 1825 638 1892 penitus
667 1839 698 1878 e
723 1826 1017 1879 contrario.
1048 1825 1271 1880 Summo
1303 1825 1390 1879 illa
1418 1839 1539 1878 cum
1571 1825 1754 1893 plausu
1794 1825 1864 1878 ab

263 1911 382 1966 aliis
406 1922 612 1982 prmter
650 1913 916 1970 Joannem
945 1915 1170 1986 ejusque
1201 1917 1484 1984 partiarios
1529 1926 1750 1985 excepta
1777 1926 1862 1970 est

262 2001 526 2074 Epistula,
558 2005 788 2075 ejusque
816 2007 1129 2076 exemplaria
1157 2006 1387 2059 certatim
1432 2005 1727 2059 Palaestina.-
1775 2023 1862 2058 ra-

257 2100 534 2165 piebantur
565 2104 642 2155 vel
683 2102 743 2155 ob
775 2102 1011 2156 Auctoris
1048 2103 1305 2165 meritum,
1336 2101 1413 2155 vel
1441 2101 1502 2153 ob
1553 2101 1857 2171 elegantiam

255 2194 528 2246 sermonis.
577 2193 634 2247 Id
693 2208 822 2247 vero
874 2193 1045 2262 ipsum
1095 2192 1262 2260 magis
1325 2191 1600 2261 magisque
1650 2195 1856 2244 animos

252 2283 482 2340 Joannis
531 2284 908 2354 exasperabat,
957 2285 1046 2353 qui
1094 2283 1278 2337 laudes
1327 2282 1466 2343 illas.
1521 2282 1856 2352 gratiamque

253 2375 518 2431 adversus
549 2375 908 2445 Epiphaniam
939 2375 991 2429 in
1039 2375 1120 2429 sui
1151 2373 1533 2427 contumeliam
1563 2371 1856 2426 transfere-

254 2466 356 2521 bat.
406 2467 508 2520 Illa
562 2482 654 2536 per
685 2466 958 2518 multorum
1006 2480 1099 2517 ora
1141 2461 1397 2526 volitabat,
1435 2473 1483 2515 et
1535 2463 1852 2516 mirabantur

251 2573 356 2610 eam
388 2557 541 2610 docti
577 2555 804 2625 pariter,
851 2564 896 2607 et
935 2553 1169 2607 indocti:
1198 2554 1310 2622 ipse
1339 2552 1534 2606 nodum
1580 2554 1630 2606 in
1673 2553 1850 2623 scirpo

251 2664 520 2719 qnzrrere,
551 2655 773 2715 captare
801 2644 1158 2710 rumusculos,
1187 2644 1428 2698 tristitias
1456 2654 1509 2697 et
1537 2643 1681 2696 rixas
1709 2643 1848 2697 inter

250 2739 441 2796 fratres
482 2740 794 2803 concitare,
846 2746 901 2792 et
929 2737 1080 2805 queri
1109 2751 1263 2790 suam
1305 2735 1575 2791 hzereseos
1601 2744 1724 2789 nota
1749 2735 1847 2789 do-

247 2833 475 2885 ctrinam
501 2829 772 2898 fidemque
803 2826 1087 2897 perstringi
1121 2840 1378 2894 perquam
1411 2825 1692 2893 injuriose,
1721 2841 1842 2896 qua:

247 2921 310 2975 ab
329 2918 650 2976 Orthodoxa
679 2919 903 2973 veritate
927 2915 1064 2971 adeo
1093 2932 1198 2970 non
1218 2916 1602 2979 desciscerent,
1637 2924 1693 2969 ut
1719 2930 1837 2970 eam

246 3011 425 3081 potius
449 3011 519 3063 ab
546 3008 1008 3073 adversariorum,
1036 3007 1113 3061 uti
1144 3006 1342 3070 aiebat,
1369 3006 1665 3061 rusticitate
1686 3021 1838 3061 asse-

245 3108 514 3155 rerentac
539 3098 899 3152 vindicarent.
931 3096 1122 3165 PejOre
1167 3095 1287 3150 loco
1315 3109 1400 3150 res
1425 3107 1538 3150 erat
1560 3137 1576 3160 ,
1610 3096 1750 3165 quod
1783 3096 1834 3150 in

243 3199 493 3260 promptu
534 3189 608 3243 illi
651 3199 815 3254 esset,
858 3205 886 3241 a
915 3187 1106 3258 quibus
1135 3187 1292 3240 etiam
1325 3201 1514 3257 poenas
1542 3197 1830 3255 repeteret,

145 3300 157 3312 -
241 3287 296 3334 et
321 3279 375 3334 in
401 3278 692 3350 quosiram
715 3277 1017 3333 effunderet
1043 3277 1411 3346 expleretque.
1445 3277 1830 3348 Hieronymum

236 3385 433 3440 quam,
463 3367 617 3438 cujus
665 3369 961 3439 praesertim
1014 3382 1172 3422 causa
1219 3376 1397 3422 motus
1458 3368 1591 3422 istos
1643 3369 1829 3423 conci-

238 3469 376 3513 tatos
415 3459 666 3524 volebat,
699 3466 755 3514 et
781 3459 868 3528 qui
900 3457 1000 3512 sub
1029 3459 1145 3527 ipso
1175 3466 1329 3512 erant
1373 3456 1570 3512 fratres
1597 3499 1611 3523 ,
1639 3467 1827 3528 utpote

237 3549 502 3604 doctrinis
530 3549 720 3604 iisdem
745 3563 810 3604 ac
825 3549 1016 3603 studiis
1048 3548 1301 3602 imbutos.

300 3639 392 3695 Vl.
421 3639 530 3696 Sed
558 3640 792 3695 nondum
817 3649 993 3695 tamen
1021 3639 1414 3695 communionis
1438 3641 1690 3710 utrinque
1719 3640 1819 3696 ab-

231 3740 389 3801 rupta
431 3731 663 3786 societas
703 3740 854 3794 erat,
888 3746 1045 3800 quam
1090 3738 1238 3784 certe
1271 3729 1626 3798 Epiphaniam
1655 3729 1722 3785 ad
1767 3730 1820 3785 id

231 3835 400 3891 usque
429 3820 689 3889 temporis
715 3820 1039 3885 custodisse,
1066 3827 1174 3872 tota
1206 3819 1293 3873 illa
1335 3817 1572 3886 Epistola
1620 3820 1816 3889 prodit,

231 3910 318 3966 ubi
345 3911 430 3966 vel
470 3925 529 3965 se
578 3911 630 3965 in
681 3909 943 3965 Joannem
985 3908 1217 3963 habuisse
1263 3907 1542 3973 caritatem,
1570 3923 1731 3978 quam
1773 3911 1818 3964 is

227 4001 472 4057 studiose
498 3999 771 4070 diruptam
816 4002 937 4062 iret,
968 4001 1051 4053 vel
1079 4014 1179 4068 pro
1208 3999 1326 4068 ipso
1357 3998 1407 4052 in
1435 3998 1666 4067 publicis
1689 4014 1814 4069 pre-

225 4091 377 4147 cibus
406 4106 469 4146 se
497 4104 654 4146 orare
682 4089 897 4144 solitum
925 4131 940 4155 ,
971 4088 1226 4144 declarat.
1259 4088 1502 4142 Produnt
1526 4090 1688 4144 etiam
1727 4090 1814 4144 illa

226 4183 396 4238 multo
421 4182 768 4246 luculentius,
799 4182 990 4252 quibus
1017 4181 1262 4236 eumdem
1305 4179 1565 4235 Joannem
1609 4191 1810 4246 mouet,

224 4284 281 4327 ut
305 4273 376 4328 ab
403 4272 638 4342 Origene
669 4271 905 4336 recedat,
958 4271 1010 4324 in
1040 4285 1147 4342 quo
1173 4271 1255 4324 sin
1296 4270 1473 4325 minus
1509 4270 1610 4325 sibi
1651 4270 1810 4326 obse-

225 4379 394 4434 quens
445 4361 640 4428 fuerit,
679 4362 994 4418 minitantur
1047 4361 1194 4415 velut
1261 4360 1453 4430 pedem
1497 4361 1710 4415 oculum
1749 4377 1813 4417 ac

225 4472 466 4520 manum,
511 4469 631 4525 qua:
660 4454 913 4509 seandalo
953 4453 1093 4518 sint,
1123 4453 1274 4522 juxta
1301 4452 1571 4522 Evangelii
1607 4469 1808 4523 praece-

225 4556 393 4616 ptum,
426 4545 525 4599 abs
556 4559 614 4599 se
641 4541 909 4600 abCissum
939 4544 1026 4597 iri.
1057 4543 1125 4597 Et
1162 4559 1269 4610 vos,
1301 4544 1492 4613 inquit,
1523 4545 1629 4598 sive
1676 4545 1811 4598 oculi

223 4636 367 4689 uestri
387 4677 403 4701 ,
436 4636 541 4689 sive
567 4636 720 4705 pedes
750 4635 947 4705 fueritis
972 4675 987 4700 ,
1028 4634 1220 4688 similia
1259 4634 1583 4688 sustinebitis.
1627 4635 1809 4704 Neque

225 4727 362 4780 enim
373 4725 712 4790 sustinuistis,
734 4724 886 4791 dixit,
904 4733 995 4778 aut
1009 4725 1285 4789 sustinetis,
1301 4724 1393 4779 sed
1409 4725 1731 4792 stutinebitis,
1752 4733 1808 4779 ut

227 4815 463 4870 nondum
493 4814 560 4870 ab
586 4814 704 4884 ejus
730 4830 788 4869 se
814 4815 1195 4870 communione
1216 4828 1498 4884 separasse
1524 4815 1804 4884 signiticet,

225 4919 340 4959 cum
387 4904 505 4959 hac
527 4905 810 4960 scriberet.
842 4905 996 4973 Quod
1036 4904 1081 4960 si
1111 4905 1346 4960 nondum
1375 4905 1489 4975 ipse
1527 4921 1607 4969 se,
1636 4905 1809 4961 multo

224 4997 399 5051 minus
437 4994 735 5050 monachos
763 4995 1146 5052 Bethleemitas
1171 4994 1240 5050 ab
1271 4995 1522 5065 Episcopi
1557 4996 1642 5050 sui
1667 4998 1807 5051 cari-

222 5091 327 5141 tate
346 5086 553 5157 sejungi
579 5095 706 5140 tunc
733 5086 986 5151 voluisse,
1027 5083 1295 5155 putandus
1323 5095 1427 5140 est.
1459 5085 1600 5152 Quin
1626 5087 1804 5155 potius

221 5185 439 5246 apparet
460 5191 525 5230 ex
557 5175 866 5248 Hieronymi
895 5184 1083 5232 contra
1111 5176 1372 5232 Joannem
1406 5176 1566 5244 libro,
1593 5177 1799 5232 litteras

221 5265 284 5321 ad
311 5282 408 5323 eos
433 5267 653 5322 dedisse
673 5308 688 5333 ,
719 5267 914 5338 quibus
961 5268 1214 5323 monebat
1232 5308 1249 5332 ,
1283 5275 1342 5322 ut
1380 5267 1432 5322 in
1461 5268 1599 5337 ejus,
1626 5268 1803 5338 quoad

223 5356 331 5414 ﬁeri
355 5367 590 5430 poterat,
619 5361 998 5415 communione
1018 5367 1341 5431 pet-starent.
1364 5359 1470 5416 Sed
1497 5361 1678 5430 utique
1702 5361 1804 5414 ali-

221 5462 416 5522 quanto
457 5459 617 5524 post,
646 5467 766 5506 cum
800 5466 974 5522 neque
1020 5451 1272 5521 Epistula:
1317 5466 1433 5507 sua:
1482 5465 1799 5520 responsum

220 5543 451 5603 Joannes
481 5547 702 5611 faceret,
751 5561 926 5616 neque
979 5547 1218 5602 revocari
1246 5546 1312 5601 ad
1357 5545 1634 5600 meliorem
1699 5545 1803 5601 fru-

219 5653 332 5706 gem
363 5653 528 5710 posse
555 5637 828 5694 videretur
853 5679 869 5705 ,
899 5639 1008 5693 imo
1038 5651 1167 5692 vero
1194 5639 1430 5708 majores
1457 5636 1508 5692 in
1536 5637 1652 5693 dies
1693 5648 1803 5692 tur-

219 5728 306 5784 bas
347 5728 670 5795 concitaret,
715 5727 1128 5797 oblirmarctque
1178 5727 1228 5780 in
1279 5725 1509 5794 Origene
1559 5727 1798 5796 patroci-

1573 335 1630 392 S.
1674 331 2052 393 HIEBONYMI
2093 333 2275 392 VITA.

3513 359 3584 417 98

2007 450 2184 507 nando
2211 454 2468 520 animum,
2494 465 2684 513 auctor
2711 456 2815 516 illis
2844 460 2960 530 fuit,
2993 480 3060 521 ne
3093 474 3294 526 temere
3317 470 3580 542 imposte-
3619 533 3622 537 ,

1997 559 2113 598 rum
2135 560 2258 600 cum
2297 547 2388 602 illo
2413 551 2872 608 communicarent
2899 595 2916 621 ,
2960 571 3023 612 ac
3047 559 3149 615 nisi
3197 562 3346 631 prius
3374 563 3442 620 de
3473 565 3578 622 title

1995 634 2353 704 satisfaceret,
2377 639 2444 693 ab
2456 639 2575 710 ejus
2591 645 2970 701 communione
2989 651 3207 706 omnino
3223 653 3576 712 abstinerent.

1993 723 2127 778 Cum
2158 727 2317 795 igitur
2343 728 2472 784 dare
2498 731 2589 786 ille
2621 731 2745 787 lidci
2771 735 3192 794 satisfactionem
3237 745 3440 811 nollet,
3485 763 3570 802 se-

1991 817 2288 878 cessionem
2347 819 2415 874 ab
2462 837 2529 877 eo
2575 825 2836 890 fecerunt,
2889 827 3188 898 Epiphanio
3230 845 3464 902 auctore,
3520 848 3577 893 et

1993 905 2355 979 Hieronymo,
2384 922 2442 966 ut
2487 913 2615 968 nihil
2670 915 3032 983 dissimulem,
3077 921 3234 976 duce.
3286 923 3574 982 Enimvero

1988 1010 2107 1048 etnn
2138 998 2257 1052 fidei
2288 1003 2556 1070 negotium
2578 1005 2856 1074 agebatur,
2878 1010 3081 1063 nullum
3103 1010 3190 1066 hic
3207 1013 3421 1069 volebat
3442 1031 3568 1076 esse

1987 1085 2394 1146 dissimulationi
2431 1093 2604 1149 locum
2629 1113 2645 1161 ;
2681 1097 2795 1164 ipse
2823 1109 3002 1154 autem
3027 1117 3364 1171 nequaquam
3395 1107 3568 1176 impe-

1987 1186 2129 1234 trare
2155 1180 2250 1235 abs
2273 1197 2333 1237 se
2382 1185 2498 1253 ipso
2529 1194 2739 1254 poterat
2765 1228 2779 1251 ,
2811 1198 2869 1244 ut
2894 1205 3016 1246 cum
3045 1191 3323 1259 hanretieo,
3353 1206 3442 1249 aut
3471 1197 3562 1268 qui

1983 1273 2100 1334 ejus
2128 1271 2265 1325 labis
2311 1275 2620 1343 suspicione
2647 1276 2952 1348 laboraret,
2979 1281 3242 1337 sinceram
3274 1287 3326 1340 in
3353 1285 3568 1343 Christo

1984 1374 2167 1428 pacem
2193 1363 2643 1434 concordiamque
2671 1366 2915 1423 haberet.
3542 1427 3545 1432 ,

2055 1449 2164 1504 νη.
2197 1451 2345 1508 Tunc
2377 1470 2504 1510 vero
2551 1461 2635 1511 vix
2665 1458 2840 1513 dictus
2879 1471 2959 1515 est
2983 1503 3000 1527 ,
3045 1474 3296 1532 quantam
3325 1465 3562 1526 Joannes

1979 1541 2052 1595 illi
2081 1543 2219 1611 apud
2244 1559 2434 1599 omnes
2460 1549 2740 1602 virulentis
2765 1551 3247 1609 obtrectationibus
3276 1557 3553 1621 invidiam.

1976 1643 2030 1685 ct
2058 1648 2190 1700 quas
2213 1635 2435 1690 asseelis
2465 1637 2580 1704 ejus
2626 1638 2900 1694 molestias
2946 1646 3160 1699 crearit.
3193 1645 3560 1710 Calumniatus

1973 1724 2229 1778 continuo
2253 1734 2336 1779 est
2360 1767 2376 1791 ,
2418 1728 2559 1796 quod
2591 1727 2869 1784 Ecclesium
2901 1728 2998 1786 Dei
3037 1736 3320 1792 sciudere'nt
3344 1780 3358 1804 ,
3388 1750 3556 1811 atque,

1974 1817 2239 1881 proprium
2278 1817 2372 1871 sibi
2402 1819 2624 1887 facerent
2667 1823 3009 1889 principatum
3043 1840 3062 1878 :
3087 1827 3394 1898 dnriterquc
3421 1832 3558 1886 adeo

1972 1904 2196 1970 habuit,
2230 1915 2286 1960 ut
2312 1909 2470 1962 etiam
2504 1926 2600 1978 pro
2631 1913 2907 1982 sacrilegis
2937 1915 3262 1984 traduceret,
3295 1930 3460 1990 atque
3489 1923 3556 1976 ab

1967 1997 2112 2050 omni
2139 2014 2317 2052 rerum
2347 2015 2621 2056 sacrarum
2643 2017 2762 2068 usu,
2794 2013 2953 2074 atque
2983 2011 3099 2074 ipso
3134 2008 3554 2070 Belltleemiticat

1966 2090 2213 2144 eCCICroiil‘.
2251 2093 2488 2160 ingressu
2536 2093 2866 2161 prohiberet.
2895 2095 3150 2161 Quaedam
3179 2114 3300 2168 qua:
3329 2103 3545 2160 molitus

1964 2190 2046 2232 est
2092 2179 2218 2242 illis.
2267 2190 2358 2234 aut
2403 2196 2593 2247 reapse
2638 2183 2817 2238 intulit
2844 2185 3007 2247 mala,
3041 2187 3206 2240 refert
3236 2189 3348 2256 ipse
3377 2191 3552 2249 obiter

1963 2268 2020 2324 S.
2048 2271 2202 2323 Pater
2223 2271 2324 2324 sub
2352 2270 2510 2325 linem
2535 2271 2679 2337 libri,
2697 2289 2856 2342 quem
2882 2284 3068 2329 contra
3101 2277 3271 2345 ipsum
3300 2280 3366 2334 ad
3393 2281 3549 2337 Parti-

1962 2360 2230 2414 machium
2263 2361 2519 2430 scripsit,
2565 2372 2620 2416 et
2653 2379 2772 2432 qua:
2803 2375 3019 2432 przestat
3046 2367 3115 2422 ab
3155 2368 3273 2437 ipso
3311 2372 3497 2429 audire
3528 2392 3544 2432 :

1959 2451 2036 2504 An
2081 2467 2180 2505 non
2230 2461 2285 2504 tu
2341 2455 2510 2522 potius
2551 2455 2742 2509 scindis
2783 2455 3085 2524 Ecclesium,
3127 2463 3216 2528 qui
3255 2466 3544 2535 prlecepisti

1955 2539 2213 2594 Bethleem
2241 2540 2554 2612 Presbyteri:
2580 2545 2680 2596 tuis
2699 2584 2714 2609 ,
2747 2561 2808 2599 ne
2833 2545 3246 2616 Competentibus
3273 2555 3462 2608 nostris
3482 2555 3536 2610 in

1957 2628 2163 2683 Pascha
2196 2629 2521 2699 Baptismum
2549 2633 2828 2698 traderent,
2859 2652 2986 2703 quos
3025 2655 3118 2694 nos
3159 2639 3441 2711 Diospolim
3473 2646 3542 2699 ad

1953 2718 2300 2789 Confessorem
2347 2729 2392 2774 et
2421 2718 2731 2792 Episcopum
2769 2725 2999 2780 misimus
3037 2728 3342 2800 Dionysium
3364 2732 3536 2802 bapti-

1948 2813 2182 2868 zandos?
2210 2813 2492 2868 Ecclesium
2521 2816 2754 2871 scindere
2778 2819 3016 2883 dicimur,
3049 2823 3136 2891 qui
3162 2833 3307 2877 extra
3324 2825 3535 2881 cellulas

1948 2913 2144 2956 nostras
2173 2904 2340 2957 locum
2365 2903 2614 2960 Ecclesia
2643 2923 2744 2959 non
2773 2907 3058 2964 habemus?
3084 2911 3164 2965 Αη
3194 2929 3296 2967 non
3324 2923 3378 2966 tu
3398 2916 3532 2972 scin-

1945 2994 2025 3046 dis
2052 2992 2354 3059 Ecclesiam,
2379 2996 2466 3063 qui
2494 2997 2708 3050 mandas
2733 2995 2942 3054 Clericis
2962 3002 3080 3066 tuis,
3101 3002 3218 3055 utsi
3244 3004 3355 3072 quis
3381 3001 3529 3059 Pau-

1943 3086 2193 3138 linianum
2216 3085 2280 3138 ab
2323 3085 2615 3154 Epiphanio
2647 3087 2904 3158 Episcopo
2929 3102 3276 3146 consecratum
3301 3091 3526 3165 Presby-

1940 3185 2103 3228 terum
2127 3175 2343 3239 dixerit,
2387 3175 2668 3231 Ecclesium
2695 3178 3018 3247 prohibeatur
3047 3181 3237 3235 intrare
3257 3183 3283 3236 .7
3311 3181 3396 3238 Ea:
3413 3201 3516 3255 quo

1939 3277 2162 3334 tempore
2185 3284 2343 3338 usque
2368 3268 2420 3322 in
2449 3281 2743 3338 praesentem
2767 3271 2901 3324 diem
2929 3272 3155 3327 videmus
3177 3285 3373 3330 tantum
3397 3294 3520 3347 spe-

1936 3374 2050 3412 cum
2078 3357 2321 3421 Domini,
2365 3368 2412 3412 et
2460 3360 2713 3415 haereticis
2767 3363 3090 3429 intrantibus,
3147 3368 3326 3435 procul
3368 3371 3520 3438 positi

1932 3449 2264 3518 suspiramus.
2293 3447 2475 3504 Nosne
2502 3467 2678 3506 sumus
2705 3453 2793 3521 qui
2820 3452 3104 3510 Ecclesium
3131 3458 3426 3523 scindimus,
3449 3478 3516 3515 an

1931 3539 2018 3592 ille
2040 3541 2125 3609 qui
2141 3541 2262 3594 uiris
2287 3542 2655 3605 habitaculum,
2676 3544 2888 3598 mortuis
2916 3547 3201 3614 sepulcrum
3223 3561 3370 3619 negat
3388 3550 3414 3604 .9
3429 3553 3517 3621 qui

1928 3635 2146 3701 fratrum
2163 3631 2342 3686 exsilia
2357 3633 2608 3700 postulat?
2627 3633 2752 3699 Quis
2768 3637 3167 3704 potentissimum
3187 3639 3330 3693 illam
3350 3645 3511 3711 [εναηε

1928 3723 2077 3776 totius
2093 3723 2226 3777 orbis
2237 3724 2508 3778 cervicibus
2524 3725 2881 3792 imminentem,
2897 3739 3075 3781 contra
3088 3741 3285 3784 nostras
3300 3736 3514 3789 ceruices

1925 3813 2210 3880 specialiter
2233 3814 2503 3867 incitavit?
2531 3815 2642 3881 quis
2685 3831 2802 3870 ossa
2839 3817 3172 3881 Sanctorum,
3204 3830 3250 3873 et
3278 3823 3514 3878 innoxios

1923 3905 2114 3957 cineres
2139 3905 2400 3971 hucusque
2434 3905 2683 3959 uerberari
2728 3908 2792 3960 ab
2835 3909 3078 3962 imbribus
3105 3911 3266 3963 sinit?
3299 3912 3370 3964 De
3400 3914 3515 3966 exi-

1924 3996 2016 4061 lio,
2050 4011 2156 4066 quo
2189 3997 2300 4061 ait,
2334 3997 2432 4051 sibi
2461 4005 2516 4052 et
2542 3995 2798 4052 fratribus
2830 3999 3190 4067 procurando.
3240 4001 3506 4058 Jmtnncin

1922 4089 2195 4143 laborasse
2220 4130 2235 4153 ,
2266 4103 2451 4144 rursus
2480 4088 2546 4144 ad
2582 4088 2832 4144 eumdem
2875 4089 3233 4161 Theophilum
3280 4094 3512 4162 loquitur

1922 4179 2155 4248 Epistola
2178 4179 2438 4234 LXXXII.
2462 4179 2668 4249 Nuper,
2688 4180 2956 4248 inquiens.
2977 4183 3120 4237 nobis
3141 4184 3434 4252 postulavit,
3463 4195 3511 4240 et

1919 4269 2201 4339 impetravit
2227 4269 2482 4336 exsilium,
2511 4280 2660 4340 atque
2687 4269 2884 4325 utinam
2905 4270 3136 4341 implere,
3164 4276 3426 4343 potuisset,
3454 4285 3508 4335 ut

1916 4360 2043 4412 sicut
2071 4359 2149 4413 illi
2173 4359 2404 4413 voluntas
2431 4360 2712 4428 imputatur
2736 4376 2832 4431 pro
2861 4377 3014 4430 opere
3048 4378 3068 4416 :
3093 4363 3166 4416 ita
3190 4375 3238 4418 et
3281 4381 3374 4419 nos
3400 4382 3503 4421 non

1915 4451 2080 4503 solum
2107 4450 2383 4516 voluntate,
2412 4450 2502 4504 sed
2540 4461 2588 4505 et
2613 4449 2794 4517 elfectu
2825 4467 3066 4505 coronam
3089 4453 3384 4509 haberemus
3408 4472 3502 4511 ea:-

1913 4542 2037 4597 silii.
2067 4541 2258 4597 Feram
2289 4550 2468 4596 autem
2497 4542 2662 4605 illam,
2692 4557 2853 4613 quam
2872 4547 3497 4614 vocatpotentissimatn,

1913 4632 2080 4687 videri
2111 4631 2344 4686 diximus
2374 4631 2646 4686 Bullinum
2671 4633 2883 4686 Arcadii
2915 4641 3168 4701 tutorem,
3198 4636 3348 4692 illum
3379 4653 3499 4708 per.

1913 4723 2168 4787 duellem,
2196 4724 2284 4792 qui
2305 4722 2604 4778 Gothorum
2621 4722 2813 4778 ducem
2829 4725 3100 4780 Alaricum
3123 4739 3310 4783 contra
3333 4731 3501 4786 Ares-

1911 4814 2058 4867 dium
2087 4813 2393 4889 arcessivit,
2424 4821 2482 4868 ut
2529 4813 2649 4883 ejus
2688 4813 2806 4884 ipse
2848 4815 3137 4884 imperium
3188 4831 3494 4889 occuparet.

1911 4905 2061 4975 Quod
2090 4907 2215 4962 item
2246 4907 2602 4963 verosimilius
2630 4923 2696 4964 ex
2747 4924 2813 4965 eo
2842 4909 2904 4964 lit
2929 4911 3069 4981 quod
3109 4910 3336 4978 addidit,
3384 4931 3493 4970 non

1913 5000 2148 5068 potuisse
2190 4999 2450 5054 Joannem
2498 5000 2722 5072 implere
2779 5002 2922 5072 quod
2971 5002 3186 5060 volebat
3227 5008 3493 5076 :repulso

1911 5091 2052 5144 enim
2082 5090 2326 5158 Alarico,
2363 5092 2656 5146 trucidatus
2689 5101 2772 5148 est
2792 5092 3041 5149 Ruflinus
3069 5096 3171 5151 sub
3210 5098 3337 5154 anni
3386 5098 3492 5153 595

1911 5183 2091 5248 linem,
2123 5182 2344 5252 ejusque
2393 5183 2530 5238 adeo
2563 5184 2902 5254 Rescriptum
2957 5185 3026 5240 de
3069 5185 3396 5260 Hieron’ymo
3441 5189 3493 5244 in

1909 5275 2156 5329 exsilium
2186 5275 2543 5346 deportando,
2578 5277 2729 5331 nihili
2758 5278 2874 5332 fuit.

1984 5367 2090 5420 Vll.
2137 5371 2258 5420 iter:
2285 5370 2452 5422 movit
2492 5368 2718 5423 feritatis
2759 5382 2824 5422 ac
2867 5367 3080 5426 duritiei
3133 5370 3383 5440 exempla
3437 5371 3491 5424 in

1906 5457 2124 5513 Joannis
2158 5457 2383 5512 etl'erato
2434 5459 2652 5524 animo,
2716 5459 2995 5529 multaque
3034 5459 3357 5530 Origenismi
3406 5461 3492 5515 lue

1908 5547 2122 5614 infecto,
2156 5556 2276 5602 nata
2303 5548 2369 5602 ad
2391 5548 2763 5604 deducendum
2793 5549 2862 5605 ab
2884 5564 3070 5608 errore
3091 5550 3362 5606 hominem
3386 5590 3401 5613 ,
3435 5561 3493 5603 ct

1905 5639 2128 5708 gratiam
2145 5652 2266 5694 cum
2295 5639 2412 5709 ipso
2436 5639 2884 5697 reconciliandam
2919 5639 3202 5708 Epiphanii
3222 5637 3487 5709 Epistula.

1910 5726 2015 5785 Sed
2043 5736 2098 5783 et
2126 5728 2318 5783 accidit
2344 5743 2410 5783 ex
2441 5727 2760 5798 Hieronymi
2787 5736 2940 5796 parte
2975 5727 3132 5794 paulo
3163 5737 3283 5796 post
3331 5742 3488 5796 quam
