4052 6338
510 387 579 448 99
1610 350 1617 351 ί
1765 386 1822 442 s.
1863 379 2232 442 nteaouvut
2275 380 2455 443 vm.

510 505 597 561 illa
625 499 692 558 ad
721 498 862 573 vulgi
891 512 1079 556 manus
1107 497 1340 564 devenit,
1384 506 1444 554 ut
1474 498 1780 569 graviorum
1803 496 1972 553 ferme
2002 497 2080 551 ri-

508 608 699 648 xarum
726 591 929 647 semina
956 591 1280 661 iacerentur,
1303 604 1421 659 qua:
1448 597 1569 659 post
1593 588 1760 643 ferme
1784 602 1979 641 annum
2027 594 2083 641 et

509 697 604 737 sex
624 696 856 747 menses,
888 690 945 735 ut
968 682 1080 735 suis
1103 681 1234 735 locis
1260 680 1519 745 dicemus,
1551 678 1931 733 ell‘erbuerunt.
1960 677 2083 731 Plac

508 782 598 828 cet
618 788 747 827 vero
778 771 920 842 quod
951 773 1002 826 in
1044 786 1194 827 more
1224 772 1452 841 positum
1484 769 1774 832 habemus,
1808 770 2085 837 ipsiusmet

511 864 571 920 S.
602 865 773 919 Patris
798 863 977 919 verbis
998 862 1135 918 hanc
1161 878 1371 933 quoque
1394 877 1505 916 rem
1532 862 1698 931 loqui.
1720 859 1867 922 Erat,
1891 860 2080 927 inquit,

512 956 566 1010 in
598 956 909 1009 Monasterio
933 965 1103 1009 nostro
1128 956 1201 1007 uir
1224 954 1361 1023 apud
1388 969 1506 1007 suos
1543 950 1679 1004 haud
1707 950 1940 1021 ignobilis
1968 948 2082 1001 Eu-

512 1044 679 1098 sebius
718 1043 1087 1110 Cremonensis,
1113 1042 1201 1112 qui
1226 1058 1345 1095 cum
1356 1042 1463 1095 haec
1489 1041 1508 1109 (
1533 1037 1847 1109 Epiphanii)
1877 1036 2084 1106 Episto-

516 1133 567 1186 la
592 1149 681 1202 per
708 1133 982 1185 multorum
1024 1149 1115 1186 ora
1140 1132 1402 1197 volitaret,
1431 1139 1478 1184 et
1515 1131 1824 1183 mirarentur
1847 1143 1958 1181 eam
1994 1142 2085 1195 pro

512 1221 765 1285 doctrina,
789 1230 834 1275 et
861 1222 1080 1289 puritate
1104 1221 1367 1285 sermonis,
1394 1220 1528 1273 docti
1553 1220 1744 1289 pariter
1778 1228 1827 1272 et
1868 1217 2081 1283 indocti,

514 1312 660 1381 capit
688 1328 720 1365 a
744 1327 823 1365 me
847 1312 1026 1365 obnixe
1047 1321 1230 1381 petere,
1256 1320 1311 1364 ut
1336 1309 1431 1364 sibi
1455 1325 1564 1363 eam
1592 1310 1643 1363 in
1659 1307 1903 1363 Latinum
1929 1317 2087 1360 verte-

515 1417 639 1463 rem,
668 1409 714 1453 et
736 1409 942 1469 propter
969 1398 1284 1469 intelligendi
1311 1398 1608 1466 facilitatem
1627 1397 1849 1465 apertius
1864 1396 2089 1465 explica-

512 1506 620 1544 rem
648 1505 668 1544 :
698 1489 861 1544 Grieci
900 1491 1031 1544 enim
1058 1490 1243 1559 eloquii
1290 1489 1487 1559 penitus
1536 1489 1745 1558 ignarus
1796 1496 1921 1540 erat.
1964 1483 2088 1538 Feci

513 1581 649 1649 quod
671 1581 845 1647 voluit,
894 1582 1150 1650 accitoque
1179 1578 1415 1643 Notario,
1444 1579 1628 1647 raptim
1666 1576 1984 1645 celeriterque
2005 1574 2087 1627 di-

516 1674 647 1725 ctaei
669 1713 685 1739 ,
715 1689 777 1727 ex
805 1673 959 1726 latere
982 1673 1035 1725 in
1062 1671 1248 1741 pagina
1278 1670 1489 1724 breviter
1512 1668 1784 1733 adnotans,
1829 1684 1975 1739 quem
2002 1669 2091 1721 in-

428 1800 431 1805 ι
462 1738 477 1753 ⁸
516 1738 761 1818 trinsecus
787 1779 987 1817 sensum
1010 1738 1210 1831 singula
1230 1760 1454 1830 capitula
1485 1760 1815 1824 continerent;
1832 1738 1874 1812 si
1890 1760 2089 1828 quidem

514 1862 561 1908 et
591 1854 705 1919 hoc,
736 1862 793 1905 ut
816 1853 910 1907 sibi
936 1853 1030 1907 soli
1052 1856 1293 1922 facerem,
1338 1851 1527 1919 oppido
1548 1850 1827 1919 flagitarat.
1860 1848 2092 1903 Postula-

514 1942 659 2011 eique
681 1942 744 1995 ab
764 1957 821 1995 eo
849 1951 1042 2005 mutuo,
1071 1949 1126 1993 ut
1142 1938 1280 1993 domi
1297 1938 1499 1992 haberet
1524 1936 1802 2007 exemplar,
1826 1954 1915 1991 nec
1941 1939 2092 2007 facile

513 2030 568 2083 in
594 2030 773 2100 vulgus
811 2029 1063 2099 proderet.
1098 2026 1197 2081 Res
1224 2028 1297 2080 ita
1316 2042 1452 2080 anno
1483 2036 1528 2080 et
1558 2044 1647 2081 sex
1675 2027 1925 2081 mensibus
1950 2037 2091 2080 trano

513 2122 619 2185 siit,
650 2122 807 2174 donec
828 2121 1120 2189 supradicta
1148 2119 1492 2187 interpretatio
1519 2118 1582 2170 de
1610 2118 1810 2171 scriniis
1840 2119 1949 2188 ejus
1993 2133 2091 2171 no-

514 2225 576 2264 uo
596 2210 852 2280 praestigio
873 2206 1249 2277 Jerosolymam
1274 2207 1642 2276 commigravit.
1694 2206 1830 2259 Nam
1856 2207 2087 2275 pecunia,

513 2308 570 2352 ut
604 2300 862 2369 perspicue
882 2298 1095 2365 intelligi
1122 2296 1294 2361 datur,
1325 2297 1403 2350 vel
1435 2298 1660 2366 gratuita
1686 2297 1901 2362 malitia,
1934 2307 1985 2349 ut
2010 2299 2091 2350 in-

512 2403 713 2442 cassum
738 2396 1005 2457 corruptor
1027 2388 1201 2439 nititur
1226 2387 1547 2456 persuadere,
1575 2385 1862 2452 compilatis
1903 2386 2092 2439 chartis

430 2520 433 2521 ν
513 2482 625 2550 ejus
651 2488 698 2533 et
740 2478 1019 2546 sumptibus
1040 2516 1056 2542 ,
1082 2476 1248 2529 Judas
1273 2480 1437 2545 factus
1466 2485 1538 2528 est
1567 2475 1829 2545 proditor,
1861 2477 2093 2545 deditque

516 2568 818 2623 aduersariis
842 2566 1066 2620 latrandi
1090 2575 1266 2618 contra
1285 2581 1363 2618 me
1387 2567 1720 2631 occasionem,
1759 2575 1813 2618 ut
1842 2567 1970 2619 inter
1993 2568 2092 2618 im-

520 2659 705 2728 peritos
763 2656 1155 2719 concionentur,
1189 2670 1267 2707 me
1313 2654 1609 2724 falsarium,
1639 2671 1717 2708 me
1760 2656 1964 2708 verbum
1995 2672 2093 2709 non

520 2747 795 2819 expressise
811 2746 875 2799 de
889 2747 1055 2809 verbo,
1084 2762 1175 2813 pro
1197 2744 1500 2799 honorabili
1524 2745 1713 2798 dixisse
1737 2747 2093 2809 carissimum,

519 2850 569 2896 et
597 2840 821 2909 maligna
844 2837 1276 2906 interpretatione,
1301 2836 1435 2905 quod
1465 2835 1608 2904 nefas
1633 2836 1771 2889 dictu
1796 2837 1891 2901 sit,
1919 2841 2096 2891 αιόισι-

520 2941 735 3000 μώτατον
754 2932 952 2983 πάππαν
972 2969 987 2993 ,
1018 2927 1241 2982 noluisse
1268 2930 1561 2997 transferre.
1607 2918 1983 2981 Concitaverat
2004 2942 2098 2981 au-

524 3036 630 3078 tem
654 3024 750 3078 bas
774 3021 953 3075 turbas
973 3033 1159 3073 omnes
1175 3017 1440 3084 Bullinus,
1458 3018 1608 3087 cujus
1622 3027 1740 3072 erat
1758 3033 1825 3071 eo
1844 3017 2099 3071 infensior

524 3120 752 3184 animus,
783 3126 941 3186 atque
968 3114 1244 3170 inimicitia
1267 3153 1283 3179 ,
1331 3112 1475 3181 quod
1519 3113 1571 3167 in
1609 3112 1778 3167 aciem
1807 3111 2098 3180 procedere

524 3214 743 3267 minimc
786 3224 947 3264 ausus
971 3248 988 3273 ,
1018 3209 1156 3262 clam
1185 3207 1251 3261 ad
1281 3205 1519 3274 scorpii,
1547 3214 1603 3258 ut
1629 3206 1726 3258 abs
1774 3204 2099 3273 Hieronymo

523 3311 763 3367 vocatur,
798 3302 965 3355 instar
991 3297 1235 3362 feriebat,
1260 3295 1486 3365 aliisque
1506 3294 1911 3360 rixandiansas,
1938 3301 2099 3361 atque

522 3406 671 3445 arma
700 3387 1096 3459 suppeditabat.

594 3482 766 3549 Atque
790 3478 905 3548 ejus
931 3476 1145 3546 quidem
1172 3490 1299 3530 noro
1316 3474 1573 3546 prcsligio
1595 3473 1817 3543 imputat
1838 3471 1895 3528 8.
1917 3471 2094 3536 Pater,

525 3570 666 3642 quod
694 3570 759 3625 de
774 3568 974 3625 scriniis
1001 3566 1213 3621 Eusebii
1238 3564 1612 3635 Jerosolgmam
1636 3563 1984 3632 commigravit
2007 3562 2097 3616 illa

530 3659 791 3730 Epistola,
830 3666 884 3713 et
912 3656 979 3712 ad
1010 3656 1177 3727 ipsius
1223 3670 1413 3710 manus
1438 3696 1453 3722 ,
1494 3655 1831 3723 aliorumque
1863 3652 2095 3707 hostium

525 3765 743 3807 suorum
782 3748 947 3804 venit.
977 3748 1176 3816 Aperte
1202 3786 1218 3813 ,
1249 3747 1410 3800 etiam
1457 3745 1667 3813 culpam
1720 3742 1994 3809 monachi,
2025 3742 2093 3797 ad

526 3841 727 3898 furtum
756 3837 1168 3909 perpetrandum
1194 3836 1488 3899 sollicitati,
1513 3835 1566 3889 in
1593 3849 1717 3889 eum
1743 3835 1958 3904 regerit,
1985 3833 2098 3887 Ista

523 3945 617 4002 est,
644 3935 908 4005 inquiens,
940 3931 1172 4001 Epistola
1189 3946 1340 4000 quant
1356 3929 1418 3983 de
1437 3928 1670 3983 cubiculo
1696 3929 1872 3998 fratris
1894 3928 2099 3982 Eusebii

522 4026 740 4080 nummis
783 4022 953 4076 aureis
1004 4019 1312 4089 produxisti.
1357 4018 1691 4087 Quamquam
1747 4025 1870 4071 sunt
1908 4016 2098 4086 quibus

522 4113 879 4169 verosimilius
924 4109 1155 4174 videtur,
1204 4108 1369 4163 fuisse
1412 4108 1634 4177 gratuita
1664 4108 1860 4160 malitia
1898 4106 2095 4160 furtum

523 4205 656 4260 illud
685 4204 1005 4269 admissum,
1023 4200 1449 4269 quandoquidem
1470 4196 1965 4267 pseudomonachus
1991 4211 2096 4250 non

524 4296 712 4349 chartis
736 4294 893 4348 modo
916 4332 932 4359 ,
968 4294 1061 4347 sed
1091 4293 1253 4347 etiam
1279 4292 1561 4359 sumptibus
1589 4289 1859 4358 improbas
1906 4304 2097 4341 manus

524 4386 719 4439 dicitur
758 4383 1007 4452 injecisse
1035 4398 1049 4434 :
1075 4394 1247 4449 neque
1273 4394 1369 4450 par
1398 4392 1528 4433 sane
1550 4379 1619 4431 sit
1644 4377 1864 4431 credere
1886 4416 1901 4439 ,
1937 4376 2098 4431 fuisse

526 4473 674 4529 illum
706 4476 879 4543 pretio
905 4469 1268 4536 conductum,
1304 4476 1363 4522 ut
1408 4467 1551 4522 aliud
1578 4482 1738 4536 quam
1767 4467 1980 4521 chartas
2028 4466 2096 4521 de

525 4564 736 4618 scriniis
764 4561 980 4617 Eusebii
1010 4560 1264 4617 auferret.
1292 4556 1646 4612 Nihilosecius
1665 4571 1786 4610 cum
1808 4555 1947 4610 haud
1969 4558 2097 4611 satis

524 4661 757 4715 constet,
788 4651 915 4721 quid
944 4652 1045 4705 sibi
1088 4665 1154 4705 eo
1196 4649 1297 4704 loci
1324 4648 1452 4702 velit
1479 4657 1708 4717 sumptus
1755 4646 2093 4713 vocabulum,

526 4758 591 4799 ac
616 4743 784 4812 possit
812 4743 881 4797 de
916 4742 1175 4811 ejusmodi
1219 4742 1339 4795 aliis
1364 4740 1565 4795 chartis
1590 4748 1683 4793 aut
1712 4739 1871 4794 rebus
1894 4739 2093 4807 accipi,

526 4836 579 4889 in
607 4850 739 4904 quas
770 4833 1031 4888 Eusebius
1059 4834 1327 4902 impensas
1357 4835 1547 4901 egerit,
1573 4832 1743 4886 levior
1770 4832 1858 4886 illa
1884 4832 2095 4885 videtur

526 4926 799 4981 excusatio
821 4964 837 4991 ,
888 4938 1045 4993 quam
1076 4938 1195 4992 quae
1232 4938 1459 4991 purgare
1486 4922 1753 4976 Bullinum
1773 4963 1789 4988 ,
1844 4921 2093 4975 callidum

523 5030 676 5079 sane,
703 5025 758 5069 et
781 5028 1087 5081 magnarum
1118 5012 1308 5067 virium
1337 5012 1700 5065 adversarium
1741 5011 1927 5080 possit.
1955 5011 2095 5075 Quin

525 5108 640 5176 ipse
669 5106 829 5160 etiam
850 5104 1060 5159 videtur
1083 5103 1205 5156 alibi
1237 5100 1375 5172 apud
1406 5101 1806 5171 Hieronymum,
1838 5101 1953 5170 ejus
1969 5116 2093 5154 cor-

528 5207 801 5265 ruptorem
851 5209 909 5249 se
938 5193 1204 5257 monachi,
1235 5202 1436 5247 tantum
1467 5208 1571 5246 non
1616 5192 1875 5246 inliciari;
1908 5191 1973 5245 Et
2000 5209 2093 5246 auc

526 5288 607 5340 det
633 5286 838 5356 quidam
859 5284 1003 5338 exiis
1033 5284 1238 5352 (utique
1262 5282 1526 5351 Bullinus)
1552 5282 1773 5336 adducto
1799 5283 2089 5350 supercilio,

525 5386 570 5431 et
590 5374 1000 5446 concrepantibus
1021 5375 1192 5444 digitis
1218 5384 1445 5428 eructare
1485 5382 1531 5426 et
1581 5373 1747 5427 dicere
1770 5389 1784 5425 :
1812 5374 1932 5444 quid
1960 5375 2092 5427 enim

522 5470 567 5523 si
582 5469 809 5533 redemit,
829 5466 873 5519 si
897 5466 1178 5520 sollicitavit
1204 5466 1228 5519 7
1253 5462 1396 5517 Fecit
1416 5463 1548 5529 quod
1572 5464 1665 5517 sibi
1687 5468 1896 5535 profuit.
1922 5465 2089 5532 Quem

530 5559 885 5628 Hieronymus
908 5555 1157 5610 insectari
1186 5555 1377 5625 pergit,
1407 5553 1857 5625 Mira,inquiens,
1888 5555 2089 5610 sceleris

525 5648 769 5718 defensio,
795 5646 938 5718 quasi
964 5662 1065 5700 non
1095 5654 1145 5699 et
1168 5647 1410 5713 latrones,
1435 5656 1480 5701 et
1500 5650 1657 5717 fures,
1686 5656 1735 5702 et
1779 5648 1958 5717 piratae
2003 5649 2087 5717 fa-

525 5738 660 5790 ciant
696 5737 828 5805 qnod
856 5736 950 5791 sibi
979 5735 1203 5806 prodest.
1233 5736 1388 5813 .Certe
1413 5739 1585 5793 Annae
1608 5746 1655 5795 et
1684 5736 1905 5808 Caiphae
1933 5738 2085 5793 scdu-

3659 395 3761 453 100

2184 509 2347 553 centes
2370 498 2619 568 infelicem
2640 498 2852 567 ludam,
2876 503 3099 571 fecerunt
3123 501 3258 573 quod
3289 502 3386 557 sibi
3414 502 3538 558 utile
3582 506 3746 559 existi-

2186 590 2407 641 mabant.
2442 588 2605 658 Urget
2633 589 2861 660 idipsum
2898 592 2988 645 lib.
3015 591 3103 645 Ill.
3143 593 3417 664 Apologia:
3439 636 3456 661 ,
3503 595 3593 651 ubi
3643 599 3762 666 ejus

2186 678 2385 732 artibus
2411 692 2474 732 ac
2500 678 2637 733 dolis
2665 681 2905 749 imputat,
2924 682 3059 735 clam
3091 682 3255 737 fuisse
3300 683 3541 739 codicem
3566 701 3759 756 quem-

2186 764 2307 819 dam
2350 765 2644 821 Betbleemi
2691 768 2744 821 in
2796 769 3056 824 cubiculis
3082 770 3139 824 8.
3178 771 3412 827 Fabiola:
3440 778 3670 829 senioris
3709 787 3759 831 et

2187 854 2404 918 Oceani,
2435 858 2859 924 utroqueinscio
2884 900 2899 923 ,
2924 860 3277 926 collocatum,
3314 862 3459 928 Quis,
3492 866 3758 933 inquiens,

2186 943 2441 998 Bethleem
2468 946 2532 999 de
2557 945 2783 1001 cubiculo
2805 950 2979 1017 fratris
3005 948 3209 1003 Eusebii
3234 954 3433 1021 furatus
3455 963 3528 1007 est
3555 954 3763 1023 Epistoo

2188 1035 2290 1089 lam
2306 1036 2639 1090 laudatricem
2664 1039 2844 1091 tuam?
2871 1042 3017 1111 cujus
3041 1041 3279 1110 artificio,
3312 1054 3358 1097 et
3387 1060 3419 1095 a
3447 1046 3593 1113 cuius
3614 1046 3763 1099 mini-

2187 1126 2305 1179 stris
2346 1128 2398 1179 in
2427 1139 2619 1182 sanctte
2646 1129 2879 1184 Fabiola
2907 1132 3126 1201 hospitio
3145 1172 3161 1197 ,
3190 1142 3238 1186 et
3277 1134 3371 1187 uiri
3414 1134 3690 1189 Christiani
3717 1148 3763 1190 et

2190 1215 2450 1284 prudentis
2479 1215 2685 1281 Oceani,
2734 1219 2965 1274 inuentus
2990 1230 3062 1274 est
3086 1221 3278 1285 codex,
3314 1239 3459 1293 quem
3502 1224 3581 1278 illi
3612 1242 3763 1279 nunt-

2188 1319 2341 1367 quam
2360 1305 2587 1360 viderant
2611 1308 2636 1360 .9
2656 1307 2738 1361 An
2774 1309 2964 1364 idcirco
2994 1320 3043 1365 te
3065 1312 3315 1366 existimes
3336 1314 3671 1378 innocentem,
3720 1317 3767 1369 si

2189 1394 2431 1463 quidquid
2455 1405 2595 1448 tuum
2623 1406 2697 1451 est
2717 1398 2771 1452 in
2794 1399 2922 1453 alios
2943 1404 3173 1470 conferas
3189 1401 3215 1454 7
3234 1402 3496 1458 Existimo
3518 1404 3764 1473 quazdam

2190 1487 2348 1538 etiam
2371 1485 2437 1541 de
2463 1488 2553 1542 illa
2581 1488 2843 1557 Epistula,
2875 1507 2994 1559 quas
3025 1491 3181 1547 facile
3218 1493 3271 1547 in
3298 1495 3619 1550 calumniam
3651 1506 3763 1550 tra-

2192 1572 2247 1627 hi
2279 1583 2534 1644 possent,
2563 1577 2779 1633 Buffino
2800 1580 3005 1648 pridem
3040 1581 3340 1637 suboluisse
3367 1600 3380 1635 :
3412 1584 3766 1653 quamobrem

2190 1667 2480 1721 scelestum
2507 1668 2825 1723 monachum
2853 1670 2921 1723 ad
2948 1672 3285 1740 compilanda
3329 1673 3542 1728 Eusebii
3567 1676 3764 1730 scrinia

2192 1756 2584 1812 sollicitaverit.
2609 1759 2689 1813 Be
2709 1762 2851 1814 ettim
2883 1776 3005 1816 vera
3026 1776 3147 1816 cum
3178 1764 3232 1817 in
3257 1777 3381 1818 suas
3405 1763 3635 1835 denique
3655 1782 3768 1821 ma-

2193 1858 2291 1898 nus
2325 1860 2387 1900 ea
2417 1846 2582 1914 venit,
2629 1855 2709 1901 tot
2736 1848 2857 1902 illos
2902 1850 3202 1919 triumphos
3255 1853 3384 1921 egit,
3415 1862 3471 1907 et
3498 1854 3767 1910 clamores

2192 1935 2459 2000 excitavit,
2491 1936 2709 2005 perinde
2730 1952 2792 1991 ac
2814 1952 2927 1991 rem
2955 1938 3046 1992 diu
3078 1940 3408 2010 multumque
3446 1944 3763 2011 expolitam,

2195 2022 2403 2077 tandem
2430 2034 2573 2078 esset
2602 2034 2938 2079 consecutus.
2968 2025 3157 2081 Nullus
3189 2038 3299 2081 tum
3322 2029 3441 2083 linis
3473 2031 3766 2086 insultandi

2194 2111 2412 2166 liberius
2459 2114 2511 2167 itt
2552 2114 3065 2185 llieronymicaput,
3110 2131 3172 2171 ac
3216 2117 3768 2190 debacchandi,ejus-

2193 2218 2297 2271 que
2317 2218 2422 2257 non
2450 2213 2554 2257 tam
2578 2204 2857 2274 imperitiae
2882 2206 3183 2274 carpendae,
3212 2224 3371 2277 quant
3401 2209 3542 2273 fidei,
3572 2212 3769 2281 quippe

2193 2295 2282 2363 qui
2329 2294 2447 2349 aliis
2485 2307 2646 2364 atque
2676 2296 2728 2350 in
2756 2295 2945 2351 Cra-co
2973 2306 3127 2351 erant
3145 2338 3161 2364 ,
3185 2300 3469 2354 sententiis
3497 2314 3561 2355 ac
3592 2302 3770 2356 verbis

2195 2383 2490 2454 Epistulam
2520 2386 2663 2439 illam
2693 2386 2744 2438 in
2771 2385 3017 2441 Latinum
3041 2388 3414 2441 transtulisset.

2262 2473 2446 2544 Neque
2467 2489 2627 2544 porro
2658 2485 2957 2530 nostrarum
2980 2485 3061 2531 est
3081 2477 3308 2546 partium
3332 2476 3449 2532 beic
3468 2476 3591 2544 loci,
3629 2476 3773 2535 ferre
3863 2456 3867 2459 ⁸

2194 2564 2263 2619 de
2300 2567 2387 2620 illa
2414 2566 2852 2636 interpretatione
2876 2567 3155 2636 judicium.
3182 2578 3236 2622 et
3260 2584 3473 2623 causam
3500 2568 3556 2623 S.
3580 2569 3775 2625 Docto-

2196 2655 2273 2708 ris
2293 2655 2550 2710 adversus
2586 2658 2900 2711 tumulorum
2946 2658 3374 2729 impugnationes
3422 2659 3578 2714 tueri.
3632 2660 3773 2729 Quin

2207 2744 2360 2798 fateri
2387 2747 2563 2815 potius
2586 2762 2690 2800 non
2713 2747 2886 2811 decet,
2902 2747 3164 2817 siquidem
3185 2752 3553 2815 αιδισιμώτατον
3570 2756 3775 2803 πάππαν

2198 2834 2455 2889 Joannem
2475 2835 2693 2889 honoris
2720 2838 2888 2906 gratia
2916 2838 3244 2908 Epiphanius
3265 2841 3622 2909 compellavit,
3656 2857 3774 2895 ma-

2201 2925 2250 2979 le
2276 2926 2413 2979 ltanc
2440 2927 2754 2980 reverentia:
2779 2927 3220 2995 signiﬁcationem
3248 2927 3413 2984 fuisse
3441 2930 3509 2983 ab
3554 2932 3646 2985 illo
3676 2940 3775 2987 aut

2201 3018 2411 3085 penitus
2466 3017 2881 3086 praetermissam
2908 3058 2924 3083 ,
2965 3029 3055 3071 aut
3084 3019 3334 3074 dilutiore
3370 3020 3475 3095 alia
3525 3022 3775 3091 quapiam

2202 3107 2428 3160 formula
2479 3107 2834 3161 imminutam.
2892 3108 3116 3162 Maxime
3152 3122 3282 3163 vero
3320 3110 3388 3163 ob
3430 3124 3548 3164 eam
3595 3126 3775 3179 rerum

2200 3196 2561 3251 conditionem
2614 3211 2678 3250 ac
2737 3199 3032 3267 temporis,
3074 3213 3197 3251 cum
3224 3238 3240 3265 ,
3287 3198 3777 3269 ingravescentibus

2200 3288 2449 3356 utrinque
2477 3287 2777 3341 animorum
2823 3289 3056 3345 motibus
3080 3299 3241 3359 atque
3267 3290 3424 3359 odiis,
3464 3294 3605 3362 quod
3647 3308 3775 3349 casu

2198 3387 2358 3448 atque
2391 3379 2532 3433 aliud
2570 3393 2735 3449 agens
2761 3379 2814 3434 in
2843 3380 2983 3435 illius
3023 3381 3416 3437 observantiam
3469 3398 3769 3453 peccasset.

2200 3470 2289 3523 vix
2316 3478 2543 3538 poterat,
2572 3478 2664 3523 aut
2692 3484 2760 3524 ne
2786 3472 2873 3524 vix
2896 3470 3109 3540 quidem
3139 3473 3436 3528 oscitantiat
3468 3474 3647 3529 tribui.
3684 3474 3772 3531 Ul-

2203 3568 2286 3613 tro
2314 3559 2475 3612 etiam
2502 3558 2741 3613 dederim
2767 3599 2783 3625 ,
2809 3575 2927 3614 eam
2969 3561 3461 3632 interpretationem
3491 3566 3633 3620 vitiis
3675 3581 3775 3622 nec

2202 3648 2485 3704 levissimis
2508 3662 2657 3714 sane,
2687 3665 2787 3704 nec
2803 3651 2984 3719 paucis
3008 3652 3273 3719 laborare,
3293 3654 3549 3724 siquidem
3568 3671 3775 3726 expen-

2200 3738 2371 3794 denda
2398 3754 2483 3794 res
2503 3749 2584 3793 est
2608 3754 2640 3793 a
2676 3739 2878 3795 Graecis
2905 3757 3023 3811 qua:
3070 3753 3357 3813 supersunt
3388 3746 3585 3810 verbis,
3646 3756 3701 3803 et
3742 3762 3773 3802 a

2200 3830 2393 3900 quibus
2438 3830 2649 3884 initium
2696 3831 2923 3886 ducebat
2952 3832 3233 3902 Epiphauii
3263 3834 3519 3903 Epistula,
3548 3824 3661 3892 ἕδη
3686 3845 3774 3908 γὰρ

2203 3930 2347 3989 ἡμᾶς,
2378 3924 2613 3988 tityon-mei,
2640 3934 2707 3989 μὴ
2732 3939 2790 3993 τῇ
2817 3930 2967 3984 eiusei
2987 3935 3075 3977 τῶν
3100 3934 3276 3994 κλήρων
3303 3933 3626 3997 φέρεσθαιγάρ,
3655 3944 3774 3998 quae

2202 4015 2278 4067 sic
2300 4014 2367 4066 ab
2394 4014 2719 4083 Hieronymo
2764 4014 2968 4067 reddita
2996 4024 3141 4077 sunt,
3178 4015 3452 4083 Oportebat
3480 4034 3571 4071 nos
3599 4060 3613 4085 ,
3648 4019 3776 4073 dile-

2202 4106 2436 4169 ctissime,
2460 4104 2736 4158 Clericatus
2764 4106 2953 4159 honore
2978 4123 3078 4159 non
3097 4106 3233 4159 abuti
3256 4109 3307 4159 itt
3336 4110 3641 4177 superbiant.
3670 4110 3775 4165 Ne-

2202 4210 2304 4263 que
2328 4198 2467 4247 enim
2507 4198 2629 4261 jure
2659 4195 2883 4262 primum
2925 4196 3050 4249 illud
3076 4200 3165 4267 γὰρ
3209 4201 3618 4265 prmtermissunt
3666 4213 3769 4266 est,

2204 4300 2300 4338 nec
2331 4293 2474 4337 recte
2504 4285 2765 4337 redditum
2797 4288 3012 4351 ἀγαπητᾶ
3057 4286 3375 4340 dilectissime
3419 4304 3516 4357 pro
3568 4292 3769 4356 dilecte,

2204 4383 2311 4426 tmn
2343 4373 2579 4427 additum
2603 4375 2811 4437 honore,
2840 4375 2983 4444 quod
3009 4377 3227 4431 minime
3246 4378 3294 4429 in
3314 4377 3503 4433 Graeco
3526 4380 3770 4446 Itabetur,

2200 4462 2428 4531 denique
2473 4464 2609 4515 abuti
2648 4464 2699 4515 in
2750 4464 3035 4534 superbiant
3065 4483 3160 4535 pro
3207 4481 3271 4522 eo
3320 4469 3459 4537 quod
3492 4481 3573 4524 est
3620 4479 3771 4532 olunt

2202 4562 2437 4626 φιριςθαι,
2468 4556 2701 4609 alienum
2731 4555 2956 4611 fortasse
2978 4556 3151 4611 adhuc
3176 4560 3344 4627 magis
3366 4560 3629 4614 videatur.
3653 4564 3770 4617 Alia

2200 4646 2459 4714 ejusmodi
2483 4648 2682 4702 cursim
2713 4646 2925 4701 dictata:
2970 4649 3420 4717 interpretationis
3448 4652 3570 4704 vitia
3618 4652 3773 4706 facile

2201 4738 2432 4791 adducar
2475 4738 2526 4791 in
2571 4739 2779 4808 reliquo
2808 4747 3057 4793 contextu
3079 4740 3396 4801 occurrisse,
3427 4752 3483 4793 ut
3513 4741 3725 4795 credam
3752 4759 3766 4794 :

2200 4830 2337 4883 absit
2380 4839 2587 4894 tamen,
2623 4840 2679 4882 ut
2710 4829 2833 4883 hinc
2882 4838 3058 4897 putem
3107 4830 3297 4883 merito
3323 4829 3378 4884 8.
3421 4830 3770 4899 Interprctem

2200 4920 2410 4974 Ruilino
2429 4937 2612 4990 pmnas
2634 4921 2867 4979 dedisse.
2888 4921 3037 4975 Mitto
3061 4923 3200 4991 quod
3228 4922 3423 4975 nullum
3454 4924 3508 4976 itt
3540 4924 3621 4977 Itis
3644 4940 3770 4977 sen-

2200 5025 2291 5066 sus
2312 5014 2643 5082 dispendium
2672 5013 3004 5078 est,tametsi
3054 5012 3261 5080 longius
3298 5014 3562 5067 interdum
3614 5016 3773 5083 phra-

2199 5116 2286 5156 ses
2313 5111 2368 5156 et
2392 5104 2552 5157 verba
2602 5102 2878 5156 abluduttt.
2911 5100 3027 5155 Una
3066 5101 3152 5153 illa
3202 5101 3588 5173 llierOnyutum
3635 5107 3771 5159 ratio

2198 5203 2434 5257 excusat,
2457 5202 2727 5260 totamque
2748 5192 2863 5259 ejus
2899 5204 3112 5243 causam
3152 5191 3477 5245 validissimo
3523 5194 3771 5261 praesidio

2198 5284 2387 5347 munit,
2443 5282 2584 5351 qttod
2615 5282 2665 5334 in
2698 5280 2934 5349 privatos
2958 5280 3115 5334 amici
3144 5295 3271 5334 usus
3291 5322 3306 5344 ,
3335 5291 3388 5334 et
3418 5282 3555 5335 intra
3582 5284 3771 5338 dome-

2196 5374 2361 5427 sticos
2386 5372 2614 5441 parietes
2639 5379 2896 5437 perpetuo
2912 5368 3251 5423 detinendam
3276 5371 3770 5440 interpretationem

2197 5465 2339 5519 illam
2394 5462 2702 5527 adornarit,
2756 5460 2887 5513 niltil
2912 5459 3055 5513 aliud
3085 5461 3379 5526 sollicitus,
3428 5477 3588 5531 quam
3620 5473 3676 5517 ut
3702 5463 3771 5519 ab

2197 5558 2381 5626 ignaro
2403 5552 2575 5609 Graeci
2605 5552 2865 5607 sermonis
2888 5552 3123 5619 alumno,
3155 5567 3306 5606 mens
3330 5567 3626 5623 sensusque
3660 5556 3771 5609 Au-

2197 5644 2361 5701 ctoris
2387 5642 2611 5713 apertius
2641 5640 3042 5710 intelligeretur.
3078 5641 3155 5697 Ad
3190 5642 3329 5696 hunc
3374 5642 3510 5705 tueri
3537 5658 3597 5698 se
3648 5660 3769 5698 mo-

2201 5734 2326 5790 dum
2368 5733 2498 5789 satis
2525 5732 2637 5802 ipse
2667 5730 2826 5787 habet
2853 5730 3020 5801 Epist.
3068 5727 3222 5785 LVII.
3266 5728 3390 5786 Volo
3430 5734 3484 5785 in
3525 5733 3768 5787 chartulis
