4052 6338
233 390 335 447 101⁸

233 509 351 564 meis
374 503 626 576 quaslibet
651 503 869 577 ineptias
895 503 1110 560 scribere
1131 544 1147 570 ,
1197 499 1526 557 commentari
1556 500 1618 556 de
1660 500 1834 557 Scri-'

235 602 410 674 ptui-is,
441 599 732 655 remordere
769 596 1006 652 (cedentes
1033 637 1046 660 ,
1099 596 1322 664 digerere
1372 594 1704 657 stomachum,
1759 594 1813 646 in

239 695 357 750 locis
385 709 462 746 me
489 708 721 746 exercere
747 688 1116 754 communibus,
1147 699 1191 741 et
1217 687 1360 756 quasi
1391 687 1595 741 lintatas
1630 685 1697 738 ad
1726 699 1813 753 pu-

234 786 492 858 gnattdum
520 786 734 856 sagittas
765 798 1006 849 reponere
1036 798 1054 835 :
1076 779 1316 852 quamdiu
1348 796 1449 833 non
1487 781 1689 849 profero
1719 792 1808 830 co-

235 880 406 948 gilala,
435 876 704 930 maledicta
727 917 741 940 ,
772 891 871 928 non
905 873 1120 927 crimina
1146 881 1262 926 sunt
1286 890 1304 936 ;
1330 871 1432 924 imo
1457 886 1519 924 ne
1546 868 1814 922 maledicta

232 972 466 1040 quidem,
536 983 650 1037 qua:
685 980 831 1020 aures
871 965 1082 1036 publica:
1129 965 1372 1019 nesciant.
1397 961 1478 1016 Tu
1517 975 1813 1030 corrumpas

233 1061 470 1125 servulos,
499 1058 742 1114 sollicitos
763 1059 988 1123 clientes,
1014 1067 1059 1111 et
1086 1066 1138 1110 ut
1159 1057 1211 1109 in
1235 1055 1424 1126 fabulis
1449 1053 1662 1124 legimus
1683 1067 1812 1106 auro

233 1155 294 1207 ad
322 1153 554 1208 Danaem
579 1161 808 1223 penetres
832 1192 848 1219 ,
876 1150 1295 1216 dissimulatoque
1339 1147 1474 1218 quod
1502 1146 1701 1219 feceris,
1735 1159 1815 1197 nte

236 1247 504 1317 falsarium
538 1261 685 1301 voces
703 1261 735 1300 ιε
762 1261 916 1312 quum
948 1244 1106 1298 multo
1135 1243 1279 1313 pejus
1309 1242 1499 1295 crimen
1523 1238 1813 1294 accusando

231 1339 280 1392 in
315 1348 363 1391 te
394 1339 709 1405 conﬁtearis,
742 1353 894 1407 quam
922 1338 975 1390 in
1008 1352 1086 1390 me
1113 1334 1310 1406 arguis.
1339 1332 1606 1389 Caeterum
1637 1345 1814 1399 neque

231 1428 310 1483 illa
341 1428 527 1498 inepta
551 1428 730 1483 versiu
747 1427 926 1482 habita
955 1435 1058 1490 est,
1090 1441 1262 1496 neque
1287 1425 1407 1480 aliis
1449 1424 1586 1479 bene
1629 1422 1812 1477 multis

230 1521 378 1576 bona:
404 1521 864 1590 interpretationis
905 1519 1150 1574 laudibus
1174 1518 1364 1574 caruit.
1411 1517 1620 1572 Scimus
1651 1514 1811 1570 etiam

228 1613 290 1668 ab
319 1615 520 1668 AIVaro
539 1612 724 1668 saeculi
749 1611 840 1666 IX.
864 1611 1138 1680 Scriptore
1164 1626 1269 1664 non
1287 1608 1680 1665 contemnendo
1696 1607 1812 1662 lau-

229 1704 330 1758 dari
361 1706 414 1758 itt
445 1705 506 1759 S.
537 1705 743 1774 Eulogii
776 1703 911 1768 Vita,
948 1713 1003 1757 ut
1031 1703 1166 1757 alios
1191 1717 1382 1771 magno
1411 1714 1634 1756 numero
1661 1714 1816 1755 secu-

227 1798 288 1850 tis
313 1797 554 1851 maxime
587 1795 914 1865 temporibus
945 1802 1342 1864 praetereamus.

293 1887 403 1944 VII.
463 1887 574 1944 Sed
619 1898 672 1943 et
699 1887 976 1944 commode
1024 1888 1076 1942 in
1124 1902 1237 1942 rem
1265 1887 1580 1942 litterariam
1608 1900 1673 1942 ac
1711 1900 1811 1940 no-

225 1992 378 2034 5tram
403 1982 600 2047 cessit,
629 1979 770 2049 quod
819 1979 908 2034 illa
935 1979 1337 2035 concertatione
1389 1988 1708 2047 provocatus
1750 1974 1810 2031 S.

226 2073 410 2139 Pater,
483 2083 542 2127 ut
609 2073 906 2133 calumnias
968 2071 1397 2126 adversariorum
1463 2069 1810 2137 retunderet,

225 2179 480 2238 suamque
512 2167 564 2221 in
590 2166 797 2222 Grzncis
827 2165 1060 2221 maxime
1101 2164 1459 2234 Scriptoribus
1501 2163 1692 2217 Latine
1721 2176 1816 2216 ex-

226 2259 485 2329 plicandis
534 2259 798 2313 rationem
835 2257 1230 2326 comprobaret,
1261 2269 1453 2309 novam
1481 2253 1547 2307 ad
1575 2254 1816 2307 Pamma-

223 2351 387 2405 chium
427 2351 728 2422 Epistulam
759 2350 1060 2415 adornavit,
1110 2349 1174 2402 de
1211 2348 1402 2418 optimo
1452 2361 1633 2415 genere
1660 2345 1814 2398 inter-

196 2445 475 2513 pretandi,
510 2445 563 2498 in
600 2458 704 2514 qua
753 2452 861 2496 tam
903 2451 1143 2496 veterum
1187 2439 1426 2493 omnium
1455 2436 1808 2502 eruditorum,

222 2551 361 2606 quam
393 2551 580 2591 sacra:
609 2535 898 2604 Scriptura:
931 2532 1282 2601 Interpretum
1311 2529 1626 2586 testimoniis
1653 2537 1812 2598 atque

223 2627 487 2697 exemplis
512 2625 690 2690 docet,
722 2622 988 2694 quodnam
1027 2623 1097 2676 sit
1137 2621 1394 2690 optimum
1441 2621 1557 2688 ejus
1605 2619 1812 2696 artiﬁcii

221 2735 393 2789 genus,
466 2718 602 2773 illud
657 2718 859 2773 scilicet
901 2732 1020 2771 esse
1065 2715 1374 2779 ostendens,
1418 2728 1522 2783 quo
1552 2727 1742 2767 sensus
1780 2727 1813 2767 e

221 2827 388 2878 sensu,
421 2826 541 2866 non
575 2809 790 2864 verbum
821 2824 851 2864 e
887 2809 1050 2864 verbo
1087 2805 1424 2862 transfertur.
1453 2806 1576 2870 Alii,
1619 2805 1804 2874 inquit,

222 2906 434 2976 syllabas
494 2911 813 2972 aucupentur
864 2910 908 2956 et
943 2901 1135 2966 literas,
1193 2909 1246 2953 tu
1298 2913 1466 2968 (θυαειέ
1517 2897 1806 2953 sententias.

222 2996 406 3053 Locum
440 3004 598 3053 tenet
627 2995 741 3050 haec
770 2995 824 3050 in
855 3004 1034 3050 nostra
1085 2993 1400 3049 recensione
1444 2990 1600 3046 LVII.
1643 3002 1695 3046 et
1721 2991 1808 3046 cui

222 3093 422 3162 preprie
457 3090 533 3144 sit
564 3088 786 3158 hujusce
812 3089 956 3151 anni,
987 3087 1040 3142 in
1079 3087 1232 3157 cujus
1262 3085 1484 3140 historia
1512 3100 1805 3151 versamur,

221 3183 336 3254 395,
366 3184 515 3255 parti
545 3181 921 3244 adscriltenda,
949 3181 1080 3235 satis
1108 3177 1321 3235 abunde
1366 3179 1417 3232 in
1457 3176 1810 3247 Chronologi-

223 3279 292 3332 cis
319 3279 382 3332 ad
412 3291 539 3332 eam
568 3276 710 3331 notis
739 3275 1162 3330 demonstratum
1187 3282 1290 3328 est.
1324 3273 1546 3343 Reliqua
1569 3287 1666 3327 nos
1685 3287 1808 3343 qua:

225 3370 284 3426 ad
313 3371 487 3428 Vitam
515 3369 576 3426 S.
605 3369 852 3425 Doctoris
881 3368 1170 3439 pertinent,
1202 3381 1604 3438 persequamur.

759 3501 985 3560 CAPUT
1025 3499 1259 3558 XXVIII.

227 3617 264 3674 Ι.
299 3617 619 3675 Dissidentes
644 3619 696 3672 in
728 3616 1050 3672 concordiam
1077 3614 1301 3686 redigere
1326 3613 1603 3667 Archelaus
1631 3611 1808 3666 Comes

289 3715 545 3770 incassum
591 3713 789 3766 nititur.
829 3710 889 3765 II.
935 3709 1001 3763 Id
1036 3709 1202 3779 ipsum
1241 3705 1553 3776 Tthphilus
1589 3705 1802 3758 Alexan-

291 3806 463 3860 drinus
516 3804 806 3877 Episcopus
837 3807 1028 3874 frustra
1057 3810 1286 3853 conatur.
1332 3798 1414 3852 Ill.
1465 3797 1626 3866 Culpa
1653 3798 1812 3868 potis-
1873 3816 1879 3822 ·

290 3899 468 3952 simum
500 3895 695 3951 Isidori
730 3893 1018 3965 Presby'eri
1047 3891 1367 3961 Origenistaz.
1400 3905 1544 3960 quem
1588 3889 1811 3958 legatum

291 3991 341 4045 in
370 4007 484 4045 eam
535 4006 640 4043 rem
683 3988 884 4041 miserat
949 3984 1038 4039 IV.
1078 3983 1210 4037 Hinc
1259 3981 1526 4050 Theophili
1568 3980 1810 4035 adversus

295 4083 667 4154 Hieronymum
715 4078 1059 4134 benevolentia
1123 4073 1422 4146 refrigescit.
1498 4072 1560 4127 V.
1621 4072 1808 4128 Scribit

293 4177 623 4231 nihilominus
653 4173 874 4228 Sanctus
900 4170 1057 4225 Pater
1083 4170 1149 4222 ad
1176 4185 1290 4222 eum
1317 4170 1522 4236 stcpius.
1551 4164 1636 4220 VI.
1664 4164 1807 4219 Scri-

294 4271 356 4325 bit
385 4273 539 4327 etiant
581 4269 649 4322 ad
692 4267 1013 4332 Marcellam,
1041 4274 1086 4318 et
1133 4262 1466 4332 Epitaphium
1513 4258 1808 4328 Nepotiani.

296 4365 405 4422 VII.
446 4360 854 4419 Commentarios
905 4375 1100 4429 quoque
1146 4359 1196 4411 in
1251 4355 1460 4410 Jonatn.
1510 4352 1652 4417 VIII,
1701 4351 1807 4422 IX,

292 4457 358 4513 Χ.
401 4457 534 4512 Tum
555 4457 688 4510 alias
718 4454 784 4506 ad
814 4453 941 4507 alios
972 4449 1252 4523 Epistolas,
1281 4450 1332 4504 in
1358 4449 1540 4521 quibus
1567 4446 1812 4502 nonnulla

295 4553 353 4607 de
384 4551 701 4622 Origeniana
729 4564 902 4602 causa.

299 4667 334 4723 Ι.
384 4669 829 4736 Ingravescentes
870 4660 1109 4732 quotidie
1147 4659 1314 4729 magis
1359 4657 1618 4712 Joannem
1675 4656 1814 4711 inter

235 4771 377 4829 atque
421 4761 804 4830 Epiphanium,
834 4759 947 4813 sive
973 4756 1096 4811 illus
1123 4757 1212 4826 qui
1246 4755 1312 4808 ah
1341 4752 1650 4807 alterutrius
1683 4767 1806 4822 par-

237 4853 361 4908 tibus
391 4854 628 4916 stabant,
672 4850 970 4904 animorum
1002 4856 1177 4902 motus
1222 4861 1565 4912 compescere
1609 4845 1814 4898 studuit

239 4946 519 5000 Archelaus
579 4945 817 5006 Comes,
859 4955 1014 5011 quem
1062 4946 1218 4994 ornat
1261 4938 1616 5008 Hieronymus
1655 4937 1815 4989 diser-

237 5037 401 5093 tissimi
426 5050 471 5093 et
503 5034 922 5094 Christianissimi
945 5033 1044 5088 viri
1071 5032 1314 5088 laudibus
1335 5037 1346 5090 ί
1357 5029 1468 5084 Lib.
1491 5040 1649 5084 contr.
1674 5029 1704 5082 J
1714 5030 1811 5100 0.).

241 5129 338 5184 Iluc
381 5129 751 5186 intercedente
797 5127 934 5194 pacis
982 5133 1267 5189 sequestro,
1307 5125 1556 5192 quoniam
1603 5121 1816 5174 violatas

241 5219 350 5276 ﬁdei
377 5224 616 5292 suspicio
669 5217 965 5274 discordias
992 5225 1292 5288 pepererat.
1323 5217 1669 5269 constitutum
1710 5221 1812 5280 est,

241 5321 290 5366 ut
311 5330 338 5368 a
367 5316 488 5370 tidei
523 5313 859 5385 professione
887 5316 968 5364 via
999 5309 1063 5363 ad
1109 5307 1451 5365 concordiam
1495 5307 1812 5360 muniretur.

244 5403 554 5461 Postulatum
594 5414 686 5468 est,
729 5403 898 5473 inquit
933 5401 988 5457 S.
1033 5401 1211 5466 Pater,
1243 5408 1294 5452 ut
1324 5403 1510 5469 futurae
1535 5396 1819 5450 concordia:

243 5499 360 5563 fides
401 5502 594 5571 jaceret
648 5497 996 5570 fundamenta.
1039 5493 1320 5557 Condicio,
1373 5493 1425 5547 in
1480 5505 1640 5561 quem
1698 5503 1818 5558 pars

243 5599 457 5663 utraque
503 5594 682 5648 locum
725 5588 1054 5653 conveniret,
1104 5586 1356 5652 pollicitus
1395 5586 1504 5653 ipse
1549 5583 1707 5637 etiam
1740 5588 1822 5635 est

243 5683 490 5756 Joannes,
517 5705 625 5744 esse
669 5703 722 5740 se
765 5694 1047 5740 venturum.
1095 5681 1361 5736 Instabant
1405 5680 1510 5734 dies
1556 5677 1821 5732 Paschce:

246 5779 470 5846 freauens
497 5778 870 5836 Monac/torum
903 5774 1048 5829 turba
1077 5781 1374 5828 convenerat
1402 5786 1420 5826 :
1447 5771 1534 5826 ille
1566 5784 1704 5824 unus
1734 5783 1824 5822 ex-

245 5874 551 5941 vectabatur
585 5875 639 5931 in
669 5874 780 5928 loco
805 5888 823 5924 :
857 5878 902 5923 et
941 5868 1062 5940 quiti
1101 5867 1289 5936 faceret
1329 5863 1578 5922 nesciebat
1606 5880 1622 5919 :
1653 5861 1818 5918 verba

678 5963 743 6035 S.
788 5963 1184 6032 Hteaouvut.
1230 5958 1281 6026 ι.

1502 379 1562 438 S.
1602 378 1987 440 HIERONYMI
2037 382 2194 440 VITA
2207 423 2220 440 .

3400 392 3505 450 102

1923 513 2048 556 sunt
2075 499 2404 572 Hieronymi,
2429 499 2581 572 cujus
2602 501 2822 576 vestigia
2842 512 3088 564 accurate
3109 511 3500 580 persequimur.

1923 593 2145 666 Repente
2181 594 2462 661 mandavit,
2494 603 2741 666 aegrotare
2780 598 2947 652 nescio
2985 616 3134 669 quant
3169 617 3187 655 :
3215 603 3304 656 illo
3345 605 3424 658 dic
3452 621 3506 659 se

1919 703 2020 741 non
2050 703 2193 755 posse
2215 688 2399 741 venire.
2431 685 2678 754 Ludione,
2714 689 2987 760 subjungit
3019 693 3394 766 Ilicrunymus,
3436 715 3506 752 an

1925 777 2206 850 Episcopus
2231 779 2338 834 htec
2369 779 2631 849 loquitur?
2665 779 2810 836 Pone
2839 798 3011 837 verum
3041 802 3148 839 esse
3191 788 3325 858 quod
3355 790 3502 854 diris,

1922 882 2125 941 propter
2162 871 2313 926 unius
2343 872 2657 928 muliercula:
2688 873 2920 939 delicias,
2952 891 3014 930 ne
3039 887 3086 930 te
3109 876 3310 932 absente
3339 882 3507 936 doleat

1920 973 2091 1033 caput.
2135 964 2398 1036 fastidium
2434 966 2695 1030 sustineat,
2726 967 2987 1020 stomacho
3016 970 3363 1040 perfrigescat,
3409 974 3510 1028 l'Ic-

1920 1052 2087 1108 clesite
2113 1071 2322 1120 causam
2360 1056 2610 1126 negligis?
2659 1066 2728 1110 tot
2758 1058 2982 1112 virorum
3021 1070 3066 1113 et
3105 1059 3507 1117 Christianorum

1921 1154 1967 1200 et
1997 1143 2370 1212 Monachorunt
2391 1148 2669 1202 contemnis
2690 1153 3083 1219 prcestantiam?
3112 1149 3383 1206 Noluimus
3415 1171 3499 1208 oc-

1921 1237 2171 1292 casionem
2217 1237 2342 1292 dare
2370 1255 2388 1293 :
2418 1240 2707 1295 videbamus
2756 1243 2889 1295 enim
2937 1244 3201 1313 stropham
3245 1245 3504 1302 dilationis

1922 1338 2039 1392 tute,
2065 1329 2309 1396 iniuria-it
2339 1333 2580 1401 patientia
2628 1333 2858 1388 vicimus.
2895 1334 3141 1389 Rescribit
3179 1335 3458 1392 Archelaus
3489 1356 3505 1393 :
3573 1322 3593 1337 ’

1921 1433 2086 1479 monet
2114 1425 2274 1478 altero
2298 1435 2342 1479 et
2373 1427 2516 1480 tertio
2545 1426 2630 1481 die
2667 1443 2888 1493 manere,
2944 1428 2989 1481 si
3029 1429 3172 1482 vellet
3213 1432 3398 1484 venire.
3443 1432 3507 1483 At

1920 1515 2007 1568 ille
2043 1526 2320 1586 occupatus
2361 1515 2686 1587 (muliercula
2728 1521 2862 1572 enim
2903 1536 3100 1574 vomere
3134 1537 3233 1575 non
3278 1525 3508 1597 cessarit)

1921 1607 2043 1660 dttm
2067 1624 2307 1662 nauseam
2337 1611 2595 1675 evasisset,
2627 1612 2786 1665 nostri
2823 1613 3020 1682 penitus
3048 1613 3232 1668 oblitus
3259 1626 3354 1670 est.
3395 1616 3508 1670 Mu-

1921 1699 2064 1752 nenti
2097 1699 2343 1754 nimirum
2395 1701 2680 1766 Archelao,
2727 1711 2782 1758 et
2834 1703 2899 1757 ad
2959 1705 3336 1775 paciscendum
3389 1710 3509 1776 plu-

1920 1787 2030 1843 ries
2076 1788 2356 1854 invitanti,
2407 1790 2596 1846 eadem
2646 1793 2902 1848 continuo
2951 1808 3076 1849 usus
3134 1798 3504 1864 excusatione,

1921 1880 2138 1935 minimc
2169 1882 2365 1952 paruit.

1992 1972 2057 2028 Il.
2110 1972 2233 2028 Post
2273 1975 2401 2028 duos
2438 1991 2632 2030 menses
2659 1976 2860 2052 tandem
2887 1988 3209 2048 exspectatus
3234 1981 3366 2035 venit
3394 1980 3508 2036 lsi-

1920 2064 2076 2119 dorus
2121 2065 2332 2137 (Ibid),
2380 2067 2608 2122 celebris
2639 2069 2727 2122 ille
2775 2069 3062 2141 Presbyter
3106 2073 3505 2132 Alexandrinus

1921 2169 1976 2212 et
2028 2157 2335 2224 Monachus,
2393 2159 2598 2228 legatus
2645 2160 2711 2214 ad
2765 2160 3027 2216 Joannem
3078 2172 3238 2234 atque
3291 2168 3427 2221 alios
3479 2184 3508 2222 a

1923 2249 2224 2316 Theophilo
2248 2249 2616 2304 Alexandrino
2643 2249 2911 2319 Episcopo
2938 2253 3135 2308 missus
3164 2270 3286 2310 cum
3313 2257 3506 2327 literis,

1921 2343 2112 2411 quibus
2151 2344 2526 2398 contentiones
2558 2344 2676 2400 illas
2722 2345 2931 2410 sedare,
2966 2346 3324 2420 adversosque
3369 2353 3507 2408 invi-

1920 2449 2035 2490 cem
2069 2435 2119 2489 in
2144 2437 2363 2505 gratiam
2397 2438 2603 2492 animos
2630 2437 2885 2495 reducere
2916 2442 3171 2495 tentabat.
3205 2441 3328 2498 Sive
3359 2447 3503 2501 enim

1920 2539 2164 2584 censeret
2193 2529 2280 2584 ille
2309 2530 2472 2585 ofﬁcii
2502 2531 2603 2586 hoc
2634 2533 2714 2585 sui
2746 2547 2888 2595 esse,
2921 2549 3020 2603 pro
3047 2535 3192 2589 sedis
3223 2551 3384 2606 quam
3414 2539 3510 2594 ob-

1922 2621 2127 2677 tinebat
2146 2622 2355 2693 fastigio
2386 2641 2398 2678 :
2433 2624 2566 2691 sive,
2591 2624 2729 2694 quod
2749 2625 2844 2682 abs
2873 2625 3202 2699 Hieronymo
3229 2631 3496 2699 proditum

1918 2725 2021 2778 est,
2046 2713 2265 2770 Joannis
2291 2715 2539 2786 precibus
2565 2725 2621 2771 et
2645 2717 2882 2786 querelis
2909 2721 3196 2788 excitatus,
3226 2731 3284 2776 ut
3320 2723 3406 2780 his
3443 2741 3502 2782 se

1917 2805 2409 2862 concertationibus
2437 2817 2754 2877 opponeret,
2778 2810 3036 2865 arbitrum
3064 2827 3122 2866 se
3151 2813 3290 2869 inter
3312 2823 3506 2871 utram-

1916 2912 2020 2967 que
2050 2909 2253 2967 partcm
2288 2897 2456 2954 dedit.
2489 2900 2701 2956 'Verum
2744 2901 2883 2957 idem
2925 2903 3039 2973 ipse
3078 2919 3138 2958 ea
3187 2914 3505 2976 tempestate

1917 2988 2130 3060 Origeni
2161 2989 2391 3054 favebat,
2433 2993 2632 3063 quippe
2660 2995 2749 3064 qui
2790 3003 2934 3050 totus
2964 2996 3222 3054 adversus
3261 3000 3501 3056 Anthro-

1917 3083 2304 3154 pomorpltitas,
2333 3084 2658 3156 Origeniauo
2685 3089 2924 3157 dogmati
2955 3093 3256 3160 oppositos,
3289 3093 3501 3152 fereba-

1918 3183 2023 3231 tur.
2053 3179 2254 3232 Auctor
2291 3194 2504 3249 qnnque
2543 3189 2626 3235 est
2672 3181 2942 3236 Palladius
2989 3181 3040 3237 in
3093 3183 3210 3238 Vita
3259 3183 3501 3258 Chryso-

1916 3271 2095 3332 stomi,
2132 3270 2361 3340 scriptas
2417 3271 2486 3326 ab
2534 3288 2600 3326 eo
2655 3272 2862 3328 litteras
2919 3273 3082 3331 fuisse
3134 3276 3200 3330 ad
3253 3277 3504 3334 Siricium

1918 3360 2162 3427 Romam,
2198 3361 2392 3432 quibus
2448 3362 2804 3432 Epiphaniam
2859 3373 3131 3435 tamquam
3188 3365 3500 3424 htereticum

1916 3464 2078 3525 atque
2107 3465 2380 3510 auctorem
2427 3457 2752 3521 schismatis,
2790 3459 2861 3513 ob
2911 3459 3208 3517 Pauliniaui
3256 3462 3510 3520 videlicet

1915 3549 2330 3613 ordinationem,
2375 3549 2704 3606 traducebat.
2765 3551 2845 3606 Ad
2897 3553 3016 3608 haec
3056 3565 3173 3610 erat
3224 3557 3338 3626 ipse
3383 3572 3504 3611 eum

1915 3639 2119 3696 Joanne
2139 3650 2194 3696 et
2220 3639 2457 3704 Ruffino,
2482 3642 2751 3711 discipulo
2780 3643 2908 3696 olim
2941 3659 3060 3708 suo,
3080 3644 3298 3715 junctus
3323 3647 3510 3700 amici-

1919 3734 2012 3800 tia,
2041 3749 2338 3803 eorumque
2363 3733 2614 3802 opinione
2631 3734 2947 3803 jamdudum
2977 3745 3288 3804 occupatus.
3333 3735 3509 3802 Quare

1918 3825 2057 3880 istud
2108 3825 2250 3880 inter
2277 3834 2472 3880 etetera
2510 3825 2633 3893 jure
2682 3826 2988 3893 expostulat
3033 3825 3092 3881 S.
3145 3826 3328 3889 Pater,
3364 3826 3506 3894 quod

1916 3917 2155 3974 Joannes
2185 3918 2252 3972 ad
2287 3917 2704 3972 Alexandrinum
2751 3919 3098 3988 Epiwopum,
3131 3917 3196 3970 ad
3227 3932 3386 3986 quem
3423 3917 3507 3970 ni-

1919 4009 1992 4064 hil
2023 4011 2092 4066 de
2120 4009 2404 4064 Palazstina
2451 4008 2775 4078 pertinebat,
2815 4008 2992 4077 potius
3023 4023 3182 4077 quam
3221 4006 3288 4061 ad
3327 4007 3508 4061 Caesa-

1917 4102 2174 4166 riensem,
2222 4101 2307 4154 cui
2340 4099 2559 4154 suberat
2589 4109 2854 4170 tamquam
2898 4100 3281 4167 metropolitte,
3325 4107 3378 4154 et
3407 4099 3509 4162 cui,

1916 4195 2014 4262 ait,
2045 4203 2217 4264 spreta
2245 4194 2597 4247 communione
2633 4202 2740 4257 tua,
2769 4193 3139 4246 communicare
3168 4206 3258 4244 nos
3302 4206 3512 4246 nat‘eras

1919 4286 2109 4357 (Ibid.
2149 4287 2200 4353 ),
2279 4283 2363 4340 vel
2444 4285 2510 4339 ad
2593 4284 2988 4338 Antiorltenum
3063 4283 3216 4336 totius
3290 4279 3512 4336 Orientis
3579 4331 3582 4334 .

1918 4377 2310 4442 Patriarcham,
2340 4375 2553 4432 litteras
2597 4389 2721 4430 suas
2745 4375 3049 4430 direxisset.
3086 4372 3193 4428 Sed
3219 4375 3352 4438 novi,
3383 4374 3512 4428 sub-

1918 4471 2018 4540 dit,
2067 4489 2160 4527 cur
2200 4469 2498 4537 Caesariam,
2541 4485 2629 4522 cur
2669 4468 2989 4522 Antiochiam
3030 4465 3252 4519 nolueris
3295 4466 3504 4519 mittere.

1921 4565 2131 4620 Sciebas
2165 4564 2291 4634 quid
2321 4563 2539 4632 fugeres.
2569 4560 2691 4630 quid
2725 4561 2926 4613 vitares.
2963 4557 3194 4610 Metuisti
3224 4571 3510 4612 occursus

1919 4658 2128 4711 auribus
2158 4654 2442 4709 molestiam
2470 4657 2654 4724 facere.
2697 4667 2845 4721 quant
2872 4649 3090 4704 debitum
3121 4650 3507 4722 metropolitano

1922 4757 2007 4803 tuo
2035 4748 2275 4801 honorem
2301 4746 2530 4800 reddere.
2569 4743 2678 4799 Nec
2723 4745 2816 4798 hoc
2841 4745 2977 4811 dico,
3006 4744 3144 4816 quod
3171 4756 3354 4814 praeter
3388 4762 3508 4802 Mtt-

1921 4855 2115 4901 CI'I‘IAS,
2148 4853 2259 4906 qua:
2303 4837 2638 4906 suspicionem
2678 4847 2938 4908 generant,
2986 4838 3261 4908 quidquam
3291 4838 3342 4890 in
3374 4838 3512 4908 lega-

1925 4933 2056 4985 tione
2104 4929 2494 4997 reprehendant.
2547 4929 2782 5000 Denique
2827 4929 3000 4984 fuerat
3041 4932 3200 4984 etiam
3235 4948 3261 4982 a
3298 4930 3514 4987 ΒηΠίιώ

1923 5037 2066 5092 sazpe
2098 5022 2148 5075 itt
2194 5021 2573 5092 Ilieronymum
2619 5023 2919 5091 instigatus,
2966 5023 3105 5093 quod
3158 5022 3244 5078 hic
3289 5023 3509 5078 Paulum

1925 5115 2209 5185 quemdam
2250 5115 2466 5167 incerta:
2497 5113 2640 5168 sedis
2669 5113 2720 5168 in
2763 5113 2996 5186 IEgypto
3029 5115 3374 5185 Episcopum,
3404 5115 3513 5185 eju—

1925 5217 2069 5262 ctum
2096 5223 2125 5260 a
2158 5205 2478 5274 Titeuphilo,
2511 5206 2561 5261 in
2599 5221 2696 5259 suo
2727 5207 3048 5262 Muuasterio
3088 5208 3398 5278 recepisset,
3433 5220 3506 5270 et,

1928 5311 1982 5356 ut
2010 5301 2232 5354 tumulus
2277 5301 2366 5356 ille
2411 5301 2728 5367 blaterabat,
2781 5319 2979 5356 summo
3024 5303 3158 5368 nisu,
3204 5311 3248 5355 et
3278 5304 3512 5356 omnibus

1927 5392 2110 5448 studiis
2157 5391 2467 5462 defenderet,
2503 5394 2658 5462 eique
2702 5406 2889 5448 auctor
2919 5402 3083 5459 esset,
3120 5402 3176 5446 ιιι
3215 5410 3305 5465 per
3342 5393 3515 5464 Impe-

1928 5486 2057 5540 riale
2071 5484 2396 5556 Ilescriptum
2412 5487 2656 5556 reciperet
2676 5486 3032 5551 sacerdotium,
3057 5485 3197 5554 quod
3225 5485 3519 5554 Episc0pali

1924 5578 2122 5648 judicio
2161 5578 2418 5631 antiserat.
2460 5578 2590 5645 Quae
2623 5579 2690 5632 ita
2738 5579 2952 5648 quidem
3008 5577 3098 5632 ille
3138 5577 3518 5652 exaggerabat,

1930 5672 2284 5741 vertebatque
2312 5673 2362 5725 in
2385 5671 2670 5740 TheOphili
2690 5671 3092 5732 contumeliam,
3118 5677 3174 5722 ιιι
3196 5666 3357 5720 etiam
3384 5665 3521 5732 ejus-

1932 5765 2054 5821 dem
2083 5765 2148 5819 ad
2177 5765 2559 5835 Ilieronymum
2587 5763 2866 5832 epistolas,
2903 5776 2970 5816 ne
3002 5759 3379 5824 redderentur,
3421 5759 3520 5812 ali-

1934 5859 2146 5934 quando
2187 5857 2538 5932 prohibuerit.
2580 5856 2707 5916 Mete
2755 5866 2946 5920 autem,
3001 5851 3217 5922 reponit
3259 5851 3316 5910 S.
3365 5851 3515 5914 Patet

2809 5946 3122 6038 (ρωποι)
