4052 6338
505 523 603 580 iib.
635 518 723 577 Ill.
752 514 1048 590 Apologia,
1079 496 1470 578 communionis,
1511 500 1559 565 et
1617 505 1781 576 Paper
1826 500 2101 573 Theophili

506 613 708 671 nullum
754 610 917 667 alium
951 616 1126 664 testem
1165 604 1373 670 vocabo,
1416 601 1517 658 nisi
1540 601 1727 673 ipsum,
1772 612 1921 667 quem
1959 610 1993 647 a
2017 606 2101 648 me

502 720 694 764 mssast
718 704 930 762 simulas
961 717 980 757 :
1007 701 1154 773 cujus
1185 694 1446 768 Epistolas
1470 692 1541 747 ad
1568 680 1665 746 me
1692 703 1891 759 semper
1918 686 2090 748 datas,

497 798 657 858 aiam
700 814 760 855 eo
808 804 1031 866 tempore
1073 808 1178 848 non
1229 790 1456 863 ignoras,
1513 799 1614 857 quo
1657 780 1784 837 mihi
1819 795 1906 835 eos
1949 774 2097 832 redtﬁ

497 901 847 955 moments,
876 895 924 943 et
952 883 1178 956 quotidie
1201 881 1370 937 missis
1398 875 1677 933 tabellariis
1696 872 1963 928 mimicum
1985 868 2099 939 ejus

492 1022 497 1029 η
530 984 722 1041 unicum
768 988 1001 1038 nostrum
1040 985 1090 1034 et
1136 971 1594 1048 familiarissimum
1613 966 1913 1041 factitabat,
1962 971 2010 1018 et
2036 976 2099 1016 ea

527 1092 619 1143 pate
655 1090 794 1131 nunc
847 1071 1172 1143 impudenter
1210 1065 1410 1132 scribis,
1458 1059 1801 1126 mentiebaris,
1855 1064 1914 1111 at
1955 1054 2099 1110 illius

523 1178 683 1222 :ontra
709 1182 803 1222 nos
826 1146 946 1220 odia
970 1161 1269 1229 consitura,
1297 1166 1346 1214 et
1369 1156 1578 1230 injurits
1593 1153 1761 1222 dolor,
1799 1150 1925 1222 ﬁdei
1952 1147 2099 1219 ﬁeret

517 1260 789 1332 tppressio.

574 1350 664 1407 IlI.
708 1349 877 1422 Hujus
928 1355 1046 1405 erat
1073 1344 1274 1417 ingenii
1319 1340 1673 1413 Theophilus,
1727 1337 1913 1409 sicque
1965 1343 2094 1392 tunc

508 1443 766 1515 temporis
791 1440 1079 1508 animatus,
1108 1448 1306 1494 caetera
1345 1435 1558 1506 pietatis
1580 1434 1732 1504 juxta
1770 1438 1933 1500 atque
1970 1442 2096 1483 eru-

508 1534 723 1590 ditionis
762 1532 1017 1590 laudibus
1053 1530 1286 1586 maxime
1334 1526 1579 1598 insignis.
1632 1522 1867 1580 Isidorus
1913 1530 2092 1575 autem

506 1629 613 1695 ille,
642 1639 802 1698 quem
830 1624 898 1681 ad
927 1623 1190 1682 Joannem
1215 1620 1580 1691 adlegaverat,
1609 1626 1665 1673 et
1693 1614 1847 1686 cujus
1877 1612 2095 1668 volebat

506 1736 665 1793 opera
692 1721 944 1777 incensos
992 1719 1200 1773 animos
1231 1711 1479 1778 delinire,
1526 1722 1710 1767 merus
1747 1714 1864 1765 erat
1906 1706 2096 1778 Orige-

503 1814 662 1881 nista,
693 1811 917 1869 Joannis
955 1815 1012 1866 et
1042 1807 1244 1865 Bullini
1272 1807 1510 1878 partibus
1543 1803 1785 1873 impense
1825 1799 2091 1866 addictus,

504 1905 786 1961 turbandis
812 1904 1045 1974 denique
1080 1901 1261 1977 rebus,
1299 1913 1460 1970 quam
1486 1893 1871 1966 componendis
1896 1892 2090 1962 aptior.

504 2001 633 2055 Ante
666 2007 766 2054 tres
792 2012 987 2053 menses
1012 2010 1170 2066 quam
1200 1990 1591 2063 Jerosolymam
1615 1987 1918 2051 accederet,
1947 1984 2095 2038 litte-

500 2105 592 2146 ras
619 2088 788 2157 dedit,
839 2100 959 2159 qua:
1009 2084 1259 2156 portantis
1309 2097 1480 2138 errore
1536 2080 1680 2153 (sive
1727 2087 1784 2135 ut
1824 2075 2092 2133 Vastelius

500 2180 788 2255 legendum
832 2187 1073 2235 autumat
1111 2177 1165 2232 in
1195 2173 1461 2229 Vindiciis
1514 2180 1774 2243 portantes
1826 2178 2089 2235 terrorem,

501 2289 678 2345 neque
704 2271 848 2329 enim
892 2270 1025 2327 satis
1054 2269 1229 2341 placet
1259 2275 1518 2338 portantes
1542 2280 1763 2320 errorem
1793 2260 1931 2335 (Lib.
1951 2270 2088 2316 cont.

503 2363 709 2437 leam],
735 2362 879 2436 quod
908 2361 1030 2418 libri
1066 2359 1286 2431 quidem
1328 2372 1518 2415 omnes
1559 2356 1778 2428 habent)
1830 2354 2094 2410 Vincentio

500 2458 805 2529 Presbytero
849 2452 1063 2511 reddita:
1108 2462 1246 2520 sunt,
1287 2453 1468 2533 quibus
1516 2450 1878 2507 cohortabatur
1914 2450 2094 2506 ducem

503 2551 749 2609 exercitus
776 2548 877 2615 sui,
911 2557 964 2602 ut
989 2563 1144 2617 super
1186 2554 1380 2616 petram
1427 2542 1547 2607 ﬁdei
1576 2542 1706 2613 (hoc
1753 2543 1952 2613 quippe
1995 2554 2094 2597 no-

504 2641 650 2697 mine
677 2639 1077 2712 Origenismum
1110 2636 1367 2706 donabat)
1392 2634 1561 2691 stabili
1587 2634 1875 2707 persisteret
1902 2634 2090 2704 gradu,

504 2750 596 2789 nec
621 2718 954 2805 Hieronymi,
988 2730 1213 2802 ejusque
1237 2739 1561 2785 sectatorum
1590 2728 1742 2783 minis
1772 2737 2044 2783 teneretur
2075 2742 2096 2784 :

503 2825 798 2898 pollicitus,
827 2825 990 2881 etiam
1018 2834 1290 2895 antequam
1313 2821 1578 2893 legationis
1620 2828 1747 2875 esset
1789 2818 1900 2874 ulla
1926 2820 2095 2891 suspi-

504 2922 604 2988 cio,
638 2918 931 2976 alatorum
969 2932 1030 2975 se
1074 2915 1386 2989 pr0pediem
1412 2914 1480 2971 ad
1520 2927 1722 2971 cuneos
1751 2913 2094 2970 adversario-

505 3028 628 3070 rum
666 3010 1045 3085 proterendos.
1094 3008 1360 3075 Quomodo
1401 3007 1624 3079 (aiebat)
1668 3010 1840 3079 fumus
1884 3006 1938 3060 in
1982 3020 2100 3061 aere

506 3106 821 3172 dissolvitur,
850 3112 899 3159 et
922 3119 1039 3159 cera
1063 3101 1131 3157 ad
1159 3101 1396 3156 viciniam
1429 3101 1563 3174 ignis
1585 3102 1812 3173 liquescit
1837 3116 1858 3155 :
1886 3101 1960 3154 ita
2002 3100 2099 3155 disc

506 3185 812 3270 sipabuntur
855 3196 942 3267 qui
984 3211 1181 3267 semper
1219 3192 1595 3251 Ecclesiasticte
1627 3194 1748 3265 fidei
1785 3194 2091 3258 resistentes,

507 3308 643 3348 nunc
679 3308 767 3363 per
808 3290 1035 3346 homines
1061 3289 1319 3360 simplices
1341 3288 1487 3360 (puto
1527 3287 1839 3360 Monacbos)
1871 3278 2099 3344 eantdem

509 3385 665 3453 fidem
689 3382 970 3452 inquietare
1014 3392 1285 3437 conantur.
1318 3382 1385 3438 Et
1426 3381 1694 3454 designari
1738 3380 1955 3451 quidem
2001 3394 2099 3451 per

510 3476 690 3528 ducent
716 3474 965 3528 exercitus
993 3470 1292 3537 Bullinum,
1336 3488 1402 3530 ex
1443 3472 1526 3530 his
1578 3472 1864 3528 manifesto
1909 3473 2096 3544 liquet,

509 3582 631 3638 qua:
659 3566 848 3622 eadem
877 3566 990 3622 lere
1020 3565 1184 3622 verba
1215 3567 1267 3621 in
1313 3581 1438 3621 eum
1488 3566 1695 3637 profert
1741 3565 2099 3637 Hieronymus

508 3661 603 3717 lib.
638 3657 727 3715 Ill.
755 3658 1032 3731 Apologia:
1069 3658 1161 3715 ubi
1186 3658 1254 3714 de
1286 3658 1390 3714 illis
1422 3658 1609 3715 Isidori
1641 3658 1851 3723 litteris,
1887 3656 1973 3713 Ne
1994 3658 2102 3712 ira—

512 3762 706 3821 scatur,
745 3753 934 3824 inquit,
966 3754 1011 3809 is
1039 3753 1146 3819 tibi,
1174 3757 1261 3824 qui
1289 3762 1466 3809 contra
1501 3752 1705 3825 Papam
1749 3750 2100 3824 Epiphaniam

509 3846 579 3900 ad
614 3854 660 3901 te
685 3843 947 3917 Epistolas
976 3844 1219 3918 dirigens,
1257 3845 1577 3911 hortabatur,
1610 3854 1664 3900 ut
1702 3862 2023 3916 permaneres
2045 3844 2101 3900 in

510 3939 632 4010 fidei
655 3939 883 4007 ueritate,
921 3947 969 3994 et
996 3953 1098 3994 non
1138 3947 1361 3994 mutares
1397 3939 1505 3995 ullo
1538 3947 1728 3993 terrore
1749 3938 2049 3993 sententiam
2078 3953 2100 3992 :

512 4048 625 4106 quae
645 4031 882 4104 Epistola
902 4032 1223 4103 Italograplta
1245 4040 1442 4086 tenetur
1461 4032 1523 4085 ab
1545 4030 1644 4097 Itis,
1666 4030 1736 4084 ad
1754 4046 1881 4101 quos
1902 4030 2102 4098 perlata

511 4133 608 4191 est,
639 4123 892 4179 nimirum
918 4139 949 4177 α
984 4121 1250 4179 Vincentio
1278 4122 1605 4194 Presbytero.
1636 4120 1718 4176 Ad
1750 4122 1892 4176 hunc
1922 4121 2102 4191 itaque

516 4215 732 4273 modum
782 4214 1051 4270 animatus
1105 4215 1253 4271 venit
1300 4216 1546 4286 egregius
1596 4214 1699 4269 iste
1734 4213 1884 4284 pacis
1912 4228 2103 4284 seque-

513 4319 626 4369 ster
652 4325 670 4367 :
698 4308 963 4377 Joannem
989 4306 1213 4379 ejusque
1240 4307 1478 4361 asseclas
1505 4305 1636 4372 adit,
1665 4305 2101 4379 legationemque

511 4416 664 4461 suam
710 4398 1007 4457 renuntiat.
1057 4378 1183 4453 Adit
1227 4397 1390 4454 etiam
1421 4395 1704 4469 Theophili
1745 4398 1963 4451 nomine
2001 4378 2114 4453 ite:

512 4512 628 4553 rum
660 4511 723 4552 ac
752 4492 911 4551 tertio
939 4491 1350 4562 Hieronymum,
1397 4487 1492 4544 sed
1532 4488 1849 4544 commissas
1889 4487 1990 4543 sibi
2035 4486 2100 4543 ad

515 4596 652 4643 hunc
684 4587 867 4644 literas
909 4584 1137 4641 reddere
1176 4596 1451 4653 nunquam
1482 4580 1666 4636 voluit.
1701 4579 1983 4651 Quumque
2020 4579 2103 4635 di-

511 4688 658 4737 ceret
681 4680 740 4737 S.
780 4679 958 4745 Pater,
1001 4677 1063 4733 Si
1101 4678 1294 4748 legatus
1319 4692 1393 4742 es,
1416 4673 1572 4731 redde
1596 4674 1863 4746 legationis
1890 4671 2072 4745 Episto

517 4779 588 4830 tas
622 4775 706 4830 :si
734 4772 996 4845 Epistolas
1039 4789 1140 4827 non
1170 4772 1344 4837 habes,
1375 4770 1626 4843 quomodo
1654 4769 1873 4841 legatum
1913 4777 1961 4823 te
1986 4784 2105 4841 pro-v

511 4869 651 4923 dabis
670 4869 696 4923 .9
725 4866 1007 4939 Respondit
1035 4881 1089 4922 se
1117 4865 1301 4920 habere
1328 4865 1528 4939 quidem
1556 4865 1732 4920 literas
1756 4880 1776 4920 :
1806 4862 2103 4936 adjuratunt

512 4971 679 5014 tamen
746 4960 809 5014 ab
869 4957 1310 5030 Jerosolgntorum
1369 4956 1665 5028 Episcopo,
1736 4974 1799 5013 ne
1863 4973 1948 5012 eas
1989 4956 2104 5012 red-

512 5052 651 5106 deret
705 5049 887 5122 (Ibid.
917 5049 958 5121 ).
1013 5050 1090 5104 Ita
1139 5047 1438 5103 studiosum
1485 5062 1546 5103 se
1595 5047 1817 5103 Joannis
1870 5048 2102 5105 manife-

513 5152 599 5199 sto
641 5142 894 5215 prodens,
925 5156 1074 5213 spem
1109 5140 1254 5211 pacis
1294 5154 1509 5208 omnem
1541 5140 1792 5210 peremit,
1828 5156 1993 5213 reque
2022 5142 2105 5198 in-

515 5235 655 5291 fecta
702 5235 970 5292 discessit.
1018 5232 1321 5289 Discedenti
1369 5232 1604 5303 Joannes
1650 5234 1967 5307 Apologiam
2004 5251 2103 5310 pro

513 5343 611 5384 sua
650 5342 814 5384 causa
858 5326 926 5382 ad
963 5325 1323 5397 Theophilum
1373 5326 1719 5384 deferendam
1759 5328 1906 5386 dedit
1956 5349 1970 5388 :
2016 5333 2105 5388 cui

514 5419 899 5477 conclunandas
920 5434 1142 5491 operam
1170 5420 1284 5491 ipse
1323 5434 1474 5475 suam
1504 5420 1738 5489 Isidorus
1764 5424 2091 5493 contulerat,

512 5521 570 5567 ut
595 5511 731 5566 ident
755 5520 902 5581 esset,
928 5508 1378 5585 quemadmodum
1404 5512 1759 5589 Ilieronymus
1780 5516 2093 5588 exprobrat,

513 5613 560 5660 et
602 5605 817 5660 dictator
855 5614 901 5660 et
927 5603 1130 5673 bajulus
1183 5604 1444 5661 literarum
1490 5607 1700 5683 (Ibid.).
1755 5611 1864 5666 Has
1905 5609 2107 5667 deinde

514 5697 723 5754 litteras
748 5695 891 5753 idem
928 5697 1385 5771 Jerosolymorum
1431 5701 1729 5776 EpiscOpus
1767 5719 2101 5776 quaquaver-

513 5803 633 5844 sum
674 5789 840 5860 misit,
882 5800 1042 5864 utque
1079 5808 1175 5864 per
1218 5802 1386 5851 totum
1417 5798 1604 5854 orbem
1643 5796 2093 5865 dill'undercntur,

516 5884 819 5953 praesertim
861 5903 994 5947 vero
1033 5897 1092 5946 ut
1135 5887 1539 5959 Occidentalium
1578 5891 1914 5950 Sacerdotum
1954 5900 2100 5949 aures

1796 390 1853 447 s.
1897 368 2275 444 nlaaonvm
2313 378 2494 440 vm.

2205 502 2590 564 commoveret,
2636 512 2848 555 mo
2876 498 3052 559 studio
3079 500 3210 583 egit.
3251 500 3310 559 In
3348 501 3787 574 illis'appetitum

2205 604 2266 647 se
2290 590 2360 646 ab
2388 590 2692 662 Epiphanio
2718 607 2816 663 per
2833 607 3097 649 summam
3123 594 3398 665 injuriam,
3420 594 3646 653 minime
3666 612 3796 654 vero

2208 684 2278 738 ob
2304 684 2554 739 violatam
2600 685 2707 740 ulla
2751 701 2814 742 ex
2869 695 3019 757 parte
3061 686 3403 757 Origenianis
3451 686 3797 758 dogmatibus

2190 774 2387 841 iidem,
2419 790 2484 833 ex
2512 791 2579 833 eo
2616 776 2952 847 potissimum
2981 778 3313 844 declarabat,
3348 778 3493 849 quod
3520 795 3673 835 suam
3702 780 3797 847 illo

2204 869 2643 926 communionem
2687 886 2958 942 nunquam
3000 871 3293 943 refugerat.
3344 871 3576 927 Proinde
3605 872 3797 931 Hiero-

2206 976 2449 1033 nymum,
2482 970 2666 1033 totque
2693 978 2817 1019 cum
2846 979 2913 1020 eo
2950 964 3335 1023 lonaelmrum
3379 963 3597 1031 choros,
3643 967 3794 1037 quasi

2206 1053 2462 1111 lactiosos
2492 1056 2760 1120 homines,
2789 1066 2950 1128 atque
2978 1056 3162 1112 hostes
3189 1056 3433 1128 publicos
3457 1056 3790 1114 traducebat.

2275 1147 2364 1203 IV.
2407 1147 2518 1205 Nec
2559 1164 2689 1209 sane
2719 1164 2808 1205 res
2836 1150 2975 1204 male
3003 1164 3068 1204 ex
3107 1149 3331 1204 Joannis
3359 1151 3629 1213 sententia
3671 1164 3792 1205 suc-

2201 1240 2382 1304 cessit,
2406 1250 2702 1311 occupatus
2748 1240 3013 1312 siquidem
3060 1241 3209 1296 hisce
3236 1241 3354 1310 eius
3402 1241 3597 1300 literis.
3629 1252 3791 1311 atque

2201 1330 2390 1387 lsidori
2418 1331 2933 1397 lnsusurrationibus
2954 1332 3239 1403 Theophili
3260 1334 3476 1399 animus
3495 1350 3639 1407 aegre
3654 1335 3795 1391 lurco

2201 1424 2349 1480 visus
2393 1434 2496 1494 est,
2545 1425 2935 1499 Hieronymum
2968 1428 3120 1499 pacis
3146 1427 3504 1496 conditiones,
3550 1429 3616 1484 ad
3659 1443 3794 1501 quas

2202 1517 2351 1573 illum
2382 1534 2479 1589 per
2504 1519 2739 1591 legatum
2780 1535 2936 1575 suum
2983 1518 3323 1587 invitarent,
3367 1526 3659 1591 respuisse.
3694 1522 3792 1577 Diu

2202 1610 2361 1682 igitur
2386 1614 2720 1686 multumque
2756 1614 2874 1684 fuit,
2917 1630 3083 1687 quum
3128 1616 3304 1672 nullas
3346 1617 3413 1672 ad
3441 1632 3564 1673 eum
3609 1618 3793 1672 literas

2200 1706 2368 1773 dedit,
2402 1723 2575 1780 neque
2605 1709 2673 1764 ab
2712 1709 2802 1764 illo
2831 1709 3059 1780 scriptas
3095 1709 3162 1765 ad
3190 1724 3249 1766 se
3279 1710 3391 1766 ullo
3418 1724 3681 1779 responso
3711 1709 3793 1765 di-

2200 1812 2392 1870 gnatus
2412 1810 2515 1856 est.
2545 1801 2651 1858 Sed
2689 1818 2977 1875 numquam
3017 1811 3194 1860 tamen
3234 1806 3302 1861 ab
3335 1804 3529 1860 olliciis
3558 1806 3791 1861 cessavit

2201 1892 2259 1947 S.
2292 1893 2470 1958 Pater,
2501 1901 2555 1949 et
2598 1895 2897 1951 subiratum
2938 1905 3123 1953 contra
3166 1913 3228 1954 se
3264 1897 3418 1953 malis
3445 1898 3787 1954 adversario-

2200 2001 2319 2040 rum
2360 1986 2789 2058 instig‘ationibus
2818 1989 2990 2045 virum
3026 2000 3218 2047 cmlera
3247 1991 3463 2047 eximiis
3497 1992 3789 2049 virtutibus

2203 2082 2503 2152 pratditum,
2554 2083 2745 2155 suique
2793 2094 2949 2141 antea
2989 2086 3285 2142 studiosum
3317 2085 3567 2154 delinire,
3599 2096 3656 2142 et
3680 2103 3784 2159 qua

2201 2186 2372 2237 voce,
2422 2190 2525 2245 qua
2573 2175 2791 2247 scriptis
2836 2178 3180 2249 interpellare
3230 2193 3502 2248 nunquam
3554 2178 3783 2236 destitit.

2200 2265 2439 2323 Tandem
2467 2276 2522 2324 et
2567 2268 2691 2326 vicit
2735 2269 2941 2326 crebris
2986 2269 3176 2327 officiis
3218 2270 3515 2337 hominem,
3544 2272 3634 2342 qui
3666 2272 3788 2327 diu-

2202 2367 2418 2416 turnum
2457 2361 2729 2418 silentium
2770 2363 2931 2435 rupit,
2971 2372 3024 2419 et
3064 2364 3378 2420 subamaras
3408 2363 3647 2434 quidem,
3691 2363 3786 2420 sed

2202 2454 2387 2509 literas
2430 2463 2608 2511 tamen
2660 2456 2727 2511 ad
2773 2455 2832 2512 Β.
2882 2456 3163 2513 Ductorem
3207 2456 3376 2511 dedit.
3431 2457 3488 2512 In
3531 2456 3614 2511 his
3663 2472 3786 2513 eum

2201 2547 2374 2617 primo
2428 2546 2496 2602 de
2538 2562 2812 2603 sacrorum
2864 2548 3139 2604 Canouum
3190 2548 3525 2604 observantia
3582 2558 3786 2614 monet,

2201 2638 2342 2709 quod
2371 2638 2620 2696 nimirum
2663 2640 2930 2713 Episcopo
2956 2656 3054 2696 suo
3082 2639 3529 2712 Jerosolymitano
3559 2656 3664 2695 non
3694 2641 3791 2695 ob-

2202 2740 2537 2801 sequeretur,
2581 2732 2739 2802 eique
2778 2733 3216 2798 communicaret,
3259 2720 3313 2787 et
3356 2731 3573 2788 fratrem
3610 2732 3787 2787 Pauli-

2203 2823 2424 2879 nianum
2471 2825 2575 2880 rite
2617 2824 2921 2881 ordinatum
2966 2825 3335 2882 contenderet.
3386 2826 3546 2894 Queri
3597 2825 3793 2882 deinde

2202 2918 2431 2985 videtur,
2485 2917 2628 2988 quod
2680 2917 3003 2990 Origeniano
3054 2920 3276 2986 nomini,
3323 2918 3545 2990 ejusque
3592 2917 3791 2988 ingenii

2203 3010 2534 3065 amatoribus
2582 3026 2750 3082 usque
2796 3010 2932 3067 adeo
2988 3010 3253 3066 infensum
3304 3025 3363 3066 se
3406 3019 3642 3082 gereret,
3702 3008 3791 3064 ubi

2204 3100 2409 3156 nullum
2441 3100 2592 3157 Fidei
2621 3100 2959 3171 dispendium
2987 3111 3148 3158 esset.
3189 3102 3314 3157 Haec
3352 3117 3449 3157 nos
3479 3103 3793 3172 excepimus

2204 3195 2554 3265 querimoniae
2598 3182 2795 3266 potius,
2847 3210 3006 3266 quant
3048 3194 3403 3251 amicitiarum
3456 3203 3511 3250 ct
3552 3195 3792 3251 benevo-

2204 3285 2383 3341 lentia:
2428 3287 2577 3357 signa
2609 3302 2675 3343 ex
2726 3286 3003 3358 ipsinsmet
3042 3285 3099 3343 8.
3148 3288 3318 3344 Patris
3347 3288 3698 3358 responsione
3724 3288 3795 3343 ad

2203 3377 2588 3449 Theophilum,
2625 3395 2745 3450 qute
2786 3379 2960 3435 locum
3007 3381 3061 3434 in
3099 3380 3414 3436 recensione
3444 3391 3626 3436 nostra
3666 3380 3795 3452 Epi-

2205 3471 2463 3526 stolarum
2509 3480 2656 3527 tenet
2698 3471 2887 3529 LXIII.
2920 3481 2976 3533 et
3016 3488 3175 3545 quam
3225 3472 3331 3531 huc
3377 3475 3583 3529 referre
3612 3488 3792 3544 operte

2205 3566 2437 3649 pretium
2465 3574 2567 3622 est.
2600 3565 2853 3639 Meminit,
2898 3566 3089 3647 inquit,
3133 3565 3405 3633 Beatitudo
3431 3575 3540 3635 tua,
3573 3567 3710 3638 quod
3736 3582 3792 3635 eq

2206 3666 2450 3737 tempore,
2491 3674 2589 3731 quo
2629 3658 2884 3721 nobiscum
2929 3656 3147 3723 tacebas,
3200 3674 3473 3739 numquam
3518 3663 3580 3713 ab
3620 3659 3794 3731 oﬁiciis

2205 3766 2344 3831 meus
2371 3766 2534 3819 sermo
2562 3751 2825 3809 cessaverit
2855 3765 2874 3804 :
2901 3766 2992 3805 nec
3020 3749 3441 3806 consideraverim
3475 3750 3597 3823 quid
3621 3760 3673 3805 tu
3699 3766 3792 3827 pro

2206 3842 2581 3915 dispensatione
2608 3849 2725 3896 tunc
2753 3841 2965 3913 faceres,
3009 3841 3096 3898 sed
3136 3840 3258 3923 quid
3297 3858 3375 3896 me
3404 3844 3575 3921 facere
3611 3859 3793 3907 conve-

2207 3937 2354 4006 niret.
2388 3935 2455 4005 Et
2486 3954 2619 3992 nunc
2648 3938 2864 4007 sumptis
2908 3935 3231 4009 Dignationis
3257 3946 3358 3992 tua:
3392 3934 3655 4008 Epistolis,
3686 3936 3794 4008 [ru-

2207 4039 2344 4097 ctant
2389 4032 2610 4101 aliquem
2645 4029 2838 4101 cepisse
2876 4047 2954 4085 me
2999 4030 3140 4085 video
3181 4016 3501 4101 Evangelicw
3542 4012 3792 4095 lectionis.

2210 4121 2278 4187 Et
2312 4123 2471 4205 paulo
2507 4115 2652 4203 post,
2692 4122 2842 4189 Quod
2868 4123 2932 4181 de
2960 4122 3251 4185 Cananibus
3283 4121 3655 4179 Ecclesiasticis
3685 4139 3793 4177 mo-

2208 4231 2314 4282 nes,
2345 4216 2538 4287 gratias
2559 4217 2759 4287 agimus
2784 4233 2804 4272 :
2833 4233 2990 4289 quem
3022 4218 3165 4274 enim
3191 4216 3364 4291 diligit
3397 4216 3650 4281 Dominus
3676 4232 3795 4271 cor-

2211 4310 2357 4387 ripit,
2391 4318 2447 4369 et
2489 4309 2725 4383 ﬂagellat
2755 4327 2969 4367 omnem
3000 4311 3187 4381 lilium,
3233 4326 3391 4387 quem
3433 4310 3641 4393 recipit.
3687 4308 3793 4366 Sed

2210 4394 2378 4459 tamen
2422 4404 2547 4458 scito
2578 4404 2720 4459 nobis
2769 4404 2899 4463 nillil
2946 4422 3051 4462 esse
3092 4405 3368 4483 antiquius,
3412 4420 3565 4476 quant
3608 4402 3797 4465 Christi

2206 4496 2323 4569 jura
2353 4511 2572 4560 servare,
2601 4512 2692 4551 nec
2712 4496 2929 4551 Patrum
2959 4496 3237 4569 transferre
3278 4497 3536 4559 terminos,
3567 4511 3790 4567 semper-

2211 4603 2303 4655 que
2329 4587 2633 4654 mentinisse,
2681 4586 2967 4642 Romanam
3004 4588 3179 4657 ﬁdem,
3223 4587 3513 4657 Apostolico
3554 4603 3639 4641 ore
3676 4586 3790 4640 lan-

2210 4679 2403 4744 tlatam,
2437 4681 2582 4750 cujus
2606 4696 2660 4736 se
2696 4697 2805 4736 esse
2844 4662 3143 4752 participem
3172 4679 3523 4735 Alexandrina
3569 4679 3793 4734 Ecclesia

2211 4774 2475 4845 gloriatur.
2514 4775 2789 4846 Denique:
2816 4774 2987 4846 Super
3010 4775 3209 4847 nefaria
3241 4774 3425 4830 hteresi
3453 4774 3793 4844 (Origvniam

2214 4867 2411 4941 utique)
2437 4868 2576 4941 quod
2599 4870 2810 4923 multam
2836 4867 3133 4937 patientiam
3163 4870 3315 4938 geris,
3349 4877 3399 4921 et
3425 4877 3576 4937 putas
3617 4867 3765 4920 lCccle

2212 4963 2299 5017 site
2351 4964 2620 5019 visceribus
2676 4961 2972 5017 incubantes
3017 4973 3105 5015 tua
3144 4978 3291 5033 posse
3329 4963 3520 5041 corrigi
3569 4962 3790 5023 lenitate,

2226 5059 2382 5115 nullis
2426 5059 2632 5114 Sanctis
2661 5057 2914 5125 displicet,
2957 5071 3019 5109 ne
3063 5054 3185 5110 dunt
3228 5073 3507 5128 paucorum
3542 5053 3767 5125 paniten

2216 5152 2331 5203 tiam
2370 5149 2702 5221 prazstolaris,
2736 5147 2932 5202 nutrias
2957 5146 3228 5203 audaciam
3268 5150 3602 5220 perditorum,
3640 5157 3686 5203 et
3720 5149 3785 5217 [αι

2212 5242 2309 5295 ctio
2336 5242 2588 5296 robustior
2612 5240 2722 5308 ﬁat.
2756 5237 2881 5293 Ilaec
2909 5237 3033 5293 data
3070 5248 3154 5295 est
3184 5239 3423 5311 Epistola
3453 5256 3597 5295 anno
3637 5239 3783 5296 circi

2213 5342 2292 5389 ler
2339 5334 2463 5398 597;
2511 5331 2616 5387 hoc
2668 5330 2917 5384 nimirum
2968 5331 3142 5400 spatio
3196 5333 3476 5402 temporis,
3528 5332 3584 5386 in
3640 5330 3783 5400 cujut

2211 5425 2563 5485 describenda
2593 5423 2814 5478 historia
2841 5437 3140 5491 versamur,
3175 5432 3233 5479 ut
3261 5424 3391 5478 satis
3421 5424 3707 5480 manifesto
3743 5422 3797 5478 in

2208 5516 2616 5586 Cltronologicis
2645 5514 2710 5569 ad
2737 5528 2855 5570 eam
2887 5512 3036 5569 Notis
3057 5515 3413 5570 ostendimus.

2283 5611 2370 5666 IV.
2411 5608 2515 5681 Sed
2544 5616 2598 5663 et
2630 5606 2735 5663 alia
2780 5606 2938 5677 paulo
2966 5618 3112 5675 ante,
3153 5607 3221 5663 ab
3250 5623 3392 5662 anno
3419 5609 3622 5665 scilicet
3666 5604 3788 5664 595.

2209 5703 2401 5759 mediis
2427 5702 2478 5757 in
2511 5700 2952 5758 altercationibus
2978 5702 3192 5771 scripsit
3217 5699 3275 5757 S.
3300 5701 3480 5770 Pater,
3510 5719 3632 5773 qua:
3670 5705 3799 5759 itote

2213 5801 2263 5855 in
2296 5814 2456 5854 unum
2484 5811 2768 5853 recensere
2799 5793 3036 5849 historias
3057 5793 3223 5849 series
3255 5801 3416 5865 atque
3451 5795 3587 5850 ordo
3624 5796 3799 5867 jubet.

2214 5896 2397 5952 Priora
2444 5895 2562 5950 loco
2602 5890 2749 5948 venit
2808 5886 3049 5957 Epistola
3096 5884 3161 5941 ad
3214 5872 3521 5944 Marcellam
3568 5904 3798 5947 numero
