4052 6338
228 479 519 550 praenotata
546 468 690 529 LIX.
716 481 821 541 qua
860 471 1061 531 sanetae
1105 458 1321 545 feminae
1348 452 1640 527 respondet
1665 466 1813 550 quae-

227 545 358 625 renti
390 568 537 621 inter
560 573 781 625 cmtera,
808 559 936 631 quid
964 555 1093 617 illud
1125 555 1215 620 sit,
1247 549 1385 623 quod
1427 565 1516 621 per
1545 545 1815 600 transitum

226 662 276 715 in
323 644 435 728 ejus
488 654 771 726 Opusoulis
813 652 1009 721 legisse
1057 643 1470 717 dicebatgquod
1517 638 1684 712 Agui,
1727 635 1814 707 qui

227 761 354 808 stant
382 767 415 803 a
434 749 656 811 dextris,
686 754 736 809 et
762 742 897 811 interii
921 741 1007 812 qui
1033 749 1166 798 stant
1195 754 1226 792 a
1255 736 1493 800 sinistris,
1538 728 1815 789 ClariStiani

227 853 380 902 essent
408 854 562 913 atque
600 838 850 903 Gentiles,
883 846 929 897 et
969 851 1071 897 non
1111 832 1278 905 potius
1307 828 1422 897 boni
1454 836 1499 882 et
1530 825 1671 887 mali.
1705 821 1813 876 Re-

227 937 454 1009 spondet
486 942 691 999 autem,
724 930 827 997 hoc
854 944 913 989 sa
940 926 1221 998 scripsisse
1248 918 1558 992 aliquando,
1593 915 1814 979 minime

226 1008 438 1101 quidem
478 1025 756 1085 recordari
798 1040 813 1077 :
853 1030 1110 1092 quantum
1160 1026 1336 1083 tamen
1370 1012 1591 1081 dietanti
1636 1008 1815 1072 subito

227 1122 503 1178 meritoria:
550 1115 810 1184 occurrit,
855 1112 1094 1171 secundo
1120 1120 1310 1168 contra
1338 1106 1675 1164 Jovinianum
1719 1117 1817 1157 vo-

227 1216 426 1271 lumine
461 1214 533 1269 ab
559 1229 621 1269 se
645 1210 830 1269 nescio
859 1207 987 1280 quid
1028 1205 1204 1262 simile
1233 1203 1583 1275 disputatum.
1616 1197 1814 1275 C0nje~

227 1312 394 1364 cimus
411 1307 552 1362 adeo
575 1320 679 1363 nos
704 1304 764 1360 S.
794 1301 966 1365 Patris
986 1297 1277 1370 Epistulam
1306 1292 1540 1369 (quando
1562 1289 1816 1363 propiora

225 1404 285 1454 ad
316 1415 509 1455 verum
554 1406 871 1467 argumenta
904 1409 1014 1457 non
1043 1389 1425 1463 suppetebant)
1466 1392 1587 1467 post
1612 1384 1817 1454 aliquot

225 1508 415 1560 annos,
470 1494 608 1546 duos
637 1500 786 1561 puta,
816 1496 909 1545 aut
935 1496 1044 1543 tres
1082 1484 1151 1540 ab
1180 1482 1412 1547 exaratis
1449 1487 1634 1535 contra
1674 1475 1822 1537 Jovi-

228 1589 446 1642 nianum
477 1586 652 1657 libris,
686 1599 809 1637 nam
833 1595 1008 1651 neque
1035 1579 1160 1646 alia,
1192 1591 1352 1648 quam
1383 1588 1504 1645 qua:
1531 1572 1583 1627 in
1614 1566 1817 1635 Praefa-

229 1682 370 1736 tione
415 1678 946 1735 Commentariorum
983 1673 1039 1729 in
1084 1671 1275 1733 Jonam
1333 1674 1721 1728 memorantur,
1765 1669 1821 1717 et

231 1775 296 1829 ab
340 1787 490 1827 anno
539 1770 648 1826 392
676 1768 742 1833 ad
773 1768 878 1824 595
908 1764 1219 1823 elucubrata
1257 1769 1403 1828 sunt,
1434 1759 1643 1821 videtur
1673 1756 1819 1812 Mar-

231 1866 362 1921 cella
396 1880 508 1935 prae
539 1863 715 1918 oculis
759 1870 884 1915 tunc
930 1857 1180 1913 habuisse
1211 1872 1226 1909 :
1259 1868 1431 1924 neque
1460 1850 1820 1919 Hieronymus

233 1960 298 2013 ita
324 1970 521 2012 recens
558 1956 804 2025 vulgatos
845 1951 943 2006 abs
970 1964 1031 2006 se
1068 1956 1256 2004 contra
1284 1944 1620 2007 Iovinianum
1649 1939 1818 2006 libros

233 2050 516 2120 significat,
560 2057 621 2102 ιιι
661 2062 775 2102 rem
812 2045 993 2100 animo
1022 2039 1309 2112 repetenti,
1342 2037 1433 2095 ille
1478 2035 1693 2092 demum
1740 2032 1822 2095 lo.

233 2157 317 2197 cus
383 2148 721 2196 occurreret.
761 2137 864 2192 Per
908 2134 1048 2191 idem
1096 2142 1329 2202 tempus,
1379 2128 1495 2185 sive
1542 2127 1661 2196 ipso
1712 2122 1821 2179 595

234 2245 460 2290 exeunte
504 2246 670 2297 anno,
723 2230 903 2285 subito
932 2227 1068 2283 febri
1117 2231 1397 2293 correptus
1446 2218 1677 2279 eximius
1727 2216 1825 2277 ille

234 2326 546 2380 Altiuiensis
597 2322 858 2378 Ecclesia:
903 2319 1087 2382 decor,
1135 2317 1190 2371 in
1237 2329 1345 2386 quo
1389 2326 1496 2372 uno
1542 2307 1823 2369 Cleriealis

233 2420 344 2473 vita:
384 2424 711 2473 ornamenta
755 2413 932 2467 omnia
968 2410 1205 2480 reposita
1251 2406 1590 2468 videbantur,
1640 2399 1818 2469 Nepo-

235 2513 401 2566 tianus
447 2511 600 2566 diem
649 2508 803 2562 obiit.
836 2506 965 2560 Erat
1006 2503 1082 2557 illi
1122 2502 1235 2571 jam
1282 2497 1409 2555 inde
1454 2511 1484 2551 a
1534 2508 1722 2566 puero,
1764 2498 1824 2546 ut

233 2604 420 2673 sepius
476 2609 754 2655 narratum
803 2596 1051 2666 superius
1104 2602 1208 2658 est,
1263 2591 1626 2660 Hieronymus
1674 2583 1822 2649 omni

233 2696 506 2750 voluntate
536 2689 959 2755 addictissimus,
988 2685 1279 2742 accedente
1318 2681 1384 2738 ad
1419 2689 1643 2739 caeteras
1683 2677 1820 2741 San-

232 2788 294 2843 cti
324 2784 699 2843 adolescentis
730 2782 936 2847 laudes,
970 2795 1089 2850 quae
1123 2792 1363 2833 amorem
1398 2776 1467 2831 ab
1502 2772 1685 2837 invitis
1720 2785 1817 2826 ex-

231 2886 563 2951 torquerent,
606 2886 790 2932 vetere
815 2872 1063 2930 avunculi
1112 2871 1228 2942 ejus
1267 2867 1545 2927 Heliodot'i
1589 2880 1710 2927 cum
1755 2863 1812 2921 S.

232 2975 459 3029 Doetore
496 2971 756 3034 amicitia,
798 2985 918 3040 qua:
945 2981 1134 3023 causas
1180 2962 1572 3023 benevolentiae
1617 2957 1820 3017 condu-

229 3069 471 3139 pliearet.
513 3065 756 3134 Denique
798 3076 921 3118 cum
970 3060 1106 3131 ipse,
1149 3059 1371 3113 luctante
1398 3059 1589 3119 anima,
1638 3066 1820 3122 supre-

229 3172 337 3214 mas
360 3160 476 3229 jam
504 3170 670 3212 voces
694 3155 988 3220 emitteret,
1015 3150 1351 3223 apprehensa
1377 3146 1623 3209 avunculi
1656 3160 1819 3208 manu

228 3234 645 3307 necessitudinis
683 3261 804 3302 cum
836 3245 1159 3314 Hieronymo
1191 3239 1524 3304 recordatus,
1556 3239 1709 3303 hanc,
1736 3236 1819 3292 iu-

228 3345 356 3413 quit,
403 3344 635 3396 tunicam
679 3355 779 3411 qua
821 3339 997 3392 utebar
1032 3336 1087 3389 in
1133 3333 1409 3389 ministerio
1445 3329 1651 3396 Christi,
1681 3328 1821 3393 mitte

228 3437 554 3491 dilectissime
583 3434 729 3500 mihi,
761 3441 907 3487 (etate
937 3430 1091 3501 patri,
1121 3427 1287 3500 ‘fratri
1323 3425 1554 3496 collegio,
1596 3431 1639 3477 et
1664 3421 1818 3494 quid-

226 3530 340 3599 quid
381 3546 414 3581 α
464 3539 512 3581 te
558 3525 729 3596 nepoti
757 3522 1024 3583 debebatur
1045 3520 1278 3588 electus,
1306 3520 1359 3573 in
1384 3518 1530 3573 illum
1574 3515 1816 3583 transfer,

226 3639 365 3691 quem
415 3635 616 3674 mecum
660 3618 849 3690 pariter
891 3615 1153 3687 diligebas.
1198 3613 1359 3683 Atque
1399 3611 1454 3666 in
1502 3609 1625 3677 talia
1672 3605 1820 3661 verba

227 3714 425 3784 defecit,
456 3711 699 3766 avunculi
718 3724 943 3774 manum,
971 3707 1067 3761 mei
1093 3700 1450 3775 (Hieronymi)
1472 3699 1821 3757 recordatione

226 3814 559 3860 contrectans.
592 3803 774 3871 itaque
804 3801 896 3855 illo
919 3799 986 3853 ad
1016 3811 1243 3868 superos
1270 3795 1551 3860 translato,
1584 3807 1689 3847 non
1718 3806 1818 3861 pou:

228 3899 319 3952 tuit
357 3897 417 3953 S.
457 3897 617 3951 Pater
656 3894 783 3964 quin
829 3892 1001 3947 vicem
1041 3905 1214 3955 suam,
1262 3896 1318 3943 et
1353 3886 1510 3941 amici
1546 3882 1819 3951 Heliodori

225 3990 446 4055 doleret,
477 4002 647 4059 seque
668 3996 723 4042 et
750 3985 922 4051 illum,
945 3980 1121 4054 quoad
1150 3980 1265 4051 ejus
1293 3977 1409 4035 ﬁeri
1440 3984 1667 4047 poterat,
1691 3988 1820 4031 con-

226 4085 518 4146 solaturus,
552 4080 607 4133 in
649 4076 882 4133 defuncti
914 4074 1162 4131 laudibus
1187 4068 1529 4129 celebrandis
1555 4068 1816 4137 tantisper

228 4178 616 4246 acquiesceret.
649 4171 890 4241 Arripuit
927 4170 1108 4239 itaque
1144 4166 1365 4237 stylum,
1394 4173 1449 4220 et
1485 4161 1597 4221 LX.
1635 4162 1687 4217 in
1717 4177 1814 4227 no-

227 4279 333 4324 stra
361 4269 689 4325 recensione
737 4263 1033 4339 Epistulam
1072 4260 1140 4316 ad
1189 4257 1536 4315 Heliodorum
1579 4254 1813 4325 scripsit,

229 4379 342 4432 qua:
366 4372 425 4417 ut
454 4364 509 4416 in
540 4357 952 4428 Chronologicis
981 4355 1047 4410 ad
1076 4369 1195 4409 eam
1221 4352 1395 4415 Notis,
1424 4350 1498 4406 ita
1528 4348 1690 4413 debet
1715 4347 1820 4407 ini-

231 4455 301 4509 tio
331 4436 617 4518 anni\596,
653 4451 803 4505 initio
837 4449 1018 4519 adtigi,
1052 4456 1109 4501 ut
1138 4460 1313 4516 neque
1338 4443 1567 4503 ulterius
1591 4439 1815 4508 diii'erri,

232 4546 365 4616 quod
416 4544 618 4615 passim
671 4541 815 4596 docti
862 4539 1110 4594 homines
1145 4538 1365 4601 iaciunt,
1416 4548 1592 4606 neque
1631 4544 1819 4597 rursus

234 4637 469 4708 pra-puni
512 4636 637 4705 jure
682 4633 872 4704 possit.
918 4633 1244 4701 Argumenta
1287 4627 1483 4699 quibus
1518 4624 1572 4682 id
1596 4623 1821 4681 evicisse

168 4768 171 4769 ν
232 4727 381 4787 nobis
410 4731 683 4796 videmur,
716 4725 1003 4784 recolenda
1029 4723 1271 4791 omnino,
1303 4731 1466 4793 atque
1504 4719 1608 4776 huc
1647 4728 1822 4774 trans-

237 4822 448 4880 ferenda
496 4830 645 4888 sunt,
681 4835 748 4876 ne
789 4818 978 4874 iisdem
1022 4814 1328 4887 repetendis
1366 4812 1637 4883 longiores
1665 4821 1820 4879 aequo

234 4916 415 4984 simus,
440 4927 497 4974 et
526 4915 676 4970 tilum
707 4911 1029 4983 abrumpere
1071 4924 1292 4967 necesse
1316 4907 1388 4964 sit
1407 4905 1643 4965 historiae
1660 4916 1820 4973 quam

237 5013 480 5067 teximus.
1692 5048 1697 5052 ι

300 5106 367 5164 ν.
409 5106 493 5162 Ab
522 5104 626 5160 hac
662 5102 1000 5174 panegyrica,
1042 5108 1100 5155 ut
1126 5098 1202 5155 ita
1243 5096 1441 5163 dicam,
1481 5089 1720 5163 Epistola
1752 5088 1824 5147 ad

237 5198 690 5256 Commentarittm
720 5193 1084 5251 adornandum
1108 5192 1161 5247 in
1190 5192 1381 5249 Jonam
1404 5204 1465 5245 se
1492 5186 1722 5244 contulit
1758 5185 1819 5240 S.

238 5292 411 5356 Pater,
445 5290 592 5364 quod
635 5303 769 5360 opus
813 5288 949 5342 intra
986 5287 1113 5341 anni
1145 5285 1250 5344 596
1296 5284 1430 5340 lines
1478 5280 1821 5351 eonjicimus,

241 5385 358 5443 licet
384 5383 768 5456 subsequentis
795 5382 940 5436 initia
971 5380 1231 5449 attigisse,
1272 5387 1328 5435 et
1357 5377 1512 5432 nobis
1536 5374 1669 5446 ipsis
1694 5387 1823 5442 per-

240 5494 453 5536 suasum
483 5475 773 5548 aliquando
802 5474 982 5539 fuerit,
1008 5481 1061 5528 et
1085 5486 1217 5543 quas
1241 5472 1299 5528 S.
1338 5470 1455 5540 ipse
1481 5468 1642 5524 Pater
1664 5463 1828 5525 ratio-

243 5589 337 5630 nes
364 5574 466 5629 init
492 5566 551 5628 in
582 5571 832 5643 Prologo,
882 5567 1119 5623 indicare
1158 5566 1459 5627 videantur.
1504 5560 1827 5628 Triennium,

243 5670 428 5743 inquit,
451 5668 653 5724 circiter
678 5666 847 5737 ﬂuxit,
883 5671 1148 5735 postquam
1182 5661 1401 5732 quinque
1430 5656 1717 5727 Prophetas
1744 5654 1831 5709 in-

245 5770 543 5834 terpretatus
581 5776 715 5822 sum,
760 5756 1050 5820 Michatam,
1092 5752 1297 5821 Neam,
1347 5751 1571 5815 Abacuc,
1617 5748 1826 5820 Sopho—

246 5860 397 5926 nium,
433 5846 714 5926 Aggwum;
735 5861 779 5908 et
805 5849 908 5906 alio
950 5861 1100 5920 opere
1141 5846 1369 5902 detentus
1410 5860 1515 5898 non
1558 5843 1699 5915 potui
1728 5842 1826 5896 int-

1508 341 1566 398 s.
1610 329 1989 417 HIERQNYMI
2027 326 2220 391 vna.

3406 330 3509 391 106

1922 446 2059 516 plere
2079 445 2217 517 quod
2239 460 2487 516 caperem
2516 462 2533 501 :
2558 446 2737 519 scripsi
2765 448 2896 503 enim
2925 448 3106 505 librum
3129 449 3191 503 de
3210 448 3508 506 Illustribus

1927 535 2083 604 Viris,
2128 549 2173 592 et
2205 538 2469 594 adversum
2497 538 2823 595 Iovinianum
2867 543 2967 596 duo
3004 526 3279 611 volumina,
3309 544 3507 616 Apolo-

1920 628 2136 701 geticunt
2164 648 2380 704 quoque,
2422 641 2468 686 et
2508 632 2571 687 de
2611 631 2818 703 Optime
2842 651 3024 706 genere
3047 635 3411 707 interpretandi
3439 636 3509 692 ad

1922 712 2339 790 Pammachium,
2381 734 2427 778 et
2470 723 2540 779 ad
2591 721 2958 795 Nepotianum,
2998 725 3077 781 vel
3105 727 3168 782 de
3213 727 3510 799 Nepotiane

1922 815 2051 873 duos
2080 816 2254 882 libros,
2285 824 2330 871 el
2357 817 2462 871 alia
2490 833 2604 889 qua:
2628 832 2922 873 enumerare
2943 817 3149 890 longum
3170 829 3263 875 est.
3293 820 3509 878 Scilicet
3526 836 3529 839 ‘

1921 907 2204 978 Nepotiani
2246 907 2607 977 Epitaphium,
2653 908 2741 978 qui
2788 906 2925 963 iiber
2954 907 3068 965 sive
3107 907 3346 980 Epistola
3389 928 3514 967 vero

1922 1002 2005 1057 bis
2046 1002 2109 1055 de
2146 999 2437 1072 Nepotiane
2491 1001 2775 1069 indicatur,
2807 1012 2862 1056 et
2896 1016 3054 1079 quem
3096 1017 3195 1059 nos
3235 1004 3361 1059 anni
3404 1005 3513 1062 596

1922 1090 2073 1147 initio
2103 1091 2422 1164 alligandum
2454 1092 2706 1159 diximus,
2746 1101 2803 1148 ut
2832 1109 3005 1164 neque
3034 1094 3261 1152 ulterius
3285 1095 3509 1168 (ἥσθη-ι,

1923 1197 2097 1254 neque
2140 1198 2328 1239 rursus
2372 1185 2610 1257 praeponi
2641 1184 2752 1248 ullo
2779 1186 3170 1258 modotpossit.
3206 1188 3359 1246 Adeo
3388 1206 3510 1245 cum

1923 1268 1953 1329 a
1998 1275 2237 1345 priorum
2291 1276 2527 1347 quinque
2576 1277 2968 1348 Prophetarum
3022 1279 3470 1352 interpretatione
3499 1327 3512 1349 ,

1923 1368 2148 1440 ipsoque
2173 1368 2313 1424 libro
2342 1368 2411 1424 de
2437 1368 2580 1426 Viris
2608 1370 2930 1441 illustribus,
2954 1372 3021 1427 ad
3053 1371 3213 1443 hujus
3240 1374 3513 1446 Epitaphéi

1925 1459 2383 1516 elucubrationem
2412 1460 2579 1533 (quod
2604 1470 2688 1518 est
2714 1463 2782 1518 ab
2810 1474 2999 1521 exacto
3026 1473 3084 1520 ut
3110 1465 3336 1522 multum
3372 1482 3511 1522 anmt

1924 1553 2029 1609 592
2058 1553 2124 1609 ad
2153 1554 2258 1611 396
2285 1558 2302 1624 )
2330 1554 2448 1625 plus
2492 1571 2651 1627 quam
2680 1557 2895 1613 triennii
2923 1559 3150 1628 spatium
3183 1558 3507 1628 intercedat,

1925 1644 2084 1716 idque
2104 1661 2202 1716 per
2227 1647 2609 1719 Hieronymum
2637 1660 2825 1719 putare
2856 1649 3034 1720 liceat,
3069 1653 3158 1723 qui
3196 1653 3396 1709 circiter
3421 1655 3506 1709 ad-

1925 1738 2109 1794 verbio
2140 1753 2268 1794 usus
2294 1748 2378 1795 est
2407 1760 2419 1795 :
2455 1739 2593 1796 haud
2628 1750 2805 1798 tamen
2834 1742 2960 1799 licet
3000 1743 3068 1799 ad
3095 1744 3502 1817 subsequentem

1926 1845 2094 1902 usque
2122 1832 2408 1902 septimum
2440 1847 2597 1904 supra
2640 1839 3074 1893 trecentesimum
3107 1841 3512 1910 nonagesimum

1924 1938 2229 1987 excurrere,
2264 1934 2320 1979 ut
2346 1924 2477 1981 satis
2506 1926 2605 1980 sibi
2635 1926 2723 1981 illa
2753 1929 3007 1998 temporis
3035 1930 3240 1985 notatio
3276 1938 3508 1987 constet.

1925 2014 2095 2069 Aliter
2117 2014 2227 2085 jam
2267 2032 2372 2070 non
2418 2016 2691 2071 triennium
2722 2018 2902 2075 dicere
2929 2019 2985 2075 S.
3027 2020 3188 2076 Pater
3214 2019 3509 2091 debuisset,

1925 2107 2020 2161 sed
2073 2108 2460 2177 quadriennium
2510 2124 2529 2163 :
2576 2110 2625 2163 in
2668 2126 2826 2181 quam
2872 2111 3157 2169 lectionem
3206 2114 3294 2185 qui
3335 2114 3514 2171 locum

1927 2197 2044 2267 ejus
2067 2199 2357 2253 sollicitare
2395 2214 2557 2254 ausus
2586 2208 2669 2256 est
2708 2202 2790 2256 vir
2819 2212 2999 2258 cetera
3038 2203 3401 2272 doctissimus,
3437 2213 3517 2261 te-

1926 2306 2073 2343 mere
2103 2302 2156 2345 et
2187 2301 2372 2346 contra
2407 2292 2664 2347 librorum
2701 2294 2941 2350 omnium
2964 2296 3131 2364 iidem
3169 2298 3297 2368 egit,
3330 2307 3387 2353 ut
3414 2310 3514 2355 suo

1924 2397 2024 2437 nos
2052 2382 2169 2438 loco
2199 2383 2553 2440 ostendimus.
2586 2385 2697 2440 Hoc
2733 2385 2911 2457 igitur,
2957 2398 3155 2458 quanto
3184 2389 3398 2460 quidem
3425 2405 3515 2447 se-

1925 2472 2035 2529 rius
2065 2474 2207 2539 licet,
2259 2475 2360 2531 hoc
2389 2485 2565 2531 tamen
2594 2492 2754 2542 anno,
2785 2488 2909 2548 post
2947 2480 3145 2534 circiter
3183 2480 3399 2537 triennio
3426 2484 3515 2537 in-

1927 2572 2192 2636 terceptos
2221 2565 2275 2619 in
2304 2566 2535 2622 minores
2558 2567 2855 2639 Pr0phetas
2881 2570 3330 2638 Commentarios,
3356 2573 3514 2630 Pam-

1923 2657 2117 2712 machii
2148 2658 2397 2728 precibus
2421 2668 2707 2730 superatus
2732 2659 2800 2716 ad
2839 2661 3031 2719 Jonam
3055 2664 3428 2735 explicandum
3452 2681 3514 2724 se

1919 2750 2162 2807 contulit.
3234 2822 3239 2823 γ

1994 2843 2171 2900 Facile
2200 2845 2360 2900 etiam
2386 2845 2562 2902 eidem
2603 2845 2965 2917 Pammachio,
3009 2848 3110 2905 sibi
3154 2865 3275 2907 cum
3320 2851 3511 2923 primis

1920 2937 2364 3008 coniunctissimo
2390 2981 2405 3005 ,
2450 2955 2584 3011 opus
2632 2942 2905 3012 inscripsit
2934 2959 2948 3001 :
2978 2926 3209 2999 tametsi
3244 2944 3297 2999 in
3349 2945 3524 3002 editis

1921 3029 2091 3096 libris,
2121 3041 2176 3087 et
2196 3032 2388 3102 quibus
2415 3034 2636 3103 contigit
2663 3033 2729 3087 ad
2774 3034 2913 3088 hanc
2944 3033 3090 3090 diem
3130 3035 3206 3089 uti
3236 3050 3368 3090 mss.
3403 3035 3510 3090 mi-

1921 3123 2064 3178 nime
2091 3123 2181 3178 ille
2205 3123 2440 3195 quidem,
2474 3124 2570 3180 sed
2615 3125 2899 3180 Cremutius
2941 3124 3091 3196 Papa
3128 3127 3429 3181 venerabilis
3452 3127 3510 3184 in

1921 3214 2242 3272 Praefatione
2272 3218 2646 3287 compellatur.
2690 3218 2933 3274 Diximus
2977 3218 3078 3274 hac
3117 3234 3215 3275 nos
3244 3218 3311 3274 de
3350 3235 3411 3277 re
3451 3220 3510 3277 in

1918 3308 2069 3365 Notis
2097 3311 2163 3366 ad
2200 3325 2322 3364 eum
2354 3311 2530 3366 locum
2564 3328 2577 3366 :
2610 3326 2753 3367 nunc
2797 3311 2964 3380 aliud,
3011 3327 3112 3370 nec
3140 3328 3270 3370 sane
3313 3324 3511 3385 praeter

1920 3402 2466 3471 verisimilitudinem,
2510 3404 2562 3459 in
2597 3413 2832 3460 mentem
2863 3406 3031 3461 venit.
3065 3405 3247 3462 Fuerit
3281 3409 3409 3462 olim
3454 3409 3509 3463 in

1920 3496 2099 3569 aliquo
2124 3496 2415 3567 exemplari
2443 3497 2701 3566 scriptum
2725 3496 3006 3565 Clu-amati,
3031 3514 3129 3569 pro
3150 3500 3257 3570 quo
3283 3514 3510 3556 monue-

1920 3589 1990 3670 rit
2018 3588 2362 3660 Antiquarius
2403 3588 2469 3644 ad
2517 3590 2636 3651 libri
2668 3605 2817 3646 oram
2860 3588 3506 3648 Pammachirestituen-

1919 3680 2045 3735 dum
2090 3698 2104 3733 :
2146 3680 2281 3735 alius
2323 3680 2415 3751 qui
2452 3681 2724 3751 exemplar
2780 3681 2907 3736 illud
2944 3682 3046 3737 sibi
3092 3682 3510 3738 describendum

1920 3775 2167 3845 sumpsit,
2199 3777 2400 3844 literas,
2442 3770 2783 3847 mentemque
2810 3777 2947 3846 ejus,
2979 3776 3066 3847 qui
3103 3778 3506 3842 emcndaverat,

1920 3882 2027 3929 non
2057 3875 2397 3941 assequutus,
2431 3868 2630 3936 putarit
2670 3868 2739 3923 ibi
2769 3867 3184 3937 compendiariis
3229 3868 3373 3921 notis
3400 3884 3510 3922 non

1923 3955 2226 4013 Parumne/ti
2253 3957 2710 4028 (quandoquidem
2736 3957 3078 4012 Chromatius
3105 3958 3157 4012 in
3182 3966 3335 4013 textu
3369 3959 3513 4028 lege-

1921 4050 2098 4124 batur)
2128 4051 2222 4107 sed
2250 4050 2399 4124 Papa
2430 4046 2743 4107 Venerabilis
2763 4050 3079 4122 significari,
3109 4050 3253 4122 quod
3276 4059 3330 4106 et
3354 4050 3513 4121 hujus

1924 4140 2136 4217 prepria
2157 4145 2376 4202 honoris
2390 4144 2707 4217 significatio
2731 4154 2834 4213 est,
2858 4154 2913 4201 et
2933 4143 3337 4199 similitudinem
3367 4144 3514 4200 litte-

1922 4256 2102 4295 rarum
2132 4238 2419 4311 quamdam
2450 4240 2634 4305 habet,
2666 4251 2829 4310 atque
2877 4238 2995 4293 haec
3044 4238 3182 4295 adeo
3224 4237 3386 4293 verba
3422 4250 3517 4307 pro

1923 4334 2140 4389 nomine
2180 4332 2276 4388 illo
2320 4334 2619 4393 intruserit.
2652 4332 2724 4389 Ut
2752 4341 2814 4388 ut
2844 4332 3090 4387 habuerit
3131 4346 3189 4386 se
3228 4345 3334 4397 res,
3370 4341 3518 4384 certe

1924 4426 2067 4487 hunc
2095 4446 2124 4484 a
2153 4446 2211 4485 se
2242 4427 2407 4484 fuisse
2446 4426 2794 4484 Pammachio
2823 4427 3135 4495 inscriptum
3165 4423 3517 4479 Commenta.

1923 4525 2087 4597 rium,
2113 4535 2361 4576 asserere
2392 4520 2507 4591 ipse
2552 4520 2681 4573 alibi
2723 4518 2952 4574 Sanctus
2984 4516 3143 4570 Pater
3167 4514 3398 4580 videtur,
3434 4516 3523 4571 ubi

1924 4615 2099 4686 ipsum
2140 4610 2423 4685 alloquens
2453 4602 2687 4665 amicum
2719 4623 2893 4671 suum,
2939 4604 3128 4673 Tertio,
3178 4605 3364 4676 inquit,
3414 4613 3522 4676 post

1924 4706 2063 4778 longi
2091 4706 2335 4775 temporis
2358 4702 2633 4777 silentium
2669 4702 2886 4756 Abdiam
2920 4708 2967 4755 et
3001 4699 3191 4755 lenam
3230 4700 3317 4755 tibi
3358 4699 3523 4771 impe-

1924 4799 2063 4852 ranti
2092 4796 2337 4852 edisserui
2360 4794 2547 4868 (Praef.
2574 4796 2662 4849 lib.
2697 4793 2816 4852 111.
2848 4800 2900 4850 lu
2932 4793 3129 4868 Amos).
3161 4793 3266 4850 Sed
3296 4801 3352 4850 et
3396 4794 3522 4865 plu-

1929 4890 2077 4945 ribus
2118 4888 2206 4945 hic
2254 4888 2404 4943 locus
2452 4886 2854 4947 difficultatibus
2899 4887 3170 4943 obnoxius
3211 4896 3318 4955 est,
3361 4898 3415 4943 et
3467 4898 3519 4944 ut

1928 4996 2072 5053 saepe
2098 4980 2231 5037 alias
2261 4980 2516 5045 diximus.
2542 4990 2596 5035 et
2622 4981 2812 5035 dicturi
2837 4980 2972 5035 infra
3004 4996 3209 5049 sumus,
3228 4982 3518 5037 commodo

1929 5093 2062 5150 opus
2080 5076 2241 5132 habet
2266 5075 2562 5149 interprete
2593 5095 2605 5131 :
2635 5086 2725 5130 aut
2749 5086 2853 5130 tota
2885 5075 3068 5131 isthmc
3095 5077 3161 5132 de
3175 5076 3516 5133 Commenta.

1930 5172 2012 5229 rio
2041 5171 2093 5225 in
2135 5171 2326 5227 Jonam
2373 5170 2618 5235 historia,
2657 5171 2960 5241 depravatis
2992 5172 3186 5227 alicubi
3229 5173 3519 5243 interpola-

1933 5273 2109 5320 torum
2135 5263 2321 5320 fraude
2352 5263 2694 5328 testimoniis,
2725 5264 2972 5334 componi
3008 5264 3210 5334 nequit.
3254 5264 3521 5321 Caeterum

1932 5360 2155 5433 insignis
2181 5360 2233 5414 in
2259 5375 2370 5418 rem
2403 5370 2640 5414 nostram
2676 5358 2822 5412 locus
2847 5367 2931 5413 est
2956 5358 3009 5411 in
3036 5366 3196 5427 caput
3224 5356 3385 5413 ii.'ex
3416 5372 3529 5428 quo

1932 5455 2108 5511 adhuc
2136 5452 2456 5525 Origenismi
2491 5451 2807 5507 factionibus
2838 5452 3089 5521 agitatam
3115 5449 3525 5522 Jerosolymita-

1933 5566 2055 5609 nam
2086 5550 2400 5615 Ecclesiam,
2446 5563 2568 5603 eum
2608 5562 2669 5605 ea
2701 5548 2961 5601 scriberet
2990 5547 3215 5601 Sanctus
3265 5546 3420 5599 Pater
3456 5544 3528 5603 de

1935 5643 2280 5715 corruptione
2313 5650 2368 5697 et
2395 5640 2802 5709 incorruptione
2829 5652 3140 5706 corporum,
3172 5636 3356 5704 liquet.
3388 5634 3524 5706 Hoc,

1936 5740 2129 5810 inquit,
2168 5736 2249 5792 illi
2288 5732 2656 5809 (Origenistre)
2704 5732 2773 5785 ad
2819 5730 3145 5785 Occasionem
3187 5743 3294 5782 sua:
3337 5728 3531 5787 ducunt

1939 5836 2203 5903 hereseos,
2244 5839 2297 5885 ut
2334 5828 2425 5885 sub
2464 5842 2679 5898 persona
2721 5822 2912 5880 Chi-icti
2944 5820 3244 5878 mentiantur
3271 5821 3535 5880 Antio/nia
