4052 6338
537 373 640 446 toi

533 517 690 573 stunt,
722 505 973 562 Ecclesias
1008 512 1228 569 teneant,
1259 511 1310 557 ut
1344 512 1560 558 ventrem
1599 503 1987 575 pinguissimum
2025 522 2120 560 nu-

532 601 706 663 triant,
736 608 782 652 et
810 597 1083 652 carnaliter
1117 597 1351 664 viventes,
1388 605 1563 650 contra
1607 613 1808 650 carnem
1838 598 2116 665 disputent.

528 689 764 747 Joannes
801 689 1026 757 scilicet,
1068 690 1292 760 ejusque
1334 688 1552 744 assecla:
1585 688 1830 759 Origenis
1867 688 2120 745 defenso-

525 797 635 848 res,
681 797 856 854 neque
900 782 1043 838 enim
1085 782 1248 839 alium
1284 798 1442 853 quam
1492 783 1814 852 Episcopum
1860 783 2120 840 denotant

525 872 690 929 verba
730 882 787 927 ut
825 872 1085 929 Ecclesias
1114 883 1337 941 teneant,
1369 874 1818 946 quemadmodum
1840 876 2118 932 erroribus

523 966 764 1024 irretitos
792 966 1131 1039 Origenianis
1153 968 1238 1022 illa
1269 977 1446 1022 contra
1475 985 1677 1023 carnem
1704 970 1997 1039 disputent;
2022 969 2120 1024 sci-

523 1067 636 1114 tum
662 1069 748 1115 est
785 1060 955 1125 enim,
995 1059 1140 1130 quod
1179 1074 1302 1115 cum
1337 1075 1620 1130 corporum
1667 1061 2112 1116 resurrectionem

460 1210 476 1223 ,θ
523 1148 676 1206 fateri
732 1161 1090 1222 cogerentur,
1154 1167 1369 1208 carnem
1427 1154 1705 1207 nominare
1752 1153 2108 1224 refugiebant.

455 1311 471 1321 ,η
522 1231 881 1316 Hieronymus
931 1253 1119 1300 contra
1164 1243 1450 1312 Joannem,
1502 1245 1570 1298 ad
1604 1246 1927 1316 decipiendus
1966 1263 2112 1300 aures

519 1337 862 1408 ignorantium
889 1339 1058 1393 novies
1083 1354 1290 1409 corpus,
1331 1348 1378 1392 et
1405 1355 1467 1393 ne
1489 1338 1642 1393 semel
1669 1338 1873 1408 quidem
1905 1354 2109 1393 carnent

518 1429 770 1485 nominas.
827 1429 1066 1501 Denique
1113 1429 1384 1485 Bullinum
1443 1431 1662 1501 propius
1709 1431 1800 1485 illa
1851 1431 2110 1501 perstrin-

471 1519 473 1522 ⁴
513 1529 667 1592 gunt,
698 1529 752 1576 ut
776 1531 993 1576 ventrem
1024 1523 1410 1592 pinguissimum
1447 1523 1696 1588 nutriant,
1729 1537 1888 1592 quem
1913 1523 2106 1592 smpius

416 1601 422 1611 ’
510 1613 638 1670 alibi
661 1613 891 1671 Sanctus
917 1615 1095 1684 Pater,
1128 1617 1363 1688 pinguem
1385 1626 1431 1671 et
1457 1617 1674 1670 nitidum
1697 1625 1743 1671 et
1770 1616 1894 1671 bene
1926 1626 2107 1671 curata

508 1716 624 1760 cute
649 1706 923 1762 hominem
950 1707 1106 1762 ridet.

580 1797 670 1853 Vl.
717 1799 877 1852 Acuit
902 1813 1116 1870 quoque
1141 1798 1339 1870 stylum
1373 1813 1468 1868 per
1497 1797 1611 1854 haec
1646 1807 1884 1870 tempora
1914 1799 2102 1856 Hiero-

505 1905 700 1962 nymus
727 1892 781 1946 in
812 1891 1184 1962 Vigilantiam,
1209 1893 1298 1962 qui
1326 1907 1448 1948 cum
1476 1903 1600 1968 ante
1632 1893 1798 1948 ferme
1828 1894 2098 1949 biennium

501 1982 642 2050 apud
683 1997 808 2037 eum
850 1983 1037 2038 fuisset
1076 1984 1130 2038 in
1172 1984 1476 2048 Palaestina,
1532 1985 1741 2039 Paulini
1787 1995 1844 2039 ut
1889 1986 2099 2040 videtur

502 2071 695 2127 litteris
724 2075 1150 2139 commendatus,
1191 2076 1291 2129 sibi
1325 2076 1438 2143 ipse
1468 2075 1656 2142 defuit,
1689 2077 1998 2148 nullumque
2031 2092 2097 2132 ex

498 2161 593 2216 illo
641 2164 992 2220 coiitobernio
1041 2175 1200 2236 atque
1251 2169 1510 2236 exemplis
1559 2168 1942 2223 monachorum
1987 2170 2097 2224 fru-

496 2262 641 2307 ctum
671 2255 905 2324 percepit
938 2273 950 2307 :
983 2255 1122 2310 unde
1146 2268 1199 2311 et
1231 2256 1348 2327 ipso
1379 2274 1486 2327 quo
1523 2258 1832 2323 advenerat,
1861 2260 1943 2314 vel
1970 2260 2097 2316 sub-

495 2348 736 2418 sequenti
765 2349 1006 2418 proxime
1050 2364 1191 2404 anno
1232 2349 1346 2420 ejus
1383 2362 1639 2420 pertaesus
1667 2353 1789 2406 vitm
1823 2352 2090 2408 discessit.

494 2439 692 2495 Fuerat
718 2441 802 2496 hic
842 2441 1081 2496 subdolae
1113 2444 1306 2497 mentis
1332 2443 1494 2496 homo
1522 2445 1733 2498 natione
1759 2445 1944 2500 Gallus
1971 2449 2094 2515 (Ba-

493 2531 677 2586 ronius
694 2531 982 2601 Hispanum
999 2538 1167 2602 putat)
1185 2533 1394 2602 Sulpitii
1411 2533 1594 2590 Severi
1613 2535 1677 2589 ad
1703 2535 2092 2591 l’aulinumNo—

493 2621 698 2690 Ianum,
726 2633 781 2678 et
796 2624 998 2678 Paulini
1022 2624 1088 2678 ad
1124 2626 1504 2696 Hieronymum
1530 2626 1826 2682 litterarum
1845 2629 2084 2696 portitor,

491 2724 651 2785 atque
674 2716 864 2771 horum
894 2717 1120 2772 fortasse
1159 2719 1478 2774 testimoniis
1503 2719 1735 2786 inflatus,
1763 2722 1882 2776 aliis
1909 2723 2086 2778 fucum

490 2809 712 2877 fecerat,
736 2821 788 2866 et
815 2811 882 2866 ad
911 2811 1320 2884 Presbyteratus
1355 2829 1569 2884 quoque
1608 2813 1830 2884 gradum
1869 2827 2088 2872 evectus

487 2914 589 2959 est.
623 2905 757 2960 Cum
786 2906 1078 2962 Betltleemi
1105 2907 1246 2977 apud
1279 2906 1335 2963 S.
1380 2907 1660 2963 Doctorem
1703 2908 2078 2977 diversaretur,

487 2995 725 3066 Ruflino,
756 3008 813 3055 ut
840 3000 1099 3066 creditur,
1142 2993 1301 3054 aures
1327 2999 1772 3065 accommodavit,
1800 3016 1971 3069 eoque
1991 3017 2085 3056 au-

485 3100 633 3148 ctore
662 3092 1044 3165 Hieronymum
1072 3093 1350 3162 desuectui
1394 3091 1644 3149 habuisse
1675 3095 1724 3148 in
1759 3109 1824 3148 eo
1863 3094 2079 3160 dicitur,

484 3185 627 3256 quod
654 3194 708 3240 ct
736 3185 914 3256 legere
942 3187 1118 3255 palam
1145 3183 1390 3255 Origcnis
1422 3185 1604 3250 libros,
1648 3195 1702 3241 et
1743 3186 1893 3256 sequi
1938 3202 2082 3242 erro-

483 3292 576 3333 res
618 3277 858 3333 auderet.
904 3277 1002 3331 Cui
1046 3275 1102 3330 S.
1149 3275 1345 3332 Doctor
1390 3277 1514 3332 licet
1553 3277 1733 3333 multis
1771 3278 2080 3335 satisfacere

485 3370 873 3436 contendisset,
920 3367 1061 3423 haud
1103 3377 1280 3424 tamen
1333 3370 1616 3439 persuasit,
1663 3371 1778 3426 sive
1827 3371 2078 3428 edomare

483 3461 738 3519 effrenem
779 3462 895 3530 ejus
937 3461 1138 3532 ingenii
1190 3461 1458 3516 licentiam
1491 3463 1654 3517 valuit
1686 3481 1699 3518 :
1731 3464 1858 3534 quin
1903 3465 2077 3534 potius

483 3552 551 3607 ab
577 3553 694 3623 ipso
737 3567 830 3622 per
877 3566 1143 3606 summam
1191 3552 1438 3623 injuriam
1487 3553 1754 3610 haereseos
1797 3565 2075 3611 accusatus

481 3651 585 3711 est,
615 3643 669 3698 in
700 3657 924 3714 eamque
966 3653 1268 3714 pertractus
1313 3643 1737 3701 criminationem
1781 3656 1834 3701 ct
1872 3646 2076 3702 calum-

481 3739 624 3794 niam
650 3737 854 3792 amicus
880 3736 995 3807 ejus
1023 3734 1288 3804 Oceanus,
1333 3739 1422 3809 qui
1465 3739 1631 3794 Roma
1663 3749 1786 3795 tunc
1819 3741 2073 3810 temporis

480 3848 540 3888 se
569 3831 916 3887 transtulerat
955 3831 1007 3884 in
1053 3829 1410 3885 Palwstinam.
1439 3831 1623 3902 Neque
1663 3834 1830 3902 magis
1859 3833 2074 3902 acquie-

481 3929 557 3982 vit
583 3926 672 3980 ille
715 3925 1022 3980 testimonio
1067 3923 1510 3996 Presbyterorum
1556 3925 1818 3981 Vincentii
1854 3936 1909 3980 et
1934 3926 2072 3981 Pau-

480 4017 662 4072 Iittiani
687 4018 799 4088 (qui
831 4027 958 4071 tunc
992 4016 1127 4072 forte
1156 4033 1186 4072 e
1213 4017 1391 4089 Cypro
1432 4017 1812 4090 Hieronymum
1852 4018 2068 4076 fratrem

480 4110 755 4177 inviserat)
805 4123 978 4179 neque
1020 4108 1232 4163 demum
1282 4109 1495 4164 Eusebii
1545 4111 1925 4167 Cremonensis
1971 4128 2069 4182 pro

479 4211 623 4257 recta
653 4201 710 4256 S.
744 4201 913 4254 Patris
949 4201 1052 4254 fide
1087 4200 1341 4269 judicium
1373 4211 1454 4256 est
1479 4203 1698 4256 veritus.
1739 4203 1962 4273 Recepit
1987 4213 2069 4258 ta.

483 4309 603 4348 men
633 4307 693 4346 se
720 4289 931 4346 tandem
957 4289 1264 4360 aliquando,
1307 4301 1360 4347 et
1388 4291 1510 4346 facti
1540 4294 1825 4362 pcenitens,
1859 4293 2066 4350 veniam

477 4387 573 4441 abs
617 4385 945 4456 Hieronymo
985 4383 1156 4453 petiit,
1190 4382 1472 4452 eidemque
1517 4383 1586 4440 de
1627 4385 2064 4456 Rcsurrectione,

477 4481 648 4550 deque
677 4477 857 4534 carnis
879 4475 1106 4530 veritate
1132 4473 1292 4530 verba
1325 4472 1561 4542 facienti,
1586 4477 1833 4532 manibus
1857 4487 1909 4533 et
1936 4493 2067 4534 voce

476 4571 759 4642 applausit.
806 4569 880 4624 Ita
925 4567 1040 4622 sive
1068 4583 1133 4622 ex
1179 4567 1358 4621 animo
1386 4568 1783 4634 reconciliatus,
1827 4571 1939 4626 sive
1983 4587 2070 4627 reo

475 4661 901 4718 conciliationem
929 4660 1208 4726 simulans,
1231 4660 1463 4716 decessit
1501 4676 1532 4716 e
1565 4659 1850 4717 Palzestina
1875 4679 1888 4716 :
1914 4664 2066 4733 cujus

473 4757 742 4812 discessus
784 4767 1002 4808 causam
1041 4753 1207 4806 satius
1247 4753 1399 4808 duxit
1436 4753 1794 4826 Hieronymus
1826 4756 1890 4810 ad
1929 4757 2066 4812 Pau-

475 4853 640 4905 linum
695 4847 762 4901 de
805 4845 897 4900 illo
945 4845 1207 4912 scribens,
1254 4861 1409 4915 quem
1449 4847 1548 4902 sibi
1577 4849 2061 4916 commendaverat,

478 4942 682 4996 silentio
711 4937 1006 5009 praeterire,
1030 4952 1186 5006 quam
1232 4936 1430 4992 dicere.
1460 4938 1582 5007 Cur,
1612 4942 1802 5010 inquit,
1835 4941 2064 5014 Vigilan-

481 5035 574 5087 tius
603 5042 706 5084 tam
735 5029 831 5082 cito
870 5043 902 5080 a
948 5027 1094 5081 nobis
1142 5031 1397 5098 profectus
1429 5029 1515 5093 sit,
1566 5041 1612 5084 et
1655 5049 1745 5086 nos
1786 5034 2060 5103 reliquerit,

479 5141 574 5180 nou
601 5139 806 5195 possum
834 5120 1018 5187 dicere,
1050 5136 1112 5174 ne
1133 5120 1314 5174 [cedere
1341 5122 1628 5192 quempiam
1657 5125 1828 5179 videar
1853 5142 1872 5181 :
1898 5137 2063 5184 tamen

475 5217 617 5289 quasi
647 5222 1029 5288 prietereuntem
1051 5220 1098 5266 et
1118 5213 1439 5284 festinantem
1462 5217 1728 5285 paululum
1750 5221 1936 5273 retinui
1955 5230 2057 5276 etc.

475 5312 768 5379 Regressus
795 5317 972 5362 autem
1001 5305 1053 5360 in
1081 5303 1446 5375 Occidentem,
1479 5316 1638 5380 atque
1682 5309 1821 5367 hanc
1850 5313 2063 5384 proprie

470 5404 634 5458 Italia:
662 5410 864 5472 partem
901 5415 962 5454 ac
995 5399 1267 5470 regionem
1310 5403 1693 5470 pertransiens,
1726 5405 1856 5460 inter
1891 5407 2063 5462 Attrita

467 5500 671 5570 ﬂuctus,
695 5494 942 5566 Cottiique
964 5492 1116 5563 Regis
1133 5495 1300 5565 Alpes,
1327 5495 1500 5552 denuo
1523 5498 1900 5572 Hieronymum
1923 5502 2063 5572 ejusc

468 5607 571 5662 que
597 5589 798 5644 amicos
828 5587 1240 5656 reprehendere,
1269 5598 1324 5645 et
1354 5601 1621 5662 tamquam
1649 5593 1928 5648 hatreticos
1953 5604 2060 5647 tra-

468 5684 665 5738 ducere
705 5679 951 5749 occmpit,
983 5681 1108 5751 quin
1137 5683 1296 5737 etiam
1344 5684 1396 5738 in
1443 5685 1664 5754 patriam
1707 5685 1871 5740 redux
1904 5685 2061 5738 laces-

465 5792 577 5831 sere
606 5773 822 5844 scriptis
846 5772 902 5830 S.
929 5773 1234 5844 Doctorem,
1263 5787 1318 5834 et
1343 5780 1676 5833 voluminibus
1707 5779 1810 5832 suis
1849 5778 2058 5832 obruere

466 5884 573 5928 non
601 5866 876 5926 dubitavit.
917 5866 1144 5924 Suarum
1189 5871 1410 5941 proinde
1442 5870 1668 5940 partium
1717 5884 1838 5926 esse
1874 5869 2058 5925 existi-

1806 385 1864 444 s.
1907 363 2290 446 tttnnon'vnt
2328 386 2508 448 vnit

3724 405 3828 464 108

2232 507 2396 560 mavit
2437 505 2666 564 Sanetus
2709 509 2887 581 Pater,
2932 526 3250 587 quamquam
3292 528 3402 572 non
3429 513 3476 572 is
3501 525 3647 572 esset
3680 517 3826 587 Vigi-

2230 597 2446 664 Iantins,
2474 602 2562 671 qui
2594 619 2909 674 responsum
2955 608 3267 672 mereretur,
3301 623 3530 679 purgare
3557 609 3826 664 obtrectao

2230 691 2359 746 toris
2402 692 2850 763 impudentissimi
2877 701 3246 756 accusationes
3272 709 3327 755 et
3349 701 3645 756 calumnias
3680 721 3692 755 :
3725 703 3794 758 de

2225 779 2410 854 ditque
2437 785 2502 840 ad
2532 802 2654 842 eum
2680 788 2973 860 Epistoiam
3013 792 3065 847 in
3103 796 3419 850 recensione
3448 806 3630 851 nostra
3679 797 3795 852 LXI

2226 889 2332 945 qua
2359 887 2412 931 et
2454 879 2688 950 singulas
2729 883 2846 952 ejus
2883 885 3140 956 malignas
3184 887 3571 956 postulationes
3602 890 3822 959 refellit,

2223 975 2280 1022 et
2327 979 2382 1024 ut
2421 970 2707 1042 aliquando
2736 990 2864 1032 vero
2886 991 2952 1032 cx
2999 978 3176 1034 animo
3202 979 3504 1050 resipiscat,
3546 988 3602 1035 et
3645 983 3818 1049 patui-

2223 1062 2440 1118 tentiam
2479 1075 2620 1136 agat,
2651 1066 2914 1124 hortatur.
2961 1069 3250 1142 Scripsisse
3290 1081 3470 1127 autem
3518 1087 3636 1128 eam
3677 1075 3820 1131 circa

2220 1155 2344 1208 anni
2389 1155 2492 1212 396
2537 1156 2694 1214 linem
2736 1160 2818 1215 vel
2862 1161 3236 1234 subsequentis
3267 1165 3437 1230 initia,
3466 1181 3534 1221 ex
3556 1164 3818 1222 hactenus

2219 1242 2376 1301 dictis
2406 1249 2608 1319 liquet;
2636 1249 2746 1321 jam
2779 1254 2924 1312 enim
2967 1256 3201 1312 redierat
3231 1256 3548 1327 Vigilantins
3579 1260 3632 1313 in
3663 1261 3816 1316 Deci-

2217 1337 2455 1408 dentem,
2483 1354 2538 1399 et
2569 1345 2625 1400 S.
2661 1346 2905 1403 Doctoris
2929 1365 3050 1404 cum
3080 1352 3131 1406 in
3162 1351 3375 1418 itinere,
3409 1363 3517 1407 tum
3546 1354 3598 1408 in
3637 1359 3812 1424 patria

2217 1433 2408 1488 famam
2446 1437 2743 1505 atterebat;
2775 1440 3079 1497 decesserat
3124 1459 3252 1498 vero
3295 1458 3327 1499 e
3381 1444 3662 1500 Paltcstiua
3702 1448 3816 1502 sive

2214 1514 2511 1576 Betltleemi
2554 1527 2902 1592 monasterio,
2940 1541 3061 1582 cum
3103 1529 3322 1599 degeret
3361 1529 3432 1585 ibi
3481 1529 3658 1586 adhuc
3697 1533 3816 1585 Vin-

2216 1612 2448 1681 centius,
2475 1629 2634 1684 quem
2666 1632 2806 1672 anno
2831 1618 2958 1686 397,
3007 1620 3107 1674 nisi
3145 1622 3189 1675 si
3240 1622 3402 1676 etiam
3451 1623 3621 1676 mavis
3667 1625 3809 1679 circa

2213 1706 2566 1770 prmcedentis
2598 1707 2776 1774 finem,
2808 1721 2953 1765 certe
2979 1711 3194 1781 quidem
3242 1716 3402 1768 multo
3436 1722 3661 1784 tempore
3690 1727 3810 1770 ante

2211 1793 2486 1852 Ruflinum
2516 1797 2735 1854 Romam
2792 1803 3002 1869 venisse,
3047 1819 3113 1858 ex
3163 1805 3435 1876 Apologia:
3467 1805 3606 1862 libro
3647 1810 3807 1863 tertio

2207 1882 2482 1942 discimus.

2279 1976 2389 2032 VII.
2420 1979 2672 2050 Ejusdem
2699 1991 2780 2038 est
2807 1987 3083 2054 temporis,
3117 1997 3173 2042 ut
3197 1996 3252 2042 et
3277 1987 3448 2044 ferme
3476 1993 3799 2061 argumenti,

2204 2074 2361 2128 quam
2387 2063 2535 2118 dedit
2561 2066 2617 2120 S.
2651 2067 2808 2122 Pater
2839 2067 2998 2124 LXII.
3030 2073 3082 2125 in
3113 2073 3426 2128 recensione
3455 2084 3634 2130 nostra
3667 2075 3799 2145 Epi-

2201 2153 2396 2210 stolatn
2428 2156 2494 2210 ad
2524 2158 2971 2228 Tranquillinum,
2995 2163 3084 2233 qui
3111 2164 3180 2217 ab
3205 2180 3269 2218 eo
3296 2164 3522 2236 petierat
3541 2165 3608 2218 de
3637 2165 3800 2220 libro-

2201 2261 2320 2302 rum
2347 2249 2591 2321 Origenis
2621 2253 2873 2321 lectione,
2902 2264 3078 2310 utrum
3109 2256 3321 2311 vitanda
3355 2257 3441 2312 illa
3471 2257 3680 2326 penitus
3707 2274 3795 2312 cs-

2200 2349 2315 2407 set,
2359 2350 2414 2394 ut
2453 2343 2739 2399 Faustinus
2767 2347 2948 2402 nescio
2976 2349 3096 2418 quis
3123 2349 3500 2416 contendebat,
3529 2365 3618 2413 an,
3651 2351 3793 2421 quod

2199 2433 2286 2488 alii
2317 2436 2513 2506 passim
2542 2438 2954 2508 existimabant,
2987 2442 3342 2510 permittenda
3379 2459 3443 2498 ex
3479 2454 3651 2513 parte.
3697 2445 3792 2500 Cui

2196 2525 2253 2583 S.
2301 2527 2481 2593 Pater,
2525 2531 2614 2601 qui
2657 2533 2976 2588 sententiam
3023 2534 3221 2591 hancce
3266 2535 3489 2590 alteram
3536 2535 3792 2606 przeferre

2197 2634 2531 2691 nequaquam
2560 2623 2790 2692 dubitat,
2819 2642 3070 2682 asserens
3095 2643 3211 2694 eos,
3235 2629 3322 2699 qui
3347 2631 3398 2682 in
3420 2645 3641 2682 amorem
3670 2629 3790 2684 Ori-

2192 2711 2334 2780 genis
2360 2713 2595 2782 nimium,
2624 2716 2701 2770 vel
2719 2718 2774 2770 in
2798 2718 2971 2772 odium
2999 2721 3246 2774 stomachi
3280 2721 3361 2775 sui
3399 2723 3647 2791 pravitate
3685 2724 3785 2778 du-

2193 2815 2395 2875 cuntur,
2431 2808 2700 2864 maledicto
2725 2809 3034 2881 Prop/retice
3059 2815 3336 2884 subjacere,
3372 2813 3460 2869 γω
3487 2815 3565 2869 Itis
3589 2816 3677 2886 qui
3705 2817 3786 2869 di-

2191 2907 2308 2951 cunt
2366 2902 2550 2954 bonum
2597 2904 2812 2970 malum,
2865 2915 2915 2958 et
2966 2906 3158 2960 malum
3204 2906 3434 2960 bonum:
3461 2917 3650 2961 auctor
3702 2915 3785 2963 est

2191 2997 2391 3059 tamen,
2409 3002 2460 3047 ut
2476 2992 2904 3064 inejusauctoris
2928 2997 3308 3066 scriptionibus
3324 3009 3515 3054 cautus
3546 3000 3778 3068 incedat,

2187 3085 2496 3154 approbatis
2535 3086 2846 3142 melioribus
2871 3129 2886 3156 ,
2929 3089 3266 3160 sequioribus
3306 3090 3542 3160 rejectis.
3591 3092 3782 3149 Elucct

2186 3178 2310 3234 hinc
2338 3195 2466 3236 vero
2495 3181 2625 3236 satis
2658 3191 2845 3251 aperte
2872 3183 3127 3252 temporis
3167 3194 3326 3249 nota;
3367 3182 3480 3254 jam
3526 3185 3669 3239 enim
3713 3201 3778 3241 ex

2183 3271 2404 3328 Oriente
2439 3273 2636 3329 invidia
2667 3274 2899 3329 nominis
2929 3274 3237 3346 Origcniani
3267 3276 3611 3332 Occidentem
3653 3295 3776 3348 per-

2185 3374 2416 3432 vaserat,
2448 3366 2628 3436 ibique
2673 3365 2814 3422 inter
2850 3367 3123 3422 variorum
3167 3368 3365 3434 studia,
3401 3369 3584 3425 turbas
3630 3372 3777 3427 ciere

2175 3457 2286 3524 jam
2318 3467 2560 3527 coeperat
2591 3476 2604 3511 :
2629 3473 2748 3528 qua:
2770 3472 2900 3513 sane
2926 3473 3031 3514 non
3056 3459 3220 3515 alium
3241 3475 3402 3532 quam
3446 3461 3552 3517 396
3573 3477 3773 3518 annum

2180 3560 2272 3605 aut
2299 3550 2676 3620 subsequentis
2706 3549 2856 3604 initia
2881 3550 3185 3622 designant.

2252 3643 2382 3699 VIII.
2415 3643 2522 3699 Sed
2552 3644 2609 3697 lit
2637 3641 2824 3698 eadem
2853 3643 3022 3698 multo
3047 3645 3206 3699 etiam
3232 3643 3427 3700 clarior
3455 3660 3521 3700 ex
3551 3647 3770 3717 Oceani,

2179 3735 2499 3792 Rontaztunc
2518 3736 2781 3806 degentis,
2799 3737 3092 3803 mentione,
3111 3753 3270 3808 quam
3300 3738 3492 3809 ingerit
3508 3740 3560 3794 in
3581 3741 3768 3798 cadent

2177 3828 2413 3898 Epistula
2467 3828 2523 3884 S.
2553 3828 2742 3893 Pater,
2765 3838 2820 3883 et
2864 3843 2966 3899 qua
2993 3837 3177 3884 notata
3203 3845 3307 3884 non
3341 3830 3550 3901 indigna
3581 3848 3769 3889 eorum

2178 3929 2477 3990 temporum
2496 3923 2750 3977 memoria
2769 3923 3090 3978 continetur.
3116 3922 3405 3980 Succurrat
3427 3927 3584 3997 igitur
3601 3929 3769 3984 menti

2174 4013 2317 4082 quod
2347 4013 2580 4069 diximus
2611 4015 2768 4084 paqu
2793 4024 2919 4070 ante
2939 4057 2954 4080 ,
2999 4015 3162 4071 fuisse
3191 4017 3460 4072 Oceanum
3490 4034 3770 4090 superiora

2176 4107 2415 4175 proxime
2457 4122 2598 4162 anno
2637 4107 3005 4179 Jerosolymis,
3032 4111 3144 4165 sive
3172 4110 3224 4164 in
3253 4110 3547 4168 Betltleemi
3577 4130 3766 4170 mona-

2173 4201 2359 4264 sterio,
2387 4199 2473 4254 ubi
2503 4214 2736 4268 przesens
2765 4215 2796 4254 a
2826 4199 3140 4271 \‘igiiantio,
3173 4203 3261 4273 qui
3295 4204 3492 4273 pariter
3527 4205 3597 4260 ibi
3642 4217 3765 4264 tunc

2173 4293 2382 4362 agebat,
2410 4292 2682 4347 haereseos
2713 4304 2994 4349 accusatus
3017 4304 3116 4348 est.
3148 4293 3275 4349 Post
3297 4297 3510 4366 aliquod
3533 4301 3763 4368 spatium

2173 4386 2449 4452 temporis,
2469 4383 2657 4437 eodem
2677 4392 2852 4438 tamen
2866 4399 3006 4438 anno
3017 4383 3082 4438 ad
3103 4385 3260 4440 tinem
3282 4397 3619 4456 properante,
3639 4390 3764 4446 dum

2173 4475 2228 4530 in
2264 4485 2540 4547 utramque
2569 4485 2770 4545 partem
2797 4475 2864 4530 de
2893 4477 3212 4547 Origeniana
3250 4477 3490 4533 doctrina
3536 4491 3763 4538 conten-

2171 4565 2345 4630 ditur,
2371 4567 2545 4622 subita
2573 4565 2929 4622 Barbarorum
2957 4568 3180 4637 irruptio
3207 4569 3382 4639 plures
3405 4570 3631 4627 Romani
3659 4574 3760 4628 im-

2173 4660 2304 4730 perii
2335 4661 2654 4730 provincias,
2692 4660 2892 4732 hasque
2918 4660 3057 4716 inter
3095 4661 3431 4718 Palaestinam
3469 4677 3562 4720 aut
3602 4668 3765 4736 depo-

2171 4754 2349 4822 pulata
2394 4763 2496 4820 est,
2539 4763 2630 4808 aut
2667 4763 2814 4809 certe
2852 4753 3019 4808 eladis
3059 4755 3399 4824 proximitate
3447 4761 3757 4826 perterruit.

2173 4843 2304 4899 Ecce
2333 4846 2421 4899 tibi
2448 4847 2662 4916 (inquit,
2695 4845 2923 4901 Sanctus
2959 4847 3117 4902 Pater
3149 4847 3384 4918 Epistola
3411 4849 3476 4903 ad
3508 4849 3761 4906 Ileliodo-

2171 4953 2292 4992 rum
2331 4937 2471 5007 LX.)
2510 4955 2643 4993 anno
2686 4939 2940 5008 prieterito
2996 4939 3231 5006 (scilicet
3279 4940 3416 5011 595)
3456 4957 3519 4996 ea:
3567 4943 3760 4997 ultimis

2171 5028 2388 5084 Caucasi
2413 5030 2624 5100 rupibus
2650 5029 2861 5082 immissi
2899 5029 2950 5081 in
2989 5045 3098 5092 nos,
3139 5046 3237 5084 non
3274 5032 3386 5100 iam
3421 5032 3641 5102 Arabiae,
3671 5034 3760 5089 sed

2173 5122 2543 5194 Septentrionis
2575 5122 2704 5190 lupi,
2727 5130 2894 5173 tantas
2914 5119 3048 5172 brevi
3070 5122 3353 5190 provincias
3375 5136 3754 5194 percurrerunt.

2173 5217 2305 5285 Quot
2337 5215 2642 5270 ntonasteria
2667 5215 2858 5284 capta?
2886 5225 3087 5284 quantte
3105 5215 3380 5284 fluviorum
3405 5233 3551 5288 aqua:
3577 5221 3760 5272 Imma-

2169 5326 2236 5364 no
2275 5326 2452 5364 cruore
2490 5315 2694 5361 mutata:
2730 5307 2890 5359 sunt?
2935 5306 3151 5362 Obsessa
3191 5309 3493 5378 Antiochia,
3531 5322 3576 5365 ct
3614 5313 3759 5367 urbes

2169 5403 2392 5472 reliquie,
2436 5417 2560 5470 quas
2608 5398 2776 5464 Ilalis,
2820 5399 3046 5470 Cydnus,
3092 5400 3324 5464 Orontes.
3370 5402 3759 5476 Euphratesque

2170 5493 2537 5564 printer/luunt.
2571 5490 2741 5544 Tracti
2767 5507 2942 5562 greges
2967 5492 3277 5562 captivorum
3307 5509 3326 5547 :
3350 5495 3561 5559 Arabia,
3601 5495 3756 5549 Plio:-

2169 5587 2298 5649 nice,
2325 5584 2624 5644 Palazstina.
2655 5581 2910 5655 zEgyptus
2931 5585 3108 5640 timore
3129 5587 3358 5656 captivae.
3384 5587 3618 5644 Vixdum
3643 5589 3758 5645 haec

2169 5678 2476 5746 scripserat,
2502 5691 2618 5729 cum
2654 5677 2765 5746 ipsa
2793 5676 2889 5730 sibi
2917 5676 2985 5730 ob
3007 5677 3190 5732 oculos
3221 5678 3522 5742 Palaestina.
3558 5682 3758 5736 Barba-

2170 5786 2348 5824 rorum
2372 5785 2656 5824 coruscare
2681 5769 2886 5839 gladios
2915 5771 3131 5840 suisque
3153 5772 3432 5828 imminere
3455 5775 3756 5829 cervicibus

2170 5866 2356 5922 sensit.
2391 5862 2696 5918 Humtorum
2727 5861 2931 5934 (inquit
2965 5861 3135 5933 Epist.
3177 5863 3481 5938 LXXVII.)
3519 5868 3755 5923 examina
