4052 6338
243 356 338 417 109

241 496 517 575 pernicibus
543 495 683 568 equis
709 494 804 550 huc
830 494 1045 564 illucque
1067 490 1352 559 volitantia,
1368 489 1524 546 credis
1546 488 1738 559 pariter
1764 500 1824 540 ac

242 592 438 649 terroris
468 599 652 645 cuncta
681 588 1066 659 complebant...
1097 584 1357 656 Insperati
1385 583 1570 653 ubique
1588 581 1825 645 aderant,

239 698 280 743 et
302 690 494 758 fantant
516 684 773 739 celeritate
799 683 1044 736 vincentes
1064 723 1077 747 ,
1107 697 1208 735 non
1228 678 1462 748 religioni
1483 717 1499 742 ,
1527 692 1632 730 non
1654 673 1823 745 digni-

241 778 437 844 tatibus,
468 794 572 831 non
599 776 736 831 aetati
763 776 1052 846 parcebant,
1079 789 1178 827 non
1200 771 1440 844 vagientis
1462 767 1829 822 miserebantur

239 871 533 942 infantius...
562 868 826 924 Consonus
850 870 978 922 inter
1005 883 1174 921 omnes
1203 881 1392 929 rumor,
1429 873 1597 932 petere
1619 877 1703 915 eos
1732 859 1826 914 Je-

238 965 564 1036 rosolgmam,
593 971 639 1016 et
669 961 730 1016 ob
757 961 964 1014 nimiam
991 959 1102 1012 auri
1132 957 1456 1025 cupiditatem
1481 953 1550 1007 ad
1575 953 1708 1007 hanc
1737 968 1826 1005 ur-

237 1059 341 1112 bem
383 1070 753 1127 percurrere...
791 1052 936 1107 Tunc
969 1062 1016 1106 et
1052 1067 1142 1106 nos
1175 1049 1422 1120 compulsi
1443 1062 1615 1102 sumus
1643 1061 1829 1116 parare

237 1135 542 1212 naves,ve§se
570 1147 624 1201 in
657 1147 842 1210 littore,
883 1145 1150 1198 adventum
1186 1142 1406 1196 hostium
1437 1152 1720 1209 praecavere
1741 1177 1753 1201 ,
1783 1143 1829 1190 et

234 1240 550 1295 saevientibus
572 1238 754 1306 ventis,
778 1236 938 1307 magis
965 1233 1217 1288 Barbaros
1243 1241 1479 1295 metuere,
1503 1245 1656 1298 quam
1689 1241 1827 1282 nau-

235 1333 456 1403 fragium
478 1348 497 1384 :
514 1347 620 1384 non
640 1339 743 1383 tam
764 1328 986 1398 propria:
1005 1327 1177 1391 saluti,
1201 1341 1350 1396 quam
1381 1321 1643 1392 Virginum
1674 1319 1828 1374 casti-

236 1427 416 1478 monia:
463 1421 803 1494 providentes.
853 1419 979 1473 Erat
1023 1418 1113 1472 illo
1158 1426 1376 1487 tempore
1417 1415 1650 1484 quazdam
1689 1410 1829 1482 apud

236 1535 320 1572 nos
345 1517 599 1571 dissensio
624 1514 715 1585 (de
733 1512 977 1583 Origenis
997 1511 1200 1568 scilicet
1219 1509 1458 1564 doctrina
1474 1521 1598 1562 cum
1619 1505 1829 1561 Joanne

234 1609 689 1681 Jerosolymitano
713 1647 729 1672 ,
760 1606 971 1661 Rultino
993 1591 1152 1675 alque
1192 1603 1314 1658 aliis
1351 1599 1666 1671 Origenistis
1693 1614 1828 1654 con-

236 1704 480 1767 certatio,
516 1711 562 1756 et
590 1699 934 1755 Barbarorum
964 1713 1186 1770 pugnam
1216 1695 1486 1750 domestica
1513 1693 1646 1748 bella
1673 1707 1826 1762 supe-

235 1801 433 1852 rabaut.
469 1797 564 1852 His
599 1811 780 1851 rerum
809 1793 1071 1864 angustiis
1097 1803 1149 1847 et
1176 1791 1435 1846 bellorum
1473 1799 1678 1843 terrore
1709 1802 1828 1856 per-

236 1890 412 1945 culsus
436 1889 707 1952 Oceanus,
729 1886 819 1957 qui
841 1901 960 1940 cum
984 1883 1182 1939 Sancta
1200 1882 1416 1937 Fabiola
1435 1880 1827 1952 Ierosolymam

237 1993 456 2039 venerat
485 1981 913 2056 (voluisseutque
943 1978 996 2032 in
1027 1974 1237 2032 Sanctis
1263 1974 1394 2030 locis
1420 1973 1683 2042 reliquum
1707 1971 1828 2026 vita:

239 2076 455 2148 degere)
492 2073 782 2144 despondit
810 2071 1089 2138 animum,
1129 2080 1292 2141 atque
1337 2083 1439 2123 una
1479 2083 1600 2123 cum
1647 2074 1826 2121 sancta

239 2172 432 2226 femina
487 2176 540 2224 in
588 2167 815 2238 patriam
845 2207 859 2230 ,
904 2165 1126 2219 Romam
1154 2162 1423 2227 videlicet,
1452 2175 1698 2215 reversus
1725 2167 1827 2212 est.

239 2261 345 2316 Nos
366 2261 580 2333 (subdit
601 2256 977 2330 Hieronymus)
1003 2257 1054 2310 in
1081 2255 1282 2310 Oriente
1307 2254 1690 2322 tenuerunt‘jam
1714 2252 1833 2319 βακε

237 2359 392 2417 sedes,
423 2363 469 2409 et
503 2356 833 2408 inveteratum
861 2359 1148 2404 sanctorum
1190 2346 1440 2400 Locorum
1482 2344 1784 2398 desiderium
1813 2359 1832 2396 :

238 2448 322 2501 illa
354 2447 631 2519 (Fabiola,
655 2447 877 2514 ejusque
907 2441 1114 2496 itineris
1135 2455 1318 2496 comes
1349 2450 1636 2509 perpetuus
1660 2438 1832 2493 Ocea-

240 2539 355 2611 nus)
388 2554 509 2603 qua:
537 2548 645 2590 tota
673 2536 728 2588 in
756 2534 968 2588 sarcinis
994 2542 1118 2597 erat,
1147 2541 1194 2586 et
1223 2533 1274 2586 in
1303 2532 1440 2586 omni
1465 2530 1586 2585 urbe
1611 2533 1829 2602 peregri-

243 2649 323 2696 na,
358 2645 570 2684 reversa
613 2636 688 2681 est
733 2626 802 2679 ad
842 2627 1082 2696 patriam.
1128 2623 1463 2679 Trahebatur
1498 2623 1606 2694 jam
1654 2625 1831 2694 itaque

241 2738 408 2779 annus
439 2721 568 2785 396,
596 2729 652 2773 et
679 2717 834 2772 valde
869 2717 1028 2772 etiam
1071 2725 1438 2786 processerat,
1467 2725 1523 2768 ut
1552 2731 1618 2770 ex
1645 2730 1835 2771 conse-

242 2816 528 2888 quentibus
556 2813 770 2882 planum
794 2809 906 2865 ﬁet.
934 2810 1166 2865 Joannes
1191 2809 1332 2864 enim
1353 2808 1833 2880 Jerosolymitanus

240 2907 553 2980 jamdudum
585 2918 738 2960 suam
768 2903 912 2957 illam
939 2901 1199 2956 adversus
1231 2900 1608 2968 Hieronymum
1639 2902 1833 2970 Apolo-

244 3003 402 3070 giam,
448 3007 508 3052 ut
546 2998 598 3051 in
643 2997 774 3050 alias
807 2996 1087 3065 plerasque
1117 2995 1266 3049 orbis
1307 3004 1518 3064 partes,
1548 2997 1615 3048 ita
1643 3005 1697 3049 et
1728 2995 1834 3049 lto-

249 3109 386 3147 mam
413 3093 672 3153 miserat,
703 3088 790 3142 ub‘i
817 3097 870 3142 et
902 3088 1131 3156 plurium
1159 3087 1365 3141 animos
1390 3087 1498 3155 jam
1528 3102 1834 3141 commove-

247 3194 343 3239 rat.
388 3184 507 3238 Alia
557 3197 622 3237 ex
663 3189 812 3252 parte
854 3180 1124 3234 restiterat
1170 3180 1280 3249 jam
1325 3189 1542 3234 strenue
1589 3179 1834 3238 Oceanus

254 3277 438 3343 turbis,
469 3289 604 3344 quas
630 3273 892 3342 scriptura
926 3271 1009 3325 illa
1039 3273 1088 3324 in
1121 3271 1261 3327 Urbe
1290 3282 1590 3341 pepererat,
1614 3287 1831 3326 eorum-

248 3384 343 3440 que
374 3367 700 3437 insipientia:
727 3373 1055 3430 occurrerat,
1086 3365 1172 3433 qui
1204 3379 1264 3418 se
1294 3365 1625 3432 patiebantur
1649 3363 1832 3433 Orige-

253 3461 510 3515 nistarum
540 3457 745 3513 artibus
784 3457 977 3526 decipi.
1027 3457 1197 3526 Atque
1244 3455 1360 3510 haec
1403 3456 1614 3525 quidem
1657 3457 1833 3510 omnia

249 3551 303 3606 S.
328 3552 490 3606 Pater
515 3565 636 3605 cum
666 3549 1033 3618 'l'ranquillino
1063 3547 1356 3621 respondit,
1381 3549 1448 3602 ab
1471 3549 1586 3617 ipso
1604 3550 1834 3616 primum

253 3655 506 3701 narrante
550 3644 803 3698 didicisse
832 3658 890 3697 se
922 3642 1114 3696 indicat
1151 3657 1311 3711 :qum
1349 3640 1486 3694 haud
1532 3656 1661 3694 sane
1703 3641 1836 3696 levis

251 3749 329 3794 est
355 3740 423 3794 ab
449 3736 650 3792 Oceani
677 3751 923 3806 regressu
947 3735 1000 3790 in
1032 3735 1272 3804 patriam,
1307 3734 1561 3802 temporis
1589 3736 1836 3789 interme-

251 3832 315 3886 dii
359 3841 507 3885 nota.
558 3829 725 3896 Quod,
770 3828 961 3898 inquit,
1007 3827 1154 3891 dicis,
1183 3825 1416 3895 Origenis
1453 3825 1637 3878 multos
1668 3843 1835 3880 errore

251 3923 567 3994 deceptos,et
587 3930 816 3975 sanctum
845 3919 1017 3988 ﬁlium
1047 3934 1206 3971 meum
1243 3917 1497 3971 Oceanum
1524 3917 1726 3970 illorum
1751 3917 1835 3971 in-

188 4075 192 4078 ,
248 4018 401 4070 sauia:
439 4029 746 4084 repugnare,
789 4020 834 4065 et
873 4010 1018 4065 doleo
1052 4009 1205 4064 simul
1246 4018 1293 4062 et
1330 4008 1526 4078 gaudeo
1557 4024 1576 4061 :
1604 4007 1722 4061 dum
1750 4015 1836 4062 aut

251 4106 562 4176 supplantati
585 4115 702 4159 sunt
721 4103 995 4175 simplices,
1018 4111 1106 4156 aut
1129 4099 1190 4155 ab
1211 4100 1406 4155 erudito
1431 4100 1534 4155 viro
1556 4100 1835 4154 errantibus

251 4200 559 4254 subvenitur.

317 4292 408 4348 1X.
456 4291 560 4347 Per
605 4289 744 4345 idem
786 4298 996 4360 tempus
1031 4272 1144 4343 sive
1197 4301 1337 4341 anno
1367 4285 1482 4342 fere
1509 4285 1688 4340 medio
1729 4285 1834 4342 597

253 4388 462 4457 scripsit
511 4385 868 4457 Hieronymus
931 4381 998 4436 ad
1060 4381 1383 4453 Principiam
1444 4381 1497 4434 in
1564 4379 1834 4434 Psalmum

253 4477 432 4534 XLIV.
464 4488 520 4534 et
544 4479 818 4549 aliquanto
846 4485 964 4546 post
997 4475 1063 4529 ad
1092 4475 1493 4531 Pammachiutn
1526 4489 1737 4545 quoque
1766 4474 1834 4530 de

254 4584 420 4628 morte
452 4571 687 4626 Paulina:
717 4587 729 4622 :
755 4585 978 4640 quarum
1007 4569 1363 4638 Epistolarum
1402 4583 1522 4622 cum
1570 4567 1700 4622 satis
1735 4567 1834 4622 ab-

255 4667 387 4721 unde
434 4668 506 4722 sit
548 4666 819 4735 explorata
858 4662 1064 4733 epocha
1108 4663 1158 4717 in
1204 4660 1598 4730 chronologicis
1636 4660 1702 4715 ad
1740 4675 1835 4716 eas

254 4759 419 4825 Notis,
445 4775 554 4814 non
581 4767 663 4814 est
683 4771 778 4812 cur
806 4755 993 4812 iisdem
1017 4754 1380 4810 edisserendis
1418 4752 1615 4808 diutius
1643 4752 1835 4808 immo-

254 4869 449 4908 rentur.
490 4852 599 4908 Sed
621 4861 669 4906 et
708 4849 990 4919 Augustini
1015 4849 1080 4905 ad
1108 4849 1485 4918 Hieronymum
1517 4846 1710 4902 litterae
1733 4847 1834 4903 huc

255 4947 508 5018 temporis
538 4944 835 5000 referenda:
873 4951 1026 5009 sunt,
1066 4941 1258 5012 quibus
1293 4940 1340 4994 ei
1384 4939 1608 5010 gratiam
1651 4939 1830 5007 habet,

253 5039 389 5108 quod
425 5054 518 5108 pro
545 5037 826 5106 subscripta
853 5035 1155 5089 salutatione
1181 5037 1383 5104 plenam
1410 5031 1698 5104 Epistolam
1730 5033 1832 5088 sibi

254 5132 589 5191 reddidisset.
630 5131 755 5185 [hec
790 5139 966 5184 autem
1001 5129 1202 5198 jamdiu
1242 5128 1369 5183 olim
1410 5127 1834 5196 intercidit,,nec

244 5238 406 5294 supra
429 5239 588 5296 quam
626 5223 930 5291 conjectura
958 5221 1210 5292 colligere
1237 5220 1392 5288 licet,
1419 5220 1610 5275 eruditi
1643 5219 1832 5276 existi-

254 5328 413 5385 mant,
450 5319 500 5372 in
533 5332 596 5372 ea
628 5316 1010 5385 Hieronymum
1039 5314 1107 5369 de
1127 5313 1357 5383 Origene
1379 5313 1600 5384 ejusque
1627 5313 1832 5368 errori-

254 5409 347 5466 bus
366 5420 520 5482 capta
547 5410 830 5466 occasione
858 5407 1018 5463 fuisse
1038 5408 1330 5476 loquutum,
1357 5414 1412 5461 et
1437 5406 1833 5476 Hipponensem

255 5499 574 5574 Episcopum
607 5501 804 5570 pietate
837 5499 945 5569 jam
989 5506 1097 5554 tum
1138 5498 1417 5556 ﬂorentem
1447 5509 1609 5568 atque
1649 5499 1833 5554 erudi-

253 5595 410 5658 tione,
430 5595 647 5666 quicum
671 5592 770 5646 sibi
796 5591 977 5646 notitia
1001 5591 1172 5658 aliqua
1196 5593 1596 5656 intercesserat,
1612 5606 1834 5649 monere

251 5689 498 5753 soluisse,
529 5697 586 5742 ut
606 5686 674 5742 ab
697 5685 960 5756 serpentis
987 5685 1036 5739 in
1065 5683 1179 5740 dies
1209 5687 1378 5756 stragis
1397 5685 1486 5741 lue
1512 5686 1834 5756 Origenismi

248 5791 478 5837 caveret.
516 5781 804 5835 Enunvero
846 5779 990 5834 istaec
1030 5777 1314 5847 Augustini
1354 5777 1658 5848 Responsio
1688 5778 1832 5851 (quae

247 5867 360 5943 ejus
381 5870 633 5928 secunda:
648 5877 774 5927 sunt
791 5868 855 5924 ad
870 5865 1114 5925 Nostrum
1139 5866 1355 5941 litteris)
1372 5867 1440 5926 de
1455 5867 1686 5941 Origene
1701 5887 1834 5944 prtc-
1865 5903 1894 5942 ,ξ

1500 346 1560 404 S.
1603 343 1982 403 HIERONYMI
2025 343 2209 403 VITA.

3415 358 3523 420 MO

1937 486 2123 541 sertim
2145 487 2403 560 loquitur,
2423 491 2579 563 cujus
2598 501 2774 551 tamen
2796 510 3010 554 errores
3032 497 3131 555 sibi
3157 513 3341 570 parum
3363 508 3522 555 notos

1933 580 2165 649 postulat
2187 583 2430 640 indicari.
2458 583 2623 651 Illud,
2653 587 2846 659 inquit,
2869 589 2933 644 de
2961 591 3233 660 prudentia
3253 591 3520 646 doctrina-

1929 689 2027 745 que
2058 684 2145 729 tua
2175 678 2541 741 desiderabam.
2578 690 2625 735 et
2659 683 2829 736 adhuc
2869 683 3120 752 desidero,
3147 695 3203 739 ut
3229 696 3349 741 nota
3374 685 3520 741 nobis

1932 767 2092 836 facias
2122 785 2180 822 ea
2204 769 2316 840 ipsa
2340 773 2447 840 ejus
2475 771 2760 844 (Origenis)
2791 783 2975 841 errata,
3008 777 3186 847 quibus
3205 794 3236 831 α
3259 778 3360 848 ﬁde
3384 779 3520 832 veri-

1932 860 2050 912 tatis
2087 860 2177 914 ille
2215 863 2291 916 vir
2318 873 2489 918 tantus
2519 867 2782 920 recessisse
2822 867 3155 925 convincitur.
3203 869 3520 943 Quanquam

1930 965 2061 1006 vero
2091 952 2213 1008 data
2245 969 2306 1009 ea
2329 953 2492 1011 fuerit
2512 956 2724 1013 hocmet
2743 974 2885 1013 anno
2918 958 3180 1030 Epistola,
3205 960 3411 1016 reddita
3444 973 3523 1016 ta-

1931 1058 2054 1098 men
2083 1052 2166 1100 est
2189 1046 2357 1101 multo
2383 1048 2577 1114 serius,
2606 1058 2660 1103 et
2689 1059 2812 1119 post
2842 1050 3030 1106 saltem
3059 1052 3184 1107 anni
3214 1051 3520 1109 intermedii

1929 1137 2183 1205 spatium.
2229 1139 2467 1210 Denique
2515 1141 2572 1196 S.
2611 1141 2772 1198 Pater
2813 1142 2880 1198 ad
2917 1143 3276 1211 Castrucium,
3307 1145 3523 1200 Pannon

1930 1227 2078 1282 nium
2108 1229 2401 1299 hominem,
2432 1234 2686 1304 scripsit,
2722 1234 2874 1306 cujus
2904 1251 3033 1291 sane
3064 1237 3158 1292 luit
3188 1238 3520 1295 admirabilis

1929 1323 2187 1380 adversus
2213 1341 2335 1381 eum
2357 1341 2509 1382 amor
2533 1343 2597 1383 ac
2622 1329 2891 1397 studium;
2923 1345 3046 1386 nam
3087 1331 3213 1387 licet
3242 1332 3409 1387 oculis
3439 1331 3522 1387 la-

1929 1418 2162 1485 boraret,
2195 1420 2310 1490 ejus
2337 1422 2598 1478 invisendi
2624 1423 2941 1495 cupiditate,
2969 1425 3074 1480 iter
3097 1426 3150 1482 in
3178 1426 3518 1482 Palaestinam

1930 1513 2254 1578 instituerat,
2308 1530 2372 1570 ac
2413 1525 2636 1572 venerat
2679 1534 2836 1588 usque
2880 1517 3094 1586 Cissam,
3141 1518 3273 1574 nihil
3317 1520 3522 1574 veritus

1931 1607 2180 1662 Adriatici
2207 1607 2369 1663 Maris
2398 1620 2550 1666 cestus
2570 1651 2583 1674 ,
2613 1620 2660 1664 et
2688 1609 2863 1682 rEgaei
2883 1621 3031 1680 atque
3063 1611 3202 1667 Ionii
3221 1611 3388 1668 subire
3413 1613 3524 1667 dis-

1930 1699 2162 1764 crimina,
2195 1708 2250 1752 ut
2278 1700 2377 1754 nisi
2416 1715 2536 1756 eum
2570 1702 2684 1772 pius
2731 1705 2947 1773 fratrum
2973 1704 3260 1760 retinuisset
3283 1704 3520 1773 affectus,

1929 1792 2235 1846 voluntatem
2285 1809 2434 1862 opere
2475 1797 2792 1866 complesset.
2839 1797 3136 1867 Acceperat
3179 1805 3356 1852 autem
3408 1797 3524 1853 lucc

1932 1883 2293 1956 Hieronymus
2332 1884 2398 1940 de
2439 1885 2582 1941 illius
2608 1901 2731 1957 erga
2763 1901 2823 1942 se
2855 1887 3216 1958 prolixissima
3247 1888 3521 1943 voluntate

1929 1975 1998 2030 ab
2043 1977 2290 2032 Heraclio
2333 1979 2566 2034 Diacono
2585 2021 2599 2045 ,
2630 1996 2789 2051 quem
2815 1982 3072 2038 Amabilis
3100 1982 3315 2054 quidam
3335 2023 3348 2046 ,
3379 1981 3524 2052 ejus-

1930 2066 2052 2122 dem
2099 2069 2365 2139 regionis,
2411 2071 2526 2125 sive
2573 2072 2860 2126 Pannonize
2892 2073 3210 2144 Episcopus,
3245 2074 3518 2131 Bethleem

1932 2163 2193 2230 miserat,
2236 2173 2292 2218 ut
2337 2164 2748 2234 explicationem
2789 2164 2975 2219 decem
3019 2165 3169 2220 Isaia:
3212 2165 3476 2220 visionum
3503 2208 3519 2234 ,

1933 2268 2090 2322 quam
2121 2253 2255 2307 alias
2288 2270 2432 2324 szepe
2459 2270 2488 2309 a
2519 2253 2578 2310 S.
2611 2255 2841 2310 Doctore
2883 2254 3215 2324 ﬂagitaverat
3235 2299 3250 2324 ,
3285 2273 3523 2327 praesens

1935 2345 2024 2399 ille
2064 2345 2393 2414 impetraret.
2429 2345 2580 2413 Quod
2611 2345 2826 2416 quidem
2859 2361 2979 2402 cum
3010 2349 3364 2414 obtinuisset,
3392 2349 3520 2418 Epi-

1934 2437 2124 2491 stolam
2153 2453 2364 2508 quoque
2400 2438 2456 2494 S.
2491 2438 2664 2494 Patris
2691 2439 2968 2495 Castrucio
2997 2441 3341 2498 deferendam
3368 2457 3525 2498 acce-

1935 2530 2145 2600 pit:ex
2195 2545 2300 2600 quo
2345 2530 2606 2601 intelligas
2654 2539 2937 2603 utramque
2964 2533 3032 2590 ad
3064 2550 3227 2590 unum
3275 2534 3523 2606 idemque

1937 2630 2146 2692 tempus
2172 2622 2514 2692 scriptionem
2545 2625 2833 2693 pertinere.

2004 2711 2073 2766 X.
2105 2713 2282 2768 Altera
2305 2724 2481 2769 autem
2506 2715 2690 2771 lSlhicC
2713 2719 2762 2771 in
2787 2717 2971 2774 decem
2991 2719 3140 2775 Isaia:
3158 2721 3391 2778 visiones
3413 2729 3522 2776 tum

1933 2805 2185 2860 chronica
2229 2816 2354 2862 nota
2401 2808 2680 2879 insignior,
2711 2817 2820 2864 tum
2864 2811 3284 2868 elucubrationis
3324 2829 3526 2884 genere

1935 2900 2104 2954 multo
2134 2908 2218 2955 est
2258 2902 2610 2958 nobilissima.
2651 2903 2982 2976 Quamquam
3028 2921 3087 2962 se
3131 2907 3206 2961 ait
3249 2907 3307 2963 S.
3342 2908 3523 2977 Pater,

1936 3009 2027 3062 pro
2054 2995 2290 3063 angustia
2315 2995 2456 3049 illius
2488 2999 2758 3067 temporis,
2787 2999 2910 3068 quid
2938 3000 3033 3054 sibi
3060 3001 3313 3055 videretur
3341 3002 3394 3054 in
3420 3003 3526 3056 sin-

1934 3085 2088 3156 gulis,
2112 3087 2244 3140 brevi
2272 3104 2500 3143 sermone
2521 3092 2874 3159 perstrinxisse
2895 3108 2914 3146 :
2943 3110 3094 3163 reque
3120 3093 3233 3165 ipsa
3260 3095 3527 3149 historiam

1937 3188 2157 3245 tantum,
2190 3180 2327 3248 quod
2353 3181 2611 3237 Amabilis
2638 3183 2852 3254 petebat,
2885 3185 3223 3240 edisseruerit.
3273 3186 3527 3242 Postmo-

1935 3269 2060 3325 dum
2109 3281 2306 3335 tamen,
2348 3287 2468 3326 cum
2503 3275 2557 3327 in
2597 3283 2755 3328 totum
2787 3274 3102 3347 PrOphetam
3131 3277 3530 3334 Commentarios

1933 3364 2200 3428 scriberet,
2233 3374 2393 3436 atque
2418 3381 2481 3420 eo
2520 3367 2622 3422 loci
2654 3371 3003 3438 pervenisset,
3035 3375 3350 3443 superﬂuum
3377 3382 3530 3429 ratus

1936 3467 2022 3511 aut
2043 3459 2218 3512 eadem
2243 3475 2418 3514 rursus
2437 3461 2640 3528 iterare,
2668 3472 2756 3516 aut
2776 3464 2828 3518 in
2857 3481 2959 3520 uno
2983 3482 3135 3536 opere
3161 3467 3385 3522 diversas
3411 3484 3528 3522 sen-

1937 3551 2117 3604 tentias
2145 3566 2350 3620 ponere,
2375 3553 2602 3620 quintum
2622 3553 2676 3607 in
2701 3553 2900 3610 Isaiam
2922 3555 3132 3611 Librum
3157 3573 3222 3612 ex
3255 3558 3357 3613 hoc
3381 3558 3529 3626 fecit,

1936 3641 2023 3709 qui
2049 3641 2303 3708 quondam
2342 3643 2483 3696 solus
2519 3645 2686 3699 editus
2723 3655 2814 3700 est.
2849 3647 3020 3702 Verba
3051 3657 3174 3702 sunt
3216 3649 3532 3720 Hieronymi

1939 3731 1994 3785 in
2023 3731 2341 3788 Praelatione
2366 3734 2484 3803 ejus
2510 3733 2652 3789 Libri
2681 3736 2748 3791 ad
2777 3738 3162 3805 Eustochium,
3189 3739 3342 3810 cujus
3370 3741 3533 3794 vesti-

1937 3823 2020 3894 gia
2040 3833 2286 3880 accurate
2306 3828 2696 3896 persequimur.
2732 3827 2786 3883 In
2811 3831 2986 3898 priore
3007 3839 3186 3884 autem
3208 3829 3533 3886 Praefatione

1937 3915 2003 3971 ad
2033 3917 2351 3982 Amabilem,
2380 3917 2672 3988 fluensque,
2702 3921 2891 3990 inquit,
2908 3939 2997 3991 per
3022 3923 3214 3976 litteras
3232 3922 3528 3994 flagitabas,

1937 4020 1991 4064 ut
2020 4009 2110 4062 tibi
2155 4007 2323 4064 decem
2351 4011 2584 4077 visiones,
2615 4029 2730 4082 qua:
2759 4013 2811 4067 in
2840 4013 2984 4069 Isaia
3005 4016 3374 4072 obscurissimte
3393 4024 3531 4082 sunt,

1937 4101 2177 4156 historica
2198 4103 2514 4172 expositione
2533 4104 2868 4160 dissererem.
2883 4146 2896 4160 .
2928 4123 3106 4178 meque
3133 4115 3493 4164 retractantem
3513 4151 3531 4176 ,

1937 4204 1985 4250 et
2018 4196 2423 4251 molestissimum
2465 4197 2840 4267 explanationis
2870 4216 3026 4270 genus
3067 4201 3123 4254 in
3167 4209 3360 4271 tempus
3388 4199 3536 4254 aliud

1937 4289 2276 4359 diﬂ‘erentem,
2314 4290 2596 4362 swpissime
2620 4293 2991 4346 commonebas.
3042 4290 3154 4346 Hoc
3193 4302 3361 4347 autem
3400 4310 3536 4348 anno

1936 4383 2118 4440 misisti
2163 4383 2329 4453 filium
2375 4391 2604 4437 nostrum
2648 4380 2944 4436 Heracliam
2986 4381 3292 4448 Diaconum,
3330 4384 3419 4453 qui
3455 4399 3535 4440 me

1937 4494 2094 4533 manu
2125 4485 2357 4531 conserta
2394 4476 2449 4528 in
2484 4478 2580 4546 jus
2608 4485 2828 4543 vocaret,
2859 4484 2906 4528 et
2956 4475 3260 4544 prontissum
3291 4492 3383 4547 per
3417 4493 3530 4532 mo-

1937 4580 2106 4626 menta
2133 4569 2371 4639 exigeret.
2393 4566 2460 4621 Et
2485 4567 2590 4623 sub
2616 4568 2799 4634 linem,
2820 4565 2883 4622 Si
2902 4567 3074 4636 latius,
3093 4568 3186 4637 ait,
3211 4569 3346 4624 nitar
3367 4587 3528 4643 expo-

1937 4679 2076 4730 nere,
2101 4663 2274 4717 multis
2293 4662 2434 4717 libris
2454 4678 2584 4732 opus
2604 4662 2715 4729 erit,
2741 4671 2788 4716 et
2808 4663 3055 4718 exactoris
3081 4664 3179 4719 mei
3201 4666 3454 4738 navigatio
3475 4668 3528 4724 in

1937 4773 2128 4811 annum
2151 4755 2365 4808 alterum
2403 4753 2685 4822 differetur.
2720 4754 2904 4826 Itaque
2930 4765 2984 4811 ut
3017 4758 3110 4823 vis,
3138 4759 3352 4831 singulis
3383 4762 3496 4816 testi
3506 4795 3525 4806 -

1937 4849 2118 4904 moniis
2140 4848 2307 4901 breves
2322 4847 2641 4902 sententiolas
2660 4848 2926 4920 coaptabo,
2951 4859 3004 4902 ut
3027 4867 3128 4906 non
3148 4861 3252 4906 tam
3272 4869 3524 4922 exponam

1935 4942 2058 5013 quid
2081 4940 2294 4995 sentiam
2315 4981 2330 5006 ,
2365 4956 2516 5010 quant
2555 4939 2732 5011 paucis
2761 4942 2920 4997 verbis
2946 4941 3035 4996 tibi
3064 4944 3327 4998 sentiendo
3354 4944 3524 5001 dimit-

1939 5046 2060 5091 tam.
2091 5032 2356 5089 Diclamus
2379 5033 2506 5100 htec,
2539 5051 2640 5089 non
2663 5035 2923 5091 scribimus
2952 5051 2972 5090 :
3001 5047 3234 5092 currente
3273 5036 3524 5095 Notario-
3559 5032 3563 5039 ’

1935 5145 2049 5183 rum
2078 5143 2251 5190 ntanu,
2281 5128 2437 5182 currit
2467 5129 2649 5182 oratio.
2681 5127 2960 5200 Temporis
2989 5140 3164 5186 autem
3192 5133 3522 5188 notationem

1938 5219 2080 5292 quod
2106 5228 2346 5289 spectat,
2379 5236 2486 5274 non
2511 5219 2724 5276 videtur
2750 5221 3054 5292 ambigendi
3085 5223 3234 5279 locus
3254 5265 3269 5289 ,
3294 5225 3421 5296 quin
3454 5225 3524 5281 sit

1936 5327 2078 5367 anno
2105 5311 2208 5368 597
2237 5311 2612 5381 adtribuenda,
2655 5328 2762 5384 quo
2792 5314 3020 5384 primum
3050 5313 3327 5372 Heraclius
3359 5333 3390 5372 e
3415 5317 3524 5372 Pa-

1938 5404 2144 5459 laestina
2167 5419 2443 5476 regressus
2462 5413 2545 5460 est
2567 5403 2622 5460 in
2651 5405 3001 5461 Pannoniam.
3028 5406 3159 5462 Nam
3180 5423 3299 5462 cum
3325 5409 3518 5463 iterum

1939 5513 2006 5552 ex
2028 5497 2126 5551 hac
2148 5499 2367 5570 regione
2389 5499 2440 5552 in
2462 5497 2735 5553 Orientem
2755 5498 3051 5562 contendit,
3077 5498 3266 5553 Vitalis
3292 5497 3524 5568 Presby-

1940 5592 2040 5648 teri
2085 5592 2264 5647 literas
2308 5591 2374 5646 ad
2417 5590 2802 5662 Hieronymum
2831 5591 3059 5657 detulit,
3093 5590 3284 5660 quibus
3309 5589 3410 5644 iste
3434 5605 3522 5644 re-

1941 5684 2241 5756 spondens,
2289 5683 2443 5740 Isaice
2490 5681 2823 5755 Propltetiam
2869 5690 3162 5745 memora',
3203 5697 3354 5752 quam
3393 5682 3525 5738 inter

1940 5779 2110 5832 decem
2146 5777 2360 5832 visiones
2389 5791 2559 5834 uuren
2587 5776 2969 5846 interpretatum
2998 5788 3052 5828 se
3073 5771 3224 5829 dicit.
3248 5771 3522 5845 Agebatur

1941 5885 2070 5928 vero
2095 5877 2219 5927 tunc
2248 5883 2420 5927 annus
2445 5866 2570 5934 398,
2615 5874 2674 5922 ut
2721 5879 2842 5922 mox
2886 5879 2984 5920 suo
3020 5862 3138 5922 loco
3168 5865 3327 5923 certis
3358 5879 3523 5937 argu-
