4052 6338
510 429 609 488 ω

492 544 710 603 mentis
734 541 1102 609 ostendemus,
1133 549 1191 597 et
1230 538 1497 611 praecipue
1535 553 1600 593 ex
1634 536 1736 593 alia
1765 537 1884 607 ejus
1914 536 2096 605 utique

509 641 636 696 anui
667 637 901 708 Epistula
921 633 1293 691 adLueinium
1317 640 1649 703 compertum
1670 636 1773 695 est,
1796 630 1883 701 ubi
1906 627 2094 683 eadem

510 749 643 791 usus
673 733 762 789 illa
790 730 1045 801 temporis
1070 727 1367 789 notatione,
1403 724 1603 795 Nuper,
1635 738 1695 777 se
1723 723 1796 778 ait
1822 722 1878 777 S.
1912 720 2092 787 Pater,

496 827 726 882 risiones
764 823 919 878 Isaia
955 820 1103 876 valde
1159 819 1539 874 obscurissimas
1577 815 1814 870 historica
1852 813 2095 884 explana-

511 922 649 977 tione
698 918 1014 974 disseruisse.
1070 914 1235 985 Igitur
1286 911 1610 983 praecedenti
1662 909 1906 979 proxime
1954 920 2097 961 anno

511 1014 799 1072 edisseruit
821 1053 835 1078 ,
882 1020 938 1066 ut
980 1019 1035 1065 et
1077 1009 1242 1072 illam,
1274 1006 1342 1062 de
1369 1021 1473 1077 qua
1502 1004 1734 1060 diximus
1760 1002 1919 1073 paulo
1947 1012 2092 1068 ante,

512 1105 833 1178 Epistulam,
865 1102 933 1158 ad
959 1100 1299 1158 Castrucium
1325 1097 1493 1153 dedit.

1073 1206 1301 1274 CAPUT
1339 1206 1533 1271 XXIX.

512 1332 548 1393 1.
597 1334 822 1410 Ruﬂinus
859 1334 914 1390 in
964 1332 1284 1390 Occidentem
1322 1345 1613 1385 reversurus
1640 1344 1753 1382 cum
1784 1323 2096 1396 Hieronymo

580 1434 635 1485 in
673 1428 857 1500 templo
887 1410 1151 1482 Anastasis
1184 1428 1247 1480 ea:
1287 1423 1551 1478 inimicitia
1598 1418 1727 1476 redit
1762 1420 1813 1473 in
1856 1419 2092 1489 gratiam.

580 1521 649 1578 Il.
692 1521 891 1583 Annus,
915 1530 1015 1589 quo
1039 1516 1094 1573 id
1117 1517 1347 1587 contigit,
1373 1515 1516 1570 novis
1539 1512 1848 1581 argumentis
1873 1508 2097 1565 adstrui-

580 1622 681 1668 tur.
711 1612 797 1667 lll.
840 1600 979 1666 Nunt
1022 1610 1116 1665 hoc
1151 1620 1394 1679 tempore,
1434 1614 1481 1661 et
1524 1594 1713 1677 Ilufﬁni
1760 1600 2097 1672 Melaniwque

578 1720 694 1758 cum
721 1700 899 1774 primis
928 1717 1080 1772 Opera
1108 1702 1378 1756 extinctum
1415 1698 1614 1770 penitus
1640 1697 1860 1751 schisma
1889 1693 2098 1747 let-oso—

581 1784 904 1869 lymitunum,
928 1802 1164 1863 sartaque
1183 1807 1286 1860 pan:
1310 1790 1375 1847 sit
1394 1791 1522 1845 inter
1548 1786 1801 1843 Joannem
1829 1802 2025 1859 quoque
2050 1792 2096 1839 et

579 1884 863 1941 Monachus
887 1876 1149 1957 reliquos?
1184 1883 1273 1940 Ν.
1304 1880 1623 1955 Argumentis
1650 1898 1742 1953 pro
1764 1879 2096 1935 asserentiunt

579 1990 722 2052 parte
746 1979 1076 2050 respondetur
1094 2022 1107 2044 ,
1137 1970 1340 2049 aliaque
1361 1975 1648 2044 aﬁ'eruntur
1674 1990 1787 2047 qua:
1812 1973 1868 2027 id
1891 1981 2093 2044 negant.

579 2068 646 2128 Ἴ.
674 2071 920 2137 Qutedattt
941 2071 1099 2125 obiter
1117 2069 1182 2124 de
1205 2066 1464 2123 Palladio.
1490 2063 1579 2122 VI.
1619 2063 1825 2120 Interea
1847 2063 1908 2119 S.
1941 2060 2098 2115 Pater

576 2167 631 2220 in
672 2165 935 2220 adversam
979 2163 1315 2219 valetudinem
1358 2162 1568 2226 incidit,
1614 2169 1664 2215 et
1703 2159 1830 2231 febri
1871 2176 1959 2231 per
1997 2166 2097 2212 tres

576 2275 772 2313 menses
816 2241 1035 2313 laborat.
1081 2252 1193 2310 νη.
1245 2254 1436 2309 Scribit
1493 2253 1821 2307 nihilominus
1861 2246 2097 2323 qua'dant

577 2369 692 2425 qua:
741 2358 1079 2407 recensentur.
1110 2346 1248 2406 Vill.
1278 2336 1342 2403 ln
1367 2344 1443 2401 his
1461 2340 1859 2403 Commentarios
1885 2347 1937 2399 in
1965 2342 2100 2397 Mat-

576 2445 784 2499 thteum.
828 2434 921 2498 ix.
955 2436 1024 2496 Et
1056 2450 1231 2496 contra
1272 2438 1526 2494 Joannem
1569 2437 1637 2492 ad
1665 2434 2052 2490 Pantmachium
2079 2477 2092 2501 ,

578 2546 625 2592 et
669 2535 736 2590 ad
779 2534 1143 2607 Theophilum.
1173 2528 1244 2588 Χ.
1276 2532 1498 2603 Tempus
1526 2530 1858 2599 scriptionum
1885 2531 2097 2583 istarunt

579 2631 843 2696 asseritur,
874 2639 923 2684 et
951 2628 1253 2683 vindicatur.
1279 2624 1374 2681 XI.
1412 2620 1630 2679 Demum
1658 2624 1940 2677 instaurata
1970 2623 2098 2676 inter

578 2740 750 2778 omnes
768 2738 910 2794 pace,
932 2720 1101 2776 scribit
1116 2720 1184 2773 ad
1204 2715 1476 2771 Fabiolam
1494 2717 1557 2769 de
1588 2713 1733 2769 Veste
1751 2710 2093 2769 Sacerdotali.

577 2863 621 2920 1.
642 2863 955 2918 Postactam
980 2868 1059 2915 tot
1086 2872 1260 2913 annos
1286 2857 1336 2911 in
1363 2855 1580 2911 Oriente
1603 2854 1789 2919 vitam,
1820 2851 2090 2915 Rulﬁnus,

505 2958 622 3013 sive
643 2955 942 3021 turbarum,
965 2967 1085 3024 quae
1112 2948 1617 3021 Jerosolymitanam
1641 2945 1938 3001 Ecclesium
1964 2959 2094 2999 csa-

506 3049 766 3119 gitabant,
790 3053 1052 3118 pertaesus
1085 3062 1098 3097 :
1130 3044 1264 3109 sive,
1291 3042 1435 3112 quod
1459 3041 1675 3110 propius
1694 3038 1762 3094 ad
1781 3052 1967 3094 verum
1989 3046 2092 3103 est,

508 3150 565 3196 ut
608 3138 849 3195 Melania:
872 3179 889 3206 ,
935 3138 1035 3193 iter
1066 3135 1289 3190 Romam
1324 3133 1447 3189 aliis
1474 3130 1543 3186 de
1570 3130 1749 3187 causis
1790 3128 2094 3192 meditanti,

507 3232 934 3301 obsequeretur,
978 3236 1034 3283 et
1059 3226 1213 3282 lateri
1238 3238 1423 3280 comes
1464 3222 1804 3287 adhaereret,
1841 3221 1894 3275 in
1937 3218 2093 3277 Occi-

507 3322 724 3392 dentem
766 3334 1010 3376 remeare
1054 3317 1122 3373 ad
1172 3317 1370 3385 patrias
1412 3314 1571 3370 sedes
1598 3313 1896 3369 constituit.
1931 3312 2098 3366 Ante-

508 3428 667 3484 quam
716 3425 846 3465 vero
887 3424 946 3464 se
990 3408 1165 3464 itineri
1197 3408 1389 3471 daret,
1432 3420 1651 3461 suarum
1698 3418 1820 3460 esse
1862 3403 2095 3473 partium

507 3486 681 3569 duxit,
704 3503 994 3559 sollicitare
1014 3501 1082 3556 ad
1104 3516 1289 3573 pacem
1312 3499 1760 3568 concordiamque
1778 3496 2094 3568 Hieronymi

507 3598 748 3653 animum
774 3635 789 3664 ,
833 3605 890 3651 ut
916 3611 986 3651 ne
1014 3594 1279 3650 oii'ensum
1308 3608 1373 3648 ac
1400 3591 1618 3647 dubium
1648 3590 1716 3646 de
1741 3606 1835 3645 sua
1867 3588 1971 3645 ﬁde
2000 3590 2096 3645 bo-

492 3693 734 3757 ninem,
763 3705 900 3747 nova
931 3689 1123 3760 injuria
1152 3688 1469 3751 cumularet,
1503 3685 1876 3755 privatumque
1914 3683 2094 3739 inimi-

517 3798 655 3849 cum,
688 3797 718 3836 a
746 3797 852 3853 quo
882 3781 981 3836 sibi
1012 3778 1171 3834 valde
1199 3784 1464 3833 metueret
1488 3818 1502 3840 ,
1531 3777 1585 3830 in
1614 3774 1894 3831 Palaestina
1926 3775 2093 3831 relin-

505 3882 715 3947 queret.
748 3864 895 3931 More
922 3874 1104 3944 itaque
1129 3872 1358 3927 solemni
1386 3871 1438 3924 in
1481 3868 1736 3936 Anastasi,
1779 3875 1898 3936 post
1922 3867 2097 3923 Missa:

507 3967 853 4031 sacriﬁcium,
886 3966 1065 4037 junxit
1095 3979 1218 4020 cum
1249 3963 1579 4035 Hieronymo
1607 3961 1905 4026 dexteram,
1936 3968 2097 4029 atque

508 4062 704 4119 animis
731 4061 983 4130 utrinque
1013 4058 1079 4112 ad
1113 4072 1299 4129 pacem
1331 4055 1642 4126 compositis
1667 4094 1683 4121 ,
1724 4069 1792 4111 ex
1818 4052 2095 4108 inimicitia

508 4154 653 4209 redit
678 4154 730 4208 in
753 4153 1000 4223 gratiam.
1025 4151 1160 4207 Sunt
1186 4150 1275 4220 qui
1306 4157 1492 4219 putant
1520 4147 1572 4200 in
1601 4147 1702 4202 bac
1727 4161 1857 4215 pace
1882 4158 2098 4201 errores

509 4242 760 4315 Origenis
786 4242 1001 4297 silentio
1018 4242 1301 4296 damnatos
1329 4256 1343 4292 :
1378 4239 1469 4295 alii
1494 4238 1766 4293 Bullinum
1789 4236 1988 4292 nullius
2010 4252 2099 4291 er-

509 4336 650 4393 roris
671 4345 1008 4411 compertum
1028 4322 1199 4388 luisse
1218 4331 1402 4387 dicunt
1422 4349 1436 4398 ;
1455 4346 1515 4386 se
1537 4332 1681 4386 enim
1706 4330 1798 4386 ille
1816 4330 2099 4401 magniﬁce

505 4430 675 4502 jactat
701 4428 796 4484 lib.
832 4425 895 4483 ll.
928 4427 1316 4483 lnvectivarum
1340 4465 1355 4491 ,
1404 4422 1681 4492 Nunquam
1727 4439 1818 4493 ego
1859 4433 2099 4493 sequutus

507 4541 621 4581 sum
643 4531 894 4579 errantem
936 4529 1023 4576 aut
1045 4521 1203 4575 alium
1230 4517 1536 4589 quempiam,
1563 4516 1659 4570 nisi
1684 4514 1968 4571 Ecclesium
1997 4516 2099 4570 Ca-

511 4619 752 4673 tholicam
775 4633 974 4688 sequar.
1005 4612 1267 4685 Numquid
1307 4628 1419 4667 mea
1455 4609 1649 4681 aliquid
1693 4609 1919 4679 proferre
1959 4617 2100 4680 potes

492 4709 717 4779 scripta,
742 4708 795 4762 in
822 4708 1001 4779 quibus
1027 4724 1106 4761 me
1128 4707 1205 4761 vel
1229 4707 1281 4761 in
1298 4706 1561 4777 juventute
1588 4719 1781 4759 errasse
1807 4703 2102 4759 convincas?

513 4801 734 4857 Sincere
756 4800 1117 4871 Hieronymus
1140 4813 1203 4854 ac
1226 4798 1364 4853 bona
1384 4798 1509 4863 ﬁde,
1534 4796 1601 4852 In
1624 4796 1880 4862 Anastasi,
1905 4797 2098 4867 inquit,

514 4893 774 4949 itnmolato
822 4892 967 4963 Agna
989 4930 1006 4958 ,
1044 4890 1278 4945 dexteras
1315 4891 1582 4960 junxitnus
1608 4906 1628 4945 :
1668 4898 1724 4944 et
1766 4889 1923 4959 paulo
1949 4896 2096 4956 ante,

514 4984 706 5041 Pacem
734 4982 966 5039 dedimus
987 5025 1003 5052 ,
1049 4999 1151 5039 non
1183 4983 1416 5039 lueresim
1450 4983 1763 5053 suscepimus
1796 4998 1813 5037 :
1831 4981 2101 5052 junximus

514 5079 768 5145 dexteras,
794 5076 1034 5133 abeuntes
1071 5076 1320 5146 prosecuti
1350 5092 1542 5142 sumus,
1569 5084 1628 5129 ut
1652 5090 1682 5128 a
1715 5073 1917 5143 privata
1946 5073 2106 5128 dum-

515 5179 665 5227 taxat
684 5170 956 5225 simultate
984 5178 1112 5224 tunc
1141 5183 1199 5224 se
1225 5168 1435 5223 animos
1462 5165 1808 5236 recollegisse
1831 5207 1847 5233 ,
1877 5166 2096 5222 iudicet.

513 5262 779 5320 Ceterum
808 5261 949 5333 quod
977 5262 1266 5316 Anastasim
1290 5259 1568 5323 nominat,
1594 5260 1773 5314 locum
1805 5259 1857 5315 in
1898 5273 2006 5329 quo
2032 5259 2101 5313 ad

512 5344 856 5411 concordiam
899 5353 1233 5418 coaluerunt,
1266 5351 1547 5421 Templum
1581 5351 1871 5408 Dominicre
1896 5353 2101 5409 Resur-

511 5447 774 5506 rectionis
819 5446 1125 5517 signiﬁcat,
1170 5460 1199 5499 a
1228 5444 1581 5501 Constantino
1625 5444 1814 5515 Magno
1842 5446 1971 5501 olim
1998 5460 2099 5501 ex-

512 5553 795 5608 structum,
820 5549 875 5599 et
893 5539 1091 5595 Christi
1109 5538 1456 5609 Resurgentis
1477 5540 1751 5595 memoriae
1771 5540 2096 5597 dedicatum.

513 5636 631 5691 Duo
656 5635 855 5706 quippe
874 5630 1227 5703 Jerosolymte
1251 5632 1445 5703 templa
1465 5632 1578 5687 sive
1605 5631 1851 5689 basilicas
1875 5644 2099 5705 magnus

513 5728 603 5789 ille
646 5728 942 5799 Imperator
984 5726 1287 5793 exstruxit,
1335 5736 1563 5796 quorum
1610 5726 1837 5783 alterum
1881 5728 1934 5783 in
1979 5727 2099 5784 loco

514 5818 802 5888 Passionis,
836 5820 975 5893 quod
1004 5828 1058 5875 et
1084 5818 1222 5873 Crua:
1249 5827 1294 5873 et
1327 5817 1674 5890 Martyrium,
1706 5819 2094 5890 appellabatur,

508 5912 740 5973 alterum
767 5914 822 5970 in
843 5915 1242 5973 ltesumctionis
1262 5915 1399 5982 loco,
1424 5915 1509 5972 eui
1535 5915 1810 5988 proprium
1830 5916 2094 5973 Anastasis

1784 424 1842 480 s.
1887 400 2264 478 ItiERONYMl
2305 402 2485 482 v'm.

3686 438 3792 496 ΗΞ

2201 553 2266 594 ex
2295 536 2484 597 Grauia
2513 540 2763 601 idl0mate
2806 542 3000 604 nomen
3030 542 3148 604 l'dll.
3194 544 3477 606 Peccatum
3528 534 3710 624 itaque
3756 573 3785 613 a

2202 632 2551 691 Benedictino
2595 628 2813 693 Editore
2855 640 2987 694 satis
3028 640 3251 710 'sitpine.
3284 641 3373 710 qui
3424 640 3685 699 Anastasii
3733 646 3786 702 in
3823 690 3831 695 .

2201 725 2414 782 laudato
2456 728 2763 801 Hieronymi
2809 738 2955 786 testu
2989 746 3085 801 pro
3127 733 3367 789 Anastdsi
3395 720 3551 805 Legit
3580 752 3593 789 :
3626 739 3785 809 quam

2202 834 2301 876 nos
2324 830 2506 876 vocem
2553 821 2901 879 restituimus.
2949 823 3087 879 Alibi
3134 823 3193 880 S.
3227 824 3389 881 Pater
3415 826 3550 882 llb‘rb
3600 841 3787 887 contra

2200 914 2460 971 Joannem
2488 958 2503 982 ,
2534 914 2740 982 Nonne,
2776 918 2946 987 induit
2971 959 2986 986 ,
3018 933 3130 972 cum
3156 919 3222 974 de
3247 919 3483 975 Anattasi
3513 918 3791 992 pergentis

2201 1007 2269 1061 ad
2297 1007 2509 1062 Crucem
2550 1019 2645 1061 etc.
2679 1006 2765 1064 ubi
2796 1016 2848 1064 et
2869 1008 3069 1066 Gratcis
3093 1010 3261 1067 literis
3281 999 3545 1069 Ᾱνοὲἓτᾶᾱέὶ
3570 1012 3789 1072 abdices

2201 1102 2443 1158 nonnulli
2473 1101 2780 1173 praeierunt.
2808 1102 2914 1159 Sed
2942 1102 3057 1159 hinc
3082 1102 3365 1161 hactenus.

2273 1194 2335 1250 ΙΙ.
2370 1196 2585 1263 Annus,
2610 1204 2717 1267 quo
2744 1195 2860 1251 inec
2886 1197 3265 1267 contigerunt,
3308 1196 3404 1254 seu
3429 1198 3535 1269 quo
3560 1198 3791 1255 Ruﬁnus

2199 1286 2254 1342 in
2279 1286 2621 1343 Occidentem
2653 1288 2939 1360 navigavit,
2968 1289 3101 1360 quin
3133 1290 3219 1345 ltic
3244 1290 3356 1360 ipse
3396 1290 3559 1348 fuerit
3582 1292 3689 1348 397
3722 1294 3788 1347 ad

2200 1388 2359 1449 quem
2385 1378 2601 1434 demum
2635 1393 2730 1450 per
2756 1386 2938 1436 rerum
2965 1380 3505 1454 Hieronymianarum
3532 1382 3792 1438 narratio-

2201 1482 2323 1527 nem
2370 1472 2683 1527 devenimus
2706 1516 2722 1539 ,
2768 1473 2992 1528 minime
3035 1473 3175 1529 inter
3204 1473 3445 1530 eruditos
3473 1474 3786 1546 ambigitur.

2200 1562 2256 1618 id
2285 1564 2401 1635 ipse
2433 1565 2590 1620 etiam
2610 1579 2847 1634 nuperus
2874 1560 3009 1640 Vita:
3038 1563 3358 1621 Biii'ﬁniante
3386 1568 3619 1639 scriptor
3649 1567 3791 1623 Fou-

2198 1658 2416 1713 taninus
2447 1672 2543 1728 pro
2587 1667 2738 1714 certo
2776 1657 2959 1725 habet,
3010 1659 3064 1713 in
3092 1672 3319 1729 eamque
3358 1666 3473 1716 rem
3516 1660 3682 1717 multa
3722 1676 3788 1717 ex

2200 1751 2451 1821 Antiquis
2489 1750 2791 1807 testimonia
2819 1751 3096 1823 congerit,
3125 1758 3180 1807 et
3206 1750 3410 1807 Paulini
3439 1748 3631 1809 Nolani
3666 1769 3786 1811 cum

2199 1843 2388 1915 primis
2412 1885 2426 1908 ,
2457 1843 2611 1913 cujus
2636 1845 2796 1899 etiam
2827 1834 3187 1915 Epistolarum
3225 1850 3289 1900 ac
3333 1844 3598 1901 Natalium
3645 1846 3789 1902 ordi-

2200 1949 2323 1991 nem
2350 1942 2406 1990 et
2433 1935 2850 2008 CbronolOgiam
2897 1936 3125 2007 reﬁgere
3165 1924 3231 1992 ex
3272 1937 3372 1992 bac‘
3415 1940 3785 2008 prmconcepta

2199 2027 2455 2097 Opinione
2511 2017 2691 2083 audet.
2750 2027 2889 2084 Pace
2940 2028 3120 2084 tamen
3169 2028 3450 2084 doctorum
3506 2028 3786 2085 hominum

2199 2119 2452 2187 dixerim,
2484 2119 2736 2175 videntur
2771 2118 2825 2176 bi
2853 2117 3011 2176 nobis
3037 2120 3373 2186 baliucinari,
3407 2126 3598 2193 partim
3645 2122 3787 2194 quod

2201 2216 2379 2270 minus
2408 2226 2658 2272 accurate
2685 2204 3037 2288 expcbderint
3063 2259 3076 2282 ,
3107 2232 3211 2288 qua
3245 2218 3458 2288 proprie
3483 2218 3609 2273 anni
3638 2227 3790 2289 parte

2200 2308 2409 2365 dederit
2432 2308 2677 2365 Bullinus
2702 2322 2761 2365 se
2784 2311 2908 2378 vite,
2937 2311 3131 2382 partim
3160 2311 3321 2367 etiam
3348 2310 3489 2382 quod
3520 2311 3643 2367 haec
3664 2322 3785 2368 eum

2200 2400 2322 2455 aliis
2360 2415 2425 2455 ex
2454 2401 2780 2473 Hieronymo
2818 2402 3139 2458 teetimoulis
3180 2406 3494 2474 comparare
3532 2403 3787 2475 neglexc:

2199 2494 2326 2548 rint.
2380 2493 2622 2550 Pendent
2661 2495 2937 2551 enimvero
2982 2496 3147 2551 multa
3186 2500 3306 2551 cum
3358 2496 3788 2569 Hicronymiance

2203 2583 2359 2653 Vitae,
2393 2596 2502 2641 tum
2529 2586 2768 2641 historia!
2797 2588 2982 2643 eorum
3010 2592 3314 2657 temporum
3333 2629 3347 2653 ,
3376 2597 3430 2643 et
3449 2586 3788 2659 Origeniaute

2201 2677 2519 2745 cumprimis
2548 2690 2724 2733 causae
2740 2678 3009 2735 m'omcnta
3039 2686 3105 2734 ex
3129 2684 3279 2735 recte
3308 2680 3621 2750 consignata
3653 2679 3783 2735 Rul-

2202 2770 2294 2824 ilni
2322 2770 2593 2826 discessus
2619 2772 2821 2841 cpoclta
2856 2786 3018 2843 :qnae
3054 2782 3215 2828 causa
3252 2774 3369 2837 εει,
3395 2786 3495 2828 cur
3543 2773 3626 2827 bis
3675 2783 3789 2827 tan-

2202 2862 2370 2933 tisper
2403 2862 2684 2919 immorari
2727 2878 2826 2920 nos
2853 2865 3060 2921 deceat.
3091 2866 3328 2921 Printum
3357 2865 3537 2936 itaque
3565 2872 3630 2920 ett
3664 2864 3788 2920 Pal-

2200 2954 2375 3021 ladio,
2431 2957 2521 3027 qui
2584 2956 2825 3013 Melania:
2876 2957 3003 3025 iter,
3060 2964 3288 3039 quacum
3351 2966 3467 3014 erat
3518 2957 3787 3028 Rui'ﬁnus,

2200 3047 2456 3104 describit
2483 3050 2535 3104 in
2562 3049 2793 3106 Historia
2812 3051 3092 3118 Lausiaca,
3121 3052 3454 3124 compertum
3475 3058 3790 3124 certumque

2200 3149 2321 3207 est,
2353 3156 2449 3197 eos
2494 3143 2696 3213 percito
2735 3158 2895 3200 cursu
2938 3143 3102 3201 fuisse
3126 3158 3193 3201 ex
3217 3132 3436 3202 Oriente
3482 3145 3534 3201 in
3584 3145 3787 3201 italiam

2200 3241 2558 3291 transvectos.
2589 3235 2787 3291 Navem
2806 3277 2823 3304 ,
2872 3237 3042 3306 inquit
3063 3252 3182 3308 cap.
3211 3236 3442 3295 CXVIII.
3465 3240 3714 3305 ascendit,
3742 3246 3790 3294 et

2199 3325 2433 3382 Cwsarea
2461 3330 2724 3401 navigans,
2766 3331 2943 3402 viginti
2968 3330 3165 3387 dierum
3191 3331 3357 3402 spatio
3388 3330 3605 3386 Romam
3634 3333 3787 3388 venit.

2200 3416 2485 3490 Comperta
2515 3420 2710 3477 deinde
2754 3430 2838 3478 est
2879 3438 2945 3477 cx
2995 3420 3240 3491 Paulino,
3267 3438 3392 3480 cum
3436 3422 3514 3480 illi
3546 3424 3787 3481 terrestri

2200 3510 2394 3568 itinere
2419 3512 2647 3569 Romam
2674 3528 2861 3569 versus
2886 3554 2902 3582 ,
2933 3513 3123 3570 Nolam
3151 3517 3205 3570 in
3234 3516 3523 3587 Campania
3554 3516 3790 3574 adt'eneé

2199 3612 2326 3659 runt
2350 3643 2366 3669 ,
2409 3620 2527 3675 quin
2557 3605 2681 3659 anni
2714 3613 3009 3675 tempestas
3033 3606 3308 3676 agebatur.
3338 3597 3550 3663 initium
3594 3614 3789 3680 nempe

2198 3698 2363 3753 veris.
2411 3696 2544 3753 Cum
2587 3698 2730 3753 enim
2762 3699 3000 3770 Epistula
3032 3698 3226 3755 XXIX.
3258 3699 3322 3755 ad
3361 3698 3647 3772 sulpitium
3693 3702 3790 3759 Sed

2198 3804 2385 3845 verum
2427 3790 2609 3856 dicat,
2646 3791 2912 3846 Victorem
2955 3791 3277 3849 monachum
3320 3788 3560 3864 ejusdem
3603 3786 3788 3851 Severi

2201 3882 2540 3938 tabellarium
2570 3925 2582 3944 .
2627 3883 2813 3939 Nolam
2867 3884 2932 3940 iis
2987 3880 3176 3941 diebus
3217 3885 3500 3942 advenisse
3523 3908 3543 3953 ,'
3594 3888 3790 3959 quibus

2200 3974 2423 4029 Melania
2449 3990 2665 4047 quoque
2686 3976 2977 4032 advenerat
2996 3991 3027 4033 e
3047 3976 3356 4043 Palaestina,
3383 3976 3437 4034 ln
3465 3976 3788 4049 praeuedentl

2201 4066 2269 4121 ad
2295 4067 2526 4122 eundem
2558 4068 2802 4144 scribit“
2830 4067 2979 4123 illum
3031 4068 3127 4124 abs
3173 4064 3235 4125 se
3280 4067 3431 4125 Nolui
3478 4070 3788 4142 susceptum

2202 4159 2469 4215 decedente
2506 4162 2621 4230 jam
2669 4158 2935 4217 HIEME.
2989 4160 3154 4233 igitur
3208 4144 3310 4220 sub
3360 4162 3551 4221 hiemis
3601 4166 3786 4235 linem,

2201 4252 2395 4321 quibus
2421 4253 2601 4309 verbis
2630 4252 2908 4309 Februarii
2953 4255 3168 4322 exitus,
3216 4256 3392 4327 potius
3430 4254 3589 4328 quam
3619 4252 3789 4316 Martii

2202 4346 2421 4401 exordia
2452 4346 2838 4415 signiﬁcantur,
2867 4350 2925 4402 ut
2955 4348 3135 4404 Victor
3161 4346 3273 4418 ille,
3302 4346 3370 4407 li'e
3399 4365 3506 4422 quo
3536 4342 3790 4410 Paulinus

2203 4436 2256 4492 id
2285 4437 2486 4504 refert,
2517 4438 2587 4493 ita
2618 4448 2671 4495 et
2699 4438 2922 4496 Melania
2950 4450 3070 4496 cum
3102 4440 3316 4498 Ruiﬁuo‘
3344 4444 3442 4498 slio
3464 4432 3651 4499 Nolam
3677 4487 3691 4512 ,
3723 4435 3789 4499 ad

2205 4528 2417 4585 familia:
2452 4544 2564 4584 suae
2593 4539 2850 4601 cognatos
2875 4528 3189 4589 diverterat.
3221 4533 3403 4590 Placet
3441 4526 3627 4591 audire
3654 4520 3791 4592 i’abd

2203 4622 2370 4678 linum
2397 4624 2612 4680 iterum.
2637 4625 2872 4696 Reliqua,
2909 4626 3115 4698 inquit,
3144 4642 3252 4699 .,us
3273 4622 3556 4701 (Melanim)
3587 4632 3792 4703 negotia

2204 4730 2265 4770 ac
2300 4724 2526 4788 tempora
2558 4719 2800 4787 transibo,
2830 4730 2875 4774 et
2913 4720 3007 4775 hoc
3028 4720 3195 4792 ipsum
3217 4763 3232 4789 ,
3261 4736 3358 4793 quo
3385 4719 3613 4778 remeans
3644 4718 3791 4778 navi-

2203 4809 2359 4880 gavit,
2388 4818 2443 4864 ut
2469 4826 2674 4866 cursum
2700 4812 2809 4884 ejus
2834 4808 3041 4868 aemuler
3065 4854 3079 4880 ,
3110 4812 3447 4885 transfretabo
3466 4856 3482 4882 ,
3516 4822 3614 4885 quo
3642 4814 3793 4871 citius

2204 4918 2484 4960 sermonem
2526 4911 2693 4960 meum
2726 4906 2782 4960 in
2809 4907 2918 4976 ejus
2959 4902 3189 4960 Adventu
3219 4904 3516 4978 exponendo
3554 4904 3791 4963 deiet-mi-

2205 5012 2318 5051 nem
2348 5013 2367 5052 :
2395 4998 2447 5052 in
2467 5013 2566 5069 quo
2585 5004 2786 5069 magna:
2804 4995 2901 5051 Dei
2919 4998 3099 5067 gratia
3122 5004 3375 5067 spectator
3396 4996 3490 5070 ﬂii.
3516 4998 3790 5069 Neapolim

2204 5086 2379 5141 urbem
2389 5087 2524 5142 brevi
2539 5088 2705 5157 spatio
2723 5098 2755 5140 tt
2773 5086 3002 5155 Nolana,
3024 5103 3124 5158 qua
3139 5089 3388 5161 elegimus,
3407 5088 3792 5145 civitt’iiedistin—

2207 5186 2339 5231 ctam
2356 5217 2373 5245 ,
2397 5178 2606 5232 advecta
2622 5187 2718 5238 est,
2741 5178 2822 5231 ubi
2843 5171 3066 5246 ﬁliorum
3093 5188 3431 5254 nepotumque
3457 5180 3670 5237 occursu
3694 5196 3792 5237 ea:-

2204 5279 2371 5339 eepta,
2395 5280 2516 5323 mox
2538 5267 2727 5323 Nolam
2742 5267 2812 5322 ad
2823 5268 3127 5326 humilitatis
3147 5280 3334 5327 nostra:
3354 5274 3630 5344 hospitium
3650 5273 3791 5342 festi-

2205 5363 2365 5417 navit.
2397 5362 2565 5417 Porro
2591 5370 2769 5417 autent
2795 5362 2840 5418 si
2868 5362 3027 5418 hieme
3040 5364 3308 5420 decedente
3328 5364 3520 5438 (Epist.
3544 5362 3789 5437 XXIX.)

2204 5452 2390 5508 Nolam
2415 5454 2711 5518 venerunt,
2742 5461 2797 5509 et
2820 5462 2944 5509 ante
2968 5453 3144 5526 viginti
3180 5456 3287 5512 dies
3317 5457 3492 5513 navim
3525 5458 3578 5513 iu
3606 5460 3758 5515 Caesa
3776 5489 3788 5498 -

2203 5560 2310 5621 rem
2337 5552 2496 5615 portu
2527 5543 2990 5610 conscenderant,
3032 5558 3129 5616 par
3176 5548 3360 5618 utique
3406 5556 3494 5604 est
3539 5550 3786 5619 credere,

2201 5654 2320 5695 cum
2342 5639 2542 5711 pridem
2555 5638 2889 5712 Jerosolyma
2920 5639 3261 5697 discederent
3304 5643 3545 5698 terrestri
3574 5644 3788 5713 itinere,

2200 5732 2309 5787 imo
2337 5741 2390 5788 et
2418 5730 2702 5803 antequam
2730 5733 3070 5790 discederent
3093 5774 3108 5797 ,
3137 5746 3260 5789 cum
3289 5747 3479 5804 pacem
3526 5737 3624 5792 abs
3654 5737 3787 5795 Hie.

2198 5838 2424 5896 rouymo
2456 5825 2831 5897 impetrarunt,
2862 5828 3058 5879 annum
3080 5825 3167 5879 vix
3193 5834 3302 5879 tum
3323 5827 3574 5896 erupisse.
3601 5824 3784 5886 Sentio

2199 5926 2412 5990 autem,
2446 5916 2549 5973 nisi
2598 5915 2683 5974 his
2722 5916 2878 5973 fallor
2906 5915 3199 5973 rationibus
3227 5914 3615 5991 subduceudis,
3664 5932 3788 5980 eum
