4052 6338
250 418 342 475 115

253 539 365 602 397,
398 544 459 592 ut
499 533 690 592 velunt
713 575 728 601 ,
759 529 912 602 cujus
942 535 1134 599 nempe
1173 526 1380 598 primus
1408 523 1582 582 adhuc
1620 519 1825 578 mensis

254 627 529 690 Januarins
557 634 809 699 ageretur
833 665 847 692 ,
889 624 1037 680 credi
1078 631 1416 692 nequaquam
1445 632 1628 689 posse.
1661 614 1828 671 Multa

253 722 522 778 enimvero
575 715 704 774 sunt
748 715 948 786 scripta
1005 712 1314 785 Hier‘onymi
1362 718 1417 766 et
1467 715 1655 781 gesta,
1711 718 1832 776 qua:

254 814 480 870 buicmet
509 825 654 866 anno
679 808 787 864 non
819 806 1022 863 ineunti
1053 809 1282 869 tantum,
1309 801 1404 858 sed
1441 809 1496 856 et
1521 798 1654 856 satis
1680 795 1833 851 adul-

256 916 322 971 to,
350 905 571 960 nemine
594 903 704 972 jam
730 900 1116 962 dissentiente,
1147 897 1476 960 tribuuntur,
1503 907 1626 963 qua:
1651 898 1830 944 tamen

254 1012 429 1070 pacem
455 1008 580 1052 cum
596 991 817 1051 ,Rul‘llno
842 993 1209 1066 praecessisse,
1235 998 1386 1046 certo
1415 987 1616 1044 certius
1645 985 1829 1055 liquet.

253 1089 524 1159 Ejusmodi
555 1098 680 1144 sunt
708 1101 826 1158 quae
849 1085 1112 1156 superiori
1157 1084 1405 1154 proxime
1440 1081 1616 1151 capite
1647 1092 1834 1133 recen-

254 1186 494 1248 suimqu
543 1189 600 1237 et
649 1179 890 1250 E'pistola
933 1193 1055 1233 cum
1102 1177 1288 1248 primis
1319 1175 1406 1228 illa
1455 1172 1512 1229 S.
1565 1171 1738 1226 Patris
1767 1168 1834 1223 ad

252 1275 649 1344 Theophilum,
695 1272 786 1327 tibi
834 1272 1037 1327 Sanctis
1081 1269 1364 1339 displicere
1400 1267 1475 1321 ait
1501 1264 1644 1336 quod
1684 1278 1836 1331 super

254 1367 444 1437 nefaria
469 1366 650 1420 luci-esi
675 1366 887 1418 multum
905 1363 1196 1428 patientiam
1214 1367 1407 1432 gereret
1429 1357 1558 1429 (Ep.
1583 1353 1679 1410 LX
1688 1353 1778 1408 III
1792 1355 1831 1424 ).

256 1458 430 1512 Series
458 1465 675 1526 quoque
705 1471 882 1510 rerum
911 1453 1448 1524 Hieronymianarum
1473 1449 1540 1503 ab
1562 1445 1838 1504 adornatis

257 1552 302 1602 in
355 1549 548 1604 Jonam
597 1547 1045 1613 Commentariis,
1103 1557 1238 1617 quos
1286 1546 1426 1600 intra
1485 1541 1840 1614 praecedentis

254 1639 493 1712 proxime
520 1641 648 1696 anni
679 1640 816 1696 lines
841 1639 1111 1709 conjicere
1157 1638 1244 1693 vix
1274 1637 1542 1708 potuimus
1568 1677 1582 1701 ,
1615 1634 1682 1690 ad
1725 1634 1841 1690 haec

255 1744 419 1803 usque
448 1742 712 1803 tempora,
740 1732 880 1787 haud
906 1747 1037 1787 sane
1059 1739 1232 1801 potest
1259 1729 1724 1800 paucissimorum,
1753 1727 1841 1797 qui

255 1820 594 1879 intercedunt
620 1823 885 1880 mehsin'm
917 1825 1090 1894 spatio
1117 1821 1526 1892 comprehendi.

321 1915 426 1971 Sed
455 1916 566 1986 jam
597 1916 708 1971 suis
744 1916 960 1986 proprie
987 1915 1313 1986 argumentis
1349 1915 1654 1985 opinionem
1701 1912 1842 1968 illam

255 2009 588 2064 conlutemus
611 2049 626 2076 ,
645 2018 700 2064 et
722 2010 811 2081 qui
843 2010 909 2064 ab
938 2025 1000 2064 ea
1029 2019 1171 2064 alant
1195 2050 1208 2072 ,
1239 2008 1376 2064 haud
1417 2009 1568 2080 statis
1597 2014 1846 2064 constare

255 2101 376 2167 sibi,
405 2101 778 2158 ostendamus.
815 2101 1035 2156 Lihrum
1063 2101 1119 2156 S.
1151 2101 1323 2156 Patris
1353 2098 1419 2154 ad
1448 2099 1848 2154 Pammachium

256 2203 437 2250 contra
487 2194 750 2251 Joannem
799 2194 1301 2260 Jerosolymitanum
1350 2192 1512 2247 fuisse
1566 2192 1666 2247 hoc
1708 2204 1849 2244 anno

255 2287 354 2343 597
403 2288 769 2357 conscriptum
820 2289 1097 2340 autumant
1141 2303 1153 2338 :
1197 2284 1334 2350 Quin
1376 2283 1484 2338 imo
1535 2282 1586 2336 id
1659 2294 1850 2350 magno

259 2390 452 2436 conatu
485 2388 669 2451 agunt,
693 2389 748 2434 et
775 2388 834 2434 ut
852 2393 977 2434 vere
1007 2377 1148 2448 quod
1173 2392 1260 2432 res
1286 2387 1388 2441 est,
1407 2375 1600 2436 dicam.
1631 2388 1725 2444 per
1747 2373 1851 2426 vim

255 2481 412 2542 atque
441 2470 671 2526 invituht
701 2470 804 2524 huc
831 2484 953 2524 cum
975 2473 1191 2538 'cognnt,
1223 2467 1312 2538 qui
1341 2476 1459 2536 post
1504 2465 1666 2521 ferme
1706 2463 1855 2518 bien-

257 2566 395 2620 nium
426 2566 692 2632 scriptum
715 2577 772 2617 se
799 2560 996 2632 prodit.
1016 2559 1194 2615 Fuerit
1223 2569 1419 2626 tamen,
1438 2568 1493 2614 ut
1517 2560 1716 2623 volunt,
1752 2558 1854 2616 hoc

255 2669 388 2711 anno
421 2656 660 2724 scriptus
691 2673 707 2722 ι
739 2652 951 2723 quando
981 2667 1154 2722 neque
1201 2652 1360 2706 altius
1381 2651 1478 2720 ipsi
1508 2652 1672 2721 repeti
1699 2657 1852 2720 posSe

257 2750 354 2803 ullo
396 2747 602 2813 modo,-
629 2746 886 2810 sentiunt,
917 2761 1089 2816 neque
1118 2756 1174 2800 ut
1214 2745 1492 2817 hypothesi
1526 2759 1636 2800 sua:
1677 2745 1851 2799 inser-

253 2841 420 2905 viant,
452 2837 659 2908 epoeha
691 2837 984 2892 velustidre
1011 2843 1144 2906 opus
1171 2835 1386 2892 habent.
1424 2837 1533 2891 lloc
1557 2851 1656 2905 ego
1678 2836 1852 2906 ipsum

254 2931 512 2985 evincere
549 2928 635 2982 ai'o
667 2927 943 2998 palamque
970 2927 1283 2992 ostendere,
1318 2926 1550 2981 nondum
1593 2926 1684 2981 illo
1711 2941 1852 2980 anno

255 3022 530 3077 Bullinum
561 3037 627 3077 ex
664 3021 885 3077 Oriente
909 3020 962 3076 in
1006 3022 1208 3076 Italiam
1238 3021 1528 3092 trajecisse.
1562 3021 1852 3077 Enimvero

254 3117 299 3171 si
328 3115 549 3171 advenit
579 3115 666 3170 ille
691 3115 959 3169 decedente
981 3115 1176 3180 hieme,
1217 3115 1351 3170 liber
1371 3115 1510 3170 circa
1538 3123 1851 3169 autumnum

255 3219 510 3266 exaratus
553 3211 773 3265 omnino
830 3217 914 3264 est
945 3225 958 3261 :
991 3217 1044 3263 et
1090 3207 1349 3280 siquidem
1403 3223 1508 3262 uno
1556 3207 1855 3279 eodemque

253 3314 400 3359 anno
427 3303 571 3372 397i
599 3315 721 3358 cum
755 3301 898 3357 Illius
928 3301 1215 3366 adventus,
1247 3308 1356 3356 tum
1387 3301 1503 3372 ejus
1524 3301 1854 3358 elucubratio

255 3396 520 3468 contigit,
578 3395 695 3450 lla-c
749 3402 924 3449 tamen
980 3394 1070 3448 illo
1110 3394 1371 3464 posterior
1411 3393 1634 3449 dimidio
1687 3392 1854 3449 ferme

258 3495 402 3546 anno
447 3495 571 3556 est;
601 3498 856 3560 quantum
880 3487 1164 3544 scilicetab
1198 3487 1390 3542 hiemis
1433 3487 1539 3544 fine
1581 3486 1649 3542 ad
1694 3485 1854 3542 ﬁnein

259 3582 463 3637 aestatis
489 3603 505 3649 δ
537 3581 652 3637 sive
679 3577 919 3636 autumni
944 3579 1219 3636 exordium
1248 3578 1550 3635 intercedit.
1597 3577 1744 3633 Dabo
1774 3577 1852 3634 rei

262 3681 450 3731 testem
469 3676 753 3746 ipsummet
772 3684 1014 3729 sanctum
1037 3674 1267 3739 Patrem,
1298 3673 1387 3744 qui
1421 3673 1522 3729 sub
1551 3673 1666 3743 ejus
1695 3674 1854 3728 linem

262 3766 404 3837 libri,
433 3759 672 3824 scribere
689 3765 811 3823 enm
833 3767 891 3824 Se
917 3766 1038 3839 post
1069 3767 1266 3838 paucos
1294 3782 1507 3824 menses
1531 3782 1561 3822 a
1589 3768 1855 3824 Penteco-

263 3867 363 3928 ste,
380 3869 508 3930 puta
527 3857 752 3931 augusto
772 3868 863 3913 aut
879 3857 1167 3929 septembri
1185 3869 1388 3922 mense;
1411 3857 1692 3928 significat.
1719 3857 1854 3927 Nos,

265 3949 454 4021 inquit,
481 3959 600 4005 ante
636 3951 824 4020 paucos
842 3949 1036 4004 menses
1059 3949 1193 4002 circa
1219 3948 1324 4003 dies
1363 3946 1683 4004 Pentecostes
1702 3989 1716 4015 ,
1743 3966 1858 4004 cum

265 4043 528 4097 obscurato
554 4039 680 4108 s'ole,
713 4043 876 4096 omnis
900 4043 1119 4096 mundus
1140 4042 1459 4112 janijanique
1485 4050 1745 4096 venturum
1769 4043 1859 4114 ju-

267 4136 426 4189 dicent
455 4132 791 4207 formidaret;
822 4134 1160 4204 quadraginta
1203 4133 1413 4188 diversa:
1444 4133 1608 4213 celatis
1647 4144 1691 4189 et
1711 4150 1859 4189 sexus

270 4224 586 4296 Prcsbgteris
631 4225 732 4280 tuis
773 4226 1041 4280 obtulimus
1067 4224 1414 4296 baptisandos.
1445 4225 1605 4296 Atqui
1642 4227 1859 4282 omnino

267 4318 571 4388 pracedere
588 4318 1086 4374 Ruﬂlnidisc'essum
1108 4319 1160 4374 in
1177 4327 1361 4373 eorum
1380 4318 1660 4390 hypothesi
1678 4320 1856 4386 debet,

270 4411 431 4482 idque
479 4417 566 4467 est
610 4414 794 4466 eorum
819 4411 1194 4482 disputationis
1220 4411 1571 4482 praecipuum,
1607 4421 1714 4467 tum
1741 4413 1859 4469 aliis

267 4499 330 4558 de
366 4503 574 4568 causis,
621 4515 742 4559 eum
781 4504 1076 4574 priesertim
1100 4545 1120 4571 ,
1149 4511 1206 4558 ut
1244 4519 1351 4574 quo
1397 4513 1634 4574 tempore
1674 4506 1762 4561 ille
1805 4507 1859 4561 in

267 4595 605 4656 Occidentem
649 4601 941 4668 remeavit,
969 4600 1237 4656 sublatum
1280 4600 1392 4672 jam
1431 4601 1640 4672 penitus
1682 4601 1885 4658 dicant

269 4691 499 4748 schisma
548 4691 1418 4766 Jerusolymitanum,sartamque
1481 4692 1622 4749 inter
1671 4708 1860 4751 omnes

267 4786 508 4852 gratiam.
543 4785 708 4856 Igitur
732 4785 990 4854 pcateum
1018 4783 1232 4842 Librum
1252 4825 1266 4851 ,
1289 4786 1379 4856 qui
1405 4784 1567 4840 scribi
1607 4796 1730 4842 ante
1765 4799 1860 4843 an-

269 4889 392 4932 num
416 4877 522 4933 597
549 4877 770 4933 omnino
808 4885 915 4934 non
963 4879 1166 4947 potuit,
1195 4877 1442 4933 Bullinus
1469 4877 1687 4936 advenit
1717 4897 1732 4935 :
1765 4879 1862 4934 ad-

267 4969 409 5023 venit
432 4967 568 5024 adeo
597 4969 972 5038 subsequentis
986 4969 1110 5025 anni
1137 4969 1242 5026 598
1272 4968 1444 5025 initio.

337 5060 460 5116 H:ec
490 5074 555 5117 ex
574 5061 811 5130 illorum,
829 5077 950 5134 qua:
975 5069 1161 5118 contra
1187 5071 1246 5118 se
1261 5071 1517 5133 pugnant,
1537 5062 1853 5120 rationibus.

267 5150 527 5208 Czcterum
561 5154 726 5209 hocce
753 5153 968 5209 demum
1007 5155 1180 5210 altero
1219 5169 1360 5210 anno
1389 5154 1667 5210 Melanium
1705 5170 1857 5210 cum-

268 5255 366 5315 que
396 5258 454 5302 ea
493 5242 766 5302 Rufiinum
810 5248 862 5302 in
891 5248 1234 5304 Occidentem
1275 5248 1575 5320 navigasse,
1607 5249 1858 5321 pleraque

268 5339 363 5392 alia
397 5339 644 5396 V'eterum
674 5341 974 5397 testimonia
996 5351 1140 5407 sunt,-
1161 5358 1279 5414 qua:
1305 5341 1462 5398 facile
1484 5343 1855 5413 persuadeant.

269 5431 532 5490 Palladius
561 5447 682 5504 cap.
711 5431 921 5491 CXVIII
953 5435 1232 5492 Mel'auiam
1278 5436 1512 5492 afﬁrmat
1549 5446 1669 5507 post
1696 5454 1856 5492 annos

266 5527 433 5597 viginti
454 5534 668 5599 septem,
695 5537 764 5583 ex
789 5543 896 5599 quo
923 5543 990 5584 ex
1021 5526 1163 5585 Urbe
1184 5544 1244 5585 se
1269 5529 1320 5584 in
1340 5529 1630 5602 Egyptum
1660 5540 1854 5586 contu-

267 5617 414 5683 lerat,
449 5615 675 5690 patrlam
704 5620 981 5689 repetiisse
1009 5633 1022 5669 :
1051 5619 1143 5689 qui
1169 5620 1417 5675 nimirum
1461 5621 1714 5693 temporis
1748 5632 1858 5678 tra-

264 5719 375 5766 ctus
404 5714 476 5774 ab,
497 5714 636 5783 ipso,
664 5712 944 5779 inclusive,
963 5721 1022 5768 ut
1049 5713 1218 5779 alunt,
1246 5729 1386 5771 anno
1410 5715 1518 5772 572
1545 5733 1651 5784 quo
1673 5726 1855 5774 trans-

263 5817 405 5862 vecta
435 5823 500 5863 eo
522 5816 625 5872 est,
655 5808 708 5862 in
736 5807 839 5863 598
887 5807 1203 5862 terminatur
1237 5808 1486 5864 :Certum
1514 5819 1600 5864 est
1639 5812 1780 5866 enim
1819 5827 1850 5867 a

262 5897 498 5957 Palladio
548 5897 694 5956 hunc
723 5911 826 5955 una
878 5899 1176 5971 sup‘putari,
1203 5895 1418 5958 tametsi
1461 5900 1717 5960 duntamt
1769 5903 1850 5957 in-

1520 399 1578 456 S.
1623 391 1998 454 liiEiiONYiil
2049 395 2224 450 \‘lTA.

3423 421 3534 480 114

1936 517 2208 586 choatum,
2237 521 2469 580 maxime
2498 536 2619 580 cum
2645 541 2801 580 unum
2827 535 2874 582 et
2894 529 3106 586 alterum
3150 550 3370 593 mensem
3416 540 3521 608 pri-

1937 625 2041 666 ma:
2098 613 2420 684 navigationi
2499 617 2800 690 impensum
2827 661 2842 688 ,
2897 621 3164 694 ingruente
3209 630 3323 700 jam
3368 631 3522 689 hieme

1937 707 2290 779 praecedentis
2337 710 2460 764 anni
2505 711 2655 782 571,
2704 723 2828 783 puta
2885 729 2918 770 a
2964 722 3251 777 novembre
3318 740 3524 793 mense,

1939 815 2005 857 eo
2033 816 2258 858 numero
2297 805 2769 876 comprehendisse
2789 848 2804 875 ,
2832 824 3088 882 perquam
3113 816 3180 870 sit
3205 819 3525 878 verosimile.

1939 891 2088 963 Adeo
2119 908 2238 948 eum
2268 895 2519 951 Paulinus
2567 899 2794 955 rotundo
2843 916 2970 975 usus
3014 919 3238 962 numero
3279 908 3528 974 reducem

1941 983 2223 1040 Melaniam
2251 987 2384 1042 dixit
2410 997 2520 1060 post
2540 987 2759 1060 quinque
2785 991 2965 1060 lustra,
2992 997 3326 1066 perspicuum
3352 993 3437 1055 est
3463 975 3530 1058 es

1942 1075 2058 1146 ipso
2083 1079 2426 1148 computandi
2465 1081 2624 1138 modo
2645 1123 2660 1148 ,
2690 1083 2865 1140 minus
2901 1100 3022 1142 eum
3067 1086 3232 1144 fuisse
3259 1102 3530 1160 accurate,

1945 1177 2002 1222 ut
2050 1168 2164 1224 iieri
2191 1169 2244 1224 in
2271 1170 2352 1224 his
2382 1183 2543 1240 amat,
2578 1174 2810 1230 locutum
2839 1193 2852 1230 :
2889 1177 3030 1234 unde
3071 1178 3292 1252 intelligi
3322 1182 3388 1237 ad
3418 1184 3536 1238 Pal-

1945 1257 2066 1314 ladii
2092 1275 2375 1329 summam,
2405 1272 2565 1334 atque
2609 1267 2862 1338 explicari
2890 1285 3009 1324 eum
3038 1264 3304 1341 oporteat.
3339 1273 3538 1330 Fonta-

1946 1351 2102 1407 ninus
2141 1363 2318 1432 tamen
2365 1366 2693 1427 praepostero
2731 1359 2910 1414 studio
2957 1361 3022 1416 ad
3052 1361 3254 1418 Paulini
3301 1366 3538 1422 rationes

1945 1445 2191 1523 redigere
2226 1445 2518 1503 Palladium
2546 1449 2734 1518 jubet:
2764 1451 2877 1519 Qua
2906 1452 2958 1508 in
2987 1469 3043 1509 re
3071 1454 3178 1509 falli
3206 1470 3328 1510 eum
3359 1465 3413 1512 et
3440 1456 3540 1510 fal-

1946 1535 2077 1602 lere,
2118 1547 2174 1591 ut
2224 1550 2608 1617 prtcconcepta:
2652 1543 2889 1615 opinioni
2940 1562 3051 1600 sum
3075 1547 3348 1616 inserviat,
3381 1565 3537 1604 netno

1947 1643 2054 1684 non
2083 1629 2244 1686 videt.
2279 1631 2485 1702 Quippe
2511 1634 2641 1691 alias
2667 1635 2920 1710 Paulinus
2950 1638 3180 1709 ipsemet
3204 1641 3370 1697 hocce
3399 1637 3538 1698 armo

1948 1722 2052 1778 598
2084 1737 2187 1778 non
2211 1726 2555 1794 praecedenti,
2591 1739 2648 1782 ut
2676 1729 3114 1801 interpretantur,
3148 1733 3416 1791 Ruflinum
3447 1737 3544 1790 ad-

1951 1816 2164 1871 venisse
2185 1827 2352 1873 notat.
2383 1817 2438 1872 in
2473 1821 2576 1874 line
2609 1821 2859 1893 Epistulae
2876 1824 3074 1881 dudum
3105 1827 3331 1884 laudata:
3360 1845 3419 1885 se
3443 1831 3538 1896 ait,

1952 1907 2125 1964 Vitam
2156 1909 2210 1966 S.
2243 1910 2474 1980 lilartini,
2502 1914 2628 1969 olim
2659 1931 2687 1970 a
2719 1917 2945 1988 Sulpitio
2967 1919 3166 1976 Severo
3195 1922 3542 1989 adornatam,

1951 2000 2188 2058 Melania:
2221 2003 2415 2075 hospiti
2448 2015 2574 2063 tunc
2604 2023 2714 2064 suae
2737 2003 3064 2080 recitavisse,
3089 2016 3537 2086 quemadmodum

1952 2094 2268 2153 recitaverat
2294 2099 2435 2153 illam
2463 2111 2617 2156 antea
2663 2099 2945 2159 Venerabili
2969 2105 3222 2176 Episcopo
3259 2119 3405 2181 atque
3443 2112 3542 2166 do-

1951 2186 2421 2264 ctissimoNicette,
2450 2191 2537 2259 qui
2579 2207 2640 2245 ea:
2689 2191 2853 2247 Dacia
2906 2195 3154 2252 Romanis
3207 2199 3541 2255 admirandus

1955 2282 2223 2358 advenerat
2247 2280 2265 2352 (
2293 2281 2461 2358 Epist.
2493 2282 2664 2340 XXIX
2692 2283 2733 2355 ).
2769 2286 3073 2342 Advenerat
3101 2288 3188 2344 hic
3220 2299 3400 2346 autem
3430 2293 3548 2349 hie-

1956 2387 2043 2454 me
2073 2389 2086 2426 :
2117 2370 2284 2426 adluit
2312 2373 2454 2428 enim
2490 2374 2577 2429 die
2610 2375 2674 2429 l4
2703 2374 2962 2444 Januarii,
3011 2395 3117 2450 quo
3145 2382 3316 2436 sancti
3347 2381 3542 2440 Felicis

1956 2462 2093 2520 festo
2114 2466 2330 2521 solitum
2358 2469 2627 2548 quotannis
2652 2469 2838 2527 Natale
2866 2487 3082 2528 carmen
3122 2475 3374 2532 Paulinus
3400 2479 3543 2533 ceci-

1958 2561 2053 2615 nit.
2083 2560 2319 2629 Quorutn
2365 2560 2577 2632 quidem
2600 2561 2886 2629 Natalium,
2909 2575 3061 2622 utcst
3080 2568 3285 2624 erudite
3302 2579 3542 2628 notatum

1957 2653 2205 2716 Baronio,
2230 2662 2386 2726 atque
2413 2655 2478 2710 ab
2504 2655 2617 2726 ipso
2643 2657 2696 2712 S.
2731 2669 2947 2714 auctore
2975 2660 3275 2733 colligitur,
3299 2665 3545 2735 quintum

1957 2740 2084 2799 illud
2115 2755 2261 2807 erat.
2292 2745 2373 2800 cui
2404 2748 2630 2816 primum
2660 2748 2876 2804 Nieetas
2906 2752 3144 2809 interfuit
3175 2773 3188 2808 :
3221 2764 3380 2827 atque
3407 2758 3547 2815 adeo

1955 2839 2079 2892 anni
2107 2848 2222 2893 erat
2250 2841 2374 2907 598,
2408 2851 2588 2912 utpote
2617 2857 2646 2896 a
2675 2843 3110 2916 prioreguintnm
3143 2866 3157 2905 :
3191 2850 3450 2920 siquidem
3477 2852 3547 2908 ab

1957 2945 2097 2985 almo
2134 2932 2240 2987 594
2260 2973 2272 2996 ,
2298 2942 2356 2988 ιιι
2398 2935 2560 2989 certis
2598 2937 2928 3010 argumentis
2954 2939 3252 2996 Chiflletius
3272 2951 3326 2997 et
3353 2943 3548 3014 Pagius

1957 3025 2227 3090 evincunt,
2243 3025 2400 3082 condi
2421 3038 2592 3099 empta
2616 3029 2705 3084 illa
2728 3039 2870 3086 sunt.
2891 3031 3056 3102 Hujus
3076 3033 3233 3104 igitur
3254 3035 3403 3091 initio
3420 3037 3547 3092 anni

1957 3127 2076 3188 post
2101 3117 2358 3182 Nicetam.
2405 3119 2626 3176 Melania
2656 3138 2775 3177 cum
2809 3121 3025 3180 Rufl‘tno
3055 3140 3153 3180 suo
3177 3125 3325 3182 Nola:
3357 3143 3547 3188 acces-

1957 3221 2141 3266 serunt
2167 3231 2178 3268 :
2209 3222 2366 3284 atque
2395 3213 2509 3270 lucc
2547 3217 2724 3272 verior
2767 3232 2952 3272 eorum
2992 3232 3058 3274 ex
3097 3219 3313 3278 Oriente
3340 3221 3405 3277 ad
3447 3224 3550 3280 Pa-

1959 3303 2088 3358 trias
2140 3303 2294 3370 sedes
2349 3321 2622 3376 regressus
2679 3316 2763 3364 est
2819 3308 3042 3379 epocha.
3101 3311 3208 3367 Cur
3271 3312 3384 3369 iure
3448 3329 3548 3372 nos

1957 3394 2116 3451 latius
2147 3398 2413 3467 persecuti
2435 3385 2656 3467 sumus,
2685 3417 2804 3472 quae
2834 3411 3026 3471 praeter
3051 3419 3164 3459 rem
3189 3420 3308 3462 esse
3327 3449 3341 3473 ,
3376 3408 3549 3476 prima

1958 3490 2137 3544 statim
2183 3488 2361 3547 fronte
2398 3492 2712 3549 videbantur
2735 3532 2750 3560 ,
2779 3508 2845 3550 ex
2874 3497 3326 3568 consequentibus
3354 3499 3550 3556 intelli-

1957 3597 2072 3654 ges.

2030 3674 2118 3730 lli.
2175 3676 2496 3734 Persuasum
2518 3679 2678 3750 vulgo
2715 3680 3049 3739 eruditorum
3093 3694 3206 3752 est,
3239 3689 3550 3759 compositis

1959 3765 2344 3840 Hieronymum
2384 3771 2523 3826 inter
2549 3786 2613 3827 ac
2651 3773 2918 3828 Bullinum
2947 3775 3140 3833 animis
3161 3815 3177 3844 ,
3210 3778 3438 3851 dataque
3469 3783 3544 3836 in-

1962 3871 2130 3914 Vtcem
2173 3869 2334 3930 atque
2363 3872 2577 3932 accepta
2603 3864 2796 3931 salute,
2827 3866 3096 3923 sublatum
3128 3885 3192 3923 eo
3220 3870 3336 3939 ipso
3364 3872 3550 3940 fuisse,

1961 3958 2118 4019 atque
2143 3951 2432 4006 extinctum
2453 3953 2682 4010 schisma
2704 3955 3232 4028 Jerosolymitanum,
3247 3969 3553 4033 sartamquo

1961 4042 2188 4112 gratiam
2247 4042 2385 4098 inter
2440 4058 2656 4111 omnes,
2697 4046 2984 4103 Monachos
3040 4051 3254 4120 inquam
3313 4033 3552 4124 reliquos

1963 4141 2018 4190 et
2041 4133 2325 4190 Joannem.
2357 4133 2521 4208 Cujus
2550 4137 2761 4208 quidem
2792 4139 2870 4195 rei
2905 4156 3034 4198 sane
3064 4141 3388 4200 luculentum
3433 4164 3554 4217 ιηόν

1961 4227 2136 4284 ferunt
2162 4230 2522 4310 testimonium
2553 4247 2619 4288 ex
2648 4233 2883 4290 Palladio
2923 4235 2977 4292 in
3021 4237 3273 4306 Lausiaca
3315 4255 3377 4296 ex
3411 4245 3551 4298 anti-

1963 4337 2066 4392 qua
2087 4322 2332 4378 versione
2357 4313 2652 4380 ileraclidis
2671 4342 2787 4398 cap.
2816 4328 3023 4386 CXVIII
3054 4331 3139 4387 ubi
3161 4331 3227 4388 de
3259 4333 3471 4389 ilul'ftno
3498 4344 3554 4393 et

1964 4417 2188 4472 Melania
2232 4419 2488 4489 loquens,
2530 4422 2864 4478 conciliatam
2915 4439 3101 4480 eorum
3155 4443 3556 4500 ttpet'a_paCenL-

1963 4511 2102 4567 inter
2130 4526 2316 4567 omnes
2344 4512 2614 4582 praedicat.
2641 4513 2794 4581 Illos,
2825 4514 3014 4586 inquit,
3047 4518 3194 4571 etiam
3215 4520 3556 4592 quatit-inge».

1964 4613 2041 4658 tos
2078 4619 2288 4659 numero
2327 4605 2638 4674 monachos,
2681 4598 3013 4678 qui-propter
3059 4607 3337 4666 Paulinum
3395 4630 3448 4667 se
3492 4615 3558 4672 al;

1967 4695 2195 4752 Ecclesia
2210 4696 2531 4767 separabant,
2549 4708 2737 4776 sancta;
2751 4716 2926 4754 rursus
2941 4700 3182 4757 Ecclesiae
3201 4705 3554 4767 reddiderunt,

1965 4791 2074 4846 Nec
2101 4805 2231 4845 sane
2258 4789 2616 4858 difﬁtendutn,
2646 4793 2772 4861 quin
2795 4808 2893 4864 pro
2920 4793 3145 4850 Paulino
3168 4797 3448 4868 legendum
3482 4801 3544 4859 ihf

1963 4883 2034 4939 sit
2081 4883 2481 4950 Paulinianum,
2513 4885 2959 4955 quemadmodum
2992 4887 3259 4945 Vastelius
3285 4891 3410 4946 olim
3456 4895 3541 4948 ad.

1965 4976 2192 5040 monuit,
2225 4975 2538 5046 Hieronymi
2568 4978 2776 5033 scilicet
2797 4977 3016 5036 fratrem
3038 5022 3052 5048 ,
3081 4982 3232 5052 cujus
3262 4985 3542 5041 ordinatio

1964 5083 2087 5124 nem
2150 5069 2219 5124 ab
2275 5067 2569 5139 Epiphanio
2630 5068 2823 5126 factam
2881 5070 3114 5129 Joannes
3175 5075 3546 5147 abrumpenda

1964 5162 2356 5218 communionis
2395 5177 2612 5219 causam
2660 5167 3006 5233 praetexebat.
3058 5166 3314 5240 Congruit
3359 5181 3413 5226 et
3460 5189 3550 5226 ttu-

1963 5269 2144 5310 merus
2169 5253 2572 5322 Monachorum,
2600 5271 2758 5326 quem
2785 5272 2914 5314 sane
2944 5259 3213 5330 ingentem
3235 5262 3416 5329 fuisse,
3434 5280 3556 5324 cum

1963 5355 2268 5416 perstarent
2290 5346 2466 5402 adhuc
2496 5348 2547 5402 in
2579 5348 2888 5418 schismate,
2917 5333 3177 5422 significat
3216 5365 3431 5410 sanctus
3455 5357 3556 5414 istc

1962 5435 2123 5493 Pater
2147 5437 2312 5494 Libro
2337 5448 2523 5495 contra
2548 5439 2808 5496 Joannem
2839 5441 2919 5496 his
2941 5444 3119 5500 verbis
3146 5462 3158 5498 :
3184 5444 3403 5500 Tantam
3442 5448 3524 5515 [ra
3545 5476 3557 5490 -

1961 5540 2094 5586 trum
2123 5533 2516 5601 multitudinem,
2543 5544 2590 5589 et
2619 5533 2991 5591 Monac/torum
3013 5540 3194 5593 choros
3218 5579 3232 5604 ,
3263 5539 3350 5608 qui
3376 5540 3465 5592 tibi
3501 5540 3557 5595 in

1963 5622 2244 5680 Palaestina
2270 5641 2371 5680 non
2391 5627 2784 5680 communicant.
2815 5628 2929 5682 Alia
2952 5643 3015 5683 ex
3033 5639 3184 5699 parte
3213 5643 3310 5698 par
3329 5628 3558 5690 credere

1960 5726 2081 5783 est,
2109 5732 2203 5774 eos
2227 5758 2242 5784 ,
2285 5717 2439 5774 sicuti
2488 5717 2870 5790 Hieronymum
2904 5728 3177 5774 auctorem
3230 5719 3539 5779 habuerunt

1960 5824 2082 5865 cum
2112 5809 2473 5884 secessionem
2519 5825 2548 5862 a
2589 5809 2794 5865 Joanne
2825 5810 3098 5865 facerent:
3133 5811 3203 5864 ita
3232 5811 3348 5881 ejus
3373 5828 3556 5872 exem-

1964 5904 2130 5981 plum,
2158 5904 2422 5974 siquidem
2448 5904 2500 5960 in
2527 5902 2868 5960 concordiam
2895 5904 3010 5975 ipse
3037 5920 3099 5964 se
3123 5907 3352 5980 primum
3389 5914 3555 5973 testi-
