4052 6338
511 377 616 441 Ηὸ

510 515 682 564 Iret-at
707 551 720 575 ,
749 507 930 565 statim
976 519 1209 566 secutos.
1251 507 1432 582 Itaque
1479 509 1625 565 aiunt
1666 517 1785 580 post
1828 506 2092 563 triennale

507 601 736 671 denique
760 602 989 671 spatium
1033 603 1298 657 sublatum
1324 603 1554 658 schisma
1585 602 2090 674 Jerosolyn‘iitauum

504 692 645 764 quod
668 694 840 747 solum
871 694 1076 749 caelitus
1107 695 1216 748 tolli
1242 709 1398 765 posse
1422 696 1720 749 videbatur.

577 783 666 838 ιγ.
697 783 1036 841 Contrarium
1059 787 1228 841 -nobis
1261 789 1610 856 scriptionum
1643 802 1929 858 rerumque
1967 787 2090 842 Ilie-

503 879 992 950 ronymiuiauarum
1051 882 1220 936 series
1281 882 1600 951 persuadet,
1655 890 1710 938 et
1774 881 1968 936 nedum
2024 881 2089 935 ad

501 970 697 1026 Bullini
727 987 892 1042 usque
918 972 1210 1027 discessum
1237 990 1268 1028 e
1295 974 1575 1028 Palmstiua
1610 975 1626 1042 (
1653 985 1813 1042 atque
1833 990 1951 1028 eum
1975 973 2090 1042 qui-

500 1063 623 1116 dem
672 1062 776 1118 598
815 1078 995 1127 anno,
1038 1079 1143 1117 non
1175 1065 1451 1134 superiore
1481 1066 1740 1133 proxime.
1768 1076 1822 1119 ut
1861 1065 1936 1118 illi
1967 1082 2091 1120 seu-

501 1156 673 1226 tiunt)
708 1155 800 1211 sed
827 1165 881 1209 et
923 1171 1019 1227 per
1057 1155 1268 1226 aliquod
1312 1156 1485 1211 adhuc
1530 1158 1783 1226 temporis
1836 1165 2085 1226 spatium,

503 1262 626 1321 puta
652 1251 808 1304 unius
836 1250 1001 1305 I‘erme
1018 1251 1164 1312 anni.
1187 1252 1508 1306 abstinuisse
1524 1250 1581 1307 S.
1608 1252 1913 1311 Ductorem,
1942 1266 2090 1304 cuin-

499 1357 604 1411 que
643 1356 708 1395 eo
760 1341 1045 1396 Monachus
1075 1342 1456 1398 Bethleemitas
1486 1345 1553 1397 ab
1580 1343 1802 1398 Joannis
1849 1359 2089 1398 commu-

499 1433 685 1500 nione,
717 1433 1114 1489 existimamus.
1163 1435 1276 1490 Non
1322 1435 1465 1505 quod
1494 1451 1621 1491 vere
1654 1435 1896 1492 ineunda:
1943 1436 2087 1506 pacis

499 1539 686 1592 parum
731 1524 927 1580 Noster
970 1537 1113 1581 esset
1140 1526 1436 1592 sollicitus,
1472 1527 1564 1582 sed
1597 1527 1737 1596 quod
1790 1527 2086 1582 orthodoxa

501 1616 635 1671 tidcs
661 1629 816 1670 causa
846 1616 1040 1672 cadere
1067 1618 1356 1684 videretur,
1385 1620 1430 1672 si
1471 1633 1592 1674 cum
1614 1618 1795 1689 bisqui
1819 1620 2089 1676 hmreseos

500 1711 803 1778 suSpicione
831 1712 1165 1779 laborabant,
1191 1713 1347 1769 facile
1379 1715 1816 1770 communicaret.
1853 1716 2089 1786 Denique

501 1801 849 1858 instauratum
874 1819 940 1859 ex
970 1805 1176 1874 integro
1203 1807 1568 1870 concordiam,
1601 1822 1706 1861 non
1743 1807 1934 1861 Bullini
1967 1808 2087 1878 qui-

499 1895 618 1950 dem
644 1906 735 1951 aut
763 1896 1026 1960 Melaniae,
1049 1897 1143 1953 sed
1165 1898 1615 1968 quemadmodum
1635 1901 1802 1954 visum
1825 1910 1906 1955 est
1930 1901 2087 1954 etiam

499 1986 750 2054 Barouio,
781 1988 1064 2059 Theophili
1095 2005 1288 2060 opera,
1319 1993 1406 2062 qui
1439 2007 1577 2046 novo
1607 2007 1666 2047 se
1703 1994 1879 2047 studio
1926 1994 2089 2048 inter-

499 2083 695 2151 j‘osuit,
726 2093 777 2137 et
807 2083 947 2152 quod
982 2083 1183 2152 pridem
1207 2083 1390 2138 Isidori
1417 2085 1571 2152 culpa
1600 2100 1702 2140 non
1743 2087 1911 2154 potuit
1934 2129 1949 2148 ,
1979 2102 2090 2142 me-

495 2175 600 2226 tito
630 2189 728 2227 suo
751 2175 964 2228 demum
988 2186 1042 2230 et
1070 2177 1238 2246 gratia
1261 2177 1507 2231 obtinuit.
1551 2178 1830 2235 Constabit
1869 2192 2086 2236 senten-

499 2265 585 2319 tia:
627 2265 786 2335 hujus
839 2268 1033 2324 veritas
1078 2268 1312 2324 evidenti
1345 2271 1729 2340 propemodum
1774 2286 2088 2344 argumento

496 2363 656 2430 paulo
690 2371 824 2432 post,
859 2364 948 2418 ubi
995 2365 1341 2435 subscquenti
1367 2385 1508 2422 anno
1532 2369 1658 2437 399,
1691 2379 1780 2424 attt
1805 2382 1950 2428 certe
1975 2373 2090 2442 qui-

495 2452 618 2507 dem
664 2455 786 2518 isto,
813 2456 866 2509 in
915 2472 1021 2525 quo
1061 2472 1338 2512 versamur
1367 2501 1380 2522 ,
1411 2461 1477 2514 ad
1529 2462 1688 2517 linem
1744 2476 2085 2534 properante,

496 2544 738 2614 quaedam
765 2547 1109 2603 ostendemus
1139 2547 1301 2605 fuisse
1322 2566 1352 2605 a
1377 2551 1432 2606 S.
1464 2553 1691 2609 Doetore
1726 2564 1910 2610 contra
1936 2557 2090 2612 Joan-

498 2651 619 2690 nem
649 2638 869 2704 scripta,
893 2649 1052 2708 atque
1077 2656 1136 2694 ea
1159 2643 1372 2706 quidem
1395 2644 1600 2700 acriore
1617 2663 1774 2717 quam
1797 2649 1929 2703 alias
1950 2651 2088 2721 stylo

496 2737 658 2796 atque
684 2729 890 2783 offenso
915 2732 1082 2800 magis
1102 2733 1307 2799 animo,
1335 2750 1452 2804 qua:
1484 2736 1726 2804 profecto
1755 2740 1934 2804 scribi,
1962 2756 2084 2809 per-

495 2833 651 2874 cussa
672 2820 779 2887 jam
806 2836 935 2890 pace
959 2823 1196 2891 potuisse
1215 2866 1230 2891 ,
1262 2841 1421 2880 nemo
1451 2827 1552 2881 sibi
1586 2830 1637 2882 in
1666 2830 1900 2885 animum
1934 2833 2089 2887 indu-

494 2921 602 2967 cat.
627 2911 939 2982 Epistolam,
971 2914 1208 2985 inquam,
1228 2916 1293 2972 ad
1313 2917 1663 2989 Theophilum
1697 2922 1747 2976 in
1771 2925 2088 2982 recensione

495 3013 675 3059 nostra
709 3004 961 3074 LXXXII,
991 3016 1045 3062 et
1067 3010 1278 3078 proprie
1304 3009 1494 3066 librum
1527 3011 1629 3069 hoc
1659 3015 1809 3070 titulo
1832 3016 1897 3070 ad
1928 3016 2086 3072 Pam-

495 3097 764 3152 machium
794 3095 982 3153 Contra
1001 3098 1256 3154 Joannem
1284 3101 1767 3173 Jerosolymitanum
1787 3122 1805 3160 :
1822 3123 1940 3177 qua:
1966 3124 2084 3163 cum

494 3189 814 3244 evicerimus
845 3200 964 3258 post
989 3189 1186 3244 Bufliui
1229 3192 1525 3247 discessum
1569 3194 1741 3263 edita,
1768 3196 1894 3252 illud
1925 3199 2086 3255 etiam

495 3281 640 3350 quod
675 3296 925 3351 urgemus
949 3321 964 3346 ,
1009 3283 1165 3351 plane
1211 3284 1516 3348 constabit,
1549 3301 1653 3340 non
1705 3289 1895 3343 eodem
1927 3299 2086 3361 atque

496 3375 589 3429 ille
642 3383 921 3442 tempore,
951 3373 1210 3430 Joannem
1257 3377 1324 3430 ad
1356 3378 1711 3433 concordiam
1754 3382 2086 3452 gratiamque

495 3480 619 3521 (om
649 3465 976 3538 Hieronymo
996 3481 1058 3521 ac
1085 3467 1246 3522 sociis
1273 3469 1385 3522 suis
1405 3469 1645 3524 rediisse.
1678 3471 1756 3526 Eo
1779 3473 1954 3543 itaque
1983 3474 2086 3529 loci

495 3559 774 3616 referenda
800 3575 921 3630 pars
962 3558 1145 3614 istbaee
1177 3558 1550 3629 disputationis
1574 3571 1676 3627 est,
1701 3564 1813 3618 sive
1862 3580 1980 3635 qua:
2018 3565 2087 3621 de

360 3707 372 3719 ,
452 3681 454 3684 ν
497 3655 711 3710 illarum
759 3654 1106 3723 scriptionum
1138 3654 1346 3724 epocha
1371 3665 1682 3725 argumenta
1724 3657 2080 3726 conteximus,

494 3749 601 3806 huc
629 3749 952 3805 revocanda.

565 3844 631 3899 V.
659 3844 971 3914 Quanquam
1001 3860 1068 3900 ex
1098 3843 1182 3900 his
1209 3843 1367 3900 etiam
1391 3860 1511 3916 qua:
1559 3845 1702 3901 dicta
1736 3858 1861 3903 sunt
1901 3847 2082 3906 hacte-

492 3952 615 4004 nus,
646 3936 788 3992 ferre
814 3937 917 3991 bac
946 3937 1014 3992 de
1049 3951 1108 3992 re
1130 3937 1387 4007 judicium
1419 3953 1654 4010 congrue
1677 3939 1788 4011 jam
1813 3942 1955 3997 licet.
1980 3942 2086 3998 Ne-

493 4047 612 4101 qua:
641 4031 782 4084 enim
813 4038 903 4084 aut
928 4027 1174 4085 Bufliuus
1199 4040 1290 4086 aut
1318 4031 1676 4104 Hieronymus
1693 4049 1813 4088 cum
1845 4044 2082 4091 mutuam

493 4139 682 4195 pacem
710 4124 852 4179 illam
880 4133 1328 4190 commemorant,
1367 4125 1480 4180 sive
1505 4127 1831 4195 exprobrant
1863 4128 1962 4183 sibi
1995 4130 2081 4184 in-

492 4217 698 4282 vicem,
727 4215 848 4284 plus
890 4215 1090 4284 aliquid
1129 4215 1345 4280 dicunt,
1377 4232 1534 4287 quam
1579 4219 1720 4288 quod
1751 4219 1968 4288 privatae
2007 4224 2084 4276 si-

493 4309 699 4368 multati
717 4307 980 4378 signiticet
1000 4308 1158 4362 linem
1178 4309 1506 4377 impositum.
1531 4309 1644 4364 lmo
1659 4323 1862 4381 aperte,
1882 4323 1936 4368 et
1955 4330 2085 4370 cou-

493 4402 680 4473 ceptis,
712 4409 768 4456 ut
795 4402 966 4467 aiunt,
999 4401 1200 4465 verbis,
1230 4400 1285 4456 S.
1319 4401 1495 4465 Pater,
1527 4400 1736 4468 Pacem,
1765 4404 1954 4475 inquit,
1985 4407 2078 4462 de-

493 4498 693 4562 dimus,
722 4512 824 4551 non
868 4495 1099 4550 Iurresim
1127 4494 1455 4565 suscepimus.
1499 4493 1777 4548 Iunximus
1815 4497 2078 4563 dexteras,

492 4589 731 4642 obeuntes
762 4587 1011 4655 prosecuti
1038 4603 1231 4652 sumus,
1263 4596 1314 4638 ut
1342 4601 1427 4640 vos
1453 4587 1626 4641 essetis
1651 4585 1937 4654 Catholici,
1980 4607 2081 4645 non

491 4692 548 4735 ut
576 4697 668 4734 nos
693 4694 909 4732 essemus
935 4678 1157 4731 liwretici
1182 4695 1194 4731 :
1228 4677 1422 4747 quibus
1447 4687 1649 4731 tantum
1673 4679 1846 4744 abest,
1877 4690 1931 4733 ut
1958 4680 2082 4736 red-

492 4772 658 4826 ditam
687 4770 829 4823 inter
859 4782 1047 4822 omnes
1087 4783 1296 4836 pacem,
1332 4778 1390 4822 ut
1416 4770 1500 4822 vix
1547 4768 1690 4822 aliud
1720 4785 1880 4840 quam
1917 4770 2078 4826 Chri-

491 4864 679 4918 stianm
706 4861 848 4914 inter
863 4859 999 4913 duos
1019 4858 1356 4921 urbanitatis,
1387 4861 1645 4914 restituta:
1676 4861 1875 4916 dudum
1899 4861 2075 4918 oflicia

493 4954 746 5010 amicitia:
787 4961 956 5006 notet.
1001 4951 1216 5005 Palladii
1262 4951 1619 5006 testimonium
1658 4955 1797 5023 quod
1835 4968 2074 5025 spectat,

493 5047 633 5104 haud
662 5044 908 5115 equidem
946 5043 1058 5097 scio
1099 5043 1280 5109 quanti
1321 5041 1446 5094 illud
1493 5044 1590 5096 huc
1633 5045 1682 5097 in
1717 5049 1887 5101 tesit.
1938 5049 2078 5106 Nihil

492 5151 638 5198 certe
665 5139 816 5194 veriti
843 5148 964 5192 Slllll
992 5135 1284 5189 doctissimi
1326 5135 1456 5198 viri,
1505 5152 1729 5206 quorum
1760 5154 1946 5206 agmen
1976 5143 2076 5197 Ba-

493 5247 676 5289 rotuus
701 5232 866 5296 ducit,
900 5230 1035 5300 ejus,
1065 5237 1248 5296 utpote
1273 5226 1466 5280 Bulin
1487 5242 1549 5281 ac
1571 5228 1831 5293 Melania},
1861 5235 2078 5301 quibus-

491 5341 610 5378 cum
637 5321 924 5392 aliquando
950 5320 1096 5383 vixit,
1131 5319 1463 5384 amicissimi,
1499 5334 1790 5391 eorumque
1824 5324 2075 5382 addictis.

489 5419 609 5474 simi
630 5418 1261 5488 partibus,auctoritatem
1283 5416 1732 5472 imminuereNec
1750 5418 2074 5488 ignoramus,
2123 5449 2126 5452 ~

492 5518 652 5573 falsos
682 5525 857 5569 tamen
889 5515 940 5568 iu
989 5513 1089 5566 hoc
1123 5525 1216 5566 eos
1257 5525 1406 5576 esse,
1453 5512 1593 5580 quod
1643 5515 1782 5567 hunc
1825 5513 2071 5569 Historia:

492 5614 764 5666 Laus-iace
794 5620 1084 5670 auctorem,
1120 5607 1289 5674 primo
1319 5606 1850 5676 llelenOpoIitauum,
1885 5616 1943 5662 ut
1987 5608 2067 5662 fe-

491 5723 512 5759 t
539 5716 648 5769 urit,
676 5708 723 5755 in
746 5695 1011 5772 Bithynia,
1043 5699 1234 5751 deinde
1257 5699 1619 5767 Aspouensem
1646 5701 1696 5752 in
1731 5700 1895 5766 prima
1916 5699 2070 5753 Cala—

505 5798 569 5851 tﬁz.
622 5797 938 5864 Epismipum
971 5791 1419 5859 probatissimum,
1473 5808 1591 5846 cum
1624 5791 1942 5859 cognomine
1968 5791 2072 5845 alio

422 5895 430 5902 ‘
496 5887 728 5944 P;:ii.tt.ii0
755 5885 941 5944 Galate
973 5884 1362 5956 confuderunt,
1392 5901 1552 5958 quem
1589 5883 1785 5943 servilis
1833 5883 2070 5956 nequitia:

1775 385 1832 442 S.
1873 378 2253 441 HIEBONYMI
2293 380 2475 438 VITA.
3681 393 3777 449 ΗΟ

2201 507 2452 562 hominem
2466 507 2638 574 (Prol.
2669 509 2810 569 Dial.
2841 524 2976 568 cont.
2999 512 3230 585 Pelag.),
3249 525 3303 570 et
3331 515 3632 586 Pclagiaum
3665 516 3775 570 bar-

2197 614 2381 654 rescos
2407 600 2815 659 instauratorem
2852 605 3204 676 Hieronymus
3236 613 3422 672 vocat,
3451 616 3505 661 et
3548 608 3781 677 Epipha-

2196 690 2316 744 nius
2345 690 2582 759 indigere
2607 694 2702 758 ait,
2737 695 3078 749 misericordia
3107 695 3221 762 Dei,
3252 699 3372 764 quia
3411 695 3645 767 Origenis
3676 700 3778 752 lue.

2195 785 2345 838 resim
2369 785 2611 854 pra'dicot
2633 795 2677 839 et
2699 787 2840 840 docet
2865 787 3056 857 (Epist.
3086 789 3216 842 inter
3245 787 3392 842 Hier.
3422 787 3566 860 LL).
3601 791 3666 846 Ut
3687 807 3776 844 au-

2196 886 2303 932 tem
2335 878 2458 933 hinc
2503 879 2575 934 illi
2609 877 2731 933 lidei
2757 879 3077 950 derogandae
3108 882 3250 935 nulla
3281 883 3349 935 sit
3377 897 3536 937 causa
3559 925 3572 946 ,
3609 887 3778 938 maxi-

2195 984 2279 1022 ma
2311 979 2392 1024 est
2424 978 2598 1024 tamen
2621 1010 2635 1032 ,
2667 970 2806 1038 quod
2849 972 3076 1026 nimium
3117 987 3176 1028 se
3220 973 3414 1028 Bullini
3449 991 3512 1031 ae
3540 975 3778 1031 Melania:

2193 1060 2489 1116 Studiosmn
2518 1060 2714 1130 prodit,
2746 1071 2992 1131 totuSque
3007 1074 3088 1117 est
3112 1064 3163 1118 iu
3196 1064 3350 1134 hujus
3374 1065 3619 1120 laudibus
3644 1084 3750 1136 pra:

2193 1152 2451 1216 dicundis,
2485 1154 2534 1207 in
2562 1154 2713 1223 cujus
2742 1154 2902 1210 etiam
2933 1155 3124 1219 domo,
3161 1170 3282 1210 cum
3320 1157 3504 1212 Bomm
3531 1159 3746 1214 diversa

2191 1255 2357 1312 retur,
2381 1246 2528 1301 omni
2549 1246 2847 1301 officiorum
2872 1263 3068 1314 genere
3090 1250 3414 1305 cumulatum
3437 1267 3516 1318 se,
3555 1253 3779 1323 ittdt‘qtte

2192 1341 2647 1410 prolisciscentem
2668 1340 3038 1396 liberalissime
3057 1341 3293 1410 adjutqu
3315 1352 3560 1399 testatur.
3585 1345 3625 1400 E
3647 1363 3775 1398 eon-

2193 1433 2355 1487 trario
2371 1433 2601 1502 iniquior
2617 1433 2669 1487 in
2699 1433 3078 1505 llierouymum
3101 1433 3217 1500 fuit,
3237 1451 3464 1506 cumque
3481 1438 3776 1493 Belltleemi

2192 1534 2375 1592 ageret
2403 1534 2513 1578 toto
2539 1540 2681 1578 anno
2711 1525 2836 1590 388,
2867 1525 3174 1595 obloquenti
3195 1539 3380 1580 contra
3404 1529 3461 1582 ὃ.
3495 1529 3777 1584 Decorum

2191 1616 2508 1673 Possidouio
2520 1617 2760 1672 solitario
2776 1633 2934 1672 aures
2953 1620 3379 1674 accommodavit
3400 1622 3540 1690 (cap.
3566 1619 3704 1674 XXI
3715 1623 3775 1689 .j,

2190 1709 2348 1780 eique
2375 1724 2583 1764 summa
2607 1711 2786 1764 omnia
2809 1726 2916 1778 prae
2942 1710 3268 1782 Hieronymo
3292 1713 3514 1766 tribuit:
3535 1729 3655 1782 quae
3681 1715 3778 1767 mi-

2191 1803 2335 1858 nime
2362 1803 2475 1873 ipse
2501 1802 2762 1872 capitibus
2790 1802 3050 1858 LXXVII.
3077 1813 3132 1859 et
3154 1804 3361 1862 CXXII.
3396 1805 3646 1861 Historia:
3667 1822 3778 1862 suae

2191 1893 2469 1950 diflitetur.
2518 1895 2788 1952 Praetereo
2832 1896 3077 1951 fortassis
3123 1911 3281 1968 posse
3318 1897 3477 1952 etiam
3518 1913 3584 1952 eo
3616 1913 3775 1953 sensu

2189 1990 2352 2045 verba
2380 1989 2496 2059 ejus
2523 1990 2774 2060 explicari
2793 2033 2808 2056 ,
2841 2001 2896 2044 ut
2923 1991 3174 2062 exemplo
3200 1992 3412 2061 quidem
3446 1992 3687 2048 Melianze
3713 2007 3777 2048 ac

2191 2081 2535 2152 Buflini,qu:e
2549 2094 2728 2139 secuta
2748 2083 3086 2153 postmodum
3105 2093 3186 2140 est
3202 2084 3578 2140 Monaehorum
3595 2102 3777 2142 recon-

2189 2174 2532 2239 ciliationem,
2555 2191 2659 2231 non
2679 2177 2925 2244 prmsenti
2944 2191 3128 2232 eorum
3147 2191 3326 2246 opem:
3343 2177 3556 2232 attribui
3581 2179 3729 2233 velit.

2263 2266 2349 2320 Vl.
2383 2267 2700 2322 Abstinebat
2727 2267 2906 2336 itaque
2932 2267 3106 2323 adhuc
3134 2268 3515 2341 Hieronymus,
3542 2270 3768 2341 ejusque

2190 2359 2319 2416 socii
2349 2359 2718 2414 Bethleetnitre
2741 2360 2810 2414 ab
2833 2360 3054 2415 Joannis
3093 2359 3484 2416 Communioue
3503 2403 3518 2429 ,
3548 2377 3776 2433 cumque

2190 2452 2409 2507 duriore
2432 2451 2643 2506 fortuna
2679 2451 2790 2514 illa,
2822 2468 2980 2522 quam
3010 2451 3246 2506 diximus
3278 2453 3434 2522 paulo
3463 2462 3610 2520 ante,
3639 2469 3772 2508 con—

2189 2541 2551 2606 ﬂictabantur,
2583 2556 2706 2597 cum
2736 2541 2838 2598 hoc
2869 2543 2984 2613 ipso
3013 2558 3155 2598 anno
3184 2543 3290 2600 398
3317 2560 3489 2600 novus
3531 2545 3772 2602 laborum

2189 2636 2436 2692 cumulus
2463 2636 2707 2701 accessit,
2741 2645 2794 2690 et
2816 2635 3038 2691 adversa
3069 2636 3126 2692 S.
3158 2637 3328 2706 ipsum
3369 2637 3580 2693 Patrem
3626 2640 3774 2695 vale-

2191 2729 2319 2784 tudo
2337 2729 2547 2783 invasit.
2567 2729 2838 2799 Corripuit
2855 2744 2978 2784 eum
2999 2729 3170 2799 primo
3187 2728 3354 2784 febris
3373 2729 3459 2785 vel
3476 2731 3544 2785 ab
3565 2748 3740 2787 exeun
3761 2761 3777 2774 ο

2191 2831 2244 2876 te
2284 2821 2562 2891 superiore
2615 2821 2857 2891 proxime
2898 2821 3207 2889 Decembri,
3257 2823 3339 2877 vel
3374 2834 3519 2878 certe
3560 2825 3772 2894 quidem

2191 2916 2380 2988 primis
2405 2917 2587 2972 statim
2619 2915 2840 2985 hujusce
2860 2917 2984 2969 anni
3013 2915 3202 2971 diebus
3219 2932 3315 2986 per
3329 2917 3646 2972 subsecutos
3669 2929 3776 2975 tres

2189 3024 2427 3077 menses,
2457 3011 2609 3064 initio
2623 3009 2841 3080 quidem
2862 3009 3155 3074 toleranda,
3181 3009 3376 3065 deinde
3393 3011 3774 3080 ingravescens

2189 3104 2243 3159 in
2273 3103 2390 3159 dies
2419 3104 2611 3174 magis,
2645 3111 2702 3158 ut
2727 3111 2885 3158 tenue
2905 3102 3128 3173 ejusque
3151 3101 3484 3173 fractumque
3504 3105 3776 3160 laboribus

2188 3198 2564 3268 corpusculum
2595 3197 2736 3252 lecto
2765 3195 3030 3266 adegerit,
3078 3203 3134 3250 et
3168 3195 3422 3250 miserum
3468 3195 3520 3251 in
3557 3197 3773 3252 modum

2189 3288 2512 3358 depopulata
2538 3287 2627 3341 sit.
2652 3285 2889 3340 Tandem
2913 3285 3106 3340 melius
3141 3285 3190 3340 ei
3230 3284 3360 3352 fuit,
3397 3295 3452 3341 et
3492 3286 3546 3341 in
3585 3287 3775 3343 diebus

2188 3380 2619 3450 Quadragesimte
2642 3393 2923 3449 assurgere
2940 3393 3005 3432 ex
3031 3378 3220 3432 morbo
3245 3380 3411 3449 cmpit
3437 3389 3489 3434 et
3516 3381 3772 3436 recreari.

2189 3471 2324 3543 Ego,
2356 3471 2526 3542 inquit
2556 3469 2730 3540 Epist.
2763 3469 2953 3524 LXXI.
2985 3469 3051 3524 ad
3082 3470 3382 3536 Lucinium,
3421 3472 3572 3543 longo
3613 3483 3776 3527 tentus

2187 3565 2529 3630 incommodo,
2564 3564 2648 3616 vix
2675 3564 2728 3616 in
2755 3562 2930 3616 diebus
2953 3561 3387 3633 Quadrngesimw,
3410 3563 3588 3631 quibus
3617 3563 3760 3618 Noto

2185 3661 2252 3715 rii
2273 3658 2737 3731 proﬁciscebantur,
2755 3658 3007 3726 respirare
3025 3659 3172 3726 coepi.
3197 3657 3266 3711 Et
3287 3656 3339 3710 in
3361 3657 3590 3728 Prologo
3613 3659 3745 3714 Com
3771 3692 3777 3698 .

2146 3776 2150 3779 ·
2188 3751 2572 3820 mentariorum
2603 3749 2655 3803 in
2682 3746 2987 3802 Mattlneum
3017 3748 3083 3803 ad
3113 3747 3425 3814 Eusebium,
3446 3747 3772 3815 lmmineute,

2185 3846 2380 3918 inquit,
2414 3845 2528 3915 jam
2573 3842 2774 3897 Pascha
2818 3843 3010 3896 dictare
3060 3859 3139 3896 me
3179 3843 3337 3912 cogis,
3382 3858 3496 3896 cum
3533 3845 3664 3898 scias
3698 3861 3774 3899 me

2185 3939 2257 3993 ita
2273 3937 2430 3991 tribus
2447 3934 2698 3990 mensibus
2709 3934 2984 4004 languisse,
3001 3943 3056 3986 ut
3067 3933 3150 3987 via:
3163 3950 3295 3987 nunc
3307 3933 3501 4004 ingredi
3511 3934 3773 4004 incipiam.

2186 4032 2327 4089 Tum
2356 4028 2597 4100 Epistola
2627 4026 2864 4082 LXXIII.
2892 4025 2958 4081 ad
2990 4025 3316 4096 Evangelum
3336 4066 3352 4093 ,
3382 4025 3494 4097 Ego
3516 4038 3629 4098 post
3659 4030 3772 4084 Ion.

2185 4144 2303 4199 gam
2328 4125 2736 4196 wgrotationem,
2771 4123 2852 4175 vix
2879 4121 2932 4174 in
2975 4120 3390 4192 Quadragesimo:
3432 4121 3606 4176 diebus
3649 4121 3774 4191 febri

2185 4233 2358 4273 carere
2383 4215 2543 4287 potui,
2567 4223 2614 4268 et
2630 4229 2747 4268 cum
2761 4212 2907 4266 alteri
2931 4228 3008 4266 me
3026 4212 3170 4279 operi
3198 4227 3561 4281 prosperarent,
3586 4231 3774 4284 paucos

2185 4312 2292 4366 dies
2315 4311 2405 4380 qui
2439 4315 2754 4378 supererant,
2776 4306 2831 4359 in
2860 4304 3093 4359 Matthwi
3129 4305 3439 4375 expositione
3456 4307 3771 4374 consumpsi,

2188 4413 2428 4472 tantoque
2455 4400 2695 4453 auiditate
2720 4397 2891 4452 studia
2917 4397 3104 4451 omissa
3129 4397 3356 4463 repetivi,
3388 4405 3441 4450 ut
3469 4397 3605 4466 quod
3627 4413 3773 4452 exer-

2184 4493 2413 4547 citationi
2439 4491 2630 4562 lingua:
2655 4489 2846 4560 profuit
2879 4529 2893 4551 ,
2939 4488 3164 4542 nocuerit
3203 4487 3428 4557 corporis
3476 4489 3769 4542 valetudini.

2187 4586 2322 4640 lIinc
2346 4585 2522 4638 statim
2549 4583 2602 4636 in
2634 4581 2847 4645 febrim,
2875 4589 2930 4634 et
2952 4580 3284 4650 languorem,
3312 4595 3376 4634 ex
3407 4596 3514 4650 quo
3537 4581 3771 4635 nondum

2184 4677 2322 4731 bene
2347 4674 2726 4736 convaluerat,
2774 4671 3053 4740 relapsus,
3107 4671 3279 4725 tenaci
3322 4671 3510 4727 morbo
3541 4672 3608 4726 ad
3649 4673 3771 4727 anui

2184 4771 2297 4822 fere
2319 4767 2476 4822 linem
2499 4765 2838 4821 continenter
2859 4762 3268 4829 laboravit.Quo
3291 4772 3532 4834 tempore
3553 4765 3619 4820 ad
3649 4767 3774 4819 But—

2185 4863 2348 4916 ﬁnum
2373 4861 2671 4916 Romanum
2708 4856 3086 4927 Presbyterum
3106 4857 3290 4924 (alium
3313 4859 3494 4927 utique
3515 4859 3580 4912 ab
3609 4863 3739 4926 Aqui

2186 4954 2738 5024 Ieiensi)res(:ribens
2800 4951 2969 5019 Epist.
3003 4950 3238 5006 LXXIV.
3269 4967 3388 5005 eum
3412 4953 3584 5020 ipsum
3620 4971 3739 5006 mea

2130 5083 2134 5086 ~
2183 5067 2318 5113 sem,
2347 5051 2466 5105 sive
2494 5061 2692 5117 paucos
2721 5046 2839 5100 dies
2863 5045 3298 5116 Quadragesima:
3317 5088 3333 5112 ,
3377 5046 3572 5115 quibus
3602 5064 3686 5100 res
3730 5049 3739 5099 i

2181 5159 2302 5197 rare
2327 5140 2585 5195 tantillum
2613 5145 2870 5206 coeperat,
2897 5151 3016 5190 cum
3047 5138 3130 5191 bis
3155 5147 3441 5206 computat,
3479 5139 3670 5204 quibus
3696 5151 3769 5191 est

2180 5235 2519 5291 continenter
2539 5246 2658 5285 cum
2682 5229 2904 5282 adversa
2926 5227 3230 5282 valetudine
3247 5227 3605 5283 coallictatus.
3638 5229 3769 5292 Nos,

2181 5327 2372 5395 inquit,
2404 5335 2452 5378 et
2492 5324 2598 5377 hinc
2638 5323 2750 5390 ipsa
2792 5321 2844 5373 in
2875 5320 3058 5374 lectulo
3096 5319 3479 5378 decumbentes.
3520 5323 3772 5392 longaque

2181 5418 2508 5492 argrotatione
2529 5415 2764 5485 confecti,
2783 5415 2868 5467 vix
2895 5411 3110 5466 Notario
3145 5414 3374 5468 celeriter
3407 5415 3673 5468 scribenda
3695 5419 3769 5469 (Ιί-

2181 5512 2442 5566 ctuvimus.
2475 5508 2540 5561 Et
2565 5506 2725 5575 paulo
2748 5515 2886 5574 post,
2914 5504 3020 5558 Ora
3048 5522 3140 5575 pro
3159 5506 3300 5560 nobis
3321 5525 3351 5558 (ι
3371 5505 3591 5561 Domino
3610 5511 3771 5577 sospi-

2183 5614 2332 5657 tatein
2353 5640 2368 5666 ,
2403 5609 2456 5652 ut
2483 5607 2594 5667 post
2623 5597 2886 5650 duodecim
2918 5613 3110 5652 menses
3133 5638 3147 5660 ,
3178 5599 3497 5668 quibusjugi
3525 5605 3704 5669 tangit.
3747 5618 3772 5654 e

2183 5698 2439 5763 confectus
2457 5707 2588 5752 sum,
2615 5692 2801 5759 possim
2819 5690 3014 5760 aliquid
3034 5692 3240 5759 dignum
3265 5701 3441 5745 vestra:
3456 5693 3670 5764 scribere
3689 5711 3769 5746 τοι

2183 5787 2362 5841 ιιυιειιιὶ
2382 5801 2399 5837 ;
2420 5794 2466 5836 et
2483 5784 2700 5852 ignosce,
2720 5786 2762 5837 si
2783 5794 2977 5836 scatens
2995 5784 3156 5835 oratio
3173 5799 3320 5835 cursu
3343 5787 3598 5838 ttonsolim
3620 5787 3764 5851 ﬂuat.

2253 5876 2606 5934 Nihilosecius
2653 5891 2684 5931 a
2741 5873 3024 5944 scribendo
3073 5873 3283 5946 penitus
3329 5875 3654 5936 abstinuisse
3701 5878 3760 5936 il-
