4052 6338
211 380 305 437 ll'l

212 497 315 555 lum
331 534 351 563 ,
380 505 457 556 ne
477 486 958 569 putes._lmovero
975 481 1187 557 quoties
1201 478 1439 537 licuisset
1455 489 1549 545 per
1570 471 1798 528 febrium

215 586 487 647 intervalla
507 626 525 651 ,
554 594 651 640 aut
676 564 912 638 scribere
951 591 1047 633 sua
1087 575 1199 645 ipse
1226 587 1385 628 manu
1405 610 1422 635 ,
1463 576 1555 623 aut
1581 563 1804 620 notariis

220 686 415 742 dictare
445 678 683 751 aliquid,
717 688 990 745 nunquam
1022 668 1382 741 praetermisit.
1414 662 1517 718 Tot
1542 674 1672 715 sane
1701 656 1805 712 hoc

225 783 332 851 ipso
359 749 670 845 annm—quo
708 771 821 826 fere
858 766 1198 823 continenter
1237 757 1473 829 languit,
1519 764 1575 809 et
1607 749 1804 807 lectulo

218 845 385 935 tentus
410 883 517 937 est,
553 872 818 927 habemus
847 867 915 922 ab
956 880 1022 918 eo
1051 861 1271 930 scripta,
1301 862 1495 927 quanta
1524 849 1684 906 hodie
1715 845 1805 899 vix

221 968 406 1040 aliquis
437 974 716 1025 nostrum,
745 960 833 1031 qui
860 958 1054 1014 litteris
1083 967 1302 1025 operam
1341 949 1552 1012 damus,
1584 942 1806 1012 integris

216 1034 432 1125 viri-bus,
451 1068 507 1112 et
524 1053 765 1111 secunda
779 1048 1103 1113 valetudine.
1123 1046 1349 1102 fortasse
1365 1040 1667 1095 adornaret.
1680 1034 1807 1101 Epi-

216 1152 359 1207 stula:
395 1164 464 1206 es
486 1148 571 1205 his
586 1152 878 1216 supersunt
908 1142 970 1195 in
1001 1149 1184 1195 nostra
1201 1133 1516 1191 recensione
1528 1147 1554 1181 a
1569 1125 1662 1182 LX
1688 1156 1694 1171 ι
1714 1121 1803 1178 lll.

215 1247 275 1301 ad
303 1241 522 1298 LXXV.
554 1255 785 1311 quarum
814 1246 1149 1305 unaquaeque
1177 1246 1282 1285 non
1306 1228 1445 1281 inter
1465 1223 1667 1277 amicos
1690 1217 1808 1271 olli-

214 1341 317 1405 cia,
349 1336 450 1392 sed
490 1338 560 1389 de
610 1332 772 1388 rebus
816 1326 1149 1401 gravissimis
1190 1324 1232 1380 Τ
1238 1331 1474 1377 ructatus
1509 1314 1806 1370 continent.

213 1432 383 1487 Prima
413 1428 631 1484 cuidam
662 1425 871 1493 Magno,
898 1421 1053 1491 cujus
1090 1428 1145 1474 et
1168 1417 1420 1474 Sidonios
1442 1410 1661 1467 videtur
1688 1421 1809 1462 mea

216 1525 455 1583 minisse,
487 1520 711 1577 Rhetori
739 1518 986 1573 Romano
1012 1510 1303 1583 respondet
1324 1550 1338 1571 ,
1365 1502 1630 1578 quatrenli
1655 1543 1668 1562 .
1713 1513 1811 1554 cur

216 1619 265 1672 in
291 1614 575 1685 opusculis
598 1613 713 1667 suis
742 1611 796 1664 S.
845 1609 1003 1663 Pater
1026 1603 1364 1660 saecularium
1404 1600 1702 1652 litterarum
1730 1601 1811 1645 te-

215 1683 481 1764 stimoniis
507 1713 751 1769 uteretur
773 1701 791 1773 (
814 1698 929 1757 Lib.
967 1697 1023 1753 V.
1052 1695 1218 1766 Epist.
1242 1690 1294 1747 Χ
1317 1692 1359 1762 );
1389 1688 1667 1756 redditque
1690 1683 1812 1738 facti

215 1801 502 1861 rationem,
541 1804 597 1850 et
625 1804 891 1864 quatenus
919 1790 969 1844 id
1003 1789 1157 1845 liceat
1177 1827 1192 1849 ,
1221 1792 1276 1839 et
1308 1796 1534 1853 quorum
1567 1774 1815 1843 exemplo

217 1891 265 1947 id
289 1891 470 1946 faciat.
506 1888 739 1941 Noverat
760 1894 940 1938 autem
965 1882 1096 1933 satis
1117 1879 1282 1941 bene,
1321 1875 1476 1941 cujus
1499 1869 1590 1924 ille
1625 1867 1816 1923 subor-

220 1995 369 2037 natus
397 1976 923 2036 insusurrationibus
940 1973 1291 2043 quaestionem
1306 1966 1406 2020 sibi
1428 1962 1812 2035 preposuisset.

221 2074 415 2129 Bullini
447 2072 680 2135 scilicet,
704 2082 863 2137 quem
892 2066 984 2127 ibi,
1013 2072 1069 2118 ut
1093 2078 1221 2116 vero
1246 2059 1361 2127 ejus
1387 2054 1586 2110 nomini
1612 2059 1813 2121 parcat,

224 2178 431 2239 propter
460 2178 692 2218 amorem
722 2134 1058 2214 bistoriarum
1103 2152 1336 2208 Sallustii
1364 2145 1700 2214 Calpurnium
1728 2134 1816 2195 co-

224 2269 488 2332 quantento
512 2255 797 2311 Lanarium
824 2261 985 2306 uocat.
1013 2249 1078 2303 Et
1106 2248 1244 2300 libro
1265 2243 1308 2298 l.
1331 2249 1521 2297 contra
1546 2234 1816 2298 eumdem,

227 2324 511 2414 iiiimirnnt,
542 2349 736 2425 inquit,
770 2347 864 2399 iste
894 2353 965 2398 est
993 2338 1303 2410 Calpurnius
1332 2332 1704 2392 Sallustianus,
1736 2324 1823 2395 qui

228 2446 359 2499 nobis
387 2460 485 2513 per
515 2441 771 2510 Hagnunt
797 2435 1064 2491 Oratorem
1079 2449 1179 2484 non
1200 2444 1432 2498 magnam
1454 2431 1826 2489 utarei-atquo!-

226 2538 456 2591 stionem.
494 2532 805 2588 Advenerat
836 2528 950 2594 jam
982 2527 1160 2594 itaque
1201 2522 1424 2575 Romam
1468 2514 1732 2578 ltuflinus,
1773 2520 1828 2567 et

229 2634 408 2684 creare
440 2622 655 2679 nomini
681 2617 1097 2690 llieronymiano
1140 2611 1393 2669 invidiam
1415 2606 1706 2677 satagebat.
1729 2603 1826 2658 Al-

230 2728 327 2775 tera
358 2728 447 2773 est
482 2714 551 2767 ad
576 2711 859 2768 Lacinium
882 2709 1165 2773 Baeticam,
1190 2719 1370 2774 quem,
1397 2709 1451 2755 ut
1481 2701 1531 2753 in
1554 2696 1827 2769 preposito

231 2809 516 2871 castitatis,
547 2804 888 2859 adsentiente
919 2814 1084 2857 uxore
1114 2797 1233 2867 ejus
1256 2793 1538 2850 Theodora
1560 2831 1574 2853 ,
1606 2797 1825 2858 perstet,

232 2905 502 2967 hortatur,
534 2910 613 2964 et,
643 2894 1094 2968 quemadmodum
1127 2893 1503 2960 proposuerat,
1527 2882 1635 2938 cito
1659 2881 1828 2936 adna-

236 2998 375 3067 viget
396 2991 821 3063 .lerosolymam.
847 2986 983 3041 Tum
1009 2984 1077 3039 de
1094 2981 1343 3053 jejuniis,
1382 2978 1450 3033 dc
1480 2973 1828 3031 Eucharistite

234 3089 562 3157 sumptione,
580 3084 758 3153 deque
772 3076 1162 3137 Ecclesiasticis
1183 3071 1555 3129 traditionibus
1572 3068 1827 3137 disputat.

235 3183 451 3246 Montio,
485 3192 649 3250 quam
680 3171 1045 3246 aegrotationis
1065 3183 1175 3224 sua:
1201 3165 1346 3231 facit,
1377 3179 1446 3220 ex
1464 3176 1567 3233 qua
1597 3169 1707 3214 tum
1728 3156 1829 3212 de-

237 3290 376 3330 mum
401 3270 788 3335 convalescere
827 3264 1085 3334 tantisper
1110 3260 1395 3329 cmpisset,
1439 3255 1507 3311 de
1548 3267 1691 3308 anno
1732 3250 1832 3309 hoc

238 3362 581 3431 scilicet,.cni
608 3359 903 3431 Epistolam
931 3354 1286 3411 adtribuimus
1306 3392 1321 3418 ,
1346 3348 1595 3404 dubitare
1623 3358 1731 3419 non
1761 3341 1833 3397 si-

242 3461 334 3515 nit.
359 3455 591 3513 Accedit
610 3458 791 3509 tamen
813 3450 914 3505 alia
936 3461 1106 3517 eaque
1131 3442 1388 3514 insignior
1406 3437 1661 3508 temporis
1683 3443 1832 3500 nota,

241 3552 325 3607 ubi
345 3551 519 3604 decem
541 3545 698 3601 Isaia:
716 3544 928 3599 visiones
949 3539 1094 3594 ualde
1109 3533 1510 3605 obscurissimas,
1530 3543 1662 3600 quas
1683 3526 1827 3582 dono

243 3644 306 3700 ad
323 3643 608 3699 Lacinium
633 3637 818 3700 mittit,
839 3650 900 3690 se
914 3634 990 3688 ait
1009 3646 1169 3701 nuper
1189 3625 1443 3683 historica
1465 3618 1840 3692 explanatione

245 3735 588 3793 disseruisse.
618 3728 728 3786 Nos
757 3725 885 3797 quid
916 3723 1042 3780 illud
1065 3736 1228 3792 nuper
1255 3719 1454 3780 valeat,
1480 3711 1728 3784 superius
1754 3723 1842 3763 os-

247 3827 545 3885 tendimus.
568 3821 713 3877 ldem
733 3820 1012 3874 character
1030 3822 1113 3869 est
1133 3806 1508 3879 subsequentis
1522 3804 1589 3859 ad
1608 3802 1838 3857 Vitalem

252 3918 636 3989 Presbyterum
662 3910 730 3968 de
758 3909 1053 3977 salomone
1078 3912 1132 3958 et
1156 3900 1336 3958 Achaz
1356 3912 1459 3969 qua
1483 3895 1666 3951 multis
1689 3892 1846 3947 docet

254 4025 348 4083 pro
371 3985 525 4065 certo
547 4001 873 4068 habendum,
898 3997 1267 4060 Salomonem,
1287 4000 1341 4047 et
1362 3987 1540 4044 Achaz
1566 3985 1843 4040 undecimo

257 4102 429 4158 anatis
453 4114 599 4154 anno
632 4095 773 4151 ﬁlios
800 4091 1085 4165 genuisse,
1117 4095 1441 4158 quamquam
1471 4078 1690 4134 minime
1724 4072 1817 4129 ind

259 4197 367 4252 cias
386 4201 499 4259 eat,
526 4204 688 4262 posse
709 4185 1065 4255 Scriptorum,
1095 4193 1214 4250 quae
1240 4175 1290 4231 id
1318 4178 1611 4249 asseverat,
1642 4166 1741 4223 alia
1765 4180 1850 4221 ra-

263 4288 405 4344 tione
432 4282 714 4355 expticari.
740 4280 973 4335 Rursum
1003 4288 1162 4345 aegra:
1184 4267 1499 4331 valetudinis
1520 4280 1630 4321 sua:
1658 4257 1849 4335 memi-

264 4381 339 4437 nit
367 4380 423 4434 in
448 4352 805 4446 subsequenti
846 4369 913 4425 ad
955 4363 1282 4437 Evangelum
1326 4360 1394 4416 de
1433 4352 1850 4417 Melchisedech,

266 4487 364 4543 qua
384 4444 647 4540 anonytni
662 4462 913 4521 Auctoris
929 4460 1122 4536 librum
1145 4453 1363 4519 refellit,
1388 4458 1667 4521 negantem
1689 4444 1854 4500 fuisse

266 4538 658 4624 llelcltisedech
688 4574 755 4614 ex
779 4555 1056 4613 hominum
1080 4564 1301 4622 genere,
1332 4543 1426 4602 sed
1456 4542 1703 4614 spiritum
1729 4538 1859 4596 San-

273 4666 415 4712 ctum
448 4653 533 4710 vel
564 4650 846 4723 Angelum.
881 4645 999 4717 Ipse
1028 4643 1223 4700 nedum
1268 4638 1542 4694 hominem
1577 4632 1744 4689 fuisse
1771 4643 1859 4685 os-

275 4746 444 4803 tendit
472 4720 806 4801 esveterum
837 4736 1072 4794 maxime
1095 4730 1524 4790 Christianorum
1554 4720 1858 4785 sententiis,

274 4839 364 4895 sed
392 4847 449 4893 et
477 4835 839 4892 Chanameum
866 4842 1063 4899 genere
1083 4865 1102 4891 ,
1130 4837 1195 4879 ac
1223 4821 1269 4877 si
1296 4823 1513 4891 prmstet
1534 4813 1734 4871 Judaris
1763 4810 1865 4864 hac

284 4931 331 4985 in
362 4945 421 4983 re
452 4925 614 4981 fidem
643 4920 924 4984 adhibere,
949 4916 1077 4972 Sem
1108 4914 1282 4985 ipsum
1313 4908 1477 4964 fuisse
1499 4906 1728 4978 primum
1753 4900 1866 4957 Noe

282 5022 463 5076 lilium.
492 5018 732 5087 Denique
752 5022 808 5069 et
834 5008 1070 5069 LXXIV.
1093 5006 1160 5062 ad
1184 5002 1456 5066 Ruﬁnum,
1481 5014 1642 5070 quem
1669 4996 1865 5051 Roma-

285 5129 405 5168 num
434 5111 692 5172 diximus,
724 5105 872 5162 dedit
896 5103 996 5159 sub
1022 5100 1148 5155 anni
1178 5098 1362 5159 linem,
1392 5107 1551 5164 quam
1578 5090 1652 5146 ait
1679 5103 1737 5144 se
1763 5102 1868 5142 non

288 5216 387 5260 tam
419 5204 607 5270 lectulo
635 5196 1033 5259 decumbentem,
1060 5207 1213 5264 quant
1238 5189 1393 5258 longa
1421 5183 1750 5257 aegrotatione
1768 5221 1784 5247 ,
1826 5186 1874 5233 et

286 5300 548 5354 duodecim
572 5293 819 5349 mensium
830 5289 947 5361 jugi
966 5286 1210 5356 languore
1247 5284 1529 5350 confectum
1551 5273 1773 5330 Notario
1804 5269 1877 5325 di-

276 5407 471 5459 casse.
496 5388 721 5447 Disscrit
740 5393 916 5440 autem
939 5381 991 5436 in
1013 5395 1076 5436 ea
1097 5389 1352 5448 perquam
1373 5370 1583 5429 erudite
1598 5366 1667 5426 de
1682 5364 1880 5439 judicio

286 5482 609 5548 Salomonis,
625 5494 686 5534 ac
698 5478 877 5548 jurgio
892 5474 1115 5529 duarum
1135 5468 1501 5528 meretricum,
1518 5461 1658 5534 quod
1683 5458 1859 5530 allego

288 5581 398 5637 rico
416 5591 577 5633 sensu
595 5572 662 5629 de
676 5568 914 5627 Ecclesia
927 5581 993 5623 ex
1010 5563 1273 5621 Gentibus
1287 5565 1627 5627 congregata,
1646 5550 1743 5608 ac!
1752 5548 1887 5605 udae-

292 5688 439 5731 Ormn
454 5672 734 5742 Synagoga
750 5661 985 5733 exponit.
1008 5657 1129 5711 Haec
1147 5668 1245 5710 nos
1263 5650 1618 5722 Epistolarum
1634 5643 1791 5700 veluti
1805 5658 1888 5698 ar-

250 5775 542 5838 gumenta
560 5736 742 5833 paucis
770 5749 1202 5828 perstrinximus,
1227 5742 1480 5798 utmirari
1498 5741 1705 5802 subeat,
1734 5736 1891 5793 tantis

242 5910 269 5921 ..
295 5832 364 5918 de
387 5860 552 5923 rebus
566 5832 851 5912 hominem
879 5841 1076 5904 lectulo
1103 5835 1521 5899 decumbeutcm
1545 5832 1890 5890 disseruisse.

1490 360 1559 428 s.,
1593 351 1976 425 tnmtouvsn
2017 351 2198 409 VITA.

3386 348 3498 405 H8

1984 468 2096 524 νει.
2129 466 2237 524 Sed
2264 476 2319 523 et
2344 466 2675 538 Scripturas,
2704 465 2847 538 quod
2883 465 2963 523 rei
2995 473 3156 539 caput
3187 471 3304 533 est,
3343 464 3497 520 lucu-

1908 560 2223 617 lentissimis
2267 560 2419 614 libris
2464 558 2520 613 in
2564 557 2753 613 eodem
2802 557 2897 611 illo
2947 568 3188 630 tempore
3228 557 3500 628 exposuit.

1910 653 2339 710 Commentarios
2371 650 2588 722 inquam
2618 650 2669 703 in
2698 647 3005 704 Matthzeum
3030 689 3044 714 ,
3076 664 3105 703 a
3131 650 3311 721 priore
3340 648 3501 704 trium

1910 747 2175 803 mensium
2227 743 2364 800 febri
2408 741 2626 798 vixdum
2676 750 2949 797 recreatus
2993 740 3163 814 (cum
3214 743 3390 798 subito
3437 756 3503 797 ex

1912 841 2128 897 Oriente
2157 839 2385 895 Romam
2415 837 2763 907 navigaturus
2789 832 3169 890 Cremonensis
3202 834 3462 889 Eusebius
3487 875 3502 901 ,

1914 936 2052 989 hanc
2079 932 2179 988 sibi
2212 931 2375 986 veluti
2408 929 2677 984 sitarciam
2707 926 2820 982 dari
2849 922 3129 998 petiisset)
3157 936 3385 996 quatuor
3407 940 3501 980 so-

1912 1029 2036 1084 lidis
2061 1025 2238 1089 libris,
2271 1024 2361 1077 vix
2396 1031 2576 1076 autem
2605 1019 2913 1091 quindecim
2943 1017 3152 1072 dierum
3176 1018 3368 1086 spatio,
3399 1017 3499 1070 itu-

1915 1121 2150 1176 ntinente
2177 1118 2287 1187 jam
2323 1113 2549 1176 Pascha,
2585 1111 2844 1184 profudit.
2878 1110 2986 1167 Has
3012 1121 3155 1164 notat
3191 1111 3304 1177 ipse
3330 1108 3505 1175 aperis

1914 1209 2351 1270 circumstantias
2391 1207 2451 1263 S.
2485 1208 2645 1262 Pater
2669 1204 2869 1258 dudum
2898 1202 3128 1258 laudatis
3148 1203 3423 1273 Epistolis,
3454 1214 3511 1257 ut

1916 1305 2006 1361 illa
2034 1304 2099 1358 ad
2133 1300 2436 1360 Lucinium,
2469 1298 2533 1353 Et
2563 1297 2716 1368 longo
2744 1306 2909 1350 tentus
2938 1295 3259 1350 incommodo
3279 1336 3292 1358 ,
3341 1295 3426 1348 via:
3461 1298 3513 1348 in

1916 1399 2088 1454 diebus
2118 1394 2535 1466 Quadragrsintw
2550 1394 2801 1461 respirare
2815 1391 2966 1460 coepi.
2984 1389 3048 1443 Et
3064 1388 3165 1442 alia
3182 1386 3248 1441 ad
3269 1386 3484 1454 Evzurgc
3502 1418 3511 1425 -

1916 1492 2047 1552 lum.
2079 1489 2191 1561 Ego
2216 1498 2325 1556 post
2355 1488 2560 1558 longam
2585 1486 2969 1558 wgrotationem
2999 1481 3083 1536 vix
3120 1483 3174 1535 in
3217 1479 3518 1547 Quadi-age-

1924 1586 2069 1639 sinite
2096 1581 2272 1636 diebus
2300 1579 2431 1653 febri
2456 1593 2629 1633 carere
2656 1576 2799 1643 potui
2820 1593 2840 1640 ;
2881 1585 2926 1629 et
2953 1590 3066 1628 cum
3095 1573 3240 1627 alteri
3272 1588 3349 1625 me
3378 1569 3518 1637 operi

1920 1689 2286 1749 pra'pararem,
2313 1687 2500 1742 paucos
2526 1671 2637 1724 dies
2656 1668 2745 1739 qui
2756 1675 3075 1735 supererant,
3101 1666 3152 1717 in
3181 1662 3412 1718 Hatthan'
3429 1677 3521 1714 ra-

1920 1769 2168 1840 positione
2206 1763 2540 1833 consumpsi:
2570 1769 2813 1828 tantaque
2848 1750 3099 1812 auiditate.
3128 1758 3300 1809 studia
3335 1752 3522 1806 omissa

1919 1859 2154 1929 repetivi,
2187 1866 2241 1911 ut
2268 1854 2405 1927 quod
2432 1852 2783 1908 exercitationi
2811 1851 2999 1920 lingua:
3021 1847 3213 1920 profuit
3234 1888 3249 1911 ,
3295 1846 3522 1898 nocuerit

1921 1948 2151 2018 corporis
2180 1944 2483 2000 valetudini.
2520 1942 2770 1997 Omnium
2803 1950 2981 1996 autem
3014 1937 3436 1993 Iuculentissime
3488 1951 3520 1990 n

1922 2041 2233 2098 eorumdem
2265 2037 2789 2094 Commentariorum
2819 2033 3052 2103 Prologo
3084 2049 3097 2085 :
3130 2030 3292 2093 Satis,
3327 2028 3521 2096 inquit,

1924 2137 2102 2195 miror,
2133 2131 2320 2186 Eusebi
2348 2129 2694 2193 dilectissime,
2714 2144 2808 2180 cur
2826 2126 3041 2180 Romam
3063 2122 3228 2177 subito
3255 2122 3526 2191 navigatu-

1926 2243 2014 2281 rtts
2045 2225 2175 2278 hanc
2214 2221 2300 2275 tibi
2346 2238 2378 2273 α
2405 2236 2483 2273 me
2523 2219 2669 2288 quasi
2713 2217 2971 2271 sitarciam
3022 2215 3136 2268 dari
3183 2214 3421 2278 uolueris,
3474 2220 3528 2264 ut

1933 2317 2232 2372 Matt/imum
2256 2315 2464 2368 breviter
2488 2327 2765 2383 exponens,
2793 2318 2993 2364 ρίου...
3023 2307 3085 2361 Si
3113 2306 3421 2361 meminisses
3449 2321 3530 2358 re-

1928 2408 2214 2472 sponsionis
2236 2420 2379 2471 mote,
2398 2420 2669 2471 numquam
2692 2402 2742 2455 in
2769 2401 2946 2470 paucis
2961 2399 3135 2453 diebus
3156 2414 3259 2452 rem
3281 2413 3530 2451 annorum

1932 2512 2142 2569 peteres.
2170 2496 2236 2549 Et
2264 2495 2422 2565 paulo
2445 2504 2598 2564 post;
2628 2491 2694 2544 At
2725 2503 2779 2543 tu
2806 2491 2856 2543 in
2880 2488 3078 2542 duabus
3106 2486 3528 2552 hebdomadibus,

1930 2591 2219 2644 imminente
2235 2587 2349 2657 jam
2375 2583 2599 2645 Pascha,
2625 2590 2671 2635 et
2696 2579 3010 2650 spirantibus
3031 2578 3211 2641 ventis,
3236 2576 3431 2630 dictare
3451 2592 3533 2631 me

1931 2680 2067 2752 cogis
2096 2694 2116 2733 :
2145 2687 2198 2733 ut
2222 2676 2423 2747 quando
2456 2673 2659 2728 Notarii
2689 2672 2975 2741 excipiunt,
3002 2668 3207 2740 quando
3247 2666 3535 2724 scribantur

1931 2772 2208 2837 scltedala',
2231 2768 2434 2840 quando
2458 2765 2803 2827 emendentur,
2835 2779 2934 2831 quo
2955 2763 3120 2834 spatio
3143 2761 3443 2832 digerantur
3465 2758 3532 2812 ad

1932 2882 2139 2939 parum,
2173 2863 2380 2917 minime
2400 2860 2641 2915 attendas
2667 2874 2686 2913 :
2713 2856 2933 2912 maxime
2964 2871 3079 2909 cum
3098 2854 3230 2908 scias
3254 2868 3331 2906 me
3351 2852 3420 2906 ita
3444 2851 3536 2905 tri-

1933 2957 2025 3011 bus
2055 2956 2304 3009 mensibus
2347 2951 2636 3023 languisse,
2669 2958 2724 3003 ut
2752 2948 2836 3002 vix
2861 2929 3003 3001 nunc.
3028 2945 3227 3018 ingredi
3253 2943 3498 3013 incipiant
3519 2982 3533 3007 ,

1934 3066 2024 3104 nec
2047 3048 2233 3117 possim
2255 3045 2444 3101 laboris
2461 3041 2860 3114 magnitudinem
2878 3041 3117 3094 brevitate
3135 3036 3377 3108 temporis
3393 3050 3531 3088 com-

1936 3156 2170 3214 pensare.
2202 3139 2371 3195 Porro
2401 3147 2581 3191 autem
2609 3133 2812 3190 PaScha
2841 3146 2906 3187 eo
2933 3147 3075 3185 anno
3106 3129 3307 3200 Aprilis
3328 3126 3536 3183 decima

1936 3245 2124 3291 octava
2150 3233 2236 3287 die
2267 3229 2527 3300 contigit;
2558 3242 2657 3282 nec
2679 3241 2809 3280 sane
2838 3231 2921 3279 est
2945 3232 3140 3295 praeter
3168 3218 3539 3276 verisimilitu-

1938 3327 2152 3390 dinem,
2184 3331 2241 3379 et
2279 3321 2534 3378 Sanctum
2567 3319 2781 3374 Patrem
2828 3315 2930 3370 sub
2973 3313 3328 3385 praecedentis
3366 3310 3541 3365 Martii

1938 3421 2140 3476 exitum
2168 3415 2372 3471 dictare
2398 3413 2628 3484 cmpisse
2652 3410 2756 3465 hoc
2779 3407 2957 3478 operis
2977 3447 2993 3474 ,
3026 3414 3082 3462 et
3116 3405 3407 3461 Eusebium
3434 3404 3540 3458 alia

1943 3530 2008 3570 ex
2032 3521 2205 3585 parte,
2237 3524 2342 3565 non
2371 3506 2474 3563 nisi
2507 3515 2635 3576 post
2661 3510 2881 3559 exactos
2908 3499 3188 3557 Paschatis
3212 3499 3363 3564 dies,
3403 3495 3546 3568 quod

1943 3618 2025 3663 est
2070 3605 2210 3660 Maio
2256 3604 2511 3665 ineunte,
2566 3595 2893 3668 navigationi
2945 3608 3006 3650 se
3043 3592 3404 3648 commisisse.
3461 3589 3550 3644 ln-

1947 3706 2147 3756 tererat
2173 3698 2311 3751 hanc
2350 3692 2608 3762 temporis
2638 3696 2819 3745 notam
2852 3685 3040 3743 sedulo
3076 3682 3545 3739 animadvertere:

1947 3789 2213 3861 siquidem
2239 3786 2509 3857 negotium
2542 3781 2780 3847 facessit,
2807 3788 2867 3834 ut
2892 3775 3236 3849 postmodum
3262 3770 3551 3842 explicabi-

1949 3898 2088 3946 mus,
2135 3879 2278 3950 quod
2309 3878 2524 3932 videtur
2567 3872 2627 3929 S.
2664 3873 2866 3927 Doctor
2892 3881 3140 3924 asserere
3161 3905 3176 3931 ,
3208 3873 3320 3936 post
3363 3878 3555 3916 annum

1950 3991 1981 4031 a
2019 3970 2221 4031 Ruflini
2258 3965 2609 4040 profectione,
2661 3960 2935 4033 trajecisse
2983 3956 3272 4014 Eusebium
3316 3953 3371 4008 in
3396 3950 3554 4007 Occi-

1951 4068 2196 4125 dentem.

2024 4156 2166 4215 Vlll.
2193 4153 2311 4212 Jam
2342 4165 2470 4209 vero
2500 4147 2642 4220 quod
2665 4146 2775 4214 ait,
2807 4143 2958 4199 alteri
2993 4158 3046 4198 se
3075 4140 3218 4213 operi
3242 4146 3391 4193 antea
3423 4149 3557 4204 pra:-

1956 4265 2187 4326 parasse,
2220 4260 2379 4316 quant
2410 4244 2465 4298 in
2495 4239 2809 4296 Mattlueum
2832 4232 3122 4300 scriberet,
3151 4232 3330 4287 locum
3356 4227 3564 4283 divina-

1961 4318 2195 4400 tionibus
2223 4337 2369 4403 facit,
2389 4334 2518 4407 quid
2547 4332 2724 4390 isthuc
2750 4328 2963 4386 tandem
2992 4324 3175 4396 operis
3191 4321 3370 4378 fuerit.
3394 4318 3564 4375 Nobis

1961 4434 2097 4491 nihil
2123 4432 2188 4487 ad
2215 4446 2424 4494 verum,
2457 4425 2560 4481 aud
2593 4431 2741 4480 certe
2767 4421 2881 4476 veri
2904 4414 3313 4474 similitudinem
3344 4412 3562 4480 prepius

1962 4528 2196 4593 videtur,
2227 4540 2389 4596 quam
2417 4520 2639 4576 Librum
2668 4515 2815 4572 innui
2840 4513 2907 4567 ad
2940 4506 3345 4565 Pammachium
3375 4512 3562 4558 contra

1964 4620 2228 4677 Joannem
2258 4612 2774 4683 Jerosolymitanum
2797 4646 2813 4672 ,
2842 4603 2997 4674 cujus
3036 4598 3295 4670 Apologia
3321 4596 3411 4652 illa
3433 4609 3568 4665 qna-

1966 4725 2291 4783 quaversum
2317 4707 2515 4769 missa,
2551 4699 2839 4757 multorum
2874 4694 2983 4764 jatn
3014 4690 3224 4747 animos
3263 4688 3317 4744 in
3357 4686 3569 4743 diversa

1971 4781 2316 4863 distraxerat,
2352 4806 2413 4851 ut
2440 4796 2545 4866 pati
2577 4791 2779 4849 diutius
2808 4804 2912 4844 non
2943 4794 3128 4859 posset
3151 4782 3211 4840 S.
3244 4781 3407 4839 Pater
3427 4822 3443 4843 ,
3473 4796 3569 4835 ve-

1970 4910 2084 4952 ram
2127 4906 2190 4947 ac
2230 4888 2514 4961 genuinam
2546 4882 2904 4940 contentionis
2940 4874 3157 4933 causam
3186 4871 3442 4944 explodi,
3476 4870 3543 4924 fal

1973 5002 2089 5043 sam
2114 4993 2290 5041 autem
2318 4982 2388 5037 ab
2428 4994 2495 5037 eo
2535 4975 2826 5034 iracundia:
2874 4988 2985 5029 sua:
3020 4968 3303 5042 praetendi.
3340 4968 3410 5022 At
3429 4965 3573 5020 enim

1975 5077 2190 5135 invidia:
2221 5074 2434 5146 plenum
2485 5083 2622 5141 opus
2666 5069 2767 5123 hoc
2804 5071 2955 5132 erat,
2998 5062 3198 5134 stylum
3248 5059 3300 5114 in
3343 5057 3573 5128 Episco-

1979 5186 2105 5245 pum
2136 5183 2291 5226 suum
2322 5178 2554 5222 acuere:
2584 5159 2721 5216 adeo
2741 5157 2800 5214 S.
2836 5156 3001 5213 Pater
3025 5153 3093 5208 de
3133 5149 3392 5207 industria
3436 5146 3572 5201 scri-

1984 5240 2177 5338 ptionis
2196 5262 2314 5332 ejus
2341 5264 2712 5331 argumentum
2733 5251 2967 5308 reticuit.
2996 5248 3079 5304 Ad
3097 5247 3213 5302 haec
3238 5259 3343 5300 non
3369 5240 3579 5296 \idellll'

1985 5372 2194 5415 summa
2221 5330 2296 5410 illi
2336 5330 2670 5409 abiAuctore
2710 5358 2903 5401 manus
2941 5339 3229 5411 imposita:
3274 5345 3436 5404 atque
3475 5330 3579 5385 hoc

1989 5452 2149 5508 etiam
2178 5448 2230 5503 in
2257 5461 2370 5503 rem
2391 5453 2632 5500 nostram
2659 5438 2842 5503 cedit;
2866 5434 3038 5505 primo
3058 5430 3202 5487 enim
3226 5428 3314 5482 ille
3341 5433 3424 5480 est
3442 5422 3579 5476 seri-

1995 5637 2130 5695 febri
2154 5634 2384 5691 recidiva
2405 5641 2719 5702 oppressus,
2743 5618 3075 5679 intereadum
3099 5614 3314 5669 Librum
3336 5620 3583 5680 premere

2000 5729 2186 5787 morbo
2219 5701 2459 5795 cogitur,
2489 5712 2770 5788 Theophili
2809 5711 2989 5768 studio
3039 5705 3252 5762 tandem
3290 5701 3583 5755 instaurata

1944 5826 1962 5880 ζ
2004 5825 2144 5880 inter
2168 5789 2360 5877 clunes
2389 5830 2489 5889 pax
2519 5822 2622 5870 est.
2652 5806 2893 5879 Denique
2909 5797 3180 5856 Rufﬁnttm
3205 5794 3485 5853 Tractatus
3500 5789 3587 5849 hic
