  <div class='ocr_page' id='page_1' title='image "/cluster/home/n/w/nwhite01/storage/ocr_20150623/22/hvd.32044015471378/114.png"; bbox 0 0 4052 6338; ppageno 0'>
   <div class='ocr_carea' id='block_1_1' title="bbox 231 396 328 462">
    <p class='ocr_par' dir='ltr' id='par_1_1' title="bbox 231 396 328 462">
     <span class='ocr_line' id='line_1_1' title="bbox 231 396 328 462; baseline 0 -1"><span class='ocrx_word' id='word_1_1' title='bbox 231 396 328 462; x_wconf 62' lang='lat' dir='ltr'><strong>{Si</strong></span> 
     </span>
    </p>
   </div>
   <div class='ocr_carea' id='block_1_2' title="bbox 228 497 1824 588">
    <p class='ocr_par' dir='ltr' id='par_1_2' title="bbox 228 497 1824 588">
     <span class='ocr_line' id='line_1_2' title="bbox 228 497 1824 588; baseline -0.008 -6"><span class='ocrx_word' id='word_1_2' title='bbox 228 522 540 588; x_wconf 75' lang='lat' dir='ltr'><strong>siitlllnitls,</strong></span> <span class='ocrx_word' id='word_1_3' title='bbox 568 521 712 576; x_wconf 71' lang='lat' dir='ltr'><strong>anno</strong></span> <span class='ocrx_word' id='word_1_4' title='bbox 745 505 876 586; x_wconf 75' lang='lat' dir='ltr'><strong>i598,</strong></span> <span class='ocrx_word' id='word_1_5' title='bbox 905 502 1204 582; x_wconf 63' lang='lat' dir='ltr'><strong>sentiebat,</strong></span> <span class='ocrx_word' id='word_1_6' title='bbox 1233 503 1319 568; x_wconf 70' lang='lat' dir='ltr'><strong>vix</strong></span> <span class='ocrx_word' id='word_1_7' title='bbox 1347 497 1622 569; x_wconf 66' lang='lat' dir='ltr'><strong>conciliari</strong></span> <span class='ocrx_word' id='word_1_8' title='bbox 1667 498 1824 583; x_wconf 66' lang='lat' dir='ltr'><strong>posse</strong></span> 
     </span>
    </p>
   </div>
   <div class='ocr_carea' id='block_1_3' title="bbox 230 592 1818 681">
    <p class='ocr_par' dir='ltr' id='par_1_3' title="bbox 230 592 1818 681">
     <span class='ocr_line' id='line_1_3' title="bbox 230 592 1818 681; baseline -0.007 -10"><span class='ocrx_word' id='word_1_9' title='bbox 230 617 462 681; x_wconf 77' lang='lat' dir='ltr'><strong>videtur,</strong></span> <span class='ocrx_word' id='word_1_10' title='bbox 499 621 557 668; x_wconf 87' lang='lat' dir='ltr'><strong>tit</strong></span> <span class='ocrx_word' id='word_1_11' title='bbox 587 625 656 668; x_wconf 83' lang='lat' dir='ltr'><strong>ne</strong></span> <span class='ocrx_word' id='word_1_12' title='bbox 675 611 765 666; x_wconf 79' lang='lat' dir='ltr'><strong>vix</strong></span> <span class='ocrx_word' id='word_1_13' title='bbox 794 601 1004 681; x_wconf 84' lang='lat' dir='ltr'><strong>quidem</strong></span> <span class='ocrx_word' id='word_1_14' title='bbox 1029 615 1148 662; x_wconf 87' lang='lat' dir='ltr'><strong>cum</strong></span> <span class='ocrx_word' id='word_1_15' title='bbox 1179 606 1285 661; x_wconf 88' lang='lat' dir='ltr'><strong>alio</strong></span> <span class='ocrx_word' id='word_1_16' title='bbox 1312 605 1548 675; x_wconf 79' lang='lat' dir='ltr'><strong>ejusdem</strong></span> <span class='ocrx_word' id='word_1_17' title='bbox 1577 592 1818 660; x_wconf 68' lang='grc' dir='ltr'>ιεειιιηδι</span> 
     </span>
    </p>
   </div>
   <div class='ocr_carea' id='block_1_4' title="bbox 231 693 1821 771">
    <p class='ocr_par' dir='ltr' id='par_1_4' title="bbox 231 693 1821 771">
     <span class='ocr_line' id='line_1_4' title="bbox 231 693 1821 771; baseline -0.009 -9"><span class='ocrx_word' id='word_1_18' title='bbox 231 709 316 763; x_wconf 83' lang='lat' dir='ltr'><strong>nio</strong></span> <span class='ocrx_word' id='word_1_19' title='bbox 346 705 439 760; x_wconf 79' lang='lat' dir='ltr'><strong>lib.</strong></span> <span class='ocrx_word' id='word_1_20' title='bbox 477 704 563 759; x_wconf 86' lang='lat' dir='ltr'><strong>III.</strong></span> <span class='ocrx_word' id='word_1_21' title='bbox 597 708 783 771; x_wconf 84' lang='lat' dir='ltr'><strong>eontra</strong></span> <span class='ocrx_word' id='word_1_22' title='bbox 815 699 1102 762; x_wconf 84' lang='lat' dir='ltr'><strong>Ru—flinum,</strong></span> <span class='ocrx_word' id='word_1_23' title='bbox 1128 698 1212 753; x_wconf 90' lang='lat' dir='ltr'><strong>ubi</strong></span> <span class='ocrx_word' id='word_1_24' title='bbox 1242 695 1584 751; x_wconf 83' lang='lat' dir='ltr'><strong>caillmnialiti</strong></span> <span class='ocrx_word' id='word_1_25' title='bbox 1609 693 1821 763; x_wconf 65' lang='lat' dir='ltr'><strong>aemulo,</strong></span> 
     </span>
    </p>
   </div>
   <div class='ocr_carea' id='block_1_5' title="bbox 232 787 1821 869">
    <p class='ocr_par' dir='ltr' id='par_1_5' title="bbox 232 787 1821 869">
     <span class='ocr_line' id='line_1_5' title="bbox 232 787 1821 869; baseline -0.007 -18"><span class='ocrx_word' id='word_1_26' title='bbox 232 799 369 869; x_wconf 84' lang='lat' dir='ltr'><strong>quod</strong></span> <span class='ocrx_word' id='word_1_27' title='bbox 397 801 744 852; x_wconf 71' lang='lat' dir='ltr'><strong>accusatores</strong></span> <span class='ocrx_word' id='word_1_28' title='bbox 771 794 849 847; x_wconf 91' lang='lat' dir='ltr'><strong>sui</strong></span> <span class='ocrx_word' id='word_1_29' title='bbox 878 792 1099 846; x_wconf 88' lang='lat' dir='ltr'><strong>Romam</strong></span> <span class='ocrx_word' id='word_1_30' title='bbox 1131 788 1484 850; x_wconf 86' lang='lat' dir='ltr'><strong>submisisset,</strong></span> <span class='ocrx_word' id='word_1_31' title='bbox 1516 787 1821 856; x_wconf 68' lang='lat' dir='ltr'><strong>reSpOndet,</strong></span> 
     </span>
    </p>
   </div>
   <div class='ocr_carea' id='block_1_6' title="bbox 239 875 1826 952">
    <p class='ocr_par' dir='ltr' id='par_1_6' title="bbox 239 875 1826 952">
     <span class='ocr_line' id='line_1_6' title="bbox 239 875 1826 952; baseline -0.008 -9"><span class='ocrx_word' id='word_1_32' title='bbox 239 887 579 944; x_wconf 69' lang='lat' dir='ltr'><strong>l’imiiitiunus</strong></span> <span class='ocrx_word' id='word_1_33' title='bbox 620 895 667 938; x_wconf 81' lang='lat' dir='ltr'><strong>et</strong></span> <span class='ocrx_word' id='word_1_34' title='bbox 700 885 950 938; x_wconf 73' lang='lat' dir='ltr'><strong>Eusebius</strong></span> <span class='ocrx_word' id='word_1_35' title='bbox 982 890 1091 952; x_wconf 73' lang='lat' dir='ltr'><strong>post</strong></span> <span class='ocrx_word' id='word_1_36' title='bbox 1123 877 1313 934; x_wconf 72' lang='lat' dir='ltr'><strong>annuat</strong></span> <span class='ocrx_word' id='word_1_37' title='bbox 1343 888 1519 933; x_wconf 68' lang='lat' dir='ltr'><strong>vestrm</strong></span> <span class='ocrx_word' id='word_1_38' title='bbox 1545 875 1826 948; x_wconf 76' lang='lat' dir='ltr'><strong>navigatio-</strong></span> 
     </span>
    </p>
   </div>
   <div class='ocr_carea' id='block_1_7' title="bbox 232 965 1824 1049">
    <p class='ocr_par' dir='ltr' id='par_1_7' title="bbox 232 965 1824 1049">
     <span class='ocr_line' id='line_1_7' title="bbox 232 965 1824 1049; baseline -0.008 -14"><span class='ocrx_word' id='word_1_39' title='bbox 232 985 306 1035; x_wconf 73' lang='lat' dir='ltr'><strong>nis</strong></span> <span class='ocrx_word' id='word_1_40' title='bbox 365 979 584 1049; x_wconf 69' lang='lat' dir='ltr'><strong>proiecti</strong></span> <span class='ocrx_word' id='word_1_41' title='bbox 637 985 774 1030; x_wconf 83' lang='lat' dir='ltr'><strong>sunt.</strong></span> <span class='ocrx_word' id='word_1_42' title='bbox 829 971 1026 1042; x_wconf 77' lang='lat' dir='ltr'><strong>Nempe</strong></span> <span class='ocrx_word' id='word_1_43' title='bbox 1071 972 1171 1026; x_wconf 93' lang='lat' dir='ltr'><strong>hoc</strong></span> <span class='ocrx_word' id='word_1_44' title='bbox 1215 972 1332 1042; x_wconf 90' lang='lat' dir='ltr'><strong>ipso</strong></span> <span class='ocrx_word' id='word_1_45' title='bbox 1376 983 1517 1023; x_wconf 86' lang='lat' dir='ltr'><strong>anno</strong></span> <span class='ocrx_word' id='word_1_46' title='bbox 1563 968 1668 1024; x_wconf 74' lang='lat'><strong>5&#39;98</strong></span> <span class='ocrx_word' id='word_1_47' title='bbox 1712 965 1824 1022; x_wconf 75' lang='lat' dir='ltr'><strong>fere</strong></span> 
     </span>
    </p>
   </div>
   <div class='ocr_carea' id='block_1_8' title="bbox 234 1062 1823 1137">
    <p class='ocr_par' dir='ltr' id='par_1_8' title="bbox 234 1062 1823 1137">
     <span class='ocr_line' id='line_1_8' title="bbox 234 1062 1823 1137; baseline -0.007 -10"><span class='ocrx_word' id='word_1_48' title='bbox 234 1074 410 1126; x_wconf 76' lang='lat' dir='ltr'><strong>mmlio</strong></span> <span class='ocrx_word' id='word_1_49' title='bbox 478 1072 704 1125; x_wconf 82' lang='lat' dir='ltr'><strong>Romam</strong></span> <span class='ocrx_word' id='word_1_50' title='bbox 769 1067 1045 1137; x_wconf 70' lang='lat' dir='ltr'><strong>navigasse</strong></span> <span class='ocrx_word' id='word_1_51' title='bbox 1101 1064 1426 1129; x_wconf 80' lang='lat' dir='ltr'><strong>Eusebitim,</strong></span> <span class='ocrx_word' id='word_1_52' title='bbox 1490 1063 1718 1132; x_wconf 79' lang='lat' dir='ltr'><strong>acceptis</strong></span> <span class='ocrx_word' id='word_1_53' title='bbox 1771 1062 1823 1116; x_wconf 84' lang='lat' dir='ltr'><strong>tu</strong></span> 
     </span>
    </p>
   </div>
   <div class='ocr_carea' id='block_1_9' title="bbox 231 1151 1825 1226">
    <p class='ocr_par' dir='ltr' id='par_1_9' title="bbox 231 1151 1825 1226">
     <span class='ocr_line' id='line_1_9' title="bbox 231 1151 1825 1226; baseline -0.008 -5"><span class='ocrx_word' id='word_1_54' title='bbox 231 1165 539 1221; x_wconf 70' lang='lat' dir='ltr'><strong>lllutthaenm</strong></span> <span class='ocrx_word' id='word_1_55' title='bbox 570 1160 1004 1221; x_wconf 87' lang='lat' dir='ltr'><strong>Commentariis,</strong></span> <span class='ocrx_word' id='word_1_56' title='bbox 1037 1157 1311 1212; x_wconf 85' lang='lat' dir='ltr'><strong>delinitum</strong></span> <span class='ocrx_word' id='word_1_57' title='bbox 1341 1162 1426 1211; x_wconf 85' lang='lat' dir='ltr'><strong>est</strong></span> <span class='ocrx_word' id='word_1_58' title='bbox 1452 1165 1608 1226; x_wconf 85' lang='lat' dir='ltr'><strong>supra</strong></span> <span class='ocrx_word' id='word_1_59' title='bbox 1640 1172 1654 1208; x_wconf 89' lang='lat'><strong>:</strong></span> <span class='ocrx_word' id='word_1_60' title='bbox 1685 1151 1825 1209; x_wconf 85' lang='lat' dir='ltr'><strong>unde</strong></span> 
     </span>
    </p>
   </div>
   <div class='ocr_carea' id='block_1_10' title="bbox 232 1245 1822 1328">
    <p class='ocr_par' dir='ltr' id='par_1_10' title="bbox 232 1245 1822 1328">
     <span class='ocr_line' id='line_1_10' title="bbox 232 1245 1822 1328; baseline -0.004 -23"><span class='ocrx_word' id='word_1_61' title='bbox 232 1257 370 1328; x_wconf 82' lang='lat' dir='ltr'><strong>quod</strong></span> <span class='ocrx_word' id='word_1_62' title='bbox 421 1264 533 1309; x_wconf 89' lang='lat' dir='ltr'><strong>tota</strong></span> <span class='ocrx_word' id='word_1_63' title='bbox 579 1251 941 1322; x_wconf 83' lang='lat' dir='ltr'><strong>disputatione</strong></span> <span class='ocrx_word' id='word_1_64' title='bbox 979 1251 1078 1304; x_wconf 89' lang='lat' dir='ltr'><strong>ista</strong></span> <span class='ocrx_word' id='word_1_65' title='bbox 1117 1247 1509 1312; x_wconf 81' lang='lat' dir='ltr'><strong>contendimus,</strong></span> <span class='ocrx_word' id='word_1_66' title='bbox 1555 1245 1822 1300; x_wconf 85' lang='lat' dir='ltr'><strong>Ruflinutn</strong></span> 
     </span>
    </p>
   </div>
   <div class='ocr_carea' id='block_1_11' title="bbox 236 1329 1821 1416">
    <p class='ocr_par' dir='ltr' id='par_1_11' title="bbox 236 1329 1821 1416">
     <span class='ocr_line' id='line_1_11' title="bbox 236 1329 1821 1416; baseline -0.008 -14"><span class='ocrx_word' id='word_1_67' title='bbox 236 1350 332 1402; x_wconf 89' lang='lat' dir='ltr'><strong>boc</strong></span> <span class='ocrx_word' id='word_1_68' title='bbox 359 1348 475 1416; x_wconf 83' lang='lat' dir='ltr'><strong>ipso</strong></span> <span class='ocrx_word' id='word_1_69' title='bbox 507 1339 725 1399; x_wconf 83' lang='lat' dir='ltr'><strong>ineunte</strong></span> <span class='ocrx_word' id='word_1_70' title='bbox 750 1342 816 1396; x_wconf 83' lang='lat' dir='ltr'><strong>all</strong></span> <span class='ocrx_word' id='word_1_71' title='bbox 846 1339 1043 1398; x_wconf 84' lang='lat' dir='ltr'><strong>Urbem</strong></span> <span class='ocrx_word' id='word_1_72' title='bbox 1074 1339 1384 1405; x_wconf 84' lang='lat' dir='ltr'><strong>accessisse,</strong></span> <span class='ocrx_word' id='word_1_73' title='bbox 1412 1335 1655 1394; x_wconf 85' lang='lat' dir='ltr'><strong>constare</strong></span> <span class='ocrx_word' id='word_1_74' title='bbox 1683 1329 1821 1391; x_wconf 78' lang='lat' dir='ltr'><strong>diffi—</strong></span> 
     </span>
    </p>
   </div>
   <div class='ocr_carea' id='block_1_12' title="bbox 234 1427 1826 1510">
    <p class='ocr_par' dir='ltr' id='par_1_12' title="bbox 234 1427 1826 1510">
     <span class='ocr_line' id='line_1_12' title="bbox 234 1427 1826 1510; baseline -0.007 -15"><span class='ocrx_word' id='word_1_75' title='bbox 234 1442 334 1496; x_wconf 82' lang='lat' dir='ltr'><strong>cile</strong></span> <span class='ocrx_word' id='word_1_76' title='bbox 362 1447 542 1510; x_wconf 89' lang='lat' dir='ltr'><strong>potest</strong></span> <span class='ocrx_word' id='word_1_77' title='bbox 570 1453 585 1493; x_wconf 88' lang='lat'><strong>:</strong></span> <span class='ocrx_word' id='word_1_78' title='bbox 613 1437 831 1491; x_wconf 84' lang='lat' dir='ltr'><strong>minime</strong></span> <span class='ocrx_word' id='word_1_79' title='bbox 857 1442 1054 1498; x_wconf 88' lang='lat' dir='ltr'><strong>autem,</strong></span> <span class='ocrx_word' id='word_1_80' title='bbox 1077 1433 1144 1495; x_wconf 87' lang='lat' dir='ltr'><strong>si,</strong></span> <span class='ocrx_word' id='word_1_81' title='bbox 1166 1431 1306 1502; x_wconf 91' lang='lat' dir='ltr'><strong>quod</strong></span> <span class='ocrx_word' id='word_1_82' title='bbox 1329 1427 1534 1486; x_wconf 84' lang='lat' dir='ltr'><strong>videtur</strong></span> <span class='ocrx_word' id='word_1_83' title='bbox 1557 1429 1826 1484; x_wconf 78' lang='lat' dir='ltr'><strong>afﬁrmare</strong></span> 
     </span>
    </p>
   </div>
   <div class='ocr_carea' id='block_1_13' title="bbox 233 1517 1827 1594">
    <p class='ocr_par' dir='ltr' id='par_1_13' title="bbox 233 1517 1827 1594">
     <span class='ocr_line' id='line_1_13' title="bbox 233 1517 1827 1594; baseline -0.008 -7"><span class='ocrx_word' id='word_1_84' title='bbox 233 1532 287 1587; x_wconf 89' lang='lat' dir='ltr'><strong>S.</strong></span> <span class='ocrx_word' id='word_1_85' title='bbox 316 1531 493 1594; x_wconf 84' lang='lat' dir='ltr'><strong>Pater,</strong></span> <span class='ocrx_word' id='word_1_86' title='bbox 519 1527 860 1583; x_wconf 87' lang='lat' dir='ltr'><strong>Pauiitiiauus</strong></span> <span class='ocrx_word' id='word_1_87' title='bbox 879 1539 979 1578; x_wconf 89' lang='lat' dir='ltr'><strong>uua</strong></span> <span class='ocrx_word' id='word_1_88' title='bbox 997 1533 1116 1579; x_wconf 88' lang='lat' dir='ltr'><strong>cum</strong></span> <span class='ocrx_word' id='word_1_89' title='bbox 1143 1523 1374 1577; x_wconf 85' lang='lat' dir='ltr'><strong>Eusebio</strong></span> <span class='ocrx_word' id='word_1_90' title='bbox 1397 1523 1674 1590; x_wconf 83' lang='lat' dir='ltr'><strong>navigavit.</strong></span> <span class='ocrx_word' id='word_1_91' title='bbox 1699 1517 1827 1576; x_wconf 78' lang='lat' dir='ltr'><strong>Hac-</strong></span> 
     </span>
    </p>
   </div>
   <div class='ocr_carea' id='block_1_14' title="bbox 237 1615 1824 1686">
    <p class='ocr_par' dir='ltr' id='par_1_14' title="bbox 237 1615 1824 1686">
     <span class='ocr_line' id='line_1_14' title="bbox 237 1615 1824 1686; baseline -0.008 -7"><span class='ocrx_word' id='word_1_92' title='bbox 237 1635 388 1680; x_wconf 90' lang='lat' dir='ltr'><strong>tenus</strong></span> <span class='ocrx_word' id='word_1_93' title='bbox 427 1625 572 1678; x_wconf 89' lang='lat' dir='ltr'><strong>enim</strong></span> <span class='ocrx_word' id='word_1_94' title='bbox 601 1617 653 1674; x_wconf 92' lang='lat' dir='ltr'><strong>id</strong></span> <span class='ocrx_word' id='word_1_95' title='bbox 675 1621 906 1686; x_wconf 82' lang='lat' dir='ltr'><strong>egimus,</strong></span> <span class='ocrx_word' id='word_1_96' title='bbox 936 1626 991 1671; x_wconf 89' lang='lat' dir='ltr'><strong>ut</strong></span> <span class='ocrx_word' id='word_1_97' title='bbox 1014 1617 1114 1672; x_wconf 83' lang='lat' dir='ltr'><strong>sub</strong></span> <span class='ocrx_word' id='word_1_98' title='bbox 1133 1617 1255 1670; x_wconf 84' lang='lat' dir='ltr'><strong>anni</strong></span> <span class='ocrx_word' id='word_1_99' title='bbox 1284 1615 1441 1670; x_wconf 90' lang='lat' dir='ltr'><strong>linem</strong></span> <span class='ocrx_word' id='word_1_100' title='bbox 1464 1615 1824 1682; x_wconf 88' lang='lat' dir='ltr'><strong>conscriptum</strong></span> 
     </span>
    </p>
   </div>
   <div class='ocr_carea' id='block_1_15' title="bbox 236 1707 1822 1775">
    <p class='ocr_par' dir='ltr' id='par_1_15' title="bbox 236 1707 1822 1775">
     <span class='ocr_line' id='line_1_15' title="bbox 236 1707 1822 1775; baseline -0.008 -5"><span class='ocrx_word' id='word_1_101' title='bbox 236 1717 376 1771; x_wconf 89' lang='lat' dir='ltr'><strong>inme</strong></span> <span class='ocrx_word' id='word_1_102' title='bbox 417 1715 484 1769; x_wconf 86' lang='lat' dir='ltr'><strong>ab</strong></span> <span class='ocrx_word' id='word_1_103' title='bbox 525 1721 592 1768; x_wconf 87' lang='lat' dir='ltr'><strong>eo</strong></span> <span class='ocrx_word' id='word_1_104' title='bbox 631 1712 848 1766; x_wconf 89' lang='lat' dir='ltr'><strong>Librum</strong></span> <span class='ocrx_word' id='word_1_105' title='bbox 887 1707 1318 1770; x_wconf 80' lang='lat' dir='ltr'><strong>ostenderemus,</strong></span> <span class='ocrx_word' id='word_1_106' title='bbox 1373 1707 1423 1760; x_wconf 92' lang='lat' dir='ltr'><strong>in</strong></span> <span class='ocrx_word' id='word_1_107' title='bbox 1462 1711 1567 1775; x_wconf 87' lang='lat' dir='ltr'><strong>quo</strong></span> <span class='ocrx_word' id='word_1_108' title='bbox 1605 1707 1822 1758; x_wconf 78' lang='lat' dir='ltr'><strong>fratrem</strong></span> 
     </span>
    </p>
   </div>
   <div class='ocr_carea' id='block_1_16' title="bbox 235 1795 1821 1872">
    <p class='ocr_par' dir='ltr' id='par_1_16' title="bbox 235 1795 1821 1872">
     <span class='ocr_line' id='line_1_16' title="bbox 235 1795 1821 1872; baseline -0.009 -10"><span class='ocrx_word' id='word_1_109' title='bbox 235 1815 387 1862; x_wconf 82' lang='lat' dir='ltr'><strong>stium</strong></span> <span class='ocrx_word' id='word_1_110' title='bbox 420 1806 549 1861; x_wconf 90' lang='lat' dir='ltr'><strong>dicit</strong></span> <span class='ocrx_word' id='word_1_111' title='bbox 576 1801 768 1857; x_wconf 64' lang='lat' dir='ltr'><strong>uersari</strong></span> <span class='ocrx_word' id='word_1_112' title='bbox 796 1797 949 1872; x_wconf 80' lang='lat' dir='ltr'><strong>Cypri</strong></span> <span class='ocrx_word' id='word_1_113' title='bbox 975 1829 988 1863; x_wconf 65' lang='grc' dir='ltr'><strong>ί</strong></span> <span class='ocrx_word' id='word_1_114' title='bbox 1019 1809 1065 1853; x_wconf 88' lang='lat' dir='ltr'><strong>et</strong></span> <span class='ocrx_word' id='word_1_115' title='bbox 1094 1799 1162 1851; x_wconf 87' lang='lat' dir='ltr'><strong>atl</strong></span> <span class='ocrx_word' id='word_1_116' title='bbox 1192 1795 1524 1851; x_wconf 85' lang='lat' dir='ltr'><strong>visitationem</strong></span> <span class='ocrx_word' id='word_1_117' title='bbox 1554 1796 1634 1850; x_wconf 91' lang='lat' dir='ltr'><strong>sui</strong></span> <span class='ocrx_word' id='word_1_118' title='bbox 1664 1796 1821 1848; x_wconf 82' lang='lat' dir='ltr'><strong>inter—</strong></span> 
     </span>
    </p>
   </div>
   <div class='ocr_carea' id='block_1_17' title="bbox 235 1888 1826 1966">
    <p class='ocr_par' dir='ltr' id='par_1_17' title="bbox 235 1888 1826 1966">
     <span class='ocr_line' id='line_1_17' title="bbox 235 1888 1826 1966; baseline -0.008 -13"><span class='ocrx_word' id='word_1_119' title='bbox 235 1899 356 1953; x_wconf 83' lang='lat' dir='ltr'><strong>dum</strong></span> <span class='ocrx_word' id='word_1_120' title='bbox 401 1899 608 1962; x_wconf 75' lang='lat' dir='ltr'><strong>venire,</strong></span> <span class='ocrx_word' id='word_1_121' title='bbox 649 1895 738 1966; x_wconf 87' lang='lat' dir='ltr'><strong>qui</strong></span> <span class='ocrx_word' id='word_1_122' title='bbox 787 1892 1043 1948; x_wconf 89' lang='lat' dir='ltr'><strong>dicendus</strong></span> <span class='ocrx_word' id='word_1_123' title='bbox 1092 1890 1278 1945; x_wconf 85' lang='lat' dir='ltr'><strong>fuisset</strong></span> <span class='ocrx_word' id='word_1_124' title='bbox 1317 1889 1425 1959; x_wconf 78' lang='lat' dir='ltr'><strong>jam</strong></span> <span class='ocrx_word' id='word_1_125' title='bbox 1465 1897 1587 1942; x_wconf 84' lang='lat' dir='ltr'><strong>ante</strong></span> <span class='ocrx_word' id='word_1_126' title='bbox 1625 1888 1826 1956; x_wconf 80' lang='lat' dir='ltr'><strong>aliquot</strong></span> 
     </span>
    </p>
   </div>
   <div class='ocr_carea' id='block_1_18' title="bbox 235 1979 1824 2048">
    <p class='ocr_par' dir='ltr' id='par_1_18' title="bbox 235 1979 1824 2048">
     <span class='ocr_line' id='line_1_18' title="bbox 235 1979 1824 2048; baseline -0.011 0"><span class='ocrx_word' id='word_1_127' title='bbox 235 2005 447 2048; x_wconf 90' lang='lat' dir='ltr'><strong>menses</strong></span> <span class='ocrx_word' id='word_1_128' title='bbox 487 1991 540 2044; x_wconf 90' lang='lat' dir='ltr'><strong>in</strong></span> <span class='ocrx_word' id='word_1_129' title='bbox 581 1987 926 2044; x_wconf 78' lang='lat' dir='ltr'><strong>Occidentem</strong></span> <span class='ocrx_word' id='word_1_130' title='bbox 963 1997 1021 2038; x_wconf 88' lang='lat' dir='ltr'><strong>se</strong></span> <span class='ocrx_word' id='word_1_131' title='bbox 1055 1981 1361 2038; x_wconf 90' lang='lat' dir='ltr'><strong>contulisse.</strong></span> <span class='ocrx_word' id='word_1_132' title='bbox 1395 1979 1525 2034; x_wconf 86' lang='lat' dir='ltr'><strong>Huic</strong></span> <span class='ocrx_word' id='word_1_133' title='bbox 1552 1979 1824 2033; x_wconf 89' lang='lat' dir='ltr'><strong>enimvero</strong></span> 
     </span>
    </p>
   </div>
   <div class='ocr_carea' id='block_1_19' title="bbox 234 2068 1820 2148">
    <p class='ocr_par' dir='ltr' id='par_1_19' title="bbox 234 2068 1820 2148">
     <span class='ocr_line' id='line_1_19' title="bbox 234 2068 1820 2148; baseline -0.011 -8"><span class='ocrx_word' id='word_1_134' title='bbox 234 2086 441 2139; x_wconf 79' lang='lat' dir='ltr'><strong>cuidam</strong></span> <span class='ocrx_word' id='word_1_135' title='bbox 472 2081 634 2137; x_wconf 89' lang='lat' dir='ltr'><strong>veluti</strong></span> <span class='ocrx_word' id='word_1_136' title='bbox 662 2071 883 2148; x_wconf 85' lang='lat' dir='ltr'><strong>scopulo</strong></span> <span class='ocrx_word' id='word_1_137' title='bbox 907 2077 1056 2130; x_wconf 79' lang='lat' dir='ltr'><strong>allisa</strong></span> <span class='ocrx_word' id='word_1_138' title='bbox 1084 2073 1401 2129; x_wconf 89' lang='lat' dir='ltr'><strong>Criticorum</strong></span> <span class='ocrx_word' id='word_1_139' title='bbox 1429 2068 1638 2141; x_wconf 78' lang='lat' dir='ltr'><strong>ingenia</strong></span> <span class='ocrx_word' id='word_1_140' title='bbox 1660 2075 1820 2124; x_wconf 86' lang='lat' dir='ltr'><strong>sunt:</strong></span> 
     </span>
    </p>
   </div>
   <div class='ocr_carea' id='block_1_20' title="bbox 234 2159 1823 2245">
    <p class='ocr_par' dir='ltr' id='par_1_20' title="bbox 234 2159 1823 2245">
     <span class='ocr_line' id='line_1_20' title="bbox 234 2159 1823 2245; baseline -0.009 -16"><span class='ocrx_word' id='word_1_141' title='bbox 234 2191 388 2245; x_wconf 87' lang='lat' dir='ltr'><strong>quem</strong></span> <span class='ocrx_word' id='word_1_142' title='bbox 436 2173 708 2228; x_wconf 86' lang='lat' dir='ltr'><strong>declinare</strong></span> <span class='ocrx_word' id='word_1_143' title='bbox 745 2178 920 2224; x_wconf 87' lang='lat' dir='ltr'><strong>tamen</strong></span> <span class='ocrx_word' id='word_1_144' title='bbox 960 2163 1240 2221; x_wconf 84' lang='lat' dir='ltr'><strong>commode</strong></span> <span class='ocrx_word' id='word_1_145' title='bbox 1283 2170 1563 2232; x_wconf 75' lang='lat' dir='ltr'><strong>poterant,</strong></span> <span class='ocrx_word' id='word_1_146' title='bbox 1613 2163 1658 2214; x_wconf 90' lang='lat' dir='ltr'><strong>si</strong></span> <span class='ocrx_word' id='word_1_147' title='bbox 1697 2159 1823 2230; x_wconf 83' lang='lat' dir='ltr'><strong>quid</strong></span> 
     </span>
    </p>
   </div>
   <div class='ocr_carea' id='block_1_21' title="bbox 234 2253 1823 2333">
    <p class='ocr_par' dir='ltr' id='par_1_21' title="bbox 234 2253 1823 2333">
     <span class='ocr_line' id='line_1_21' title="bbox 234 2253 1823 2333; baseline -0.012 -11"><span class='ocrx_word' id='word_1_148' title='bbox 234 2269 366 2322; x_wconf 90' lang='lat' dir='ltr'><strong>istuc</strong></span> <span class='ocrx_word' id='word_1_149' title='bbox 401 2266 480 2320; x_wconf 88' lang='lat' dir='ltr'><strong>rei</strong></span> <span class='ocrx_word' id='word_1_150' title='bbox 521 2273 702 2328; x_wconf 86' lang='lat' dir='ltr'><strong>esset,</strong></span> <span class='ocrx_word' id='word_1_151' title='bbox 726 2262 939 2333; x_wconf 89' lang='lat' dir='ltr'><strong>penitus</strong></span> <span class='ocrx_word' id='word_1_152' title='bbox 966 2253 1337 2326; x_wconf 74' lang='lat' dir='ltr'><strong>inspexissent.</strong></span> <span class='ocrx_word' id='word_1_153' title='bbox 1365 2255 1460 2307; x_wconf 88' lang='lat' dir='ltr'><strong>Est</strong></span> <span class='ocrx_word' id='word_1_154' title='bbox 1478 2257 1653 2306; x_wconf 87' lang='lat' dir='ltr'><strong>autem</strong></span> <span class='ocrx_word' id='word_1_155' title='bbox 1678 2265 1823 2306; x_wconf 80' lang='lat' dir='ltr'><strong>ciun-</strong></span> 
     </span>
    </p>
   </div>
   <div class='ocr_carea' id='block_1_22' title="bbox 231 2343 1826 2431">
    <p class='ocr_par' dir='ltr' id='par_1_22' title="bbox 231 2343 1826 2431">
     <span class='ocr_line' id='line_1_22' title="bbox 231 2343 1826 2431; baseline -0.012 -16"><span class='ocrx_word' id='word_1_156' title='bbox 231 2361 418 2431; x_wconf 89' lang='lat' dir='ltr'><strong>primis</strong></span> <span class='ocrx_word' id='word_1_157' title='bbox 448 2357 642 2413; x_wconf 88' lang='lat' dir='ltr'><strong>sedqu</strong></span> <span class='ocrx_word' id='word_1_158' title='bbox 669 2349 1222 2414; x_wconf 83' lang='lat' dir='ltr'><strong>animadvertendum,</strong></span> <span class='ocrx_word' id='word_1_159' title='bbox 1245 2347 1458 2402; x_wconf 84' lang='lat' dir='ltr'><strong>diverso</strong></span> <span class='ocrx_word' id='word_1_160' title='bbox 1481 2346 1620 2398; x_wconf 87' lang='lat' dir='ltr'><strong>inter</strong></span> <span class='ocrx_word' id='word_1_161' title='bbox 1641 2358 1699 2398; x_wconf 90' lang='lat' dir='ltr'><strong>se</strong></span> <span class='ocrx_word' id='word_1_162' title='bbox 1721 2343 1826 2397; x_wconf 85' lang='lat' dir='ltr'><strong>Eu-</strong></span> 
     </span>
    </p>
   </div>
   <div class='ocr_carea' id='block_1_23' title="bbox 230 2436 1822 2511">
    <p class='ocr_par' dir='ltr' id='par_1_23' title="bbox 230 2436 1822 2511">
     <span class='ocr_line' id='line_1_23' title="bbox 230 2436 1822 2511; baseline -0.013 -1"><span class='ocrx_word' id='word_1_163' title='bbox 230 2455 436 2510; x_wconf 85' lang='lat' dir='ltr'><strong>sebium</strong></span> <span class='ocrx_word' id='word_1_164' title='bbox 456 2461 512 2506; x_wconf 90' lang='lat' dir='ltr'><strong>et</strong></span> <span class='ocrx_word' id='word_1_165' title='bbox 535 2448 904 2505; x_wconf 74' lang='lat' dir='ltr'><strong>Paulinianum</strong></span> <span class='ocrx_word' id='word_1_166' title='bbox 928 2449 1164 2511; x_wconf 85' lang='lat' dir='ltr'><strong>tempore</strong></span> <span class='ocrx_word' id='word_1_167' title='bbox 1185 2440 1478 2508; x_wconf 78' lang='lat' dir='ltr'><strong>navigasse,</strong></span> <span class='ocrx_word' id='word_1_168' title='bbox 1496 2443 1654 2506; x_wconf 87' lang='lat' dir='ltr'><strong>atque</strong></span> <span class='ocrx_word' id='word_1_169' title='bbox 1677 2436 1822 2489; x_wconf 88' lang='lat' dir='ltr'><strong>illutn</strong></span> 
     </span>
    </p>
   </div>
   <div class='ocr_carea' id='block_1_24' title="bbox 229 2525 1821 2617">
    <p class='ocr_par' dir='ltr' id='par_1_24' title="bbox 229 2525 1821 2617">
     <span class='ocr_line' id='line_1_24' title="bbox 229 2525 1821 2617; baseline -0.013 -17"><span class='ocrx_word' id='word_1_170' title='bbox 229 2545 444 2617; x_wconf 81' lang='lat' dir='ltr'><strong>quidem</strong></span> <span class='ocrx_word' id='word_1_171' title='bbox 479 2541 637 2595; x_wconf 81' lang='lat' dir='ltr'><strong>valde</strong></span> <span class='ocrx_word' id='word_1_172' title='bbox 678 2539 781 2592; x_wconf 89' lang='lat' dir='ltr'><strong>isto</strong></span> <span class='ocrx_word' id='word_1_173' title='bbox 809 2535 966 2590; x_wconf 88' lang='lat' dir='ltr'><strong>citius</strong></span> <span class='ocrx_word' id='word_1_174' title='bbox 989 2574 1005 2599; x_wconf 94' lang='lat'><strong>,</strong></span> <span class='ocrx_word' id='word_1_175' title='bbox 1035 2545 1192 2602; x_wconf 84' lang='lat' dir='ltr'><strong>quem</strong></span> <span class='ocrx_word' id='word_1_176' title='bbox 1231 2528 1437 2584; x_wconf 86' lang='lat' dir='ltr'><strong>nonnisi</strong></span> <span class='ocrx_word' id='word_1_177' title='bbox 1479 2525 1821 2595; x_wconf 79' lang='lat' dir='ltr'><strong>subsequenti</strong></span> 
     </span>
    </p>
   </div>
   <div class='ocr_carea' id='block_1_25' title="bbox 228 2617 1822 2690">
    <p class='ocr_par' dir='ltr' id='par_1_25' title="bbox 228 2617 1822 2690">
     <span class='ocr_line' id='line_1_25' title="bbox 228 2617 1822 2690; baseline -0.012 1"><span class='ocrx_word' id='word_1_178' title='bbox 228 2652 362 2690; x_wconf 89' lang='lat' dir='ltr'><strong>anno</strong></span> <span class='ocrx_word' id='word_1_179' title='bbox 408 2633 522 2689; x_wconf 75' lang='lat'><strong>599</strong></span> <span class='ocrx_word' id='word_1_180' title='bbox 562 2639 831 2686; x_wconf 88' lang='lat' dir='ltr'><strong>remeasse</strong></span> <span class='ocrx_word' id='word_1_181' title='bbox 869 2624 1120 2679; x_wconf 86' lang='lat' dir='ltr'><strong>discimus</strong></span> <span class='ocrx_word' id='word_1_182' title='bbox 1160 2623 1208 2676; x_wconf 92' lang='lat' dir='ltr'><strong>in</strong></span> <span class='ocrx_word' id='word_1_183' title='bbox 1251 2619 1611 2674; x_wconf 80' lang='lat' dir='ltr'><strong>Occidentem.</strong></span> <span class='ocrx_word' id='word_1_184' title='bbox 1668 2617 1822 2672; x_wconf 81' lang='lat' dir='ltr'><strong>Salva</strong></span> 
     </span>
    </p>
   </div>
   <div class='ocr_carea' id='block_1_26' title="bbox 230 2709 1823 2784">
    <p class='ocr_par' dir='ltr' id='par_1_26' title="bbox 230 2709 1823 2784">
     <span class='ocr_line' id='line_1_26' title="bbox 230 2709 1823 2784; baseline -0.011 -2"><span class='ocrx_word' id='word_1_185' title='bbox 230 2730 321 2784; x_wconf 86' lang='lat' dir='ltr'><strong>hac</strong></span> <span class='ocrx_word' id='word_1_186' title='bbox 365 2721 841 2780; x_wconf 85' lang='lat' dir='ltr'><strong>animadversione</strong></span> <span class='ocrx_word' id='word_1_187' title='bbox 881 2733 964 2771; x_wconf 86' lang='lat' dir='ltr'><strong>res</strong></span> <span class='ocrx_word' id='word_1_188' title='bbox 995 2723 1107 2769; x_wconf 86' lang='lat' dir='ltr'><strong>erat</strong></span> <span class='ocrx_word' id='word_1_189' title='bbox 1133 2732 1144 2767; x_wconf 95' lang='lat'>:</span> <span class='ocrx_word' id='word_1_190' title='bbox 1171 2713 1235 2767; x_wconf 92' lang='lat' dir='ltr'><strong>ad</strong></span> <span class='ocrx_word' id='word_1_191' title='bbox 1267 2713 1407 2766; x_wconf 89' lang='lat' dir='ltr'><strong>lnmc</strong></span> <span class='ocrx_word' id='word_1_192' title='bbox 1436 2711 1578 2765; x_wconf 89' lang='lat' dir='ltr'><strong>enim</strong></span> <span class='ocrx_word' id='word_1_193' title='bbox 1612 2709 1823 2780; x_wconf 82' lang='lat' dir='ltr'><strong>proprie</strong></span> 
     </span>
    </p>
   </div>
   <div class='ocr_carea' id='block_1_27' title="bbox 224 2803 1823 2885">
    <p class='ocr_par' dir='ltr' id='par_1_27' title="bbox 224 2803 1823 2885">
     <span class='ocr_line' id='line_1_27' title="bbox 224 2803 1823 2885; baseline -0.011 -9"><span class='ocrx_word' id='word_1_194' title='bbox 224 2821 459 2876; x_wconf 81' lang='lat' dir='ltr'><strong>refertur</strong></span> <span class='ocrx_word' id='word_1_195' title='bbox 486 2859 500 2882; x_wconf 89' lang='lat'><strong>,</strong></span> <span class='ocrx_word' id='word_1_196' title='bbox 528 2812 670 2885; x_wconf 89' lang='lat' dir='ltr'><strong>quod</strong></span> <span class='ocrx_word' id='word_1_197' title='bbox 711 2812 780 2866; x_wconf 85' lang='lat' dir='ltr'><strong>sit</strong></span> <span class='ocrx_word' id='word_1_198' title='bbox 818 2817 928 2878; x_wconf 83' lang='lat' dir='ltr'><strong>post</strong></span> <span class='ocrx_word' id='word_1_199' title='bbox 965 2819 1152 2861; x_wconf 87' lang='lat' dir='ltr'><strong>annum</strong></span> <span class='ocrx_word' id='word_1_200' title='bbox 1183 2821 1211 2858; x_wconf 91' lang='lat' dir='ltr'><strong>a</strong></span> <span class='ocrx_word' id='word_1_201' title='bbox 1250 2803 1443 2859; x_wconf 84' lang='lat' dir='ltr'><strong>Rufllni</strong></span> <span class='ocrx_word' id='word_1_202' title='bbox 1489 2803 1823 2873; x_wconf 77' lang='lat' dir='ltr'><strong>navigatione</strong></span> 
     </span>
    </p>
   </div>
   <div class='ocr_carea' id='block_1_28' title="bbox 227 2896 1818 2986">
    <p class='ocr_par' dir='ltr' id='par_1_28' title="bbox 227 2896 1818 2986">
     <span class='ocr_line' id='line_1_28' title="bbox 227 2896 1818 2986; baseline -0.012 -17"><span class='ocrx_word' id='word_1_203' title='bbox 227 2915 506 2986; x_wconf 84' lang='lat' dir='ltr'><strong>profectus</strong></span> <span class='ocrx_word' id='word_1_204' title='bbox 533 2909 780 2970; x_wconf 80' lang='lat' dir='ltr'><strong>Romam,</strong></span> <span class='ocrx_word' id='word_1_205' title='bbox 809 2903 1016 2958; x_wconf 85' lang='lat' dir='ltr'><strong>tametsi</strong></span> <span class='ocrx_word' id='word_1_206' title='bbox 1044 2901 1196 2962; x_wconf 79' lang='lat' dir='ltr'><strong>alius,</strong></span> <span class='ocrx_word' id='word_1_207' title='bbox 1221 2899 1332 2953; x_wconf 84' lang='lat' dir='ltr'><strong>sive</strong></span> <span class='ocrx_word' id='word_1_208' title='bbox 1356 2897 1612 2952; x_wconf 88' lang='lat' dir='ltr'><strong>Eusebius</strong></span> <span class='ocrx_word' id='word_1_209' title='bbox 1631 2896 1818 2951; x_wconf 86' lang='lat' dir='ltr'><strong>eodem</strong></span> 
     </span>
    </p>
   </div>
   <div class='ocr_carea' id='block_1_29' title="bbox 226 2990 1820 3074">
    <p class='ocr_par' dir='ltr' id='par_1_29' title="bbox 226 2990 1820 3074">
     <span class='ocr_line' id='line_1_29' title="bbox 226 2990 1820 3074; baseline -0.013 -12"><span class='ocrx_word' id='word_1_210' title='bbox 226 3009 442 3062; x_wconf 84' lang='lat' dir='ltr'><strong>venerit</strong></span> <span class='ocrx_word' id='word_1_211' title='bbox 476 3011 596 3074; x_wconf 88' lang='lat' dir='ltr'><strong>post</strong></span> <span class='ocrx_word' id='word_1_212' title='bbox 623 3001 827 3070; x_wconf 87' lang='lat' dir='ltr'><strong>aliquot</strong></span> <span class='ocrx_word' id='word_1_213' title='bbox 857 2995 1058 3050; x_wconf 85' lang='lat' dir='ltr'><strong>tantum</strong></span> <span class='ocrx_word' id='word_1_214' title='bbox 1087 2993 1320 3048; x_wconf 83' lang='lat' dir='ltr'><strong>menses.</strong></span> <span class='ocrx_word' id='word_1_215' title='bbox 1353 2991 1649 3044; x_wconf 85' lang='lat' dir='ltr'><strong>Occurrunt</strong></span> <span class='ocrx_word' id='word_1_216' title='bbox 1675 2990 1820 3058; x_wconf 85' lang='lat' dir='ltr'><strong>ejus-</strong></span> 
     </span>
    </p>
   </div>
   <div class='ocr_carea' id='block_1_30' title="bbox 227 3083 1817 3164">
    <p class='ocr_par' dir='ltr' id='par_1_30' title="bbox 227 3083 1817 3164">
     <span class='ocr_line' id='line_1_30' title="bbox 227 3083 1817 3164; baseline -0.013 -9"><span class='ocrx_word' id='word_1_217' title='bbox 227 3100 371 3155; x_wconf 89' lang='lat' dir='ltr'><strong>modi</strong></span> <span class='ocrx_word' id='word_1_218' title='bbox 406 3097 510 3151; x_wconf 88' lang='lat' dir='ltr'><strong>alia</strong></span> <span class='ocrx_word' id='word_1_219' title='bbox 541 3092 678 3164; x_wconf 86' lang='lat' dir='ltr'><strong>apud</strong></span> <span class='ocrx_word' id='word_1_220' title='bbox 711 3091 1092 3160; x_wconf 83' lang='lat' dir='ltr'><strong>Hieronymum</strong></span> <span class='ocrx_word' id='word_1_221' title='bbox 1123 3085 1408 3140; x_wconf 87' lang='lat' dir='ltr'><strong>locutionis</strong></span> <span class='ocrx_word' id='word_1_222' title='bbox 1455 3085 1696 3153; x_wconf 77' lang='lat' dir='ltr'><strong>exempla</strong></span> <span class='ocrx_word' id='word_1_223' title='bbox 1719 3123 1734 3150; x_wconf 92' lang='lat'><strong>,</strong></span> <span class='ocrx_word' id='word_1_224' title='bbox 1767 3083 1817 3136; x_wconf 90' lang='lat' dir='ltr'><strong>in</strong></span> 
     </span>
    </p>
   </div>
   <div class='ocr_carea' id='block_1_31' title="bbox 228 3177 1813 3264">
    <p class='ocr_par' dir='ltr' id='par_1_31' title="bbox 228 3177 1813 3264">
     <span class='ocr_line' id='line_1_31' title="bbox 228 3177 1813 3264; baseline -0.009 -20"><span class='ocrx_word' id='word_1_225' title='bbox 228 3192 422 3264; x_wconf 88' lang='lat' dir='ltr'><strong>quibus</strong></span> <span class='ocrx_word' id='word_1_226' title='bbox 449 3189 541 3244; x_wconf 89' lang='lat' dir='ltr'><strong>uni</strong></span> <span class='ocrx_word' id='word_1_227' title='bbox 567 3196 657 3242; x_wconf 88' lang='lat' dir='ltr'><strong>aut</strong></span> <span class='ocrx_word' id='word_1_228' title='bbox 683 3184 832 3239; x_wconf 84' lang='lat' dir='ltr'><strong>alteri</strong></span> <span class='ocrx_word' id='word_1_229' title='bbox 855 3199 884 3238; x_wconf 92' lang='lat' dir='ltr'><strong>e</strong></span> <span class='ocrx_word' id='word_1_230' title='bbox 909 3181 1164 3252; x_wconf 74' lang='lat' dir='ltr'><strong>pluribus,</strong></span> <span class='ocrx_word' id='word_1_231' title='bbox 1189 3194 1319 3249; x_wconf 85' lang='lat' dir='ltr'><strong>quas</strong></span> <span class='ocrx_word' id='word_1_232' title='bbox 1341 3179 1495 3233; x_wconf 88' lang='lat' dir='ltr'><strong>simul</strong></span> <span class='ocrx_word' id='word_1_233' title='bbox 1521 3177 1813 3248; x_wconf 84' lang='lat' dir='ltr'><strong>conjungit,</strong></span> 
     </span>
    </p>
   </div>
   <div class='ocr_carea' id='block_1_32' title="bbox 227 3269 1814 3348">
    <p class='ocr_par' dir='ltr' id='par_1_32' title="bbox 227 3269 1814 3348">
     <span class='ocr_line' id='line_1_32' title="bbox 227 3269 1814 3348; baseline -0.011 -8"><span class='ocrx_word' id='word_1_234' title='bbox 227 3285 300 3340; x_wconf 89' lang='lat' dir='ltr'><strong>rei</strong></span> <span class='ocrx_word' id='word_1_235' title='bbox 345 3283 544 3337; x_wconf 83' lang='lat' dir='ltr'><strong>veritas</strong></span> <span class='ocrx_word' id='word_1_236' title='bbox 591 3279 822 3348; x_wconf 82' lang='lat' dir='ltr'><strong>perfecte</strong></span> <span class='ocrx_word' id='word_1_237' title='bbox 861 3273 1131 3329; x_wconf 82' lang='lat' dir='ltr'><strong>convenit.</strong></span> <span class='ocrx_word' id='word_1_238' title='bbox 1168 3271 1339 3327; x_wconf 89' lang='lat' dir='ltr'><strong>Unum</strong></span> <span class='ocrx_word' id='word_1_239' title='bbox 1385 3269 1648 3339; x_wconf 88' lang='lat' dir='ltr'><strong>proferam</strong></span> <span class='ocrx_word' id='word_1_240' title='bbox 1679 3277 1743 3324; x_wconf 71' lang='lat' dir='ltr'><strong>ex</strong></span> <span class='ocrx_word' id='word_1_241' title='bbox 1774 3269 1814 3323; x_wconf 91' lang='lat' dir='ltr'><strong>I.</strong></span> 
     </span>
    </p>
   </div>
   <div class='ocr_carea' id='block_1_33' title="bbox 229 3361 1819 3435">
    <p class='ocr_par' dir='ltr' id='par_1_33' title="bbox 229 3361 1819 3435">
     <span class='ocr_line' id='line_1_33' title="bbox 229 3361 1819 3435; baseline -0.013 0"><span class='ocrx_word' id='word_1_242' title='bbox 229 3389 410 3435; x_wconf 84' lang='lat' dir='ltr'><strong>contra</strong></span> <span class='ocrx_word' id='word_1_243' title='bbox 441 3373 688 3431; x_wconf 90' lang='lat' dir='ltr'><strong>eumdem</strong></span> <span class='ocrx_word' id='word_1_244' title='bbox 719 3369 987 3424; x_wconf 87' lang='lat' dir='ltr'><strong>Rufiluum</strong></span> <span class='ocrx_word' id='word_1_245' title='bbox 1020 3367 1154 3420; x_wconf 90' lang='lat' dir='ltr'><strong>libro</strong></span> <span class='ocrx_word' id='word_1_246' title='bbox 1185 3377 1327 3420; x_wconf 82' lang='lat' dir='ltr'><strong>nunt.</strong></span> <span class='ocrx_word' id='word_1_247' title='bbox 1359 3363 1420 3417; x_wconf 95' lang='lat' dir='ltr'><strong>li.</strong></span> <span class='ocrx_word' id='word_1_248' title='bbox 1458 3361 1705 3424; x_wconf 76' lang='lat' dir='ltr'><strong>Laudari,</strong></span> <span class='ocrx_word' id='word_1_249' title='bbox 1737 3362 1819 3416; x_wconf 71' lang='lat' dir='ltr'><strong>In~</strong></span> 
     </span>
    </p>
   </div>
   <div class='ocr_carea' id='block_1_34' title="bbox 232 3454 1818 3542">
    <p class='ocr_par' dir='ltr' id='par_1_34' title="bbox 232 3454 1818 3542">
     <span class='ocr_line' id='line_1_34' title="bbox 232 3454 1818 3542; baseline -0.013 -15"><span class='ocrx_word' id='word_1_250' title='bbox 232 3473 361 3542; x_wconf 88' lang='lat' dir='ltr'><strong>quit,</strong></span> <span class='ocrx_word' id='word_1_251' title='bbox 401 3467 677 3522; x_wconf 83' lang='lat' dir='ltr'><strong>Eusebium</strong></span> <span class='ocrx_word' id='word_1_252' title='bbox 706 3464 758 3518; x_wconf 88' lang='lat' dir='ltr'><strong>in</strong></span> <span class='ocrx_word' id='word_1_253' title='bbox 790 3459 1144 3516; x_wconf 80' lang='lat' dir='ltr'><strong>Ecclesiasticn</strong></span> <span class='ocrx_word' id='word_1_254' title='bbox 1174 3457 1408 3519; x_wconf 76' lang='lat' dir='ltr'><strong>historia,</strong></span> <span class='ocrx_word' id='word_1_255' title='bbox 1436 3457 1488 3508; x_wconf 85' lang='lat' dir='ltr'><strong>in</strong></span> <span class='ocrx_word' id='word_1_256' title='bbox 1518 3454 1818 3525; x_wconf 81' lang='lat' dir='ltr'><strong>Digestione</strong></span> 
     </span>
    </p>
   </div>
   <div class='ocr_carea' id='block_1_35' title="bbox 233 3546 1818 3635">
    <p class='ocr_par' dir='ltr' id='par_1_35' title="bbox 233 3546 1818 3635">
     <span class='ocr_line' id='line_1_35' title="bbox 233 3546 1818 3635; baseline -0.013 -16"><span class='ocrx_word' id='word_1_257' title='bbox 233 3576 510 3635; x_wconf 78' lang='lat' dir='ltr'><strong>teniporum</strong></span> <span class='ocrx_word' id='word_1_258' title='bbox 531 3603 544 3624; x_wconf 93' lang='lat'><strong>,</strong></span> <span class='ocrx_word' id='word_1_259' title='bbox 573 3562 626 3612; x_wconf 89' lang='lat' dir='ltr'><strong>in</strong></span> <span class='ocrx_word' id='word_1_260' title='bbox 667 3555 1003 3625; x_wconf 83' lang='lat' dir='ltr'><strong>descriptione</strong></span> <span class='ocrx_word' id='word_1_261' title='bbox 1039 3551 1209 3605; x_wconf 75' lang='lat' dir='ltr'><strong>Terra:</strong></span> <span class='ocrx_word' id='word_1_262' title='bbox 1233 3556 1422 3602; x_wconf 68' lang='lat' dir='ltr'><strong>sanctis</strong></span> <span class='ocrx_word' id='word_1_263' title='bbox 1449 3563 1467 3601; x_wconf 89' lang='lat'><strong><em>:</em></strong></span> <span class='ocrx_word' id='word_1_264' title='bbox 1496 3556 1541 3600; x_wconf 85' lang='lat' dir='ltr'><strong>et</strong></span> <span class='ocrx_word' id='word_1_265' title='bbox 1571 3546 1678 3600; x_wconf 81' lang='lat' dir='ltr'><strong>hch</strong></span> <span class='ocrx_word' id='word_1_266' title='bbox 1705 3547 1818 3615; x_wconf 85' lang='lat' dir='ltr'><strong>ipsa</strong></span> 
     </span>
    </p>
   </div>
   <div class='ocr_carea' id='block_1_36' title="bbox 235 3638 1818 3728">
    <p class='ocr_par' dir='ltr' id='par_1_36' title="bbox 235 3638 1818 3728">
     <span class='ocr_line' id='line_1_36' title="bbox 235 3638 1818 3728; baseline -0.013 -17"><span class='ocrx_word' id='word_1_267' title='bbox 235 3657 475 3728; x_wconf 83' lang='lat' dir='ltr'><strong>apuscula</strong></span> <span class='ocrx_word' id='word_1_268' title='bbox 515 3654 568 3706; x_wconf 84' lang='lat' dir='ltr'><strong>in</strong></span> <span class='ocrx_word' id='word_1_269' title='bbox 609 3650 846 3703; x_wconf 84' lang='lat' dir='ltr'><strong>Latinam</strong></span> <span class='ocrx_word' id='word_1_270' title='bbox 877 3656 1070 3701; x_wconf 80' lang='lat' dir='ltr'><strong>vertens</strong></span> <span class='ocrx_word' id='word_1_271' title='bbox 1096 3685 1110 3708; x_wconf 95' lang='lat'><strong>,</strong></span> <span class='ocrx_word' id='word_1_272' title='bbox 1143 3657 1266 3696; x_wconf 72' lang='lat' dir='ltr'><strong>mea:</strong></span> <span class='ocrx_word' id='word_1_273' title='bbox 1306 3641 1492 3710; x_wconf 70' lang='lat' dir='ltr'><strong>lingua:</strong></span> <span class='ocrx_word' id='word_1_274' title='bbox 1533 3638 1818 3691; x_wconf 83' lang='lat' dir='ltr'><strong>hominibus</strong></span> 
     </span>
    </p>
   </div>
   <div class='ocr_carea' id='block_1_37' title="bbox 162 3727 1820 3812">
    <p class='ocr_par' dir='ltr' id='par_1_37' title="bbox 162 3727 1820 3812">
     <span class='ocr_line' id='line_1_37' title="bbox 162 3727 1820 3812; baseline -0.013 -9"><span class='ocrx_word' id='word_1_275' title='bbox 162 3754 166 3756; x_wconf 81' lang='grc'><em>’</em></span> <span class='ocrx_word' id='word_1_276' title='bbox 234 3727 367 3802; x_wconf 61' lang='lat' dir='ltr'><strong>diedi.</strong></span> <span class='ocrx_word' id='word_1_277' title='bbox 417 3748 484 3800; x_wconf 85' lang='lat' dir='ltr'><strong>Et</strong></span> <span class='ocrx_word' id='word_1_278' title='bbox 512 3749 845 3812; x_wconf 87' lang='lat' dir='ltr'><strong>compertum</strong></span> <span class='ocrx_word' id='word_1_279' title='bbox 877 3747 957 3792; x_wconf 87' lang='lat' dir='ltr'><strong>est</strong></span> <span class='ocrx_word' id='word_1_280' title='bbox 999 3746 1170 3790; x_wconf 85' lang='lat' dir='ltr'><strong>tamen</strong></span> <span class='ocrx_word' id='word_1_281' title='bbox 1197 3777 1211 3796; x_wconf 93' lang='lat'><strong>,</strong></span> <span class='ocrx_word' id='word_1_282' title='bbox 1247 3743 1528 3801; x_wconf 87' lang='lat' dir='ltr'><strong>numquam</strong></span> <span class='ocrx_word' id='word_1_283' title='bbox 1563 3729 1724 3782; x_wconf 87' lang='lat' dir='ltr'><strong>fuisse</strong></span> <span class='ocrx_word' id='word_1_284' title='bbox 1753 3727 1820 3782; x_wconf 86' lang='lat' dir='ltr'><strong>ab</strong></span> 
     </span>
    </p>
   </div>
   <div class='ocr_carea' id='block_1_38' title="bbox 238 3820 1818 3894">
    <p class='ocr_par' dir='ltr' id='par_1_38' title="bbox 238 3820 1818 3894">
     <span class='ocr_line' id='line_1_38' title="bbox 238 3820 1818 3894; baseline -0.015 0"><span class='ocrx_word' id='word_1_285' title='bbox 238 3841 324 3894; x_wconf 93' lang='lat' dir='ltr'><strong>illo</strong></span> <span class='ocrx_word' id='word_1_286' title='bbox 354 3834 780 3892; x_wconf 79' lang='lat' dir='ltr'><strong>Ecclesiasticam</strong></span> <span class='ocrx_word' id='word_1_287' title='bbox 814 3827 1024 3884; x_wconf 87' lang='lat' dir='ltr'><strong>Eusebii</strong></span> <span class='ocrx_word' id='word_1_288' title='bbox 1059 3824 1340 3879; x_wconf 87' lang='lat' dir='ltr'><strong>Historiam</strong></span> <span class='ocrx_word' id='word_1_289' title='bbox 1374 3822 1555 3875; x_wconf 86' lang='lat' dir='ltr'><strong>Latine</strong></span> <span class='ocrx_word' id='word_1_290' title='bbox 1580 3820 1818 3888; x_wconf 80' lang='lat' dir='ltr'><strong>explica-</strong></span> 
     </span>
    </p>
   </div>
   <div class='ocr_carea' id='block_1_39' title="bbox 238 3911 1817 3995">
    <p class='ocr_par' dir='ltr' id='par_1_39' title="bbox 238 3911 1817 3995">
     <span class='ocr_line' id='line_1_39' title="bbox 238 3911 1817 3995; baseline -0.015 -10"><span class='ocrx_word' id='word_1_291' title='bbox 238 3941 360 3995; x_wconf 87' lang='lat' dir='ltr'><strong>tam,</strong></span> <span class='ocrx_word' id='word_1_292' title='bbox 385 3928 480 3983; x_wconf 85' lang='lat' dir='ltr'><strong>sed</strong></span> <span class='ocrx_word' id='word_1_293' title='bbox 505 3927 601 3980; x_wconf 85' lang='lat' dir='ltr'><strong>alia</strong></span> <span class='ocrx_word' id='word_1_294' title='bbox 626 3925 732 3978; x_wconf 90' lang='lat' dir='ltr'><strong>duo</strong></span> <span class='ocrx_word' id='word_1_295' title='bbox 760 3925 983 3985; x_wconf 82' lang='lat' dir='ltr'><strong>tantum,</strong></span> <span class='ocrx_word' id='word_1_296' title='bbox 1007 3932 1126 3988; x_wconf 68' lang='lat' dir='ltr'><strong>quae</strong></span> <span class='ocrx_word' id='word_1_297' title='bbox 1148 3917 1259 3969; x_wconf 85' lang='lat' dir='ltr'><strong>suis</strong></span> <span class='ocrx_word' id='word_1_298' title='bbox 1283 3915 1410 3967; x_wconf 87' lang='lat' dir='ltr'><strong>locis</strong></span> <span class='ocrx_word' id='word_1_299' title='bbox 1433 3911 1817 3974; x_wconf 86' lang='lat' dir='ltr'><strong>recensuimus,</strong></span> 
     </span>
    </p>
   </div>
   <div class='ocr_carea' id='block_1_40' title="bbox 235 4002 1821 4094">
    <p class='ocr_par' dir='ltr' id='par_1_40' title="bbox 235 4002 1821 4094">
     <span class='ocr_line' id='line_1_40' title="bbox 235 4002 1821 4094; baseline -0.015 -15"><span class='ocrx_word' id='word_1_300' title='bbox 235 4039 414 4094; x_wconf 86' lang='lat' dir='ltr'><strong>opera,</strong></span> <span class='ocrx_word' id='word_1_301' title='bbox 437 4019 759 4076; x_wconf 78' lang='lat' dir='ltr'><strong>Clironicum</strong></span> <span class='ocrx_word' id='word_1_302' title='bbox 789 4017 1000 4084; x_wconf 88' lang='lat' dir='ltr'><strong>inquam</strong></span> <span class='ocrx_word' id='word_1_303' title='bbox 1025 4011 1315 4072; x_wconf 88' lang='lat' dir='ltr'><strong>Canonem,</strong></span> <span class='ocrx_word' id='word_1_304' title='bbox 1339 4017 1392 4061; x_wconf 90' lang='lat' dir='ltr'><strong>et</strong></span> <span class='ocrx_word' id='word_1_305' title='bbox 1415 4005 1480 4059; x_wconf 88' lang='lat' dir='ltr'><strong>de</strong></span> <span class='ocrx_word' id='word_1_306' title='bbox 1503 4004 1654 4058; x_wconf 85' lang='lat' dir='ltr'><strong>Locis</strong></span> <span class='ocrx_word' id='word_1_307' title='bbox 1678 4002 1821 4058; x_wconf 84' lang='lat' dir='ltr'><strong>Scri-</strong></span> 
     </span>
    </p>
   </div>
   <div class='ocr_carea' id='block_1_41' title="bbox 240 4095 1818 4186">
    <p class='ocr_par' dir='ltr' id='par_1_41' title="bbox 240 4095 1818 4186">
     <span class='ocr_line' id='line_1_41' title="bbox 240 4095 1818 4186; baseline -0.015 -15"><span class='ocrx_word' id='word_1_308' title='bbox 240 4127 401 4186; x_wconf 84' lang='lat' dir='ltr'><strong>ptura:</strong></span> <span class='ocrx_word' id='word_1_309' title='bbox 445 4113 659 4167; x_wconf 90' lang='lat' dir='ltr'><strong>librum.</strong></span> <span class='ocrx_word' id='word_1_310' title='bbox 711 4105 1003 4164; x_wconf 88' lang='lat' dir='ltr'><strong>Commodo</strong></span> <span class='ocrx_word' id='word_1_311' title='bbox 1035 4111 1117 4158; x_wconf 85' lang='lat' dir='ltr'><strong>est</strong></span> <span class='ocrx_word' id='word_1_312' title='bbox 1156 4104 1334 4171; x_wconf 89' lang='lat' dir='ltr'><strong>itaque</strong></span> <span class='ocrx_word' id='word_1_313' title='bbox 1375 4097 1647 4152; x_wconf 89' lang='lat' dir='ltr'><strong>intellectu</strong></span> <span class='ocrx_word' id='word_1_314' title='bbox 1677 4095 1818 4150; x_wconf 87' lang='lat' dir='ltr'><strong>acci-</strong></span> 
     </span>
    </p>
   </div>
   <div class='ocr_carea' id='block_1_42' title="bbox 238 4187 1821 4278">
    <p class='ocr_par' dir='ltr' id='par_1_42' title="bbox 238 4187 1821 4278">
     <span class='ocr_line' id='line_1_42' title="bbox 238 4187 1821 4278; baseline -0.013 -18"><span class='ocrx_word' id='word_1_315' title='bbox 238 4207 456 4278; x_wconf 86' lang='lat' dir='ltr'><strong>piendus</strong></span> <span class='ocrx_word' id='word_1_316' title='bbox 481 4247 494 4264; x_wconf 91' lang='lat'><strong>,</strong></span> <span class='ocrx_word' id='word_1_317' title='bbox 525 4212 581 4258; x_wconf 88' lang='lat' dir='ltr'><strong>ut</strong></span> <span class='ocrx_word' id='word_1_318' title='bbox 621 4203 738 4257; x_wconf 71' lang='lat' dir='ltr'><strong>lucc</strong></span> <span class='ocrx_word' id='word_1_319' title='bbox 774 4197 984 4270; x_wconf 84' lang='lat' dir='ltr'><strong>quidem</strong></span> <span class='ocrx_word' id='word_1_320' title='bbox 1032 4196 1083 4249; x_wconf 90' lang='lat' dir='ltr'><strong>in</strong></span> <span class='ocrx_word' id='word_1_321' title='bbox 1128 4193 1368 4248; x_wconf 83' lang='lat' dir='ltr'><strong>Latinum</strong></span> <span class='ocrx_word' id='word_1_322' title='bbox 1400 4191 1622 4244; x_wconf 77' lang='lat' dir='ltr'><strong>vertisse</strong></span> <span class='ocrx_word' id='word_1_323' title='bbox 1644 4229 1656 4252; x_wconf 92' lang='lat'><strong>,</strong></span> <span class='ocrx_word' id='word_1_324' title='bbox 1691 4187 1821 4241; x_wconf 90' lang='lat' dir='ltr'><strong>illud</strong></span> 
     </span>
    </p>
   </div>
   <div class='ocr_carea' id='block_1_43' title="bbox 239 4279 1820 4364">
    <p class='ocr_par' dir='ltr' id='par_1_43' title="bbox 239 4279 1820 4364">
     <span class='ocr_line' id='line_1_43' title="bbox 239 4279 1820 4364; baseline -0.015 -9"><span class='ocrx_word' id='word_1_325' title='bbox 239 4312 408 4356; x_wconf 88' lang='lat' dir='ltr'><strong>autem</strong></span> <span class='ocrx_word' id='word_1_326' title='bbox 435 4343 448 4364; x_wconf 96' lang='lat'><strong>,</strong></span> <span class='ocrx_word' id='word_1_327' title='bbox 477 4298 589 4352; x_wconf 68' lang='lat' dir='ltr'><strong>sive</strong></span> <span class='ocrx_word' id='word_1_328' title='bbox 620 4294 904 4349; x_wconf 86' lang='lat' dir='ltr'><strong>Historiam</strong></span> <span class='ocrx_word' id='word_1_329' title='bbox 936 4285 1360 4344; x_wconf 84' lang='lat' dir='ltr'><strong>Ecciesiasticam</strong></span> <span class='ocrx_word' id='word_1_330' title='bbox 1394 4281 1636 4337; x_wconf 86' lang='lat' dir='ltr'><strong>laudasse</strong></span> <span class='ocrx_word' id='word_1_331' title='bbox 1665 4279 1820 4334; x_wconf 82' lang='lat' dir='ltr'><strong>duui-</strong></span> 
     </span>
    </p>
   </div>
   <div class='ocr_carea' id='block_1_44' title="bbox 241 4381 1818 4449">
    <p class='ocr_par' dir='ltr' id='par_1_44' title="bbox 241 4381 1818 4449">
     <span class='ocr_line' id='line_1_44' title="bbox 241 4381 1818 4449; baseline -0.015 1"><span class='ocrx_word' id='word_1_332' title='bbox 241 4403 378 4449; x_wconf 77' lang='lat' dir='ltr'><strong>tasat</strong></span> <span class='ocrx_word' id='word_1_333' title='bbox 404 4408 462 4448; x_wconf 91' lang='lat' dir='ltr'><strong>se</strong></span> <span class='ocrx_word' id='word_1_334' title='bbox 492 4387 708 4445; x_wconf 79' lang='lat' dir='ltr'><strong>dixerit.</strong></span> <span class='ocrx_word' id='word_1_335' title='bbox 743 4383 890 4440; x_wconf 82' lang='lat' dir='ltr'><strong>Haud</strong></span> <span class='ocrx_word' id='word_1_336' title='bbox 922 4383 1021 4436; x_wconf 90' lang='lat' dir='ltr'><strong>alia</strong></span> <span class='ocrx_word' id='word_1_337' title='bbox 1055 4382 1104 4434; x_wconf 91' lang='lat' dir='ltr'><strong>lu</strong></span> <span class='ocrx_word' id='word_1_338' title='bbox 1133 4393 1233 4449; x_wconf 87' lang='lat' dir='ltr'><strong>qua</strong></span> <span class='ocrx_word' id='word_1_339' title='bbox 1263 4389 1558 4436; x_wconf 77' lang='lat' dir='ltr'><strong>versamur,</strong></span> <span class='ocrx_word' id='word_1_340' title='bbox 1590 4389 1675 4428; x_wconf 90' lang='lat' dir='ltr'><strong>res</strong></span> <span class='ocrx_word' id='word_1_341' title='bbox 1704 4381 1818 4439; x_wconf 81' lang='lat' dir='ltr'><strong>est;</strong></span> 
     </span>
    </p>
   </div>
   <div class='ocr_carea' id='block_1_45' title="bbox 239 4467 1818 4552">
    <p class='ocr_par' dir='ltr' id='par_1_45' title="bbox 239 4467 1818 4552">
     <span class='ocr_line' id='line_1_45' title="bbox 239 4467 1818 4552; baseline -0.013 -12"><span class='ocrx_word' id='word_1_342' title='bbox 239 4503 359 4542; x_wconf 88' lang='lat' dir='ltr'><strong>vere</strong></span> <span class='ocrx_word' id='word_1_343' title='bbox 395 4485 537 4541; x_wconf 85' lang='lat' dir='ltr'><strong>enim</strong></span> <span class='ocrx_word' id='word_1_344' title='bbox 584 4489 698 4552; x_wconf 83' lang='lat' dir='ltr'><strong>post</strong></span> <span class='ocrx_word' id='word_1_345' title='bbox 737 4489 927 4531; x_wconf 84' lang='lat' dir='ltr'><strong>annum</strong></span> <span class='ocrx_word' id='word_1_346' title='bbox 958 4494 984 4527; x_wconf 73' lang='grc' dir='ltr'>ει</span> <span class='ocrx_word' id='word_1_347' title='bbox 1013 4473 1228 4528; x_wconf 77' lang='grc' dir='ltr'><strong>ΒυΙῊηο</strong></span> <span class='ocrx_word' id='word_1_348' title='bbox 1253 4471 1501 4525; x_wconf 84' lang='lat' dir='ltr'><strong>Paulinus</strong></span> <span class='ocrx_word' id='word_1_349' title='bbox 1534 4467 1818 4530; x_wconf 74' lang='lat' dir='ltr'><strong>discessit,</strong></span> 
     </span>
    </p>
   </div>
   <div class='ocr_carea' id='block_1_46' title="bbox 241 4554 1824 4646">
    <p class='ocr_par' dir='ltr' id='par_1_46' title="bbox 241 4554 1824 4646">
     <span class='ocr_line' id='line_1_46' title="bbox 241 4554 1824 4646; baseline -0.014 -13"><span class='ocrx_word' id='word_1_350' title='bbox 241 4592 462 4646; x_wconf 85' lang='lat' dir='ltr'><strong>cumque</strong></span> <span class='ocrx_word' id='word_1_351' title='bbox 496 4573 712 4644; x_wconf 75' lang='lat' dir='ltr'><strong>prbpl-ie</strong></span> <span class='ocrx_word' id='word_1_352' title='bbox 743 4568 941 4623; x_wconf 78' lang='lat' dir='ltr'><strong>notatio</strong></span> <span class='ocrx_word' id='word_1_353' title='bbox 973 4566 1060 4620; x_wconf 88' lang='lat' dir='ltr'><strong>illa</strong></span> <span class='ocrx_word' id='word_1_354' title='bbox 1093 4562 1345 4632; x_wconf 89' lang='lat' dir='ltr'><strong>temporis</strong></span> <span class='ocrx_word' id='word_1_355' title='bbox 1374 4568 1596 4630; x_wconf 84' lang='lat' dir='ltr'><strong>Spectat.</strong></span> <span class='ocrx_word' id='word_1_356' title='bbox 1627 4554 1738 4612; x_wconf 84' lang='lat' dir='ltr'><strong>Iino</strong></span> <span class='ocrx_word' id='word_1_357' title='bbox 1769 4564 1824 4611; x_wconf 89' lang='lat' dir='ltr'><strong>et</strong></span> 
     </span>
    </p>
   </div>
   <div class='ocr_carea' id='block_1_47' title="bbox 241 4651 1820 4725">
    <p class='ocr_par' dir='ltr' id='par_1_47' title="bbox 241 4651 1820 4725">
     <span class='ocr_line' id='line_1_47' title="bbox 241 4651 1820 4725; baseline -0.014 0"><span class='ocrx_word' id='word_1_358' title='bbox 241 4673 408 4725; x_wconf 83' lang='lat' dir='ltr'><strong>verius</strong></span> <span class='ocrx_word' id='word_1_359' title='bbox 439 4668 606 4722; x_wconf 80' lang='lat' dir='ltr'><strong>nuilto</strong></span> <span class='ocrx_word' id='word_1_360' title='bbox 648 4665 701 4718; x_wconf 94' lang='lat' dir='ltr'><strong>iu</strong></span> <span class='ocrx_word' id='word_1_361' title='bbox 743 4663 841 4715; x_wconf 87' lang='lat' dir='ltr'><strong>hac</strong></span> <span class='ocrx_word' id='word_1_362' title='bbox 877 4661 1034 4714; x_wconf 85' lang='lat' dir='ltr'><strong>habet</strong></span> <span class='ocrx_word' id='word_1_363' title='bbox 1064 4675 1076 4711; x_wconf 87' lang='lat'><strong>:</strong></span> <span class='ocrx_word' id='word_1_364' title='bbox 1109 4655 1314 4711; x_wconf 86' lang='lat' dir='ltr'><strong>tametsi</strong></span> <span class='ocrx_word' id='word_1_365' title='bbox 1346 4655 1488 4708; x_wconf 89' lang='lat' dir='ltr'><strong>enim</strong></span> <span class='ocrx_word' id='word_1_366' title='bbox 1520 4651 1780 4706; x_wconf 85' lang='lat' dir='ltr'><strong>Eusebius</strong></span> <span class='ocrx_word' id='word_1_367' title='bbox 1803 4691 1820 4718; x_wconf 91' lang='lat'><strong>,</strong></span> 
     </span>
    </p>
   </div>
   <div class='ocr_carea' id='block_1_48' title="bbox 243 4739 1824 4820">
    <p class='ocr_par' dir='ltr' id='par_1_48' title="bbox 243 4739 1824 4820">
     <span class='ocr_line' id='line_1_48' title="bbox 243 4739 1824 4820; baseline -0.015 -2"><span class='ocrx_word' id='word_1_368' title='bbox 243 4759 612 4818; x_wconf 79' lang='lat' dir='ltr'><strong>Cremonensis</strong></span> <span class='ocrx_word' id='word_1_369' title='bbox 642 4755 873 4818; x_wconf 84' lang='lat' dir='ltr'><strong>scilicet,</strong></span> <span class='ocrx_word' id='word_1_370' title='bbox 907 4763 1061 4820; x_wconf 87' lang='lat' dir='ltr'><strong>quem</strong></span> <span class='ocrx_word' id='word_1_371' title='bbox 1091 4739 1208 4803; x_wconf 85' lang='lat' dir='ltr'><strong>cum</strong></span> <span class='ocrx_word' id='word_1_372' title='bbox 1241 4745 1550 4801; x_wconf 83' lang='lat' dir='ltr'><strong>Pauliniano</strong></span> <span class='ocrx_word' id='word_1_373' title='bbox 1581 4742 1636 4798; x_wconf 91' lang='lat' dir='ltr'><strong>S.</strong></span> <span class='ocrx_word' id='word_1_374' title='bbox 1667 4743 1824 4796; x_wconf 86' lang='lat' dir='ltr'><strong>Pater</strong></span> 
     </span>
    </p>
   </div>
   <div class='ocr_carea' id='block_1_49' title="bbox 241 4831 1824 4924">
    <p class='ocr_par' dir='ltr' id='par_1_49' title="bbox 241 4831 1824 4924">
     <span class='ocr_line' id='line_1_49' title="bbox 241 4831 1824 4924; baseline -0.016 -14"><span class='ocrx_word' id='word_1_375' title='bbox 241 4853 503 4924; x_wconf 81' lang='lat' dir='ltr'><strong>eonjungit</strong></span> <span class='ocrx_word' id='word_1_376' title='bbox 526 4893 538 4912; x_wconf 92' lang='lat'><strong>,</strong></span> <span class='ocrx_word' id='word_1_377' title='bbox 570 4861 678 4902; x_wconf 90' lang='lat' dir='ltr'><strong>non</strong></span> <span class='ocrx_word' id='word_1_378' title='bbox 709 4841 1025 4898; x_wconf 87' lang='lat' dir='ltr'><strong>intermedio</strong></span> <span class='ocrx_word' id='word_1_379' title='bbox 1054 4839 1224 4893; x_wconf 86' lang='lat' dir='ltr'><strong>solido</strong></span> <span class='ocrx_word' id='word_1_380' title='bbox 1253 4849 1428 4902; x_wconf 86' lang='lat' dir='ltr'><strong>anno,</strong></span> <span class='ocrx_word' id='word_1_381' title='bbox 1459 4833 1551 4889; x_wconf 88' lang='lat' dir='ltr'><strong>sed</strong></span> <span class='ocrx_word' id='word_1_382' title='bbox 1580 4841 1701 4905; x_wconf 90' lang='lat' dir='ltr'><strong>post</strong></span> <span class='ocrx_word' id='word_1_383' title='bbox 1723 4831 1824 4885; x_wconf 85' lang='lat' dir='ltr'><strong>ali-</strong></span> 
     </span>
    </p>
   </div>
   <div class='ocr_carea' id='block_1_50' title="bbox 241 4924 1824 5016">
    <p class='ocr_par' dir='ltr' id='par_1_50' title="bbox 241 4924 1824 5016">
     <span class='ocr_line' id='line_1_50' title="bbox 241 4924 1824 5016; baseline -0.014 -16"><span class='ocrx_word' id='word_1_384' title='bbox 241 4955 357 5016; x_wconf 89' lang='lat' dir='ltr'><strong>quot</strong></span> <span class='ocrx_word' id='word_1_385' title='bbox 391 4947 595 5000; x_wconf 82' lang='lat' dir='ltr'><strong>tantum</strong></span> <span class='ocrx_word' id='word_1_386' title='bbox 639 4951 852 4992; x_wconf 87' lang='lat' dir='ltr'><strong>menses</strong></span> <span class='ocrx_word' id='word_1_387' title='bbox 889 4948 919 4989; x_wconf 70' lang='grc' dir='ltr'>α</span> <span class='ocrx_word' id='word_1_388' title='bbox 957 4932 1172 4988; x_wconf 87' lang='lat' dir='ltr'><strong>Rufiiuo</strong></span> <span class='ocrx_word' id='word_1_389' title='bbox 1218 4924 1476 4997; x_wconf 83' lang='lat' dir='ltr'><strong>uavigarit</strong></span> <span class='ocrx_word' id='word_1_390' title='bbox 1499 4967 1513 4992; x_wconf 92' lang='lat'><strong>,</strong></span> <span class='ocrx_word' id='word_1_391' title='bbox 1556 4934 1677 4995; x_wconf 90' lang='lat' dir='ltr'><strong>post</strong></span> <span class='ocrx_word' id='word_1_392' title='bbox 1701 4933 1824 4978; x_wconf 87' lang='lat' dir='ltr'><strong>eum</strong></span> 
     </span>
    </p>
   </div>
   <div class='ocr_carea' id='block_1_51' title="bbox 242 5020 1829 5100">
    <p class='ocr_par' dir='ltr' id='par_1_51' title="bbox 242 5020 1829 5100">
     <span class='ocr_line' id='line_1_51' title="bbox 242 5020 1829 5100; baseline -0.014 -7"><span class='ocrx_word' id='word_1_393' title='bbox 242 5051 407 5093; x_wconf 86' lang='lat' dir='ltr'><strong>tamen</strong></span> <span class='ocrx_word' id='word_1_394' title='bbox 449 5041 610 5095; x_wconf 78' lang='grc' dir='ltr'><strong>ἅπλῶς</strong></span> <span class='ocrx_word' id='word_1_395' title='bbox 641 5028 944 5100; x_wconf 79' lang='lat' dir='ltr'><strong>navigavit,</strong></span> <span class='ocrx_word' id='word_1_396' title='bbox 976 5025 1115 5098; x_wconf 89' lang='lat' dir='ltr'><strong>quod</strong></span> <span class='ocrx_word' id='word_1_397' title='bbox 1145 5024 1276 5079; x_wconf 84' lang='lat' dir='ltr'><strong>satis</strong></span> <span class='ocrx_word' id='word_1_398' title='bbox 1304 5022 1428 5076; x_wconf 84' lang='lat' dir='ltr'><strong>huic</strong></span> <span class='ocrx_word' id='word_1_399' title='bbox 1456 5020 1590 5092; x_wconf 81' lang='lat' dir='ltr'><strong>parti</strong></span> <span class='ocrx_word' id='word_1_400' title='bbox 1617 5027 1699 5074; x_wconf 86' lang='lat' dir='ltr'><strong>est</strong></span> <span class='ocrx_word' id='word_1_401' title='bbox 1723 5059 1737 5084; x_wconf 96' lang='lat'><strong>,</strong></span> <span class='ocrx_word' id='word_1_402' title='bbox 1770 5026 1829 5073; x_wconf 87' lang='lat' dir='ltr'><strong>ut</strong></span> 
     </span>
    </p>
   </div>
   <div class='ocr_carea' id='block_1_52' title="bbox 240 5112 1827 5186">
    <p class='ocr_par' dir='ltr' id='par_1_52' title="bbox 240 5112 1827 5186">
     <span class='ocr_line' id='line_1_52' title="bbox 240 5112 1827 5186; baseline -0.013 -2"><span class='ocrx_word' id='word_1_403' title='bbox 240 5134 425 5186; x_wconf 87' lang='lat' dir='ltr'><strong>veritas</strong></span> <span class='ocrx_word' id='word_1_404' title='bbox 451 5124 737 5183; x_wconf 76' lang='lat' dir='ltr'><strong>sententia&quot;:</strong></span> <span class='ocrx_word' id='word_1_405' title='bbox 758 5128 984 5175; x_wconf 76' lang='lat' dir='ltr'><strong>constet.</strong></span> <span class='ocrx_word' id='word_1_406' title='bbox 1011 5117 1228 5173; x_wconf 83' lang='lat' dir='ltr'><strong>Accedit</strong></span> <span class='ocrx_word' id='word_1_407' title='bbox 1247 5113 1387 5185; x_wconf 90' lang='lat' dir='ltr'><strong>quod</strong></span> <span class='ocrx_word' id='word_1_408' title='bbox 1411 5127 1566 5184; x_wconf 86' lang='lat' dir='ltr'><strong>posse</strong></span> <span class='ocrx_word' id='word_1_409' title='bbox 1585 5112 1827 5165; x_wconf 89' lang='lat' dir='ltr'><strong>videatur</strong></span> 
     </span>
    </p>
   </div>
   <div class='ocr_carea' id='block_1_53' title="bbox 240 5203 1826 5290">
    <p class='ocr_par' dir='ltr' id='par_1_53' title="bbox 240 5203 1826 5290">
     <span class='ocr_line' id='line_1_53' title="bbox 240 5203 1826 5290; baseline -0.015 -12"><span class='ocrx_word' id='word_1_410' title='bbox 240 5225 356 5281; x_wconf 88' lang='lat' dir='ltr'><strong>illud</strong></span> <span class='ocrx_word' id='word_1_411' title='bbox 407 5232 520 5290; x_wconf 85' lang='lat' dir='ltr'><strong>post</strong></span> <span class='ocrx_word' id='word_1_412' title='bbox 571 5231 764 5272; x_wconf 87' lang='lat' dir='ltr'><strong>annum</strong></span> <span class='ocrx_word' id='word_1_413' title='bbox 803 5203 971 5281; x_wconf 82' lang='lat' dir='ltr'><strong>accipi</strong></span> <span class='ocrx_word' id='word_1_414' title='bbox 1012 5205 1232 5279; x_wconf 76' lang='lat' dir='ltr'><strong>perinde</strong></span> <span class='ocrx_word' id='word_1_415' title='bbox 1275 5215 1468 5276; x_wconf 85' lang='lat' dir='ltr'><strong>atque,</strong></span> <span class='ocrx_word' id='word_1_416' title='bbox 1501 5217 1634 5262; x_wconf 83' lang='lat' dir='ltr'><strong>anno</strong></span> <span class='ocrx_word' id='word_1_417' title='bbox 1665 5209 1776 5274; x_wconf 76' lang='lat' dir='ltr'><strong>post</strong></span> <span class='ocrx_word' id='word_1_418' title='bbox 1805 5215 1826 5256; x_wconf 90' lang='lat'><strong><em>:</em></strong></span> 
     </span>
    </p>
   </div>
   <div class='ocr_carea' id='block_1_54' title="bbox 239 5295 1825 5389">
    <p class='ocr_par' dir='ltr' id='par_1_54' title="bbox 239 5295 1825 5389">
     <span class='ocr_line' id='line_1_54' title="bbox 239 5295 1825 5389; baseline -0.015 -17"><span class='ocrx_word' id='word_1_419' title='bbox 239 5318 369 5389; x_wconf 85' lang='lat' dir='ltr'><strong>quod</strong></span> <span class='ocrx_word' id='word_1_420' title='bbox 397 5318 438 5370; x_wconf 88' lang='lat' dir='ltr'><strong>si</strong></span> <span class='ocrx_word' id='word_1_421' title='bbox 473 5310 821 5385; x_wconf 80' lang='lat' dir='ltr'><strong>probabatur,</strong></span> <span class='ocrx_word' id='word_1_422' title='bbox 853 5305 1003 5360; x_wconf 87' lang='lat' dir='ltr'><strong>facile</strong></span> <span class='ocrx_word' id='word_1_423' title='bbox 1031 5303 1130 5357; x_wconf 90' lang='lat' dir='ltr'><strong>alia</strong></span> <span class='ocrx_word' id='word_1_424' title='bbox 1157 5315 1224 5358; x_wconf 78' lang='lat' dir='ltr'><strong>ex</strong></span> <span class='ocrx_word' id='word_1_425' title='bbox 1252 5309 1403 5370; x_wconf 86' lang='lat' dir='ltr'><strong>parte</strong></span> <span class='ocrx_word' id='word_1_426' title='bbox 1435 5298 1605 5369; x_wconf 85' lang='lat' dir='ltr'><strong>potuit</strong></span> <span class='ocrx_word' id='word_1_427' title='bbox 1634 5295 1825 5350; x_wconf 87' lang='lat' dir='ltr'><strong>Hiero-</strong></span> 
     </span>
    </p>
   </div>
   <div class='ocr_carea' id='block_1_55' title="bbox 241 5391 1829 5483">
    <p class='ocr_par' dir='ltr' id='par_1_55' title="bbox 241 5391 1829 5483">
     <span class='ocr_line' id='line_1_55' title="bbox 241 5391 1829 5483; baseline -0.014 -17"><span class='ocrx_word' id='word_1_428' title='bbox 241 5423 421 5483; x_wconf 74' lang='lat' dir='ltr'><strong>nymus</strong></span> <span class='ocrx_word' id='word_1_429' title='bbox 453 5405 606 5461; x_wconf 86' lang='lat' dir='ltr'><strong>initia</strong></span> <span class='ocrx_word' id='word_1_430' title='bbox 637 5399 936 5455; x_wconf 77' lang='lat' dir='ltr'><strong>Ruﬁnianze</strong></span> <span class='ocrx_word' id='word_1_431' title='bbox 965 5393 1308 5465; x_wconf 88' lang='lat' dir='ltr'><strong>profectionis</strong></span> <span class='ocrx_word' id='word_1_432' title='bbox 1335 5391 1635 5462; x_wconf 79' lang='lat' dir='ltr'><strong>respexisse</strong></span> <span class='ocrx_word' id='word_1_433' title='bbox 1659 5431 1673 5454; x_wconf 93' lang='lat'><strong>,</strong></span> <span class='ocrx_word' id='word_1_434' title='bbox 1707 5403 1829 5460; x_wconf 77' lang='lat' dir='ltr'><strong>qua:</strong></span> 
     </span>
    </p>
   </div>
   <div class='ocr_carea' id='block_1_56' title="bbox 241 5480 1826 5574">
    <p class='ocr_par' dir='ltr' id='par_1_56' title="bbox 241 5480 1826 5574">
     <span class='ocr_line' id='line_1_56' title="bbox 241 5480 1826 5574; baseline -0.016 -15"><span class='ocrx_word' id='word_1_435' title='bbox 241 5480 574 5574; x_wconf 61' lang='lat' dir='ltr'><strong>pratcedente</strong></span> <span class='ocrx_word' id='word_1_436' title='bbox 627 5495 808 5561; x_wconf 89' lang='lat' dir='ltr'><strong>utique</strong></span> <span class='ocrx_word' id='word_1_437' title='bbox 859 5503 1000 5543; x_wconf 88' lang='lat' dir='ltr'><strong>anno</strong></span> <span class='ocrx_word' id='word_1_438' title='bbox 1042 5495 1311 5549; x_wconf 80' lang='lat' dir='ltr'><strong>exeunte,</strong></span> <span class='ocrx_word' id='word_1_439' title='bbox 1365 5494 1488 5554; x_wconf 80' lang='lat' dir='ltr'><strong>puta</strong></span> <span class='ocrx_word' id='word_1_440' title='bbox 1546 5480 1826 5537; x_wconf 88' lang='lat' dir='ltr'><strong>Decembri</strong></span> 
     </span>
    </p>
   </div>
   <div class='ocr_carea' id='block_1_57' title="bbox 245 5571 1826 5655">
    <p class='ocr_par' dir='ltr' id='par_1_57' title="bbox 245 5571 1826 5655">
     <span class='ocr_line' id='line_1_57' title="bbox 245 5571 1826 5655; baseline -0.016 -4"><span class='ocrx_word' id='word_1_441' title='bbox 245 5571 423 5651; x_wconf 79' lang='lat' dir='ltr'><strong>mense</strong></span> <span class='ocrx_word' id='word_1_442' title='bbox 453 5585 778 5655; x_wconf 83' lang='lat' dir='ltr'><strong>contigerint</strong></span> <span class='ocrx_word' id='word_1_443' title='bbox 807 5597 820 5634; x_wconf 89' lang='lat'>:</span> <span class='ocrx_word' id='word_1_444' title='bbox 855 5580 1086 5649; x_wconf 81' lang='lat' dir='ltr'><strong>illudque</strong></span> <span class='ocrx_word' id='word_1_445' title='bbox 1129 5579 1198 5634; x_wconf 90' lang='lat' dir='ltr'><strong>de</strong></span> <span class='ocrx_word' id='word_1_446' title='bbox 1243 5574 1474 5631; x_wconf 85' lang='lat' dir='ltr'><strong>Eusebio</strong></span> <span class='ocrx_word' id='word_1_447' title='bbox 1503 5589 1712 5644; x_wconf 88' lang='lat' dir='ltr'><strong>quoque</strong></span> <span class='ocrx_word' id='word_1_448' title='bbox 1741 5571 1826 5626; x_wconf 91' lang='lat' dir='ltr'><strong>di-</strong></span> 
     </span>
    </p>
   </div>
   <div class='ocr_carea' id='block_1_58' title="bbox 243 5663 1830 5746">
    <p class='ocr_par' dir='ltr' id='par_1_58' title="bbox 243 5663 1830 5746">
     <span class='ocr_line' id='line_1_58' title="bbox 243 5663 1830 5746; baseline -0.016 0"><span class='ocrx_word' id='word_1_449' title='bbox 243 5700 369 5746; x_wconf 89' lang='lat' dir='ltr'><strong>ctum</strong></span> <span class='ocrx_word' id='word_1_450' title='bbox 402 5679 696 5741; x_wconf 87' lang='lat' dir='ltr'><strong>constabit.</strong></span> <span class='ocrx_word' id='word_1_451' title='bbox 747 5674 875 5731; x_wconf 88' lang='lat' dir='ltr'><strong>Utut</strong></span> <span class='ocrx_word' id='word_1_452' title='bbox 902 5687 960 5726; x_wconf 85' lang='lat' dir='ltr'><strong>se</strong></span> <span class='ocrx_word' id='word_1_453' title='bbox 987 5685 1073 5726; x_wconf 87' lang='lat' dir='ltr'><strong>res</strong></span> <span class='ocrx_word' id='word_1_454' title='bbox 1100 5668 1332 5734; x_wconf 86' lang='lat' dir='ltr'><strong>habeat,</strong></span> <span class='ocrx_word' id='word_1_455' title='bbox 1395 5665 1533 5722; x_wconf 88' lang='lat' dir='ltr'><strong>haud</strong></span> <span class='ocrx_word' id='word_1_456' title='bbox 1561 5681 1689 5721; x_wconf 89' lang='lat' dir='ltr'><strong>sane</strong></span> <span class='ocrx_word' id='word_1_457' title='bbox 1715 5663 1830 5720; x_wconf 64' lang='lat' dir='ltr'><strong>hinc</strong></span> 
     </span>
    </p>
   </div>
   <div class='ocr_carea' id='block_1_59' title="bbox 243 5758 1825 5850">
    <p class='ocr_par' dir='ltr' id='par_1_59' title="bbox 243 5758 1825 5850">
     <span class='ocr_line' id='line_1_59' title="bbox 243 5758 1825 5850; baseline -0.018 -11"><span class='ocrx_word' id='word_1_458' title='bbox 243 5793 352 5838; x_wconf 86' lang='lat' dir='ltr'><strong>sunt</strong></span> <span class='ocrx_word' id='word_1_459' title='bbox 373 5782 492 5850; x_wconf 79' lang='lat' dir='ltr'><strong>ejus</strong></span> <span class='ocrx_word' id='word_1_460' title='bbox 521 5770 778 5830; x_wconf 90' lang='lat' dir='ltr'><strong>momenti</strong></span> <span class='ocrx_word' id='word_1_461' title='bbox 799 5766 1025 5837; x_wconf 84' lang='lat' dir='ltr'><strong>objecta,</strong></span> <span class='ocrx_word' id='word_1_462' title='bbox 1050 5763 1243 5832; x_wconf 72' lang='lat' dir='ltr'><strong>quibus</strong></span> <span class='ocrx_word' id='word_1_463' title='bbox 1268 5761 1466 5814; x_wconf 88' lang='lat' dir='ltr'><strong>moveri</strong></span> <span class='ocrx_word' id='word_1_464' title='bbox 1489 5775 1593 5814; x_wconf 92' lang='lat' dir='ltr'><strong>non</strong></span> <span class='ocrx_word' id='word_1_465' title='bbox 1619 5758 1825 5823; x_wconf 89' lang='lat' dir='ltr'><strong>deceat,</strong></span> 
     </span>
    </p>
   </div>
   <div class='ocr_carea' id='block_1_60' title="bbox 242 5850 1926 5943">
    <p class='ocr_par' dir='ltr' id='par_1_60' title="bbox 242 5850 1926 5943">
     <span class='ocr_line' id='line_1_60' title="bbox 242 5850 1926 5943; baseline -0.018 -9"><span class='ocrx_word' id='word_1_466' title='bbox 242 5877 539 5943; x_wconf 86' lang='lat' dir='ltr'><strong>ceterisque</strong></span> <span class='ocrx_word' id='word_1_467' title='bbox 576 5867 834 5921; x_wconf 83' lang='lat' dir='ltr'><strong>hactenus</strong></span> <span class='ocrx_word' id='word_1_468' title='bbox 867 5857 1170 5914; x_wconf 71' lang='lat' dir='ltr'><strong>constituta:</strong></span> <span class='ocrx_word' id='word_1_469' title='bbox 1201 5855 1476 5908; x_wconf 65' lang='lat' dir='ltr'><strong>sententiae</strong></span> <span class='ocrx_word' id='word_1_470' title='bbox 1505 5850 1830 5924; x_wconf 79' lang='lat' dir='ltr'><strong>argumentis</strong></span> <span class='ocrx_word' id='word_1_471' title='bbox 1923 5901 1926 5904; x_wconf 82' lang='lat'><strong>.</strong></span> 
     </span>
    </p>
   </div>
   <div class='ocr_carea' id='block_1_61' title="bbox 242 5951 1372 6043">
    <p class='ocr_par' dir='ltr' id='par_1_61' title="bbox 242 5951 1372 6043">
     <span class='ocr_line' id='line_1_61' title="bbox 242 5951 1372 6043; baseline -0.027 -13"><span class='ocrx_word' id='word_1_472' title='bbox 242 5966 511 6043; x_wconf 69' lang='lat' dir='ltr'><strong>refragari.</strong></span> <span class='ocrx_word' id='word_1_473' title='bbox 543 5957 846 6018; x_wconf 73' lang='lat' dir='ltr'><strong>Redeamus</strong></span> <span class='ocrx_word' id='word_1_474' title='bbox 871 5951 938 6009; x_wconf 80' lang='lat' dir='ltr'><strong>ad</strong></span> <span class='ocrx_word' id='word_1_475' title='bbox 964 5951 1372 6022; x_wconf 78' lang='lat' dir='ltr'><strong>Hieronymum.</strong></span> 
     </span>
    </p>
   </div>
   <div class='ocr_carea' id='block_1_62' title="bbox 1515 372 2216 453">
    <p class='ocr_par' dir='ltr' id='par_1_62' title="bbox 1515 372 2216 453">
     <span class='ocr_line' id='line_1_62' title="bbox 1515 372 2216 453; baseline -0.007 0"><span class='ocrx_word' id='word_1_476' title='bbox 1515 397 1574 453; x_wconf 84' lang='lat' dir='ltr'><strong>S.</strong></span> <span class='ocrx_word' id='word_1_477' title='bbox 1616 372 1994 451; x_wconf 64' lang='lat' dir='ltr'><strong>Iiiknbl‘thii</strong></span> <span class='ocrx_word' id='word_1_478' title='bbox 2039 373 2216 449; x_wconf 55' lang='lat' dir='ltr'><strong>il&#39;Ta.</strong></span> 
     </span>
    </p>
   </div>
   <div class='ocr_carea' id='block_1_63' title="bbox 2012 493 3516 600">
    <p class='ocr_par' dir='ltr' id='par_1_63' title="bbox 2012 493 3516 600">
     <span class='ocr_line' id='line_1_63' title="bbox 2012 493 3516 600; baseline 0.011 -30"><span class='ocrx_word' id='word_1_479' title='bbox 2012 493 2126 570; x_wconf 80' lang='lat' dir='ltr'><strong>xtl.</strong></span> <span class='ocrx_word' id='word_1_480' title='bbox 2171 499 2464 584; x_wconf 74' lang='lat' dir='ltr'><strong>Hestitbla,</strong></span> <span class='ocrx_word' id='word_1_481' title='bbox 2496 511 2618 590; x_wconf 63' lang='lat' dir='ltr'><strong>seu</strong></span> <span class='ocrx_word' id='word_1_482' title='bbox 2644 499 3055 582; x_wconf 64' lang='lat' dir='ltr'><strong>satisfactionem</strong></span> <span class='ocrx_word' id='word_1_483' title='bbox 3081 515 3261 600; x_wconf 66' lang='lat' dir='ltr'><strong>illiillic</strong></span> <span class='ocrx_word' id='word_1_484' title='bbox 3288 514 3430 594; x_wconf 67' lang='lat' dir='ltr'><strong>lldéi,</strong></span> <span class='ocrx_word' id='word_1_485' title='bbox 3460 542 3516 586; x_wconf 87' lang='lat' dir='ltr'><strong>ut</strong></span> 
     </span>
    </p>
   </div>
   <div class='ocr_carea' id='block_1_64' title="bbox 1929 601 3511 691">
    <p class='ocr_par' dir='ltr' id='par_1_64' title="bbox 1929 601 3511 691">
     <span class='ocr_line' id='line_1_64' title="bbox 1929 601 3511 691; baseline 0.011 -31"><span class='ocrx_word' id='word_1_486' title='bbox 1929 609 2026 676; x_wconf 80' lang='lat' dir='ltr'><strong>par</strong></span> <span class='ocrx_word' id='word_1_487' title='bbox 2055 604 2272 664; x_wconf 75' lang='lat' dir='ltr'><strong>credere</strong></span> <span class='ocrx_word' id='word_1_488' title='bbox 2303 603 2386 664; x_wconf 81' lang='lat' dir='ltr'><strong>est</strong></span> <span class='ocrx_word' id='word_1_489' title='bbox 2409 651 2422 674; x_wconf 93' lang='lat'><strong>,</strong></span> <span class='ocrx_word' id='word_1_490' title='bbox 2452 609 2519 665; x_wconf 65' lang='lat' dir='ltr'><strong>et</strong></span> <span class='ocrx_word' id='word_1_491' title='bbox 2561 601 2779 669; x_wconf 67' lang='lat' dir='ltr'><strong>laminis</strong></span> <span class='ocrx_word' id='word_1_492' title='bbox 2811 607 2996 684; x_wconf 60' lang='lat' dir='ltr'><strong>parte,</strong></span> <span class='ocrx_word' id='word_1_493' title='bbox 3029 610 3236 676; x_wconf 60' lang='lat' dir='ltr'><strong>studens</strong></span> <span class='ocrx_word' id='word_1_494' title='bbox 3264 611 3421 691; x_wconf 61' lang='lat' dir='ltr'><strong>utilite</strong></span> <span class='ocrx_word' id='word_1_495' title='bbox 3445 639 3511 678; x_wconf 73' lang='lat' dir='ltr'><strong>ex</strong></span> 
     </span>
    </p>
   </div>
   <div class='ocr_carea' id='block_1_65' title="bbox 1930 694 3510 780">
    <p class='ocr_par' dir='ltr' id='par_1_65' title="bbox 1930 694 3510 780">
     <span class='ocr_line' id='line_1_65' title="bbox 1930 694 3510 780; baseline 0.01 -28"><span class='ocrx_word' id='word_1_496' title='bbox 1930 698 2108 754; x_wconf 85' lang='lat' dir='ltr'><strong>animo</strong></span> <span class='ocrx_word' id='word_1_497' title='bbox 2148 695 2286 756; x_wconf 78' lang='lat' dir='ltr'><strong>hunc</strong></span> <span class='ocrx_word' id='word_1_498' title='bbox 2324 694 2462 758; x_wconf 87' lang='lat' dir='ltr'><strong>inter</strong></span> <span class='ocrx_word' id='word_1_499' title='bbox 2486 712 2540 758; x_wconf 90' lang='lat' dir='ltr'><strong>et</strong></span> <span class='ocrx_word' id='word_1_500' title='bbox 2570 700 2950 778; x_wconf 80' lang='lat' dir='ltr'><strong>Hieronymum</strong></span> <span class='ocrx_word' id='word_1_501' title='bbox 2977 751 2991 774; x_wconf 91' lang='lat'><strong>,</strong></span> <span class='ocrx_word' id='word_1_502' title='bbox 3023 697 3178 780; x_wconf 76' lang='lat' dir='ltr'><strong>atque</strong></span> <span class='ocrx_word' id='word_1_503' title='bbox 3202 702 3510 772; x_wconf 71' lang='lat' dir='ltr'><strong>allei‘uli‘ius</strong></span> 
     </span>
    </p>
   </div>
   <div class='ocr_carea' id='block_1_66' title="bbox 1930 785 3511 882">
    <p class='ocr_par' dir='ltr' id='par_1_66' title="bbox 1930 785 3511 882">
     <span class='ocr_line' id='line_1_66' title="bbox 1930 785 3511 882; baseline 0.009 -37"><span class='ocrx_word' id='word_1_504' title='bbox 1930 793 2094 882; x_wconf 76' lang='lat' dir='ltr'><strong>partis</strong></span> <span class='ocrx_word' id='word_1_505' title='bbox 2119 789 2360 882; x_wconf 76' lang='lat' dir='ltr'><strong>gieg’iiles</strong></span> <span class='ocrx_word' id='word_1_506' title='bbox 2388 809 2534 882; x_wconf 78' lang='lat' dir='ltr'><strong>pace,</strong></span> <span class='ocrx_word' id='word_1_507' title='bbox 2561 799 2713 851; x_wconf 80' lang='lat' dir='ltr'><strong>vetus</strong></span> <span class='ocrx_word' id='word_1_508' title='bbox 2738 785 3012 854; x_wconf 76' lang='lat' dir='ltr'><strong>obliterata</strong></span> <span class='ocrx_word' id='word_1_509' title='bbox 3037 792 3248 872; x_wconf 79' lang='lat' dir='ltr'><strong>penitus</strong></span> <span class='ocrx_word' id='word_1_510' title='bbox 3270 795 3511 860; x_wconf 77' lang='lat' dir='ltr'><strong>similitas</strong></span> 
     </span>
    </p>
   </div>
   <div class='ocr_carea' id='block_1_67' title="bbox 1931 878 3509 960">
    <p class='ocr_par' dir='ltr' id='par_1_67' title="bbox 1931 878 3509 960">
     <span class='ocr_line' id='line_1_67' title="bbox 1931 878 3509 960; baseline 0.008 -24"><span class='ocrx_word' id='word_1_511' title='bbox 1931 880 2046 948; x_wconf 80' lang='lat' dir='ltr'><strong>est,</strong></span> <span class='ocrx_word' id='word_1_512' title='bbox 2075 887 2234 954; x_wconf 78' lang='lat' dir='ltr'><strong>atque</strong></span> <span class='ocrx_word' id='word_1_513' title='bbox 2273 879 2344 939; x_wconf 90' lang='lat' dir='ltr'><strong>ita</strong></span> <span class='ocrx_word' id='word_1_514' title='bbox 2375 878 2598 941; x_wconf 74' lang='lat' dir='ltr'><strong>reditum</strong></span> <span class='ocrx_word' id='word_1_515' title='bbox 2627 885 2871 959; x_wconf 79' lang='lat' dir='ltr'><strong>utrinque</strong></span> <span class='ocrx_word' id='word_1_516' title='bbox 2897 883 2948 944; x_wconf 85' lang='lat' dir='ltr'><strong>in</strong></span> <span class='ocrx_word' id='word_1_517' title='bbox 2979 892 3230 960; x_wconf 83' lang='lat' dir='ltr'><strong>gratiam,</strong></span> <span class='ocrx_word' id='word_1_518' title='bbox 3263 895 3319 947; x_wconf 81' lang='lat' dir='ltr'><strong>bl</strong></span> <span class='ocrx_word' id='word_1_519' title='bbox 3346 885 3400 948; x_wconf 71' lang='lat' dir='ltr'><strong>et</strong></span> <span class='ocrx_word' id='word_1_520' title='bbox 3430 896 3509 949; x_wconf 88' lang='lat' dir='ltr'><strong>fa-</strong></span> 
     </span>
    </p>
   </div>
   <div class='ocr_carea' id='block_1_68' title="bbox 1933 969 3490 1048">
    <p class='ocr_par' dir='ltr' id='par_1_68' title="bbox 1933 969 3490 1048">
     <span class='ocr_line' id='line_1_68' title="bbox 1933 969 3490 1048; baseline 0.008 -21"><span class='ocrx_word' id='word_1_521' title='bbox 1933 970 2216 1029; x_wconf 82' lang='lat' dir='ltr'><strong>iuiiiarintn</strong></span> <span class='ocrx_word' id='word_1_522' title='bbox 2260 969 2511 1048; x_wconf 72' lang='lat' dir='ltr'><strong>deinceps</strong></span> <span class='ocrx_word' id='word_1_523' title='bbox 2552 988 2610 1035; x_wconf 88' lang='lat' dir='ltr'><strong>se</strong></span> <span class='ocrx_word' id='word_1_524' title='bbox 2652 971 2726 1034; x_wconf 79' lang='lat' dir='ltr'><strong>IIII</strong></span> <span class='ocrx_word' id='word_1_525' title='bbox 2775 980 2999 1038; x_wconf 83' lang='lat' dir='ltr'><strong>invicem</strong></span> <span class='ocrx_word' id='word_1_526' title='bbox 3049 981 3167 1038; x_wconf 87' lang='lat' dir='ltr'><strong>loco</strong></span> <span class='ocrx_word' id='word_1_527' title='bbox 3211 976 3490 1041; x_wconf 73' lang='lat' dir='ltr'><strong>htibuerint</strong></span> 
     </span>
    </p>
   </div>
   <div class='ocr_carea' id='block_1_69' title="bbox 1931 1063 3510 1144">
    <p class='ocr_par' dir='ltr' id='par_1_69' title="bbox 1931 1063 3510 1144">
     <span class='ocr_line' id='line_1_69' title="bbox 1931 1063 3510 1144; baseline 0.006 -25"><span class='ocrx_word' id='word_1_528' title='bbox 1931 1064 2076 1119; x_wconf 74' lang='lat' dir='ltr'><strong>Illico&quot;</strong></span> <span class='ocrx_word' id='word_1_529' title='bbox 2103 1063 2391 1120; x_wconf 76' lang='lat' dir='ltr'><strong>Ecclesium</strong></span> <span class='ocrx_word' id='word_1_530' title='bbox 2419 1067 2469 1122; x_wconf 92' lang='lat' dir='ltr'><strong>in</strong></span> <span class='ocrx_word' id='word_1_531' title='bbox 2496 1067 2610 1124; x_wconf 87' lang='lat' dir='ltr'><strong>loco</strong></span> <span class='ocrx_word' id='word_1_532' title='bbox 2634 1067 2922 1126; x_wconf 73' lang='lat' dir='ltr'><strong>Dominicaa</strong></span> <span class='ocrx_word' id='word_1_533' title='bbox 2943 1067 3240 1128; x_wconf 69' lang='lat' dir='ltr'><strong>Nativltiliis</strong></span> <span class='ocrx_word' id='word_1_534' title='bbox 3264 1075 3510 1144; x_wconf 82' lang='lat' dir='ltr'><strong>&#39;p&#39;nsitam,</strong></span> 
     </span>
    </p>
   </div>
   <div class='ocr_carea' id='block_1_70' title="bbox 1930 1146 3514 1234">
    <p class='ocr_par' dir='ltr' id='par_1_70' title="bbox 1930 1146 3514 1234">
     <span class='ocr_line' id='line_1_70' title="bbox 1930 1146 3514 1234; baseline 0.009 -24"><span class='ocrx_word' id='word_1_535' title='bbox 1930 1165 1960 1210; x_wconf 71' lang='grc' dir='ltr'><strong>ιι</strong></span> <span class='ocrx_word' id='word_1_536' title='bbox 1987 1157 2136 1227; x_wconf 79' lang='lat' dir='ltr'><strong>cujus</strong></span> <span class='ocrx_word' id='word_1_537' title='bbox 2161 1155 2250 1212; x_wconf 87' lang='lat' dir='ltr'><strong>diti</strong></span> <span class='ocrx_word' id='word_1_538' title='bbox 2279 1156 2449 1214; x_wconf 80' lang='lat' dir='ltr'><strong>fuerat</strong></span> <span class='ocrx_word' id='word_1_539' title='bbox 2478 1159 2718 1232; x_wconf 85' lang='lat' dir='ltr'><strong>ingressu</strong></span> <span class='ocrx_word' id='word_1_540' title='bbox 2748 1157 3062 1234; x_wconf 82' lang='lat' dir='ltr'><strong>prohibitus,</strong></span> <span class='ocrx_word' id='word_1_541' title='bbox 3093 1163 3150 1220; x_wconf 88' lang='lat' dir='ltr'><strong>S.</strong></span> <span class='ocrx_word' id='word_1_542' title='bbox 3183 1157 3338 1221; x_wconf 66' lang='lat' dir='ltr'><strong>Pa&#39;i’ei&#39;</strong></span> <span class='ocrx_word' id='word_1_543' title='bbox 3367 1146 3514 1223; x_wconf 68' lang='lat' dir='ltr'><strong>rece-</strong></span> 
     </span>
    </p>
   </div>
   <div class='ocr_carea' id='block_1_71' title="bbox 1930 1247 3512 1327">
    <p class='ocr_par' dir='ltr' id='par_1_71' title="bbox 1930 1247 3512 1327">
     <span class='ocr_line' id='line_1_71' title="bbox 1930 1247 3512 1327; baseline 0.008 -27"><span class='ocrx_word' id='word_1_544' title='bbox 1930 1248 2043 1316; x_wconf 82' lang='lat' dir='ltr'><strong>pit,</strong></span> <span class='ocrx_word' id='word_1_545' title='bbox 2083 1260 2240 1318; x_wconf 88' lang='lat' dir='ltr'><strong>quam</strong></span> <span class='ocrx_word' id='word_1_546' title='bbox 2271 1249 2463 1318; x_wconf 81' lang='lat' dir='ltr'><strong>pietate</strong></span> <span class='ocrx_word' id='word_1_547' title='bbox 2492 1251 2593 1306; x_wconf 90' lang='lat' dir='ltr'><strong>loci</strong></span> <span class='ocrx_word' id='word_1_548' title='bbox 2625 1252 2801 1307; x_wconf 83' lang='lat' dir='ltr'><strong>coiere</strong></span> <span class='ocrx_word' id='word_1_549' title='bbox 2830 1247 2882 1308; x_wconf 88' lang='lat' dir='ltr'><strong>in</strong></span> <span class='ocrx_word' id='word_1_550' title='bbox 2911 1253 3024 1310; x_wconf 89' lang='lat' dir='ltr'><strong>dies</strong></span> <span class='ocrx_word' id='word_1_551' title='bbox 3053 1255 3219 1327; x_wconf 82' lang='lat' dir='ltr'><strong>magis</strong></span> <span class='ocrx_word' id='word_1_552' title='bbox 3243 1299 3256 1322; x_wconf 92' lang='lat'><strong>,</strong></span> <span class='ocrx_word' id='word_1_553' title='bbox 3289 1249 3340 1311; x_wconf 76' lang='lat' dir='ltr'><strong>et</strong></span> <span class='ocrx_word' id='word_1_554' title='bbox 3367 1251 3512 1312; x_wconf 74' lang='lat' dir='ltr'><strong>cordi</strong></span> 
     </span>
    </p>
   </div>
   <div class='ocr_carea' id='block_1_72' title="bbox 1931 1335 3511 1416">
    <p class='ocr_par' dir='ltr' id='par_1_72' title="bbox 1931 1335 3511 1416">
     <span class='ocr_line' id='line_1_72' title="bbox 1931 1335 3511 1416; baseline 0.008 -26"><span class='ocrx_word' id='word_1_555' title='bbox 1931 1335 2129 1392; x_wconf 89' lang='lat' dir='ltr'><strong>habere</strong></span> <span class='ocrx_word' id='word_1_556' title='bbox 2173 1355 2278 1393; x_wconf 91' lang='lat' dir='ltr'><strong>non</strong></span> <span class='ocrx_word' id='word_1_557' title='bbox 2318 1339 2537 1396; x_wconf 73' lang='lat' dir='ltr'><strong>destitit.</strong></span> <span class='ocrx_word' id='word_1_558' title='bbox 2582 1342 2758 1414; x_wconf 84' lang='lat' dir='ltr'><strong>Atque</strong></span> <span class='ocrx_word' id='word_1_559' title='bbox 2786 1341 2887 1399; x_wconf 79' lang='lat' dir='ltr'><strong>huc</strong></span> <span class='ocrx_word' id='word_1_560' title='bbox 2917 1345 3067 1401; x_wconf 81' lang='lat' dir='ltr'><strong>facile</strong></span> <span class='ocrx_word' id='word_1_561' title='bbox 3093 1355 3174 1402; x_wconf 90' lang='lat' dir='ltr'><strong>est</strong></span> <span class='ocrx_word' id='word_1_562' title='bbox 3200 1389 3211 1411; x_wconf 90' lang='lat'><strong>,</strong></span> <span class='ocrx_word' id='word_1_563' title='bbox 3239 1345 3381 1416; x_wconf 79' lang='lat' dir='ltr'><strong>&quot;tqud</strong></span> <span class='ocrx_word' id='word_1_564' title='bbox 3413 1347 3511 1403; x_wconf 81' lang='lat' dir='ltr'><strong>sibi</strong></span> 
     </span>
    </p>
   </div>
   <div class='ocr_carea' id='block_1_73' title="bbox 1930 1428 3511 1508">
    <p class='ocr_par' dir='ltr' id='par_1_73' title="bbox 1930 1428 3511 1508">
     <span class='ocr_line' id='line_1_73' title="bbox 1930 1428 3511 1508; baseline 0.004 -24"><span class='ocrx_word' id='word_1_565' title='bbox 1930 1428 2306 1486; x_wconf 73' lang='lat' dir='ltr'><strong>Postumianus</strong></span> <span class='ocrx_word' id='word_1_566' title='bbox 2345 1433 2511 1487; x_wconf 79' lang='lat' dir='ltr'><strong>voluit</strong></span> <span class='ocrx_word' id='word_1_567' title='bbox 2540 1435 2677 1505; x_wconf 83' lang='lat' dir='ltr'><strong>apud</strong></span> <span class='ocrx_word' id='word_1_568' title='bbox 2720 1435 3010 1504; x_wconf 86' lang='lat' dir='ltr'><strong>Sulpicium</strong></span> <span class='ocrx_word' id='word_1_569' title='bbox 3051 1437 3101 1492; x_wconf 78' lang='lat' dir='ltr'><strong>ili</strong></span> <span class='ocrx_word' id='word_1_570' title='bbox 3133 1437 3353 1508; x_wconf 76' lang='lat' dir='ltr'><strong>Dialogd</strong></span> <span class='ocrx_word' id='word_1_571' title='bbox 3377 1480 3392 1505; x_wconf 92' lang='lat'><strong>,</strong></span> <span class='ocrx_word' id='word_1_572' title='bbox 3422 1439 3511 1498; x_wconf 74' lang='lat' dir='ltr'><strong>ltili</strong></span> 
     </span>
    </p>
   </div>
   <div class='ocr_carea' id='block_1_74' title="bbox 1930 1513 3514 1601">
    <p class='ocr_par' dir='ltr' id='par_1_74' title="bbox 1930 1513 3514 1601">
     <span class='ocr_line' id='line_1_74' title="bbox 1930 1513 3514 1601; baseline 0.004 -25"><span class='ocrx_word' id='word_1_573' title='bbox 1930 1521 2219 1578; x_wconf 78' lang='lat' dir='ltr'><strong>Ecclesium</strong></span> <span class='ocrx_word' id='word_1_574' title='bbox 2249 1525 2348 1580; x_wconf 84' lang='lat' dir='ltr'><strong>lori</strong></span> <span class='ocrx_word' id='word_1_575' title='bbox 2380 1527 2518 1580; x_wconf 85' lang='lat' dir='ltr'><strong>illius</strong></span> <span class='ocrx_word' id='word_1_576' title='bbox 2541 1513 2861 1598; x_wconf 83' lang='lat' dir='ltr'><strong>(Bethleem)</strong></span> <span class='ocrx_word' id='word_1_577' title='bbox 2892 1515 2958 1582; x_wconf 83' lang='lat' dir='ltr'><strong>ab</strong></span> <span class='ocrx_word' id='word_1_578' title='bbox 2998 1543 3062 1583; x_wconf 88' lang='lat' dir='ltr'><strong>eo</strong></span> <span class='ocrx_word' id='word_1_579' title='bbox 3094 1529 3196 1601; x_wconf 79' lang='lat' dir='ltr'><strong>regi</strong></span> <span class='ocrx_word' id='word_1_580' title='bbox 3225 1529 3392 1597; x_wconf 78' lang='lat' dir='ltr'><strong>dixit,</strong></span> <span class='ocrx_word' id='word_1_581' title='bbox 3423 1547 3514 1600; x_wconf 83' lang='lat' dir='ltr'><strong>pa-</strong></span> 
     </span>
    </p>
   </div>
   <div class='ocr_carea' id='block_1_75' title="bbox 1927 1615 3510 1697">
    <p class='ocr_par' dir='ltr' id='par_1_75' title="bbox 1927 1615 3510 1697">
     <span class='ocr_line' id='line_1_75' title="bbox 1927 1615 3510 1697; baseline 0.004 -29"><span class='ocrx_word' id='word_1_582' title='bbox 1927 1617 2157 1670; x_wconf 80' lang='lat' dir='ltr'><strong>rochiam</strong></span> <span class='ocrx_word' id='word_1_583' title='bbox 2202 1615 2442 1689; x_wconf 74' lang='lat' dir='ltr'><strong>Episcopi</strong></span> <span class='ocrx_word' id='word_1_584' title='bbox 2467 1622 2548 1686; x_wconf 84' lang='lat' dir='ltr'><strong>qui</strong></span> <span class='ocrx_word' id='word_1_585' title='bbox 2579 1619 2953 1691; x_wconf 79' lang='lat' dir='ltr'><strong>Jerosblymam</strong></span> <span class='ocrx_word' id='word_1_586' title='bbox 2984 1629 3112 1676; x_wconf 77' lang='lat' dir='ltr'><strong>tenet</strong></span> <span class='ocrx_word' id='word_1_587' title='bbox 3144 1619 3389 1697; x_wconf 85' lang='lat' dir='ltr'><strong>(Dialog.</strong></span> <span class='ocrx_word' id='word_1_588' title='bbox 3421 1622 3441 1678; x_wconf 87' lang='lat' dir='ltr'><strong>I</strong></span> <span class='ocrx_word' id='word_1_589' title='bbox 3470 1623 3510 1694; x_wconf 93' lang='lat'><strong>).</strong></span> 
     </span>
    </p>
   </div>
   <div class='ocr_carea' id='block_1_76' title="bbox 1927 1707 3514 1784">
    <p class='ocr_par' dir='ltr' id='par_1_76' title="bbox 1927 1707 3514 1784">
     <span class='ocr_line' id='line_1_76' title="bbox 1927 1707 3514 1784; baseline 0.003 -20"><span class='ocrx_word' id='word_1_590' title='bbox 1927 1707 2109 1779; x_wconf 80' lang='lat' dir='ltr'><strong>Neque</strong></span> <span class='ocrx_word' id='word_1_591' title='bbox 2139 1707 2278 1764; x_wconf 80' lang='lat' dir='ltr'><strong>enim</strong></span> <span class='ocrx_word' id='word_1_592' title='bbox 2317 1715 2406 1764; x_wconf 82' lang='lat' dir='ltr'><strong>aut</strong></span> <span class='ocrx_word' id='word_1_593' title='bbox 2435 1723 2615 1766; x_wconf 80' lang='lat' dir='ltr'><strong>Curam</strong></span> <span class='ocrx_word' id='word_1_594' title='bbox 2660 1713 2956 1767; x_wconf 83' lang='lat' dir='ltr'><strong>animarinn</strong></span> <span class='ocrx_word' id='word_1_595' title='bbox 2998 1713 3168 1784; x_wconf 83' lang='lat' dir='ltr'><strong>egisse</strong></span> <span class='ocrx_word' id='word_1_596' title='bbox 3200 1715 3344 1769; x_wconf 75' lang='lat' dir='ltr'><strong>illiilli</strong></span> <span class='ocrx_word' id='word_1_597' title='bbox 3373 1757 3387 1781; x_wconf 94' lang='lat'><strong>,</strong></span> <span class='ocrx_word' id='word_1_598' title='bbox 3423 1725 3514 1769; x_wconf 87' lang='lat' dir='ltr'><strong>aut</strong></span> 
     </span>
    </p>
   </div>
   <div class='ocr_carea' id='block_1_77' title="bbox 1929 1795 3508 1877">
    <p class='ocr_par' dir='ltr' id='par_1_77' title="bbox 1929 1795 3508 1877">
     <span class='ocr_line' id='line_1_77' title="bbox 1929 1795 3508 1877; baseline 0.001 -19"><span class='ocrx_word' id='word_1_599' title='bbox 1929 1795 2097 1858; x_wconf 81' lang='lat' dir='ltr'><strong>drbita</strong></span> <span class='ocrx_word' id='word_1_600' title='bbox 2126 1805 2318 1858; x_wconf 88' lang='lat' dir='ltr'><strong>nomini</strong></span> <span class='ocrx_word' id='word_1_601' title='bbox 2348 1819 2440 1858; x_wconf 80' lang='lat' dir='ltr'><strong>suo</strong></span> <span class='ocrx_word' id='word_1_602' title='bbox 2471 1801 2700 1859; x_wconf 56' lang='lat' dir='ltr'><strong>exercere</strong></span> <span class='ocrx_word' id='word_1_603' title='bbox 2726 1805 2978 1874; x_wconf 81' lang='lat' dir='ltr'><strong>sacriﬁcia</strong></span> <span class='ocrx_word' id='word_1_604' title='bbox 3006 1807 3234 1861; x_wconf 83' lang='lat' dir='ltr'><strong>voluisse</strong></span> <span class='ocrx_word' id='word_1_605' title='bbox 3256 1799 3508 1877; x_wconf 82' lang='lat' dir='ltr'><strong>itnquani,</strong></span> 
     </span>
    </p>
   </div>
   <div class='ocr_carea' id='block_1_78' title="bbox 1927 1896 3507 1969">
    <p class='ocr_par' dir='ltr' id='par_1_78' title="bbox 1927 1896 3507 1969">
     <span class='ocr_line' id='line_1_78' title="bbox 1927 1896 3507 1969; baseline 0.003 -19"><span class='ocrx_word' id='word_1_606' title='bbox 1927 1897 2066 1966; x_wconf 84' lang='lat' dir='ltr'><strong>quod</strong></span> <span class='ocrx_word' id='word_1_607' title='bbox 2114 1901 2195 1951; x_wconf 68' lang='grc' dir='ltr'><strong>εει</strong></span> <span class='ocrx_word' id='word_1_608' title='bbox 2240 1897 2543 1968; x_wconf 82' lang='lat' dir='ltr'><strong>Presbyteri</strong></span> <span class='ocrx_word' id='word_1_609' title='bbox 2587 1897 2762 1952; x_wconf 85' lang='lat' dir='ltr'><strong>oflicio</strong></span> <span class='ocrx_word' id='word_1_610' title='bbox 2806 1896 3015 1969; x_wconf 78' lang='lat' dir='ltr'><strong>defungi</strong></span> <span class='ocrx_word' id='word_1_611' title='bbox 3051 1940 3064 1962; x_wconf 95' lang='lat'><strong>,</strong></span> <span class='ocrx_word' id='word_1_612' title='bbox 3107 1899 3349 1969; x_wconf 67' lang='lat' dir='ltr'><strong>&#39;supcrius</strong></span> <span class='ocrx_word' id='word_1_613' title='bbox 3388 1913 3507 1969; x_wconf 85' lang='lat' dir='ltr'><strong>cap.</strong></span> 
     </span>
    </p>
   </div>
   <div class='ocr_carea' id='block_1_79' title="bbox 1931 1989 3511 2063">
    <p class='ocr_par' dir='ltr' id='par_1_79' title="bbox 1931 1989 3511 2063">
     <span class='ocr_line' id='line_1_79' title="bbox 1931 1989 3511 2063; baseline 0 -18"><span class='ocrx_word' id='word_1_614' title='bbox 1931 1989 2112 2045; x_wconf 78' lang='lat' dir='ltr'><strong>XVIII.</strong></span> <span class='ocrx_word' id='word_1_615' title='bbox 2157 1990 2504 2046; x_wconf 83' lang='lat' dir='ltr'><strong>ostendimus.</strong></span> <span class='ocrx_word' id='word_1_616' title='bbox 2553 1990 2717 2044; x_wconf 87' lang='lat' dir='ltr'><strong>Porro</strong></span> <span class='ocrx_word' id='word_1_617' title='bbox 2748 2006 2845 2045; x_wconf 88' lang='lat' dir='ltr'><strong>nec</strong></span> <span class='ocrx_word' id='word_1_618' title='bbox 2874 1991 3209 2061; x_wconf 67' lang='lat' dir='ltr'><strong>phelcritiisit</strong></span> <span class='ocrx_word' id='word_1_619' title='bbox 3245 1989 3511 2063; x_wconf 75' lang='lat' dir='ltr'><strong>Hier&#39;ony-</strong></span> 
     </span>
    </p>
   </div>
   <div class='ocr_carea' id='block_1_80' title="bbox 1925 2079 3507 2152">
    <p class='ocr_par' dir='ltr' id='par_1_80' title="bbox 1925 2079 3507 2152">
     <span class='ocr_line' id='line_1_80' title="bbox 1925 2079 3507 2152; baseline -0.001 -15"><span class='ocrx_word' id='word_1_620' title='bbox 1925 2088 2065 2150; x_wconf 89' lang='lat' dir='ltr'><strong>mus,</strong></span> <span class='ocrx_word' id='word_1_621' title='bbox 2095 2088 2249 2151; x_wconf 73' lang='lat' dir='ltr'><strong>Quam</strong></span> <span class='ocrx_word' id='word_1_622' title='bbox 2278 2083 2527 2152; x_wconf 75' lang='lat' dir='ltr'><strong>przeclare</strong></span> <span class='ocrx_word' id='word_1_623' title='bbox 2548 2097 2728 2136; x_wconf 85' lang='lat' dir='ltr'><strong>secum</strong></span> <span class='ocrx_word' id='word_1_624' title='bbox 2751 2093 3016 2152; x_wconf 80' lang='lat' dir='ltr'><strong>ageretur,</strong></span> <span class='ocrx_word' id='word_1_625' title='bbox 3037 2079 3246 2152; x_wconf 83' lang='lat' dir='ltr'><strong>arrepta</strong></span> <span class='ocrx_word' id='word_1_626' title='bbox 3268 2083 3507 2136; x_wconf 88' lang='lat' dir='ltr'><strong>occasio-</strong></span> 
     </span>
    </p>
   </div>
   <div class='ocr_carea' id='block_1_81' title="bbox 1927 2174 3508 2243">
    <p class='ocr_par' dir='ltr' id='par_1_81' title="bbox 1927 2174 3508 2243">
     <span class='ocr_line' id='line_1_81' title="bbox 1927 2174 3508 2243; baseline -0.002 -10"><span class='ocrx_word' id='word_1_627' title='bbox 1927 2181 1995 2233; x_wconf 84' lang='lat' dir='ltr'><strong>ne</strong></span> <span class='ocrx_word' id='word_1_628' title='bbox 2019 2218 2033 2238; x_wconf 93' lang='lat'><strong>,</strong></span> <span class='ocrx_word' id='word_1_629' title='bbox 2072 2176 2269 2231; x_wconf 85' lang='lat' dir='ltr'><strong>amicos</strong></span> <span class='ocrx_word' id='word_1_630' title='bbox 2309 2176 2562 2230; x_wconf 79' lang='lat' dir='ltr'><strong>certiores</strong></span> <span class='ocrx_word' id='word_1_631' title='bbox 2605 2177 2800 2229; x_wconf 80' lang='lat' dir='ltr'><strong>facere.</strong></span> <span class='ocrx_word' id='word_1_632' title='bbox 2841 2174 3064 2243; x_wconf 87' lang='lat' dir='ltr'><strong>Scripsit</strong></span> <span class='ocrx_word' id='word_1_633' title='bbox 3103 2177 3376 2229; x_wconf 88' lang='lat' dir='ltr'><strong>enimvero</strong></span> <span class='ocrx_word' id='word_1_634' title='bbox 3408 2174 3508 2230; x_wconf 90' lang='lat' dir='ltr'><strong>hoc</strong></span> 
     </span>
    </p>
   </div>
   <div class='ocr_carea' id='block_1_82' title="bbox 1927 2265 3506 2337">
    <p class='ocr_par' dir='ltr' id='par_1_82' title="bbox 1927 2265 3506 2337">
     <span class='ocr_line' id='line_1_82' title="bbox 1927 2265 3506 2337; baseline -0.001 -15"><span class='ocrx_word' id='word_1_635' title='bbox 1927 2268 2044 2337; x_wconf 72' lang='lat' dir='ltr'><strong>ipso</strong></span> <span class='ocrx_word' id='word_1_636' title='bbox 2083 2277 2310 2322; x_wconf 79' lang='lat' dir='ltr'><strong>exeunte</strong></span> <span class='ocrx_word' id='word_1_637' title='bbox 2347 2281 2486 2320; x_wconf 90' lang='lat' dir='ltr'><strong>anno</strong></span> <span class='ocrx_word' id='word_1_638' title='bbox 2511 2307 2524 2332; x_wconf 93' lang='lat'><strong>,</strong></span> <span class='ocrx_word' id='word_1_639' title='bbox 2557 2280 2650 2319; x_wconf 90' lang='lat' dir='ltr'><strong>seu</strong></span> <span class='ocrx_word' id='word_1_640' title='bbox 2695 2266 3066 2334; x_wconf 82' lang='lat' dir='ltr'><strong>subsequentis</strong></span> <span class='ocrx_word' id='word_1_641' title='bbox 3121 2265 3224 2320; x_wconf 77' lang='lat'><strong>399</strong></span> <span class='ocrx_word' id='word_1_642' title='bbox 3265 2266 3411 2318; x_wconf 87' lang='lat' dir='ltr'><strong>initio</strong></span> <span class='ocrx_word' id='word_1_643' title='bbox 3441 2265 3506 2319; x_wconf 89' lang='lat' dir='ltr'><strong>ad</strong></span> 
     </span>
    </p>
   </div>
   <div class='ocr_carea' id='block_1_83' title="bbox 1927 2347 3504 2426">
    <p class='ocr_par' dir='ltr' id='par_1_83' title="bbox 1927 2347 3504 2426">
     <span class='ocr_line' id='line_1_83' title="bbox 1927 2347 3504 2426; baseline -0.002 -13"><span class='ocrx_word' id='word_1_644' title='bbox 1927 2359 2195 2414; x_wconf 82' lang='lat' dir='ltr'><strong>Fabiolam</strong></span> <span class='ocrx_word' id='word_1_645' title='bbox 2226 2359 2291 2413; x_wconf 90' lang='lat' dir='ltr'><strong>de</strong></span> <span class='ocrx_word' id='word_1_646' title='bbox 2321 2353 2479 2413; x_wconf 82' lang='lat' dir='ltr'><strong>Veste</strong></span> <span class='ocrx_word' id='word_1_647' title='bbox 2507 2347 2830 2412; x_wconf 84' lang='lat' dir='ltr'><strong>Sacerdotali</strong></span> <span class='ocrx_word' id='word_1_648' title='bbox 2864 2355 3150 2423; x_wconf 75' lang='lat' dir='ltr'><strong>Epistolnlti</strong></span> <span class='ocrx_word' id='word_1_649' title='bbox 3179 2400 3189 2416; x_wconf 86' lang='lat'><strong>,</strong></span> <span class='ocrx_word' id='word_1_650' title='bbox 3222 2355 3273 2410; x_wconf 91' lang='lat' dir='ltr'><strong>in</strong></span> <span class='ocrx_word' id='word_1_651' title='bbox 3306 2369 3404 2426; x_wconf 88' lang='lat' dir='ltr'><strong>qua</strong></span> <span class='ocrx_word' id='word_1_652' title='bbox 3437 2355 3504 2410; x_wconf 88' lang='lat' dir='ltr'><strong>de</strong></span> 
     </span>
    </p>
   </div>
   <div class='ocr_carea' id='block_1_84' title="bbox 1929 2445 3506 2524">
    <p class='ocr_par' dir='ltr' id='par_1_84' title="bbox 1929 2445 3506 2524">
     <span class='ocr_line' id='line_1_84' title="bbox 1929 2445 3506 2524; baseline -0.004 -16"><span class='ocrx_word' id='word_1_653' title='bbox 1929 2454 2177 2524; x_wconf 85' lang='lat' dir='ltr'><strong>percussa</strong></span> <span class='ocrx_word' id='word_1_654' title='bbox 2201 2452 2309 2522; x_wconf 81' lang='lat' dir='ltr'><strong>jam</strong></span> <span class='ocrx_word' id='word_1_655' title='bbox 2343 2457 2490 2520; x_wconf 86' lang='lat' dir='ltr'><strong>pace,</strong></span> <span class='ocrx_word' id='word_1_656' title='bbox 2521 2446 2692 2519; x_wconf 83' lang='lat' dir='ltr'><strong>deque</strong></span> <span class='ocrx_word' id='word_1_657' title='bbox 2724 2449 2974 2518; x_wconf 75' lang='lat' dir='ltr'><strong>prospera</strong></span> <span class='ocrx_word' id='word_1_658' title='bbox 3002 2464 3101 2518; x_wconf 91' lang='lat' dir='ltr'><strong>qua</strong></span> <span class='ocrx_word' id='word_1_659' title='bbox 3133 2445 3365 2502; x_wconf 87' lang='lat' dir='ltr'><strong>uteretur</strong></span> <span class='ocrx_word' id='word_1_660' title='bbox 3396 2445 3506 2502; x_wconf 85' lang='lat' dir='ltr'><strong>for-</strong></span> 
     </span>
    </p>
   </div>
   <div class='ocr_carea' id='block_1_85' title="bbox 1926 2531 3505 2612">
    <p class='ocr_par' dir='ltr' id='par_1_85' title="bbox 1926 2531 3505 2612">
     <span class='ocr_line' id='line_1_85' title="bbox 1926 2531 3505 2612; baseline -0.006 -12"><span class='ocrx_word' id='word_1_661' title='bbox 1926 2547 2049 2600; x_wconf 79' lang='lat' dir='ltr'><strong>tuna</strong></span> <span class='ocrx_word' id='word_1_662' title='bbox 2082 2544 2352 2599; x_wconf 79' lang='lat' dir='ltr'><strong>exsilltans</strong></span> <span class='ocrx_word' id='word_1_663' title='bbox 2376 2584 2391 2609; x_wconf 92' lang='lat'><strong>,</strong></span> <span class='ocrx_word' id='word_1_664' title='bbox 2422 2531 2536 2612; x_wconf 82' lang='lat' dir='ltr'><strong>ejus</strong></span> <span class='ocrx_word' id='word_1_665' title='bbox 2567 2541 2686 2594; x_wconf 73' lang='lat' dir='ltr'><strong>vita:</strong></span> <span class='ocrx_word' id='word_1_666' title='bbox 2726 2539 2943 2594; x_wconf 73' lang='lat' dir='ltr'><strong>saiivnm</strong></span> <span class='ocrx_word' id='word_1_667' title='bbox 2969 2582 2981 2602; x_wconf 85' lang='lat'><strong>,</strong></span> <span class='ocrx_word' id='word_1_668' title='bbox 3010 2547 3065 2592; x_wconf 80' lang='lat' dir='ltr'><strong>nt</strong></span> <span class='ocrx_word' id='word_1_669' title='bbox 3091 2539 3248 2608; x_wconf 64' lang='lat' dir='ltr'><strong>Vulgo</strong></span> <span class='ocrx_word' id='word_1_670' title='bbox 3274 2535 3466 2592; x_wconf 79' lang='lat' dir='ltr'><strong>dicitur</strong></span> <span class='ocrx_word' id='word_1_671' title='bbox 3493 2581 3505 2603; x_wconf 96' lang='lat'><strong>,</strong></span> 
     </span>
    </p>
   </div>
   <div class='ocr_carea' id='block_1_86' title="bbox 1925 2629 3506 2702">
    <p class='ocr_par' dir='ltr' id='par_1_86' title="bbox 1925 2629 3506 2702">
     <span class='ocr_line' id='line_1_86' title="bbox 1925 2629 3506 2702; baseline -0.003 -13"><span class='ocrx_word' id='word_1_672' title='bbox 1925 2635 2096 2690; x_wconf 89' lang='lat' dir='ltr'><strong>eidem</strong></span> <span class='ocrx_word' id='word_1_673' title='bbox 2135 2637 2331 2689; x_wconf 77' lang='lat' dir='ltr'><strong>&#39;movet.</strong></span> <span class='ocrx_word' id='word_1_674' title='bbox 2376 2631 2451 2686; x_wconf 86' lang='lat' dir='ltr'><strong>Tu</strong></span> <span class='ocrx_word' id='word_1_675' title='bbox 2482 2632 2703 2702; x_wconf 80' lang='lat' dir='ltr'><strong>quidem,</strong></span> <span class='ocrx_word' id='word_1_676' title='bbox 2735 2629 2827 2692; x_wconf 89' lang='lat' dir='ltr'><strong>ait,</strong></span> <span class='ocrx_word' id='word_1_677' title='bbox 2859 2637 3027 2701; x_wconf 81' lang='lat' dir='ltr'><strong>optato</strong></span> <span class='ocrx_word' id='word_1_678' title='bbox 3063 2629 3248 2702; x_wconf 67' lang='lat' dir='ltr'><strong>frueris</strong></span> <span class='ocrx_word' id='word_1_679' title='bbox 3279 2631 3379 2684; x_wconf 89' lang='lat' dir='ltr'><strong>otia</strong></span> <span class='ocrx_word' id='word_1_680' title='bbox 3413 2645 3434 2685; x_wconf 89' lang='lat'><strong><em>:</em></strong></span> <span class='ocrx_word' id='word_1_681' title='bbox 3461 2639 3506 2684; x_wconf 87' lang='lat' dir='ltr'><strong>ct</strong></span> 
     </span>
    </p>
   </div>
   <div class='ocr_carea' id='block_1_87' title="bbox 1914 2721 3508 2798">
    <p class='ocr_par' dir='ltr' id='par_1_87' title="bbox 1914 2721 3508 2798">
     <span class='ocr_line' id='line_1_87' title="bbox 1914 2721 3508 2798; baseline -0.005 -16"><span class='ocrx_word' id='word_1_682' title='bbox 1914 2727 2067 2798; x_wconf 72' lang='lat' dir='ltr'><strong>juxta</strong></span> <span class='ocrx_word' id='word_1_683' title='bbox 2094 2725 2403 2796; x_wconf 80' lang='lat' dir='ltr'><strong>Babylonem</strong></span> <span class='ocrx_word' id='word_1_684' title='bbox 2437 2723 2713 2795; x_wconf 81' lang='lat' dir='ltr'><strong>(Romam)</strong></span> <span class='ocrx_word' id='word_1_685' title='bbox 2745 2721 3122 2776; x_wconf 82' lang='lat' dir='ltr'><strong>Betltlcemilica</strong></span> <span class='ocrx_word' id='word_1_686' title='bbox 3147 2721 3358 2792; x_wconf 70' lang='lat' dir='ltr'><strong>forsitan</strong></span> <span class='ocrx_word' id='word_1_687' title='bbox 3385 2731 3508 2774; x_wconf 86' lang='lat' dir='ltr'><strong>rura</strong></span> 
     </span>
    </p>
   </div>
   <div class='ocr_carea' id='block_1_88' title="bbox 1923 2813 3506 2889">
    <p class='ocr_par' dir='ltr' id='par_1_88' title="bbox 1923 2813 3506 2889">
     <span class='ocr_line' id='line_1_88' title="bbox 1923 2813 3506 2889; baseline -0.003 -18"><span class='ocrx_word' id='word_1_688' title='bbox 1923 2818 2208 2889; x_wconf 81' lang='lat' dir='ltr'><strong>suspirans.</strong></span> <span class='ocrx_word' id='word_1_689' title='bbox 2243 2816 2354 2870; x_wconf 84' lang='lat' dir='ltr'><strong>Nos</strong></span> <span class='ocrx_word' id='word_1_690' title='bbox 2375 2817 2432 2869; x_wconf 84' lang='lat' dir='ltr'><strong>in</strong></span> <span class='ocrx_word' id='word_1_691' title='bbox 2473 2814 2705 2884; x_wconf 83' lang='lat' dir='ltr'><strong>Ephrata</strong></span> <span class='ocrx_word' id='word_1_692' title='bbox 2731 2856 2744 2876; x_wconf 94' lang='lat'><strong>,</strong></span> <span class='ocrx_word' id='word_1_693' title='bbox 2773 2815 2972 2867; x_wconf 79' lang='lat' dir='ltr'><strong>tandem</strong></span> <span class='ocrx_word' id='word_1_694' title='bbox 3010 2823 3134 2884; x_wconf 79' lang='lat' dir='ltr'><strong>pace</strong></span> <span class='ocrx_word' id='word_1_695' title='bbox 3160 2813 3390 2875; x_wconf 83' lang='lat' dir='ltr'><strong>reddita,</strong></span> <span class='ocrx_word' id='word_1_696' title='bbox 3416 2830 3506 2866; x_wconf 45' lang='lat' dir='ltr'><strong>va;</strong></span> 
     </span>
    </p>
   </div>
   <div class='ocr_carea' id='block_1_89' title="bbox 1921 2903 3507 2982">
    <p class='ocr_par' dir='ltr' id='par_1_89' title="bbox 1921 2903 3507 2982">
     <span class='ocr_line' id='line_1_89' title="bbox 1921 2903 3507 2982; baseline -0.005 -18"><span class='ocrx_word' id='word_1_697' title='bbox 1921 2911 2132 2982; x_wconf 82' lang='lat' dir='ltr'><strong>yieutcm</strong></span> <span class='ocrx_word' id='word_1_698' title='bbox 2162 2910 2224 2963; x_wconf 82' lang='lat' dir='ltr'><strong>de</strong></span> <span class='ocrx_word' id='word_1_699' title='bbox 2255 2908 2481 2978; x_wconf 74' lang='lat' dir='ltr'><strong>Prwsrpi</strong></span> <span class='ocrx_word' id='word_1_700' title='bbox 2503 2907 2738 2960; x_wconf 77' lang='lat' dir='ltr'><strong>tiudinttts</strong></span> <span class='ocrx_word' id='word_1_701' title='bbox 2775 2903 3031 2976; x_wconf 80' lang='lat' dir='ltr'><strong>Infantem</strong></span> <span class='ocrx_word' id='word_1_702' title='bbox 3050 2947 3062 2966; x_wconf 89' lang='lat'><strong>,</strong></span> <span class='ocrx_word' id='word_1_703' title='bbox 3094 2903 3507 2974; x_wconf 74' lang='lat' dir='ltr'><strong>el&#39;qucrimonias</strong></span> 
     </span>
    </p>
   </div>
   <div class='ocr_carea' id='block_1_90' title="bbox 1922 2996 3504 3075">
    <p class='ocr_par' dir='ltr' id='par_1_90' title="bbox 1922 2996 3504 3075">
     <span class='ocr_line' id='line_1_90' title="bbox 1922 2996 3504 3075; baseline -0.008 -15"><span class='ocrx_word' id='word_1_704' title='bbox 1922 3006 2030 3075; x_wconf 80' lang='lat' dir='ltr'><strong>ejus</strong></span> <span class='ocrx_word' id='word_1_705' title='bbox 2083 3020 2142 3056; x_wconf 87' lang='lat' dir='ltr'><strong>ac</strong></span> <span class='ocrx_word' id='word_1_706' title='bbox 2191 3001 2394 3056; x_wconf 83' lang='lat' dir='ltr'><strong>voculas</strong></span> <span class='ocrx_word' id='word_1_707' title='bbox 2448 2999 2515 3052; x_wconf 85' lang='lat' dir='ltr'><strong>ad</strong></span> <span class='ocrx_word' id='word_1_708' title='bbox 2570 3008 2682 3052; x_wconf 81' lang='lat' dir='ltr'><strong>tuas</strong></span> <span class='ocrx_word' id='word_1_709' title='bbox 2739 3011 2886 3051; x_wconf 83' lang='lat' dir='ltr'><strong>aures</strong></span> <span class='ocrx_word' id='word_1_710' title='bbox 2939 2997 3169 3065; x_wconf 77' lang='lat' dir='ltr'><strong>cupimus</strong></span> <span class='ocrx_word' id='word_1_711' title='bbox 3228 2996 3504 3064; x_wconf 74' lang='lat' dir='ltr'><strong>pervenire.</strong></span> 
     </span>
    </p>
   </div>
   <div class='ocr_carea' id='block_1_91' title="bbox 1922 3088 3506 3168">
    <p class='ocr_par' dir='ltr' id='par_1_91' title="bbox 1922 3088 3506 3168">
     <span class='ocr_line' id='line_1_91' title="bbox 1922 3088 3506 3168; baseline -0.007 -14"><span class='ocrx_word' id='word_1_712' title='bbox 1922 3099 2056 3166; x_wconf 85' lang='lat' dir='ltr'><strong>Quin</strong></span> <span class='ocrx_word' id='word_1_713' title='bbox 2102 3100 2214 3168; x_wconf 89' lang='lat' dir='ltr'><strong>ipsa</strong></span> <span class='ocrx_word' id='word_1_714' title='bbox 2258 3095 2371 3150; x_wconf 79' lang='lat' dir='ltr'><strong>inec</strong></span> <span class='ocrx_word' id='word_1_715' title='bbox 2412 3093 2568 3149; x_wconf 90' lang='lat' dir='ltr'><strong>verba</strong></span> <span class='ocrx_word' id='word_1_716' title='bbox 2597 3136 2611 3160; x_wconf 91' lang='lat'><strong>,</strong></span> <span class='ocrx_word' id='word_1_717' title='bbox 2641 3104 2696 3148; x_wconf 90' lang='lat' dir='ltr'><strong>ut</strong></span> <span class='ocrx_word' id='word_1_718' title='bbox 2741 3093 3027 3162; x_wconf 83' lang='lat' dir='ltr'><strong>Epistulam</strong></span> <span class='ocrx_word' id='word_1_719' title='bbox 3069 3091 3134 3143; x_wconf 90' lang='lat' dir='ltr'><strong>ad</strong></span> <span class='ocrx_word' id='word_1_720' title='bbox 3182 3088 3297 3143; x_wconf 83' lang='lat' dir='ltr'><strong>ha-c</strong></span> <span class='ocrx_word' id='word_1_721' title='bbox 3337 3103 3506 3159; x_wconf 89' lang='lat' dir='ltr'><strong>usque</strong></span> 
     </span>
    </p>
   </div>
   <div class='ocr_carea' id='block_1_92' title="bbox 1923 3179 3503 3261">
    <p class='ocr_par' dir='ltr' id='par_1_92' title="bbox 1923 3179 3503 3261">
     <span class='ocr_line' id='line_1_92' title="bbox 1923 3179 3503 3261; baseline -0.007 -15"><span class='ocrx_word' id='word_1_722' title='bbox 1923 3189 2158 3261; x_wconf 83' lang='lat' dir='ltr'><strong>tempora</strong></span> <span class='ocrx_word' id='word_1_723' title='bbox 2220 3179 2592 3252; x_wconf 85' lang='lat' dir='ltr'><strong>dili‘erremus,</strong></span> <span class='ocrx_word' id='word_1_724' title='bbox 2656 3181 2865 3239; x_wconf 80' lang='lat' dir='ltr'><strong>fuerunt</strong></span> <span class='ocrx_word' id='word_1_725' title='bbox 2927 3189 3237 3252; x_wconf 89' lang='lat' dir='ltr'><strong>argumento</strong></span> <span class='ocrx_word' id='word_1_726' title='bbox 3305 3181 3503 3236; x_wconf 90' lang='lat' dir='ltr'><strong>nobis:</strong></span> 
     </span>
    </p>
   </div>
   <div class='ocr_carea' id='block_1_93' title="bbox 1921 3271 3499 3355">
    <p class='ocr_par' dir='ltr' id='par_1_93' title="bbox 1921 3271 3499 3355">
     <span class='ocr_line' id='line_1_93' title="bbox 1921 3271 3499 3355; baseline -0.004 -18"><span class='ocrx_word' id='word_1_727' title='bbox 1921 3295 2238 3355; x_wconf 87' lang='lat' dir='ltr'><strong>quamquam</strong></span> <span class='ocrx_word' id='word_1_728' title='bbox 2273 3281 2424 3343; x_wconf 87' lang='lat' dir='ltr'><strong>alias,</strong></span> <span class='ocrx_word' id='word_1_729' title='bbox 2457 3290 2510 3335; x_wconf 90' lang='lat' dir='ltr'><strong>et</strong></span> <span class='ocrx_word' id='word_1_730' title='bbox 2549 3277 2599 3334; x_wconf 90' lang='lat' dir='ltr'><strong>in</strong></span> <span class='ocrx_word' id='word_1_731' title='bbox 2644 3275 3034 3348; x_wconf 85' lang='lat' dir='ltr'><strong>chronologicis</strong></span> <span class='ocrx_word' id='word_1_732' title='bbox 3073 3275 3136 3330; x_wconf 86' lang='lat' dir='ltr'><strong>ad</strong></span> <span class='ocrx_word' id='word_1_733' title='bbox 3180 3271 3297 3330; x_wconf 82' lang='lat' dir='ltr'><strong>cani</strong></span> <span class='ocrx_word' id='word_1_734' title='bbox 3329 3274 3499 3340; x_wconf 86' lang='lat' dir='ltr'><strong>Notis,</strong></span> 
     </span>
    </p>
   </div>
   <div class='ocr_carea' id='block_1_94' title="bbox 1916 3365 3504 3446">
    <p class='ocr_par' dir='ltr' id='par_1_94' title="bbox 1916 3365 3504 3446">
     <span class='ocr_line' id='line_1_94' title="bbox 1916 3365 3504 3446; baseline -0.004 -19"><span class='ocrx_word' id='word_1_735' title='bbox 1916 3375 2064 3446; x_wconf 82' lang='lat' dir='ltr'><strong>juxta</strong></span> <span class='ocrx_word' id='word_1_736' title='bbox 2114 3382 2380 3442; x_wconf 88' lang='lat' dir='ltr'><strong>receptam</strong></span> <span class='ocrx_word' id='word_1_737' title='bbox 2409 3372 2562 3443; x_wconf 84' lang='lat' dir='ltr'><strong>vulgo</strong></span> <span class='ocrx_word' id='word_1_738' title='bbox 2589 3371 2904 3426; x_wconf 89' lang='lat' dir='ltr'><strong>sententiam</strong></span> <span class='ocrx_word' id='word_1_739' title='bbox 2927 3411 2941 3435; x_wconf 88' lang='lat'><strong>,</strong></span> <span class='ocrx_word' id='word_1_740' title='bbox 2969 3375 3085 3422; x_wconf 84' lang='lat' dir='ltr'><strong>eam</strong></span> <span class='ocrx_word' id='word_1_741' title='bbox 3117 3365 3214 3437; x_wconf 81' lang='lat' dir='ltr'><strong>ipsi</strong></span> <span class='ocrx_word' id='word_1_742' title='bbox 3244 3369 3339 3421; x_wconf 86' lang='lat' dir='ltr'><strong>nos</strong></span> <span class='ocrx_word' id='word_1_743' title='bbox 3367 3371 3504 3437; x_wconf 73' lang='lat' dir='ltr'><strong>pra:-</strong></span> 
     </span>
    </p>
   </div>
   <div class='ocr_carea' id='block_1_95' title="bbox 1919 3453 3501 3532">
    <p class='ocr_par' dir='ltr' id='par_1_95' title="bbox 1919 3453 3501 3532">
     <span class='ocr_line' id='line_1_95' title="bbox 1919 3453 3501 3532; baseline -0.006 -8"><span class='ocrx_word' id='word_1_744' title='bbox 1919 3469 2127 3524; x_wconf 89' lang='lat' dir='ltr'><strong>cedenti</strong></span> <span class='ocrx_word' id='word_1_745' title='bbox 2168 3481 2306 3522; x_wconf 91' lang='lat' dir='ltr'><strong>anno</strong></span> <span class='ocrx_word' id='word_1_746' title='bbox 2339 3461 2680 3521; x_wconf 83' lang='lat' dir='ltr'><strong>aflixcrimus.</strong></span> <span class='ocrx_word' id='word_1_747' title='bbox 2723 3459 2990 3518; x_wconf 84' lang='lat' dir='ltr'><strong>Habemus</strong></span> <span class='ocrx_word' id='word_1_748' title='bbox 3027 3465 3168 3516; x_wconf 89' lang='lat' dir='ltr'><strong>nunc</strong></span> <span class='ocrx_word' id='word_1_749' title='bbox 3204 3453 3300 3532; x_wconf 71' lang='lat' dir='ltr'><strong>pro</strong></span> <span class='ocrx_word' id='word_1_750' title='bbox 3333 3463 3501 3528; x_wconf 76' lang='lat' dir='ltr'><strong>Certo,</strong></span> 
     </span>
    </p>
   </div>
   <div class='ocr_carea' id='block_1_96' title="bbox 1921 3549 3505 3631">
    <p class='ocr_par' dir='ltr' id='par_1_96' title="bbox 1921 3549 3505 3631">
     <span class='ocr_line' id='line_1_96' title="bbox 1921 3549 3505 3631; baseline -0.004 -19"><span class='ocrx_word' id='word_1_751' title='bbox 1921 3575 2107 3631; x_wconf 86' lang='lat' dir='ltr'><strong>pacem</strong></span> <span class='ocrx_word' id='word_1_752' title='bbox 2143 3574 2300 3630; x_wconf 88' lang='lat' dir='ltr'><strong>quam</strong></span> <span class='ocrx_word' id='word_1_753' title='bbox 2335 3553 2588 3624; x_wconf 80' lang='lat' dir='ltr'><strong>nominat,</strong></span> <span class='ocrx_word' id='word_1_754' title='bbox 2629 3565 2733 3610; x_wconf 88' lang='lat' dir='ltr'><strong>non</strong></span> <span class='ocrx_word' id='word_1_755' title='bbox 2769 3549 2924 3610; x_wconf 80' lang='lat' dir='ltr'><strong>aliam</strong></span> <span class='ocrx_word' id='word_1_756' title='bbox 2961 3554 3026 3608; x_wconf 87' lang='lat' dir='ltr'><strong>ab</strong></span> <span class='ocrx_word' id='word_1_757' title='bbox 3059 3557 3159 3607; x_wconf 90' lang='lat' dir='ltr'><strong>hac</strong></span> <span class='ocrx_word' id='word_1_758' title='bbox 3184 3565 3321 3617; x_wconf 88' lang='lat' dir='ltr'><strong>esse,</strong></span> <span class='ocrx_word' id='word_1_759' title='bbox 3349 3555 3505 3621; x_wconf 81' lang='lat' dir='ltr'><strong>quam</strong></span> 
     </span>
    </p>
   </div>
   <div class='ocr_carea' id='block_1_97' title="bbox 1921 3645 3502 3720">
    <p class='ocr_par' dir='ltr' id='par_1_97' title="bbox 1921 3645 3502 3720">
     <span class='ocr_line' id='line_1_97' title="bbox 1921 3645 3502 3720; baseline -0.009 -11"><span class='ocrx_word' id='word_1_760' title='bbox 1921 3659 2039 3709; x_wconf 85' lang='lat' dir='ltr'><strong>cum</strong></span> <span class='ocrx_word' id='word_1_761' title='bbox 2062 3651 2265 3708; x_wconf 86' lang='lat' dir='ltr'><strong>Joanne</strong></span> <span class='ocrx_word' id='word_1_762' title='bbox 2283 3651 2545 3720; x_wconf 88' lang='lat' dir='ltr'><strong>Episcopo</strong></span> <span class='ocrx_word' id='word_1_763' title='bbox 2567 3650 2700 3704; x_wconf 88' lang='lat' dir='ltr'><strong>iniit.</strong></span> <span class='ocrx_word' id='word_1_764' title='bbox 2722 3645 2851 3703; x_wconf 79' lang='lat' dir='ltr'><strong>Nam</strong></span> <span class='ocrx_word' id='word_1_765' title='bbox 2875 3645 3014 3717; x_wconf 90' lang='lat' dir='ltr'><strong>quod</strong></span> <span class='ocrx_word' id='word_1_766' title='bbox 3039 3645 3276 3704; x_wconf 69' lang='lat' dir='ltr'><strong>noritulli</strong></span> <span class='ocrx_word' id='word_1_767' title='bbox 3301 3649 3502 3714; x_wconf 83' lang='lat' dir='ltr'><strong>putant,</strong></span> 
     </span>
    </p>
   </div>
   <div class='ocr_carea' id='block_1_98' title="bbox 1922 3733 3508 3812">
    <p class='ocr_par' dir='ltr' id='par_1_98' title="bbox 1922 3733 3508 3812">
     <span class='ocr_line' id='line_1_98' title="bbox 1922 3733 3508 3812; baseline -0.008 -12"><span class='ocrx_word' id='word_1_768' title='bbox 1922 3761 2038 3800; x_wconf 86' lang='lat' dir='ltr'><strong>eam</strong></span> <span class='ocrx_word' id='word_1_769' title='bbox 2064 3741 2168 3798; x_wconf 91' lang='lat' dir='ltr'><strong>dici</strong></span> <span class='ocrx_word' id='word_1_770' title='bbox 2195 3739 2312 3812; x_wconf 76' lang='lat' dir='ltr'><strong>qua:</strong></span> <span class='ocrx_word' id='word_1_771' title='bbox 2341 3741 2657 3797; x_wconf 84' lang='lat' dir='ltr'><strong>Hunnorum</strong></span> <span class='ocrx_word' id='word_1_772' title='bbox 2687 3733 3009 3808; x_wconf 85' lang='lat' dir='ltr'><strong>irruptiones</strong></span> <span class='ocrx_word' id='word_1_773' title='bbox 3032 3735 3120 3808; x_wconf 87' lang='lat' dir='ltr'><strong>(tie</strong></span> <span class='ocrx_word' id='word_1_774' title='bbox 3141 3735 3328 3805; x_wconf 89' lang='lat' dir='ltr'><strong>quibus</strong></span> <span class='ocrx_word' id='word_1_775' title='bbox 3352 3733 3508 3802; x_wconf 77' lang='lat' dir='ltr'><strong>paulo</strong></span> 
     </span>
    </p>
   </div>
   <div class='ocr_carea' id='block_1_99' title="bbox 1923 3825 3484 3905">
    <p class='ocr_par' dir='ltr' id='par_1_99' title="bbox 1923 3825 3484 3905">
     <span class='ocr_line' id='line_1_99' title="bbox 1923 3825 3484 3905; baseline -0.007 -15"><span class='ocrx_word' id='word_1_776' title='bbox 1923 3846 2044 3890; x_wconf 90' lang='lat' dir='ltr'><strong>ante</strong></span> <span class='ocrx_word' id='word_1_777' title='bbox 2071 3835 2294 3905; x_wconf 85' lang='lat' dir='ltr'><strong>egimus)</strong></span> <span class='ocrx_word' id='word_1_778' title='bbox 2327 3835 2655 3902; x_wconf 81' lang='lat' dir='ltr'><strong>consequuta</strong></span> <span class='ocrx_word' id='word_1_779' title='bbox 2686 3839 2785 3896; x_wconf 88' lang='lat' dir='ltr'><strong>est,</strong></span> <span class='ocrx_word' id='word_1_780' title='bbox 2821 3825 3052 3884; x_wconf 79' lang='lat' dir='ltr'><strong>alieliiiih</strong></span> <span class='ocrx_word' id='word_1_781' title='bbox 3083 3825 3235 3897; x_wconf 80' lang='lat' dir='ltr'><strong>plaiie</strong></span> <span class='ocrx_word' id='word_1_782' title='bbox 3262 3827 3288 3880; x_wconf 69' lang='grc' dir='ltr'><strong>ξι</strong></span> <span class='ocrx_word' id='word_1_783' title='bbox 3313 3825 3368 3882; x_wconf 84' lang='lat' dir='ltr'><strong>S.</strong></span> <span class='ocrx_word' id='word_1_784' title='bbox 3406 3827 3484 3880; x_wconf 76' lang='lat' dir='ltr'><strong>Dii</strong></span> 
     </span>
    </p>
   </div>
   <div class='ocr_carea' id='block_1_100' title="bbox 1923 3919 3505 3994">
    <p class='ocr_par' dir='ltr' id='par_1_100' title="bbox 1923 3919 3505 3994">
     <span class='ocr_line' id='line_1_100' title="bbox 1923 3919 3505 3994; baseline -0.008 -11"><span class='ocrx_word' id='word_1_785' title='bbox 1923 3929 2083 3983; x_wconf 88' lang='lat' dir='ltr'><strong>ctoris</strong></span> <span class='ocrx_word' id='word_1_786' title='bbox 2109 3931 2286 3981; x_wconf 90' lang='lat' dir='ltr'><strong>mente</strong></span> <span class='ocrx_word' id='word_1_787' title='bbox 2307 3923 2591 3980; x_wconf 86' lang='lat' dir='ltr'><strong>ostendunt</strong></span> <span class='ocrx_word' id='word_1_788' title='bbox 2611 3935 2727 3994; x_wconf 66' lang='lat' dir='ltr'><strong>quae</strong></span> <span class='ocrx_word' id='word_1_789' title='bbox 2749 3922 2999 3978; x_wconf 82' lang='lat' dir='ltr'><strong>continuo</strong></span> <span class='ocrx_word' id='word_1_790' title='bbox 3023 3921 3133 3989; x_wconf 74' lang='lat' dir='ltr'><strong>ipse</strong></span> <span class='ocrx_word' id='word_1_791' title='bbox 3154 3920 3219 3974; x_wconf 69' lang='lat' dir='ltr'><strong>d&#39;e’</strong></span> <span class='ocrx_word' id='word_1_792' title='bbox 3240 3919 3470 3987; x_wconf 73' lang='lat' dir='ltr'><strong>Prmse&#39;pi</strong></span> <span class='ocrx_word' id='word_1_793' title='bbox 3490 3961 3505 3984; x_wconf 92' lang='lat'><strong>,</strong></span> 
     </span>
    </p>
   </div>
   <div class='ocr_carea' id='block_1_101' title="bbox 1923 3998 3508 4090">
    <p class='ocr_par' dir='ltr' id='par_1_101' title="bbox 1923 3998 3508 4090">
     <span class='ocr_line' id='line_1_101' title="bbox 1923 3998 3508 4090; baseline -0.007 -16"><span class='ocrx_word' id='word_1_794' title='bbox 1923 4021 2094 4090; x_wconf 88' lang='lat' dir='ltr'><strong>deque</strong></span> <span class='ocrx_word' id='word_1_795' title='bbox 2135 4019 2377 4088; x_wconf 79' lang='lat' dir='ltr'><strong>vagiente</strong></span> <span class='ocrx_word' id='word_1_796' title='bbox 2424 4017 2492 4072; x_wconf 91' lang='lat' dir='ltr'><strong>Ibi</strong></span> <span class='ocrx_word' id='word_1_797' title='bbox 2539 4015 2737 4070; x_wconf 83' lang='lat' dir='ltr'><strong>infante</strong></span> <span class='ocrx_word' id='word_1_798' title='bbox 2782 4001 2999 4068; x_wconf 86' lang='lat' dir='ltr'><strong>subdit:</strong></span> <span class='ocrx_word' id='word_1_799' title='bbox 3030 4010 3222 4080; x_wconf 84' lang='lat' dir='ltr'><strong>quibus</strong></span> <span class='ocrx_word' id='word_1_800' title='bbox 3257 3998 3508 4080; x_wconf 76' lang='lat' dir='ltr'><strong>gratulari</strong></span> 
     </span>
    </p>
   </div>
   <div class='ocr_carea' id='block_1_102' title="bbox 1925 4091 3508 4180">
    <p class='ocr_par' dir='ltr' id='par_1_102' title="bbox 1925 4091 3508 4180">
     <span class='ocr_line' id='line_1_102' title="bbox 1925 4091 3508 4180; baseline -0.008 -14"><span class='ocrx_word' id='word_1_801' title='bbox 1925 4112 2134 4167; x_wconf 87' lang='lat' dir='ltr'><strong>videtur</strong></span> <span class='ocrx_word' id='word_1_802' title='bbox 2164 4107 2275 4180; x_wconf 87' lang='lat' dir='ltr'><strong>ipse</strong></span> <span class='ocrx_word' id='word_1_803' title='bbox 2311 4108 2411 4164; x_wconf 88' lang='lat' dir='ltr'><strong>sibi</strong></span> <span class='ocrx_word' id='word_1_804' title='bbox 2443 4108 2514 4163; x_wconf 87' lang='lat' dir='ltr'><strong>de</strong></span> <span class='ocrx_word' id='word_1_805' title='bbox 2552 4091 2764 4178; x_wconf 83' lang='lat' dir='ltr'><strong>recepta</strong></span> <span class='ocrx_word' id='word_1_806' title='bbox 2796 4113 2889 4177; x_wconf 85' lang='lat' dir='ltr'><strong>per</strong></span> <span class='ocrx_word' id='word_1_807' title='bbox 2917 4099 3285 4158; x_wconf 75' lang='lat' dir='ltr'><strong>reconciliatae</strong></span> <span class='ocrx_word' id='word_1_808' title='bbox 3323 4100 3508 4155; x_wconf 84' lang='lat' dir='ltr'><strong>amici-</strong></span> 
     </span>
    </p>
   </div>
   <div class='ocr_carea' id='block_1_103' title="bbox 1926 4194 3510 4275">
    <p class='ocr_par' dir='ltr' id='par_1_103' title="bbox 1926 4194 3510 4275">
     <span class='ocr_line' id='line_1_103' title="bbox 1926 4194 3510 4275; baseline -0.009 -13"><span class='ocrx_word' id='word_1_809' title='bbox 1926 4207 2025 4262; x_wconf 89' lang='lat' dir='ltr'><strong>tias</strong></span> <span class='ocrx_word' id='word_1_810' title='bbox 2069 4207 2168 4261; x_wconf 89' lang='lat' dir='ltr'><strong>loci</strong></span> <span class='ocrx_word' id='word_1_811' title='bbox 2209 4205 2324 4275; x_wconf 91' lang='lat' dir='ltr'><strong>ejus</strong></span> <span class='ocrx_word' id='word_1_812' title='bbox 2365 4203 2602 4259; x_wconf 88' lang='lat' dir='ltr'><strong>Ecclesia</strong></span> <span class='ocrx_word' id='word_1_813' title='bbox 2633 4243 2646 4266; x_wconf 92' lang='lat'><strong>,</strong></span> <span class='ocrx_word' id='word_1_814' title='bbox 2679 4200 2829 4270; x_wconf 88' lang='lat' dir='ltr'><strong>cujus</strong></span> <span class='ocrx_word' id='word_1_815' title='bbox 2874 4196 3075 4269; x_wconf 85' lang='lat' dir='ltr'><strong>pridem</strong></span> <span class='ocrx_word' id='word_1_816' title='bbox 3117 4197 3358 4266; x_wconf 82' lang='lat' dir='ltr'><strong>ingressu</strong></span> <span class='ocrx_word' id='word_1_817' title='bbox 3395 4194 3510 4265; x_wconf 81' lang='lat' dir='ltr'><strong>ipso</strong></span> 
     </span>
    </p>
   </div>
   <div class='ocr_carea' id='block_1_104' title="bbox 1926 4283 3511 4370">
    <p class='ocr_par' dir='ltr' id='par_1_104' title="bbox 1926 4283 3511 4370">
     <span class='ocr_line' id='line_1_104' title="bbox 1926 4283 3511 4370; baseline -0.008 -16"><span class='ocrx_word' id='word_1_818' title='bbox 1926 4297 2322 4370; x_wconf 87' lang='lat' dir='ltr'><strong>prohibebatur.</strong></span> <span class='ocrx_word' id='word_1_819' title='bbox 2377 4292 2678 4350; x_wconf 80' lang='lat' dir='ltr'><strong>Probibi&#39;tiis</strong></span> <span class='ocrx_word' id='word_1_820' title='bbox 2722 4289 2896 4346; x_wconf 85' lang='lat' dir='ltr'><strong>anteln</strong></span> <span class='ocrx_word' id='word_1_821' title='bbox 2938 4283 3107 4344; x_wconf 81' lang='lat' dir='ltr'><strong>fuerat</strong></span> <span class='ocrx_word' id='word_1_822' title='bbox 3150 4287 3213 4342; x_wconf 86' lang='lat' dir='ltr'><strong>ad</strong></span> <span class='ocrx_word' id='word_1_823' title='bbox 3252 4287 3311 4361; x_wconf 86' lang='lat' dir='ltr'><strong>id</strong></span> <span class='ocrx_word' id='word_1_824' title='bbox 3343 4285 3511 4355; x_wconf 75' lang='lat' dir='ltr'><strong>usque</strong></span> 
     </span>
    </p>
   </div>
   <div class='ocr_carea' id='block_1_105' title="bbox 1926 4371 3508 4463">
    <p class='ocr_par' dir='ltr' id='par_1_105' title="bbox 1926 4371 3508 4463">
     <span class='ocr_line' id='line_1_105' title="bbox 1926 4371 3508 4463; baseline -0.008 -17"><span class='ocrx_word' id='word_1_825' title='bbox 1926 4392 2218 4463; x_wconf 84' lang='lat' dir='ltr'><strong>temporis,</strong></span> <span class='ocrx_word' id='word_1_826' title='bbox 2263 4405 2369 4461; x_wconf 91' lang='lat' dir='ltr'><strong>quo</strong></span> <span class='ocrx_word' id='word_1_827' title='bbox 2411 4384 2628 4445; x_wconf 80' lang='lat' dir='ltr'><strong>Librum</strong></span> <span class='ocrx_word' id='word_1_828' title='bbox 2677 4378 2859 4442; x_wconf 77' lang='lat' dir='ltr'><strong>eontra</strong></span> <span class='ocrx_word' id='word_1_829' title='bbox 2904 4381 3164 4439; x_wconf 79' lang='lat' dir='ltr'><strong>Joannem</strong></span> <span class='ocrx_word' id='word_1_830' title='bbox 3208 4371 3508 4434; x_wconf 84' lang='lat' dir='ltr'><strong>scribebat:</strong></span> 
     </span>
    </p>
   </div>
   <div class='ocr_carea' id='block_1_106' title="bbox 1923 4470 3509 4558">
    <p class='ocr_par' dir='ltr' id='par_1_106' title="bbox 1923 4470 3509 4558">
     <span class='ocr_line' id='line_1_106' title="bbox 1923 4470 3509 4558; baseline -0.013 -17"><span class='ocrx_word' id='word_1_831' title='bbox 1923 4485 2064 4558; x_wconf 85' lang='lat' dir='ltr'><strong>quod</strong></span> <span class='ocrx_word' id='word_1_832' title='bbox 2110 4481 2272 4540; x_wconf 84' lang='lat' dir='ltr'><strong>deﬂet</strong></span> <span class='ocrx_word' id='word_1_833' title='bbox 2318 4484 2430 4554; x_wconf 87' lang='lat' dir='ltr'><strong>ipse</strong></span> <span class='ocrx_word' id='word_1_834' title='bbox 2476 4481 2584 4546; x_wconf 88' lang='lat' dir='ltr'><strong>ibi,</strong></span> <span class='ocrx_word' id='word_1_835' title='bbox 2622 4477 2790 4549; x_wconf 84' lang='lat' dir='ltr'><strong>Usque</strong></span> <span class='ocrx_word' id='word_1_836' title='bbox 2818 4471 2869 4530; x_wconf 81' lang='lat' dir='ltr'><strong>iit</strong></span> <span class='ocrx_word' id='word_1_837' title='bbox 2901 4474 3192 4558; x_wconf 70' lang='lat' dir='ltr'><strong>prazsetttent</strong></span> <span class='ocrx_word' id='word_1_838' title='bbox 3233 4471 3396 4534; x_wconf 77' lang='lat' dir='ltr'><strong>diem,</strong></span> <span class='ocrx_word' id='word_1_839' title='bbox 3427 4470 3509 4522; x_wconf 77' lang='lat' dir='ltr'><strong>ili-</strong></span> 
     </span>
    </p>
   </div>
   <div class='ocr_carea' id='block_1_107' title="bbox 1925 4553 3513 4648">
    <p class='ocr_par' dir='ltr' id='par_1_107' title="bbox 1925 4553 3513 4648">
     <span class='ocr_line' id='line_1_107' title="bbox 1925 4553 3513 4648; baseline -0.011 -17"><span class='ocrx_word' id='word_1_840' title='bbox 1925 4553 2112 4648; x_wconf 75' lang='lat' dir='ltr'><strong>quiehs</strong></span> <span class='ocrx_word' id='word_1_841' title='bbox 2132 4619 2145 4642; x_wconf 93' lang='lat'><strong>,</strong></span> <span class='ocrx_word' id='word_1_842' title='bbox 2177 4553 2402 4630; x_wconf 80' lang='lat' dir='ltr'><strong>videmus</strong></span> <span class='ocrx_word' id='word_1_843' title='bbox 2445 4575 2635 4626; x_wconf 84' lang='lat' dir='ltr'><strong>talltum</strong></span> <span class='ocrx_word' id='word_1_844' title='bbox 2673 4583 2876 4638; x_wconf 83' lang='lat' dir='ltr'><strong>specum</strong></span> <span class='ocrx_word' id='word_1_845' title='bbox 2907 4553 3116 4617; x_wconf 73' lang='grc' dir='ltr'><strong>Ποιηὺή</strong></span> <span class='ocrx_word' id='word_1_846' title='bbox 3132 4575 3150 4628; x_wconf 87' lang='grc'><strong><em>;</em></strong></span> <span class='ocrx_word' id='word_1_847' title='bbox 3191 4561 3238 4614; x_wconf 79' lang='lat' dir='ltr'><strong>ét</strong></span> <span class='ocrx_word' id='word_1_848' title='bbox 3266 4559 3513 4614; x_wconf 71' lang='lat' dir='ltr'><strong>[twi&#39;eticis</strong></span> 
     </span>
    </p>
   </div>
   <div class='ocr_carea' id='block_1_108' title="bbox 1924 4651 3512 4739">
    <p class='ocr_par' dir='ltr' id='par_1_108' title="bbox 1924 4651 3512 4739">
     <span class='ocr_line' id='line_1_108' title="bbox 1924 4651 3512 4739; baseline -0.012 -13"><span class='ocrx_word' id='word_1_849' title='bbox 1924 4665 2262 4732; x_wconf 76' lang='lat' dir='ltr'><strong>intranlibus,</strong></span> <span class='ocrx_word' id='word_1_850' title='bbox 2299 4665 2476 4739; x_wconf 77' lang='lat' dir='ltr'><strong>procul</strong></span> <span class='ocrx_word' id='word_1_851' title='bbox 2515 4663 2663 4734; x_wconf 83' lang='lat' dir='ltr'><strong>positi</strong></span> <span class='ocrx_word' id='word_1_852' title='bbox 2701 4658 3034 4729; x_wconf 74' lang='lat' dir='ltr'><strong>suspiramus.</strong></span> <span class='ocrx_word' id='word_1_853' title='bbox 3081 4655 3193 4725; x_wconf 82' lang='lat' dir='ltr'><strong>Ipsa</strong></span> <span class='ocrx_word' id='word_1_854' title='bbox 3239 4653 3415 4722; x_wconf 84' lang='lat' dir='ltr'><strong>itaque</strong></span> <span class='ocrx_word' id='word_1_855' title='bbox 3444 4651 3512 4707; x_wconf 83' lang='lat' dir='ltr'><strong>ad</strong></span> 
     </span>
    </p>
   </div>
   <div class='ocr_carea' id='block_1_109' title="bbox 1927 4745 3514 4832">
    <p class='ocr_par' dir='ltr' id='par_1_109' title="bbox 1927 4745 3514 4832">
     <span class='ocr_line' id='line_1_109' title="bbox 1927 4745 3514 4832; baseline -0.013 -13"><span class='ocrx_word' id='word_1_856' title='bbox 1927 4761 2198 4819; x_wconf 83' lang='lat' dir='ltr'><strong>Fabiolam</strong></span> <span class='ocrx_word' id='word_1_857' title='bbox 2222 4757 2456 4832; x_wconf 84' lang='lat' dir='ltr'><strong>Epistola</strong></span> <span class='ocrx_word' id='word_1_858' title='bbox 2474 4766 2593 4827; x_wconf 87' lang='lat' dir='ltr'><strong>post</strong></span> <span class='ocrx_word' id='word_1_859' title='bbox 2609 4757 2806 4826; x_wconf 88' lang='lat' dir='ltr'><strong>patlcos</strong></span> <span class='ocrx_word' id='word_1_860' title='bbox 2827 4759 3038 4806; x_wconf 85' lang='lat' dir='ltr'><strong>menses</strong></span> <span class='ocrx_word' id='word_1_861' title='bbox 3054 4747 3119 4804; x_wconf 88' lang='lat' dir='ltr'><strong>ab</strong></span> <span class='ocrx_word' id='word_1_862' title='bbox 3135 4761 3200 4804; x_wconf 87' lang='lat' dir='ltr'><strong>eo</strong></span> <span class='ocrx_word' id='word_1_863' title='bbox 3217 4745 3376 4802; x_wconf 86' lang='lat' dir='ltr'><strong>Libro</strong></span> <span class='ocrx_word' id='word_1_864' title='bbox 3393 4745 3514 4799; x_wconf 75' lang='lat' dir='ltr'><strong>nuta</strong></span> 
     </span>
    </p>
   </div>
   <div class='ocr_carea' id='block_1_110' title="bbox 1925 4841 3510 4911">
    <p class='ocr_par' dir='ltr' id='par_1_110' title="bbox 1925 4841 3510 4911">
     <span class='ocr_line' id='line_1_110' title="bbox 1925 4841 3510 4911; baseline -0.012 -1"><span class='ocrx_word' id='word_1_865' title='bbox 1925 4845 2094 4911; x_wconf 86' lang='lat' dir='ltr'><strong>videri</strong></span> <span class='ocrx_word' id='word_1_866' title='bbox 2117 4852 2304 4910; x_wconf 87' lang='lat' dir='ltr'><strong>debet:</strong></span> <span class='ocrx_word' id='word_1_867' title='bbox 2324 4849 2523 4907; x_wconf 83' lang='lat' dir='ltr'><strong>dill‘erri</strong></span> <span class='ocrx_word' id='word_1_868' title='bbox 2549 4851 2725 4902; x_wconf 83' lang='lat' dir='ltr'><strong>autem</strong></span> <span class='ocrx_word' id='word_1_869' title='bbox 2752 4843 2923 4900; x_wconf 88' lang='lat' dir='ltr'><strong>serius</strong></span> <span class='ocrx_word' id='word_1_870' title='bbox 2949 4841 3165 4898; x_wconf 82' lang='lat' dir='ltr'><strong>omnino</strong></span> <span class='ocrx_word' id='word_1_871' title='bbox 3185 4843 3290 4894; x_wconf 87' lang='lat' dir='ltr'><strong>ho&#39;n</strong></span> <span class='ocrx_word' id='word_1_872' title='bbox 3317 4844 3510 4910; x_wconf 86' lang='lat' dir='ltr'><strong>potest.</strong></span> 
     </span>
    </p>
   </div>
   <div class='ocr_carea' id='block_1_111' title="bbox 2492 4940 2941 5018">
    <p class='ocr_par' dir='ltr' id='par_1_111' title="bbox 2492 4940 2941 5018">
     <span class='ocr_line' id='line_1_111' title="bbox 2492 4940 2941 5018; baseline -0.02 0"><span class='ocrx_word' id='word_1_873' title='bbox 2492 4955 2720 5018; x_wconf 77' lang='lat' dir='ltr'><strong>CAPUT</strong></span> <span class='ocrx_word' id='word_1_874' title='bbox 2771 4940 2941 5013; x_wconf 84' lang='lat' dir='ltr'><strong>xxx.</strong></span> 
     </span>
    </p>
   </div>
   <div class='ocr_carea' id='block_1_112' title="bbox 1931 5085 3517 5170">
    <p class='ocr_par' dir='ltr' id='par_1_112' title="bbox 1931 5085 3517 5170">
     <span class='ocr_line' id='line_1_112' title="bbox 1931 5085 3517 5170; baseline -0.018 -7"><span class='ocrx_word' id='word_1_875' title='bbox 1931 5108 1975 5164; x_wconf 90' lang='lat' dir='ltr'><strong>I.</strong></span> <span class='ocrx_word' id='word_1_876' title='bbox 2020 5105 2167 5160; x_wconf 80' lang='lat' dir='ltr'><strong>Noua</strong></span> <span class='ocrx_word' id='word_1_877' title='bbox 2205 5117 2318 5157; x_wconf 85' lang='lat' dir='ltr'><strong>cum</strong></span> <span class='ocrx_word' id='word_1_878' title='bbox 2347 5099 2550 5170; x_wconf 69' lang='lat' dir='ltr'><strong>Ruﬁino</strong></span> <span class='ocrx_word' id='word_1_879' title='bbox 2589 5091 2838 5150; x_wconf 85' lang='lat' dir='ltr'><strong>contentio</strong></span> <span class='ocrx_word' id='word_1_880' title='bbox 2877 5089 3098 5145; x_wconf 59' lang='lat' dir='ltr'><strong>exoritur</strong></span> <span class='ocrx_word' id='word_1_881' title='bbox 3125 5085 3188 5141; x_wconf 81' lang='lat' dir='ltr'><strong>ob</strong></span> <span class='ocrx_word' id='word_1_882' title='bbox 3215 5085 3517 5154; x_wconf 84' lang='lat' dir='ltr'><strong>interpreta-</strong></span> 
     </span>
    </p>
   </div>
   <div class='ocr_carea' id='block_1_113' title="bbox 2002 5175 3519 5260">
    <p class='ocr_par' dir='ltr' id='par_1_113' title="bbox 2002 5175 3519 5260">
     <span class='ocr_line' id='line_1_113' title="bbox 2002 5175 3519 5260; baseline -0.018 -8"><span class='ocrx_word' id='word_1_883' title='bbox 2002 5208 2108 5252; x_wconf 80' lang='lat' dir='ltr'><strong>tum</strong></span> <span class='ocrx_word' id='word_1_884' title='bbox 2132 5194 2194 5249; x_wconf 87' lang='lat' dir='ltr'><strong>ab</strong></span> <span class='ocrx_word' id='word_1_885' title='bbox 2218 5210 2277 5248; x_wconf 85' lang='lat' dir='ltr'><strong>eo</strong></span> <span class='ocrx_word' id='word_1_886' title='bbox 2309 5189 2538 5260; x_wconf 80' lang='lat' dir='ltr'><strong>Origenis</strong></span> <span class='ocrx_word' id='word_1_887' title='bbox 2576 5188 2756 5242; x_wconf 88' lang='lat' dir='ltr'><strong>librum</strong></span> <span class='ocrx_word' id='word_1_888' title='bbox 2797 5178 3140 5243; x_wconf 75' lang='lat' dir='ltr'><strong>Periure/ton,</strong></span> <span class='ocrx_word' id='word_1_889' title='bbox 3177 5185 3224 5230; x_wconf 84' lang='lat' dir='ltr'><strong>et</strong></span> <span class='ocrx_word' id='word_1_890' title='bbox 3255 5175 3519 5229; x_wconf 85' lang='lat' dir='ltr'><strong>laudatam</strong></span> 
     </span>
    </p>
   </div>
   <div class='ocr_carea' id='block_1_114' title="bbox 2001 5264 3520 5358">
    <p class='ocr_par' dir='ltr' id='par_1_114' title="bbox 2001 5264 3520 5358">
     <span class='ocr_line' id='line_1_114' title="bbox 2001 5264 3520 5358; baseline -0.019 -13"><span class='ocrx_word' id='word_1_891' title='bbox 2001 5291 2056 5345; x_wconf 90' lang='lat' dir='ltr'><strong>in</strong></span> <span class='ocrx_word' id='word_1_892' title='bbox 2104 5286 2412 5358; x_wconf 69' lang='lat' dir='ltr'><strong>Pratfatione</strong></span> <span class='ocrx_word' id='word_1_893' title='bbox 2455 5280 2838 5349; x_wconf 80' lang='lat' dir='ltr'><strong>Hieronymum.</strong></span> <span class='ocrx_word' id='word_1_894' title='bbox 2872 5271 2936 5328; x_wconf 94' lang='lat' dir='ltr'><strong>II.</strong></span> <span class='ocrx_word' id='word_1_895' title='bbox 2969 5270 3130 5338; x_wconf 81' lang='lat' dir='ltr'><strong>Quem</strong></span> <span class='ocrx_word' id='word_1_896' title='bbox 3158 5264 3520 5358; x_wconf 82' lang='lat' dir='ltr'><strong>Pammachius</strong></span> 
     </span>
    </p>
   </div>
   <div class='ocr_carea' id='block_1_115' title="bbox 2003 5356 3520 5446">
    <p class='ocr_par' dir='ltr' id='par_1_115' title="bbox 2003 5356 3520 5446">
     <span class='ocr_line' id='line_1_115' title="bbox 2003 5356 3520 5446; baseline -0.018 -10"><span class='ocrx_word' id='word_1_897' title='bbox 2003 5391 2051 5436; x_wconf 83' lang='lat' dir='ltr'><strong>et</strong></span> <span class='ocrx_word' id='word_1_898' title='bbox 2079 5356 2306 5435; x_wconf 82' lang='lat' dir='ltr'><strong>Oceanus</strong></span> <span class='ocrx_word' id='word_1_899' title='bbox 2327 5375 2392 5430; x_wconf 83' lang='lat' dir='ltr'><strong>ad</strong></span> <span class='ocrx_word' id='word_1_900' title='bbox 2411 5370 2815 5446; x_wconf 77' lang='lat' dir='ltr'><strong>respondendum</strong></span> <span class='ocrx_word' id='word_1_901' title='bbox 2843 5364 3044 5436; x_wconf 55' lang='lat' dir='ltr'><strong>Rufino</strong></span> <span class='ocrx_word' id='word_1_902' title='bbox 3065 5363 3301 5418; x_wconf 69' lang='lat' dir='ltr'><strong>excitant.</strong></span> <span class='ocrx_word' id='word_1_903' title='bbox 3330 5356 3413 5412; x_wconf 93' lang='lat' dir='ltr'><strong>III.</strong></span> <span class='ocrx_word' id='word_1_904' title='bbox 3440 5356 3520 5410; x_wconf 82' lang='lat' dir='ltr'><strong>Ad</strong></span> 
     </span>
    </p>
   </div>
   <div class='ocr_carea' id='block_1_116' title="bbox 2005 5449 3519 5534">
    <p class='ocr_par' dir='ltr' id='par_1_116' title="bbox 2005 5449 3519 5534">
     <span class='ocr_line' id='line_1_116' title="bbox 2005 5449 3519 5534; baseline -0.017 -6"><span class='ocrx_word' id='word_1_905' title='bbox 2005 5474 2140 5528; x_wconf 76' lang='lat' dir='ltr'><strong>hunc</strong></span> <span class='ocrx_word' id='word_1_906' title='bbox 2182 5471 2369 5526; x_wconf 72' lang='lat' dir='ltr'><strong>Noster</strong></span> <span class='ocrx_word' id='word_1_907' title='bbox 2421 5467 2579 5522; x_wconf 83' lang='lat' dir='ltr'><strong>amice</strong></span> <span class='ocrx_word' id='word_1_908' title='bbox 2614 5469 2913 5534; x_wconf 81' lang='lat' dir='ltr'><strong>conquestus</strong></span> <span class='ocrx_word' id='word_1_909' title='bbox 2950 5473 3008 5512; x_wconf 89' lang='lat' dir='ltr'><strong>ea</strong></span> <span class='ocrx_word' id='word_1_910' title='bbox 3041 5455 3104 5509; x_wconf 86' lang='lat' dir='ltr'><strong>de</strong></span> <span class='ocrx_word' id='word_1_911' title='bbox 3130 5470 3185 5508; x_wconf 86' lang='lat' dir='ltr'><strong>re</strong></span> <span class='ocrx_word' id='word_1_912' title='bbox 3212 5452 3398 5507; x_wconf 81' lang='lat' dir='ltr'><strong>scribit.</strong></span> <span class='ocrx_word' id='word_1_913' title='bbox 3428 5449 3519 5504; x_wconf 85' lang='lat' dir='ltr'><strong>IV.</strong></span> 
     </span>
    </p>
   </div>
   <div class='ocr_carea' id='block_1_117' title="bbox 2006 5550 3584 5638">
    <p class='ocr_par' dir='ltr' id='par_1_117' title="bbox 2006 5550 3584 5638">
     <span class='ocr_line' id='line_1_117' title="bbox 2006 5550 3584 5638; baseline -0.018 -16"><span class='ocrx_word' id='word_1_914' title='bbox 2006 5565 2157 5638; x_wconf 81' lang='lat' dir='ltr'><strong>Apud</strong></span> <span class='ocrx_word' id='word_1_915' title='bbox 2191 5564 2306 5618; x_wconf 87' lang='lat' dir='ltr'><strong>illos</strong></span> <span class='ocrx_word' id='word_1_916' title='bbox 2334 5571 2499 5616; x_wconf 82' lang='lat' dir='ltr'><strong>autem</strong></span> <span class='ocrx_word' id='word_1_917' title='bbox 2531 5557 2784 5613; x_wconf 81' lang='lat' dir='ltr'><strong>luculenta</strong></span> <span class='ocrx_word' id='word_1_918' title='bbox 2809 5550 3043 5638; x_wconf 76' lang='lat' dir='ltr'><strong>Epistola</strong></span> <span class='ocrx_word' id='word_1_919' title='bbox 3065 5564 3118 5602; x_wconf 84' lang='lat' dir='ltr'><strong>se</strong></span> <span class='ocrx_word' id='word_1_920' title='bbox 3147 5553 3326 5638; x_wconf 71' lang='lat' dir='ltr'><strong>purgat</strong></span> <span class='ocrx_word' id='word_1_921' title='bbox 3356 5558 3521 5638; x_wconf 79' lang='lat' dir='ltr'><strong>:qua-</strong></span> <span class='ocrx_word' id='word_1_922' title='bbox 3578 5598 3584 5603; x_wconf 55' lang='grc'><em>,</em></span> 
     </span>
    </p>
   </div>
   <div class='ocr_carea' id='block_1_118' title="bbox 2007 5633 3526 5715">
    <p class='ocr_par' dir='ltr' id='par_1_118' title="bbox 2007 5633 3526 5715">
     <span class='ocr_line' id='line_1_118' title="bbox 2007 5633 3526 5715; baseline -0.017 0"><span class='ocrx_word' id='word_1_923' title='bbox 2007 5633 2119 5715; x_wconf 76' lang='lat' dir='ltr'><strong>cum</strong></span> <span class='ocrx_word' id='word_1_924' title='bbox 2145 5674 2286 5714; x_wconf 78' lang='lat' dir='ltr'><strong>suam</strong></span> <span class='ocrx_word' id='word_1_925' title='bbox 2312 5656 2426 5714; x_wconf 85' lang='lat' dir='ltr'><strong>libri</strong></span> <span class='ocrx_word' id='word_1_926' title='bbox 2454 5651 2764 5707; x_wconf 81' lang='lat' dir='ltr'><strong>Pcriarchon</strong></span> <span class='ocrx_word' id='word_1_927' title='bbox 2790 5633 3168 5702; x_wconf 71' lang='lat' dir='ltr'><strong>translationem</strong></span> <span class='ocrx_word' id='word_1_928' title='bbox 3193 5637 3391 5708; x_wconf 77' lang='lat' dir='ltr'><strong>ﬁdelem</strong></span> <span class='ocrx_word' id='word_1_929' title='bbox 3412 5636 3526 5690; x_wconf 84' lang='lat' dir='ltr'><strong>mit-</strong></span> 
     </span>
    </p>
   </div>
   <div class='ocr_carea' id='block_1_119' title="bbox 2008 5725 3520 5807">
    <p class='ocr_par' dir='ltr' id='par_1_119' title="bbox 2008 5725 3520 5807">
     <span class='ocr_line' id='line_1_119' title="bbox 2008 5725 3520 5807; baseline -0.019 0"><span class='ocrx_word' id='word_1_930' title='bbox 2008 5754 2084 5807; x_wconf 88' lang='lat' dir='ltr'><strong>lil.</strong></span> <span class='ocrx_word' id='word_1_931' title='bbox 2115 5751 2177 5804; x_wconf 83' lang='lat' dir='ltr'><strong>V.</strong></span> <span class='ocrx_word' id='word_1_932' title='bbox 2215 5749 2392 5803; x_wconf 86' lang='lat' dir='ltr'><strong>Varias</strong></span> <span class='ocrx_word' id='word_1_933' title='bbox 2434 5747 2550 5800; x_wconf 82' lang='lat' dir='ltr'><strong>item</strong></span> <span class='ocrx_word' id='word_1_934' title='bbox 2577 5743 2744 5797; x_wconf 77' lang='lat' dir='ltr'><strong>scribit</strong></span> <span class='ocrx_word' id='word_1_935' title='bbox 2771 5737 2898 5792; x_wconf 81' lang='lat' dir='ltr'><strong>uarii</strong></span> <span class='ocrx_word' id='word_1_936' title='bbox 2921 5729 3203 5804; x_wconf 79' lang='lat' dir='ltr'><strong>argumenti</strong></span> <span class='ocrx_word' id='word_1_937' title='bbox 3228 5725 3520 5796; x_wconf 80' lang='lat' dir='ltr'><strong>Epistolas,</strong></span> 
     </span>
    </p>
   </div>
   <div class='ocr_carea' id='block_1_120' title="bbox 2005 5823 3525 5917">
    <p class='ocr_par' dir='ltr' id='par_1_120' title="bbox 2005 5823 3525 5917">
     <span class='ocr_line' id='line_1_120' title="bbox 2005 5823 3525 5917; baseline -0.016 -18"><span class='ocrx_word' id='word_1_938' title='bbox 2005 5861 2119 5917; x_wconf 67' lang='lat' dir='ltr'><strong>qua!</strong></span> <span class='ocrx_word' id='word_1_939' title='bbox 2144 5850 2476 5898; x_wconf 77' lang='lat' dir='ltr'><strong>recensentur.</strong></span> <span class='ocrx_word' id='word_1_940' title='bbox 2513 5836 2601 5891; x_wconf 81' lang='lat' dir='ltr'><strong>Vl.</strong></span> <span class='ocrx_word' id='word_1_941' title='bbox 2645 5834 2912 5902; x_wconf 79' lang='lat' dir='ltr'><strong>()n‘genem</strong></span> <span class='ocrx_word' id='word_1_942' title='bbox 2942 5827 3130 5879; x_wconf 84' lang='lat' dir='ltr'><strong>interea</strong></span> <span class='ocrx_word' id='word_1_943' title='bbox 3157 5823 3360 5893; x_wconf 80' lang='lat' dir='ltr'><strong>ejusque</strong></span> <span class='ocrx_word' id='word_1_944' title='bbox 3386 5837 3525 5875; x_wconf 79' lang='lat' dir='ltr'><strong>asse-</strong></span> 
     </span>
    </p>
   </div>
   <div class='ocr_carea' id='block_1_121' title="bbox 2008 5909 3530 5999">
    <p class='ocr_par' dir='ltr' id='par_1_121' title="bbox 2008 5909 3530 5999">
     <span class='ocr_line' id='line_1_121' title="bbox 2008 5909 3530 5999; baseline -0.018 -7"><span class='ocrx_word' id='word_1_945' title='bbox 2008 5909 2112 5992; x_wconf 75' lang='lat' dir='ltr'><strong>clas</strong></span> <span class='ocrx_word' id='word_1_946' title='bbox 2133 5935 2338 5989; x_wconf 83' lang='lat' dir='ltr'><strong>damnat</strong></span> <span class='ocrx_word' id='word_1_947' title='bbox 2363 5927 2687 5999; x_wconf 70' lang='lat' dir='ltr'><strong>Tamphilus,</strong></span> <span class='ocrx_word' id='word_1_948' title='bbox 2705 5935 2858 5992; x_wconf 82' lang='lat' dir='ltr'><strong>eaque</strong></span> <span class='ocrx_word' id='word_1_949' title='bbox 2877 5917 2940 5974; x_wconf 82' lang='lat' dir='ltr'><strong>de</strong></span> <span class='ocrx_word' id='word_1_950' title='bbox 2952 5933 3006 5972; x_wconf 88' lang='lat' dir='ltr'><strong>re</strong></span> <span class='ocrx_word' id='word_1_951' title='bbox 3017 5913 3186 5974; x_wconf 78' lang='lat' dir='ltr'><strong>scribit</strong></span> <span class='ocrx_word' id='word_1_952' title='bbox 3206 5909 3530 5984; x_wconf 69' lang='lat' dir='ltr'><strong>adflicrony-</strong></span> 
     </span>
    </p>
   </div>
  </div>
