4052 6338
580 513 758 564 mum,
789 503 835 552 et
873 493 942 550 ad
981 493 1305 549 Anastasium
1344 490 1564 562 Papam.
1601 483 1718 544 VH.
1752 487 1854 556 Qui
1881 488 2091 542 damnat

578 592 697 646 item
718 595 974 659 excerptas
990 604 1050 641 ex
1070 603 1127 641 eo
1145 586 1270 640 libro
1290 585 1520 656 Origenis
1535 582 1891 652 blasphemiae,
1912 582 2094 651 datque

581 699 640 737 ea
667 697 819 751 super
841 696 897 734 re
921 679 988 733 ad
1011 677 1401 747 Simplicianum
1427 674 1855 729 Mediolanensem
1882 673 2094 743 Episco-

581 790 702 845 pum
733 773 922 826 literas.
950 770 1086 824 VIH.
1119 769 1374 840 Ru/jinum
1400 783 1598 838 quoque
1642 765 1857 820 Romam
1880 764 1949 818 ad
1973 781 2095 818 cau-

584 882 696 920 sam
722 864 988 918 dicendam
1015 863 1241 915 accersit.
1273 860 1362 914 IX.
1395 859 1496 927 Qui
1521 859 1594 912 ire
1621 857 1923 924 detrectans,
1955 857 2094 927 Apo-

583 959 771 1028 logiam
797 974 888 1024 pro
913 972 966 1009 se
992 955 1157 1008 mittit.
1185 952 1247 1007 X.
1276 951 1460 1008 Scribit
1483 950 1655 1004 eodem
1678 958 1902 1019 tempore
1919 959 2094 1002 contra

589 1052 956 1122 Hieronymum
985 1047 1304 1118 Apologiam.
1338 1061 1424 1098 seu
1453 1043 1606 1100 libros
1633 1041 2020 1097 Invectivarum.

585 1144 626 1198 l.
673 1143 896 1198 Vixdum
923 1155 1168 1210 percussa
1198 1141 1247 1193 in
1275 1137 1490 1194 Oriente
1517 1151 1618 1208 pax
1644 1135 1833 1201 fuerat,
1855 1151 1975 1189 cum
2000 1150 2097 1188 no-

508 1251 609 1290 vus
635 1251 699 1289 ex
727 1233 1014 1288 Occidente
1043 1229 1425 1286 discordiarum
1458 1229 1611 1283 turbo
1634 1267 1650 1294 ,
1693 1226 1918 1283 eandem
1950 1225 2094 1280 illam

508 1327 880 1397 Origcnianam
931 1325 999 1378 ob
1043 1339 1257 1378 causam
1296 1331 1512 1379 exortus
1541 1331 1642 1376 est.
1689 1318 1948 1374 Macarius
1983 1318 2096 1372 neti

510 1419 742 1476 nominis
782 1418 1068 1473 Monachus
1109 1417 1279 1472 Pineti
1321 1418 1373 1470 in
1411 1431 1540 1486 agro
1565 1415 1807 1470 Bomano
1835 1412 1903 1468 ad
1934 1412 2097 1466 maris

513 1528 684 1573 oram,
716 1528 837 1566 cum
865 1513 932 1566 ab
959 1511 1194 1578 Bullino,
1225 1509 1314 1581 qui
1343 1527 1436 1581 per
1465 1510 1514 1564 id
1545 1510 1799 1580 temporis
1827 1508 1878 1562 in
1906 1506 2094 1562 eodem

510 1605 600 1659 illo
639 1604 958 1659 Monasterio
993 1605 1220 1674 agebat,
1249 1615 1460 1674 gustum
1489 1605 1721 1674 aliquem
1747 1602 2095 1673 Origeniano-

514 1713 630 1750 rum
660 1711 881 1766 operum
905 1695 1014 1766 jam
1045 1697 1317 1766 coepisset,
1347 1697 1414 1749 ab
1443 1695 1532 1750 illo
1560 1696 1721 1750 etiam
1751 1704 1911 1764 atque
1935 1695 2096 1749 etiam

512 1787 786 1856 flagitavit,
836 1796 893 1841 ut
936 1787 1099 1842 libros
1143 1803 1352 1858 quoque
1394 1795 1506 1858 Περὶ
1551 1777 1740 1858 Ᾱρχῶν,
1783 1785 1835 1841 id
1873 1794 1988 1850 est,
2033 1785 2099 1840 de

512 1878 810 1950 Principiis,
839 1881 952 1935 sive
973 1880 1039 1934 de
1063 1878 1402 1934 Potestatibus
1434 1879 1515 1948 (ut
1543 1879 1676 1934 verti
1705 1894 1861 1950 posse
1888 1880 1940 1932 in
1968 1877 2100 1933 Pro-

513 1969 636 2039 logo
665 1970 888 2039 dicitur)
931 1970 1119 2025 Latine
1161 1970 1260 2025 sibi
1303 1971 1760 2041 interpretaretur.
1805 1970 1970 2040 Cujus
2011 1971 2099 2026 ille

513 2061 702 2114 studiis
728 2060 1015 2116 obsecutus
1043 2104 1058 2129 ,
1103 2064 1312 2132 priores
1334 2063 1468 2117 duos
1494 2062 1656 2118 libros
1680 2078 1801 2118 cum
1839 2063 2098 2133 prommio

513 2154 822 2218 transtulit,
849 2153 915 2209 de
945 2155 1193 2224 Opinione
1233 2154 1372 2225 apud
1402 2155 1586 2226 vulgus
1623 2157 1857 2210 facturus
1892 2157 2100 2225 pericu-

511 2244 619 2298 lum
639 2285 654 2311 ,
686 2260 806 2300 cum
837 2245 1060 2300 aliorum
1098 2245 1323 2301 subinde
1350 2246 1641 2301 amicorum
1670 2247 1935 2317 impulsu,
1971 2248 2097 2304 reli-

513 2351 648 2407 quos
672 2336 804 2392 duos
829 2352 1040 2408 quoque
1068 2338 1245 2392 vertit.
1283 2337 1452 2392 Vertit
1477 2339 1693 2394 autem?
1723 2339 1830 2394 imo
1861 2340 2098 2409 interpo-

513 2427 642 2482 lavit
679 2447 690 2482 :
726 2436 781 2483 et
813 2428 1259 2498 quemadmodum
1291 2429 1342 2483 in
1375 2429 1550 2500 priore
1580 2430 1896 2486 Przelatione
1927 2433 1943 2499 (
1969 2430 2100 2486 duas

513 2521 655 2574 enim
677 2521 943 2590 apposuit)
959 2522 1071 2590 ipse
1095 2521 1494 2590 proliteturcum
1510 2523 1772 2592 aliquanta
1792 2521 2099 2589 offendicula

513 2613 854 2666 invenirentur
875 2614 926 2666 in
950 2612 1147 2676 erco,
1175 2615 1245 2666 ita
1267 2614 1485 2667 elimavit
1510 2615 1678 2667 omnia
1696 2614 2097 2684 interpretando,

515 2717 664 2774 atque
685 2705 938 2774 purgavit,
961 2715 1014 2757 ut
1039 2704 1167 2757 nihil
1189 2705 1241 2757 in
1265 2703 1366 2758 illis
1387 2706 1521 2775 quod
1541 2722 1572 2758 a
1595 2705 1698 2773 [ide
1724 2716 1908 2760 nostra
1921 2706 2102 2760 discre-

515 2805 616 2866 pet,
639 2793 850 2849 Latinus
874 2793 1053 2848 Lector
1074 2796 1334 2850 inveniret.
1358 2797 1423 2850 Et
1448 2797 1498 2850 in
1525 2797 1722 2850 altera:
1749 2795 1889 2850 Illud
1909 2806 2098 2865 autem,

516 2887 685 2958 inquit
709 2930 725 2955 ,
756 2888 1032 2942 necessario
1061 2903 1353 2941 commoneo
1377 2929 1392 2952 ,
1432 2887 1568 2955 quod
1593 2888 1740 2941 sicuti
1766 2888 1817 2940 in
1847 2888 2100 2959 prioribus

515 2979 657 3034 libris
687 2980 896 3052 fecimus
915 3022 932 3046 ,
977 2981 1128 3034 etiam
1157 2980 1208 3034 in
1238 2980 1346 3034 istis
1385 2981 1754 3035 observavimus
1775 3022 1788 3044 ,
1818 2997 1880 3034 ne
1907 2998 1964 3034 ea
1991 2998 2105 3050 (μιιε

515 3077 720 3146 reliquis
759 3078 870 3144 ejus
906 3075 1164 3130 sententiis
1190 3083 1236 3128 et
1273 3083 1459 3128 nostra:
1498 3072 1648 3129 Fidei
1682 3075 1938 3128 contraria
1967 3075 2104 3129 vide-

517 3168 738 3233 bantur,
796 3169 1189 3235 interpretarer;
1241 3167 1330 3220 sed
1372 3167 1502 3219 velut
1553 3166 1742 3220 inserta
1778 3183 1836 3221 ea
1889 3165 1949 3220 ab
1988 3167 2103 3221 aliis

517 3269 563 3315 et
589 3259 875 3313 adulterata
905 3259 1233 3327 praeterirem.
1269 3256 1372 3314 Sed
1413 3257 1608 3312 malum
1642 3257 1796 3327 longe
1831 3257 1957 3313 illttd
1987 3273 2101 3312 nta-

513 3349 632 3420 jus,
665 3349 805 3420 qnod
833 3351 1172 3405 conscientiae
1197 3363 1308 3403 suae
1337 3347 1543 3403 diflisus
1571 3365 1688 3402 cum
1723 3348 1833 3404 fore
1866 3365 1969 3404 non
2001 3350 2101 3403 du-

518 3441 733 3507 bitaret,
764 3448 821 3495 ut
845 3440 958 3510 ejus
987 3441 1194 3496 tametsi
1225 3439 1443 3495 subdola
1475 3439 1912 3511 interpretatione
1938 3440 2106 3496 obdu-

519 3545 620 3590 ctae
657 3534 914 3588 doctrina:
955 3535 1160 3588 novitas
1203 3533 1396 3590 multos
1435 3534 1745 3604 percelleret
1770 3577 1784 3599 ,
1824 3550 1986 3590 ausus
2023 3546 2105 3591 est

521 3626 623 3683 sibi
667 3627 734 3682 ab
775 3626 1083 3699 Hieronymi
1129 3629 1444 3684 auctoritate
1487 3631 1837 3699 patrocinium
1885 3639 2100 3701 petere:

519 3720 742 3790 ejusque
771 3719 1072 3788 exemplum
1099 3735 1274 3774 causae
1302 3735 1414 3775 suae
1454 3722 1737 3790 prsetexuit
1766 3763 1781 3788 ,
1829 3732 1880 3777 et
1919 3722 2102 3779 laudes

523 3821 634 3868 tota
676 3812 767 3867 illa
826 3812 1144 3869 Praefationc
1205 3825 1513 3884 persecutus
1553 3825 1653 3871 est.
1699 3815 1832 3871 Hinc
1875 3818 2102 3871 maxima

525 3907 652 3962 mali
680 3907 853 3976 labes,
883 3917 940 3962 et
974 3924 1194 3978 quarum
1235 3909 1410 3964 nullus
1448 3909 1783 3980 postmodum
1821 3911 1959 3976 linis,
1992 3911 2102 3965 dis-

519 4001 818 4059 cordiarum
865 4003 1034 4074 origo.
1082 4003 1268 4059 Editus
1313 4003 1364 4058 in
1422 4003 1594 4058 lucem
1648 4004 1781 4059 liber
1818 4005 2102 4059 multorum

522 4090 737 4165 quidem
767 4110 796 4148 e
822 4093 1196 4150 Sacerdotibus
1223 4104 1278 4150 et
1301 4094 1572 4150 Monachis
1597 4105 1653 4150 et
1680 4094 2102 4150 Christianorum

522 4185 681 4254 vulgo
704 4184 1026 4254 simplicitati
1067 4185 1269 4255 illusit(
1297 4185 1464 4256 Epist.
1501 4184 1722 4240 CXXV.
1749 4187 1792 4255 ).
1825 4187 2105 4255 plerosque

522 4283 698 4329 tamen
725 4275 795 4328 ita
815 4276 1058 4344 perculit,
1079 4285 1135 4330 ut
1160 4285 1324 4330 totum
1351 4277 1536 4331 orbem
1564 4286 1682 4346 post
1709 4275 1908 4332 Bullini
1938 4277 2103 4331 inter.

521 4365 873 4434 pretationem
905 4365 958 4421 in
987 4366 1228 4437 Origenis
1260 4366 1440 4421 odium
1465 4369 1729 4422 exarsisse
1753 4411 1767 4435 ,
1795 4376 1848 4422 et
1877 4369 2106 4424 transla-

522 4468 632 4514 tum
655 4474 788 4528 opus
809 4461 1104 4530 expavisse,
1142 4459 1494 4532 Hieronymus
1515 4460 1705 4516 tradat.
1744 4463 1942 4516 Auctor
1963 4463 2102 4519 idem

517 4561 594 4605 est
621 4549 760 4619 (Lib.
792 4550 842 4604 I.
871 4561 1006 4606 cont.
1029 4551 1206 4624 Ruﬁ),
1233 4553 1455 4623 primam
1481 4552 1780 4608 Marcellam
1811 4554 2100 4610 Homanam

518 4641 943 4698 subolescentem
981 4661 1217 4700 errorem
1260 4644 1677 4716 deprehendisse
1701 4688 1716 4711 ,
1746 4662 1973 4718 cumque
2012 4648 2103 4704 diu

522 4747 580 4788 se
621 4733 984 4798 cohibuisset,
1018 4753 1078 4789 ne
1118 4753 1208 4806 per
1232 4737 1604 4792 aemulationem
1633 4737 1894 4808 quidpiam
1937 4738 2105 4808 facere

521 4826 790 4892 videretur,
823 4837 1086 4898 postquam
1112 4833 1298 4894 sensit,
1325 4833 1477 4900 fidem
1508 4831 1793 4902 Apostolico
1818 4851 1904 4888 ore
1925 4835 2106 4890 lauda-

523 4927 623 4968 tant
651 4917 703 4970 in
731 4917 977 4987 plerisque
999 4919 1173 4972 violari
1205 4920 1225 4988 (
1250 4919 1413 4989 Epist.
1443 4921 1589 4976 CXX
1605 4921 1708 4976 VII
1716 4925 1780 4994 .),
1812 4926 2106 4996 sumpsisse

521 5007 618 5060 sibi
649 5007 805 5061 etiam
836 5009 1042 5062 animos
1071 5009 1134 5062 ad
1163 5011 1580 5079 reprimendum.
1615 5014 1858 5071 Bullinus
1885 5027 2059 5071 autem
2085 5058 2100 5084 ,

525 5113 644 5151 cum
684 5099 790 5168 jam
833 5114 891 5154 se
940 5099 1136 5155 lere-ut
1165 5101 1469 5157 haereticum
1509 5105 1672 5174 digito
1701 5109 1871 5161 notari
1909 5109 2106 5163 intelli-

520 5199 686 5260 geret,
711 5191 987 5247 discedere
1009 5193 1231 5247 instituit
1252 5211 1266 5250 :
1284 5202 1338 5249 et
1357 5195 1423 5248 ab
1443 5195 1633 5250 Sit-icio
1655 5197 1798 5251 urbis
1819 5198 2104 5270 Episcopo,

521 5282 626 5350 qui,
661 5292 713 5335 ut
740 5284 811 5336 ait
839 5283 1209 5356 Hieronymus,
1235 5286 1296 5340 de
1317 5303 1410 5342 suo
1435 5289 1632 5358 ingenio
1657 5297 1861 5344 ceteros
1887 5293 2110 5347 arstima-

525 5374 606 5426 bat
633 5417 644 5438 ,
681 5373 1059 5430 Ecclesiasticas
1104 5377 1357 5447 Epistolas
1399 5379 1735 5448 impetravit,
1765 5390 1822 5435 ut
1852 5382 2108 5439 Ecclesia:

526 5483 708 5544 posset
734 5475 1103 5529 communione
1133 5476 1345 5545 gloriari
1375 5475 1547 5548 (Ibid.
1579 5487 1624 5531 et
1663 5489 1796 5532 cont.
1826 5478 1950 5546 Ruf.
1990 5479 2104 5534 Lib.

525 5567 696 5641 111.).
723 5569 1199 5633 His‘communitns,
1227 5585 1320 5639 per
1342 5568 1714 5638 Mediolanum,
1737 5587 1840 5642 qua
1869 5572 2107 5628 Bomana

527 5673 652 5718 tunc
679 5664 786 5717 fere
816 5661 1146 5716 commodior
1170 5663 1252 5715 via
1288 5664 1622 5718 sternebatur
1646 5706 1661 5730 ,
1697 5665 1989 5735 Aquileiam
2016 5679 2107 5720 re-

528 5758 744 5812 meavit.
787 5757 969 5810 Annus
999 5756 1251 5825 agebatur
1286 5772 1406 5812 cum
1449 5759 1933 5827 interpremtionem
1965 5757 2108 5813 illam

529 5850 792 5914 absolvit,
830 5851 934 5905 598
978 5852 1106 5902 ultra
1151 5851 1381 5906 medium
1412 5865 1571 5929 zeum
1622 5851 1786 5906 Roma
1827 5851 2108 5920 discessit,

525 5941 640 6016 iam
666 5943 735 6004 ad
761 5944 922 6004 linem
954 5944 1292 6017 properabat.

1784 371 1848 428 s.
1883 367 2260 426 HIERONYMI
2286 346 2482 434 ’vrrA.

3685 383 3794 443 124

2274 487 2340 544 ll.
2381 490 2450 544 At
2479 489 2850 549 Pammachius
2875 503 2930 550 et
2955 494 3218 562 Oceanus,
3251 495 3478 553 Romani
3511 513 3790 572 proceres,

2199 591 2255 637 et
2283 583 2588 659 Hieronymi
2614 591 2924 660 cumprimis
2951 593 3180 647 amicitia
3207 592 3491 649 clarissimi
3519 636 3534 661 ,
3562 596 3793 656 schedas

2202 672 2516 732 Bulliniana:
2542 679 3010 751 interpretationis,
3031 683 3265 738 nondum
3284 684 3498 754 quidem
3525 687 3787 758 vulgatas,

2201 759 2490 838 furtimque
2529 771 2628 826 sibi
2666 783 2956 842 porrectas.
2991 775 3224 844 denique
3265 774 3411 831 falsis
3437 776 3635 833 alicubi
3661 794 3789 836 sen-

2203 860 2381 916 tentiis
2410 863 2750 930 incrustatas,
2788 876 2844 921 ut
2872 867 3115 922 Bullinus
3138 868 3350 938 quidem
3381 870 3656 926 contendit
3681 913 3694 936 ,
3723 872 3790 928 ad

2202 950 2584 1027 Hieronymum
2613 973 2713 1012 una
2743 975 2862 1014 cum
2891 959 3116 1016 subdola
3147 961 3464 1020 Prazlatione
3493 963 3581 1019 illa
3613 977 3795 1022 trans-

2203 1048 2498 1116 miserunt,
2547 1050 2786 1119 quaedam
2826 1061 3137 1120 causantes,
3188 1069 3309 1124 quae
3346 1055 3513 1112 minus
3550 1059 3798 1114 catholice

2203 1137 2338 1192 dicta
2367 1139 2467 1194 sibi
2497 1141 2819 1209 viderentur,
2847 1144 3056 1215 aliaque
3083 1144 3152 1200 ab
3180 1145 3470 1215 interprete
3499 1149 3792 1217 subtracta,

2201 1245 2320 1300 qute
2363 1243 2590 1301 apertam
2629 1236 2930 1306 impietatem
2973 1237 3219 1292 Auctoris
3255 1248 3539 1294 monstrare
3563 1250 3794 1309 poterant

2203 1321 2338 1394 (Lib.
2371 1322 2454 1378 II.
2489 1334 2665 1378 contra
2695 1325 2906 1382 Hieron.
2937 1338 2984 1382 et
3009 1327 3179 1397 alibi).
3215 1327 3412 1384 Bullini
3441 1344 3638 1385 nomen
3667 1336 3794 1386 reti-

2201 1427 2443 1484 cuerunt,
2469 1419 2612 1489 quod
2638 1435 2736 1475 nec
2757 1421 2868 1487 ipse
2888 1423 3036 1491 operi
3060 1435 3159 1477 suo
3180 1421 3484 1477 adscribere
3503 1438 3667 1479 ausus
3686 1433 3790 1480 est.

2201 1505 2377 1563 Multis
2401 1521 2578 1565 autem
2603 1510 2670 1566 ad
2698 1512 3061 1583 reponendum
3089 1513 3166 1569 illi
3194 1513 3254 1570 S.
3284 1514 3565 1572 Doctorem
3593 1522 3789 1572 excita-

2201 1607 2346 1666 runt,
2379 1601 2745 1672 petieruntque
2778 1613 2832 1658 ut
2857 1602 3075 1659 eosdem
3106 1604 3326 1660 meliore
3354 1605 3457 1661 lide
3482 1606 3647 1662 libros
3673 1607 3789 1676 ipse

2203 1690 2660 1761 interpretaretur,
2692 1704 2737 1748 et
2766 1695 3071 1766 interpolata
3102 1695 3353 1764 proderet,
3383 1706 3438 1752 et
3467 1698 3599 1752 male
3623 1698 3790 1769 erepti.

2203 1792 2316 1837 cata
2356 1785 2663 1840 convinceret
2695 1785 2905 1858 (Epist.
2952 1785 3280 1842 LXXXIII.
3305 1785 3348 1858 ).
3393 1787 3623 1844 Maxime
3666 1804 3794 1845 vero

2201 1883 2448 1928 auctores
2467 1884 2638 1942 erant,
2663 1885 2716 1930 ut
2743 1876 2962 1946 injectas
2983 1877 3050 1932 de
3073 1891 3131 1932 se
3151 1878 3484 1947 suspiciones
3506 1889 3790 1950 purgaret:

2203 1965 2469 2036 sciretque
2513 1981 2572 2022 se
2617 1965 2932 2024 Prml‘atione
2977 1968 3067 2022 illa
3112 1969 3341 2039 obliquis
3380 1969 3622 2024 laudibus
3655 1971 3797 2026 inter

2203 2055 2526 2127 Origenistas
2551 2060 2800 2129 positum,
2825 2071 2984 2132 atque
3004 2076 3072 2117 ex
3097 2063 3180 2118 sui
3203 2063 3432 2118 nominis
3453 2062 3593 2118 fama
3615 2063 3791 2119 haere-

2202 2148 2249 2203 si
2282 2149 2630 2219 patrocinium
2659 2151 2845 2222 qumri.

2276 2239 2363 2295 Hl.
2407 2241 2512 2296 Has
2547 2241 2902 2314 Hieronymus
2937 2243 3164 2300 schedas
3189 2245 3296 2315 jam
3325 2256 3644 2316 acceperat,
3670 2263 3792 2304 cum

2203 2332 2484 2404 ipsiusmet
2505 2331 2700 2388 Bullini
2729 2334 2792 2387 ad
2824 2349 2944 2389 eum
2976 2335 3141 2390 litem
3179 2335 3400 2393 redditae
3440 2347 3565 2393 sunt
3593 2357 3606 2393 :
3630 2354 3752 2410 qua
3773 2381 3790 2408 ,

2206 2424 2416 2479 tanwtsi
2443 2425 2844 2488 interciderunt,
2879 2425 3006 2495 quid
3030 2429 3390 2496 continerent,
3419 2438 3704 2500 utcumque
3727 2446 3792 2487 ex

2201 2515 2261 2572 S.
2294 2514 2466 2570 Patris
2495 2515 2776 2586 Responso
2813 2517 3132 2587 colligimus.
3165 2519 3383 2575 Scilicet
3419 2521 3618 2576 diutius
3646 2521 3793 2578 dice.

2205 2605 2295 2662 bat
2321 2622 2378 2662 se
2405 2607 2586 2662 Boma:
2611 2609 2888 2673 mansisse,
2918 2624 3075 2680 quam
3103 2610 3376 2678 voluisset,
3404 2612 3545 2683 quod
3571 2624 3794 2684 accepto

2205 2699 2273 2754 de
2300 2699 2447 2755 obitu
2478 2701 2660 2756 matris
2687 2703 2903 2768 nuntio,
2934 2703 3234 2772 prohibitus
3259 2705 3400 2759 luctu
3429 2705 3521 2771 sit,
3554 2721 3794 2763 remeare

2205 2792 2272 2848 ad
2309 2794 2533 2863 patriam
2560 2836 2576 2861 ,
2605 2809 2672 2850 ne
2710 2805 2965 2850 materna:
3003 2796 3192 2851 domus
3221 2807 3439 2868 aspectu
3464 2838 3478 2863 ,
3512 2798 3752 2854 dolorem
3773 2840 3788 2866 ,

2205 2901 2364 2956 quem
2411 2887 2499 2941 vix
2545 2887 2737 2942 absens
2790 2888 2969 2944 animo
3014 2888 3326 2958 premebat,
3370 2890 3507 2945 ferre
3553 2905 3794 2961 prazscns

2206 2977 2422 3032 omnino
2466 2992 2570 3031 non
2609 2986 2806 3048 posset.
2861 2978 3183 3034 Bevocatum
3212 2995 3277 3035 eo
3302 2995 3360 3035 se
3389 2991 3603 3047 tamen,
3635 2982 3793 3052 spiri-

2208 3069 2421 3122 tualium
2445 3079 2711 3140 parentum
2732 3070 3042 3142 (Chromatii
3066 3080 3222 3142 atque
3245 3071 3486 3142 Eusebii)
3509 3072 3798 3129 desiderio:

2207 3161 2300 3218 sed
2329 3163 2396 3217 ab
2422 3163 2630 3218 aemulis
2656 3163 2908 3218 continuo
2936 3163 3254 3234 impetitum,
3288 3164 3456 3233 iisque
3483 3165 3793 3237 Hieronymi

2208 3269 2330 3309 eum
2369 3253 2555 3324 primis
2596 3253 2943 3311 familiaribus
2967 3297 2982 3321 ,
3024 3266 3081 3310 ut
3123 3257 3270 3326 queri
3304 3254 3612 3323 videretur,
3653 3258 3794 3327 quod

2207 3347 2490 3417 instigante
2515 3347 2606 3402 illo
2627 3389 2642 3413 ,
2672 3349 2750 3404 vel
2785 3357 2930 3403 certe
2956 3364 3062 3403 non
3090 3348 3280 3415 inscio,
3309 3348 3496 3403 horum
3524 3349 3645 3404 odia
3673 3351 3795 3406 sub-

2208 3441 2377 3497 iisset.
2409 3443 2605 3497 Contra
2632 3457 2690 3498 se
2720 3458 2902 3512 pacem
2929 3457 3110 3498 secum
3137 3443 3227 3497 illo
3254 3444 3649 3498 reconciliatam
3673 3459 3794 3498 san-

2207 3543 2294 3590 cte
2337 3548 2549 3589 servare
2576 3576 2591 3600 ,
2633 3543 2792 3604 utque
2835 3534 2901 3589 ab
2945 3549 3010 3590 eo
3058 3534 3168 3605 pari
3215 3534 3391 3589 studio
3434 3535 3750 3590 observetur
3775 3576 3790 3605 ,

2208 3636 2478 3698 expetere.
2510 3626 2803 3696 Respondit
2849 3626 3206 3700 Hieronymus
3249 3627 3481 3697 Epistola
3520 3628 3570 3682 in
3611 3636 3794 3685 nostra

2207 3721 2520 3778 recensione
2548 3719 2784 3774 LXXXI.
2817 3719 2974 3774 nullis
3003 3735 3125 3790 erga
3168 3719 3312 3774 illum
3345 3719 3532 3774 officiis
3562 3734 3620 3774 se
3648 3720 3785 3775 inte-

2209 3812 2308 3867 rint
2345 3811 2574 3866 defuisse
2605 3827 2618 3864 :
2646 3820 2699 3864 et
2723 3812 3042 3865 conscientia:
3063 3852 3078 3877 ,
3108 3812 3273 3880 inquit
3299 3853 3315 3878 ,
3348 3823 3534 3865 nostra:
3565 3813 3702 3866 testis
3726 3821 3794 3867 est

2207 3905 2460 3961 Dominus
2484 3947 2496 3967 .
2528 3915 2640 3976 post
2678 3905 3026 3960 reconciliatus
3055 3905 3303 3959 amicitias
3337 3906 3533 3959 nullum
3560 3905 3796 3959 interces-

2207 3999 2332 4054 sisse
2356 4014 2638 4064 rancorem,
2667 4013 2764 4068 quo
2790 3997 3072 4067 quempiam
3106 3995 3398 4051 ltederemus
3427 4012 3444 4050 :
3469 3997 3589 4066 quin
3619 3999 3787 4067 potius

2207 4107 2322 4145 cum
2346 4090 2480 4145 omni
2509 4090 2739 4143 cautione
2763 4089 3072 4160 providimus
3093 4127 3108 4152 ,
3139 4103 3200 4141 ne
3227 4089 3406 4141 saltem
3431 4105 3579 4142 casus
3607 4090 3660 4142 in
3686 4106 3794 4142 nta-

2209 4183 2527 4238 levolentiam
2567 4191 2862 4236 verteretur.
2909 4180 3014 4235 Sed
3046 4180 3169 4249 quid
3207 4197 3479 4250 possumus
3515 4181 3716 4252 facere,
3752 4199 3795 4237 st

2207 4277 2548 4347 unusquisque
2575 4279 2716 4348 juste
2745 4283 2890 4346 putat
2917 4291 2970 4328 se
2998 4278 3164 4346 facere
3185 4275 3318 4345 quod
3345 4274 3496 4345 facit,
3532 4290 3578 4328 et
3606 4275 3796 4330 videtur

2207 4369 2302 4424 sibi
2326 4368 2615 4423 remordere
2643 4369 2809 4437 potius
2835 4383 2985 4438 quant
3014 4366 3283 4421 mordere?
3310 4367 3442 4421 Tum
3475 4369 3600 4423 illud
3636 4369 3794 4425 etiam

2206 4460 2378 4515 amice
2403 4473 2467 4514 ac
2499 4459 2691 4513 leniter
2721 4459 3054 4529 expostulat,
3083 4457 3224 4529 quod
3255 4457 3451 4529 oblique
3478 4460 3795 4516 Praefatione

2207 4552 2296 4608 illa
2316 4593 2331 4620 ,
2365 4552 2466 4606 imo
2493 4561 2666 4621 aperte
2696 4559 2980 4621 peteretur,
3013 4565 3075 4605 ac
3104 4560 3283 4606 monet
3308 4593 3322 4616 ,
3353 4567 3421 4606 ne
3445 4567 3502 4606 se
3533 4553 3585 4606 in
3617 4563 3794 4622 poste-

2206 4663 2325 4705 rum
2351 4645 2513 4702 simili
2537 4645 2698 4701 modo
2727 4644 2921 4699 laudet.
2953 4645 3125 4714 Atque
3156 4647 3269 4699 hare
3297 4655 3503 4714 poterat
3526 4646 3796 4701 subolfen-

2208 4754 2298 4796 sos
2325 4737 2548 4792 invicem
2576 4735 2782 4791 animos
2809 4735 3038 4804 Epistula
3064 4736 3406 4807 recolligere;
3437 4736 3527 4791 sed
3557 4738 3645 4808 qui
3676 4754 3793 4793 eam

2209 4828 2498 4886 curandam
2546 4835 2898 4897 acceperant,
2943 4836 2997 4881 et
3040 4826 3205 4881 Roma
3245 4825 3598 4882 Concordiam
3630 4843 3796 4898 usque

2210 4921 2671 4979 transmittendatn
2693 4961 2708 4986 ,
2740 4919 3043 4991 Hieronymi
3074 4917 3386 4986 familiares,
3422 4919 3798 4977 Pammachius

2207 5017 2456 5074 videlicet
2482 5024 2640 5086 atque
2669 5012 2936 5078 Oceanus,
2965 5011 3103 5066 haud
3133 5013 3243 5066 scio
3268 5027 3394 5066 num
3423 5011 3645 5068 meliore
3669 5027 3796 5068 con-

2211 5110 2351 5173 silio,
2371 5123 2620 5164 successu
2637 5114 2781 5161 certe
2803 5119 2905 5159 non
2932 5117 3186 5174 prospero
3205 5113 3635 5175 suppresserunt.
3662 5103 3796 5176 Ego,

2211 5202 2382 5272 inquit
2408 5201 2762 5271 Hieronymus
2790 5197 2880 5252 lib.
2913 5196 2954 5250 I.
2988 5197 3288 5267 Apologia),
3317 5198 3498 5269 scripsi
3521 5199 3589 5252 ad
3615 5208 3663 5252 te
3687 5207 3795 5252 sta—

2213 5297 2303 5349 tim
2331 5296 2522 5348 brevem
2555 5291 2854 5362 Epistolam,
2883 5290 3209 5360 expostulans
3235 5307 3389 5360 super
3416 5291 3652 5346 laudibus
3679 5292 3797 5359 tuis,

2212 5405 2363 5459 quam
2392 5386 2509 5457 quia
2538 5383 2714 5438 Bonae
2743 5398 2842 5436 non
2871 5399 2983 5435 eras
3010 5382 3161 5435 amici
3186 5384 3282 5436 mei
3305 5383 3392 5437 tibi
3415 5385 3605 5438 mittere
3627 5384 3796 5438 nolue-

2213 5488 2366 5543 runt,
2407 5494 2463 5531 eo
2494 5475 2629 5543 quod
2657 5484 2704 5528 te
2735 5473 2955 5528 dicerent
2980 5515 2995 5538 ,
3033 5490 3147 5526 cum
3173 5474 3432 5528 sodalibus
3463 5479 3562 5530 tuis
3593 5475 3802 5546 indigna

2215 5575 2416 5630 nomine
2435 5569 2722 5626 Christiano
2742 5568 2805 5622 de
2828 5585 2938 5622 mea
2959 5568 3336 5622 conversatione
3355 5569 3596 5638 jactitare
3619 5584 3636 5624 :
3658 5585 3801 5639 cujus

2165 5673 2174 5682 '
2215 5665 2500 5734 exemplum
2525 5661 2642 5716 huic
2671 5660 2917 5715 volumini
2943 5659 3160 5724 subdidi,
3193 5670 3246 5712 ut
3276 5661 3404 5714 scias
3434 5671 3676 5730 quantum
3707 5663 3800 5715 do-

2214 5760 2369 5816 lorem
2399 5763 2588 5826 quanta
2626 5753 2967 5808 moderatione
2996 5752 3374 5807 necessitudinis
3409 5763 3700 5823 temperavi.
3736 5753 3802 5810 Et

2215 5849 2310 5906 lib.
2343 5846 2427 5903 lll.
2463 5845 2664 5900 Novum
2692 5859 2886 5918 quoque
2911 5860 2990 5898 me
3024 5852 3170 5912 putas
3200 5844 3410 5911 ﬁnxisse
3438 5842 3755 5901 mendacium
3784 5887 3799 5912 ,

2217 5955 2272 6002 ut
2301 5939 2584 6012 Eptstolam
2605 5941 2674 5998 ad
2700 5950 2746 5997 te
2773 5953 2882 5995 meo
2909 5936 3108 5993 nomine
3129 5951 3482 6008 componerem
3507 5939 3653 6010 quasi
3683 5939 3805 5996 olim
