4052 6338
215 423 314 491 iis

215 547 490 616 scriptam,
522 562 627 617 quo
661 544 822 603 bonus
853 561 958 604 esse
986 543 1157 603 videar
1185 554 1233 602 et
1261 545 1513 601 modestus
1540 563 1557 601 :
1582 564 1730 618 quant
1758 556 1812 601 tu

218 656 487 709 numquam
515 642 730 694 omnino
756 641 1054 709 susceperis.
1088 639 1212 695 Herc
1239 657 1316 695 res
1342 639 1583 711 perfacile
1606 638 1814 711 probari

218 743 391 797 potest.
442 732 612 788 Multi
653 733 834 790 Romte
870 735 978 806 ejus
1016 736 1325 807 eeentplaria
1359 736 1537 788 habent
1569 744 1685 787 ante
1718 734 1813 787 hoc

214 825 403 879 circiter
414 827 726 893 triennium,
751 828 836 898 qui
863 828 953 882 tibi
974 842 1087 883 eam
1114 827 1311 882 mittere
1334 826 1620 891 noluerint,
1648 825 1812 879 scien-

216 929 279 973 tes
300 934 413 989 quae
441 917 510 972 de
535 935 652 973 meo
681 922 882 975 nomine
902 922 1169 993 jactitares
1188 963 1202 985 ,
1231 931 1278 974 et
1306 936 1455 989 quam
1484 920 1692 990 indigna
1718 920 1811 973 ho-

213 1013 335 1063 m'nc
384 1010 730 1080 Christiano,
771 1022 819 1068 et
859 1030 1011 1083 quant
1052 1014 1266 1085 infanda
1309 1014 1641 1082 contingeres.
1696 1010 1810 1083 Ego

214 1102 386 1170 :cripsi
416 1103 656 1157 nesciens
682 1103 825 1175 quasi
852 1105 922 1158 ad
950 1105 1169 1158 amicum
1193 1119 1211 1158 :
1232 1101 1325 1158 Illi
1353 1119 1452 1158 non
1481 1102 1810 1158 reddiderunt

212 1195 249 1245 «ἱ
278 1210 422 1262 quem
454 1195 730 1250 inimicum
756 1204 1019 1265 noverant,
1048 1207 1312 1268 parcentes
1337 1205 1384 1251 et
1407 1212 1518 1252 meo
1545 1197 1734 1263 errori,
1762 1205 1810 1252 et

215 1297 302 1339 nuc
327 1288 683 1344 conscientia.

291 1378 372 1435 IV.
404 1383 751 1452 Acceperant.
791 1398 897 1440 una
932 1392 1113 1441 autem
1149 1384 1330 1440 eximii
1369 1384 1446 1440 illi
1494 1382 1808 1455 Hieronymi

218 1471 504 1527 familiares
552 1474 623 1530 ab
651 1474 864 1541 eodem,
897 1486 952 1532 ut
983 1492 1078 1548 par
1096 1476 1323 1532 credere
1353 1485 1473 1544 est,
1507 1477 1807 1531 litterarum

220 1565 468 1633 perlitare
489 1565 732 1635 Rufﬁno,
759 1569 927 1626 altero
941 1568 1078 1643 Syro
1097 1570 1278 1643 (quem
1300 1570 1358 1628 S.
1389 1571 1545 1627 Pater
1561 1572 1620 1626 ob
1641 1587 1807 1644 quan-

216 1656 326 1711 dam
356 1675 571 1714 causam
593 1678 685 1731 per
700 1661 917 1718 Romam
949 1663 1301 1719 Mediolanum
1316 1665 1541 1730 miserat,
1561 1674 1615 1721 et
1646 1681 1805 1737 quem

214 1763 334 1807 Sane
364 1755 597 1810 interest
626 1756 695 1811 ab
721 1758 1041 1826 cognomine
1080 1759 1410 1829 Aquileiensi
1449 1758 1802 1831 distinguere)

216 1859 397 1899 novam
427 1846 498 1900 ab
533 1863 599 1901 eo
635 1847 946 1904 adornatam
976 1850 1232 1907 librorum
1267 1859 1379 1923 Περὶ
1406 1841 1577 1925 Ᾰρχῶν
1606 1850 1807 1907 versio-

215 1950 327 1989 nem
357 1951 481 1990 cum
515 1938 784 1994 luculenta
812 1940 879 1995 ad
909 1956 967 1996 se
992 1942 1208 2013 proprie
1234 1941 1492 2014 Epistola,
1517 1959 1619 2014 qua
1651 1957 1802 1998 suam

214 2026 295 2079 ille
321 2028 464 2095 apud
491 2045 587 2085 eos
618 2031 777 2086 fidem
815 2032 1026 2100 liberat,
1076 2046 1375 2106 purgatque
1401 2050 1591 2092 omnes
1635 2035 1703 2091 de
1745 2049 1805 2091 se

212 2117 565 2185 suspiciones.
614 2118 864 2191 Origenis
903 2123 1175 2194 ingenium
1205 2125 1419 2194 quidem
1463 2137 1518 2181 et
1546 2124 1805 2181 eruditior

213 2222 325 2260 nem
367 2210 623 2266 laudasse
658 2227 717 2266 se
752 2211 971 2281 fatetur,
1012 2214 1257 2285 dogmata
1290 2216 1555 2282 tenuisse,
1602 2223 1693 2270 aut
1722 2223 1802 2270 te-

212 2315 330 2355 nere
384 2316 483 2369 se,
536 2313 816 2374 pernegat.
876 2304 1149 2374 Laudari,
1198 2307 1366 2376 inquit
1399 2305 1615 2376 (Epist.-
1651 2305 1801 2378 74),

210 2390 548 2463 interpretem,
578 2412 683 2450 non
721 2398 1092 2467 dogmatisten,
1146 2398 1425 2468 ingenium,
1470 2415 1572 2452 non
1611 2398 1806 2467 ﬁdem;

211 2479 607 2553 Philosophum,
650 2501 753 2540 non
789 2486 1112 2556 Apostolum.
1165 2488 1316 2554 Quod
1354 2490 1399 2543 si
1438 2489 1613 2544 volunt
1651 2506 1805 2561 super

210 2572 425 2643 Origene
463 2591 635 2629 meum
672 2576 802 2631 scire
838 2578 1116 2648 judicium,
1170 2579 1339 2650 legant
1370 2580 1422 2634 in
1465 2579 1804 2639 Ecclesiasten

210 2661 635 2729 Commentarios,
660 2667 904 2736 replicent
922 2671 977 2725 in
1003 2669 1290 2741 Epistolam
1325 2672 1394 2726 ad
1427 2672 1675 2742 Ephesios
1702 2675 1801 2729 tria

210 2759 499 2821 columina,
555 2768 605 2814 et
633 2760 944 2834 intelligent,
978 2781 1056 2820 me
1091 2782 1289 2837 semper
1330 2769 1440 2838 ejus
1481 2768 1801 2839 dogmatibus

210 2849 531 2904 contraiisse.
567 2850 635 2906 Et
667 2853 824 2921 paulo
855 2863 977 2923 post
1006 2871 1021 2910 :
1055 2854 1117 2911 Si
1149 2858 1276 2911 mihi
1302 2859 1535 2927 creditis,
1565 2858 1800 2933 Origeni-

209 2946 296 2991 stes
316 2954 600 3009 numquam
624 2942 702 3009 fui
726 2957 746 2996 :
775 2942 822 2996 si
854 2960 954 2997 non
1006 2947 1227 3015 creditis,
1273 2964 1407 3003 nunc
1453 2967 1560 3005 esse
1586 2953 1795 3008 cessavi.

212 3028 272 3082 Et
298 3032 549 3100 sequenti
593 3034 769 3101 capite
798 3050 813 3086 :
844 3033 957 3088 Fac
987 3052 1065 3090 me
1094 3052 1288 3093 errasse
1331 3040 1384 3094 in
1431 3041 1794 3113 adolescentia,

211 3127 253 3171 et
293 3120 763 3191 Philosophorum,
790 3124 846 3178 id
870 3134 973 3191 est,
1006 3124 1282 3183 Gentilium
1310 3131 1492 3186 studiis
1521 3136 1793 3201 eruditum,

211 3212 258 3265 in
281 3214 535 3283 principio
558 3214 729 3284 Fidei,
762 3218 999 3287 dogmata
1016 3220 1277 3291 ignorasse
1303 3222 1612 3294 Christiana,
1635 3236 1682 3283 et
1701 3228 1796 3284 hoc

213 3313 408 3371 putasse
434 3307 489 3360 in
521 3307 787 3377 Apostolo,
811 3310 949 3382 quod
984 3311 1038 3366 in
1086 3312 1384 3388 Pythagora
1426 3326 1472 3371 et
1507 3318 1724 3376 Platone
1748 3328 1796 3376 et

210 3393 518 3468 Empedocle
565 3401 804 3472 legeram.
857 3402 961 3458 Cur
986 3406 1189 3475 parvuli
1224 3407 1277 3460 in
1308 3407 1508 3464 Christo
1536 3420 1685 3482 atque
1712 3412 1793 3468 la-

178 3524 184 3529 ς
210 3489 381 3544 cientis
404 3506 628 3545 errorem
648 3494 919 3564 sequimini
934 3494 961 3548 ?
973 3510 1066 3549 cur
1084 3497 1148 3551 ab
1168 3513 1225 3552 eo
1245 3498 1552 3569 impietatem
1578 3502 1790 3570 discitis,

208 3582 287 3648 qui
310 3584 531 3637 necdum
562 3585 797 3652 pietatem
827 3588 1308 3644 noverathecunda
1336 3602 1449 3663 post
1469 3597 1795 3667 naufragium

209 3672 372 3727 tabula
402 3685 500 3742 est,
550 3676 760 3747 culpam
800 3668 1098 3746 simpliciter
1132 3682 1382 3750 conﬁteri.
1431 3682 1631 3740 lmitati
1676 3689 1795 3744 estis

208 3775 487 3833 errantem,
534 3767 803 3823 imitamini
831 3780 1130 3825 correctum.
1167 3772 1330 3828 Multa
1369 3774 1641 3832 deindein
1669 3794 1790 3834 eum

208 3856 406 3924 profert
449 3859 674 3929 (nomen
711 3862 854 3918 enim
894 3861 1092 3919 Rufiini
1121 3867 1374 3922 continuo
1409 3869 1659 3942 reticuit)
1701 3872 1789 3942 qui

209 3952 492 4020 propinare
515 3953 770 4010 Romanis
796 3955 1015 4011 auribus
1035 3957 1293 4013 doctrina:
1321 3958 1438 4030 ejus
1465 3975 1671 4017 venena
1699 3977 1794 4019 au-

206 4051 291 4094 sus
310 4052 413 4097 est.
450 4042 691 4114 Quisquis
724 4061 797 4114 es,
827 4045 1016 4118 inquit,
1046 4058 1266 4104 assertor
1295 4065 1538 4106 novorum
1579 4053 1792 4126 dogma-

208 4139 327 4196 tum,
350 4149 524 4201 querco
550 4144 615 4203 te,
639 4147 697 4191 ut
718 4154 897 4208 parcas
914 4137 1160 4196 Romanis
1174 4142 1397 4211 auribus,
1421 4161 1602 4216 parcas
1621 4145 1789 4217 Fidei,

207 4239 314 4292 qut:
339 4227 574 4297 Apostoli
602 4245 721 4285 uoce
746 4231 957 4287 laudata
995 4242 1085 4288 est.
1119 4234 1222 4290 Cur
1244 4246 1357 4307 post
1394 4239 1791 4312 quadringentos

209 4331 361 4374 annos
402 4321 585 4378 docere
636 4339 728 4379 nos
765 4324 957 4393 niteris,
1001 4329 1137 4397 quod
1182 4339 1299 4384 ante
1335 4333 1667 4389 nescivimus?
1701 4351 1792 4390 cur

212 4413 403 4481 profers
428 4413 485 4468 in
511 4414 733 4469 medium
767 4416 903 4487 quod
932 4415 1118 4473 Petrus
1146 4429 1192 4473 et
1218 4420 1415 4477 Paulus
1442 4424 1591 4479 edere
1615 4427 1789 4483 nolue-

210 4504 356 4558 runt?
386 4504 625 4576 Denique
652 4505 707 4561 in
745 4521 868 4563 eum
895 4512 1113 4580 proprie
1138 4512 1227 4582 qui
1266 4526 1325 4568 se
1349 4514 1590 4584 ﬁguratis
1615 4518 1788 4574 laudi-

211 4589 302 4648 bus
345 4594 400 4649 in
431 4595 771 4667 Origenianze
816 4614 993 4655 causae
1047 4602 1402 4671 patrocinium
1452 4604 1788 4678 adsciverat;

212 4683 347 4743 llalo
368 4728 386 4755 ,
432 4689 543 4756 ait,
572 4690 945 4748 existimatione
973 4693 1282 4764 periclitari,
1319 4713 1471 4769 quam
1520 4700 1641 4769 ﬁde.
1678 4701 1791 4759 Hoc

211 4778 328 4832 mihi
374 4782 720 4850 praestiterunt
761 4785 915 4839 amici
954 4788 1052 4841 mei
1079 4786 1368 4860 (Bullinus
1392 4793 1614 4863 utique)
1658 4804 1713 4848 ut
1747 4796 1790 4850 si

212 4879 426 4943 tacuere,
474 4891 590 4930 reus
612 4890 633 4931 ι·
673 4876 719 4931 si
755 4879 1084 4949 respondero,
1118 4880 1351 4937 inimicus
1375 4884 1597 4953 judicer.
1645 4885 1791 4943 Dura

210 4974 415 5035 utraque
432 4969 697 5034 conditio;
716 4970 804 5025 sed
830 4987 857 5025 e
878 4972 1076 5028 duobus
1102 4972 1285 5045 eligam
1321 4975 1457 5045 quod
1486 4976 1642 5032 levius
1675 4988 1748 5034 est
1770 4995 1789 5035 :

210 5054 431 5112 simultas
469 5059 803 5132 redintegrari
851 5072 1012 5134 potest
1051 5080 1072 5120 :
1099 5065 1409 5137 blasphemia
1452 5068 1646 5124 veniam
1687 5087 1790 5126 non

212 5157 436 5204 meretur.

278 5238 338 5295 Υ.
369 5241 451 5298 Ad
497 5243 672 5316 ipsam
701 5244 844 5317 quod
883 5246 1074 5305 attinet
1099 5247 1593 5323 interpretationem
1621 5254 1787 5313 libro-

217 5342 321 5388 tum
340 5341 462 5408 nepa
480 5344 673 5409 Δρχῶν,
705 5354 863 5409 quam
888 5339 1140 5411 Epistulae
1160 5344 1351 5417 jungit,
1382 5348 1611 5425 multum.
1631 5364 1691 5405 se
1714 5350 1790 5407 ait

213 5421 372 5482 iniila
400 5426 713 5485 adornanda
766 5430 966 5487 laboris
1021 5434 1370 5505 sustinuisse,
1423 5438 1543 5493 dum
1595 5421 1789 5499 mutare

211 5518 460 5592 quidpiam
500 5520 564 5575 de
587 5520 763 5577 Grch
786 5564 802 5589 ,
857 5540 958 5579 non
1001 5536 1074 5582 est
1099 5531 1332 5585 vertentis
1352 5572 1365 5595 ,
1395 5532 1484 5587 sed
1525 5537 1788 5592 evertentis

213 5607 353 5676 (Lib.
396 5613 449 5669 1.
483 5629 600 5668 con.
637 5612 886 5688 Ruﬁn)
932 5618 1254 5677 Adornatam
1285 5623 1379 5680 abs
1408 5641 1467 5682 se
1505 5639 1679 5684 autem
1722 5646 1786 5686 eo

213 5703 422 5759 consilio
453 5714 676 5762 testatus
698 5719 783 5763 est
820 5709 968 5775 alibi,
999 5725 1103 5766 non
1133 5724 1189 5767 ut
1215 5716 1457 5773 crederet
1493 5719 1685 5778 Lector
1722 5724 1786 5779 iis

211 5807 319 5865 quas
344 5798 817 5871 interpretabatur,
866 5803 960 5860 sed
995 5821 1064 5862 ne
1090 5807 1335 5865 crederet
1363 5811 1461 5882 iis,
1503 5831 1621 5887 qua:
1650 5816 1786 5871 alios

208 5897 324 5947 ante
348 5891 716 5951 transtulerat.
740 5894 916 5971 Atque
943 5895 1080 5955 hanc
1118 5898 1334 5974 quidem
1366 5906 1518 5960 unice
1557 5915 1781 5964 causam

1499 427 1558 490 S.
1600 422 1983 490 HIERONYMI
2024 426 2205 492 Vl'l‘A.
2224 422 2231 433 ’

3403 447 3505 506 128

1919 559 2038 602 esse
2054 557 2291 615 autumo,
2323 546 2391 605 de
2414 562 2521 621 quo
2545 548 2724 608 mirari
2745 555 2931 613 doctos
2952 556 3195 617 homines
3218 561 3506 633 aliquando

1918 637 2100 704 subiit,
2151 653 2248 694 cur
2291 639 2406 697 haec
2442 643 2646 699 scilicet
2688 647 2905 717 perierit
2932 651 3112 707 Sancti
3150 654 3392 710 Doctoris
3424 660 3505 711 in-

1919 736 2261 801 terpretatio,
2290 750 2411 806 qua:
2436 744 2490 793 et
2515 737 2581 793 ad
2613 736 2856 796 Graecum
2878 750 3081 798 textura
3115 757 3301 803 exacta
3333 749 3504 805 lldeli-

1918 831 1999 879 ter
2021 835 2124 893 est,
2158 836 2213 883 et
2236 827 2304 884 ab
2325 829 2619 902 interprete
2643 833 2911 891 elaborata
2935 838 3198 894 sermonis
3224 842 3503 914 utriusque

1916 919 2242 987 peritissimo
2273 940 2287 978 :
2316 933 2503 980 contra
2532 925 2835 982 Rulliniana
2867 929 2957 984 illa
2979 943 3252 1002 superstes
3271 936 3360 1002 sit,
3382 953 3502 1008 quae

1914 1017 1967 1064 et
1997 1009 2242 1068 laudibus
2269 1013 2417 1071 hisce
2445 1018 2640 1085 caruit,
2664 1027 2720 1074 et
2744 1019 2812 1075 ab
2840 1021 2954 1090 ipsa
2979 1023 3211 1080 editione
3247 1028 3412 1091 prima
3450 1031 3499 1083 in

1914 1097 2109 1166 lucem,
2150 1105 2397 1161 convitiis
2441 1106 2704 1164 bonorum
2749 1114 3085 1180 pessumdata
3126 1115 3241 1172 fere
3291 1127 3393 1183 est,
3440 1136 3502 1176 ac

1913 1189 2043 1246 diris
2081 1195 2327 1252 omnibus
2352 1198 2560 1255 devota.
2627 1200 2832 1272 Nempe
2865 1204 2955 1261 illa
2999 1204 3346 1279 Origenianas
3390 1212 3500 1266 bla-

1913 1282 2203 1351 sphemias,
2235 1298 2389 1356 prout
2412 1288 2617 1346 fuerant
2649 1295 2885 1351 Auctore
2906 1297 2976 1352 ab
3000 1298 3115 1368 ipso
3140 1303 3379 1372 prolatae,
3406 1305 3493 1359 liS'

1913 1370 2031 1427 dem
2055 1378 2338 1434 Sententiis
2367 1396 2429 1435 ac
2460 1383 2677 1438 totidem
2706 1385 2819 1442 fere
2848 1389 3025 1465 verbis
3052 1391 3315 1449 referebat
3341 1416 3352 1450 :
3379 1414 3499 1466 quzc

1914 1463 2085 1531 primo
2105 1469 2281 1523 statim
2311 1470 2458 1527 aditu
2498 1476 2733 1531 aversari
2755 1478 3086 1538 Christianos
3110 1484 3320 1542 animos
3338 1463 3498 1558 atque

1910 1556 2292 1617 exhorrescere
2333 1564 2491 1636 impia
2538 1568 2736 1639 scripta
2787 1585 2874 1627 res
2911 1585 3161 1646 cogeret;
3215 1578 3331 1636 hsce
3367 1556 3497 1637 vero

1910 1648 2308 1709 exitiosioribus
2332 1656 2337 1661 '
2357 1660 2762 1727 pra~termissis,
2795 1665 3054 1735 reliquam
3083 1670 3332 1727 sublesta;
3372 1674 3494 1730 lidei

1910 1736 2207 1796 doctrinam
2236 1744 2523 1803 verborum
2549 1750 2668 1807 fuco
2691 1752 2911 1810 oblitam
2933 1763 3361 1831 commendabat,
3388 1783 3492 1824 non

1907 1832 1976 1887 ab
1996 1836 2077 1890 sui
2106 1836 2337 1896 lectione
2367 1857 2428 1897 ac
2466 1843 2830 1916 descriptione
2851 1851 3178 1912 deterrebat.
3209 1859 3377 1917 Porro
3399 1878 3494 1917 au-

1911 1932 2016 1980 tem
2058 1927 2523 2003 llieronymianam
2574 1942 2876 1998 versionem
2919 1959 3146 2017 eamque
3192 1956 3492 2021 praesertim

1911 2014 2222 2085 Epistolam,
2242 2037 2529 2093 suppressa
2548 2027 2637 2083 illa
2654 2031 2720 2085 ad
2742 2014 3270 2102 Bullinumﬁomani
3296 2044 3493 2102 Proce-

1907 2111 2067 2164 resin
2090 2114 2275 2182 vulgus
2291 2130 2562 2187 spargere,
2606 2131 2765 2191 atque
2794 2127 3039 2196 ingerere
3054 2134 3319 2198 omnibus,
3356 2154 3495 2207 prae-

1908 2198 2116 2266 dicare,
2145 2214 2198 2258 et
2224 2206 2650 2279 llieronymianae
2676 2214 2797 2269 fidei
2825 2220 3066 2287 proferre
3102 2233 3313 2282 testem.
3356 2198 3495 2287 :Snnt

1907 2291 1999 2360 qui
2038 2292 2255 2356 addant.
2297 2312 2394 2352 nec
2433 2314 2561 2354 sane
2594 2313 2787 2370 praeter
2818 2310 3356 2385 verisimilitudinetn,
3398 2336 3495 2378 eos

1906 2395 2025 2451 quae
2046 2398 2108 2439 ex
2133 2392 2443 2443 earumdem
2463 2394 2597 2447 votis
2620 2393 2874 2464 Epistulae
2893 2400 3116 2459 deerant
3137 2407 3492 2479 (maluissent

1907 2476 2048 2531 enim
2072 2520 2087 2544 ,
2132 2484 2405 2551 conceptis
2445 2486 2620 2542 verbis
2662 2493 2912 2549 :eumlum
2952 2497 3022 2552 ab
3057 2476 3490 2582 eoperstringi)

1904 2566 2039 2621 vivae
2068 2570 2216 2625 vocis
2244 2572 2404 2628 veluti
2428 2583 2814 2636 commentario
2839 2588 3117 2657 supplesse
3144 2566 3303 2665 atque
3332 2566 3494 2672 exag:

1902 2670 2139 2726 gerasse.
2172 2661 2250 2717 Re
2288 2666 2501 2734 quidem
2532 2669 2645 2739 ipsa
2674 2671 3031 2750 Hieronymus
3059 2684 3160 2740 sibi
3201 2661 3489 2752 admodum

1905 2753 2238 2820 temperavit,
2273 2771 2371 2812 nec
2408 2758 2677 2818 Bullinum
2708 2765 2777 2823 de
2807 2773 3055 2843 nomine,
3096 2788 3189 2834 aut
3236 2786 3489 2852 peculiari

1901 2841 2146 2912 quapiam
2196 2855 2319 2903 nota
2372 2849 2662 2910 lacessivit.
2706 2856 2839 2930 Ego,
2889 2841 3079 2935 inquit,
3120 2841 3409 2931 moderatus
3434 2880 3489 2935 in

1901 2931 2139 3029 liipistola
2190 2941 2393 3029 publica
2433 2945 2452 3016 (
2475 2948 2573 3002 hac
2611 2949 2818 3008 scilicet
2863 2957 2929 3011 ad
2964 2931 3382 3025 Pammachium

1899 3024 2211 3132 Oeeaputn)
2238 3032 2506 3105 diligenter
2532 3042 2663 3108 cavi,
2709 3061 2773 3099 ne
2806 3049 2932 3116 quid
2958 3052 3011 3106 in
3041 3063 3091 3109 te
3116 3057 3307 3114 dictum
3336 3024 3492 3132 puta:

1898 3116 2133 3215 rem-Sed
2164 3137 2283 3192 quae
2312 3123 2385 3215 illi
2416 3131 2669 3187 omniain
2700 3134 2970 3195 Bullinum
2994 3148 3209 3215 proprie
3239 3116 3374 3208 dicta
3406 3116 3491 3211 re—

1900 3205 2160 3302 ferebant,
2184 3228 2303 3281 qua:
2323 3214 2550 3276 Sanctus
2580 3222 2739 3280 Pater
2761 3227 2868 3285 late
2906 3231 2960 3287 in
2991 3205 3272 3296 ltmreticos
3398 3248 3484 3302 in-

1897 3295 2098 3355 dustria
2112 3301 2347 3360 dixerat:
2366 3310 2645 3369 conﬂictus
2665 3332 2876 3389 quoque
2896 3324 3011 3393 ejus
3032 3295 3490 3401 interpretationis

1898 3403 2018 3491 cum
2044 3391 2435 3464 Rulliniana,ut
2453 3403 2690 3474 aiebant,
2712 3391 2950 3480 perfidia,
2975 3418 3042 3471 ita
3058 3391 3216 3491 hujus
3228 3391 3491 3488 acuet-un;

1897 3482 2156 3553 animum,
2209 3496 2268 3544 ut
2297 3490 2677 3568 Hieronymum
2716 3500 2827 3571 jam
2873 3516 3084 3575 putaret
3105 3482 3226 3582 jura
3259 3520 3486 3579 violasse

1897 3574 2166 3646 amicitias,
2199 3588 2253 3635 et
2270 3582 2488 3651 pristina
2514 3588 2566 3641 in
2595 3604 2656 3645 se
2676 3592 2796 3646 odia
2823 3574 3081 3658 euerrere
3152 3607 3237 3661 cui
3263 3610 3486 3678 proinde

1898 3662 2128 3722 instituit
2169 3679 2419 3742 tanquam
2464 3677 2682 3735 inimico
2722 3694 2881 3756 atque
2919 3704 3068 3747 arma
3114 3662 3377 3757 inferenti
3394 3719 3484 3760 re-

1898 3754 2111 3813 sistere.
2134 3759 2208 3815 lta
2246 3778 2432 3821 errore
2458 3770 2632 3836 potius
2658 3754 2815 3844 quam
2841 3779 3149 3840 alterutrius
3174 3791 3350 3859 culpa,
3400 3796 3487 3849 di-

1896 3858 2102 3919 rempta
2150 3852 2343 3910 iterum
2381 3861 2551 3928 gratia
2594 3877 2711 3934 est,
2751 3883 2871 3938 qua:
2902 3889 3174 3945 nunquam
3216 3852 3358 3938 inter
3385 3902 3481 3942 eos

1896 3950 2079 4033 postea
2111 3945 2342 4015 coaluit;
2369 3961 2425 4004 ut
2450 3954 2610 4010 etiam
2643 3968 2763 4027 post
2801 3962 3003 4019 obitum
3047 3967 3200 4024 famae
3230 3987 3342 4030 suae
3369 3976 3485 4033 Ru-

1896 4028 2057 4101 ﬁnus,
2110 4044 2304 4093 caetera
2344 4040 2671 4102 doctissimis
2721 4052 3202 4129 sanctissimisque,
3234 4078 3369 4134 quos
3420 4083 3485 4125 ea

1898 4125 2017 4180 tulit
2039 4134 2189 4199 tetas,
2229 4130 2481 4222 Patribus
2513 4136 2799 4197 admodum
2830 4158 3005 4214 carus,
3040 4125 3374 4222 dispendium
3415 4163 3486 4216 sit

1896 4219 2344 4286 passus.Redibit
2368 4225 2436 4281 de
2468 4228 2877 4304 llieronymiana
2910 4238 3025 4295 libri
3054 4219 3165 4315 nrpt
3186 4253 3356 4319 Δρχῶν
3396 4253 3483 4307 in-

1896 4313 2279 4379 terpretatione
2324 4320 2662 4386 postmodum
2693 4340 2890 4395 sermo,
2950 4333 3037 4386 ubi
3090 4313 3385 4405 Epistulam
3414 4343 3481 4399 ad

1893 4400 2130 4469 Avitum,
2158 4419 2278 4475 quae
2316 4418 2437 4478 post
2459 4425 2629 4468 annos
2672 4416 2887 4475 circiter
2912 4421 3098 4478 decem
3121 4400 3243 4484 data
3267 4441 3368 4491 est.
3401 4450 3486 4490 rc-

1893 4496 2254 4556 censebimus.
2280 4500 2405 4558 Hcce
2430 4520 2589 4576 porro
2608 4521 2730 4565 cum
2758 4524 3061 4583 agerentur,
3086 4534 3258 4578 annus
3284 4523 3482 4584 Christi

1894 4586 2205 4677 trallebatur
2227 4592 2334 4649 400
2363 4610 2470 4651 uno
2500 4598 2695 4655 minus.

1966 4678 2054 4735 Vl.
2082 4682 2348 4753 Epistolas
2373 4703 2502 4745 vero
2527 4690 2857 4753 intereadum
2889 4701 3083 4758 multas
3120 4704 3480 4783 Hieronymus
3574 4722 3575 4729 ‘

1893 4770 2163 4875 advarios
2203 4778 2439 4848 scripsit,
2471 4797 2591 4853 qua:
2631 4786 2684 4841 in
2716 4789 2962 4849 Editione
2985 4809 3165 4854 nostra
3186 4816 3218 4856 a
3260 4770 3474 4875 ωξχν,

1852 4868 1857 4872 ’
1895 4861 2146 4934 deinceps
2178 4881 2544 4928 recensentur.
2574 4878 2652 4932 Ac
2672 4880 2849 4949 priore
2863 4886 3077 4955 quidem
3111 4891 3206 4946 ista
3236 4861 3486 4953 Theodo-

1893 4969 2008 5008 ram
2040 4954 2244 5012 Lucioii
2277 4960 2382 5031 (ad
2422 4979 2581 5035 quem
2609 4973 2932 5037 praecedenti
2959 4991 3125 5048 anno,
3154 4995 3213 5038 ut
3237 5001 3335 5041 suo
3366 4990 3482 5044 loco

1892 5048 2222 5105 ostendimus
2249 5052 2575 5129 scripserat)
2604 5062 2818 5119 viduam
2845 5067 2914 5123 de
2954 5074 3130 5129 mariti
3164 5088 3336 5134 nume
3351 5096 3484 5136 con-

1892 5139 2114 5209 solatur,
2139 5142 2226 5199 ubi
2255 5156 2308 5200 et
2326 5163 2399 5214 se,
2430 5148 2526 5218 ait,
2558 5169 2660 5209 non
2691 5159 2930 5215 meruisse
2957 5163 3067 5233 ejus
3095 5166 3189 5221 uiri
3217 5171 3385 5227 videre
3400 5178 3484 5246 fa-

1893 5230 2040 5300 cient,
2069 5250 2215 5305 quem
2242 5239 2293 5292 in
2319 5237 2452 5295 brevi
2476 5254 2701 5315 tempore
2720 5230 3001 5308 venturum
3027 5258 3094 5311 ad
3122 5273 3183 5313 se
3206 5230 3480 5321 Bethleem

1892 5328 2161 5398 sperabat.
2193 5331 2268 5386 Ex
2300 5335 2493 5404 quibus
2517 5340 2834 5412 colligimus,
2883 5347 3020 5402 hanc
3046 5351 3114 5406 ab
3141 5366 3226 5420 es,
3268 5372 3386 5426 (μην
3415 5361 3482 5413 ad

1893 5420 2173 5481 Lacinium
2194 5427 2314 5481 data
2355 5438 2457 5497 est,
2491 5434 2648 5489 unius
2686 5437 2901 5495 circiter
2929 5445 3051 5498 anni
3080 5448 3254 5516 spatio
3281 5420 3483 5507 distare

1892 5513 2206 5587 Epistolam,
2238 5535 2337 5577 nec
2376 5521 2537 5581 facile
2568 5528 2746 5584 serius
2773 5546 2895 5587 esse
2922 5513 3296 5594 differendam.
3341 5540 3476 5596 Cum

1890 5610 2034 5665 enim
2058 5613 2201 5668 hunc
2228 5613 2364 5669 inter
2384 5627 2544 5687 atque
2575 5620 2952 5695 Hieronymum
3000 5606 3104 5680 non
3145 5629 3244 5681 nisi
3275 5632 3478 5700 semel,

1890 5702 2050 5775 idque
2076 5707 2352 5776 superiore
2383 5710 2625 5779 proxime
2651 5727 2794 5769 anno
2816 5754 2831 5781 ,
2864 5715 3157 5773 litterarum
3185 5717 3357 5775 ofﬁcia
3396 5722 3479 5780 in.

1891 5800 2253 5864 tercesserinl,
2301 5816 2405 5857 non
2444 5801 2564 5859 aliis
2610 5820 2770 5875 quam
2816 5806 2901 5861 bis
2952 5808 3135 5883 utique
3169 5812 3473 5876 credendus

1887 5882 2512 5962 ipseestlerosolvmam
2532 5893 2764 5954 adeundi
2786 5909 2938 5973 spem
2949 5898 3006 5958 3.
3022 5899 3240 5963 Doctori
3252 5905 3479 5972 fecisset;
