4052 6338
523 383 626 444 12⁸1

517 512 690 570 neque
719 496 803 551 hic
827 491 962 550 adeo
987 503 1106 557 eum
1138 483 1370 552 futurum
1395 482 1559 554 luisse
1603 477 1696 548 ait,
1728 491 1785 552 ut
1814 496 1936 554 eum
1965 479 2099 534 brevi

517 597 570 648 in
592 590 808 647 Sanctis
832 587 992 647 Locis
1017 585 1483 655 complecteretur,
1539 579 1744 648 longius
1772 592 1926 648 quam
1958 573 2099 645 quod

514 682 908 746 constituimus,
947 677 1177 748 Spatium
1213 659 1467 743 temporis
1501 669 1812 739 designarit.
1853 666 1971 742 iniit
1994 673 2100 744 sta_-.

515 777 606 830 tim
629 781 749 844 post
770 781 953 834 saneta
977 770 1066 834 illa
1088 767 1246 836 vidua
1262 764 1544 836 Theodora
1571 759 1910 836 pet'l'eetioqis
1934 757 2098 824 viam,

513 867 580 922 de
600 881 704 936 qua
729 864 954 924 Sanctus
984 861 1110 928 item
1156 859 1313 926 Pater
1339 857 1406 925 ad
1435 855 1694 929 Abigautn
1734 850 1974 928 scribens
2001 849 2099 910 sub

514 960 695 1024 linem,
726 955 994 1021 Sanctam,
1023 951 1214 1023 inquit,
1237 950 1400 1020 ﬁliam
1427 963 1587 1014 meum
1609 943 1926 1010 Theodoram
1953 957 2096 996 soro-

511 1068 614 1104 rem
644 1049 802 1104 beattc
821 1047 1073 1106 memoriae
1115 1043 1316 1106 Lucinii
1350 1059 1438 1112 per
1465 1057 1518 1098 se
1543 1039 1964 1100 commendatam,
1990 1050 2099 1088 meo

510 1157 738 1195 sermone
789 1139 1114 1205 commendo,
1155 1145 1208 1204 ut
1252 1135 1306 1200 in
1358 1142 1519 1203 coepto
1565 1131 1740 1206 itinere
1788 1145 1889 1182 non
1941 1129 2098 1182 lasse-

510 1245 611 1296 tur,
635 1243 738 1287 etc.
769 1247 886 1302 qua:
910 1211 1113 1286 annum
1147 1231 1287 1296 hunc
1330 1227 1502 1296 ipsum
1547 1238 1652 1278 non
1702 1223 1928 1276 obscure
1959 1218 2098 1273 iudi-

506 1333 645 1378 cant.
680 1322 879 1380 Eodem
909 1332 1167 1389 tempore,
1199 1321 1312 1374 sive
1351 1317 1473 1382 anni
1502 1313 1616 1386 ejus
1640 1313 1737 1382 sub
1777 1315 1934 1367 linem
1961 1307 2096 1366 scri-

508 1427 623 1484 ptas
648 1417 780 1469 duas
805 1415 937 1478 alias
960 1413 1187 1480 Sanetus
1215 1411 1441 1482 ipsemet
1463 1412 1661 1472 Anc-tor
1685 1405 1876 1477 prodit.
1908 1405 2094 1474 Priora

505 1524 572 1565 ex
612 1508 694 1564 his
742 1508 1017 1574 Fabiolam
1051 1506 1161 1576 jam
1193 1504 1301 1566 lato
1353 1502 1588 1562 functam
1629 1498 1837 1562 funebri
1864 1495 2092 1568 quadam

505 1603 808 1658 laudatione
825 1601 1167 1672 prosequitur
1188 1616 1203 1654 :
1222 1596 1612 1662 sanctissimam
1639 1601 1786 1676 certe
1809 1591 2058 1646 feminam
2072 1629 2088 1656 ,

505 1710 556 1751 ut
592 1712 711 1766 quas
738 1696 934 1765 passim
961 1694 1208 1763 superius
1233 1699 1379 1760 gesta
1395 1687 1514 1758 ejus
1531 1688 1917 1752 recensuimus,
1945 1696 2093 1744 coms

504 1789 750 1858 probant,
781 1797 837 1852 ut
859 1795 1038 1852 autem
1067 1792 1220 1850 vocat
1244 1783 1379 1852 ipse,
1423 1778 1626 1840 laudem
1647 1776 2046 1832 Christianorum
2070 1813 2089 1842 ,

503 1880 804 1942 miraculum
830 1876 1127 1944 Gentilt'wn,
1157 1875 1349 1943 luctum
1377 1886 1680 1943 pauperum,
1708 1869 1945 1934 solatium
1974 1865 2090 1932 Mo-

501 1972 776 2037 naclmrutn
815 1987 836 2026 :
875 1985 993 2040 qua:
1022 1977 1298 2038 postquam
1320 1965 1386 2030 ad
1406 1964 1674 2028 Christum
1703 1975 1956 2024 conversa
1985 1967 2089 2027 est,

500 2080 626 2120 vere
647 2064 1003 2122 Christianam
1027 2060 1198 2131 egerit
1235 2058 1416 2121 vitam,
1445 2055 1843 2126 gloriosumque
1873 2066 2087 2120 merue-

498 2157 568 2212 rit
595 2157 712 2210 vitae
741 2155 922 2220 linem.
951 2153 1082 2208 Eam
1110 2166 1269 2221 porro
1307 2147 1546 2212 scribere
1595 2161 1654 2202 se
1693 2153 1936 2212 testatur,
1964 2156 2087 2198 cum

492 2249 604 2317 jam
631 2257 826 2320 quarta:
853 2245 1041 2302 astatis
1087 2225 1308 2306 circulus
1348 2239 1686 2296 evolveretur
1734 2236 1803 2298 ab
1845 2250 1910 2302 eo
1953 2243 2088 2300 tem—

498 2355 648 2410 pore,
698 2356 801 2410 quo
851 2337 1130 2409 Nepotiani
1176 2334 1505 2406 Epitaphium
1548 2331 1800 2397 scribens,
1841 2327 2086 2399 quidquid

495 2433 675 2486 habere
699 2440 928 2502 potuerat
950 2430 1131 2495 uirium
1158 2428 1212 2484 in
1236 2427 1324 2490 illo
1346 2435 1465 2479 tunc
1494 2424 1667 2480 dolore
1682 2429 2077 2492 consumpserat.

498 2523 728 2590 Proinde
755 2523 800 2578 si
827 2529 968 2577 recte
991 2519 1133 2586 istud
1157 2517 1308 2574 initio
1329 2516 1455 2574 anni
1483 2514 1588 2580 39.6
1609 2512 1974 2582 consignatum
2001 2519 2086 2577 est

495 2615 677 2687 (quod
706 2624 851 2678 certe
879 2613 1032 2672 nobis
1054 2611 1300 2674 videmur
1327 2609 1424 2680 ipsi
1450 2607 1772 2680 palmaribus
1799 2620 2084 2677 argumen-

495 2709 562 2763 tis
592 2707 838 2777 evicisse)
860 2707 1004 2775 ,jam
1032 2703 1160 2761 nihil
1188 2711 1267 2766 est
1295 2701 1534 2767 dubium,
1566 2699 1692 2770 quin
1717 2708 1874 2754 aestas
1901 2697 1970 2754 ab
2013 2712 2082 2762 eo

492 2808 679 2870 quarta
719 2796 877 2869 hujus
929 2796 1177 2864 nimirum
1216 2793 1340 2863 anni
1383 2791 1574 2855 fuerit,
1616 2789 1768 2861 cujus
1804 2789 2078 2846 historiam

493 2890 885 2967 persequimur.
913 2888 1116 2956 Altera,
1143 2901 1263 2956 qua:
1285 2883 1516 2944 Fabiolze
1539 2882 1751 2954 ipsimet
1772 2880 2080 2948 inscribitur

492 2982 558 3038 de
585 2981 746 3053 XLII,
783 2980 1153 3050 mansionibus
1198 2979 1252 3032 in
1281 2977 1514 3043 deserto,
1569 2973 1817 3048 adornari
1860 2971 2078 3044 quidem

491 3074 658 3144 multo
696 3057 859 3144 antea
900 3087 1020 3144 eum
1050 3071 1253 3138 scilicet
1286 3076 1468 3140 ageret
1491 3068 1602 3137 ipsa
1633 3065 1950 3135 Bethleemi,
1981 3063 2080 3132 abs

490 3167 816 3239 Hieronymo
841 3167 1085 3235 «τωρωι,
1118 3163 1367 3231 editionis
1419 3172 1618 3227 tamen,
1658 3169 1717 3218 ut
1768 3157 1916 3230 loqui
1961 3158 2078 3229 ipse

489 3271 653 3327 amat,
684 3261 940 3328 honorent
971 3257 1096 3314 huic
1126 3254 1353 3325 tempori
1379 3252 1539 3310 debet
1567 3266 1778 3323 :ueque
1804 3251 1946 3314 enim
1974 3249 2077 3319 ipsi

489 3369 609 3424 eum
638 3353 940 3418 adviveret,
981 3351 1075 3414 sed
1120 3350 1374 3406 memoria:
1409 3348 1520 3418 ejus
1567 3355 1650 3404 est
1685 3345 1910 3407 reddita.
1938 3345 2095 3405 Rem,

491 3453 708 3517 praestat
731 3443 800 3504 ab
827 3444 944 3518 ipso
970 3441 1155 3506 audire
1189 3461 1202 3499 :
1245 3441 1479 3518 Quodam
1507 3439 1607 3505 die,
1638 3438 1807 3510 inquit
1835 3436 2076 3506 proxime

489 3538 701 3594 laudata
722 3536 980 3607 Epistula,
1005 3552 1159 3607 quum
1184 3536 1237 3590 in
1265 3535 1495 3590 manibus
1528 3532 1696 3604 Moysi
1727 3531 1982 3586 Numeros
2003 3538 2076 3584 κε

486 3647 735 3696 iteremus,
763 3639 810 3690 et
839 3646 919 3684 me
949 3628 1226 3702 uerecunde
1265 3636 1466 3703 rogaret
1501 3625 1594 3682 illa
1623 3622 1910 3698 (Fabiola)
1951 3621 2075 3692 quid

485 3724 578 3786 sibi
604 3723 748 3788 vellet
779 3722 1040 3778 nontinum
1082 3730 1224 3780 tanta
1246 3719 1522 3794 congeries,
1581 3733 1670 3772 cur
1691 3758 1705 3781 ,
1745 3726 1948 3773 ete.....
1993 3729 2074 3769 re-

483 3815 667 3886 Spondi
696 3795 750 3876 ut
769 3815 936 3888 potui,
971 3825 1018 3872 et
1049 3815 1182 3872 visus
1202 3829 1312 3876 sunt
1334 3808 1715 3881 interrogationi
1735 3809 1842 3879 ejus
1868 3807 2073 3878 satisfae

482 3926 612 3972 cere.
657 3907 931 3972 Resolvens
961 3924 1076 3979 ergo
1110 3905 1339 3973 Librum,
1367 3903 1588 3976 peruenit
1625 3901 1693 3956 ad
1719 3916 1834 3958 eum
1868 3898 2070 3970 locum,

483 4001 566 4058 ubi
591 4000 852 4072 catalogus
877 3999 1172 4058 describitur
1210 3998 1436 4054 omnium
1466 3993 1810 4058 Mansionum,
1840 4009 1928 4062 per
1946 4005 2073 4061 quas

482 4096 544 4146 de
561 4073 795 4163 Aiggpto
815 4093 1074 4164 egrediens
1103 4089 1344 4162 populus,
1372 4087 1592 4159 peruenit
1619 4103 1774 4156 usque
1796 4086 1865 4140 ad
1881 4088 2072 4156 ﬂuenta

479 4183 762 4251 Iord/tuis,
819 4199 1032 4250 cumque
1067 4198 1246 4236 causas
1284 4188 1525 4252 quaereret
1551 4186 1599 4236 et.
1639 4179 1858 4236 rationes
1891 4175 2070 4246 singu-

483 4279 670 4342 larum,
697 4279 751 4332 in
777 4275 1076 4347 quibusdam
1101 4273 1344 4339 lta'sitavi,
1379 4274 1432 4326 in
1459 4271 1573 4326 aliis
1598 4268 1846 4336 inoicuso
1871 4268 2071 4323 cucurri

483 4371 628 4441 pede,
647 4371 701 4425 in
718 4369 968 4442 plerisque
983 4366 1282 4437 simpliciter
1298 4361 1639 4435 ignorantiam
1660 4362 1918 4431 confessus
1934 4376 2067 4413 sum.

481 4459 625 4516 Tunc
653 4477 767 4516 uero
794 4459 956 4531 magis
983 4469 1131 4529 cwpn
1164 4471 1360 4528 urgere,
1385 4463 1433 4514 et
1453 4453 1599 4524 quasi
1623 4469 1722 4510 non
1749 4451 1875 4506 mihi
1903 4451 2070 4506 liceret

480 4555 673 4608 nescire
699 4554 834 4625 quod
873 4553 1064 4619 nescio,
1094 4549 1434 4621 expostulare,
1463 4562 1522 4602 ac
1545 4561 1599 4602 se
1621 4544 1884 4614 indignant
1916 4542 2069 4602 tantis

479 4649 731 4718 mysteriis
780 4647 963 4703 dicere.
1008 4645 1144 4713 Quid
1184 4645 1375 4715 plura?
1415 4640 1642 4698 Extorsit
1683 4639 1806 4696 mihi
1851 4638 2069 4710 negandi

477 4739 803 4804 uerecundia,
847 4746 903 4792 ut
930 4736 1195 4808 proprium
1223 4735 1268 4792 ei
1307 4751 1434 4806 opus
1463 4732 1812 4806 huiuscemodi
1836 4731 2068 4802 disputa-

479 4831 722 4890 tiunculte
751 4829 1059 4902 pollicerer:
1087 4827 1222 4899 quod
1256 4844 1410 4896 usque
1441 4829 1495 4881 in
1522 4843 1743 4898 prwsens
1773 4835 1988 4894 tempus,
2012 4832 2068 4878 ut

478 4941 615 4980 nunc
657 4924 920 4993 intelligo,
967 4920 1174 4977 Domini
1230 4919 1489 4974 uoluntate
1537 4920 1774 4981 dilatant,
1827 4917 2067 4972 reddetur

477 5015 733 5073 memoriae
773 5013 934 5081 illius,
986 5023 1042 5066 ut
1092 5010 1506 5067 Sacerdotalibus
1540 5011 1724 5080 prioris
1755 5010 1822 5062 ad
1872 5025 1926 5063 se
1963 5008 2064 5063 Vo-

479 5110 686 5164 luminis
726 5107 904 5162 induta
953 5103 1170 5175 pestibus
1203 5119 1292 5173 per
1337 5101 1518 5160 mundi
1547 5101 1700 5172 hujus
1741 5100 2064 5158 solitudinem

476 5203 695 5274 gaudeat
724 5198 775 5255 se
797 5199 866 5254 ad
895 5207 1082 5254 terrent
1103 5193 1529 5267 Repramissionis
1550 5193 1824 5264 aliquando
1851 5195 2060 5249 venisse.

481 5294 818 5365 Conjecimus
844 5293 898 5347 in
927 5291 1030 5347 hoc
1057 5304 1266 5361 quoque
1287 5297 1498 5358 tempus
1514 5302 1669 5358 quam
1698 5286 1846 5344 dedit
1871 5286 1926 5342 S.
1956 5287 2060 5343 Pa-

480 5397 562 5445 ter
589 5385 881 5458 Epistolurn
908 5383 976 5439 ad
999 5382 1291 5448 Salvinam,
1321 5397 1388 5436 ex
1417 5395 1610 5450 genere
1632 5381 1962 5438 nobilissimo
1988 5383 2064 5438 vi-

479 5481 664 5546 duam,
683 5493 843 5550 quam
870 5476 939 5534 de
962 5473 1206 5533 Nebridii
1231 5474 1406 5531 mariti
1435 5474 1514 5530 sui
1533 5483 1704 5531 morte
1732 5474 2058 5543 consolatur,

479 5591 543 5633 ac
567 5588 732 5648 porro
751 5572 912 5630 docet
929 5586 1033 5644 qua
1057 5571 1264 5626 ratione
1291 5571 1606 5642 superstites
1630 5587 1695 5626 ex
1722 5587 1788 5627 eo
1815 5571 2060 5642 parvulos

479 5672 745 5739 educare,
791 5669 1111 5740 qualemque
1141 5667 1256 5738 ipsa
1309 5667 1433 5722 vitae
1475 5667 1736 5722 rationem
1783 5667 2059 5728 traducere

477 5775 742 5839 oporteat.
770 5765 841 5822 Ut
876 5773 1055 5821 autem
1082 5762 1187 5818 huc
1213 5762 1536 5827 referremus
1555 5805 1571 5830 ,
1593 5773 1908 5834 argumento
1937 5777 2060 5817 cum

480 5861 664 5930 primis
693 5861 808 5925 luit,
841 5856 986 5924 quod
1013 5856 1208 5920 dicitur
1235 5855 1464 5915 Salvium
1484 5865 1652 5912 mater
1677 5854 2057 5916 Constantino-

1793 367 1850 424 s.
1893 359 2268 444 ntenonvut
2307 359 2490 422 VITA.

3695 371 3797 446 ηδ

2205 478 2311 546 poli
2338 479 2475 550 apud
2504 480 2663 537 tiliam
2687 489 2811 540 tunc
2831 483 3010 541 fuisse.
3039 486 3201 554 Certe,
3235 481 3424 560 inquit,
3446 504 3605 558 quum
3633 500 3795 547 tecum

2205 582 2378 626 sancta
2398 574 2461 628 sit
2499 585 2675 640 mater,
2707 586 2808 633 etc.
2842 580 2933 636 illa
2964 582 3238 636 enimvero
3269 598 3374 637 non
3408 585 3509 640 nisi
3539 595 3658 656 post
3685 588 3796 641 Gil-

2206 663 2359 720 donis
2386 669 2558 724 mariti
2587 670 2669 724 sui
2698 684 2943 740 mortem,
2980 691 3118 730 anno
3149 676 3253 740 598
3273 675 3793 751 Constantinopolim
3885 731 3890 735 .

2206 772 2264 812 se
2289 760 2581 817 contulisse
2607 766 2869 822 credenda
2897 778 2995 825 cst.
3022 766 3227 826 Caetera
3257 785 3322 825 ne
3353 772 3524 828 serius
3556 767 3793 842 Epistula

2205 849 2498 919 differatur,
2522 855 2570 908 in
2583 854 2981 928 Chronologicis
2996 861 3059 918 ad
3083 876 3197 929 eam
3222 861 3370 930 Notis
3384 864 3787 920 edisseruintus.

2207 943 2442 1016 Denique
2459 958 2510 1002 et
2531 951 2814 1020 propositis
2830 953 2926 1008 sibi
2951 970 2979 1007 a
3009 954 3229 1010 Paulino
3249 959 3635 1026 qttteslionihus
3660 960 3790 1016 hoc-

2204 1049 2312 1092 met
2340 1055 2500 1107 anno,
2531 1041 2641 1096 sive
2669 1053 2724 1098 ut
2754 1046 2948 1110 serius,
2981 1049 3358 1118 subsequentis
3385 1052 3536 1106 initio
3564 1069 3789 1123 respon-

2203 1125 2277 1188 dit
2309 1146 2322 1182 :
2355 1130 2679 1199 cujus'certe
2705 1135 2780 1189 rei
2811 1145 2950 1192 totus
2995 1137 3160 1194 lenne
3207 1150 3490 1196 contextus
3536 1145 3790 1214 Epistula:

2203 1220 2398 1275 indicio
2442 1233 2543 1278 est.
2572 1226 2675 1281 Sed
2708 1230 2943 1284 omnium
2991 1231 3442 1294 luculentissimus
3490 1237 3787 1306 locusillu,

2203 1311 2287 1366 ubi
2311 1313 2696 1385 Responsionis
2716 1313 2833 1380 sua:
2860 1337 3036 1390 moras
3063 1339 3325 1389 excusans
3345 1327 3572 1382 Sanetus
3604 1329 3787 1389 Pater.

2198 1405 2398 1474 Libros,
2433 1410 2628 1480 inquit,
2681 1421 2799 1484 ῃερι
2827 1420 2995 1488 Λρχῶν
3021 1399 3219 1488 ’πυρί-Υ,
3254 1416 3586 1488 Pammachio
3619 1432 3789 1474 nostro

2189 1500 2418 1574 jnbente,
2450 1503 2804 1576 interpretatus
2830 1523 2942 1559 sum
3088 1525 3185 1580 quo
3219 1497 3448 1574 detentus
3475 1529 3644 1580 apere,
3690 1513 3756 1564 im

2199 1594 2336 1672 plere
2361 1612 2460 1651 non
2490 1598 2628 1668 potui
2655 1599 2789 1668 quod
2821 1585 3150 1672 promiseram
3187 1603 3292 1668 ιιὺί,
3329 1614 3373 1657 et
3406 1603 3668 1658 Danielem
3699 1622 3790 1657 no-

2197 1693 2357 1752 strum
2383 1702 2585 1752 rursum
2627 1685 3082 1760 comperendinavi.
3113 1687 3177 1744 Et
3213 1693 3411 1761 quidem
3441 1698 3666 1762 quamvis
3694 1697 3787 1749 mei

2196 1775 2527 1844 amantissimi
2549 1787 2594 1831 et
2624 1781 2812 1850 egregii
2843 1782 2934 1833 viri
2958 1780 3293 1844 Pammacltii,
3329 1796 3489 1838 tamen
3522 1788 3673 1840 unius
3696 1806 3782 1841 ινο-

2196 1865 2440 1920 luntatem
2486 1868 2537 1921 in
2568 1877 2766 1938 tempus
2798 1871 2940 1925 aliud
2967 1875 3289 1940 distulissem,
3336 1878 3432 1929 nisi
3460 1879 3622 1932 omnis
3663 1897 3788 1948 pene

2195 1958 2485 2032 fraternitas
2524 1961 2585 2014 de
2618 1960 2751 2015 Urbe
2784 1965 2957 2017 eadem
2985 1967 3301 2032 postulasset,
3335 1986 3560 2023 asserens
3601 1975 3786 2028 multos

2194 2039 2486 2122 periclitari,
2533 2062 2578 2106 et
2617 2057 2860 2134 perversis
2902 2057 3220 2128 dogmatibus
3271 2062 3598 2128 acquiescere.
3638 2062 3785 2118 Unde

2193 2144 2482 2216 necessitate
2507 2149 2797 2222 compulsus
2839 2165 2950 2202 sum
2993 2137 3268 2220 transferre
3296 2152 3476 2215 libros,
3524 2155 3575 2207 in
3603 2157 3782 2225 quibus

2191 2237 2314 2308 ntpli
2335 2225 2449 2306 plus
2486 2255 2637 2307 quam
2683 2239 2799 2294 boni
2824 2251 2915 2307 est,
2945 2252 2990 2298 et
3020 2241 3150 2296 hunc
3171 2260 3370 2298 servare
3395 2263 3696 2313 mensuram,
3730 2258 3781 2302 ut

2192 2345 2282 2390 nec
2310 2331 2548 2388 adderem
2573 2332 2696 2402 quid
2716 2350 2804 2388 nec
2835 2335 3099 2404 demerent,
3151 2336 3476 2409 Gra't‘atttqtte
3501 2341 3653 2408 ﬁdem
3679 2341 3781 2394 La-

2191 2409 2298 2490 tina
2337 2425 2618 2502 integritate
2641 2444 2907 2484 servarem.
2945 2429 3172 2496 Quorum
3203 2434 3511 2502 exemplaria
3540 2452 3570 2488 a
3597 2453 3778 2505 supra-

2189 2514 2322 2570 dicto
2344 2520 2502 2588 fratre
2521 2519 2705 2588 poteris
2734 2521 2974 2590 mutuari,
3005 2532 3108 2592 etc,

2260 2608 2373 2667 VII.
2427 2610 2780 2678 Revertantur
2830 2613 2895 2690 ad
2942 2618 3344 2674 contentionum
3392 2619 3778 2692 Hieronymum

2187 2699 2327 2768 inter
2346 2715 2409 2756 ac
2436 2701 2705 2770 Bullinum
2736 2704 3032 2771 historiam,
3058 2708 3208 2778 cujus
3232 2710 3475 2766 laudatus
3503 2711 3650 2766 locus
3680 2715 3778 2768 iste

2184 2807 2285 2858 nos
2309 2805 2510 2862 monet.
2540 2796 2674 2854 Cum
2718 2796 2850 2864 duas
2890 2799 2943 2854 in
2973 2810 3170 2870 partes,
3219 2811 3274 2858 ut
3305 2805 3378 2869 lit,
3412 2803 3774 2862 Romanorum

2185 2885 2347 2952 animi
2376 2888 2652 2954 aluissent,
2680 2889 2891 2946 Ruflino
2918 2891 3121 2952 scilicet
3149 2893 3243 2948 alii
3265 2935 3280 2960 ,
3314 2894 3400 2950 alii
3446 2895 3775 2968 Hieronymo

2184 2977 2443 3046 faverent,
2474 2980 2688 3063 quidam
2708 2982 3046 3052 Apronianus
3069 2984 3425 3044 liotnanorum
3448 2986 3604 3056 longe
3624 2989 3776 3042 nobi-

2184 3070 2439 3148 lissimus,
2470 3073 2595 3127 olim
2627 3073 2823 3138 Rul‘liui
2849 3085 2902 3130 et
2950 3075 3188 3132 Melania:
3214 3092 3374 3147 opera
3407 3078 3472 3131 ab
3505 3078 3771 3132 ltloinrttm

2181 3164 2328 3236 cultu
2372 3164 2438 3224 ad
2467 3163 2664 3221 Christi
2709 3165 2866 3222 ﬁdem
2921 3169 3211 3236 traductus,
3256 3170 3444 3240 suique
3476 3171 3526 3225 in
3557 3170 3773 3225 Christo

2182 3259 2347 3332 patris
2371 3258 2810 3326 studiosissimus,
2841 3260 3117 3318 Versionis
3144 3272 3271 3336 utet
3303 3264 3551 3333 Epistula1
3587 3266 3774 3334 Πίονο-

2181 3351 2444 3428 nymiante
2473 3350 2833 3423 apographum
2860 3351 2926 3408 ad
2949 3368 3070 3408 eum
3098 3354 3391 3422 Aquileiam
3415 3355 3576 3421 misit,
3607 3367 3773 3426 utque

2181 3429 2276 3512 par
2311 3442 2533 3498 credere
2560 3451 2662 3508 est,
2694 3442 2758 3506 ad
2805 3443 3231 3518 respondendum
3263 3445 3550 3520 instigavit.
3599 3447 3772 3517 Causa

2179 3535 2453 3596 enimvero
2478 3529 2868 3606 discordiarum
2898 3539 3114 3598 istarum
3142 3539 3394 3608 niaxima,
3415 3540 3464 3594 in
3495 3541 3772 3610 partiarius

2180 3625 2452 3698 utriusque
2495 3626 2726 3696 nominis
2754 3635 2836 3684 est
2878 3615 3229 3706 refundenda,
3260 3630 3351 3702 qui
3395 3631 3518 3685 licet
3559 3635 3771 3703 egregie

2178 3717 2445 3782 catholici,
2475 3726 2526 3771 et
2548 3727 2726 3772 mente
2747 3719 2887 3776 bona
2907 3729 3067 3791 atque
3083 3721 3283 3794 annuo,
3312 3720 3437 3789 dum
3465 3723 3568 3784 sibi
3593 3731 3768 3779 tamen

2179 3808 2496 3882 otfcndicula
2526 3811 2926 3892 pertimescunt,
2957 3821 3010 3870 et
3039 3815 3204 3884 partis
3230 3814 3314 3876 cui
3357 3830 3551 3870 nomen
3607 3816 3770 3872 dede-

2177 3907 2315 3966 rant,
2331 3900 2506 3958 studio
2527 3901 2810 3972 ducuntur,
2830 3903 3090 3973 ejusmodi
3115 3905 3358 3962 ﬂammas
3373 3905 3766 3968 dissensionum

2177 3996 2529 4052 concitarunt.
2573 3996 2758 4062 Silere,
2788 3997 2956 4070 inquit
2990 3997 3234 4072 Bullinus
3255 4037 3270 4064 ,
3303 4009 3482 4054 contra
3505 4001 3766 4055 conscien-

2178 4087 2298 4150 tiam
2327 4089 2600 4157 criminati,
2624 4091 2828 4162 minime
2853 4092 3128 4161 potuimus,
3153 4108 3268 4158 cum
3289 4093 3448 4166 ipsius
3470 4111 3596 4162 pene
3619 4094 3770 4151 Fidei

2175 4194 2282 4256 sua:
2311 4181 2547 4240 nonnulli
2564 4184 2819 4254 jacturam
2843 4183 3075 4240 ducerent
3104 4185 3361 4244 silentium
3390 4198 3639 4252 nostrum.
3665 4191 3768 4244 Ac-

2175 4275 2342 4346 ceptis
2371 4274 2456 4330 hic
2477 4274 2654 4346 itaque
2681 4276 2984 4348 Hieronymi
3021 4278 3254 4350 scriptis,
3290 4294 3409 4349 quae
3436 4279 3489 4334 in
3519 4280 3601 4335 sui
3633 4297 3764 4354 con-

2177 4366 2448 4424 tumeliam
2477 4367 2582 4422 dici
2612 4367 2969 4435 existimabat,
3018 4367 3421 4438 haudquaquam
3453 4371 3764 4442 negligenda

2174 4465 2338 4523 ratus,
2388 4459 2622 4513 animum
2669 4459 2846 4528 statim
2899 4459 2966 4516 ad
3007 4460 3370 4528 reponendum
3405 4463 3627 4532 appulit.
3659 4462 3766 4536 Sed

2173 4559 2454 4620 antequam
2477 4550 2543 4606 de
2569 4551 2937 4622 Responsione
2957 4553 3073 4622 ejus
3098 4553 3240 4618 dico,
3263 4553 3364 4614 alia
3392 4570 3508 4630 qua:
3537 4571 3767 4625 princes-

2174 4651 2360 4696 scrunt
2388 4641 2438 4695 in
2471 4641 2708 4708 Oriente,
2745 4653 2902 4716 atque
2940 4642 3077 4701 banc
3107 4645 3338 4700 maxime
3379 4645 3596 4702 causam
3645 4663 3766 4720 spe-

2172 4739 2334 4799 ctant,
2365 4735 2674 4806 exponenda
2715 4745 2855 4792 sunt.

2243 4823 2574 4898 TheOphilus
2597 4827 2986 4890 Alexandrinus
3006 4828 3302 4902 Episc0pus
3314 4830 3475 4886 simul
3491 4839 3650 4904 atque
3674 4848 3762 4898 pa-

2173 4929 2289 4973 cem
2316 4917 2576 4988 Joannem
2603 4920 2742 4976 inter
2770 4929 2927 4992 atque
2954 4921 3334 4996 Hieronymum
3359 4924 3680 4988 conciliavit,
3709 4925 3760 4978 in

2172 5005 2474 5078 Origencm,
2504 5011 2588 5064 cui
2625 5009 2828 5080 pridem
2860 5011 3101 5081 impense
3127 5013 3347 5080 laverat,
3369 5022 3574 5069 mutato
3604 5014 3757 5070 dere-

2173 5111 2330 5169 pente
2359 5101 2556 5167 animo,
2591 5102 2739 5171 signa
2774 5104 3057 5157 convertit.
3091 5103 3154 5157 Et
3183 5113 3303 5173 post
3348 5120 3511 5174 pauca
3543 5107 3758 5178 quidem

2173 5193 2224 5247 in
2254 5209 2344 5264 eos
2369 5195 2560 5266 quibus
2581 5195 2774 5272 placita
2803 5195 3047 5266 Origenis
3083 5196 3414 5266 arridebant,
3448 5197 3582 5262 facta
3609 5216 3756 5270 qtae-

2169 5285 2290 5342 dam
2313 5287 2584 5343 acerbiora
2616 5295 2704 5342 aut
2733 5287 2894 5354 dicta,
2926 5287 3113 5357 eodem
3148 5289 3238 5343 illo
3260 5305 3401 5344 anno
3427 5290 3531 5345 599
3554 5291 3618 5345 ad
3648 5291 3758 5347 exi-

2171 5392 2280 5440 tum
2312 5391 2648 5456 pmperante,
2671 5390 2761 5436 aut
2785 5382 2829 5436 si
2855 5383 3018 5455 mavis
3041 5382 3189 5452 initio
3209 5384 3604 5454 subsequentis,
3642 5386 3759 5440 diro

2168 5477 2538 5549 Origcnianam
2569 5474 2863 5536 doctrinam
2901 5475 3120 5547 ejusque
3159 5477 3393 5532 asseclas
3416 5492 3604 5546 omnes
3634 5494 3760 5544 aua-

2168 5573 2400 5628 tbemate
2443 5569 2686 5639 perculit.
2719 5568 2847 5638 Ejus
2876 5568 3096 5642 synodi,
3132 5584 3432 5643 quanquam
3475 5579 3598 5649 tunc
3643 5570 3759 5625 nul-

2169 5667 2271 5722 lam
2299 5673 2482 5718 contra
2512 5661 2834 5732 Origenistas
2870 5661 3122 5725 habitam,
3176 5663 3364 5732 Pagius
3407 5664 3602 5733 aliique
3632 5681 3760 5730 con-
3796 5666 3799 5667 ⁷

2168 5756 2405 5821 tendant,
2441 5753 2746 5810 meminisse
2764 5755 2912 5812 visus
2940 5764 3019 5818 est
3047 5752 3202 5818 nobis
3232 5754 3463 5834 Prosper
3509 5757 3561 5826 in
3592 5756 3668 5818 Ch
3703 5773 3758 5836 o-

2167 5853 2288 5921 qieo
2341 5848 2636 5920 Imperiali,
2701 5848 2830 5917 ubi,
2879 5847 3176 5925 contentio,
3249 5849 3360 5916 ait,
3416 5869 3478 5918 er
3530 5839 3761 5926 doctrina
