2026 3169
120 157 170 190 l29

120 218 246 253 Origcnis,
257 217 393 254 Synodum
406 219 475 255 apud
488 216 667 249 Aleaandriam
678 223 768 258 coegit,
784 224 856 258 cuius
869 232 915 251 erc-

119 266 178 293 stitit
199 265 342 297 sententia,
364 270 392 292 ut
411 271 481 293 astra
506 266 646 295 Ecclesium
676 269 744 302 ﬁeret
766 270 916 305 quicumque

116 311 257 344 supradicti
279 311 326 338 viri
349 320 426 345 opera
449 312 612 347 probavisset.
639 314 697 341 Mox
721 314 793 342 dedit
815 315 857 343 ille
880 316 915 344 ad

118 356 215 390 [lupam
227 357 411 390 Anastasium,
421 358 466 393 qui
477 358 573 391 Sirioio
581 366 746 388 successerat
757 361 782 388 in
794 361 914 389 Romam

117 402 261 435 Satltedra,
274 403 434 438 Epistolam,
450 412 501 439 qua
512 405 655 441 Origenem
667 407 793 442 subjectis
805 408 854 435 sibi
870 416 913 443 po-

117 448 185 481 pulis
196 448 355 478 haereticum
376 449 558 483 denuntiasse,
572 452 749 486 signiﬁcabat,
764 459 845 489 utque
857 454 913 489 ipse

115 494 195 526 etiam
217 494 245 523 in
268 489 431 529 Occidentali
448 496 567 531 Ecclesia
588 498 736 532 damnaret,
751 499 861 534 ejusque
874 500 913 527 lo-

116 540 196 570 ctioni
221 540 340 575 Operam
352 541 538 577 interdiceret,
552 549 644 571 auctor
657 550 724 572 eral.
743 545 818 573 Dedit
832 546 912 574 etiam

117 587 246 620 ejusmodi
261 587 296 616 ad
310 588 501 625 Hieronymum
516 591 633 624 litteras,
649 592 745 626 quibus
759 601 865 628 nequam
889 597 912 620 at

115 632 223 666 furiosos
233 633 347 669 homines
360 636 473 666 heresim
488 635 604 673 Origenis
613 638 640 665 in
648 639 806 666 nionasteriis
818 638 913 666 Nitrite

114 677 222 710 {undare
244 680 372 715 cupientes
392 680 544 717 Rrophetica
563 684 629 717 falce
650 685 760 713 succisos
782 686 886 713 nuntiat
902 695 909 713 :

110 722 298 759 hortaturque,
315 730 344 754 ut
364 727 386 753 si
401 728 444 762 qui
458 728 501 755 alii
517 728 620 764 decepti
633 735 704 763 sunt,
721 731 778 765 ipse
793 733 911 767 congruis

114 768 305 803 Scripturarunt
325 773 482 808 sermonibus
506 775 626 805 emendet.
652 775 705 806 llas
732 777 788 812 ipse
808 778 910 807 litteras

114 813 207 844 Latine
221 815 414 852 interpretatus
426 823 467 852 est
481 820 510 848 S.
525 821 612 855 Pater,
629 829 688 857 qua;
706 830 846 852 numerum
859 824 909 852 ob-

113 862 198 893 tinent
219 864 246 891 in
261 864 419 894 recensione
434 870 524 894 nostra
539 866 693 895 LXXXVII.
709 868 806 903 quibus
818 873 844 897 et
858 869 910 898 Be-

114 914 239 944 sponsum
266 909 299 937 iis
318 918 378 945 qua:
398 911 605 947 subsequuntur,
631 913 740 948 faciens,
767 920 907 950 postquam

112 954 196 982 zelum
210 954 268 990 ejus
279 956 385 985 eximiis
397 956 518 994 laudibus
531 959 679 993 extulisset,
693 960 826 995 Equidem,
842 962 907 989 sub-

112 1000 158 1034 dit,
169 1009 246 1036 super
256 1002 336 1033 beare
344 1002 514 1039 (Origeniana
529 1005 630 1034 scilicet
639 1007 729 1041 causa)
744 1013 767 1035 et
775 1014 908 1042 antequam

111 1047 238 1080 κήδει-ει.
254 1050 289 1078 ad
302 1049 463 1078 Occidentem
476 1050 605 1086 Epistolas
620 1053 736 1081 miserant
749 1054 838 1090 (illam
851 1055 906 1083 uti-

112 1100 159 1127 que
174 1093 208 1121 ad
219 1092 418 1133 Banrmachium
431 1100 458 1125 et
471 1096 622 1134 Oceanum)
640 1107 671 1125 ex.
685 1105 755 1134 parte
779 1101 907 1128 heretico-

112 1145 163 1170 rum
173 1140 294 1175 strophas
304 1131 365 1168 mea
386 1142 479 1177 lingua!
496 1131 637 1171 hominibus
650 1131 774 1173 indicans.
793 1146 834 1173 Ea:
851 1147 906 1175 dis-

110 1185 254 1218 pensatione
279 1186 328 1217 Dei
347 1189 440 1222 factum
456 1193 526 1223 puto,
541 1194 568 1216 ut
583 1190 668 1217 eodem
683 1196 791 1226 tempore
803 1196 830 1223 tu
842 1200 906 1227 quo-

111 1238 153 1264 que
167 1231 202 1258 ad
211 1231 377 1261 Anastasium
393 1233 493 1268 Papam
506 1236 625 1267 scriberes
637 1258 643 1269 ,
662 1243 685 1265 et
708 1244 819 1266 nostram
844 1239 905 1267 dum

111 1276 219 1311 ignoras,
231 1279 382 1307 sententiam
392 1279 531 1308 roboraret.
547 1281 638 1309 Verum
646 1291 661 1310 a
669 1288 763 1311 tenunc
772 1286 903 1320 admoniti,

111 1322 185 1358 mgis
197 1323 314 1354 studium
323 1325 549 1360 accomodabimus,
562 1333 588 1355 ut
598 1328 639 1355 hic
650 1334 673 1355 et
683 1331 771 1364 procul
779 1331 904 1366 simplices

110 1367 136 1400 ab
159 1377 249 1400 errore
275 1377 430 1401 revocemur.
457 1372 514 1400 Sub
538 1374 617 1401 linem
633 1375 732 1409 subdit,
760 1376 904 1406 Vincentius

111 1412 253 1450 Presbyter,
272 1420 331 1445 ante
343 1416 455 1450 biduum,
471 1427 545 1454 quam
560 1420 625 1448 hanc
640 1421 781 1457 Epistulam
803 1424 899 1458 darem,

110 1460 137 1487 de
148 1459 216 1494 Urbe
231 1461 306 1494 venit,
322 1467 345 1489 et
368 1464 516 1499 suppliciter
530 1471 553 1493 te
566 1466 669 1500 salutat,
693 1469 827 1505 crebroque
848 1479 902 1499 ser-

109 1513 178 1542 mone
197 1507 362 1541 concelebrat,
388 1509 494 1541 Romani
514 1516 538 1539 et
560 1517 637 1540 totum
658 1522 719 1547 pene
733 1514 837 1543 Italiam
852 1517 902 1544 tuis

108 1557 159 1588 post
171 1552 302 1585 Christum
317 1554 438 1590 Epistolis
453 1557 595 1585 liberatam.
611 1559 668 1587 Jam
685 1561 773 1597 itaque
788 1563 900 1591 multum

109 1597 295 1633 lnlcrccsserat
321 1602 447 1636 temporis
465 1603 500 1631 ab
527 1604 570 1631 illa
591 1613 669 1640 quam
689 1607 722 1634 ad
751 1607 899 1638 Bontauum

108 1643 302 1674 Alexandrinus
319 1646 438 1675 Pontilex
462 1648 590 1678 dederat:
607 1656 634 1679 ut
657 1660 717 1680 cum
733 1658 820 1683 tamen
844 1656 901 1684 haec

108 1698 209 1730 quoque
229 1692 265 1720 sit
279 1692 433 1729 Hieronymi
455 1694 605 1730 Responsio
621 1697 688 1726 intra
704 1699 823 1734 ejusdem
847 1702 900 1730 ιω

109 1737 167 1764 anni
174 1740 304 1767 terminos
310 1740 570 1775 comprehendenda,
578 1743 620 1771 illa
629 1744 733 1778 quidem
742 1746 899 1780 bieme,haac

109 1790 169 1820 vero
181 1784 344 1816 adventante
355 1787 448 1820 saltem
462 1793 555 1816 aestate
568 1790 602 1818 sit
616 1792 726 1826 scripta.
740 1792 808 1826 Quid
819 1793 898 1829 igitur

109 1829 271 1864 intereadum
284 1832 318 1866 ab
330 1833 471 1865 Anastasio
484 1836 629 1869 praestitum
643 1838 687 1870 sit.
698 1837 843 1867 videamus.

143 1875 209 1912 Vill.
234 1877 361 1912 Acceptis
376 1878 517 1914 Theophili
540 1881 652 1915 litteris,
666 1883 753 1913 oblata
773 1889 836 1913 sunt
860 1885 898 1913 illi

110 1921 183 1951 etiam
200 1922 234 1950 ab
249 1922 366 1960 Eusebio
379 1924 566 1960 Cremonensi,
581 1933 670 1957 vetere
684 1929 729 1958 illo
744 1930 898 1967 Hieronymi

109 1969 200 2002 amico.
221 1970 339 2007 quaedam
363 1972 477 2006 capitula
494 1973 675 2008 blasphemiae,
696 1982 756 2010 quae
779 1976 836 2011 ipse
862 1984 898 2005 er.

109 2013 254 2050 ltuﬂiniana
274 2016 400 2046 librorum
419 2022 479 2054 Πιρι
504 2022 585 2055 Δρχῶν
610 2021 837 2057 interpretatione,
864 2024 897 2052 ad

109 2061 249 2094 creandum
258 2064 340 2097 magis
349 2065 484 2099 magisque
491 2066 655 2100 Origeniunm
662 2067 896 2105 doctrinmodiutn,

109 2114 291 2144 excerpserat.
303 2109 369 2138 Tum
381 2119 442 2139 vero
451 2120 559 2140 suarum
570 2115 682 2148 partium
696 2123 755 2144 esse
767 2117 899 2146 intellexit

107 2154 260 2184 Anastasius
273 2156 357 2189 statim
371 2159 474 2190 noxium
489 2166 616 2194 percutere
629 2168 714 2197 caput,
729 2168 751 2190 et
771 2163 898 2193 sibilantia

107 2199 191 2236 hydrte
208 2210 255 2230 ora
264 2211 428 2239 compescere.
444 2205 539 2234 Coacta
559 2207 655 2243 itaque,
673 2215 701 2237 ut
720 2217 767 2244 par
786 2211 897 2240 credere

106 2252 157 2280 εει,
172 2248 266 2277 Romae
279 2250 383 2285 synodo
398 2251 485 2287 (binos
501 2254 586 2286 enim,
608 2259 638 2282 ut
657 2255 685 2283 S.
709 2256 765 2284 Leo
788 2257 897 2293 Magnus

85 2301 87 2303 '
107 2297 225 2328 testatur,
239 2295 265 2322 in
275 2296 349 2327 antris
359 2297 478 2333 singulis,
488 2306 552 2327 vere
565 2300 757 2337 scilicetatque
769 2308 896 2333 autumno

106 2341 231 2369 celebrari
246 2342 431 2378 Episcoporum
454 2351 587 2375 conventus
610 2346 697 2383 [Epist
709 2348 722 2376 1
733 2349 761 2377 ll.
776 2359 833 2387 cap.
850 2351 894 2388 7],

104 2395 133 2415 ex
146 2389 327 2424 antiquiorum
343 2393 483 2427 praeceptis
496 2393 604 2422 Patrum
622 2387 683 2423 inus
697 2397 771 2432 erat)
786 2403 813 2425 et
825 2406 854 2426 re
869 2399 895 2426 in

106 2438 242 2469 utramque
256 2440 360 2471 partem
373 2443 476 2467 mature
489 2447 618 2475 perpensa
630 2462 637 2475 ,
661 2442 783 2477 Origenis
798 2445 896 2473 errori-

104 2482 147 2509 bus
162 2482 299 2515 htereseos
308 2488 397 2513 notam
412 2486 556 2521 impressit.
572 2488 674 2517 Passim
687 2490 721 2517 de
732 2490 782 2518 ista
795 2491 820 2519 in
833 2492 895 2520 Ori-

103 2535 192 2563 gcnem
207 2529 259 2563 lata
270 2535 350 2566 atque
361 2540 393 2560 ex
406 2532 513 2568 Synodo
521 2535 627 2570 quidem
641 2537 772 2564 sententia
781 2558 788 2571 ,
802 2546 896 2567 occur-

104 2579 159 2605 runt
172 2576 243 2611 apud
257 2577 367 2608 Veteres
379 2584 406 2607 et
419 2580 552 2615 praecipue
566 2581 756 2619 Hieronymum
772 2584 894 2613 testimo-

102 2620 150 2653 uia.
167 2621 327 2658 Quanquam,
343 2623 428 2660 inquit
442 2625 527 2661 Epist.
542 2626 631 2656 XCVII
649 2628 682 2656 ad
695 2629 894 2659 Pammachinm

102 2672 125 2702 et
141 2668 303 2703 Marcellam.
330 2671 421 2699 celebri
445 2682 558 2702 sermone
580 2676 711 2712 vulgatum
738 2678 780 2710 sit,
794 2677 894 2706 beatum

101 2722 193 2751 quoque
211 2715 312 2752 Papum
328 2719 490 2751 Anastasium
510 2722 596 2751 eodem
609 2724 714 2759 fervore,
735 2725 794 2759 quia
807 2726 895 2754 eodem

98 2762 183 2796 spiritu
192 2767 240 2797 est,
252 2764 378 2797 latitantes
388 2767 414 2795 in
427 2769 504 2802 foveis
516 2770 567 2797 suis
581 2771 710 2800 haereticos
720 2777 891 2808 persecutum.

98 2807 196 2844 ejusque
208 2810 300 2843 littera
313 2812 429 2847 doceant,
450 2816 596 2844 damnatum
609 2818 635 2845 in
652 2818 802 2855 Occidente,
826 2822 894 2857 quod

98 2853 121 2889 in
138 2855 242 2887 Oriente
252 2857 403 2889 danmatuut
415 2866 461 2889 ut.
478 2862 510 2890 Et
533 2863 580 2890 lib.
596 2864 617 2891 ll
629 2870 721 2894 contra
733 2853 870 2897 Bullinum
880 2890 889 2904 ,

100 2900 164 2938 Beati
179 2904 313 2941 Episcopi,
330 2906 480 2937 Anastasius
491 2912 514 2941 et
523 2908 680 2946 Theophilus
694 2919 717 2941 et
736 2915 857 2945 Venerius
867 2900 891 2946 cl

766 163 794 194 s.
816 166 1002 208 muttonis“
1024 169 1115 199 vm.

1713 191 1765 222 130

969 227 1140 262 Chromatius,
1157 234 1180 257 ct
1203 233 1282 260 oriutis
1304 239 1355 261 lant
1383 235 1502 274 Orientis,
1522 238 1596 277 quam
1622 244 1764 276 Occidentis

968 272 1156 302 Catholicorum
1171 276 1300 312 Synodus,
1316 281 1359 315 qui
1372 284 1429 316 pari
1446 272 1577 320 sententia,
1593 292 1651 323 quia
1672 295 1728 327 pari
1742 300 1764 321 rt

968 320 1066 354 spiritu,
1082 322 1154 349 illum
1169 324 1178 359 (
1187 325 1344 362 Origeucm)
1359 329 1503 359 hrcrctirum
1518 320 1763 375 denuntiari/popu-

971 365 998 375 ,εγ
1020 366 1040 375 ης
1211 371 1216 375 -
1318 374 1324 375 κ

1681 365 1686 374 ,
1702 365 1721 375 ν,
1743 365 1747 367 γ

968 365 1008 392 lis.
1020 366 1085 394 Tum
1103 368 1147 396 lib.
1163 369 1195 397 Ill
1211 371 1236 398 in
1247 374 1381 406 eumdem,
1397 376 1515 406 Sentisne
1530 389 1580 408 non
1592 384 1686 412 haerere
1700 387 1763 414 inter

966 421 993 439 se
1006 415 1184 444 mendacium?
1197 422 1219 445 et
1229 420 1297 453 quod
1310 421 1336 447 in
1350 423 1458 450 articulo
1473 429 1591 461 temporis
1606 431 1719 465 profuit,
1735 439 1762 460 ut

967 457 1153 495 Episcoporum
1167 466 1300 494 sententias
1307 467 1498 505 sublerfugercs,
1511 478 1596 508 patere
1603 477 1745 506 discussum
1752 504 1758 510 ,

967 505 1085 541 Denique
1099 513 1124 535 et
1138 508 1302 545 Theophilus
1323 513 1351 541 in
1374 514 1491 550 Epistola
1511 505 1547 546 ad
1561 522 1688 556 quosdam
1704 505 1760 551 litt):

966 551 1075 585 nachos,
1090 555 1167 588 cujus
1178 555 1354 592 fragmentum
1368 562 1469 595 profert
1479 551 1645 595 Justinianus
1659 570 1758 600 adjic-

965 604 1037 630 nam,
1051 599 1121 633 quod
1135 600 1228 629 Latine
1239 603 1274 630 ita
1285 610 1363 632 sonat
1378 615 1384 632 :
1399 607 1484 643 Igitur
1497 612 1632 640 anathema
1646 615 1756 643 dicentt's

959 642 989 668 in
1008 642 1141 679 Origcnem
1156 646 1267 683 aliosque
1279 642 1422 686 hereticos,
1434 656 1642 687 quemadmodum
1664 663 1758 695 factum

964 693 998 715 est
1016 698 1031 715 a
1053 691 1139 724 nobis,
1164 697 1187 719 et
1204 695 1234 720 ab
1254 695 1387 725 Anastasio
1412 706 1506 728 sanch
1519 702 1692 732 Romanorum
1710 708 1758 733 Et:-

962 736 1045 763 clcsiaa
1070 737 1255 775 Episcopo.....
1279 751 1352 777 quem
1375 750 1398 773 et
1419 749 1499 775 omnis
1520 749 1656 779 Beatorum
1687 753 1758 781 Orci-

962 781 1042 811 dcntis
1066 783 1249 821 Episcoporum
1273 790 1384 824 sequitur
1409 798 1503 828 cretus,
1527 796 1757 828 Alexandrinorum

963 825 1085 855 Ecclesia:
1111 833 1258 863 sententiam
1285 836 1406 865 adversus
1433 839 1538 875 impium
1574 843 1651 872 latam
1677 848 1756 874 susci-

961 880 1041 906 piens.

997 920 1048 948 Sed
1060 922 1125 950 nihil
1140 933 1216 961 atque
1231 927 1395 958 luculentum
1407 937 1488 968 atque
1499 935 1574 969 illud,
1586 940 1656 973 quod
1669 941 1747 969 nobis

962 967 1081 1000 proferre
1102 970 1127 996 in
1151 971 1237 1000 lucem
1253 982 1285 1002 ex
1301 967 1490 1012 antiquissimo
1506 982 1691 1013 Ambrosianti:
1707 986 1753 1014 Bi-

960 1011 1101 1042 bliotheca:
1124 1016 1173 1044 Ms.
1191 1019 1259 1047 libro
1279 1022 1475 1053 monimentum
1499 1033 1572 1056 sorte
1587 1030 1676 1058 datum
1700 1038 1752 1066 est,

959 1066 1012 1093 quo
1027 1060 1082 1095 ipsa
1096 1062 1124 1090 S.
1140 1064 1279 1095 Pontiﬁcis
1295 1068 1344 1096 hac
1357 1077 1439 1105 super
1455 1081 1484 1100 re
1500 1074 1618 1109 Epistola
1632 1060 1753 1107 contine:

961 1109 1013 1132 tur.
1030 1106 1107 1134 Dedit
1121 1110 1220 1144 quippe
1243 1112 1289 1140 ille
1304 1116 1395 1142 statim
1425 1106 1529 1146 litteras
1542 1121 1575 1148 ad
1600 1106 1752 1158 Simplicia-

959 1158 1022 1178 uum
1037 1152 1262 1185 Mcdiolanenscm
1278 1159 1452 1196 Episcopum,
1468 1164 1610 1201 Theophili
1628 1152 1746 1198 studium

958 1195 1078 1232 impense
1100 1200 1222 1235 laudans,
1240 1205 1351 1241 ejusque
1367 1215 1396 1236 se
1410 1210 1501 1238 litteris
1514 1220 1661 1242 conventum
1680 1217 1752 1246 refe-

958 1249 1030 1276 rens,
1052 1245 1076 1271 in
1100 1245 1288 1282 Origenianam
1314 1252 1438 1281 hmresim
1459 1257 1602 1286 anathema
1624 1269 1746 1295 pruriun-

958 1288 1037 1316 tiasse
1054 1291 1146 1326 incipit
1169 1302 1175 1319 :
1199 1294 1307 1324 Domino
1328 1298 1404 1334 fratri
1425 1288 1640 1334 SlMPLlClANl)

955 1333 1109 1365 STASIUS.
1142 1339 1269 1370 Grandem
1301 1345 1499 1376 sollicitudinem
1531 1356 1604 1387 atque
1626 1333 1749 1384 excubias

954 1389 1030 1415 super
1042 1392 1142 1419 gregem
1165 1395 1241 1415 suunt
1263 1395 1351 1424 pastor
1362 1392 1454 1421 habere
1473 1398 1666 1431 approbatur...
1681 1401 1748 1430 Pari

954 1429 1040 1457 animo
1053 1431 1092 1458 vir
1113 1439 1226 1467 sanctus,
1241 1441 1265 1463 et
1291 1438 1448 1469 honorabilis
1470 1429 1638 1480 Thie0pltilus,
1657 1448 1746 1482 frater,

954 1480 976 1501 ct
989 1477 1155 1513 coepiscopus
1166 1487 1251 1509 noster
1261 1485 1329 1512 circa
1339 1486 1430 1515 salutis
1440 1492 1574 1518 commoda
1589 1501 1639 1520 non
1653 1495 1745 1522 desiuit

953 1521 1065 1556 vigilare,
1085 1533 1115 1551 ne
1129 1525 1175 1553 Dei
1186 1530 1298 1564 populus
1312 1540 1358 1566 per
1372 1533 1484 1563 diversas
1502 1536 1637 1571 Ecclesius,
1655 1521 1746 1576 Origo;

952 1575 1008 1594 nent
1023 1568 1137 1605 legendo,
1146 1573 1171 1599 in
1179 1577 1588 1616 magnasincurratblasphemias.
1603 1584 1743 1615 Conventus

954 1612 1043 1643 litteris
1058 1620 1199 1655 memorati,
1216 1625 1336 1651 convenio
1350 1625 1519 1656 Sanctitatem
1533 1634 1601 1658 tuam
1611 1639 1621 1659 :
1631 1638 1658 1658 ut
1671 1633 1746 1662 sicuti

952 1669 998 1689 nos
1021 1663 1048 1690 in
1066 1663 1133 1692 Urbe
1148 1666 1230 1694 Roma
1242 1670 1326 1704 positi,
1344 1680 1419 1706 quam
1431 1673 1555 1711 Princeps
1564 1677 1745 1713 Apostolorum

952 1709 1050 1743 statuit,
1064 1715 1088 1737 et
1098 1712 1150 1745 ﬁde
1159 1721 1205 1740 sua
1217 1717 1377 1750 conﬁrmavit
1391 1720 1518 1754 gloriosus
1530 1722 1631 1757 Petrus,
1645 1733 1675 1751 ne
1687 1727 1745 1761 quis

951 1759 1039 1783 contra
1047 1764 1201 1794 prwceptum
1215 1762 1280 1797 legal
1293 1764 1347 1791 [nec
1356 1774 1413 1801 gate
1421 1766 1542 1801 diximus,
1557 1759 1744 1807 damnavimus,

953 1806 975 1827 et
989 1810 1047 1829 cum
1060 1807 1159 1841 magnis
1170 1808 1286 1842 precibus
1301 1812 1493 1847 postulavimus,
1509 1820 1536 1841 ut
1549 1815 1744 1851 Evangeliorum

951 1847 1076 1884 instituta,
1094 1856 1183 1880 <tc....
1201 1854 1287 1889 Igitur
1302 1856 1349 1884 hoc
1362 1865 1518 1893 prteccptum
1542 1867 1663 1895 tenentes,
1679 1864 1745 1891 illud

952 1894 1076 1929 quidquid
1088 1902 1124 1924 est
1139 1899 1200 1933 ﬁdei
1211 1906 1305 1928 nostra:
1316 1905 1483 1938 contrarium,
1496 1907 1527 1933 ab
1541 1894 1744 1943 Origenequon-

950 1941 1010 1968 dam
1020 1943 1152 1977 scriptum,
1166 1946 1336 1976 indicavimus
1349 1958 1365 1976 a
1380 1951 1452 1978 nobis
1466 1960 1520 1979 esse
1535 1953 1655 1988 alienant,
1671 1961 1745 1992 atque

951 1989 1078 2021 punitum.
1095 1989 1159 2017 Huic
1173 1992 1310 2020 Sanctitati
1321 2000 1371 2022 tute
1389 1997 1538 2032 scripsimus
1553 2007 1597 2034 per
1607 1999 1744 2028 Eusebium

950 2032 1132 2070 Presbyterum
1146 2038 1189 2071 qui
1204 2038 1314 2067 calorem
1327 2041 1388 2075 fidei
1401 2048 1511 2077 gestans,
1521 2050 1544 2071 et
1557 2053 1667 2073 amorem
1678 2047 1744 2074 circa

950 2079 1090 2109 Dominum
1104 2083 1208 2118 habens,
1226 2087 1344 2121 quietiam
1358 2089 1472 2124 capitula
1492 2090 1657 2127 blasphemia:
1670 2093 1744 2121 obtu-

950 2125 989 2160 lit,
1005 2136 1062 2163 qute
1086 2137 1133 2157 nos
1155 2138 1205 2158 non
1232 2132 1316 2160 solum
1341 2134 1494 2170 horruimus,
1519 2142 1542 2164 et
1560 2139 1742 2174 judicavimus,

949 2181 1034 2201 verum
1047 2180 1069 2202 et
1084 2176 1107 2203 si
1116 2185 1166 2211 qua
1178 2178 1229 2205 alia
1242 2185 1301 2206 sunt
1316 2180 1347 2207 ab
1365 2181 1473 2218 Origene
1487 2186 1613 2219 exposita,
1628 2195 1684 2213 cum
1697 2196 1743 2215 suo

949 2220 1058 2249 Auctore
1073 2224 1169 2258 pariter
1181 2234 1197 2251 a
1211 2226 1282 2253 nobis
1297 2228 1364 2255 scias
1385 2236 1438 2255 esse
1461 2229 1592 2257 damnata.
1615 2232 1742 2267 Epistolze

949 2269 1055 2302 tempus
1068 2276 1099 2295 ex
1111 2269 1169 2304 ipsa
1186 2271 1363 2306 inscriptione
1375 2273 1407 2301 ad
1419 2274 1622 2309 Simplicianum
1635 2278 1739 2314 colligi-

950 2315 1006 2346 tur,
1020 2315 1119 2349 quippe
1134 2323 1214 2350 quem
1234 2317 1372 2352 hujusmet
1385 2320 1448 2348 anni
1463 2321 1526 2356 400,
1553 2331 1647 2353 mense
1661 2325 1739 2359 Maio,

949 2359 990 2386 vel
1013 2359 1104 2394 iunio,
1126 2366 1155 2389 ut
1167 2370 1313 2398 summum,
1327 2365 1383 2400 jam
1399 2366 1470 2395 diem
1493 2369 1601 2404 abiisse,
1619 2374 1739 2402 certissi-

948 2406 1000 2433 mis
1014 2407 1184 2449 monimentis
1199 2414 1315 2438 constat.
1329 2411 1412 2447 Hujus
1427 2415 1520 2451 utique
1535 2417 1646 2448 alterius
1660 2429 1735 2451 men-

948 2450 986 2478 sis
1012 2453 1063 2479 sub
1081 2446 1168 2481 linem
1191 2456 1313 2485 scribens
1337 2446 1611 2493 Paulinus-Nolanus

947 2498 1001 2525 lam
1025 2498 1084 2526 XX.
1112 2502 1278 2530 successisse
1297 2503 1353 2539 jam
1380 2505 1522 2536 Cathedrzc
1546 2498 1740 2543 Mediolanonsi

952 2544 1106 2579 Venerium,
1119 2547 1218 2581 prodit,
1234 2549 1289 2582 ubi,
1303 2549 1503 2581 Mediolanonsis
1513 2563 1619 2591 quoque,
1632 2559 1665 2586 ait
1679 2559 1741 2595 Epi-

946 2600 1038 2627 scopus
1053 2593 1080 2621 Ν
1084 2593 1106 2621 0
1113 2594 1159 2622 VU
1162 2595 1193 2630 S,
1203 2596 1274 2631 ﬁlius
1285 2602 1364 2625 vester
1374 2599 1512 2636 hucusque,
1523 2611 1590 2631 nunc
1597 2605 1677 2639 frater
1691 2593 1740 2635 Vie-

947 2639 1032 2666 nerius
1038 2641 1095 2674 jam
1104 2641 1241 2676 scripserat
1250 2644 1321 2670 nobis
1330 2650 1385 2678 post
1392 2647 1577 2676 ordinationem
1588 2658 1670 2686 suam,
1680 2657 1733 2682 etc.

946 2685 1076 2721 Congruit
1089 2692 1115 2715 et
1129 2688 1318 2718 Cremonensis
1333 2691 1442 2721 Eusebii
1458 2694 1611 2732 Presbyteri
1624 2685 1736 2736 mentio,

947 2738 1025 2766 quam
1041 2733 1138 2769 ingerit
1153 2736 1318 2770 Anastasius,
1332 2742 1356 2765 et
1373 2747 1425 2774 quo
1439 2739 1586 2770 litterarum
1604 2733 1733 2779 portitore

947 2785 1012 2806 usus
1024 2784 1087 2807 est:
1106 2781 1176 2809 hunc
1188 2782 1259 2809 enim
1283 2790 1332 2818 per
1354 2784 1380 2811 id
1404 2793 1502 2822 nempe
1527 2790 1657 2823 temporis
1677 2791 1734 2820 Me.

946 2824 1082 2855 diolanum
1108 2829 1225 2862 venisse,
1243 2837 1302 2857 cum
1331 2829 1426 2860 inisset
1453 2833 1533 2860 etiam
1564 2840 1618 2863 tum
1642 2837 1735 2868 Romae

944 2872 1105 2908 diversalus,
1130 2883 1220 2902 rerum
1249 2875 1325 2915 ejus,
1349 2885 1415 2911 quas
1443 2878 1557 2907 subinde
1584 2882 1731 2921 attigimus,

944 2923 1029 2952 serie;
1049 2921 1191 2950 ςῑηιιὶῆςθι.
1208 2921 1275 2949 Tum
1299 2921 1364 2950 illud
1386 2922 1424 2950 ibi
1445 2924 1553 2953 videtur
1574 2930 1728 2968 contigisse,
