4052 6338
507 442 605 503 l3!

507 566 577 620 de
598 574 703 631 quo
726 551 974 614 Buffinus
1012 545 1108 603 lib.
1133 540 1175 597 l.
1204 544 1391 596 contra
1419 530 1801 631 Hieronymum
1826 520 2088 624 queritur,

510 608 673 713 illisi?»
714 608 927 705 scilicet
970 641 1039 696 ab
1069 634 1300 694 Eusebio
1329 624 1600 687 sententia
1644 617 1875 691 quadam
1928 608 2091 713 impia

513 747 743 805 seltedas
773 756 887 798 sua:
918 725 1381 803 interpretationis
1403 719 1754 776 adnlteratas.
1785 710 1975 776 Quum,
2006 705 2092 759 in-

510 800 959 916 quiin—hujnsmodi
986 800 1281 881 sententiam
1305 813 1446 887 apud
1469 808 1819 907 Mediolanum
1838 800 2090 863 recitaret,

512 895 621 991 it
633 895 713 985 lue
729 895 845 1000 qua
864 918 1114 993 exigebat,
1134 911 1273 987 falsa
1292 925 1398 964 esse
1422 905 1730 963 dicerentur,
1754 895 2096 962 interrogatus

516 1046 547 1081 a
563 1042 662 1096 qua
676 997 949 1090 accepisset
971 1007 1303 1080 exemplaria,
1317 997 1597 1071 respondit,
1615 1002 1900 1047 matronam
1917 998 2098 1056 quam-

518 1086 776 1173 diua-sibi
798 1086 1024 1167 dedisse.
1077 1102 1315 1170 Denique
1363 1108 1550 1166 parum
1597 1103 1717 1146 sese
1765 1086 2101 1157 promovisse

523 1225 669 1268 ratus
711 1204 1047 1265 Anastasius,
1073 1201 1126 1253 in
1173 1198 1345 1265 ipsum
1396 1203 1456 1244 se
1502 1182 1761 1242 tumultus
1815 1180 2099 1268 Auctorem

521 1264 794 1367 linflinum
846 1264 1039 1357 vertit,
1065 1305 1131 1344 ac
1168 1286 1396 1342 Romam
1440 1278 1509 1334 ad
1550 1288 1768 1332 causam
1820 1264 2103 1323 dicendam

520 1393 820 1451 accersivit.
846 1386 1030 1456 Neque
1049 1397 1172 1436 eum
1195 1388 1375 1433 tamen
1398 1385 1586 1434 unum,
1617 1365 1714 1423 sed
1741 1371 1797 1419 et
1822 1360 1958 1416 alios
1983 1370 2104 1456 om-

524 1448 742 1555 nesvper
768 1448 1002 1542 Italiam,
1022 1476 1113 1546 qui
1141 1469 1358 1542 Origeni
1387 1466 1647 1528 faverent,
1679 1457 1745 1514 ad
1774 1448 2106 1527 purgandum

526 1550 796 1637 barri-sees
824 1571 1187 1641 suSpicionem
1219 1561 1417 1631 saepius
1456 1557 1655 1613 accitos
1686 1592 1703 1618 ,
1746 1550 2110 1617 Hieronymus

530 1675 765 1732 indicat:
788 1678 844 1725 et
875 1637 1018 1721 laudi
1046 1659 1314 1717 Marcella:
1342 1653 1685 1720 tribuit,qua2
1711 1648 1764 1701 in
1793 1644 1846 1698 id
1876 1640 2004 1695 totis
2029 1637 2109 1693 vi-

530 1729 683 1824 ribus
701 1760 1051 1818 incubuisset.
1073 1746 1446 1809 Damnationis,
1473 1742 1645 1813 inquit
1666 1738 1836 1809 Epist.
1850 1729 2108 1789 CXXVII.

531 1859 879 1916 hereticorum
924 1854 1031 1904 lucc
1069 1847 1166 1920 fuit
1199 1839 1524 1913 principium,
1568 1834 1692 1888 dum
1730 1828 1942 1920 adducit
1967 1833 2114 1878 testes

532 1949 619 2021 qui
660 1950 805 2019 prius
833 1943 894 1996 ab
922 1941 994 1995 eis
1020 1918 1226 2001 eruditi,
1251 1943 1297 1988 et
1340 1939 1514 2000 postea
1540 1924 1602 1980 ab
1638 1920 1875 1978 heretico
1917 1918 2117 1988 fuerant

531 2013 700 2098 errore
717 2037 962 2098 correcti;
988 2033 1111 2086 dum
1126 2026 1342 2083 ostendit
1369 2018 1744 2076 multitudinem
1768 2013 2114 2079 deceptorum,

530 2135 654 2189 dum
700 2130 860 2199 impia
896 2135 1011 2196 Περὶ
1047 2130 1215 2194 Δρχῶν
1254 2116 1437 2189 ingerit
1484 2110 1765 2172 uolumina,
1793 2120 1906 2177 quae
1950 2117 2121 2157 emen-

534 2228 655 2282 data
704 2197 857 2277 manu
887 2216 1073 2286 scorpii
1099 2208 1369 2284 (Bullini)
1397 2203 1809 2261 monstrabantur
1834 2214 1855 2253 .'
1881 2197 2003 2251 dum
2030 2209 2121 2248 ac-

532 2322 618 2377 citi
642 2316 985 2392 frequentibus
1001 2309 1179 2366 litteris
1195 2303 1439 2368 Iueretici,
1455 2309 1510 2355 ut
1527 2315 1581 2354 se
1594 2294 1940 2370 defenderent,
1956 2288 2124 2367 uenire

536 2381 776 2471 non'sunt
803 2409 916 2464 ausi
940 2423 957 2461 :
986 2415 1224 2473 tantaque
1262 2400 1337 2453 vis
1385 2392 1706 2451 conscientia:
1735 2388 1854 2458 fuit,
1878 2394 1935 2440 ut
1958 2381 2123 2455 magis

541 2507 767 2561 absentes
792 2498 1050 2563 damnari,
1072 2510 1222 2567 quant
1245 2498 1515 2563 prwsentes
1543 2483 1753 2554 coargui
1777 2478 2070 2534 maluerint.

613 2599 704 2655 IX.
733 2598 864 2653 Cum
894 2594 997 2648 hac
1033 2589 1196 2659 igitur
1220 2584 1441 2640 duriore
1469 2581 1681 2634 fortuna
1712 2573 1968 2631 Rnflinus
1990 2584 2126 2625 con-

544 2692 869 2755 flictabatnr,
894 2700 1018 2741 cum
1039 2674 1424 2738 existimationi
1454 2688 1565 2727 sua:
1592 2667 1898 2730 consulere,
1917 2664 2129 2720 calamo

542 2798 594 2843 et
627 2781 847 2850 scriptis
874 2775 1210 2834 deliberavit.
1246 2770 1322 2825 Ac
1372 2766 1604 2837 primum
1647 2760 1906 2830 Epistula:
1936 2755 2129 2811 Hiero-

545 2848 812 2950 nymiana:
836 2871 904 2926 ad
952 2862 1374 2925 Pammachium,
1406 2852 1737 2923 reSpondere
1779 2848 2033 2909 instituit,
2061 2860 2131 2902 ex

547 2946 652 3042 qua
685 2974 887 3038 partem
919 2961 1181 3016 malorum
1233 2961 1422 3011 contra
1469 2964 1531 3004 se
1572 2946 1866 3003 maximam
1912 2954 2133 2996 manare

554 3033 840 3117 sentiebat.
871 3054 1008 3110 Sunt
1036 3050 1127 3120 qni
1175 3048 1278 3102 hoc
1305 3055 1624 3113 responsum
1655 3033 1997 3093 intercidisse
2031 3045 2133 3085 au-

548 3161 778 3216 tumant,
808 3146 984 3217 magni
1016 3144 1070 3199 in
1097 3156 1159 3198 re
1184 3137 1440 3194 litteraria
1469 3131 1703 3188 nominis
1726 3126 1855 3192 viri,
1889 3124 2132 3191 lluetius,

549 3245 790 3307 Caveus,
838 3216 998 3308 atque
1027 3235 1116 3290 alii
1152 3232 1462 3292 hodienum,
1489 3225 1578 3296 qui
1618 3223 1786 3278 libros
1834 3216 2134 3274 Invectiva-

559 3351 701 3402 rum,
732 3342 789 3388 ut
829 3330 987 3400 vulgo
1031 3324 1417 3386 inscribuntur,
1449 3319 1720 3373 diversum
1751 3312 1819 3367 ab
1862 3310 1955 3365 illo
2000 3322 2135 3378 opus

553 3398 883 3488 existimant,
915 3398 1074 3486 atque
1100 3414 1374 3487 Apologia:
1393 3406 1849 3480 Hieronymianm,
1871 3416 1976 3456 non
2011 3398 2136 3469 Epi-

555 3517 708 3575 stula:
746 3511 1053 3569 refellenda:
1079 3518 1281 3563 natum.
1309 3503 1414 3561 Sed
1445 3500 1690 3556 Ruflinns
1732 3496 1852 3552 illos
1883 3492 2139 3565 Epistulae

557 3611 658 3681 ipsi
686 3606 951 3680 opposuit,
984 3614 1041 3659 ut
1079 3617 1146 3658 ex
1174 3604 1421 3654 universo
1445 3590 1756 3663 scriptionis
1783 3595 2061 3650 contextu,
2092 3584 2137 3641 si

556 3703 741 3757 aliain
785 3714 902 3755 eam
945 3710 1058 3751 rem
1084 3693 1260 3749 desint
1287 3694 1618 3760 argumenta,
1646 3684 1989 3754 perSpicuum
2034 3684 2136 3734 est.

562 3795 642 3850 Ac
679 3792 779 3847 sibi
819 3788 1056 3859 quidem,
1101 3784 1196 3849 ait,
1228 3777 1586 3853 respondendi
1630 3791 1698 3831 ex
1744 3784 1895 3844 parte
1940 3772 2139 3841 justam

516 3930 531 3935 κ
565 3884 937 3945 necessitatem
983 3879 1206 3948 imponi,
1240 3874 1527 3945 siquidem,
1571 3870 1675 3925 nisi
1720 3868 2004 3935 impactum
2030 3864 2142 3934 jam

563 3978 633 4034 ab
655 3993 715 4034 se
754 3983 935 4030 notam
962 3973 1232 4026 ltmreseos
1256 3966 1572 4037 depelleret,
1602 3961 1755 4016 fama:
1779 3959 1918 4030 apud
1947 3957 2145 4013 multos

567 4071 978 4144 periclitaretur.
1029 4066 1213 4120 Priorc
1257 4062 1438 4131 itaque
1487 4057 1623 4112 libro
1673 4054 1764 4125 (in
1818 4053 1954 4108 duos
2000 4050 2144 4104 enim

567 4142 880 4234 spongiam
911 4161 1048 4213 lianc
1070 4172 1241 4223 suam,
1265 4154 1380 4211 sive
1406 4160 1463 4206 ut
1479 4150 1669 4205 odioso
1691 4148 1907 4202 nomine
1928 4142 2147 4199 inscribi

564 4241 770 4320 solent,
805 4252 1107 4315 Invectioas,
1137 4246 1353 4316 tribuit)
1388 4254 1532 4300 totus
1576 4242 1747 4297 ferme
1776 4247 1861 4294 est
1903 4238 1956 4293 in
1987 4236 2147 4291 refel-

571 4347 749 4404 lendis
772 4345 839 4402 de
867 4342 1000 4399 Fide
1039 4334 1528 4400 criminationibus,
1573 4346 1833 4402 suumque
1862 4329 2055 4399 dogma
2081 4326 2150 4383 de

570 4440 850 4503 Trinitate,
880 4429 1274 4493 lncarnatione,
1305 4426 1749 4487 Resurrectione,
1780 4420 2016 4476 secundo
2036 4418 2150 4475 Ad-

573 4544 756 4601 ventu,
789 4542 845 4589 et
888 4530 1064 4584 futuro
1100 4522 1311 4581 iudicio
1343 4518 1658 4581 Salvatoris,
1691 4515 1745 4570 in
1775 4513 1971 4584 quibus
2010 4527 2150 4582 prae-

575 4629 763 4684 sertim
793 4625 862 4680 de
896 4621 1233 4691 Origeniante
1260 4614 1543 4673 sententiae
1572 4608 1894 4681 prmjndiciis
1930 4620 2152 4662 accusa-

578 4723 757 4785 batur,
788 4732 950 4772 unum
983 4715 1231 4782 idemque
1262 4711 1417 4781 plane
1446 4722 1567 4764 esse
1605 4719 1728 4760 cum
1772 4702 2021 4772 dogmate
2046 4697 2153 4753 Ca-

574 4815 784 4871 tholica:
812 4807 1090 4872 Ecclesiae,
1122 4805 1375 4860 ostendit.
1402 4802 1540 4858 Tum
1577 4798 1710 4854 niltil
1759 4796 1865 4853 sibi
1910 4809 2052 4849 cura:
2082 4793 2158 4846 ait

576 4922 696 4963 esse
725 4904 794 4959 de
824 4901 1080 4969 Origene,
1114 4898 1217 4952 sive
1241 4896 1375 4951 enim
1404 4903 1505 4948 stat
1548 4890 1689 4962 apud
1719 4888 1901 4952 Deum,
1942 4887 2046 4941 sive
2074 4884 2155 4938 la-

576 5014 695 5071 psus
721 5006 815 5061 est,
846 4993 955 5061 ipse
980 4990 1177 5045 uiderit.
1208 4987 1533 5043 Adoruatam
1563 4983 1661 5038 abs
1703 4996 1763 5035 se
1790 4992 1964 5035 tamen
1998 4979 2159 5032 libro-

585 5105 701 5144 rum
747 5090 864 5155 ejus
902 5089 1016 5155 Περὶ
1059 5089 1252 5153 Αρχῶν,
1302 5076 1797 5147 interpretationem
1842 5071 2156 5136 rationibus,

578 5192 738 5248 atque
782 5174 1116 5249 argumentis
1162 5185 1291 5227 sane
1343 5183 1453 5223 non
1501 5164 1909 5221 contemnendis
1957 5172 2155 5219 tuetur.

585 5269 752 5324 Valde
781 5280 962 5322 autem
989 5264 1059 5320 de
1088 5263 1154 5319 iis
1205 5260 1469 5330 queritur,
1502 5257 1593 5329 qui
1650 5254 1877 5311 scliedas
1924 5270 2050 5310 snas
2080 5255 2161 5309 in-

579 5361 914 5425 emendatas,
938 5359 1183 5426 furtoque
1210 5361 1459 5425 acceptas
1503 5348 1746 5423 proferre
1788 5348 1841 5403 in
1886 5347 2158 5417 publicum

584 5455 727 5511 malo
756 5452 939 5523 utique
982 5450 1162 5505 animo
1200 5446 1319 5502 ausi
1347 5454 1491 5511 sunt,
1523 5452 1569 5499 et
1597 5458 1698 5497 non
1725 5440 1890 5495 solum
1930 5455 2161 5509 perversa

579 5546 931 5620 intelligentia,
948 5558 1116 5599 verum
1132 5540 1283 5595 etiam
1303 5537 1565 5592 verborum
1589 5534 1842 5590 adulterio
1861 5533 2028 5586 conati
2047 5543 2163 5588 sunt

582 5642 851 5713 infamare.
887 5636 1074 5692 Altero
1098 5632 1233 5688 libro
1259 5630 1643 5702 Hieronymum
1682 5625 1950 5699 praecipue
1994 5625 2162 5698 impe-

584 5734 665 5798 tit,
696 5742 1091 5799 censuramque
1140 5724 1403 5779 immitem
1452 5723 1504 5777 in
1554 5720 1671 5793 ejus
1711 5731 1861 5793 gesta
1914 5719 2163 5792 dictaque

584 5824 786 5891 omnia,
825 5821 1059 5878 maxime
1096 5832 1227 5874 vero
1271 5818 1325 5873 in
1365 5813 1795 5872 Commentarios
1843 5813 1959 5884 ejus
2002 5829 2163 5885 super

583 5919 851 5999 Epistolas
896 5916 1042 5979 Pauli
1086 5920 1324 5976 exercet.
1373 5911 1537 5973 Nobis
1587 5911 1701 5973 bccc
1746 5914 1992 5989 persequi
2056 5927 2160 5971 non

1806 398 1867 463 S.
1908 392 2286 458 HIERONYMI
2322 391 2509 452 VlTA.

3672 384 3783 449 152

2194 522 2366 568 vacat.
2401 513 2585 571 Sistus
2612 512 2870 573 Senensis
2894 504 3244 574 BibliOtbeca:
3271 529 3384 572 sum
3406 514 3528 573 Lib.
3556 514 3643 572 Vl.
3671 516 3788 572 siu-

2195 608 2348 679 gnlas
2375 607 2583 664 Rnftlni
2614 610 2988 667 accusationes
3016 610 3123 681 (Ad
3141 619 3248 665 not.
3276 610 3405 666 287.
3432 621 3479 664 et
3503 608 3634 682 seq.)
3661 609 3787 667 dili-

2196 709 2388 770 genter
2411 701 2701 771 excerpsit,
2733 716 2963 774 cumque
2991 701 3305 774 Hieronymi
3336 700 3787 771 responsionibus

2199 793 2531 863 comparavit
2561 810 2578 849 :
2609 809 2769 865 quem
2795 795 3157 861 consuluisse,
3187 810 3370 865 opera:
3398 795 3631 865 pretium
3658 794 3786 852 erit.

2272 885 2341 943 Χ.
2375 885 2523 943 Hanc
2548 897 2731 944 autem
2758 887 3008 946 Ruflinus
3036 888 3352 960 Apologiam
3382 904 3491 944 non
3515 904 3579 945 ea
3608 898 3792 945 mente

2201 979 2419 1048 scripsit
2437 1020 2453 1043 ,
2483 988 2540 1033 ut
2564 979 2649 1035 vel
2677 978 2746 1034 ad
2773 978 3158 1053 Hieronymum
3191 982 3365 1051 ipsum
3408 982 3673 1047 mitteret,
3703 979 3792 1037 vel

2202 1071 2385 1129 facere
2429 1073 2630 1143 publici
2652 1072 2791 1144 juris
2820 1074 3008 1141 vellet,
3039 1075 3135 1130 sed
3168 1084 3228 1129 ut
3271 1076 3461 1130 amicis
3507 1075 3789 1142 Romanis,

2204 1174 2367 1236 atque
2397 1166 2711 1236 Aproniano
2738 1180 2860 1221 cum
2893 1167 3102 1236 primis,
3133 1166 3219 1221 cui
3248 1167 3393 1221 illam
3417 1166 3792 1236 inscripserat,

2207 1258 2657 1325 communicaret,
2690 1268 3052 1329 purgaretque
3080 1257 3220 1328 apud
3262 1258 3406 1325 ipsos
3432 1258 3796 1329 suspicionem

2209 1350 2503 1416 haereseos,
2535 1350 2676 1421 apud
2703 1364 2841 1421 quos
2887 1350 3026 1409 bene
3054 1349 3262 1414 audire,
3290 1364 3387 1403 sua
3430 1352 3665 1404 maxime
3711 1349 3793 1403 in-

2213 1456 2434 1505 tererat.
2458 1447 2680 1503 Factum
2707 1461 2919 1516 quoque
2947 1461 3012 1500 ex
3044 1446 3297 1499 Auctoris
3325 1455 3471 1507 v0to,
3507 1451 3565 1498 ut
3596 1459 3798 1513 nequa-

2213 1556 2374 1609 quam
2406 1540 2457 1594 in
2489 1541 2679 1611 vulgus
2718 1548 3085 1610 spargeretur,
3117 1538 3210 1591 sed
3238 1553 3328 1608 per
3355 1537 3593 1608 angulos,
3629 1547 3688 1591 ut
3728 1537 3802 1592 ait

2215 1632 2592 1705 Hieronymus,
2623 1642 2678 1688 et
2701 1632 2845 1687 inter
2872 1631 2991 1702 ejus
3019 1631 3265 1702 gregales
3300 1632 3533 1685 nominis
3565 1642 3800 1685 tantum-

2216 1724 2379 1780 modo
2400 1726 2689 1795 legeretur.
2717 1723 2872 1791 Quod
2899 1723 2988 1778 hic
3012 1724 3229 1792 quidem
3275 1723 3401 1777 dolo
3432 1723 3629 1777 factum
3662 1723 3803 1779 malo

2218 1817 2621 1886 interpretatur,
2646 1831 2753 1887 quo
2782 1830 2977 1886 nempe
3003 1815 3313 1883 simplicium
3344 1815 3652 1870 credulitati
3685 1816 3806 1871 illu-

2220 1908 2436 1973 derent,
2466 1908 2675 1977 sibique
2719 1923 2815 1977 pro
2844 1920 2905 1962 se
2953 1906 3315 1979 respondendi
3362 1907 3666 1963 facultatem
3701 1923 3800 1962 au-

2220 1998 2443 2054 ferrent.
2491 1998 2690 2054 Buflini
2730 2008 2908 2055 autem
2961 2000 3174 2054 animus
3201 1997 3326 2065 fuit,
3376 1996 3518 2069 quod
3569 2016 3635 2056 ex
3692 2001 3807 2072 ipso

2222 2100 2409 2148 contra
2441 2106 2563 2147 eum
2608 2091 2748 2146 libro
2770 2091 2951 2146 Sancti
2981 2090 3153 2145 Patris
3203 2089 3290 2145 lll.
3325 2091 3613 2163 colligitur,
3645 2102 3701 2147 ut
3738 2092 3805 2148 ad

2222 2200 2318 2241 eos
2347 2194 2545 2239 tantum
2594 2185 2923 2247 mitteretur,
2965 2183 3058 2254 qui
3108 2184 3421 2257 Hieronymi
3470 2186 3652 2242 verbis
3701 2186 3809 2241 laesi

2224 2281 2450 2350 fuerant,
2481 2287 2530 2331 et
2556 2293 2660 2332 non
2687 2277 2757 2331 ad
2794 2277 2989 2347 plures.
3021 2276 3087 2332 Et
3116 2291 3248 2333 sane
3276 2279 3411 2333 alios
3437 2278 3527 2334 diu
3554 2279 3810 2334 multum-

2225 2384 2331 2441 que
2374 2369 2549 2436 latuit,
2573 2369 2786 2424 scriniis
2829 2369 3126 2424 amicorum
3169 2369 3474 2438 observata,
3516 2381 3574 2426 ut
3606 2379 3808 2426 tantum

2227 2461 2477 2518 inaudire
2532 2462 2796 2532 praecipua
2847 2461 3092 2532 quaedam
3120 2462 3237 2529 ejus
3266 2462 3462 2532 capita,
3494 2478 3666 2534 caque
3693 2477 3812 2518 cor-

2226 2569 2350 2612 rosa
2386 2554 2510 2610 hinc
2549 2555 2673 2611 inde
2695 2556 2906 2609 mittere
2944 2554 3284 2624 postmodum
3322 2555 3388 2609 ad
3426 2556 3809 2627 Hieronymum

2229 2648 2608 2704 Pammachius
2653 2657 2708 2702 et
2737 2646 2984 2703 Marcella
3010 2647 3301 2718 potuerint.
3338 2647 3470 2716 Quae
3508 2663 3666 2704 causa
3710 2657 3810 2716 est,

2229 2753 2329 2795 cur
2349 2749 2470 2809 post
2501 2749 2611 2795 tres
2641 2738 2813 2795 ferme
2855 2754 3027 2795 annos
3069 2754 3191 2794 cum
3233 2739 3449 2795 demum
3504 2742 3710 2811 integra
3749 2741 3813 2797 ad

2232 2834 2351 2904 ejus
2377 2848 2570 2889 manus
2597 2834 2925 2900 devenisset,
2954 2832 3228 2889 Bullinum
3278 2832 3477 2889 dixerit
3518 2834 3733 2899 Noster,
3762 2835 3813 2890 in

2233 2942 2296 2982 ea
2326 2926 2650 2983 elaboranda
2689 2926 2959 2980 triennium
3003 2924 3294 2981 desudasse
3344 2924 3482 2997 (Lib.
3512 2925 3632 2979 III.
3675 2938 3810 2982 cont.

2235 3021 2418 3093 Ruf.).
2453 3021 2627 3077 Locus
2657 3021 2748 3077 ille
2776 3020 3158 3077 eruditissimis
3195 3016 3327 3075 viris
3366 3019 3537 3075 fraudi
3569 3020 3695 3074 olim
3725 3021 3820 3077 fttit

2236 3124 2292 3172 et
2322 3128 2465 3169 nunc
2511 3122 2612 3178 est,
2643 3114 2733 3184 qui
2764 3128 2892 3169 vere
2931 3112 3223 3168 triennium
3271 3111 3659 3168 elucubrationi
3710 3129 3819 3169 sua:

2237 3212 2313 3267 illi
2337 3214 2637 3282 impensum
2660 3212 2728 3267 ab
2750 3210 3272 3270 Huflinoautumant.
3292 3224 3412 3265 cum
3430 3208 3498 3263 ab
3523 3208 3622 3265 liae
3645 3217 3821 3265 tamen

2237 3318 2419 3361 rerum
2471 3304 2588 3375 ejus
2637 3304 2778 3360 serie
2824 3319 2982 3374 quam
3031 3303 3414 3365 edissc-rimus,
3467 3302 3629 3359 fuisse
3677 3303 3819 3359 illam

2238 3408 2470 3465 constet,
2499 3398 2682 3469 paucis
2713 3398 2983 3469 liujusmet
3011 3397 3134 3452 anni
3163 3394 3289 3452 400.
3319 3397 3542 3466 ejusque
3569 3397 3634 3451 ad
3663 3396 3821 3453 linem
3888 3408 3891 3415 ‘

2238 3492 2532 3561 vergentis,
2562 3491 2752 3545 diebus
2779 3499 3009 3560 emptam
3031 3498 3191 3559 atque
3219 3488 3538 3545 absolutam.

2313 3583 2418 3638 Sed
2476 3593 2531 3638 ut
2581 3584 2771 3637 amicis
2816 3581 3073 3636 Romanis
3133 3581 3419 3653 Presbyter
3469 3581 3826 3652 Aquileiensis

2243 3676 2469 3731 multum
2501 3675 2793 3745 scriptione
2821 3674 2907 3728 illa
2947 3689 3042 3729 sua
3085 3688 3144 3728 se
3185 3673 3446 3744 probarit,
3492 3674 3827 3732 satisfacien-

2243 3767 2370 3824 dum
2402 3768 2577 3823 adlntc
2599 3775 2718 3823 erat
2745 3767 3032 3821 Anastasio
3062 3766 3328 3832 Pontifici,
3357 3781 3385 3821 a
3414 3782 3520 3837 quo
3546 3767 3740 3833 fuerat,
3771 3777 3829 3825 ut

2244 3861 2407 3918 modo
2430 3861 2662 3916 vidimus
2686 3901 2702 3925 ,
2736 3861 2960 3916 Romam
3002 3860 3070 3915 ad
3113 3876 3328 3917 causam
3367 3859 3648 3917 dicendam
3690 3863 3831 3919 acci-

2247 3964 2352 4010 tus.
2382 3953 2585 4008 Eodem
2617 3953 2798 4023 itaque
2828 3962 3071 4023 tempore
3100 3953 3397 4008 breviorem
3442 3953 3599 4009 aliam
3634 3956 3833 4026 Apolo-

2245 4051 2384 4120 giam
2414 4047 2478 4102 ad
2504 4063 2626 4102 eum
2657 4062 2753 4117 pro
2786 4047 2886 4102 fide
2915 4061 3009 4102 sua
3040 4045 3201 4107 misit.
3231 4046 3295 4099 ad
3326 4046 3730 4102 detrectandam
3767 4064 3832 4105 eo

2250 4138 2633 4211 perfectionem
2662 4182 2675 4202 ,
2729 4137 2813 4192 bis
2860 4152 2986 4191 usus
3029 4137 3469 4192 exettsationibus
3498 4157 3509 4193 :
3541 4138 3829 4208 Quoniam,

2250 4235 2442 4304 inquit,
2469 4232 2576 4304 ipse
2603 4240 2714 4303 post
2742 4230 2947 4302 triginta
2968 4233 3073 4303 fere
3096 4246 3257 4287 annos
3284 4232 3576 4300 parentibus
3606 4234 3835 4288 redditus

2251 4342 2387 4391 sum,
2412 4335 2457 4380 et
2484 4326 2668 4379 durum
2694 4324 2819 4379 satis
2848 4331 2996 4394 atque
3021 4322 3353 4377 inhumanum
3382 4333 3508 4388 erat,
3538 4325 3582 4378 si
3609 4332 3713 4378 tant
3740 4326 3837 4380 rita

2253 4418 2528 4473 desererent
2555 4434 2659 4485 eos,
2691 4433 2815 4488 quos
2840 4426 2942 4470 tam
2967 4417 3111 4471 tarde
3133 4418 3402 4472 reviset-ant
3430 4434 3449 4472 :
3474 4416 3625 4472 simul
3650 4427 3699 4473 et
3722 4418 3839 4490 quia

2254 4521 2358 4567 tam
2404 4508 2543 4599 longi
2568 4512 2762 4566 itineris
2792 4510 2935 4563 labor
2959 4509 3271 4581 fragiliorem
3318 4525 3397 4563 me
3434 4509 3603 4563 reddit
3641 4509 3710 4563 ad
3752 4511 3840 4564 ite-

2254 4606 2445 4662 randos
2472 4589 2687 4660 labores.
2725 4602 2958 4658 Omnino
2984 4614 3163 4655 autem
3197 4600 3334 4656 Itane
3363 4615 3423 4655 se
3446 4601 3685 4657 scribere
3717 4617 3840 4671 pro-
3860 4589 3874 4602 ’

2260 4699 2460 4761 litetur,
2509 4705 2565 4750 ut
2592 4695 2879 4750 conflatam
2926 4693 3025 4748 sibi
3058 4694 3126 4748 ab
3165 4694 3375 4751 aemulis
3419 4694 3558 4764 apud
3607 4695 3839 4750 eundem

2260 4789 2513 4843 invidiam
2531 4787 2732 4852 diluat;
2761 4803 2884 4850 non,
2915 4795 2968 4841 ut
2997 4784 3089 4852 ait,
3114 4785 3178 4839 de
3195 4796 3371 4840 sancta
3402 4797 3564 4841 mente
3591 4797 3696 4847 tua,
3732 4802 3841 4857 qua

2260 4880 2392 4936 velut
2420 4879 2676 4952 quoddam
2710 4877 2802 4931 Dei
2837 4877 3118 4932 sacrarium
3144 4876 3339 4946 aliquid
3366 4878 3593 4946 iniquum
3633 4896 3734 4933 non
3764 4895 3844 4934 re-

2261 4974 2405 5043 cipit,
2439 4971 2691 5026 maculam
2717 4968 3018 5038 suspicio'nis
3035 4969 3389 5039 abstergerem.
3425 4969 3620 5040 Pnrgat
3652 4970 3845 5028 deinde

2260 5080 2321 5123 se
2353 5065 2473 5121 lidci
2502 5081 2615 5120 sua:
2644 5063 2979 5133 expositione
3010 5061 3060 5115 in
3092 5061 3194 5126 bis,
3227 5076 3347 5131 qua:
3373 5063 3591 5133 Origeni
3633 5072 3691 5119 ut
3732 5066 3845 5120 Au-

2262 5161 2419 5230 ctori,
2450 5162 2659 5231 sibique
2682 5168 2742 5214 ut
2784 5156 3084 5225 interpreti,
3129 5156 3381 5211 ineretica
3408 5156 3657 5228 dogmata
3705 5159 3847 5229 obji-

2261 5258 2563 5324 ciebantur,
2596 5257 2670 5312 De
2708 5253 2972 5309 Trinitate
3000 5250 3187 5316 Verbi,
3220 5250 3611 5313 lncarnatione,
3651 5253 3851 5308 Resur-

2262 5349 2502 5406 rcctione
2517 5347 2715 5414 carnis,
2741 5346 2995 5400 Extremo
3009 5342 3241 5411 Judicio,
3269 5343 3476 5397 Diaboli
3502 5341 3852 5399 damnatione

2264 5455 2483 5512 aeterna,
2511 5443 2743 5513 denique
2759 5439 3062 5495 animarum
3091 5439 3320 5510 origine.
3353 5438 3488 5493 Tum
3510 5437 3654 5509 quod
3682 5437 3853 5493 ferme

2265 5540 2342 5595 rei
2370 5547 2532 5609 caput
2551 5546 2686 5600 erat,
2714 5548 2866 5589 suam
2891 5546 3153 5589 excusans
3173 5531 3427 5586 librorum
3451 5538 3564 5599 Περὶ
3585 5536 3743 5601 Apso»
3766 5529 3854 5583 in-

2267 5631 2722 5702 terpretationem,
2750 5625 3003 5698 Origenis,
3026 5626 3120 5690 ait,
3152 5638 3244 5693 ego
3264 5639 3423 5693 neque
3450 5624 3690 5696 defensor
3717 5639 3851 5690 sum,

2267 5740 2424 5797 neque
2465 5731 2702 5785 assertor,
2754 5735 2914 5790 neque
2940 5719 3130 5789 printus
3169 5716 3437 5787 interpres.
3486 5717 3590 5771 Alii
3620 5726 3739 5771 ante
3778 5732 3856 5772 nte

2268 5821 2362 5874 hoc
2400 5817 2532 5872 idem
2572 5830 2698 5886 opus
2728 5815 2950 5886 fecerunt
2975 5827 2995 5867 :
3021 5810 3116 5880 feci
3139 5817 3188 5865 et
3225 5825 3317 5878 ego
3335 5817 3619 5881 postremus
3644 5817 3859 5880 rogatus

2267 5930 2299 5968 a
2323 5909 2577 5967 fratribus.
2607 5907 2669 5967 Si
2708 5905 2929 5975 iubetur,
2972 5918 3035 5959 ne
3074 5903 3197 5977 ﬁat,
3228 5901 3396 5979 jussio
3434 5900 3692 5960 obscrrari
3730 5900 3859 5969 salu
