4052 6338
246 325 349 386 135

245 438 340 509 (al.
376 434 545 506 debu)
572 433 628 490 in
657 441 934 505 posterum.
982 427 1044 486 Si
1071 425 1361 496 culpantur,
1388 427 1475 496 qui
1500 436 1616 481 ante
1630 427 1827 497 jussio—

211 551 216 556 '
245 547 357 586 nent
383 531 638 600 fecerunt,
671 525 822 597 culpa
842 541 874 578 a
895 522 1070 595 primis
1089 521 1321 592 incipiat.
1349 517 1462 591 Ego
1487 518 1620 572 enim
1649 525 1831 586 pra'ter

249 622 375 676 hanc
403 619 582 690 ﬁdem,
612 633 767 688 quam
803 629 958 684 supra
982 612 1213 682 exposui,
1239 611 1292 665 id
1317 621 1390 664 est
1416 625 1566 679 quam
1596 606 1830 660 Romana

252 710 478 769 Ecclesia
507 717 553 763 ct
583 705 956 771 Alexandrina,
1003 712 1052 758 et
1097 700 1433 773 Aquileiensis
1473 708 1645 753 nostra
1675 704 1828 762 tenet,

250 820 454 878 quisque
479 799 818 870 Jerosolymis
847 795 1170 866 praedicatur,
1218 794 1375 846 aliam
1419 807 1510 845 nec
1545 787 1696 843 habui
1737 804 1834 841 un-

249 911 420 971 quam,
451 909 544 948 nec
587 891 747 946 habeo
774 891 827 944 in
867 886 1057 945 Christi
1084 886 1306 950 nomine,
1347 899 1438 937 nec
1463 881 1670 936 habebo.
1702 879 1834 934 Ter-

252 993 355 1045 tius
382 984 788 1059 qundmimodo
816 983 903 1038 hic
927 984 1044 1052 ejus
1073 988 1158 1036 est
1189 977 1464 1049 Apologim
1491 976 1645 1040 liber,
1675 987 1834 1044 quem

250 1091 394 1137 certe
438 1095 543 1134 una
587 1094 711 1132 cum
751 1075 959 1131 duobus
1014 1073 1136 1128 aliis
1184 1071 1471 1126 adversum
1522 1083 1581 1123 se
1619 1065 1835 1136 scriptis

250 1172 584 1243 computavit
613 1170 997 1241 Hieronymus,
1030 1181 1152 1222 cum
1179 1163 1364 1220 TRES
1391 1171 1568 1217 contra
1599 1177 1655 1216 se
1679 1160 1836 1215 libros

252 1275 509 1319 uenustate
530 1261 922 1317 Atticateantisse
950 1256 1244 1321 llul'ﬁnum,
1271 1256 1443 1326 primo
1467 1263 1653 1310 contra
1681 1267 1837 1309 eum-

197 1382 217 1431 κ
251 1356 370 1412 dem
399 1356 538 1410 libro
567 1358 669 1409 sub
709 1353 915 1407 initium
953 1357 1180 1406 testatus
1207 1356 1310 1413 est,
1341 1355 1396 1402 et
1421 1360 1541 1400 cum
1570 1343 1706 1400 alibi
1740 1342 1840 1396 tria

253 1447 514 1502 uolumina
555 1443 866 1515 appellavit.
899 1441 978 1497 Re
1011 1441 1154 1496 enim
1187 1453 1312 1494 vera
1341 1437 1657 1508 Apologiam
1699 1433 1840 1488 hanc

255 1553 467 1610 quoque
517 1537 585 1593 ad
632 1535 976 1592 Anastasium
1032 1531 1234 1605 passim
1282 1538 1470 1588 contra
1521 1544 1581 1584 se
1632 1526 1835 1592 scribi,

256 1630 313 1685 S.
354 1631 514 1686 Pater
541 1627 824 1692 intellexit,
873 1625 1155 1696 eidemque
1185 1637 1282 1695 per
1312 1632 1490 1694 partes
1538 1618 1836 1690 respondit.

257 1721 525 1778 Hactenus
551 1734 704 1787 vero,
732 1733 854 1774 cum
895 1718 1002 1772 duo
1036 1723 1244 1771 tantum
1271 1715 1398 1778 sint,
1429 1714 1520 1784 qui
1564 1727 1684 1768 eum
1718 1727 1842 1782 pro-

259 1814 368 1884 prie
400 1821 614 1882 petunt,
663 1810 1050 1866 lnvectivarum
1093 1808 1237 1871 libri,
1288 1807 1340 1862 in
1386 1807 1485 1861 hac
1517 1802 1838 1874 explicanda

257 1904 572 1960 difﬁcultate
607 1901 956 1958 eruditissimi
989 1899 1086 1954 viri
1115 1899 1364 1954 abierunt
1392 1911 1422 1950 a
1449 1910 1578 1951 vero
1606 1895 1836 1965 longius,

260 2009 431 2066 neque
475 2009 576 2048 nos
603 1993 656 2048 in
685 1992 1008 2047 Prazfatione
1033 1988 1254 2046 secundi
1283 1988 1461 2054 Totni,
1492 1985 1674 2042 isthuc
1699 1985 1839 2057 quod

259 2101 346 2144 res
375 2094 515 2153 erat,
540 2084 736 2140 luimus
763 2081 1057 2153 assequuti.

807 2194 1032 2252 CAPUT
1069 2193 1262 2250 XXXI.

263 2315 302 2371 Ι.
345 2314 660 2387 TheOphilus
688 2315 741 2368 in
781 2313 1096 2384 Origenistas
1138 2311 1386 2366 declamat
1427 2307 1674 2363 Paschali
1713 2305 1846 2376 Epi-

325 2407 482 2462 stola.
511 2406 576 2460 ll.
609 2405 738 2459 Tum
773 2405 835 2458 de
873 2403 1062 2458 Nitria:
1086 2401 1424 2464 monasteriis,
1450 2409 1624 2454 coacta
1651 2398 1718 2452 ibi
1746 2398 1849 2468 Sy-

326 2504 467 2556 nodo
495 2501 655 2571 ejicit.
684 2499 769 2553 lll.
796 2499 1110 2570 Sgnodicam
1135 2512 1350 2568 quoque,
1408 2496 1514 2548 sive
1553 2491 1850 2547 Generalem

324 2605 512 2648 contra
558 2593 678 2646 illos
721 2591 1008 2662 Epistolam
1035 2589 1226 2644 scribit.
1251 2587 1342 2643 lV.
1375 2586 1490 2640 Alia
1530 2587 1662 2656 ejus,
1700 2591 1851 2652 atque

321 2685 554 2740 aliorum
578 2699 636 2737 ea
661 2683 722 2736 de
752 2699 806 2736 re
836 2683 1045 2752 scripta.
1078 2680 1140 2735 ν.
1168 2679 1295 2747 Qum
1312 2677 1651 2746 Hieronymus
1671 2673 1852 2728 Latine

327 2776 508 2831 omnia
557 2777 723 2829 vertit.
781 2772 870 2828 Vl.
921 2771 1182 2843 Incipiens
1231 2787 1263 2824 a
1319 2768 1579 2824 Paschali.
1635 2765 1745 2820 Vll.
1800 2775 1850 2820 et

333 2866 469 2925 \"lll.
503 2867 549 2922 A
572 2883 674 2937 qua
705 2867 924 2920 aliarum
947 2866 1058 2936 ejus
1085 2861 1552 2933 interpretationum
1580 2858 1848 2934 chronicus

331 2962 460 3018 ordo
488 2961 789 3015 restituitur.
815 2956 904 3014 IX.
937 2958 1000 3012 Et
1021 2957 1326 3030 germanitas
1357 2952 1773 3024 Ilieronymiana:
1795 2949 1850 3005 in

333 3053 396 3109 iis
427 3067 601 3126 opera:
626 3049 999 3122 comprobatur.

337 3190 378 3246 1.
421 3188 579 3259 Quod
610 3203 747 3260 pone
787 3187 1028 3259 sequitur
1057 3186 1126 3242 ab
1170 3185 1237 3241 iis
1264 3183 1625 3242 Occidentalis
1652 3180 1850 3238 Eccle-

270 3284 361 3339 sia:
394 3280 634 3338 motibus
666 3280 868 3336 biennii
899 3278 1116 3335 circiter
1140 3277 1393 3348 spatium,
1426 3274 1700 3331 Orientem
1725 3271 1851 3328 Ori-

270 3376 492 3447 geniana
515 3374 680 3429 factio
705 3372 896 3439 turbis,
926 3386 991 3426 ac
1019 3369 1184 3442 gestis
1203 3369 1349 3425 omni
1378 3368 1596 3424 diritate
1636 3365 1850 3422 teterrio

273 3469 370 3524 mis
389 3465 699 3538 exagitavit.
724 3464 832 3520 Nos
853 3463 1152 3529 dumtaxat,
1179 3476 1298 3533 qua:
1325 3460 1560 3515 maxime
1588 3466 1852 3513 suntcum

274 3561 403 3616 \‘itm
422 3559 854 3631 llieronymia‘nze
879 3557 1020 3630 serie
1043 3555 1349 3625 conjuncta,
1375 3551 1562 3623 paucis
1588 3548 1851 3620 perstrin—

272 3669 460 3726 scmus
491 3671 506 3709 :
539 3666 842 3724 quanquam
890 3648 1066 3704 omnis
1108 3646 1222 3703 fere
1246 3659 1423 3701 causa:
1462 3643 1578 3713 ejus
1609 3641 1856 3703 historia,

273 3749 354 3803 vel
381 3747 599 3818 scriptis
629 3743 936 3816 Hieronymi
961 3739 1313 3811 primigeniis,
1340 3737 1425 3794 vel
1450 3737 1676 3791 aliorum
1699 3732 1767 3787 ab
1793 3747 1858 3787 co

275 3839 463 3896 Latine
494 3837 774 3908 explicatis
800 3834 1129 3890 continetur.
1161 3828 1492 3899 Theophilus
1521 3825 1679 3881 simul
1701 3832 1860 3892 atque

279 3929 548 3988 Anastasii
591 3927 894 4000 deperditas
942 3925 1103 3980 modo
1143 3922 1348 3978 litteras
1376 3918 1604 3988 accepit,
1645 3915 1856 3986 quibus,

279 4028 335 4080 ut
380 4030 627 4080 notatum
672 4019 881 4074 videtur
925 4023 983 4072 δ.
1033 4015 1200 4082 Patri,
1241 4009 1595 4084 signiﬁcabat,
1648 4006 1863 4060 damna-

280 4125 384 4171 tum
428 4115 484 4170 in
525 4112 815 4176 Occidente,
856 4109 990 4180 quod
1027 4109 1079 4162 in
1113 4105 1316 4162 Oriente
1358 4103 1654 4158 damnatum
1697 4102 1860 4171 fuerat

284 4205 476 4279 (Epist.
507 4203 602 4260 XC
615 4201 768 4275 VII),
797 4202 1005 4256 animos
1027 4198 1128 4254 sibi
1155 4209 1374 4254 sumens
1391 4203 1554 4264 atque
1580 4189 1862 4245 audentior

281 4300 473 4367 lactus,
519 4312 716 4353 novum
760 4295 1035 4363 multoque
1079 4290 1255 4347 acrius
1298 4297 1488 4344 contra
1531 4282 1862 4355 Origenistas

281 4391 483 4448 bellum
530 4388 744 4446 indixit.
791 4386 920 4442 Erat
965 4381 1344 4439 Alexandrina:
1388 4377 1661 4437 Ecclesice.
1711 4372 1863 4442 cujus

284 4483 398 4555 ipse
437 4483 692 4548 thronum
737 4478 1034 4543 obtinebat,
1070 4473 1349 4546 EpiscOpis
1387 4471 1591 4543 jamdiu
1636 4469 1762 4524 olim
1809 4467 1860 4520 in

286 4593 433 4632 more
463 4575 721 4648 positum,
753 4582 810 4627 ut
834 4571 1119 4644 quotannis
1163 4569 1314 4623 initio
1343 4565 1577 4622 futurum
1621 4561 1865 4633 proxime

288 4667 490 4725 Pascha
523 4666 941 4739 prmuuutiarent
965 4661 1254 4734 encyclicis
1281 4659 1347 4714 ad
1379 4658 1539 4714 totius
1572 4655 1865 4725 Episcoms

287 4760 504 4832 Egypti
533 4757 805 4829 Epistolis,
835 4755 1026 4826 quibus
1073 4761 1156 4808 est
1195 4750 1356 4805 etiam
1396 4763 1459 4802 ea
1484 4747 1553 4801 de
1580 4759 1739 4800 causa
1768 4757 1864 4796 no-

292 4869 410 4907 men
442 4850 803 4906 Paschalibus.
833 4846 927 4903 llla
959 4843 1246 4902 oceasione
1271 4840 1335 4894 ad
1363 4848 1523 4895 recta:
1558 4836 1678 4890 ﬁdei
1709 4844 1866 4889 caute

289 4940 706 4998 custodiendum
750 4937 1091 5008 depositum,
1144 4942 1432 4999 sancteque
1481 4925 1863 4982 traducendum

288 5035 470 5099 vitam,
504 5040 667 5104 prout
697 5044 784 5086 res
809 5028 1061 5085 Ecclesia:
1093 5025 1314 5086 ferrent,
1346 5020 1718 5076 hortabantur.
1750 5019 1865 5070 An-

291 5141 413 5180 num
476 5125 620 5180 hunc
669 5125 846 5191 itaque
887 5122 984 5176 401
1038 5116 1367 5186 Theophilus
1411 5115 1581 5183 aperit
1624 5108 1866 5166 Paschali

291 5217 546 5288 Epistola,
583 5232 704 5286 qua).
743 5216 970 5286 primum
1017 5211 1086 5267 de
1136 5210 1305 5265 tribus
1350 5221 1482 5278 quas
1512 5205 1870 5273 Hieronymus

291 5307 479 5364 Latine
503 5311 890 5378 interpretatus
917 5312 1020 5370 est,
1049 5303 1222 5358 locum
1249 5302 1301 5354 in
1325 5297 1658 5353 Recensione
1685 5300 1870 5348 nostra

295 5402 499 5457 obtinet
528 5418 542 5455 :
578 5414 758 5464 suum,
802 5397 1038 5466 inquam,
1085 5400 1272 5448 contra
1303 5401 1463 5459 atque
1511 5387 1710 5441 habent
1739 5382 1868 5437 Edi-

295 5492 463 5548 tiones
487 5498 616 5547 ante
643 5503 740 5544 nos
769 5501 976 5552 omnes,
1009 5485 1060 5539 in
1091 5483 1285 5554 quibus
1312 5481 1552 5536 omnium
1581 5483 1876 5546 prwposte-

293 5597 382 5639 rus
423 5593 476 5640 et
521 5581 778 5638 confusus
819 5578 952 5634 ordo
992 5586 1096 5632 est.
1133 5573 1240 5629 Sed
1268 5573 1335 5628 de
1373 5573 1455 5626 his
1482 5579 1689 5641 postea.
1718 5569 1776 5621 In
1805 5579 1871 5621 ea

294 5673 547 5746 quidquid
572 5673 639 5728 ad
669 5670 954 5727 crcandam
983 5666 1326 5736 Origenianis
1354 5662 1706 5735 opinionibus
1732 5657 1867 5713 invi-

295 5766 456 5837 diam,
489 5768 766 5838 ipsumque
788 5765 1073 5820 Auctorem
1104 5757 1237 5812 diris
1259 5754 1658 5822 devovendum,
1679 5749 1872 5822 jactari
1897 5773 1900 5776 θ

779 5879 853 5958 S.
887 5879 1282 5942 Htenoxntt.
1333 5873 1380 5934 l.

1537 322 1594 371 δ.
1636 314 1707 370 ιη
1712 311 2016 370 ERONYMI
2061 311 2238 370 VITA.

3411 327 3514 382 134

1937 425 2168 526 poterat.
2217 427 2474 484 conviciis
2504 428 2860 488 odiosissimis
2899 434 3055 489 tertio
3091 449 3305 508 quoque
3348 439 3512 496 verbo

1936 517 2278 584 intermixtis,
2301 521 2592 590 congessit.
2619 521 2716 576 llic
2742 525 3056 581 temeritatis
3077 543 3198 583 eum
3229 538 3379 586 notat
3397 531 3476 586 im
3491 563 3512 576 -

1939 608 2357 676 pudcntissimm,
2385 611 2536 672 alibi.
2570 614 2778 668 erroris
2806 618 3091 685 manifesti,
3126 630 3234 675 tum
3265 623 3508 692 insaniw,

1937 699 2239 770 imperitiie,
2267 703 2554 773 superbiae,
2578 703 2895 774 impietatis,
2921 707 3119 776 delicii,
3149 714 3434 781 vecordizn,
3459 727 3517 772 et

1936 792 1980 845 si
2009 808 2128 864 qua!
2148 793 2250 848 alia
2272 803 2397 849 sunt
2415 811 2534 865 qua:
2562 795 2992 850 malevolentiam
3019 799 3276 856 lectormn
3299 816 3513 863 acuant.

1940 885 2177 956 Denique
2219 895 2274 941 et
2315 885 2650 942 dremoniaco
2695 897 2870 942 actum
2914 889 3125 959 spiritu,
3161 902 3215 947 et
3255 895 3516 952 fautorem

1939 973 2270 1042 da-monum,
2323 988 2584 1048 perpetuo
2627 986 2805 1032 autem
2859 979 3251 1050 blasphemum,
3305 996 3360 1041 et
3406 986 3520 1042 bla-
3610 1013 3616 1020 ι

1939 1066 2301 1136 sphemiarum
2332 1076 2606 1124 auctorem
2646 1071 3030 1141 nequissimum
3060 1085 3234 1128 vocat.
3263 1074 3372 1132 Nec
3407 1077 3522 1134 fere

1941 1160 2245 1216 mitioribus
2272 1171 2573 1217 sectatores
2598 1161 2714 1234 ejus
2759 1163 3017 1220 doctrina:
3045 1165 3226 1222 verbis
3254 1169 3521 1238 perstrin-

1941 1251 2036 1321 git,
2069 1259 2203 1322 quos
2233 1251 2500 1308 facessere
2525 1254 2703 1322 jubet,
2748 1256 3072 1312 stultissimos
3111 1259 3426 1325 mortalium,
3458 1276 3523 1316 ac

1941 1343 2240 1397 descendere
2261 1345 2311 1398 in
2343 1344 2628 1414 lnfernum,
2663 1357 2717 1400 ut
2745 1359 3103 1420 prteceptorem
3123 1350 3394 1423 impietatis
3417 1361 3528 1410 su'a

1941 1433 2010 1487 ibi
2037 1450 2141 1489 esse
2167 1435 2335 1490 oculis
2363 1435 2475 1490 suis
2494 1447 2737 1491 cernant.
2768 1436 2834 1492 Et
2867 1439 3025 1507 paulo
3054 1440 3300 1510 superius
3324 1459 3338 1496 :
3373 1441 3530 1509 Quie-

1943 1536 2084 1579 scant
2136 1542 2279 1598 ergo,
2321 1525 2418 1592 ait,
2470 1527 2764 1598 aliquando,
2818 1531 2906 1602 qui
2943 1533 3084 1601 regni
3132 1532 3323 1589 Christi
3371 1536 3529 1604 [inem

1941 1617 2267 1683 sonmiantes,
2307 1619 2618 1673 verbositatis
2659 1619 2892 1690 Origenis
2920 1623 3267 1692 cupiuntcsse
3291 1627 3526 1696 parasiti,

1943 1724 2034 1761 nec
2061 1725 2177 1761 cum
2206 1709 2439 1776 ﬁdelibus
2468 1709 2803 1774 ambulantes,
2837 1711 2991 1780 ﬁdem
3009 1729 3162 1782 quant
3187 1730 3288 1769 non
3319 1715 3526 1783 habent,

1941 1801 2194 1866 simulent,
2229 1811 2332 1856 etc.
2386 1802 2450 1856 Et
2495 1817 2663 1872 prope
2717 1801 2880 1858 ﬁnem
2910 1821 2925 1860 :
2955 1801 3124 1876 Capti,
3181 1808 3369 1878 inquit,
3413 1808 3529 1864 clo.

1943 1892 2160 1964 quentiae
2184 1891 2472 1963 (Origenis)
2494 1907 2639 1959 sono,
2669 1909 2771 1948 non
2796 1895 3055 1950 intuentur
3078 1896 3374 1969 dogmatum
3398 1900 3528 1954 ueri.

1946 1995 2117 2048 tatem,
2149 1986 2442 2040 erubescunt
2467 2001 2687 2039 errorem
2716 1986 2984 2055 pristinum
3017 1988 3264 2057 conﬁteri,
3297 1997 3344 2042 et
3381 2005 3532 2044 arroo

1947 2077 2133 2148 gentia:
2147 2086 2340 2130 tumore
2364 2079 2558 2143 aerati,
2577 2077 2756 2131 nolunt
2774 2094 2883 2132 esse
2897 2077 3156 2150 discipuli,
3180 2096 3244 2136 ne
3265 2091 3533 2152 postquam

1947 2169 2158 2222 correcti
2199 2169 2406 2238 fuerint,
2464 2168 2605 2237 prius
2648 2184 2846 2223 errasse
2881 2169 3170 2224 uideantur.
3221 2170 3404 2240 Carpit
3447 2172 3534 2226 his

1953 2262 2129 2315 verbis
2171 2260 2467 2315 Nitrienses
2508 2260 2781 2331 praecipue
2809 2260 3122 2327 Monachus,
3163 2261 3378 2333 Origeni
3408 2279 3536 2334 pcr-

1948 2368 2108 2424 quam
2175 2352 2448 2416 addictos,
2504 2352 2593 2419 qui
2661 2351 2934 2422 synodica:
2992 2354 3350 2422 praecedentis
3407 2358 3534 2411 anni

1950 2446 2298 2502 damnationi
2330 2445 2448 2515 ejus
2494 2444 2715 2499 minime
2767 2446 3167 2515 acquieverant.
3197 2447 3304 2502 Sed
3360 2462 3536 2518 neque

1953 2540 2112 2595 modo
2153 2538 2394 2594 obsecuti
2439 2547 2603 2604 sunt;
2669 2547 2727 2592 ut
2784 2539 2928 2592 enim
2975 2553 3190 2594 errores
3230 2539 3350 2594 illos
3392 2541 3538 2596 ultro

1952 2639 2382 2697 exsecrarentur,
2434 2645 2540 2685 non
2589 2637 2766 2686 tamen
2806 2628 3054 2699 Origenis
3091 2645 3214 2687 esse
3247 2633 3539 2690 contende-

1950 2723 2099 2790 bant,
2129 2722 2223 2779 sed
2253 2722 2649 2790 hmreticorum,
2680 2721 2770 2794 qui
2797 2720 3112 2779 adulteratis
3140 2723 3257 2795 ejus
3281 2726 3536 2798 operibus

1953 2816 2022 2872 de
2047 2831 2145 2871 suo
2175 2815 2550 2871 inseruissem.

2025 2911 2090 2969 ll.
2130 2910 2294 2966 Movit
2343 2908 2459 2964 ha-e
2500 2908 2879 2964 hlonachorum
2928 2909 3219 2979 pertinacia
3257 2911 3538 2982 Theophili

1951 2995 2322 3060 stomachum,
2375 2993 2607 3048 hominis
2649 3000 2840 3062 suapte
2891 2995 3051 3048 etiam
3096 3003 3286 3048 natura
3338 2995 3538 3048 irarum

1953 3089 2265 3160 impotentis
2294 3105 2308 3142 :
2337 3087 2427 3157 qui
2471 3088 2639 3142 satius
2679 3095 2858 3142 tamen
2907 3086 2960 3140 in
3011 3087 3298 3154 praesentia
3353 3087 3542 3142 statuit

1955 3195 2218 3253 reponere
2243 3178 2446 3243 odium,
2472 3186 2527 3232 ut
2548 3175 2891 3232 commodum
2915 3175 3101 3230 ultioni
3134 3191 3246 3230 sua:
3277 3175 3400 3231 illos
3415 3191 3542 3232 'ma-

1954 3280 2144 3328 ctaret.
2174 3271 2269 3325 Diu
2297 3271 2494 3340 quippe
2517 3280 2651 3332 erat,
2695 3265 2838 3336 quod
2867 3265 3128 3323 Ecclesiae
3155 3281 3374 3322 causam
3430 3267 3542 3337 prio

1955 3363 2092 3417 vatis
2132 3359 2492 3416 simultatibus
2518 3357 2872 3429 prmtexcbat,
2919 3356 2964 3410 si
3021 3356 3279 3416 Palladio.
3314 3358 3542 3412 Auctori

1961 3455 2095 3510 Vitae
2115 3455 2173 3510 S.
2197 3452 2420 3509 Joannis
2439 3449 2812 3522 Chrysostorai
2837 3449 2968 3519 (alio
2991 3450 3174 3518 utique
3201 3449 3270 3503 ab
3301 3447 3544 3504 historias

1959 3547 2229 3602 Lansiaca:
2253 3541 2508 3612 Auctore)
2537 3541 2742 3596 Socrati
2766 3540 2926 3595 etiam
2950 3547 3005 3594 et
3027 3539 3330 3595 Sozomeno
3356 3540 3537 3594 credi-

1959 3653 2097 3693 mus.
2130 3638 2302 3706 Atque
2328 3634 2532 3688 invisos
2556 3641 2706 3687 certe
2741 3645 2876 3685 eane
2914 3629 3069 3700 pejus
3092 3639 3147 3684 et
3171 3643 3347 3699 angue
3373 3627 3543 3683 habe-

1959 3730 2050 3784 bat
2074 3741 2360 3799 germanos
2380 3723 2692 3779 notissimos
2713 3721 2929 3785 fratres,
2957 3727 3318 3789 cognomento
3337 3716 3543 3788 Longos

1963 3823 2032 3876 ita
2077 3836 2108 3874 a
2153 3817 2475 3889 proreritate
2519 3812 2764 3882 corporis
2813 3811 3132 3879 appellatos,
3189 3823 3420 3878 eumque
3462 3807 3548 3862 his

1961 3919 2316 3968 memoratum
2361 3906 2607 3976 superius
2648 3918 2791 3972 stepe
2820 3902 3105 3966 lsidorum,
3137 3900 3300 3954 variis
3327 3898 3547 3969 quidem

1961 4004 2028 4060 de
2054 4003 2252 4066 causis,
2285 4009 2343 4054 ut
2390 3997 2656 4069 proditum
2686 4005 2770 4050 est
2797 3994 2864 4046 ab
2893 3992 3165 4062 Antiquis,
3196 3990 3290 4045 sed
3316 4005 3544 4061 quarum

1964 4096 2108 4151 nulla
2139 4093 2208 4148 de
2239 4090 2400 4145 nimia
2429 4089 2581 4143 illum
2619 4085 2906 4141 severitate
2939 4090 3182 4139 excuset.
3223 4080 3343 4149 Quo
3368 4091 3547 4136 autem

1938 4187 2169 4260 ,irarum
2198 4178 2539 4254 processerit,
2565 4177 2678 4232 sive
2705 4175 2930 4231 obtentu
2963 4173 3308 4245 Origenismi,
3337 4173 3454 4228 sive
3491 4180 3553 4227 ut

1967 4278 2204 4350 privatas
2275 4272 2497 4343 injurias
2559 4275 3011 4339 persequeretur,
3060 4280 3126 4321 ex
3180 4264 3418 4320 Palladio
3462 4281 3556 4318 ea-

1947 4370 2078 4440 .pite
2117 4367 2202 4421 Vl.
2231 4365 2330 4421 sub
2359 4363 2520 4418 ﬁnem
2548 4359 2828 4415 audiamus
2858 4375 2871 4411 :
2904 4355 3216 4426 TheOphilus
3255 4355 3407 4409 mittit
3442 4355 3555 4408 lite-

1966 4480 2052 4518 ras
2090 4460 2157 4514 ad
2181 4459 2372 4514 vicinos
2405 4453 2634 4523 (Nitrlze)
2663 4449 2966 4521 Episcopus,
3004 4456 3051 4502 et
3070 4447 3216 4517 jubet
3243 4445 3491 4516 quosdam
3527 4462 3556 4498 e

1969 4555 2230 4629 primariis
2259 4568 2292 4605 a
2320 4558 2488 4603 monte
2512 4557 2558 4602 et
2578 4546 2641 4600 ab
2671 4542 2900 4598 interiori
2941 4554 3109 4594 eremo
3137 4536 3347 4609 expelli,
3376 4536 3580 4629 eosque;

1969 4627 2256 4718 pracipuos
2271 4639 2564 4699 monachos,
2584 4634 2789 4688 minime
2802 4631 2982 4684 addita
3000 4645 3174 4684 causa.
3201 4627 3302 4696 Qui
3319 4630 3555 4682 monachi
3573 4627 3584 4708 ι
3631 4637 3636 4646 '

1970 4755 2083 4793 cum
2095 4714 2374 4791 senioribus
2391 4726 2761 4783 Alexandriam
2777 4739 2893 4776 cum
2905 4740 2907 4743 ν
2919 4720 3311 4785 descendissent,
3339 4720 3554 4772 orabant

1973 4829 2329 4899 Theophilum,
2363 4837 2570 4877 causam
2607 4829 2658 4872 ut
2687 4818 2894 4881 diceret,
2932 4813 2992 4869 ob
3043 4831 3194 4884 quam
3232 4812 3554 4867 condemnati

1971 4895 2214 4992 eiectique
2239 4925 2420 4970 essent.
2450 4912 2550 4966 Ille
2567 4920 2734 4964 autem
2762 4905 3168 4977 sanguinolentis
3189 4904 3349 4958 oculis
3367 4895 3554 4959 draco-
3608 4972 3612 4977 ι

1972 5017 2094 5068 num
2118 5013 2280 5065 instar
2309 5004 2593 5068 intendens,
2623 5012 2820 5056 tornum
2853 4998 3054 5052 taurino
3078 5013 3217 5050 more
3239 4995 3557 5058 intuebatur;

1973 5104 2124 5160 modo
2145 5101 2344 5171 quidem
2363 5097 2569 5160 liuidus,
2590 5092 2742 5147 modo
2759 5089 3005 5162 pallidus,
3024 5087 3174 5142 modo
3200 5098 3369 5141 autem
3386 5103 3561 5141 aptare

1974 5195 2259 5253 subridens.
2309 5191 2382 5245 Ab
2425 5186 2697 5243 immodica
2733 5184 2815 5237 ira
2850 5181 3106 5248 abreptus,
3139 5178 3408 5232 Ammonio
3453 5179 3560 5231 viro

1973 5287 2251 5360 granda'vo
2272 5280 2637 5350 omophorium
2655 5273 2884 5329 manibus
2913 5273 3023 5341 ipse
3050 5271 3156 5324 suis
3177 5270 3340 5336 injicit
3370 5268 3423 5321 in
3448 5268 3561 5321 col-

1978 5382 2105 5444 tum,
2141 5392 2256 5430 cum
2282 5373 2430 5428 malis
2455 5373 2566 5442 ejus
2588 5369 2765 5439 plagas
2798 5363 3088 5435 inﬂixisset,
3125 5371 3170 5414 et
3201 5360 3385 5430 pugnis
3415 5375 3562 5412 nares

1979 5474 2088 5544 ejus
2123 5474 2449 5532 cruentasset,
2479 5463 2763 5518 inclamans
2787 5458 2866 5511 his
2891 5456 3112 5518 vocibus,
3159 5451 3407 5506 Haretice
3429 5465 3560 5501 ana-

1980 5537 2250 5620 thentatiza
2287 5558 2596 5629 Origenem;
2648 5567 2762 5604 cum
2807 5547 2936 5602 nihil
2973 5553 3100 5599 esset
3141 5539 3471 5629 propositum
3503 5537 3561 5589 de

1982 5658 2203 5728 Origene
2263 5623 2446 5722 prater
2504 5642 2894 5717 postulationem
2951 5634 3140 5690 Isidori
3188 5645 3365 5684 causa.
3423 5623 3543 5683 Tali

1982 5723 2113 5806 enim
2138 5747 2216 5802 ira
2249 5755 2345 5811 est,
2374 5739 2524 5797 raluti
2555 5751 2728 5804 canes,
2759 5747 2896 5789 caeca
2931 5738 2979 5784 et
3005 5726 3142 5781 dicta
3169 5733 3216 5778 et
3242 5724 3381 5792 [acta
3405 5723 3544 5792 parit

3067 5842 3299 5924 (Cinq.)
