4052 6338
482 328 584 386 155

479 443 648 513 Igitur
672 438 744 492 sic
771 431 1014 503 sanguine
1039 425 1253 498 aspersi,
1281 433 1328 479 et
1353 424 1462 478 sine
1501 436 1742 490 responso
1780 419 1964 474 reversi
1992 421 2060 472 ad

476 551 568 587 sua
612 524 937 585 monasteria,
971 519 1287 588 prepositum
1324 516 1442 570 sine
1481 513 1769 566 institutum
1797 523 2062 580 persequo-

476 626 678 682 ltantur,
707 617 1097 684 Seripturarum
1135 609 1344 664 scientia
1381 606 1635 678 ingenium
1677 612 1928 663 acuentes,
1971 616 2062 670 per

477 731 605 783 quas
644 709 784 766 salus
823 705 1137 776 acquiritur;
1172 702 1308 755 illius
1338 698 1589 754 insaniam
1617 710 1674 748 eo
1701 702 1931 748 curantes
1961 693 2057 742 mi-

476 780 591 864 nus.
620 798 756 873 quod
784 797 972 851 nullius
1001 795 1123 847 mali
1161 791 1255 848 sibi
1280 785 1467 845 conscii
1494 795 1675 841 essent.
1710 784 1808 838 llis
1833 799 1932 836 non
1963 780 2059 834 ad-

475 896 734 966 quiescens
777 885 1108 957 Theophilus,
1155 882 1309 937 mittit
1354 879 1422 932 ad
1457 878 1646 932 vicinos
1687 875 2058 966 episcopos,‘et

474 963 718 1040 adversus
741 978 1014 1036 monac/tos
1039 975 1172 1044 cogit
1203 971 1505 1035 Concilium,
1532 983 1691 1037 neque
1716 964 1784 1019 ad
1809 963 2074 1035 defensioo.

475 1093 588 1130 nem
611 1073 798 1130 vocatis
826 1069 970 1139 ipsis,
996 1084 1084 1121 nec
1110 1067 1247 1138 facta
1280 1062 1386 1118 illis
1416 1059 1618 1114 dicendi
1641 1065 1901 1128 potestate.
1931 1052 2056 1108 Tres

474 1171 608 1222 uiros
634 1183 697 1221 ea:
737 1161 1006 1236 pra-cipuis
1034 1155 1457 1220 excommunicat,
1485 1151 1670 1206 ueritus
1703 1146 1857 1203 simul
1879 1155 2058 1201 contra

475 1259 846 1315 multitudinem
889 1267 1090 1326 poenam
1117 1249 1403 1311 decernere,
1441 1254 1724 1316 praetexens
1765 1239 2058 1309 dogmatum

474 1350 884 1422 perversitatem;
928 1354 974 1398 et
1009 1359 1133 1414 quos
1176 1340 1446 1411 plusquam
1485 1335 1746 1404 episc0pos
1781 1331 2058 1384 honorare-

472 1452 554 1497 rat
591 1449 646 1496 ut
681 1438 951 1510 magistros
988 1443 1192 1502 prapter
1233 1431 1412 1492 uitam,
1442 1425 1726 1480 doctrinam
1766 1431 1812 1476 et
1837 1428 2054 1484 (etatem,

470 1549 556 1588 eos
579 1549 684 1588 non
721 1529 900 1601 puduit
935 1525 1198 1596 appellare
1229 1521 1637 1592 pt'ttsligialot’es.
1680 1532 1738 1570 eo
1777 1513 1912 1584 quod
1936 1527 2070 1582 erga.

471 1623 734 1680 lsidornns
754 1620 945 1689 optime
967 1615 1138 1684 affecti
1178 1621 1362 1668 essent.
1411 1607 1596 1665 Refert
1621 1604 1837 1669 deinde,
1866 1617 2056 1672 quem-

473 1714 759 1772 admodum
781 1709 1084 1767 subornatis
1109 1707 1344 1777 quinque
1363 1717 1428 1757 ex
1453 1703 1568 1770 ipso
1587 1697 1772 1753 Nitriae
1794 1695 2060 1750 Monaste-

474 1810 582 1872 rio,
622 1816 677 1861 ut
709 1804 901 1860 libellos
939 1802 1118 1856 darent
1143 1799 1388 1852 adversus
1430 1804 1530 1848 tres
1571 1793 1689 1846 illos
1713 1804 1875 1853 senes,
1910 1786 2059 1859 falsae

475 1895 813 1952 accusationis
841 1893 991 1949 verba
1017 1892 1129 1960 ipse
1155 1887 1375 1942 contexit
1399 1900 1419 1940 :
1443 1893 1500 1939 et
1542 1883 1814 1953 ingressus
1843 1878 1911 1932 ad
1949 1879 2057 1932 Au-

475 1985 722 2056 gustaletn
753 1984 912 2054 petiit,
933 1990 990 2035 ut
1017 1978 1226 2034 militari
1256 1992 1411 2030 manu
1438 1973 1806 2044 expellerentur
1832 1969 1869 2023 ii
1896 1966 2060 2022 homi-

477 2095 566 2134 nes
601 2095 667 2132 ea:
710 2078 944 2131 universa
969 2070 1225 2144 tEgypto.
1259 2068 1325 2122 Et
1365 2074 1572 2137 accepto
1601 2062 1817 2136 (pergit)
1859 2062 1912 2116 in
1937 2077 2057 2132 spe-

475 2172 603 2225 ciem
629 2169 810 2234 milite,
844 2182 946 2220 una
970 2181 1084 2219 cum
1113 2163 1372 2226 mandato,
1399 2159 1755 2213 sceleratorum
1773 2152 2058 2209 multitudi-

474 2278 590 2316 nem
607 2267 902 2330 congregat,
932 2255 1022 2324 qui
1052 2255 1190 2308 circa
1218 2259 1488 2322 potestates
1507 2255 1771 2303 versantur
1794 2245 1862 2300 ad
1886 2243 2059 2299 omnia

475 2359 728 2423 ραι-σιμά
753 2357 956 2419 repente
983 2345 1290 2400 monasteria
1329 2351 1484 2396 noctu
1508 2337 1724 2402 invadit,
1761 2353 1874 2390 cum
1915 2335 2060 2406 prius

475 2459 658 2512 pueros
693 2441 781 2512 qui
816 2455 986 2494 secum
1011 2444 1178 2502 erant,
1205 2436 1321 2488 uino
1356 2431 1735 2503 ingurgitasset.
1781 2428 1848 2483 Et
1875 2426 2059 2498 paucis

477 2535 770 2604 interiectis
798 2532 868 2586 de
895 2531 1154 2584 Dioscuro
1179 2545 1193 2582 :
1220 2526 1352 2581 lude
1380 2523 1642 2596 praedatur
1665 2531 1908 2586 montem,
1943 2518 1997 2573 Μ
2003 2536 2060 2572 o-

475 2628 752 2681 uacliorum
767 2623 964 2678 recolas
977 2619 1268 2693 junioribus
1295 2617 1522 2686 pradam
1550 2615 1809 2670 addicens.
1845 2611 2061 2682 Ezpilu—

475 2719 544 2772 tis
569 2717 784 2781 cellulis,
826 2725 926 2768 tres
954 2713 1068 2766 illos
1107 2709 1338 2782 inquirit,
1373 2723 1498 2775 quos
1535 2707 1589 2761 in
1619 2717 1824 2780 puteum
1857 2704 2060 2758 dimise—

474 2819 614 2877 rant,
644 2807 881 2878 imposita
908 2805 985 2859 ori
1005 2804 1140 2876 putei
1160 2804 1340 2874 ﬂorea.
1368 2799 1497 2862 Cum
1515 2809 1683 2853 autem
1711 2814 1814 2852 non
1839 2796 2057 2851 invenis-

473 2911 570 2968 set,
616 2916 787 2957 eorum
809 2897 1024 2954 cellulas
1051 2895 1320 2951 sarmentis
1359 2891 1602 2960 incendit,
1647 2889 1914 2945 combustis
1956 2885 2059 2943 una

475 2993 616 3049 libris
644 2995 892 3060 cornibus,
909 3002 1014 3048 etc.
1041 2990 1168 3046 Cum
1191 3000 1361 3044 autent
1380 2990 1628 3057 impotens
1649 2988 1758 3054 ejus
1777 2986 1855 3040 ira
1874 2984 2058 3056 paulu-

475 3087 580 3143 lum
604 3087 949 3159 deferbuisset,
976 3083 1340 3140 Alexandriam
1360 3081 1559 3150 repetit,
1583 3079 1749 3134 locum
1769 3081 1906 3150 fuga:
1927 3077 2058 3133 dans

472 3181 660 3234 sanctis
702 3180 805 3234 illis
845 3179 986 3239 uiris,
1015 3177 1102 3248 qui
1135 3175 1353 3246 sumptis
1391 3174 1565 3228 statim
1614 3171 1809 3228 melotis
1835 3171 1960 3234 suis,
2002 3172 2057 3226 in

475 3269 809 3324 Palaestinam
827 3271 1060 3340 profecti,
1085 3267 1287 3324 tiliam
1312 3267 1606 3321 adventant.
1637 3264 1762 3320 Cum
1781 3263 1844 3318 iis
1871 3262 2058 3333 egressi

476 3373 612 3428 sunt,
633 3373 816 3430 praeter
845 3361 1174 3433 Presbyteros
1199 3370 1244 3416 et
1272 3359 1550 3424 Diaconos,
1582 3357 1720 3412 illius
1747 3355 1931 3410 montis
1957 3363 2058 3410 tre-

475 3457 606 3509 centi
644 3457 948 3526 optimorum
991 3453 1398 3514 Monac/torum;
1442 3452 1534 3505 alii
1573 3465 1688 3504 vero
1730 3464 1819 3519 per
1859 3447 2058 3501 diversa

477 3545 588 3599 loca
615 3545 827 3616 dispersi
854 3554 991 3599 sunt.
1017 3543 1207 3612 Operae
1234 3543 1464 3612 pretium
1494 3541 1590 3595 fuit
1614 3539 1728 3593 [une
1750 3537 1908 3608 paulo
1931 3535 2059 3592 licet

473 3635 747 3692 dill'usiora
763 3677 780 3703 ,
807 3645 968 3706 atque
987 3651 1052 3690 ex
1081 3636 1310 3689 Auctore
1343 3649 1449 3687 non
1471 3646 1639 3702 usque
1665 3630 1802 3684 adeo
1820 3628 2058 3698 probata:

475 3729 529 3781 in
558 3727 640 3782 his
685 3727 808 3783 lidei
851 3727 1222 3797 descripsisse,
1262 3734 1323 3780 ut
1360 3741 1482 3796 quze
1522 3725 1648 3779 item
1692 3722 1761 3777 de
1791 3721 1982 3791 fugatis
2025 3734 2060 3775 θ

473 3818 658 3874 Nitriae
678 3829 858 3875 monte
879 3818 1192 3891 Origcnistis
1209 3818 1538 3890 Theophilus
1558 3817 1616 3872 in
1633 3814 1923 3888 Synodiea,
1942 3815 2056 3870 sive

473 3911 720 3968 Generali
747 3909 986 3981 Epistola
1029 3925 1125 3966 sua
1163 3919 1366 3976 narrat,
1407 3923 1714 3980 quanquam
1742 3907 1796 3963 in
1823 3906 1905 3962 sui
1932 3921 2054 3976 gra-

471 4004 601 4059 tiam
637 4003 780 4059 serie
822 4012 1093 4074 gestorum
1141 4001 1456 4072 composita,
1506 3999 1612 4054 huc
1654 4008 1829 4054 tamen
1874 3997 2056 4052 omnia

472 4103 717 4163 spectare
743 4094 944 4162 videas,
977 4110 1152 4163 neque
1184 4094 1344 4150 aliam
1383 4108 1502 4148 eam
1542 4107 1686 4158 esse,
1717 4105 1890 4160 neque
1918 4089 2055 4145 alte-

474 4185 586 4239 rius
613 4184 868 4253 temporis
897 4185 1279 4239 narrationem.

547 4273 634 4328 ΙΙΙ.
675 4273 904 4342 Scripsit
929 4273 1108 4342 itaque
1137 4273 1318 4326 statim
1349 4270 1680 4342 'l'beOpbilus
1706 4268 2054 4342 Synodicam,

479 4373 538 4420 ut
580 4363 776 4420 Noster
803 4373 978 4432 vocat,
1023 4367 1142 4419 sive
1182 4363 1532 4434 encyclicam,
1575 4362 1860 4432 generalem
1898 4370 2071 4431 atque.

474 4457 782 4528 nuiformem
821 4453 1111 4525 Epistolam
1142 4453 1210 4506 ad
1237 4451 1520 4524 Episwpos
1550 4451 1876 4517 Palaestinos,
1917 4461 1965 4506 et
1988 4450 2058 4505 ad

474 4547 710 4618 Cyprios,
731 4555 895 4616 atque
917 4561 1016 4602 eos
1043 4545 1258 4616 quidem
1287 4544 1340 4598 in
1371 4543 1533 4598 Elite
1567 4542 1822 4598 Enccniis
1845 4559 2056 4615 congre-

473 4647 642 4707 gatos,
669 4636 863 4706 quibus
882 4637 1110 4700 nuntiat,
1142 4636 1278 4705 quod
1303 4652 1331 4690 e
1355 4635 1518 4689 vicino
1550 4634 1820 4704 Episcopis
1843 4649 2055 4705 congre-

475 4727 637 4796 gatis,
681 4727 769 4800 qui
814 4741 973 4796 prope
1024 4726 1187 4796 (fort.
1240 4724 1430 4798 probe)
1483 4726 1748 4797 implerent
1793 4740 2054 4778 numerum

477 4818 699 4891 Synodi,
723 4818 999 4890 perrexerit
1029 4817 1274 4884 Nitriam,
1302 4828 1350 4873 et
1388 4835 1560 4872 coram
1587 4816 1762 4873 multis
1791 4815 2054 4882 Patrilms,

475 4910 564 4979 qui
587 4909 653 4964 de
685 4917 791 4963 tota
816 4924 943 4979 pene
969 4905 1202 4980 digypto
1225 4911 1632 4972 eonvoluuerunt,
1661 4908 1776 4962 lecti
1814 4907 1917 4962 sint
1944 4907 2059 4961 libri

481 4999 735 5072 Origenis,
765 4999 819 5054 in
841 4999 1021 5071 quibus
1058 4999 1216 5068 impio
1254 4998 1424 5054 labore
1460 4999 1680 5062 sudavit,
1728 5006 1775 5052 et
1810 5013 2056 5052 consensu

477 5092 700 5146 omnium
725 5091 1064 5147 condemnati.
1091 5091 1315 5146 Errores
1339 5090 1534 5146 deinde
1562 5091 1858 5160 praecipuos
1887 5097 2051 5154 uetat,

477 5198 614 5252 quos
641 5191 700 5240 et
725 5185 929 5254 pridem
953 5184 1294 5239 anathemate
1320 5182 1596 5252 perculsos
1619 5184 1714 5237 abs
1745 5197 1805 5236 se
1836 5181 2052 5236 indicat.

477 5274 643 5346 Cujus
666 5274 880 5346 quidem
921 5275 997 5330 ait
1039 5275 1116 5330 rei
1153 5288 1334 5343 causa,
1381 5290 1496 5328 cum
1537 5272 1906 5328 Monacltorum
1945 5272 2059 5342 qui-

479 5365 598 5419 dam
638 5363 822 5421 Nitriae
857 5366 1062 5438 indigne
1087 5367 1296 5439 ferrent,
1326 5376 1584 5422 auctorem
1625 5366 1746 5420 mali
1774 5367 1900 5421 tanti
1939 5382 2052 5420 cum

479 5473 570 5512 suo
603 5473 773 5514 errore
807 5457 1063 5526 damnari,
1109 5474 1272 5514 manu
1309 5457 1468 5524 facta,
1511 5457 1787 5514 advolasse
1825 5457 2056 5513 Alexan-

480 5549 670 5618 driam,
718 5565 780 5607 ac
815 5551 884 5607 de
925 5565 985 5607 se
1023 5550 1395 5608 interﬁciendo
1440 5551 1743 5622 cogitasse:
1770 5551 2053 5621 quosdam,

480 5645 684 5716 inquit,
730 5647 904 5717 inopes
959 5655 1006 5700 et
1059 5660 1226 5700 servos
1294 5661 1383 5710 spe
1442 5645 1577 5717 gulae
1624 5643 1920 5698 sollicitatos
1961 5657 2052 5695 suo

472 5740 691 5808 junxere
713 5739 991 5810 comitatui,
1019 5749 1064 5794 et
1083 5742 1222 5810 facto
1249 5754 1426 5806 cuneo,
1452 5737 1642 5794 sedenti
1669 5737 1720 5791 in
1745 5735 2058 5792 Alexandria

1755 305 1814 362 S.
1853 302 2231 364 lllEllONYlll
2268 307 2454 364 ΥΠΑ.

3641 309 3745 364 156

2161 419 2261 472 vim
2285 423 2456 492 facere
2477 420 2645 474 conati
2669 428 2805 476 sunt.
2840 421 2925 488 Et,
2963 419 3300 480 Prtetermitto
3327 421 3580 491 quomodo
3603 427 3747 480 nobis

2161 525 2332 564 necem
2363 510 2554 580 inferre
2580 514 2875 567 tentaoe‘rint
2895 553 2910 579 ,
2948 514 3194 584 etquibus
3222 513 3422 570 insidiis
3458 516 3513 569 id
3552 517 3747 572 malei-

2163 601 2270 654 nati
2291 609 2428 668 sunt,
2457 611 2565 658 etc.
2589 603 2721 657 Tum
2758 603 2879 660 illos
2898 605 3048 675 quasi
3073 605 3394 675 transfugas,
3426 622 3531 662 non
3558 608 3659 664 abs
3687 625 3748 668 se

2159 701 2338 746 autem
2379 704 2603 749 exactos
2650 693 2719 750 de
2774 697 3138 762 monasteriis,
3183 697 3512 766 signiﬁcans,
3573 700 3744 767 addit,

2159 781 2493 838 Condentnati
2533 796 2674 852 sunt,
2715 795 2759 840 et
2787 788 2934 855 ejeeti
2977 787 3041 842 de
3083 787 3351 856 Ecclesia;
3397 792 3487 845 sed
3522 794 3748 862 fatuitati

2153 878 2336 948 juncta
2375 877 2634 946 superbia,
2693 877 3063 950 Episcoporum
3099 882 3312 951 judiciis
3363 886 3742 954 contradicunt,

2159 967 2508 1023 colus-relicum
2545 986 2690 1042 suum
2731 971 2944 1026 nitentes
2979 972 3223 1028 seditione
3251 975 3536 1046 defendere,
3577 987 3624 1030 et
3648 981 3748 1046 ’ρον

2161 1060 2354 1115 alienas
2381 1061 2665 1129 prouincias
2695 1062 3032 1130 suberrantes,
3063 1065 3291 1120 damnati
3327 1067 3627 1124 damnatum
3654 1070 3748 1122 lm-

2160 1150 2272 1205 bent
2295 1151 2476 1206 ducent
2499 1151 2648 1225 (puta
2679 1153 2960 1223 lsidorum)
2997 1164 3042 1212 et
3069 1156 3224 1227 lutjus
3262 1157 3429 1226 aperis
3455 1160 3742 1230 eriguntur.

2163 1239 2379 1295 Obsecro
2406 1242 2575 1314 itaque
2618 1259 2723 1309 vos,
2756 1241 3260 1310 Fratrescarissinsi,
3285 1257 3338 1300 ut
3376 1249 3421 1302 si
3449 1249 3614 1304 istltuc
3656 1255 3751 1304 ne?

2158 1330 2326 1397 niuut,
2349 1333 2612 1402 praeceptis
2646 1333 2961 1404 liraugelia's
2994 1351 3078 1390 eos
3107 1335 3175 1390 ad
3214 1328 3466 1407 lacrgmas
3505 1355 3767 1408 prouoce-.

2158 1425 2340 1482 tis.....
2387 1427 2493 1482 Sed
2521 1437 2573 1480 ut
2613 1428 2768 1481 audio
2807 1428 3060 1484 imitantes
3083 1428 3362 1497 Zabulum,
3394 1432 3494 1486 huc
3521 1433 3746 1503 illucque
3831 1465 3840 1474 ~

2158 1515 2470 1581 discurrunt,
2518 1525 2566 1571 et
2601 1528 2838 1586 quarunt
2879 1535 3008 1588 quos
3051 1519 3159 1574 suis
3204 1521 3545 1589 ioupietatibus
3587 1523 3745 1577 devo-

2158 1616 2407 1663 rent......
2466 1606 2644 1664 Sicubi
2693 1625 2813 1680 ergo
2859 1613 3044 1680 fratres
3087 1619 3137 1665 et
3184 1611 3396 1681 plebem,
3445 1629 3560 1683 qua
3603 1615 3746 1674 vobis

2159 1696 2348 1752 credita
2389 1708 2484 1764 est,
2513 1699 2716 1754 turbare
2757 1702 3076 1765 teutaoerint,
3115 1702 3366 1761 custodite
3403 1721 3604 1775 gregem
3634 1704 3758 1761 Do-e

2159 1787 2303 1851 mini,
2335 1798 2382 1842 et
2408 1789 2614 1844 insanos
2643 1790 2861 1859 impetus
2886 1807 3058 1846 eorum
3084 1795 3358 1864 reprimite.

2231 1877 2319 1933 IV.
2361 1877 2536 1934 Verba
2557 1879 2672 1937 hare
2700 1882 2811 1951 ipsa
2839 1893 2983 1948 sunt,
3009 1899 3130 1954 quae
3159 1899 3224 1939 ex
3250 1885 3531 1957 Theophili
3551 1886 3746 1944 Graeco

2161 1977 2305 2024 textu
2335 1970 2522 2032 Latine
2550 1973 2742 2035 retudit
2784 1974 3159 2047 Hieronymus,
3188 1987 3245 2032 ut
3275 1987 3330 2034 et
3362 1980 3472 2047 illa,
3498 1997 3618 2051 qua:
3643 1999 3740 2036 sn-

2160 2060 2338 2130 perius
2360 2077 2424 2116 ex
2444 2061 2683 2116 Paschali
2717 2064 2883 2133 prima
2905 2065 3294 2136 decerpsimus.
3323 2067 3551 2126 Sanctus
3570 2073 3755 2136 enin»,

2160 2165 2287 2205 vero
2307 2149 2466 2205 Pater
2491 2166 2612 2206 cum
2645 2154 2783 2208 miro
2807 2153 2933 2209 odio
2960 2155 3350 2229 Origenismum
3375 2171 3740 2228 aversaretur,

2159 2259 2417 2315 suamque
2459 2245 2522 2298 ad
2550 2261 2670 2299 cuin
2701 2247 3105 2315 exstirpandum
3133 2249 3378 2307 conferre
3418 2267 3658 2324 operam,
3689 2267 3744 2312 et

2159 2337 2354 2407 saepius
2380 2337 2726 2407 ﬂagitaretur,
2753 2349 2806 2393 et
2827 2349 3018 2410 sponte
3041 2342 3223 2406 vellet,
3247 2343 3376 2397 nihil
3405 2345 3459 2398 in
3480 2361 3601 2401 eam
3627 2359 3748 2404 rem

2159 2428 2325 2483 satius
2352 2429 2523 2492 duxit,
2551 2445 2708 2500 quam
2730 2446 2937 2499 eorum,
2961 2433 3046 2504 qui
3074 2437 3389 2492 auctoritate
3413 2454 3508 2492 sua
3541 2440 3592 2493 in
3621 2439 3744 2496 Ori-

2158 2521 2394 2590 genistas
2421 2521 2933 2591 animadverteram,
2981 2529 3273 2583 sententias
3308 2539 3361 2585 et
3389 2533 3588 2602 scripta
3623 2550 3747 2604 pro-

2161 2610 2323 2667 ferret
2349 2613 2526 2679 latius,
2561 2623 2616 2668 et
2657 2631 2769 2670 suae
2800 2617 2994 2687 linguzn
3040 2618 3346 2674 hominibus
3377 2626 3744 2679 communica-

2159 2713 2260 2758 ret.
2292 2702 2456 2776 Cujus
2503 2713 2650 2760 ccrte
2699 2707 2777 2760 rei
2827 2709 3054 2761 maxima
3097 2693 3412 2766 dcbcttmei
3450 2716 3640 2782 gratia,
3689 2724 3746 2769 ut

2159 2794 2326 2849 sicubi
2353 2795 2514 2850 ctiam
2541 2807 2816 2866 peccatum
2843 2797 3147 2856 humanitus
3171 2803 3241 2856 sit
3273 2804 3320 2856 in
3353 2819 3413 2858 ea
3443 2808 3744 2876 peragenda

2159 2899 2342 2950 causa,
2376 2885 2597 2954 privatis
2639 2887 2774 2942 odiis
2812 2888 2879 2944 ad
2914 2891 3167 2946 Ecclesia:
3211 2904 3390 2964 partes
3441 2897 3746 2952 accedenti-

2161 2975 2295 3042 bus;
2329 2978 2656 3033 monimenta
2703 2979 2789 3033 illa
2824 2988 3023 3044 tamen,
3057 2983 3248 3050 quibus
3283 2984 3531 3041 haeretica
3561 2989 3747 3057 proﬂi-

2158 3078 2276 3140 gata
2303 3079 2383 3124 est
2414 3069 2594 3138 factio,
2622 3081 2675 3124 et
2702 3070 2758 3127 S.
2792 3072 2950 3128 Pater
2985 3082 3068 3128 est
3113 3075 3508 3147 interpretatus,
3539 3079 3605 3136 ab
3645 3081 3746 3138 hac

2160 3160 2320 3217 etiam
2342 3162 2450 3216 sint
2473 3162 2594 3220 labe
2619 3162 2898 3220 immunia.
2935 3165 3174 3232 Accedit,
3204 3168 3345 3239 quod
3381 3168 3585 3226 Graecis
3599 3173 3744 3242 jam-

2160 3250 2249 3306 diu
2273 3251 2401 3310 olim
2428 3269 2610 3308 earnm
2635 3256 2979 3324 scriptionum
3005 3255 3296 3327 deperditis
3324 3263 3743 3331 exemplaribus,

2160 3348 2301 3396 totus
2326 3343 2494 3398 let-ine
2517 3345 2583 3399 ab
2612 3345 2692 3402 his
2725 3345 2926 3401 fructus
2952 3351 3274 3416 repetendus
3299 3362 3380 3406 est
3409 3353 3746 3424 Origenianm

2162 3432 2418 3498 historiae,
2453 3447 2780 3506 assertmquc
2807 3450 2932 3495 tunc
2961 3443 3218 3512 temporis
3247 3442 3534 3501 Catholicae
3565 3447 3745 3516 Fidei,

2159 3543 2278 3597 quae
2327 3531 2651 3587 authenticis
2701 3533 2851 3588 libris
2903 3535 3034 3589 Acta
3077 3537 3508 3594 continebantur.
3556 3540 3744 3609 Neque

2159 3621 2301 3674 enim
2348 3621 2657 3677 Pssehalcm
2710 3626 3078 3680 tantummodo
3133 3629 3276 3684 illam
3323 3638 3376 3686 et
3414 3630 3744 3702 Synodicam

2160 3713 2449 3784 Epistulam
2494 3716 2795 3782 convertit,
2845 3717 2942 3773 sed
2984 3719 3238 3791 pleraque
3281 3721 3385 3778 alia
3443 3723 3496 3777 in
3550 3724 3743 3782 eadem

2158 3820 2338 3869 causa,
2365 3823 2486 3862 cum
2527 3807 2829 3876 Theophili,
2861 3817 2969 3864 tum
2998 3813 3222 3868 aliorum
3259 3814 3480 3884 scripta,
3509 3813 3740 3886 Syundi,

2160 3898 2416 3968 inquam,
2465 3897 2930 3971 .lerosolymitante
2984 3917 3339 3972 responsum,
3394 3913 3448 3960 et
3497 3905 3740 3980 Dionysii

2159 3987 2462 4054 Liddensis,
2490 4000 2540 4044 et
2563 3988 2872 4061 Epiphanii,
2895 4001 3054 4063 atque
3082 3993 3206 4058 alia,
3242 4003 3404 4065 utque
3425 4005 3507 4052 est
3531 3998 3744 4052 verssi-

2159 4085 2460 4150 utillimum,
2490 4085 2698 4149 omnia,
2727 4099 2846 4155 qum
2867 4083 2971 4139 hoc
2997 4101 3138 4140 antro
3173 4087 3386 4142 luerunt
3416 4099 3598 4144 COltll‘a
3623 4089 3744 4147 Ori-

2158 4179 2390 4248 genistas
2419 4176 2751 4233 elucubrata.
2779 4177 2908 4246 Quae
2935 4178 3149 4249 quidem
3182 4195 3281 4235 nos
3308 4182 3538 4251 primum
3565 4185 3742 4254 maxio

2161 4283 2300 4324 ιιιιηι
2322 4278 2470 4324 certe
2498 4279 2705 4339 portent
2737 4269 2789 4324 in
2833 4269 3010 4326 lucem
3037 4270 3381 4340 protulimus,
3412 4282 3467 4328 et
3497 4289 3622 4328 cum
3649 4283 3744 4330 aut

2161 4359 2494 4414 nescirentnr
2523 4358 2680 4430 plane
2716 4369 2898 4427 antea,
2947 4371 3040 4416 aut
3081 4360 3355 4432 deperdita
3381 4361 3584 4434 jamdiu
3626 4378 3746 4418 cre-
3794 4411 3801 4439 ζ

2159 4453 2436 4519 darentur,
2477 4454 2909 4528 llicronymianis
2951 4455 3168 4526 reliquis
3209 4465 3393 4527 utpote
3430 4472 3744 4527 germanam

2161 4547 2346 4618 procul
2387 4548 2553 4604 dubio
2582 4547 2780 4619 ingenii
2818 4548 2933 4620 ejus
2973 4548 3160 4603 sobole
3199 4548 3597 4604 adcensuimus.
3621 4550 3745 4604 Alio

2159 4651 2337 4696 autem
2359 4651 2606 4712 respectu
2637 4642 2775 4697 inter
2803 4657 2862 4696 se
2881 4650 3038 4709 atque
3063 4641 3248 4696 ordine
3277 4641 3346 4696 ibi
3373 4652 3741 4705 recensentur.

2159 4733 2230 4786 ab
2258 4749 2322 4787 eo
2341 4734 2428 4803 qui
2449 4749 2590 4788 nunc
2616 4734 2786 4804 magis
2813 4732 3106 4797 adrideret,
3138 4741 3190 4786 et
3211 4732 3276 4786 ad
3303 4748 3461 4803 quem
3497 4732 3616 4788 hcie
3642 4734 3742 4788 loci

2157 4823 2397 4894 exigere,
2427 4839 2532 4880 non
2558 4824 2654 4878 abs
2691 4838 2753 4878 re
2777 4822 3005 4887 videtur,
3036 4822 3266 4887 tametsi,
3306 4831 3362 4876 ut
3391 4833 3574 4892 aperte
3602 4823 3744 4893 quod

2160 4913 2335 4969 sentio
2363 4914 2558 4975 dicam,
2591 4928 2764 4984 neque
2791 4912 2878 4968 hic
2917 4911 3047 4967 satis
3075 4912 3349 4981 probetur,
3378 4927 3551 4982 neque
3581 4927 3745 4982 porro

2162 5005 2394 5073 videam,
2417 5006 2461 5060 si
2487 5005 2608 5075 quis
2643 5005 2695 5060 in
2725 5012 2870 5060 tanta
2910 5003 3256 5074 pugnantium
3284 5015 3471 5058 contra
3523 5019 3581 5059 se
3608 5006 3739 5061 invi-

2161 5112 2278 5154 cem
2317 5097 2744 5154 testimoniornm
2769 5096 3103 5163 diversitate,
3132 5106 3383 5166 quantam
3421 5095 3564 5152 haud
3593 5097 3750 5156 facile
3803 5133 3810 5140 .

2161 5187 2367 5256 credet,
2393 5189 2485 5258 qui
2516 5188 2662 5244 hisce
2683 5187 3026 5244 monimentis
3052 5202 3268 5246 manum
3295 5201 3401 5243 non
3422 5187 3744 5265 admoverit,

2159 5289 2340 5338 certus
2367 5275 2558 5336 escudi
2589 5279 2775 5349 possit.

2237 5370 2300 5426 γ.
2342 5369 2551 5426 Fecerit
2573 5371 2753 5440 itaque
2778 5369 3004 5428 Sanetus
3025 5369 3182 5426 Pater
3207 5369 3274 5424 ab
3305 5370 3752 5443 interpretatione

2165 5461 2438 5522 Paschalis
2483 5462 2738 5533 Epistolas
2767 5461 2972 5516 initium
3004 5477 3017 5512 :
3045 5477 3165 5531 qua:
3200 5463 3372 5532 prima
3417 5465 3472 5518 in
3504 5465 3754 5522 Editiom.

2165 5563 2347 5610 nostra
2374 5565 2476 5617 est,
2505 5563 2561 5608 et
2588 5553 2732 5622 iuxta
2762 5554 3093 5610 certissimas
3111 5553 3264 5626 Cycli
3285 5554 3562 5617 Paschalis
3589 5573 3749 5632 regu—

2167 5646 2246 5700 las
2272 5643 2544 5714 hujnsmet.
2561 5645 2689 5700 anni
2711 5644 2812 5701 401
2842 5644 3043 5702 Pascha
3071 5645 3374 5712 denuntiat,
3423 5648 3564 5718 quod
3591 5665 3756 5706 nono-

2167 5736 2358 5792 decimo
2387 5736 2470 5790 die
2510 5736 2693 5792 mensis
2719 5735 3050 5804 P/tarmuthi,
3085 5733 3135 5791 id
3163 5744 3268 5804 est,
3301 5737 3497 5812 Aprilis
3539 5739 3752 5812 decimo
