4052 6338
246 433 350 490 15⁸1

245 553 440 616 quarto
466 543 804 615 designatur.
835 543 902 600 Et
931 543 1103 615 primo
1121 541 1335 614 quidem
1363 541 1522 608 Vere,
1565 539 1610 598 si
1641 539 1836 610 placet,

246 636 435 694 Latine
477 636 621 693 hanc
656 635 936 703 retuderit,
977 645 1034 692 ut
1077 637 1146 692 ab
1169 651 1236 692 eo
1279 646 1520 706 tempore
1554 631 1624 687 ad
1650 631 1839 688 subsc-

245 727 458 800 quentis
503 728 632 784 anni
668 734 935 791 aestatem,
967 742 1087 783 cum
1136 727 1350 784 tertium
1379 725 1636 780 adversus
1666 721 1838 778 Rulli-

247 836 372 876 num
416 819 644 874 Librum
684 829 950 882 exararct,
978 833 1111 875 vere
1152 819 1368 885 dixerit,
1399 818 1556 886 ferme
1579 815 1834 872 biennium

246 913 640 968 intercessisse.
664 911 864 967 Locum
909 911 1044 968 infra
1090 909 1444 968 laudabimus.
1495 910 1608 963 l’luc
1652 916 1831 962 autem

244 1005 450 1062 referre
481 1007 612 1060 illud
639 1005 819 1071 liceat,
847 1004 988 1075 quod
1019 1004 1242 1074 primam
1287 1010 1654 1072 tempestatem
1684 1000 1830 1053 illam

246 1100 368 1154 anni
407 1098 464 1156 S.
515 1099 788 1170 lnterpres
839 1106 1008 1164 nutat,
1055 1113 1176 1153 eum
1231 1095 1468 1166 Epistula
1505 1091 1712 1148 XCVII.
1761 1091 1829 1146 ad

244 1191 646 1246 Pammachium
677 1199 732 1245 et
755 1189 1078 1254 Marcellam,
1105 1188 1322 1244 mittens
1348 1185 1656 1242 Paschalem
1697 1183 1830 1256 alte-

243 1296 378 1350 ram,
406 1283 625 1350 Rursus,
658 1283 755 1348 ait,
787 1281 1128 1337 Orientalibus
1165 1296 1251 1335 vos
1281 1279 1532 1349 locupleto
1558 1278 1824 1344 mercibus,

241 1383 284 1427 et
312 1373 692 1428 Alexandrinas
735 1390 854 1444 opes
881 1373 1045 1442 primo
1085 1371 1305 1426 Romam
1354 1369 1480 1425 Vere
1515 1368 1822 1432 transmitto,

241 1473 297 1518 ut
327 1463 457 1518 illud
500 1465 666 1534 primo
707 1480 818 1518 uere
847 1463 912 1517 ad
953 1474 1234 1533 utramque
1261 1460 1594 1528 Paschalem,
1642 1459 1822 1529 hujus,

241 1556 476 1627 inquam.
522 1567 578 1612 et
623 1556 1004 1627 subsequentis
1033 1557 1182 1622 anni,
1233 1555 1282 1609 vi
1331 1553 1570 1610 adverbii
1621 1569 1819 1620 rursus,

241 1649 380 1720 quod
413 1659 700 1720 utrumque
731 1650 1012 1704 sententia:
1039 1648 1339 1704 membrum
1371 1646 1590 1714 alliciat,
1623 1645 1824 1704 refera-

241 1749 344 1794 tur.
375 1739 449 1794 Ita
479 1752 578 1796 nos
605 1755 782 1798 rerum
806 1740 938 1796 ordo
963 1753 1289 1811 componere
1310 1739 1548 1796 rationes
1565 1737 1741 1809 jubet,
1765 1745 1822 1793 ut

240 1831 322 1888 lex
346 1827 745 1901 deinde'aliqua
771 1831 1044 1900 allulgeat.

312 1923 393 1977 γι.
415 1924 684 1980 Cmterum
709 1937 815 1979 non
835 1923 1169 1987 Paschalem,
1185 1922 1280 1979 sed
1297 1921 1616 1995 Synodicam
1641 1923 1819 1992 priore

239 2012 348 2081 ipse
375 2014 495 2072 loco
518 2017 782 2079 nominat,
811 2032 876 2071 ex
905 2015 1007 2080 his,
1035 2030 1154 2085 quae
1180 2015 1371 2086 insigni
1400 2014 1705 2071 testimonio
1727 2016 1819 2070 illo

237 2103 324 2158 lib.
357 2103 444 2160 Ill.
487 2117 675 2162 contra
707 2106 975 2162 Ruflinum
1003 2105 1070 2162 de
1099 2106 1380 2176 Theophili
1420 2107 1634 2176 scriptis
1662 2121 1721 2161 se
1743 2109 1818 2162 ait

235 2196 589 2253 transtulisse.
619 2196 766 2252 Duas
791 2239 806 2263 ,
840 2197 1052 2268 inquit,
1081 2197 1397 2268 Synodicam
1433 2207 1481 2252 et
1511 2197 1815 2252 Pascltalem

232 2287 336 2356 ejus
361 2274 399 2359 ’(
421 2287 749 2358 TheOphili)
781 2287 1041 2360 Epistolas
1069 2298 1246 2343 contra
1291 2287 1558 2358 Origenem
1581 2287 1817 2357 illiusque

230 2379 527 2448 discipulos,
576 2391 625 2436 et
653 2381 787 2435 alias
814 2380 1058 2434 adversus
1097 2379 1470 2448 Apollinarium
1493 2387 1544 2432 et
1585 2378 1816 2431 eumdem

231 2469 498 2542 Origenem
525 2489 617 2543 per
640 2472 736 2525 hoc
763 2475 924 2542 fenus
953 2470 1208 2524 biennium
1232 2469 1590 2539 interpretatus
1612 2485 1742 2535 sum,
1770 2475 1816 2522 et

226 2563 271 2617 in
295 2565 699 2634 adiﬁcationem
727 2562 975 2617 Ecclesia:
1014 2561 1252 2634 legendas
1281 2570 1466 2617 nostra:
1491 2562 1680 2633 lingua:
1715 2561 1812 2615 Ito-

228 2657 444 2712 minibus
471 2656 612 2711 dedi.
658 2657 845 2713 Potest
873 2657 924 2711 in
952 2671 1070 2712 eam
1101 2671 1311 2727 quoque
1341 2671 1454 2712 rem
1483 2655 1620 2711 sumi
1649 2670 1810 2728 argu-

227 2761 463 2806 mentum
495 2765 562 2803 ex
593 2749 746 2814 loco,
779 2764 938 2819 quem
971 2749 1024 2804 in
1058 2748 1425 2807 Ambrosiante
1463 2746 1810 2802 Bibliotheca:

226 2840 594 2910 manuscripto
624 2840 814 2896 codice
836 2854 970 2896 auro
993 2848 1181 2896 contra
1205 2854 1270 2898 ac
1293 2839 1517 2910 gemmis
1541 2839 1811 2893 mstiman-

225 2935 316 3002 do,
359 2933 574 2989 obtinet
603 2950 617 2985 :
648 2932 702 2986 in
747 2947 856 3003 quo
891 2947 1014 2988 cum
1043 2932 1223 2990 omnia
1270 2932 1436 2988 ferme
1473 2931 1808 3002 Origcnianze

225 3043 393 3084 causa:
420 3044 486 3084 ac
533 3027 894 3083 damnationis
921 3028 1248 3084 monimenta
1275 3027 1370 3084 abs
1400 3027 1724 3097 Hieronymo
1753 3027 1805 3082 in

226 3121 465 3179 Latinum
516 3122 777 3177 translata
822 3122 1220 3186 contineantur,
1253 3119 1516 3188 Synodica
1565 3118 1806 3189 proxime

227 3213 540 3274 Paschalem
580 3213 744 3284 hujus
774 3214 899 3268 anni
933 3213 1225 3283 Epistulam
1253 3213 1541 3271 antecedit.
1577 3215 1806 3272 Antece-

226 3307 293 3362 dit
321 3316 502 3364 autem
528 3323 635 3362 non
659 3305 1016 3377 imprudentis
1038 3306 1335 3376 Antiquarii
1355 3306 1521 3362 lubitu
1543 3314 1636 3364 aut
1654 3321 1800 3372 casu,

229 3403 316 3454 scd
331 3399 537 3465 dedita,
555 3409 614 3455 ut
633 3399 886 3470 colligere
906 3399 1030 3454 licet
1047 3414 1113 3454 ex
1129 3398 1598 3470 consequentibus,
1614 3413 1801 3468 opera;

228 3506 342 3546 nam
373 3488 578 3562 alioqui
608 3502 881 3562 gestorum
922 3491 1076 3556 ordo,
1104 3499 1160 3546 et
1188 3491 1438 3548 materies
1463 3491 1801 3562 postulabat,

227 3593 278 3638 ut
317 3584 460 3638 illam
495 3598 635 3654 pone
663 3582 1082 3653 subsequeretur
1107 3582 1307 3654 Synodi
1341 3582 1804 3649 Jerosolymilana:

227 3675 533 3745 responsio,
567 3689 674 3728 non
721 3672 997 3729 Paschalis
1043 3672 1132 3728 illa
1179 3671 1452 3744 Epistula,
1501 3688 1622 3743 qure
1665 3672 1806 3730 inter

226 3775 497 3837 utramque
521 3765 786 3835 conjecta,
815 3765 883 3820 ad
911 3765 1067 3820 fidem
1091 3765 1439 3823 vetustissimi
1458 3765 1800 3835 exemplaris,

225 3873 282 3912 ac
308 3857 568 3928 temporis
594 3855 749 3912 facile
779 3855 1199 3927 llieronymiani,
1222 3856 1291 3910 ita
1320 3855 1450 3912 olim
1481 3856 1802 3913 collocatam

225 3964 278 4004 se
302 3951 523 4006 indicat.
552 3950 683 4019 Quae
707 3949 926 4021 quidem
949 3950 1070 4006 ideo
1097 3949 1440 4019 replicamus,
1467 3948 1608 4016 quod
1629 3949 1806 4006 adhuc

224 4056 277 4096 re
301 4044 413 4112 ipsa
443 4055 544 4096 nos
574 4051 842 4104 moveant,
872 4052 1032 4112 atque
1060 4039 1288 4110 expendi
1314 4040 1382 4095 ab
1419 4039 1800 4096 ernditioribus

227 4133 443 4189 velimus
472 4151 488 4188 :
517 4132 748 4204 denique
789 4143 846 4186 ut
893 4148 959 4187 ne
989 4131 1263 4187 videamur
1289 4131 1416 4186 olim
1437 4171 1454 4196 ,
1479 4146 1600 4186 cum
1627 4130 1801 4203 Syno—

225 4225 388 4280 dicam
418 4227 589 4296 ipsam
629 4225 918 4289 edidimus,
943 4225 1132 4279 leviter
1174 4239 1239 4280 ex
1269 4222 1374 4279 hoc
1400 4224 1590 4280 ordine
1615 4223 1799 4294 conje-

226 4327 423 4371 cturam
454 4317 648 4372 fecisse
677 4315 746 4371 de
772 4316 1134 4372 translationis
1164 4316 1533 4387 praerogativa.
1565 4316 1636 4372 At
1658 4317 1802 4372 enim

227 4411 264 4464 si
294 4412 473 4481 priore
499 4410 620 4466 loco
660 4409 922 4466 redditam
969 4409 1161 4466 Latine
1187 4409 1512 4482 Synodieam
1549 4410 1799 4476 dicimus,

227 4517 335 4570 quae
365 4501 468 4557 nisi
499 4508 621 4571 post
637 4499 1008 4572 Septembrem
1037 4516 1274 4558 mensem
1298 4501 1624 4574 Hieronymo
1652 4501 1804 4558 inno-

232 4603 428 4651 tescere
461 4594 686 4650 omnino
713 4609 818 4649 non
863 4593 1036 4665 potuit
1063 4595 1154 4666 (eo
1181 4594 1440 4664 siquidem
1479 4608 1664 4650 mense
1692 4593 1806 4649 fere

232 4685 401 4740 medio
425 4727 441 4752 ,
475 4685 665 4742 Graece
708 4685 883 4740 adhuc
925 4687 1220 4757 perscripta
1263 4685 1331 4740 ab
1358 4695 1576 4741 auctore
1602 4685 1668 4740 ad
1703 4686 1804 4740 Pa-

231 4774 462 4830 laastinos
504 4775 799 4846 Episcopus
841 4775 894 4830 in
937 4776 1092 4832 .IEliaa
1139 4777 1410 4832 Eucumiis
1454 4785 1804 4847 congregatus

231 4867 383 4922 missa
427 4869 535 4939 est)
563 4869 785 4922 minime
825 4868 913 4923 illa
942 4869 1143 4925 biennii
1173 4868 1329 4932 ratio,
1376 4882 1535 4938 quam
1566 4877 1716 4922 notat
1744 4867 1804 4923 S.

232 4955 512 5029 lntcrpres,
540 4959 828 5022 constabit,
863 4959 964 5014 nisi
989 4960 1032 5014 si
1061 4974 1179 5014 eam
1208 4968 1455 5028 putemus
1478 4957 1804 5026 praecedenti

233 5062 361 5104 anno
401 5048 510 5106 400
548 5051 822 5121 scriptam.
853 5051 982 5120 Qua:
1011 5051 1224 5121 quidem
1251 5049 1512 5105 sententia
1553 5048 1679 5102 olim
1713 5063 1808 5104 nu-

233 5149 330 5192 stra
363 5151 518 5203 crat;
549 5141 645 5197 sed
675 5142 892 5197 obstare
937 5141 1278 5211 postmodum
1322 5140 1433 5195 visa
1464 5149 1545 5195 est
1573 5154 1755 5195 rerum
1788 5181 1804 5206 ,

234 5243 341 5298 qua:
371 5229 724 5302 subsequuta:
747 5239 894 5297 sunt,
925 5232 1114 5297 series,
1141 5242 1301 5303 atque
1325 5229 1453 5287 illud
1477 5244 1599 5285 eum
1620 5229 1807 5300 primis

235 5320 366 5387 quod
393 5321 466 5378 de
485 5321 778 5393 transfugis
791 5322 1082 5389 Monaehis,
1108 5322 1284 5394 deque
1310 5330 1388 5378 tot
1413 5321 1644 5377 motibus
1673 5336 1808 5392 quos

235 5407 491 5482 Synodica
533 5425 818 5484 memorat,
868 5415 1141 5471 Paschalis
1185 5415 1308 5471 silet
1338 5433 1353 5470 :
1379 5429 1500 5486 quas
1544 5415 1809 5485 sequioris

239 5504 488 5573 temporis
514 5512 642 5560 nuta
671 5516 756 5560 est
776 5547 790 5568 ,
820 5520 946 5560 eum
971 5521 1035 5561 ea
1079 5505 1441 5576 contigerunt.
1484 5504 1647 5576 Igitur
1689 5512 1811 5575 post

239 5607 422 5659 novem
449 5597 566 5653 fere
591 5597 662 5653 ab
688 5595 790 5652 hac
813 5612 1026 5654 menses
1063 5597 1259 5668 scripta
1294 5597 1383 5652 illa
1407 5597 1579 5654 videri
1610 5605 1808 5668 potest,

237 5698 286 5743 et
308 5689 447 5745 haud
470 5691 640 5784 multo
663 5699 798 5762 post,
827 5690 1019 5746 eodem
1047 5699 1290 5753 vertente
1318 5700 1495 5746 tamen
1518 5705 1664 5746 anno
1701 5690 1802 5746 401

240 5788 324 5835 aut
365 5781 750 5854 subsequentis
775 5783 928 5840 initio
957 5782 1010 5838 in
1038 5781 1286 5840 Latinum
1319 5795 1474 5838 versa
1501 5783 1599 5838 abs
1627 5781 1814 5838 illoru-

240 5884 412 5933 llVlllOo

1529 425 1588 479 ξεί.
1629 419 2006 478 ΠΙΕΒΟΝΥΜΙ
2050 422 2230 480 νιτλ.

3432 441 3534 496 κη

2026 537 2136 596 γιι.
2166 540 2270 596 Sed
2288 541 2780 613 interpretationem
2804 549 2972 619 ipsam
2997 551 3139 623 quod
3160 563 3383 624 spectat,
3409 555 3528 613 dua:

1945 631 2086 699 aliae,
2110 633 2214 688 nisi
2239 632 2525 690 admodum
2555 635 2809 704 fallimur,
2831 640 3091 711 Epistula:
3113 653 3548 716 praecesserunt,

1943 739 2168 794 quarum
2196 737 2363 782 attera
2392 728 2673 799 Theophili
2703 730 2769 785 ad
2801 731 3205 804 Hieronymum,
3235 738 3400 793 altera
3429 739 3529 794 hu-

1937 815 2026 884 jus
2069 817 2133 871 ad
2171 818 2317 872 illum
2362 821 2664 890 Rcsminsio
2706 831 2788 878 est
2820 839 2833 876 ε
2864 822 2953 876 illa
2984 840 3208 884 numero
3235 813 3548 898 Lxxm,‘

1941 905 2056 961 hare
2084 907 2350 963 LXXXVI
2389 911 2440 965 in
2483 911 2728 968 Editione
2760 922 2943 968 nostra
2974 925 3356 984 prmnotantur.
3383 910 3529 975 Suri.

1937 999 2016 1054 bit
2045 1001 2379 1072 'l'he0philus
2409 1020 2501 1078 per
2531 1005 2874 1062 Theodorum
2905 1007 3227 1064 monachum
3247 1051 3262 1075 ,
3296 1011 3385 1080 qui
3416 1012 3524 1066 Ro-

1937 1107 2071 1146 mam
2097 1096 2445 1170 navigaturus,
2471 1096 2626 1154 facile
2643 1099 2707 1158 ad
2724 1099 2997 1156 ferendum
3012 1103 3295 1158 Anastasio
3311 1102 3380 1162 de
3400 1119 3523 1174 pru-

1935 1183 2127 1256 fligatis
2149 1185 2466 1258 Origenistis
2492 1193 2756 1258 nuntium,
2786 1193 2950 1247 noluit
2984 1203 3101 1249 ante
3121 1196 3398 1266 proﬁcisci,
3428 1197 3527 1250 nisi

1934 1275 2314 1352 Hieronymum
2342 1291 2392 1338 et
2434 1293 2635 1340 sanctos
2672 1288 2879 1356 fratres,
2913 1283 3001 1355 qui
3024 1300 3144 1342 cum
3185 1302 3250 1342 eo
3291 1297 3443 1343 erant
3469 1289 3522 1340 in

1933 1366 2265 1439 tllonasterio,
2290 1373 2438 1440 quasi
2477 1391 2571 1431 sua
2599 1376 2786 1430 viscera
2831 1379 3226 1448 amplexantur,
3257 1389 3303 1433 et
3337 1380 3522 1434 invise-

1929 1472 2024 1518 ret.
2069 1463 2251 1532 Quem,
2285 1467 2496 1534 subdit,
2523 1485 2637 1524 cum
2664 1473 2947 1542 susceperis
2973 1489 3066 1547 pro
3097 1472 3328 1528 Ecclesia
3352 1461 3545 1528 "tran?

1929 1555 2180 1626 quillitate
2207 1557 2400 1614 laetare.
2443 1558 2576 1614 Vidit
2600 1561 2734 1615 enim
2763 1572 2945 1616 cuncta
2971 1562 3019 1617 Ν
3025 1564 3155 1619 itria:
3177 1562 3512 1627 Monasteria,

1927 1655 1974 1700 et
2003 1646 2190 1716 referre
2217 1658 2380 1720 potest
2404 1652 2766 1706 continentiam
2802 1663 2850 1707 et
2879 1656 3312 1715 mansuetudinem
3338 1675 3515 1711 mona-

1927 1735 2140 1792 chorum
2168 1753 2189 1793 :
2211 1741 2464 1808 quomodo
2492 1743 2722 1802 extinctis
2746 1753 2794 1800 et
2819 1746 3007 1818 fugatis
3039 1747 3271 1819 Origcnis
3297 1760 3513 1804 sectato-

1925 1827 2085 1896 ribus,
2132 1846 2237 1900 paa:
2279 1828 2510 1888 Ecclesia
2554 1834 2752 1888 reddita
2790 1837 2888 1902 sit,
2918 1846 2965 1890 et
3005 1837 3276 1908 disciplina
3303 1839 3512 1896 Domini

1923 1931 2257 1976 conservetur.
2289 1920 2453 1992 Atque
2477 1924 2668 1980 utinam
2695 1925 2835 1996 apud
2866 1942 2951 1981 vos
2978 1943 3175 2000 quoque
3207 1928 3512 2002 deponerent

1925 2009 2254 2081 hypocrisiin,
2299 2015 2387 2085 qui
2427 2019 2620 2071 occulte
2666 2017 2904 2071 dicuntur
2949 2021 3188 2076 subruere
3229 2023 3506 2078 ueritatem.

1923 2098 2018 2155 Ha:
2048 2101 2236 2173 primae
2276 2103 2524 2158 videntur
2567 2105 2846 2177 TheOphili
2892 2107 2960 2162 ad
3000 2107 3249 2168 Nostrum
3294 2111 3462 2168 litera:
3489 2155 3506 2180 ,

1903 2185 2114 2260 'quihus
2139 2191 2208 2248 de
2228 2193 2415 2262 ejectis
2438 2210 2469 2249 e
2485 2195 2674 2250 Nitriae
2693 2208 2874 2253 monte
2896 2200 3208 2272 Origenistis
3229 2205 3507 2258 monachis

1921 2281 2220 2338 nuntiatum
2254 2271 2354 2339 est.
2401 2284 2784 2341 Intercesscrat
2811 2304 2941 2342 vero
2975 2289 3085 2359 jam
3112 2291 3328 2361 aliquod
3355 2295 3422 2349 ab
3449 2310 3507 2350 re

1920 2382 2071 2441 gesta
2102 2375 2360 2446 temporis
2403 2377 2634 2447 spatium
2668 2396 2681 2432 :
2713 2379 2973 2451 siquidem
3004 2391 3058 2437 et
3084 2383 3173 2453 qui
3211 2383 3394 2440 Nitrim
3423 2402 3506 2442 rc-

1920 2476 2230 2524 manserunt
2259 2468 2501 2526 Monachi
2529 2487 2594 2527 ex
2615 2471 2882 2528 seditione
2906 2474 3016 2544 jam
3045 2491 3103 2531 se
3139 2476 3193 2532 in
3237 2480 3498 2551 tranquil-

1921 2555 2030 2617 lum
2061 2561 2416 2634 contulerant,
2448 2570 2502 2618 et
2527 2562 2594 2618 ad
2639 2578 2733 2620 eos
2777 2564 2868 2634 qui
2915 2564 3052 2636 fuga:
3094 2583 3152 2622 sc
3198 2568 3454 2626 dederant
3485 2614 3499 2638 ,

1919 2651 2315 2721 persequendos
2338 2695 2352 2718 ,
2378 2654 2701 2711 submiserat
2726 2653 3055 2728 Theophilus
3083 2661 3134 2716 in
3164 2661 3499 2720 Palzrstinam

1916 2740 2138 2812 legatus,
2172 2742 2415 2798 Priscum
2445 2753 2604 2816 atque
2646 2746 2930 2814 Eubulum,
2973 2750 3165 2822 quibus
3193 2752 3322 2808 nihil
3349 2756 3415 2810 ad
3441 2773 3502 2813 se

1915 2830 2216 2888 litterarum
2243 2835 2479 2902 dedisse,
2509 2837 2702 2893 blande
2729 2839 3086 2913 Hieronymus
3114 2856 3347 2915 quaestus
3376 2859 3456 2904 est
3481 2868 3495 2915 ;

1917 2920 2085 2992 Unde,
2119 2927 2384 2998 inquiens,
2420 2931 2533 2986 licet
2562 2947 2652 3002 per
2682 2930 2900 2989 Sanctus
2929 2933 3159 3004 Fratres,
3188 2938 3421 2994 Priscum
3453 2953 3498 2995 et

1912 3019 2172 3076 Eubulum
2200 3033 2317 3078 tuus
2337 3025 2405 3078 ad
2429 3041 2522 3079 nos
2543 3042 2705 3082 sermo
2726 3030 2988 3083 cessarerit
3012 3041 3208 3086 :tamen
3225 3034 3362 3102 quia.
3389 3044 3498 3088 etc.

1911 3111 2038 3167 ﬂare
2076 3128 2235 3182 porro
2263 3113 2322 3169 S.
2353 3116 2598 3171 Doctoris
2629 3117 2890 3190 Epistula,
2917 3121 3081 3174 altera
3101 3162 3114 3188 ,
3149 3123 3398 3193 inquam,
3430 3140 3497 3180 ex

1911 3200 1997 3258 his
2023 3203 2090 3260 de
2113 3206 2309 3276 quibus
2332 3205 2689 3280 disputamus,
2724 3209 3174 3280 quemadmodum
3208 3214 3386 3269 multis
3416 3218 3499 3270 vi-.

1909 3293 2099 3362 detur,
2146 3311 2246 3352 nec
2291 3311 2424 3354 sane
2463 3307 2550 3355 est
2601 3307 2800 3368 praeter
2845 3289 3388 3372 verisimilitudinem,
3429 3308 3495 3362 ad

1909 3386 2361 3460 Theophilensem
2405 3391 2551 3448 illam
2597 3391 2900 3464 Responsio
2925 3404 3008 3450 est
3040 3398 3319 3453 :eamdcm
3351 3412 3497 3456 certe

1910 3481 2082 3538 multo
2112 3482 2438 3540 luculentius
2467 3484 2726 3556 temporis
2755 3495 2935 3542 notam
2976 3487 3238 3559 designat.
3272 3489 3455 3562 Nuper
3485 3536 3498 3555 ,

1910 3575 2099 3646 inquit,
2131 3585 2232 3632 tute
2255 3575 2594 3632 Beatitudinis
2625 3579 2798 3648 accepi
2821 3581 3032 3650 scripta,
3063 3583 3379 3636 emendantia
3416 3601 3497 3637 re-

1910 3676 1989 3722 tus
2029 3666 2306 3736 silentium,
2357 3676 2403 3724 et
2431 3684 2511 3721 me
2538 3668 2606 3722 ad
2634 3669 2841 3722 solitum
2886 3671 3101 3740 ofﬁcium
3149 3681 3491 3742 prouocanti”.

1906 3759 2169 3816 Nimirum
2198 3761 2396 3830 scripta
2423 3759 2522 3816 ista
2547 3775 2654 3816 non
2671 3759 2773 3816 alia
2795 3770 2937 3824 sunt,
2958 3771 3210 3830 quantum
3231 3763 3492 3834 intelligo,

1908 3864 1938 3904 a
1966 3850 2232 3922 Synodica
2262 3852 2422 3910 toties
2470 3849 2682 3909 laudata
2711 3851 2948 3923 Epistula
2981 3871 2994 3907 :
3025 3867 3126 3924 qua
3152 3870 3312 3926 nuper
3338 3869 3494 3910 acco-

1911 3951 2022 4012 pta,
2050 3953 2396 4012 provocatum
2430 3956 2490 3997 se
2519 3945 2596 3996 ait
2627 3941 2856 3998 Sanctus
2888 3943 3047 3998 Pater
3071 3944 3138 3998 ad
3160 3945 3362 4000 solitum
3383 3947 3495 4017 agi-

1909 4035 2064 4100 cium,
2113 4030 2472 4092 transferendi
2499 4032 2706 4088 scilicet
2750 4032 2802 4090 in
2834 4032 3099 4088 Latinum.
3127 4033 3294 4090 Vetus
3315 4045 3493 4092 autem

1909 4124 2042 4182 illud
2082 4122 2379 4192 silentium,
2407 4122 2551 4194 quod
2592 4123 2787 4200 scripta
2817 4123 3193 4192 emendabunt,
3239 4141 3343 4181 nun
3369 4141 3494 4197 erga

1909 4231 1971 4274 se
1999 4215 2242 4272 habitum
2286 4215 2602 4293 cumprimis
2630 4214 2797 4283 dicit,
2829 4215 2923 4283 sed
2955 4216 3006 4272 in
3035 4213 3352 4288 Origeuiana
3396 4219 3496 4273 mi-

1909 4323 2013 4380 que
2040 4321 2226 4375 causa,
2254 4305 2396 4380 quod
2415 4307 2743 4378 subsequens
2763 4315 3044 4370 contextus
3061 4307 3314 4363 declarat.
3327 4310 3498 4365 Osten-

1910 4400 2051 4468 disti,
2098 4401 2290 4472 inquit,
2339 4399 2476 4472 quod
2519 4399 2776 4467 hucusque
2818 4400 3137 4454 taciturnitas
3186 4401 3498 4469 dispensatio

1910 4495 2029 4566 fuit,
2055 4508 2157 4548 non
2173 4508 2470 4547 consensus.
2493 4491 2673 4547 Libere
2691 4491 2823 4546 enim
2849 4491 3158 4545 Reverentia:
3177 4478 3276 4546 tuis
3296 4491 3495 4563 loquor.

1911 4583 2222 4643 Dolebamus
2247 4593 2295 4640 te
2319 4584 2531 4639 nimium
2557 4599 2664 4637 esse
2693 4582 2983 4651 patienter»,
3013 4591 3060 4635 et
3080 4582 3367 4652 ignorantes
3387 4600 3498 4659 mu:

1910 4674 2054 4745 gistri
2073 4670 2435 4745 gubernacula,
2464 4672 2795 4742 gestiebamus
2816 4671 2868 4724 in
2888 4671 3142 4725 interitum
3161 4673 3494 4749 perditorum.

1914 4764 2042 4830 Sed,
2090 4773 2146 4816 ut
2176 4763 2322 4818 video
2366 4760 2661 4818 exuendiin
2706 4777 2914 4814 manum
2953 4761 3060 4826 diu,
3107 4771 3152 4815 et
3190 4763 3500 4832 suspendisli

1914 4857 2142 4927 plagam,
2167 4863 2224 4910 ut
2247 4853 2430 4927 ferires
2461 4853 2662 4925 fortius.
2692 4851 2854 4909 Vides
2879 4869 2986 4923 quo
3015 4854 3284 4910 silentium
3314 4855 3443 4910 illud
3482 4901 3495 4919 ,

1915 4961 2163 5020 totusque
2194 4947 2296 5002 luci
2314 4955 2608 5002 contextus
2634 4955 2859 5017 spectet.
2882 4947 3041 5002 Siluit
3067 4949 3343 5006 enimvero
3375 4961 3499 5020 post

1914 5041 2182 5098 conditam
2228 5037 2540 5095 Paschalem
2582 5038 2833 5108 primam,
2879 5037 2992 5092 sive
3037 5038 3104 5091 ab
3147 5038 3304 5109 hujus
3349 5040 3500 5094 initio

1917 5135 2040 5188 anni
2067 5132 2326 5200 hucusque
2354 5129 2706 5200 Theophilus,
2748 5143 2915 5199 seque
2957 5130 3212 5186 continuo
3248 5133 3377 5186 satis
3406 5148 3502 5203 pa-

1917 5225 2111 5281 tienter
2135 5223 2304 5294 gessit
2333 5221 2594 5277 adversus
2620 5221 3012 5276 contentiosum
3046 5221 3171 5276 illnc
3197 5238 3260 5277 ac
3288 5239 3499 5294 pugnax

1915 5313 2298 5371 Monachurum
2322 5326 2510 5384 genus,
2537 5311 2630 5382 qui
2653 5309 3017 5382 frequentibus
3036 5309 3269 5385 Synodis
3295 5330 3358 5369 ac
3383 5331 3500 5387 mu-

1917 5409 2044 5466 nitis
2081 5407 2468 5481 Episcoporum
2517 5419 2790 5474 nunquam
2823 5415 3126 5475 paruerant.
3169 5405 3281 5461 lloc
3320 5416 3497 5462 autem

1918 5515 2061 5558 atauo
2079 5501 2222 5557 circa
2240 5497 2614 5570 Septembrem
2641 5495 2871 5552 tacuisse
2889 5496 3000 5568 jam
3023 5497 3154 5553 satis
3184 5513 3263 5564 se,
3284 5487 3502 5568 jamque

1919 5593 2060 5650 factu
2088 5605 2225 5663 opus
2247 5603 2369 5646 esse
2395 5587 2718 5658 intelligens,
2739 5587 2962 5646 extendit
2982 5603 3205 5652 manum,
3235 5587 3502 5659 carpitque

1922 5687 1976 5744 in
2005 5699 2100 5742 eos
2143 5696 2330 5755 paruas
2359 5699 2374 5736 :
2402 5693 2538 5754 quas
2566 5678 2780 5752 quidem
2812 5680 2972 5750 paulo
3014 5677 3279 5748 iniquiore
3322 5679 3503 5735 animo

1924 5775 2215 5841 Palladius,
2236 5773 2488 5831 Socrates
2511 5785 2576 5827 ac
2611 5771 2946 5828 Sozomenus
2986 5767 3253 5826 narrando
3279 5785 3504 5842 exagge-

1925 5877 2048 5924 rant
2073 5884 2086 5922 :
2114 5881 2218 5922 non
2248 5866 2350 5921 alia
2375 5864 2443 5922 ab
2469 5862 2574 5920 hac
2596 5871 2773 5918 tamen
2795 5875 2887 5918 res
2913 5871 3019 5930 est,
3047 5877 3205 5932 quam
3235 5861 3502 5934 Synodica
