4052 6338
479 429 580 488 159

481 541 717 616 Epistola
749 540 859 609 ipsa
893 533 1114 592 indicat.
1147 531 1381 605 Omnino
1429 528 1608 598 itaque
1638 539 1872 595 nuperns
1913 525 2061 579 Scri-

480 645 620 709 ptor,
648 633 738 705 qui
782 629 991 685 laudata
1034 625 1348 697 Hieronymi
1376 621 1538 677 verba
1582 617 1648 673 ad
1689 618 1828 673 aliud
1859 627 2067 709 tempus

480 707 751 796 iespicere
781 730 1041 785 autumat,
1087 733 1247 789 quam
1279 729 1386 785 quo
1417 712 1587 768 exacti
1630 719 1752 765 sunt
1779 709 1846 763 de
1883 707 2066 762 Nitriae

399 809 403 813 ’
478 814 1186 886 blonasteriisOrigetcista',
1219 807 1565 880 et'Synodica
1597 811 1780 859 contra
1807 802 1925 855 illus
1947 815 2068 854 con-

478 911 610 975 dita,
639 925 670 964 a
699 907 810 963 reri
838 905 1016 976 specie
1044 900 1199 958 ‘omn'i
1224 899 1456 954 aberrat.

547 999 685 1057 Vlll.
709 997 896 1056 Yidcri
925 1005 1102 1054 autem
1145 991 1320 1048 adhuc
1343 989 1462 1044 dum
1493 994 1718 1058 possunt
1745 993 1868 1038 ante
1889 982 2062 1054 Syno-

478 1095 652 1150 dicam
682 1090 939 1163 EpiSlOltn
989 1087 1084 1142 abs
1129 1085 1456 1155 llieronymo
1486 1081 1538 1135 in
1570 1079 1816 1136 Latinum
1847 1091 2015 1130 versa:
2045 1113 2060 1138 ,

479 1200 706 1257 quarum
735 1185 957 1238 alteram
982 1175 1316 1248 Tthphilus
1343 1175 1408 1228 ad
1437 1171 1810 1243 Epiphanimn,
1843 1169 2062 1222 alteram

475 1277 542 1331 ad
588 1276 837 1330 Nustrnm
880 1269 1214 1342 Epiphanius
1277 1267 1440 1322 dedit.
1497 1264 1828 1333 Quamquam
1877 1273 2062 1330 parum

475 1367 727 1438 equidem
760 1368 940 1427 refert,
973 1362 1041 1417 de
1070 1359 1434 1415 translationis
1457 1355 1808 1427 praerogativa
1837 1365 2064 1420 scrupu-

479 1459 644 1514 losius
672 1457 1018 1527 investigare,
1035 1469 1167 1508 ‘cum
1200 1451 1336 1506 intra
1369 1462 1563 1518 paucos
1602 1461 1834 1511 menses,
1867 1454 1917 1498 et
1944 1452 2065 1496 ante

479 1553 849 1622 insequentem
881 1565 1102 1609 annum,
1135 1561 1284 1615 :rqnc
1312 1556 1500 1599 omnes
1518 1543 1767 1596 Romano
1793 1538 1934 1593 cultu
1965 1536 2064 1590 do-

479 1653 617 1699 natze
643 1643 772 1698 sint.
805 1641 990 1697 Priorc
1020 1639 1106 1693 illa
1132 1635 1466 1707 Theophilus
1497 1631 1804 1703 Epiphanio
1836 1628 2061 1691 nuntiat,

478 1736 787 1805 egredientes
815 1734 879 1787 de
916 1731 1142 1786 cavernis
1166 1729 1271 1784 suis
1304 1726 1537 1798 Origenis
1561 1724 1792 1778 colubros
1836 1721 2066 1790 Evange-

477 1826 578 1879 lieo
603 1840 720 1879 ense
746 1831 1023 1878 truncatus
1050 1837 1064 1876 :
1093 1829 1140 1874 et
1169 1817 1442 1889 secundum
1485 1814 1670 1868 Nitria:
1699 1811 2067 1867 Monac/torum

477 1934 660 1989 agmen
687 1915 986 1986 contagione
1016 1912 1252 1983 pestifera
1292 1910 1575 1964 liberatum.
1603 1905 1737 1961 Tum
1767 1905 1860 1966 ait,
1889 1902 2069 1957 Pauca

480 2015 599 2082 ergo
625 2026 687 2064 eis
711 2009 789 2062 Itis
817 2024 933 2079 qua:
958 2015 1100 2078 gesta
1126 2014 1264 2071 sunt,
1292 2005 1345 2057 in
1371 2001 1605 2056 Generali
1647 1997 1935 2072 (Synodica
1964 1995 2068 2051 sci-

480 2100 627 2175 licet)
653 2088 1081 2171 Episto‘la,vquam
1102 2099 1169 2152 ad
1193 2113 1363 2152 omnes
1386 2097 1434 2150 in
1457 2110 1716 2149 commune
1741 2091 1920 2156 direxi,
1949 2107 2067 2161 pro.

478 2204 534 2249 ut
562 2193 851 2264 patiebatur
868 2190 1103 2263 angustia
1130 2189 1366 2260 temporis
1392 2184 1766 2254 comprehendi.
1796 2182 2066 2253 Dignatio-

480 2284 558 2337 nis
587 2293 687 2337 tua:
714 2290 806 2347 est,
834 2296 950 2352 qua:
972 2281 1025 2334 in
1054 2277 1404 2347 huiuscemodi
1426 2275 1778 2330 certaminibus
1801 2288 1935 2342 saepe
1952 2281 2070 2325 ante

479 2391 572 2430 nos
616 2375 877 2446 pugnavit,
910 2381 959 2427 et
985 2372 1173 2442 positos
1200 2371 1252 2424 in
1279 2368 1454 2439 pra'lio
1483 2365 1755 2430 consolari,
1785 2373 1828 2418 et
1857 2380 2070 2434 congre-

479 2482 601 2536 gare
629 2465 780 2519 totius
807 2463 992 2518 insula:
1018 2461 1322 2532 Episcopos,
1352 2475 1410 2512 ac
1429 2459 1714 2529 Synodicas
1744 2456 1936 2509 litteras
1965 2465 2066 2508 tant

478 2556 548 2609 all
578 2571 691 2622 nos,
730 2571 881 2625 quam
908 2553 974 2606 ad
996 2550 1577 2619 'Cottstantitwpolltanw
1599 2546 1734 2601 urbis
1758 2545 2068 2616 Episcopum

480 2650 570 2717 (eo
593 2646 736 2701 cnim
761 2644 1092 2699 intellexerat
1125 2641 1424 2712 trans‘fngas
1451 2638 1738 2694 Monachus
1769 2635 2066 2707 navigasse)

483 2749 529 2792 et
554 2738 600 2792 si
617 2753 742 2807 quos
766 2736 896 2790 alios
936 2733 1210 2805 putaveris,
1241 2733 1458 2798 mittere,
1486 2740 1538 2784 ut
1563 2745 1806 2784 consensu
1845 2729 2068 2782 omnium

479 2839 526 2883 et
558 2829 675 2902 ipse
709 2826 962 2899 Origenes
1000 2825 1322 2891 nominatim,
1349 2832 1396 2877 et
1423 2821 1625 2876 haeresis
1653 2821 1850 2893 nefaria
1886 2819 2070 2875 conde-

480 2931 699 2975 mnetur.
728 2919 935 2982 Altera,
961 2932 1082 2989 qua:
1111 2915 1248 2970 hanc
1275 2914 1512 2984 proxime
1539 2911 1658 2966 data
1681 2919 1782 2976 est,
1810 2909 2070 2980 signiﬁcat

481 3013 812 3084 Epiphanius
861 3010 1188 3080 Hieronymo
1229 3005 1479 3077 gaudium
1531 3019 1596 3059 ex
1647 3001 2068 3072 Origenistarum

484 3103 875 3174 proscriptione
925 3109 1277 3174 perceptum,
1317 3099 1405 3152 cui
1450 3106 1503 3151 et
1548 3095 1706 3149 mittit
1750 3093 2067 3150 Generalem

485 3196 773 3268 Theophili
796 3195 1123 3266 Epistulam,
1154 3190 1308 3246 facile
1339 3198 1398 3244 ut
1433 3188 1620 3244 Latine
1651 3188 2027 3258 interpretetur
2049 3228 2066 3255 ,

483 3300 536 3342 et
564 3287 725 3341 latius
755 3285 1010 3357 proferat.
1036 3285 1275 3353 Denique
1302 3292 1489 3336 auctor
1512 3291 1613 3346 est,
1635 3289 1698 3334 ut
1718 3295 1852 3351 quos
1881 3279 2070 3334 adver-

483 3395 576 3433 sus
618 3394 735 3434 eam
772 3375 1019 3432 haeresim
1058 3373 1362 3444 scripsisset
1398 3373 1580 3439 libros,
1613 3372 1665 3427 in
1709 3372 1896 3442 vulgus
1925 3371 2065 3426 edat.

487 3471 688 3528 Indicio
713 3478 891 3525 autem
922 3469 1038 3524 haec
1077 3477 1223 3533 sunt,
1261 3476 1314 3522 et
1343 3467 1575 3522 nondum
1617 3466 1713 3521 abs
1744 3467 2070 3538 Hieronymo

484 3564 650 3618 fuisse
675 3561 1018 3634 Synodicam,
1041 3561 1155 3615 sive
1175 3558 1516 3625 Generalem,
1541 3568 1599 3613 ut
1619 3569 1830 3622 vocant,
1855 3558 2071 3629 Episto-

485 3657 588 3710 lam
614 3653 805 3710 Latine
830 3653 1170 3724 explicatam,
1201 3662 1254 3708 et
1277 3663 1397 3723 post
1420 3652 1669 3722 exiguum
1696 3651 1762 3706 ab
1780 3666 1840 3707 ea
1867 3659 2072 3721 tempo-

483 3747 559 3800 ris
583 3746 810 3816 spatium
833 3743 934 3799 has
955 3745 1115 3800 etiam
1146 3744 1326 3799 literas
1356 3743 1603 3812 scriptas.
1638 3742 1886 3798 Dicenms
1913 3743 2071 3813 paulo

484 3846 624 3906 post,
649 3837 842 3907 quibus
864 3835 1182 3891 testimoniis
1201 3835 1267 3889 de
1282 3839 1472 3888 harum
1490 3848 1702 3906 quoque
1725 3835 2071 3890 translatione

482 3945 610 3985 vero
637 3926 1057 4000 llieronymiana
1085 3936 1316 3982 constet.

559 4020 650 4076 rx.
681 4021 872 4077 Postea
900 4020 1062 4091 igitur
1087 4027 1143 4075 et
1170 4017 1494 4092 Synodicam
1527 4017 1734 4073 centies
1762 4017 2026 4072 laudatam
2051 4056 2068 4084 ,

488 4125 544 4171 et
569 4112 724 4183 cujus
763 4112 932 4183 gratia
971 4111 1092 4166 haec
1117 4111 1386 4180 disputata
1414 4117 1540 4164 sunt
1575 4108 1860 4174 hactenus,
1890 4109 2068 4162 vertit.

489 4206 667 4263 Vertit
693 4213 899 4267 autem,
926 4203 1029 4257 nisi
1058 4216 1156 4257 nos
1174 4202 1344 4257 series
1368 4200 1688 4256 verosimilis
1711 4215 1887 4255 rerum
1919 4199 2066 4264 fallit,

487 4295 725 4362 Octobri,
755 4291 1150 4349 antNovembri
1179 4306 1366 4348 mense
1391 4308 1404 4344 :
1428 4301 1574 4347 certe
1599 4291 1832 4346 rationes
1851 4291 1918 4344 ita
1947 4291 2072 4346 sub-

487 4392 687 4448 ducere
713 4387 843 4446 illud
887 4400 986 4442 nos
1011 4385 1174 4456 cogit,
1206 4383 1348 4455 quod
1376 4385 1542 4454 ipsam
1579 4383 1959 4454 autographam
2002 4383 2072 4438 ab

486 4480 855 4538 Alexandrino
879 4477 1132 4534 Antistite
1157 4476 1371 4530 missam
1402 4475 1453 4528 in
1477 4491 1740 4528 commune
1767 4475 1835 4527 ad
1861 4472 2072 4544 Episco-

486 4589 578 4645 pos
604 4573 703 4629 sub
723 4571 928 4626 initium
953 4567 1428 4640 Septembris,jam
1451 4567 1843 4622 constituimus.
1867 4567 2070 4622 Trans-

493 4665 612 4720 tulit
649 4673 829 4717 autem
859 4661 1055 4727 simul,
1085 4660 1380 4728 cadentque
1423 4674 1585 4730 opera
1616 4658 1817 4730 Synodi
1861 4673 2072 4730 quoque

493 4752 957 4824 Jerosolymitamc
996 4750 1062 4804 ad
1110 4751 1253 4804 illam
1300 4750 2021 4823 Responsum,‘Synndicam
2053 4792 2069 4818 ,

490 4845 725 4915 inquam,
753 4843 910 4897 aliam
943 4842 1010 4896 ab
1039 4831 1303 4911 priscopis
1331 4842 1382 4894 in
1410 4840 1571 4895 Elite
1600 4839 1855 4895 Encamiis
1873 4857 2074 4912 congre-

489 4938 621 5008 gatis
649 4934 942 5005 Epistulam
973 4932 1039 4987 ad
1083 4931 1461 5001 Theophilum.
1504 4932 1693 5002 Incipit
1732 4933 1842 4997 illa,
1875 4931 2073 4988 Damno

487 5038 534 5081 et
551 5024 985 5081 honorabilissimo
1011 5023 1285 5093 Episcopo,
1308 5020 1608 5092 Theophila,
1636 5022 1900 5093 Eulogius,
1918 5023 2074 5077 Joan-

486 5135 574 5174 nes
603 5128 649 5173 et
673 5117 839 5172 ca'teri
871 5115 1132 5187 EpiscOpi,
1160 5115 1246 5178 qui
1277 5113 1601 5184 lerosolymis
1620 5115 1670 5168 in
1699 5127 1872 5168 sancta
1895 5115 2073 5170 Eucae-

488 5216 690 5264 m‘ornm
735 5208 816 5262 die
861 5206 1046 5277 reperti
1087 5213 1224 5260 sunt.
1258 5205 1474 5259 Summa
1516 5214 1815 5272 contextus,
1860 5205 2072 5261 Omnem

489 5301 852 5373 propemodum
884 5298 1214 5354 Paltcstinam
1241 5297 1406 5367 gratia
1424 5296 1612 5352 Christi
1638 5297 1700 5351 ab
1726 5299 2073 5354 Itwreticorum

489 5393 713 5446 alienam
756 5406 862 5445 esse
885 5389 1158 5454 seandalo,
1200 5397 1382 5458 printer
1411 5404 1597 5459 paucos
1635 5389 1723 5460 qui
1762 5391 2073 5462 Apollinaris

493 5484 748 5539 erroribus
773 5480 1164 5552 adquiescerent.
1190 5479 1467 5533 Exsecrari
1493 5488 1669 5537 tamen
1701 5497 1778 5544 se,
1808 5497 1942 5552 quos
1962 5483 2073 5537 suis

501 5575 590 5630 ille
619 5573 815 5630 litteris
832 5585 1049 5628 errores
1073 5569 1476 5625 denuntiaverat
1499 5589 1512 5625 :
1537 5583 1590 5625 ct
1615 5588 1742 5641 quos
1768 5571 1845 5626 vel
1869 5583 2074 5643 propter

494 5666 794 5738 dogmatum
837 5661 1153 5733 prauitatem,
1180 5663 1256 5715 vel
1285 5673 1488 5733 prapter
1515 5661 1644 5715 alias
1673 5679 1852 5716 causas
1875 5678 1907 5715 a
1933 5679 2071 5715 com-

493 5756 1166 5824 munionesejunxeratmon
1191 5765 1496 5822 recepturos,
1520 5753 1677 5806 donec
1691 5755 1800 5821 ipse
1826 5751 2040 5821 poeniten
2056 5777 2074 5793 ο

486 5848 578 5899 ιὶιι³
608 5861 799 5912 eorum,
827 5845 870 5900 si
891 5853 1054 5900 tamen
1076 5843 1320 5898 voluerint
1340 5843 1581 5898 damnare
1600 5857 1850 5913 peruersa,
1881 5842 2072 5895 renium

1749 415 1803 469 S.
1849 407 2226 471 lllEllONYlll
2272 404 2450 462 VITA.

3653 406 3755 464 HO

2175 520 2385 574 dederit.
2421 517 2697 574 Postremo
2741 524 2798 572 et
2839 517 2979 572 aliud
3009 517 3076 574 ad
3119 517 3366 574 eumdem
3397 516 3758 590 TheOphilum

2172 608 2360 665 Latine
2405 619 2530 664 tunc
2572 609 2764 666 Noster
2788 609 2948 667 vertit
2975 609 3310 680 Responsum
3357 610 3595 684 Dionysii
3627 612 3759 670 Lid-

2171 703 2355 757 densis
2385 702 2653 773 Epistmpi,
2684 718 2790 773 quo
2818 703 2990 759 eidem
3021 704 3316 773 gratulatur
3341 704 3411 760 de
3438 707 3610 774 ejectis
3633 707 3753 776 (Ms.

2171 792 2363 860 electis)
2387 794 2780 848 sceleratissimis
2801 795 3104 865 blasphemis
3128 797 3272 868 (fort.
3304 797 3606 870 blasphemi)
3636 798 3758 854 Ori-

2171 888 2312 958 genis
2341 887 2622 957 discipulis,
2651 895 2810 956 atque
2839 897 2894 941 ut
2939 888 3141 942 nullum
3188 889 3540 959 persequendi
3571 903 3668 945 eos
3697 892 3760 946 ii-

2174 994 2293 1034 nem
2319 979 2493 1042 faciat,
2519 977 2781 1033 hortatur.
2806 979 2911 1034 llas
2931 994 3143 1050 quoque
3163 979 3296 1035 duas
3315 982 3582 1052 quantivis
3600 984 3757 1052 pretii

2173 1071 2310 1124 inter
2351 1071 2536 1124 omnia
2581 1070 2971 1126 Ecclesiastica:
3021 1069 3338 1127 eruditionis
3385 1074 3712 1129 monimenta
3739 1116 3756 1142 ,

2173 1163 2441 1232 Epistolas
2465 1179 2563 1217 nos
2591 1163 2659 1218 de
2685 1163 2790 1218 situ
2837 1177 2900 1217 ac
2931 1178 3068 1234 pene
3096 1164 3312 1220 interitu
3352 1165 3469 1235 ipso
3498 1165 3550 1221 in
3584 1168 3756 1224 lucem

2172 1255 2348 1310 salvas
2385 1255 2700 1326 protulimus
2739 1273 2752 1308 :
2789 1270 2910 1325 quin
2944 1255 3482 1328 Hieronymianorum
3521 1257 3758 1328 Opcrtttn

2173 1360 2401 1415 partem,
2427 1363 2530 1419 qua
2559 1348 2812 1403 hactenus
2836 1358 3143 1416 caruerunt,
3171 1349 3324 1422 longe
3368 1351 3758 1410 nobilissimam

2171 1439 2409 1510 explent.

2243 1533 2553 1599 Enintvem,
2580 1533 2721 1604 quod
2748 1548 2899 1604 :equc
2926 1548 3119 1590 omnes
3137 1535 3206 1591 ab
3245 1537 3338 1593 illo
3376 1538 3574 1595 iuerint
3607 1541 3758 1597 Lati-

2174 1623 2340 1679 nitate
2391 1623 2622 1690 donatze,
2678 1633 2734 1678 ut
2785 1625 3038 1695 pleraque
3091 1626 3195 1681 alia
3245 1644 3384 1684 nunc
3439 1635 3763 1700 prastertnit-

2173 1724 2347 1770 tamus
2365 1725 2700 1786 argumenta,
2721 1717 2950 1785 ipsumet
2977 1717 3035 1773 S.
3061 1718 3356 1790 lnterprete
3381 1721 3485 1777 ﬁde
3508 1724 3754 1792 jubentc,

2172 1819 2506 1878 compertum
2535 1819 2638 1863 est.
2673 1809 2813 1864 Nihil
2843 1825 2911 1865 eo
2935 1811 3133 1867 clarius
3163 1815 3487 1882 testimonio,
3532 1819 3675 1886 quod
3703 1829 3758 1875 et

2172 1917 2332 1971 supra
2352 1902 2680 1959 laudavimus
2693 1920 2759 1959 ex
2778 1905 2934 1960 tertio
2959 1907 3076 1976 ejus
3089 1916 3273 1962 contra
3286 1908 3560 1966 Bullinum
3585 1912 3754 1969 libro:

2174 1993 2339 2062 Duas,
2367 1995 2700 2066 Synodicam,
2733 2008 2780 2051 et
2806 1997 3106 2054 Paschalem
3137 2003 3247 2072 ejus
3276 2003 3604 2074 (Theophili)
3631 2006 3759 2078 Epi-

2172 2085 2330 2139 stolas
2374 2096 2551 2140 contra
2589 2087 2882 2160 Origeuem,
2929 2091 3166 2162 illiusque
3203 2093 3498 2164 discipulos,
3543 2108 3590 2152 et
3629 2101 3758 2155 alias

2173 2176 2414 2231 adversus
2435 2179 2809 2249 Apollinarium
2828 2191 2875 2235 et
2895 2184 3120 2238 eumdem
3139 2183 3404 2256 Origenem
3427 2204 3516 2257 per
3542 2189 3759 2264 hocfer-

2175 2287 2254 2324 me
2277 2271 2536 2326 biennium
2560 2275 2916 2345 interpretatus
2940 2293 3072 2344 sum,
3099 2287 3146 2333 et
3169 2279 3221 2332 in
3247 2281 3633 2349 aediﬁcationem
3654 2282 3758 2337 Ec-

2173 2361 2340 2414 clesiw
2364 2362 2600 2433 legendas
2622 2375 2807 2420 nostra:
2828 2367 3016 2437 lingua:
3037 2368 3320 2424 hominibus
3346 2371 3481 2424 dedi.
3509 2372 3757 2443 Reliquas

2173 2455 2316 2524 quod
2346 2465 2582 2524 spectat,
2613 2457 2745 2512 nihil
2775 2475 2839 2514 eu
2869 2459 3193 2516 lnculentins
3221 2463 3361 2533 quod
3394 2465 3528 2519 habe
3555 2467 3617 2532 Αι
3638 2467 3759 2519 olo-

2173 2549 2346 2619 getico
2374 2550 2467 2605 lib.
2509 2551 2551 2606 1.
2582 2552 2839 2608 adversus
2869 2556 3118 2610 eumdem
3146 2557 3439 2627 Rnt‘tinum,
3482 2577 3630 2616 unm.
3664 2562 3754 2617 12.

2177 2639 2287 2706 ubi,
2320 2639 2403 2707 Si,
2437 2641 2630 2712 inquit,
2659 2645 2907 2715 quidquid
2933 2657 3112 2701 contra
3143 2648 3439 2721 Origenem,
3469 2661 3515 2705 et
3542 2665 3758 2709 sectato-

2173 2739 2254 2777 res
2294 2725 2404 2793 ejns
2429 2726 2640 2794 dicitur,
2688 2729 2742 2782 in
2786 2739 2834 2783 te
2877 2731 3062 2785 dictum
3089 2745 3253 2802 putas,
3296 2752 3414 2806 ergo
3442 2747 3487 2789 et
3516 2736 3760 2807 Epistula:

2177 2812 2342 2882 Papa:
2367 2815 2650 2887 Theophili,
2674 2829 2720 2872 et
2741 2818 2869 2874 EPI
2881 2821 3149 2876 ΡΗΑΝΙΙ
3174 2833 3220 2878 et
3241 2823 3572 2881 ALIORUJI
3603 2828 3760 2883 EPI-

2176 2907 2616 2977 SCOPORUM,
2669 2912 2855 2980 QUAS
2912 2914 3206 2980 NUPER.
3261 2919 3384 2989 ipsis
3415 2922 3711 2992 jubentibus
3738 2967 3753 2988 ,

2179 3001 2618 3069 TRANSTULI,
2645 3015 2692 3060 te
2708 3017 2900 3077 petunt,
2925 3018 2972 3062 te
2997 3010 3244 3065 lacerant.
3267 3012 3471 3084 Quippe
3496 3015 3583 3070 alii
3615 3033 3757 3084 prm-

2177 3104 2258 3150 tcr
2282 3095 2525 3154 laudatos
2563 3098 2632 3154 de
2673 3101 2890 3157 nomine
2920 3101 3173 3174 Episcopi
3217 3106 3268 3160 in
3299 3107 3582 3177 Origenem
3613 3110 3758 3177 ejns~

2175 3203 2280 3259 que
2306 3199 2600 3246 sectatores
2626 3190 2895 3261 Epistolas
2925 3195 3230 3264 scripsisse,
3259 3214 3390 3268 quas
3420 3215 3516 3269 per
3545 3201 3596 3255 id
3627 3214 3759 3256 tem-

2177 3279 2323 3349 poris
2365 3279 2723 3353 Hieronymus
2769 3283 2958 3340 Latine
2999 3288 3300 3356 esplicarit,
3348 3292 3564 3346 minimc
3611 3293 3758 3348 innui

2176 3385 2421 3443 possunt,
2446 3375 2490 3427 si
2508 3374 2972 3446 Jerosolymitana:
2993 3381 3306 3449 cumprimis
3327 3381 3526 3453 Synodi
3547 3384 3757 3452 Patres,

2175 3473 2230 3519 et
2255 3464 2542 3536 Dionysius
2569 3466 2671 3521 iste
2701 3466 2980 3524 Liddensis
3008 3486 3112 3525 non
3152 3483 3296 3538 sunt,
3337 3490 3563 3542 quorum
3591 3477 3760 3532 litera:

2177 3553 2540 3624 proferuntur.
2571 3556 2676 3611 lies
2697 3571 2950 3627 prtetcrea
2979 3560 3091 3631 ipsa
3121 3563 3439 3631 postulabat,
3465 3575 3523 3621 ut
3545 3570 3776 3637 quando-

2177 3648 2460 3717 T‘lteophili
2488 3649 2814 3722 Synodicam
2861 3652 2928 3707 ad
2959 3669 3055 3709 eos
3078 3665 3334 3722 verterat,
3368 3658 3556 3714 horum
3596 3663 3773 3717 etiam

2176 3739 2242 3794 ad
2273 3755 2394 3794 cum
2440 3739 2740 3811 Responsa,
2771 3758 2890 3814 qutc
2921 3745 3204 3815 plurimum
3235 3747 3490 3804 Ecclesia:
3540 3767 3759 3809 causam

2175 3842 2362 3888 eontra
2403 3833 2735 3905 Origenisras
2763 3839 3172 3906 promovebant,
3203 3841 3534 3898 transferret.
3561 3844 3761 3918 Diony-

2179 3926 2318 3981 sium
2350 3928 2494 3982 enim
2522 3927 2664 3997 quod
2693 3938 2916 3998 spectat,
2945 3939 3004 3986 ut
3033 3931 3462 4002 ejusEpistolam
3491 3935 3761 4006 interpre-

2183 4026 2402 4080 taretur,
2427 4018 2574 4073 ratio
2600 4019 2704 4073 alia
2735 4021 3040 4077 accedebat,
3068 4023 3207 4094 quod
3239 4023 3288 4078 ei
3316 4025 3522 4080 scilicet
3543 4027 3762 4095 junctus

2177 4107 2383 4177 pridem
2431 4119 2548 4164 erat
2590 4111 2847 4177 amicitia,
2881 4123 2937 4168 ut
2985 4130 3092 4184 quo
3139 4127 3382 4184 tempore
3427 4116 3495 4172 ab
3533 4117 3761 4175 Joannis

2177 4196 2610 4271 Jerosolymitani
2642 4215 2701 4256 se
2732 4204 3112 4260 communione
3136 4216 3497 4274 separavcrat,
3537 4207 3604 4263 ad
3635 4225 3758 4263 cum

2179 4291 2386 4345 miserit
2414 4291 2741 4360 baptizatum
2763 4292 3164 4364 Competentes,
3193 4313 3326 4366 quos
3355 4298 3406 4351 in
3434 4298 3761 4357 Monasterio

2180 4381 2432 4438 habebat.
2469 4385 2628 4452 Quos,
2674 4387 2863 4458 inquit,
2896 4404 2986 4442 nos
3007 4386 3294 4458 Diospolim
3321 4391 3388 4443 ad
3407 4389 3762 4464 Confessorem

2179 4473 2490 4546 Episcopum
2514 4479 2742 4534 misimus
2771 4479 3070 4550 Dionysium
3096 4482 3442 4551 baptizandus.
3468 4483 3759 4554 DiOSpulim

2178 4575 2356 4622 autem
2382 4577 2438 4623 et
2462 4567 2685 4624 Liddam
2714 4585 2871 4624 unam
2914 4585 3035 4626 esse
3069 4572 3169 4628 sub
3195 4571 3408 4628 diverso
3435 4575 3655 4630 nomine
3680 4575 3760 4630 ci-

2177 4661 2416 4726 vitatem,
2444 4677 2601 4717 nemo
2625 4672 2708 4717 est
2744 4662 2830 4730 qni
2863 4663 3084 4718 nesciat.

2250 4751 2344 4806 llis
2390 4753 2568 4822 itaque
2619 4752 2786 4808 series
2841 4752 3372 4822 llieronymianarum
3428 4755 3754 4824 interpreta-

2180 4843 2384 4898 tionum
2417 4845 2574 4912 hujus
2613 4843 2735 4898 anni
2780 4844 3154 4898 concluditur:
3198 4860 3332 4916 quas
3370 4853 3426 4900 et
3455 4862 3656 4916 ponere
3689 4847 3760 4902 ob

2181 4933 2467 5005 legentium
2495 4934 2682 4990 oculos
2707 4935 2774 4990 ad
2813 4935 3003 4992 indicis
3031 4937 3198 4992 instar
3228 4937 3514 5007 prarslztbit.

2181 5151 2184 5153 λ
2252 5114 2517 5185 TheOphili
2548 5113 2812 5168 Paschalis
2844 5113 3007 5185 Epist.
3038 5112 3084 5167 Ι.

2248 5205 2435 5277 Ejusd.
2468 5205 2536 5258 ad
2567 5203 2868 5274 Hieronym.
2904 5205 3238 5276 qum-incipit
3267 5205 3450 5260 Didici.

2255 5297 2553 5365 Hieronym.
2584 5295 2653 5348 ad
2681 5294 2909 5363 Theoph.
2936 5295 3089 5365 cujus
3116 5297 3322 5351 initium
3351 5295 3556 5366 Nuper.

2253 5385 2522 5452 TheOphili
2547 5387 2615 5437 ad
2643 5383 3010 5453 Epiphaniam.

2253 5474 2531 5545 Epiphanii
2555 5473 2623 5526 ad
2651 5473 3033 5544 Hieronymum.

2171 5607 2176 5610 .
2251 5567 2513 5638 synodica
2554 5565 2820 5636 Theophili
2853 5567 2921 5619 ad
2946 5566 3227 5638 Episcopus
3258 5565 3563 5625 Palaestinos
3589 5579 3633 5625 et
3664 5570 3765 5643 Cy

2317 5674 2398 5714 1m
2402 5673 2457 5710 08
2464 5700 2478 5714 ο

2317 5697 2322 5700 -
2357 5676 2478 5714 rios.

2255 5676 2520 5820 Sy’itodica
2553 5749 2897 5819 Jerosolymit.
2927 5748 3140 5803 (Ιοηείϋὶ
3163 5749 3230 5801 ad
3254 5738 3526 5819 Tlu'aOpltil.

2260 5840 2490 5908 Dionysii
2513 5839 2772 5893 Liddrnsis
2802 5838 3041 5897 Episroui
3066 5836 3130 5891 ad
3163 5837 3432 5894 eumdem.
