4052 6338
317 397 410 460 ΠΙ

867 520 1092 578 CAPUT
1129 521 1336 576 XXXII.

313 671 354 729 I.
385 665 683 730 Pascltalsn
722 659 988 746 Theophili
1022 679 1232 732 alteram
1260 679 1633 750 interpretatur.
1661 683 1730 737 II.
1757 682 1887 737 Tum

379 766 582 834 synopsi
597 766 836 819 librorum
855 777 1034 822 contra
1050 786 1102 823 se
1121 767 1311 840 Ruﬁni
1335 773 1620 840 respondet.
1652 773 1715 826 III
1749 775 1886 841 .Quo

379 863 608 923 tempore
629 864 676 908 et
724 854 1012 926 Hospitium
1039 859 1194 928 juxta
1235 858 1600 915 Monasteriutn
1641 863 1883 930 mdi/icat.

376 943 464 1001 IV.
484 947 564 1000 Ad
578 963 693 1002 eum
713 948 939 1020 Rufﬁnus
959 951 1206 1022 integrum
1240 953 1499 1021 exemplar
1514 953 1882 1011 lnvectiuarum

373 1052 588 1091 suarum
608 1037 778 1092 mittit.
795 1039 838 1095 ν
862 1081 876 1094 .
905 1040 1066 1111 Atque
1094 1058 1194 1096 una
1219 1041 1519 1113 Epistolam,
1548 1061 1683 1101 nunc
1705 1047 1885 1116 deper-

376 1132 551 1199 ditam,
573 1148 672 1202 qua
702 1133 844 1187 illum
875 1135 1080 1205 ejusque
1103 1136 1256 1191 libros
1294 1139 1507 1206 pessime
1547 1140 1749 1209 excipit.
1789 1139 1875 1195 Vl;

373 1226 622 1279 Adrersus
645 1242 791 1296 quem
814 1225 1001 1282 Noster
1021 1229 1220 1282 tertium
1247 1229 1560 1300 Apologetici
1586 1233 1667 1285 sui
1696 1231 1878 1286 librum

371 1317 528 1373 cadit.
575 1317 684 1373 VII.
729 1316 871 1373 Licet
907 1319 972 1373 ab
1027 1320 1332 1390 Aquileiensi
1387 1320 1643 1392 Episcopo
1686 1322 1878 1378 Sancto

369 1407 656 1463 Chromatio
676 1418 900 1479 rogatus,
922 1419 1020 1464 uta
1039 1411 1298 1466 scribendo
1320 1413 1371 1466 in
1395 1412 1646 1485 Ru/ﬁnum
1661 1414 1879 1470 abstine-

369 1509 459 1551 ret.
498 1498 630 1554 VIII.
661 1498 740 1554 De
772 1503 1110 1556 commentitia
1137 1501 1365 1574 Epistola
1391 1504 1458 1558 ad
1475 1506 1624 1576 Afros
1649 1507 1740 1560 sub
1765 1507 1876 1578 ejus

369 1589 567 1644 nomine
585 1589 636 1643 in
658 1592 835 1660 vulgus
860 1592 1014 1647 edita.
1036 1593 1105 1648 IX
1134 1634 1149 1651 .
1176 1593 1361 1649 Scribit
1393 1595 1463 1649 ad
1484 1597 1645 1652 varios
1669 1597 1875 1669 Episto-

366 1681 460 1747 las,
487 1696 602 1750 qua:
627 1694 967 1738 recensentur.

367 1814 406 1868 l.
436 1811 794 1885 Subsequenti
816 1832 956 1873 anno
982 1819 1194 1876 vixdum
1221 1819 1470 1877 inchoato
1491 1823 1686 1892 prodiit
1706 1825 1871 1881 altera

298 1903 575 1982 Theophili
613 1907 883 1964 Paschalis
928 1909 1161 1980 Epistola
1191 1912 1449 1971 adversus
1485 1917 1869 1985 Apollinarium

296 2008 348 2052 et
372 1997 678 2070 Origenem,
707 2001 858 2072 cujus
886 2001 1094 2058 initium
1137 2013 1240 2070 est,
1283 2006 1514 2060 Primum
1541 2007 1872 2065 solemnitatis

294 2100 540 2158 angustia,
570 2101 620 2146 et
668 2107 829 2162 quam
869 2109 936 2149 ex
964 2094 1208 2151 Paschali
1238 2098 1392 2169 eyelo
1421 2098 1544 2155 huic
1571 2114 1691 2157 esse
1729 2117 1871 2156 anno

292 2180 718 2247 adscribendam,
751 2192 935 2240 contra
973 2196 1135 2256 alque
1161 2187 1454 2256 Editiones,
1483 2206 1605 2260 qua:
1634 2201 1868 2248 nostram

291 2284 618 2338 prmccssere
642 2313 660 2338 ,
691 2287 884 2330 omnes
925 2275 1160 2344 habent,
1190 2290 1524 2348 compertum
1555 2290 1656 2336 est.
1701 2284 1872 2351 Atque

291 2356 426 2414 hanc
452 2362 630 2414 statim
656 2361 1227 2436 Latine-llieronymus
1252 2369 1576 2438 explicavit,
1619 2381 1675 2426 et
1711 2373 1867 2428 simul

288 2457 446 2517 alque
473 2459 716 2518 apertum
744 2463 836 2506 est.
855 2453 1280 2523 navigationibus
1317 2472 1483 2524 mare,
1511 2458 1734 2514 Romam
1769 2478 1868 2516 una

287 2553 407 2590 tum
435 2537 626 2595 ϐῖκοι)
652 2541 965 2610 exemplari,
984 2544 1216 2600 versioui
1241 2561 1352 2601 sum
1382 2547 1536 2603 Iidem
1563 2560 1744 2605 contra
1775 2553 1870 2607 ob-

287 2634 612 2682 trectatores
644 2630 880 2687 facturus
905 2673 920 2698 ,
948 2633 1031 2691 ad.
1062 2634 1454 2693 Pammachium
1486 2650 1536 2694 et
1565 2641 1866 2698 Marcellam

285 2720 452 2773 misit.
488 2720 644 2774 Dedit
688 2724 843 2778 simul
883 2724 949 2778 ad
981 2741 1072 2782 eos
1101 2727 1427 2798 Epistulam,
1475 2732 1527 2788 in
1557 2737 1868 2792 recensione

285 2817 468 2864 nostra
501 2808 704 2865 XCVII.
739 2814 820 2867 cui
852 2815 1057 2871 scilicet
1078 2817 1387 2876 Paschaletn
1416 2822 1582 2892 ipsam
1603 2825 1863 2897 adjunxit,

286 2910 445 2970 atque
485 2901 763 2957 exordium
811 2903 910 2960 hoc
957 2907 1078 2963 fecit
1104 2925 1117 2962 :
1145 2909 1366 2966 Rursum
1405 2911 1742 2974 Orientalibus
1781 2936 1866 2975 vos

289 2991 536 3059 locupleto
564 2995 906 3062 mercibus..et
931 2997 1302 3056 Alexandrinas
1325 3019 1445 3075 opes
1464 3006 1628 3076 primo
1652 3009 1864 3065 Romam

290 3097 396 3135 rere
427 3083 744 3141 transmitto.,
765 3085 932 3141 Martii
956 3105 1147 3161 nempe
1187 3094 1601 3164 mensisinitio,
1646 3100 1787 3170 quod
1813 3111 1868 3156 et

293 3171 443 3226 facile
470 3171 637 3226 verba.
658 3173 772 3244 ipsa
800 3177 965 3247 primo
991 3195 1103 3233 uere
1133 3180 1380 3250 inuuunt,
1407 3194 1463 3241 et
1487 3188 1671 3242 sedulo
1694 3191 1864 3246 notari

292 3264 352 3318 in.
383 3280 503 3318 eum
534 3279 689 3335 quem
717 3281 748 3321 e
785 3269 1008 3339 vestigio
1043 3270 1280 3327 dicturus
1313 3290 1430 3331 sum
1475 3279 1652 3344 tinem,
1685 3282 1864 3337 velim.

293 3355 412 3412 Post
447 3357 714 3426 aliquanta
748 3377 761 3414 :
804 3359 905 3416 Vos
932 3363 1205 3420 Christiani
1233 3367 1453 3426 Senatus
1481 3373 1694 3440 lumina,
1727 3378 1865 3431 acci-

294 3448 391 3519 pite
416 3457 462 3501 et
498 3447 726 3507 Gra'eam
751 3461 800 3506 et
827 3451 1068 3510 Latinam
1085 3458 1235 3512 etiam
1265 3461 1512 3517 hoc~anne
1543 3463 1824 3536 Epistolam
1846 3509 1863 3536 ,

294 3554 350 3596 ne
376 3555 570 3593 rursum
596 3541 817 3597 haeretici
840 3547 1164 3615 mentiantur,
1193 3551 1391 3607 anellis
1415 3553 1652 3626 pleraque
1679 3560 1752 3612 vel
1775 3560 1870 3612 ad-

295 3628 392 3681 dita
419 3631 494 3684 vel
519 3642 711 3686 mutata
735 3649 756 3688 :
778 3634 832 3688 in
859 3652 958 3706 qua
992 3638 1248 3695 laborasse
1292 3660 1370 3696 me
1394 3648 1579 3714 fateor,
1611 3657 1664 3700 ut
1692 3651 1868 3704 uerbo-

293 3736 398 3773 rum
415 3723 714 3793 elegantiam
737 3728 849 3795 pari
872 3729 1298 3800 interpretationis
1319 3746 1573 3791 venustate
1594 3753 1864 3795 servarem.

294 3809 544 3885 Superius
569 3826 747 3870 autem
788 3834 908 3873 cum
954 3822 1114 3875 multa
1148 3824 1199 3876 in
1228 3822 1557 3895 Origenistas
1595 3830 1862 3898 dixisset,

293 3906 444 3963 atque
485 3897 544 3954 in
569 3903 791 3955 mutulos
823 3919 968 3968 suos,
1002 3907 1089 3976 qui
1119 3909 1496 3964 maledictorum
1526 3928 1721 3982 pannos
1751 3897 1871 3970 hinc

294 3984 404 4041 inde
429 3991 758 4058 consuebant,
789 4008 854 4052 ac
899 3995 1078 4051 dicere
1107 4014 1264 4066 porro
1295 4012 1478 4070 pergat
1518 4005 1782 4074 prrecipue
1813 4007 1871 4062 iu

295 4075 582 4147 Bullinum,
608 4098 767 4152 quem
814 4087 974 4139 tacito
1018 4088 1231 4145 nomine
1251 4131 1264 4154 ,
1296 4093 1710 4163 acriterszepius
1738 4113 1864 4167 per-

293 4170 501 4242 stringit
530 4190 542 4225 :
572 4189 841 4244 nunquam
889 4187 1087 4241 tamen.
1139 4197 1205 4237 ne
1231 4183 1394 4238 verbo
1420 4185 1632 4255 quid-em
1661 4196 1814 4242 tenus
1846 4230 1870 4257 ,

292 4260 618 4333 Apolttgetici
660 4276 843 4320 contra
874 4268 1019 4322 illurn
1059 4270 1248 4341 Operis
1275 4269 1534 4330 meminit.
1563 4277 1873 4336 Meminisse

293 4360 464 4406 autem
484 4355 704 4409 omnino
724 4355 927 4424 debuit,
948 4359 989 4412 si
1015 4368 1139 4416 tunc
1163 4364 1420 4433 temporis
1441 4367 1864 4431 elucubraverat:

295 4444 460 4512 primo
509 4447 652 4501 enim
693 4447 1058 4506 elucubrasset
1101 4462 1227 4509 ante
1269 4471 1463 4524 paucos
1509 4457 1660 4526 dies,
1706 4476 1863 4530 quam

297 4536 600 4618 Paschalem
654 4540 822 4610 ipsam
877 4544 1318 4613 interpretaretur
1370 4546 1669 4619 (siquidem
1718 4561 1872 4608 certo.

293 4614 485 4685 certius
505 4639 608 4691 est,
632 4639 690 4685 ut
714 4646 810 4686 suo
829 4632 947 4688 loco
969 4649 1090 4688 mox
1116 4636 1478 4705 ostendemus,
1505 4655 1608 4694 non
1630 4645 1866 4710 potuisse

293 4719 443 4774 citius
474 4719 687 4776 hoemet
713 4737 852 4776 anno
895 4725 1077 4796 scribi)
1102 4726 1296 4782 deinde
1323 4743 1441 4783 cum
1489 4730 1676 4786 iisdem
1709 4733 1868 4788 Pam-

295 4810 500 4865 machio
543 4821 594 4866 et
633 4812 918 4877 Marcella),
947 4831 1083 4886 quos
1112 4816 1194 4872 his
1236 4818 1404 4874 literis
1447 4821 1758 4891 alloquitur,
1790 4826 1869 4879 in-

293 4903 586 4974 scripserit,
615 4919 679 4958 ac
720 4905 920 4960 miserit
947 4907 1170 4964 Romam
1202 4927 1218 4964 :
1254 4924 1359 4964 non
1405 4913 1593 4980 potuit,
1621 4916 1747 4983 quin
1779 4932 1869 4971 re-

292 4997 793 5068 centissimioperis
821 4999 886 5053 ad
911 5015 1004 5056 eos
1027 5001 1097 5055 ita
1118 5001 1316 5057 dudum
1345 5004 1515 5069 missi,
1540 5007 1869 5078 utaeeipere

293 5087 543 5145 nondum.
579 5087 910 5157 potuissent,
940 5097 1268 5148 mentionem
1316 5083 1659 5151 cis'faceret.
1708 5099 1868 5168 Igitur

294 5190 476 5250 postea
503 5181 857 5236 elucubravit.
887 5183 990 5239 Sed
1016 5185 1152 5256 quid.
1167 5202 1300 5257 opus
1325 5197 1408 5244 est
1450 5191 1730 5259 pluribus?
1756 5196 1884 5264 Δρ·-

294 5283 445 5342 paret
468 5290 532 5328 ex
561 5274 828 5342 adjunctis
852 5277 925 5330 rei
947 5278 1216 5345 omnibus,
1247 5296 1309 5336 ac
1332 5282 1559 5350 primum
1589 5283 1872 5341 elucubra-

297 5365 436 5420 tione
455 5366 513 5422 S‘.
545 5366 829 5422 Ductorem
853 5369 1060 5426 initium
1099 5371 1287 5428 iecisse
1312 5373 1414 5430 hoc
1440 5391 1584 5430 anno
1601 5378 1866 5435 scribendi

301 5457 550 5523 Romam,
582 5473 681 5516 nec
704 5459 990 5530 quidquam
1021 5462 1372 5534 scriptionum
1417 5481 1633 5522 suarum
1665 5485 1890 5538 prece--

299 5552 439 5608 denti
476 5554 674 5622 hieme,
703 5553 819 5612 sive
841 5554 1046 5610 duobus
1071 5556 1287 5614 circiter
1310 5561 1578 5616 anteactis.
1594 5563 1890 5630 mensibus.

299 5659 358 5699 co
388 5645 620 5700 misisse.

367 5737 429 5789 ll.
466 5738 654 5791 Statim
687 5737 841 5808 igitur
860 5736 929 5794 ab
959 5736 1038 5791 hi"
1076 5741 1292 5797 litteris.
1329 5751 1486 5798 atoue
1514 5743 1617 5798 hoc
1642 5745 1755 5810 ipso
1783 5745 1892 5802 1η--⁴

303 5838 454 5883 eunte
495 5830 631 5885 Vere
699 5831 923 5886 Sanctus
970 5829 1125 5890 Pater
1166 5831 1460 5887 scribendis
1507 5837 1865 5895 Auoloacttc‘is

1582 405 1636 460 S.
1680 399 2051 457 IIIERONYMI
2095 403 2272 462 VI'I'A.

3475 433 3586 490 II!

1998 528 2180 574 contra
2224 520 2491 578 Rultinum
2520 527 2666 584 libris
2713 546 2925 590 manum
2957 538 3213 598 admovit.
3244 544 3344 614 Qui
3376 546 3572 606 factum

1997 611 2048 665 id
2094 623 2247 670 antea
2270 656 2286 680 ,
2316 625 2476 687 atque
2503 635 2646 678 anno
2674 624 2887 694 quidem
2917 633 3196 702 superiore
3221 611 3450 711 scriptos
3477 657 3572 700 cos

1994 704 2180 770 libros,
2215 707 2315 764 hoc
2335 719 2510 766 autem
2543 713 2803 786 vulgatos,
2831 731 2885 775 et
2912 721 3134 780 Romam
3167 704 3360 786 missos
3386 735 3571 790 existi-

1992 806 2160 865 mant,
2189 798 2323 867 fugit
2338 803 2572 861 ceuditos
2591 815 2786 865 etatem
2815 809 3044 870 hominis
3069 819 3223 874 ratio.
3253 820 3382 878 Gutn
3423 827 3565 882 enim

1991 886 2092 955 ipsi
2124 890 2342 947 minime
2371 892 2715 965 diiiiteantur,
2746 899 2973 960 Romam
3001 915 3126 962 ante
3165 925 3258 964 ver
3297 919 3568 984 sequentis

1987 981 2144 1046 anni,
2167 980 2321 1051 hujus
2351 984 2574 1052 scilicet,
2615 991 2749 1046 mitti
2780 1009 2885 1048 non
2917 997 3152 1065 potuisse
3182 1001 3342 1071 («mod
3375 980 3569 1062 elauso

1981 1069 2105 1139 jam.
2140 1085 2248 1128 tum
2297 1091 2410 1145 per
2440 1077 2703 1149 hiemem,
2746 1093 2802 1140 et
2841 1069 3267 1158 procclloso,iut
3309 1111 3568 1154 nouerant.

1989 1176 2265 1233 prmterea,
2290 1172 2442 1236 mari,
2474 1186 2829 1244 opportunum
2853 1182 3178 1254 navigationi
3203 1195 3406 1262 tempus
3435 1207 3563 1261 ope-

1985 1256 2226 1312 ricndum
2255 1260 2434 1335 esset)
2465 1265 2690 1333 primum
2730 1271 2871 1339 quod
2918 1256 3328 1345 constituerant,
3358 1256 3566 1340 ratione

1985 1345 2084 1402 hac
2112 1349 2277 1405 altera
2310 1353 2465 1419 plane
2494 1355 2798 1414 destruunt.
2823 1361 3119 1422 Enimvero
3146 1384 3319 1440 neque
3345 1372 3557 1442 eadem,

1983 1451 2082 1505 qua
2116 1438 2384 1498 Paschalis
2413 1445 2662 1514 Epistulae
2692 1451 3080 1524 interpretatio,
3110 1438 3390 1517 occasione
3415 1438 3562 1522 missi

1983 1537 2126 1592 sunt,
2159 1531 2298 1599 quod
2340 1548 2404 1587 ex
2437 1535 2700 1603 adiunctis
2727 1540 2806 1596 rei
2835 1544 3085 1601 omnibus
3109 1556 3317 1604 constat
3344 1567 3358 1604 :
3388 1567 3564 1623 neque
3620 1609 3636 1624 ε

1981 1621 2304 1687 praecedenti
2330 1634 2596 1695 poterant,
2620 1630 2882 1701 siquidem
2901 1633 2992 1690 illa
3015 1639 3199 1694 statim
3221 1649 3381 1712 atque
3406 1621 3562 1713 aper-

1983 1720 2091 1765 tum
2123 1722 2204 1768 est
2234 1731 2413 1782 mare,
2445 1717 2670 1776 Romam
2717 1738 3005 1794 properare
3030 1730 3187 1798 iussa
3211 1742 3313 1800 est,
3341 1744 3395 1790 et
3441 1751 3562 1807 qua:

1979 1803 2052 1894 illi
2075 1803 2396 1874 juugebatur
2421 1810 2490 1865 ad
2515 1811 2818 1870 Marcellam
2845 1816 3084 1888 Epistula
3105 1823 3173 1878 de
3209 1824 3276 1881 iis
3304 1803 3476 1894 libris,
3503 1838 3562 1883 ut

1977 1893 2176 1951 dttdum
2204 1899 2554 1970 ostendimus,
2585 1906 2840 1964 continuo
2861 1910 3003 1966 silet.
3034 1911 3151 1970 Hoc.
3173 1916 3440 1988 se-itaquc
3468 1935 3559 1975 or-

1975 1983 2101 2041 dine
2146 2002 2209 2043 ac
2239 1989 2406 2045 modo.
2445 2009 2531 2048 res
2579 1994 2782 2053 habuit.
2815 1999 3189 2060 Pammachius
3227 2015 3282 2063 et
3309 1983 3556 2066 Marcella

1975 2094 2118 2148 cum,
2149 2082 2296 2139 nulla
2313 2066 2867 2159 adhibita-diligentia,
2895 2092 3178 2151 Rttl‘liniani
3197 2096 3387 2168 Operis
3417 2101 3558 2157 inte-

1975 2189 2127 2243 grum
2168 2177 2444 2246 exemplar
2477 2179 2721 2237 obtinere
2767 2186 3081 2254 potuissent,
3114 2192 3379 2260 praecipua
3406 2192 3559 2263 obje-

1976 2265 2211 2318 ctionum
2243 2268 2413 2336 capita
2443 2283 2519 2323 ex
2554 2270 2645 2326 illo
2674 2287 2902 2342 propere
2929 2288 3147 2347 excepta
3176 2278 3244 2334 ad
3289 2279 3560 2354 IIierony-

1976 2371 2122 2410 mum
2169 2361 2602 2417 transmiserunt.
2647 2365 2980 2422 Addiderunt
3028 2381 3082 2425 et
3122 2371 3337 2440 literas,
3366 2376 3557 2445 quibus

1977 2464 2097 2504 eum
2128 2452 2305 2506 acrius
2333 2453 2398 2506 ad
2441 2456 2868 2524 respondendum
2904 2461 3200 2518 incitarent.
3235 2464 3412 2521 Facile
3442 2467 3556 2524 haec
3607 2511 3612 2518 .

1975 2542 2152 2588 autem
2183 2535 2471 2592 deferenda
2517 2539 2852 2597 tradiderunt
2890 2544 3203 2600 Pauliniano
3228 2548 3344 2617 ejus
3371 2550 3551 2619 fratri,

1974 2623 2062 2692 qui
2092 2639 2156 2679 ex
2183 2624 2474 2683 Occidente
2495 2628 2884 2704 Jerosolymam
2913 2635 3014 2691 hoc
3043 2637 3293 2693 nimirum
3317 2648 3563 2712 tempore

1973 2718 2282 2786 remeabat,
2325 2730 2380 2776 et
2405 2721 2474 2778 de
2502 2739 2597 2780 ore
2644 2735 2852 2796 p0terat
2876 2768 2893 2795 ,
2924 2743 3082 2799 quam
3129 2731 3218 2786 ille
3257 2733 3325 2789 ab
3357 2735 3551 2791 Bullini

1971 2811 2157 2865 amicis
2184 2813 2446 2869 maledice
2484 2816 2869 2884 traduceretur,
2914 2820 3137 2878 referre.
3171 2823 3244 2880 De
3292 2825 3407 2895 ejus
3427 2843 3554 2899 pro.

1973 2901 2205 2960 lectione
2235 2915 2396 2977 atque
2422 2908 2836 2980 reditu,quibus
2868 2912 3089 2985 insignis
3126 2915 3552 2990 Ilieronymiana:

1974 2998 2184 3068 pietatis
2213 3001 2817 3071 memoriacoutinetur,
2858 3004 3100 3060 dicemus
3126 3007 3286 3076 paulo
3314 3018 3451 3078 post,
3485 3025 3555 3065 ne

1972 3099 2204 3160 emptum
2257 3091 2494 3148 historiae
2535 3094 2678 3150 tilum
2719 3095 3151 3168 intermittamus.
3192 3099 3440 3170 Acceptis
3470 3100 3553 3156 his

1974 3181 2152 3250 itaque
2175 3182 2323 3238 libris
2338 3183 2712 3258 Hieronymus,
2730 3186 2868 3242 illico
2891 3187 3088 3260 stylum
3109 3188 3175 3244 ad
3194 3189 3554 3245 retundendus

1971 3272 2150 3326 tumuli
2175 3273 2469 3330 calumnias
2487 3277 2744 3346 arripuit:
2764 3286 2817 3332 et
2843 3279 3108 3346 geminam
3128 3278 3384 3335 adversus
3403 3280 3550 3335 illum

1974 3367 2008 3419 A
2023 3366 2283 3436 pologiam
2309 3382 2408 3438 pro
2433 3383 2490 3424 se
2511 3370 2748 3440 scripsit.
2781 3371 2953 3440 Atque
2973 3385 3090 3426 eam
3116 3361 3330 3442 quidem
3351 3371 3550 3428 Roma-

1974 3457 2054 3510 nis
2098 3456 2283 3512 iisdem
2324 3457 2752 3530 Proceribus,qui
2775 3461 3028 3532 synopsiu
3056 3461 3345 3518 Rulliuiani
3373 3463 3552 3532 operis

1971 3547 2036 3600 ad
2059 3563 2120 3602 se
2144 3549 2568 3615 transmiserant,
2592 3551 2931 3608 Pammachio
2949 3553 3264 3624 inquamhet
3289 3552 3552 3610 Marcelle

1974 3637 2101 3707 (non
2131 3637 2459 3706 Marcelline,
2491 3649 2550 3694 ut
2575 3641 2702 3694 olim
2731 3641 2926 3696 lectum
2953 3652 3036 3697 est
3075 3644 3375 3714 perperam)
3416 3659 3553 3696 mtu-

1971 3731 2203 3797 cnpavit.
2244 3730 2326 3785 Ah
2350 3730 2453 3786 his.
2486 3741 2664 3787 autem
2707 3733 2998 3788 cxorditus.
3022 3744 3102 3787 εει
3137 3750 3150 3786 :
3181 3731 3252 3787 Et
3289 3734 3464 3788 vestris
3503 3745 3556 3787 et

1973 3820 2446 3877 multorumtitteris
2467 3823 2645 3890 didici,
2675 3826 2826 3896 objiei
2870 3826 2996 3878 mihi
3024 3825 3077 3878 in
3119 3826 3294 3880 schola
3326 3824 3555 3897 Tyranni

1975 3910 2186 3982 (lingua
2231 3928 2414 3967 canum
2457 3931 2680 3968 meorum
2707 3933 2769 3970 ea:
2795 3917 3012 3970 inimicis
3032 3953 3034 3956 μ
3053 3917 3116 3969 ab
3144 3917 3290 3987 ipso)
3321 3935 3412 3971 cur
3438 3927 3555 3990 napi

1971 4003 2142 4073 Δρχῦν.
2157 4003 2309 4058 libros
2324 4004 2375 4058 in
2401 4005 2615 4059 latinum
2636 4008 2880 4061 verterint.
2905 4007 3090 4062 Fuisse
3113 4007 3325 4063 Rullino
3342 4024 3553 4079 prscno-
3620 4085 3623 4087 _

1973 4111 2094 4152 men
2125 4095 2422 4168 Tyrannio,
2453 4113 2552 4154 nos
2595 4100 2754 4154 etiam
2801 4101 3272 4158 animadvertimus
3301 4101 3550 4158 secundis

1973 4189 2117 4244 curis
2143 4197 2263 4260 post
2287 4189 2666 4258 Funtaninum,
2692 4208 2830 4248 ,cum
2863 4193 3068 4263 pridem
3095 4194 3162 4248 ab
3189 4194 3290 4249 loci
3334 4194 3552 4250 nomine

1968 4280 2324 4349 derivandum
2353 4285 2669 4339 vocabulum
2720 4286 3004 4342 videretur.
3035 4287 3340 4358 Tyrannum
3373 4288 3554 4357 itaque

1974 4372 2144 4441 illum,
2171 4376 2284 4432 sive
2313 4375 2430 4446 ejus
2473 4377 2702 4431 scholam
2729 4375 3070 4449 Tyrannicam
3097 4377 3292 4433 Noster
3335 4379 3552 4432 nomine

1974 4464 2026 4519 iu
2057 4468 2476 4536 suggillationem
2504 4468 2748 4534 detorto,
2780 4479 2933 4524 vocat
2964 4487 2979 4522 :
3005 4471 3123 4523 sive
3163 4468 3291 4524 illud
3321 4469 3554 4526 Actttutn

1972 4572 2092 4626 cap.
2124 4557 2265 4613 XIX.
2296 4575 2349 4612 γ.
2378 4559 2430 4615 9.
2468 4561 2734 4631 disputans
2770 4562 2824 4614 in
2866 4560 3040 4614 schola
3065 4559 3312 4632 Tyranni,
3341 4560 3550 4616 alludit:

1975 4641 2140 4722 Porro
2169 4649 2236 4704 ad
2280 4651 2513 4720 singulas
2541 4650 2719 4704 aemuli
2741 4650 3173 4707 criminationes
3202 4653 3378 4722 priore
3415 4651 3558 4706 libro

1975 4719 2262 4810 respondet
2288 4783 2304 4807 ,
2352 4719 2458 4811 quo
2506 4751 2558 4796 ct
2602 4741 2766 4796 multa
2811 4743 2884 4798 de»
2924 4719 3241 4814 Origeniatia
3286 4744 3550 4815 Pamphili

1976 4831 2253 4901 Apologia,
2281 4847 2438 4901 quam
2471 4831 2593 4888 huic
2621 4834 2835 4905 Martyri
2865 4836 3160 4906 abjudicat,
3190 4836 3361 4909 deque
3393 4837 3556 4911 Didy-

1976 4936 2086 4988 mo,
2123 4922 2354 4978 Eusebio
2382 4922 2721 4994 Caisariensi,
2751 4927 2978 4996 aliisque
3025 4927 3398 4998 Scriptoribus
3428 4928 3552 4984 Ori-

1974 5014 2097 5082 geni
2127 5013 2354 5069 addictis
2393 5015 2742 5084 intermiscet,
2769 5025 2824 5073 et
2859 5034 2965 5088 quo
2993 5019 3108 5091 ipse
3137 5021 3318 5075 animo
3337 5028 3556 5074 eteau-

1977 5105 2120 5160 tione
2168 5105 2441 5170 adhibita,
2491 5107 2611 5162 illos
2656 5113 3004 5177 tractaverit,
3054 5121 3336 5168 monstrat.
3368 5112 3566 5166 Altero-

1975 5197 2175 5252 Rul‘llni
2215 5200 2525 5270 Apologiam
2552 5201 2616 5256 ad
2648 5203 2984 5258 Anastasium
3026 5203 3222 5274 Papam
3269 5203 3574 5273 speciatim--

1977 5290 2194 5358 refutat,
2226 5293 2277 5348 in
2307 5309 2410 5363 qua
2441 5295 2542 5349 sibi
2576 5296 2828 5350 calumnia
2853 5297 2992 5351 strui
3010 5297 3308 5352 videbatur.
3336 5297 3402 5351 Et
3437 5311 3556 5365 par-

1977 5382 2153 5437 ticulis
2177 5384 2392 5454 quidem
2435 5386 2553 5455 ejus
2580 5386 2870 5442 identidem
2911 5389 3161 5443 recitatis
3195 5388 3262 5442 de
3293 5386 3453 5441 vet-bo
3487 5385 3578 5438 adt

1978 5474 2199 5530 verbum
2242 5474 2328 5548 (ex
2367 5491 2475 5546 quo
2517 5477 2738 5548 colligas
2779 5477 2924 5533 hanc
2963 5479 3033 5533 ob
3061 5479 3254 5534 oculos
3297 5477 3580 5543 integramc

1979 5566 2252 5638 habuisse)
2280 5583 2518 5634 manum,
2553 5568 2773 5638 perinde
2791 5579 2952 5638 atque
2975 5584 3095 5624 cum
3121 5564 3277 5622 hoste
3301 5579 3411 5618 suo
3425 5579 3554 5619 con-

1975 5656 2110 5712 'scrit
2139 5667 2240 5714 εχει
2259 5674 2380 5714 cum
2403 5660 2698 5715 sententias
2723 5660 2790 5714 de
2815 5659 3048 5714 sublesta
3077 5657 3177 5712 ﬁde
3205 5664 3296 5709 aut
3323 5654 3579 5712 falsitate:

1979 5750 2328 5816 accusaverit,
2355 5749 2657 5819 verbaipsa
2681 5749 3036 5819 persequitur,
3063 5756 3112 5802 et
3134 5745 3406 5803 sermonis
3423 5747 3549 5806 har.-
