4052 6338
443 417 544 472 H3

413 532 637 586 .oarietu
668 525 778 578 risu
806 531 861 577 et
887 520 1099 591 probris
1125 523 1379 593 exagitat.
1409 520 1463 574 In
1492 519 1595 575 line
1633 531 1752 573 cum
1795 533 1893 588 pro
1917 531 2012 572 sua

433 615 826 685 Scripturarum
853 628 920 669 ex
944 613 1168 668 llebrtco
1197 611 1544 668 translatione
1568 617 1890 681 perorasset,
1921 621 2015 664 ex-

414 716 680 778 .spectare
717 720 779 761 se
803 705 876 760 ait
920 705 1018 759 tria
1043 705 1192 758 amici
1225 703 1502 767 volumina,
1531 712 1585 756 et
1620 699 1685 755 ad
1710 699 2012 770 congeriem

419 799 718 853 criminum
744 797 862 866 ejus
883 805 989 850 tota
1012 811 1132 851 esse
1155 805 1331 849 mente
1352 805 1669 864 suspensum
1699 808 1712 845 :
1739 791 1838 844 nisi
1856 787 2009 860 quod,

431 890 633 954 subdit,
665 890 825 945 leuius
846 899 917 944 est
943 892 1224 960 professum
1249 887 1506 939 inimicum
1526 898 1718 949 cavere,
1749 898 1901 954 quam
1923 880 2014 934 ho-

432 993 558 1036 slent
600 980 836 1036 latentem
878 980 971 1034 sub
1015 978 1165 1032 amici
1209 978 1410 1030 nomine
1447 975 1714 1029 sustinere.
1741 971 2017 1028 Constabit

431 1087 598 1142 porro
637 1088 703 1128 ex
731 1072 815 1126 bis
861 1085 980 1141 qua:
1027 1068 1250 1124 dicenda
1294 1082 1419 1121 mox
1461 1075 1606 1132 sunt,
1644 1062 1826 1134 quanti
1875 1060 2014 1116 istud

365 1225 368 1228 ,
433 1164 614 1231 operis
629 1162 688 1218 S.
709 1163 920 1218 Ductori
937 1162 1146 1217 steterit
1165 1177 1177 1212 :
1199 1161 1270 1214 ita
1297 1159 1438 1213 enim
1465 1170 1691 1227 propere
1716 1153 1926 1210 videtur
1949 1151 2017 1206 ab

434 1270 502 1309 eo
527 1253 868 1321 adornatum,
892 1263 946 1307 ut
976 1254 1204 1307 fortasse
1235 1265 1336 1305 una
1364 1259 1524 1318 atque
1545 1247 1709 1301 altera
1739 1243 2017 1299 elucubra-

432 1347 582 1413 tione
610 1345 912 1400 absolutum
952 1346 1042 1412 sit,
1075 1355 1223 1400 certe
1251 1341 1467 1414 quidem
1513 1339 1737 1411 Romam
1777 1338 1879 1391 hoc
1901 1335 2018 1405 ipso

437 1444 679 1491 vertente
708 1436 895 1492 Martio
923 1450 1110 1492 mense
1135 1436 1526 1491 transmissum.

508 1530 595 1587 Ill.
623 1531 870 1585 Dicamus
892 1544 1034 1586 nunc
1060 1528 1234 1583 obiter
1270 1526 1410 1596 quod
1433 1523 1730 1594 recepimus
1759 1520 1828 1576 de
1851 1518 2022 1575 Pauli-

437 1621 622 1676 niano.
650 1618 900 1684 Causam,
948 1633 1042 1674 cur
1069 1633 1193 1673 eum
1219 1617 1526 1673 Stridonem
1544 1623 1670 1668 ante
1693 1612 1830 1667 duos
1850 1625 2021 1665 annos

433 1721 490 1764 et
518 1710 659 1781 quod
681 1711 934 1774 excurrit,
975 1711 1088 1764 sive
1117 1709 1222 1764 599
1251 1707 1364 1764 fere
1413 1705 1590 1761 medio
1614 1745 1629 1770 ,
1657 1703 2020 1774 Hieronymus

436 1800 676 1863 miserit,
743 1799 827 1855 his
875 1800 1050 1870 aperit
1106 1799 1172 1853 ad
1216 1797 1618 1857 Pammacltium
1666 1794 1844 1850 verbis
1894 1790 2021 1862 Epi-

444 1893 552 1948 tola
584 1891 775 1948 LXVI.
806 1894 908 1947 sub
935 1895 1092 1946 linem
1115 1909 1127 1944 :
1152 1891 1262 1946 Nos
1289 1892 1338 1945 in
1359 1893 1456 1944 ista
1485 1889 1742 1959 provincia
1768 1885 2022 1955 aedificato

437 1983 760 2043 Monasterio
802 1994 849 2038 et
877 1983 1166 2038 Diversorio
1193 1995 1399 2053 propter
1427 1988 1700 2045 exstructo,
1731 1994 1795 2032 ne
1823 1979 1953 2048 forte
1976 1984 2024 2030 et

437 2077 590 2129 ntodo
605 2075 798 2145 Joseph
817 2092 932 2129 cum
966 2074 1134 2128 Maria
1154 2075 1205 2128 in
1232 2073 1488 2130 Bethleem
1517 2072 1737 2136 veniens,
1759 2087 1860 2124 non
1880 2071 2024 2124 inve-

439 2173 545 2226 uiat
578 2169 872 2238 hospitium,
897 2168 1048 2222 tantis
1074 2168 1136 2222 de
1165 2177 1266 2221 toto
1304 2166 1422 2221 orbe
1447 2163 1821 2235 conﬂuentibus
1859 2162 2025 2218 turbis

438 2263 702 2319 obruimur
726 2261 1098 2316 Monac/torum
1117 2301 1132 2326 ,
1165 2268 1219 2314 ut
1247 2276 1335 2313 nec
1357 2266 1577 2327 emptum
1616 2274 1745 2328 opus
1773 2257 2022 2322 deserere,

440 2369 532 2408 nec
572 2369 729 2421 supra
754 2351 882 2406 vires
917 2351 1052 2422 ferre
1076 2349 1362 2404 valeamus.
1398 2348 1548 2404 Unde
1567 2349 1690 2418 quia
1721 2365 1754 2417 p
1785 2364 1848 2401 ne
1879 2347 2025 2400 nobis

439 2444 573 2499 illud
616 2445 678 2497 de
707 2442 979 2513 Evangelia
1006 2443 1212 2512 contigit
1237 2481 1254 2508 ,
1281 2449 1337 2494 ut
1373 2444 1559 2512 futura:
1589 2440 1742 2493 turris
1770 2455 1871 2492 non
1913 2446 2028 2492 ante

442 2542 830 2606 supputaremus
857 2549 1104 2603 expensas
1129 2573 1144 2598 ,
1176 2533 1423 2602 contpulsi
1449 2543 1624 2586 sumus
1646 2535 1852 2602 fratrem
1884 2530 2026 2584 Pau-

445 2628 694 2682 linianum
721 2626 788 2678 ad
819 2623 1052 2678 Patriam
1077 2624 1292 2689 ntittere,
1317 2633 1370 2676 ut
1391 2624 1658 2676 semirutas
1673 2621 1897 2684 villulas,
1917 2636 2029 2691 qua:

445 2716 790 2774 Barbarorunt
836 2714 1120 2786 e/fugeruut
1169 2729 1386 2781 manus,
1423 2723 1468 2767 et
1505 2723 1768 2783 parentum
1802 2730 2029 2768 commu-

447 2813 588 2865 nium
616 2825 792 2864 census
817 2808 1069 2873 venderet,
1104 2822 1168 2862 ne
1194 2817 1411 2873 carptum
1452 2805 1760 2860 Sanctorum
1806 2805 2032 2859 ministeo

444 2903 578 2956 rium
599 2902 899 2966 deserentes,
932 2900 1090 2954 risum
1118 2898 1379 2953 maledicis
1404 2905 1452 2951 et
1471 2897 1670 2951 tantulis
1693 2896 2026 2966 prwbeamus.

446 2993 595 3053 lianc
615 3006 715 3048 nos
735 2991 1028 3062 Epistolam
1053 3001 1176 3045 ante
1202 2988 1318 3045 fere
1342 2989 1616 3044 biennium
1643 2987 1762 3044 aliis
1787 2989 1912 3043 olim
1947 2988 2028 3043 usi

451 3083 779 3154 argumentis
803 3081 1054 3151 scriptam
1083 3080 1312 3136 diximus
1335 3121 1351 3148 ,
1387 3091 1549 3150 quam
1593 3078 1697 3134 huc
1728 3086 1904 3134 tamen
1930 3079 2032 3134 dif-

448 3174 576 3229 ferri
595 3182 863 3242 oportere,
895 3171 962 3228 ad
988 3171 1178 3226 saltem
1208 3170 1314 3226 599
1337 3171 1462 3226 anni
1493 3169 1726 3225 medium
1744 3211 1758 3235 ,
1782 3184 1924 3225 nunc
1945 3173 2030 3224 in-

449 3266 738 3336 telligimus
760 3280 828 3320 ex
873 3265 956 3318 his
980 3264 1049 3319 de
1080 3263 1396 3320 Pauliniano
1423 3262 1598 3332 (cujus
1643 3261 2030 3333 profectionem

449 3369 519 3410 ex
545 3354 766 3410 Oriente
783 3353 907 3410 huic
932 3361 1147 3410 nosmet
1163 3365 1304 3408 anno
1324 3351 1744 3423 adsignavimus)
1765 3367 1827 3408 ac
1846 3367 2030 3424 porro,

453 3455 510 3501 ut
535 3445 833 3512 dill‘eratur,
855 3455 1102 3501 auctores
1127 3460 1332 3501 sumus.
1359 3444 1627 3499 Discimns
1647 3459 1708 3500 ex
1730 3444 1815 3499 bis
1831 3453 2031 3512 autem,

451 3535 594 3606 quod
624 3534 703 3592 rei
722 3543 884 3605 caput
910 3545 1020 3599 est,
1045 3535 1348 3602 exemplum
1390 3533 1819 3606 llieronymiante
1860 3535 2031 3605 pieta-

453 3627 520 3680 tis
550 3625 708 3696 longe
736 3624 1176 3694 insignissimum,
1201 3633 1360 3695 atque
1389 3624 1530 3679 inter
1551 3623 1689 3680 Viue
1704 3623 1820 3694 ejus
1847 3624 2033 3680 laudes

453 3717 713 3772 memoria
751 3717 1020 3787 prtecipua
1055 3715 1297 3788 dignum.
1340 3717 1474 3773 Cum
1517 3718 1661 3772 enim
1707 3717 2032 3789 recipiendis

453 3808 749 3864 innumeris
777 3823 944 3879 prope
967 3807 1347 3864 Monachorum
1374 3809 1604 3864 catervis
1644 3807 2028 3867 Monasterium

446 3900 938 3968 jamcxstruxisset,
951 3900 1176 3957 conlatis
1197 3901 1375 3956 Paulze
1393 3901 1696 3972 sumptibus
1715 3913 1780 3956 ae
1804 3901 1995 3957 studiis
2017 3919 2031 3956 :

454 3992 690 4060 hospites
713 3992 875 4048 etiam
906 3991 970 4047 de
1003 4002 1114 4047 toto
1143 3992 1271 4048 illuc
1297 3990 1429 4048 orbe
1447 4032 1463 4058 ,
1491 4003 1598 4047 tam
1627 3993 1725 4049 loci
1748 3991 2030 4064 religione,

451 4097 610 4152 quam
644 4083 730 4137 ‘sui
761 4083 996 4139 nominis
1023 4083 1360 4150 celebritate,
1385 4083 1721 4140 confluentes
1744 4083 1894 4140 cordi
1932 4083 2032 4138 ba-

451 4173 587 4234 buit.
641 4188 740 4228 nec
777 4174 967 4230 deesse
1005 4173 1197 4229 ofﬁciis
1225 4189 1352 4244 erga
1399 4173 1524 4230 illos
1570 4175 1764 4244 potuit.
1791 4172 2034 4244 Cumque

452 4262 586 4317 nihil
623 4261 726 4326 sibi
768 4262 911 4318 aliud
957 4271 1288 4333 suppeteret,
1328 4263 1396 4318 ad
1437 4263 1840 4319 Xenodochium
1866 4263 2037 4319 aedili-

451 4353 682 4410 caudum
704 4393 720 4419 ,
752 4368 910 4423 quam
943 4364 1222 4423 parentum
1261 4367 1458 4408 census
1502 4368 1566 4409 ac
1596 4354 1816 4422 villulas,
1853 4367 1921 4411 ne
1951 4355 2034 4410 his

451 4447 667 4516 quidem
723 4447 962 4517 pepercit
1006 4446 1180 4515 gentis
1221 4460 1336 4500 sua:
1380 4445 1734 4515 patrimoniis,
1775 4447 1902 4516 quin
1947 4445 2030 4500 di-

449 4537 724 4596 straheret
750 4537 802 4592 in
843 4537 1054 4593 aedilicii
1101 4536 1217 4607 ejus
1243 4545 1510 4606 sumptus,
1541 4544 1598 4591 et
1637 4545 1697 4591 ut
1733 4535 2033 4606 quibusque

451 4628 788 4687 venientibus
825 4627 893 4685 ad
941 4643 1023 4695 se,
1073 4637 1165 4684 aut
1209 4628 1606 4685 transeuntibus
1636 4668 1654 4696 ,
1687 4629 1831 4700 large
1861 4629 1915 4684 in
1946 4628 2032 4685 his

450 4733 571 4790 quae
598 4719 666 4774 ad
691 4721 812 4774 vita:
837 4735 965 4776 usus
1003 4722 1305 4776 necessaria
1331 4731 1455 4776 sunt
1478 4761 1496 4788 ,
1529 4721 1917 4778 commodaret.
1966 4722 2034 4777 Et

451 4811 645 4866 mirum
667 4810 770 4866 hoc
798 4811 989 4880 magis,
1021 4818 1221 4866 tantam
1247 4812 1315 4867 ab
1344 4825 1410 4866 eo
1433 4815 1672 4883 potuisse
1702 4813 1860 4870 rebus
1890 4812 2035 4883 ejus-

450 4900 593 4955 modi
619 4914 800 4956 curam
828 4900 1092 4965 adhiberi,
1115 4916 1276 4971 quem
1309 4902 1431 4956 vita:
1457 4904 1594 4959 ratio
1617 4945 1632 4970 ,
1659 4915 1780 4958 tum'
1797 4905 2032 4961 maxime

447 4989 888 5046 altercationibus
913 4990 1288 5062 haereticorum
1310 4992 1556 5048 sollicitae
1579 5034 1594 5059 ,
1621 4994 1889 5066 longeque
1913 4995 2028 5050 dis-

445 5078 651 5136 similes
678 5078 888 5136 labores
910 5120 926 5145 ,
957 5096 1021 5136 ac
1065 5081 1240 5136 studia
1275 5081 1616 5137 distinebant.
1665 5083 1797 5138 Nam
1825 5093 1880 5139 et
1905 5093 2030 5142 ante

445 5171 652 5243 aliquot
677 5188 850 5229 annos
877 5173 944 5229 ad
973 5173 1257 5231 Lucininm
1280 5175 1522 5230 scribens
1548 5175 1744 5247 (Epist.
1771 5175 1984 5247 LXXI)
2010 5218 2027 5245 ,

445 5264 589 5337 quod
617 5279 729 5336 prae
759 5265 1056 5335 frequentia
1081 5275 1138 5321 et
1157 5267 1562 5337 peregrinorum
1594 5266 1766 5322 turbis
1786 5267 2028 5339 relegere

445 5371 566 5426 qua:
589 5355 898 5426 scripserat,
934 5372 1040 5412 non
1074 5358 1306 5426 potuerit
1334 5397 1349 5423 ,
1378 5367 1650 5413 causatur.
1705 5356 1822 5413 Hoc
1846 5367 2026 5414 autem

443 5449 785 5518 potissimum
851 5458 1132 5520 tempore,
1182 5463 1289 5520 quo
1339 5451 1506 5520 pretia
1553 5451 1796 5507 villarum
1849 5453 2030 5508 attulit

440 5539 784 5599 Paulinianus
811 5541 996 5610 frater,
1024 5541 1181 5597 simul
1214 5541 1340 5597 huic
1363 5543 1533 5614 operi,
1546 5543 1705 5600 simul
1727 5545 1919 5600 litteris
1945 5552 2028 5599 to-

440 5640 531 5690 tus
560 5634 920 5692 incumbebat.
951 5633 1009 5691 Id
1037 5634 1154 5706 ipse
1181 5635 1344 5691 etiam
1373 5635 1506 5692 satis
1523 5636 1808 5695 manifesto
1830 5638 2022 5704 innuit,

437 5741 558 5780 eum
590 5729 749 5798 paulo
789 5739 906 5800 post
937 5731 1149 5787 tertium
1177 5729 1418 5786 scribens
1445 5729 1712 5788 adversus
1742 5729 2019 5786 Bullinum

435 5813 656 5883 librum,
693 5817 873 5887 Nobis,
918 5823 1010 5888 ait,
1050 5823 1102 5875 in
1147 5820 1458 5878 Monasterio
1506 5823 1823 5893 hospitalitas
1873 5822 2013 5877 cordi

1699 407 1756 463 S.
1800 400 2179 462 lllERONYMl
2218 400 2404 456 VITA.

3599 417 3701 473 lsi.

2123 524 2218 580 est,
2254 530 2522 583 omnesque
2547 516 2616 568 ad
2642 529 2734 571 nos
2757 519 3004 574 percientes
3035 520 3151 574 la'ta
3176 521 3506 578 humanitatis
3535 529 3701 596 fronte

2117 605 2422 675 suscipimus
2449 620 2468 659 :
2495 621 2724 661 veremur
2767 609 2922 676 enim,
2955 627 3016 664 ne
3058 610 3369 668 Maria'cum
3396 614 3593 672 Ioseph
3619 617 3702 674 lo-

2117 713 2233 750 cum
2273 713 2372 750 non
2409 698 2630 751 inveniat
2659 699 2712 752 in
2757 700 3070 765 diversorio;
3098 719 3163 756 ne
3208 705 3352 758 nobis
3372 704 3525 760 Jesus
3565 709 3703 764 dicat

2117 785 2379 849 exclusus,
2432 783 2631 857 "ospes
2664 805 2835 856 erant,
2867 801 2914 845 et
2960 807 3060 846 non
3108 797 3399 866 suscepistis
3454 815 3554 854 me.
3603 799 3703 856 Hi-

2118 877 2339 930 storiam
2365 891 2768 947 persequamur.

2189 967 2277 1026 IV.
2313 968 2540 1024 Vixdum
2571 968 2950 1042 Apologeticos
2971 987 3066 1030 eos
3094 974 3264 1032 libros
3285 977 3516 1035 Sanctus
3540 980 3704 1038 Pater

2119 1060 2445 1128 absolverat,
2478 1077 2640 1132 quum
2663 1076 2850 1118 eorum
2877 1066 3156 1136 exemplar
3181 1083 3278 1137 per
3307 1071 3701 1142 negotiatorem

2116 1151 2302 1207 nescio
2325 1167 2485 1222 quem
2509 1167 2573 1207 ex
2603 1151 2822 1210 Oriente
2843 1155 3141 1226 Aquileiam
3164 1158 3234 1213 ad
3264 1158 3536 1216 Bullinum
3557 1171 3704 1220 tans-

2121 1243 2342 1299 missum
2379 1252 2483 1300 est.
2541 1244 2830 1312 Incertum,
2876 1247 3158 1306 dederitne
3201 1252 3318 1322 ipse
3346 1252 3707 1327 Hieronymus

2121 1331 2491 1402 deferendum,
2523 1351 2589 1391 an
2617 1337 2756 1392 alius
2795 1339 3083 1410 quispiam,
3113 1351 3173 1397 ut
3224 1341 3394 1400 ferme
3433 1349 3705 1417 usuvenit,

2122 1426 2538 1482 concertationis
2566 1428 2821 1484 acuenda:
2851 1430 3020 1500 magis
3051 1434 3330 1504 magisque
3376 1436 3584 1494 animo.
3611 1437 3707 1497 Ille

2121 1528 2300 1572 autem
2328 1520 2646 1588 negetiator,
2675 1522 2869 1577 extera
2910 1523 3122 1592 ignotus
3148 1523 3331 1593 homo,
3363 1527 3570 1584 chartis
3597 1530 3709 1586 illis

2124 1611 2444 1684 Presbytero
2485 1614 2814 1682 Aquileiensi
2867 1615 3127 1678 redditis.
3158 1632 3280 1680 cum
3329 1634 3388 1674 se
3413 1620 3541 1676 illuc
3569 1621 3710 1678 unde

2124 1713 2364 1769 venerat,
2397 1719 2624 1773 prepere
2653 1705 3022 1775 trajecturum,
3048 1709 3210 1764 rebus
3239 1709 3307 1764 ita
3337 1713 3450 1768 suis
3479 1712 3703 1769 ferenti.

2126 1794 2246 1858 bus,
2285 1793 2599 1858 affirmaret,
2629 1795 2848 1850 biduum
2878 1799 3248 1854 tantummodo
3287 1802 3352 1857 ad
3382 1804 3712 1874 responden-

2125 1883 2252 1938 dum
2277 1886 2557 1939 concessit.
2587 1885 2719 1941 Ante
2758 1887 2965 1941 biduum
2992 1888 3191 1963 (inquit
3225 1893 3315 1948 ille
3348 1895 3487 1964 apud
3519 1893 3713 1952 Hiero-

2127 1990 2342 2046 nymum
2371 1976 2626 2047 Apologia
2659 1977 2750 2033 Ill.
2774 1977 2794 2049 )
2820 1979 2946 2034 mihi
2977 1997 3131 2051 quant
3157 1984 3568 2053 proﬁcisceretur
3610 1989 3711 2042 ha-

2125 2083 2240 2120 rum
2260 2067 2484 2138 bajulus,
2510 2069 2563 2121 in
2589 2085 2772 2123 manus
2798 2081 3061 2138 venerunt,
3087 2076 3266 2143 quain
3290 2091 3370 2129 me
3392 2077 3710 2136 dcclamasti.

2127 2156 2276 2226 Quod
2305 2158 2496 2226 repetit
2542 2158 2657 2228 ipse
2684 2159 2898 2228 quidem
2938 2161 2995 2217 S.
3028 2164 3190 2218 etiam
3240 2164 3402 2220 Pater
3435 2166 3574 2222 libro
3600 2167 3715 2222 lau-

2127 2252 2273 2314 dato,
2300 2250 2428 2304 Ante
2455 2249 2661 2304 biduum
2715 2253 2982 2321 inquiens,
3026 2271 3176 2325 quant
3207 2257 3274 2310 ad
3301 2273 3392 2312 nos
3416 2257 3712 2329 Epistolam

2127 2339 2388 2405 scriberes,
2416 2340 2612 2394 libellos
2631 2357 2765 2396 meos
2786 2344 2838 2396 in
2860 2359 3040 2399 manus
3086 2353 3199 2400 tuas
3251 2348 3443 2401 venisse
3495 2351 3713 2415 testaris,

2129 2442 2175 2486 et
2201 2433 2390 2488 idcirco
2437 2449 2537 2488 non
2579 2434 2814 2489 habuisse
2843 2435 3066 2506 spatium
3109 2452 3173 2492 ea:
3201 2439 3301 2491 otio
3351 2439 3712 2509 respondendi.

2130 2523 2331 2593 Alioqui
2379 2524 2424 2578 si
2469 2524 2744 2580 meditatus
2785 2528 2838 2579 in
2873 2543 2964 2580 nos
2993 2537 3296 2598 paratusque
3325 2529 3559 2594 dixisses,
3613 2531 3714 2600 {ul-

2131 2616 2270 2668 mina
2313 2616 2506 2686 jacere,
2556 2634 2658 2672 non
2705 2619 2920 2673 crimina
2964 2620 3225 2678 uidereris.
3269 2622 3486 2678 Minime
3535 2631 3712 2680 autem

2132 2705 2374 2761 adhibuit
2401 2707 2558 2763 fidem
2608 2710 2783 2779 :quin
2811 2726 2984 2781 neque
3031 2713 3098 2768 ab
3142 2727 3209 2768 eo
3236 2714 3435 2782 scripta
3481 2730 3576 2770 sua
3613 2715 3714 2788 legi

2133 2798 2295 2854 biduo
2336 2800 2596 2869 potuisse.
2641 2803 2936 2858 contendit.
2983 2803 3092 2860 Sed
3145 2805 3258 2861 lucc
3285 2806 3435 2861 alibi.
3467 2807 3714 2866 Bullinus

2133 2891 2390 2962 angustiis
2419 2892 2534 2948 sive
2559 2893 2729 2962 bidui,
2753 2896 2868 2951 sive
2891 2897 3101 2953 dierum
3130 2900 3286 2969 paulo
3311 2901 3541 2971 plurium
3560 2918 3714 2974 pres-

2134 2996 2246 3044 sus,
2276 2997 2398 3038 cum
2454 2997 2715 3054 reponere
2762 2986 3069 3044 adversario
3103 3005 3198 3060 per
3251 2993 3486 3064 singulas
3534 2996 3719 3052 crimi-

2134 3075 2376 3130 nationes
2413 3089 2517 3130 non
2563 3085 2766 3146 posset,
2791 3094 2919 3134 suos
2972 3079 3114 3150 ipsos
3165 3081 3348 3150 libros,
3371 3099 3506 3154 quos
3524 3085 3720 3144 Noster

2134 3163 2460 3219 refutaverat
2501 3166 2738 3221 nondum
2785 3179 3041 3240 acceptos
3072 3171 3184 3240 (illa
3232 3172 3483 3229 videlicet
3509 3190 3718 3234 summa

2137 3270 2284 3320 usus,
2307 3257 2374 3311 de
2401 3272 2506 3327 qua
2527 3259 2684 3328 paulo
2705 3269 2828 3315 ante
2852 3260 3108 3334 diximus)
3125 3261 3190 3318 ad
3218 3280 3338 3319 eum
3365 3266 3718 3336 perferendos

2135 3347 2308 3403 eidem
2340 3352 2657 3419 negotiatori
2688 3352 2811 3406 illuc
2840 3353 3081 3410 redeunti
3110 3353 3278 3422 dedit,
3306 3355 3556 3426 adjuncta
3587 3358 3719 3428 Epi-

2135 3440 2293 3507 stola,
2322 3450 2380 3494 ut
2409 3456 2532 3496 mox
2562 3441 2860 3499 videbimus
2891 3487 2906 3512 ,
2932 3446 3298 3501 conviciorum
3343 3463 3504 3505 omne
3549 3463 3720 3520 genus

2135 3539 2190 3584 et
2214 3531 2475 3588 minarum
2505 3531 2719 3588 referta.
2765 3533 2946 3604 l'aque
2974 3535 3117 3601 Noli,
3161 3537 3366 3608 inquit,
3399 3539 3559 3593 multo
3585 3557 3712 3596 auro

2136 3621 2381 3677 redimere
2421 3623 2680 3679 notarium
2708 3641 2894 3689 meum,
2940 3628 3091 3682 sicui
3117 3631 3269 3683 amici
3308 3631 3384 3684 tui
3412 3629 3433 3703 (
3459 3629 3720 3688 Eusebius

2135 3711 2512 3772 Cremonensis
2538 3715 2556 3784 )
2583 3715 2647 3770 de
2685 3717 2808 3771 meis
2841 3715 3154 3773 Periarclton
3185 3721 3462 3785 schedulis,
3493 3723 3721 3778 nondum

2136 3805 2204 3858 ad
2229 3821 2411 3875 parum
2436 3805 2643 3876 digestis
2671 3810 2932 3878 fecerunt,
2963 3821 3015 3863 ut
3045 3812 3248 3881 [acilius
3280 3813 3471 3883 falsare
3495 3825 3717 3884 possent,

2135 3897 2270 3964 quod
2295 3905 2382 3950 aut
2424 3897 2596 3952 nullus
2625 3897 2828 3953 haberet
2857 3941 2871 3966 ,
2903 3908 2990 3954 aut
3013 3901 3289 3956 admoduut
3331 3904 3499 3974 pauci.
3542 3903 3721 3962 Gratis

2137 4005 2168 4044 a
2213 4006 2292 4044 me
2346 3991 2552 4044 missum
2606 3993 2805 4062 suscipe
2850 3993 3105 4059 codicem,
3143 4012 3288 4066 quem
3329 4013 3480 4052 censu
3535 4013 3722 4068 magno

2137 4097 2345 4152 cuperes
2385 4093 2757 4150 comparatum.
2815 4082 2891 4140 De
2936 4084 3124 4141 iisdem
3171 4096 3226 4140 et
3264 4085 3458 4142 Noster
3488 4087 3723 4159 loquitur

2137 4173 2374 4244 Epistula
2404 4173 2514 4229 CII.
2550 4173 2618 4228 ad
2645 4176 3001 4245 Augustinum
3027 4218 3044 4244 ,
3079 4177 3222 4232 Misit
3275 4179 3402 4233 mihi
3447 4181 3723 4236 temeritate

2135 4265 2286 4318 solita
2310 4280 2402 4318 sua
2432 4264 2706 4319 maledicta
2741 4265 3052 4338 Calpurnius
3088 4279 3417 4340 cognomento
3448 4267 3716 4339 Lanarius,

2135 4368 2250 4427 quin
2272 4357 2341 4410 ad
2368 4356 2592 4430 Africam
2619 4375 2816 4430 quoque
2856 4361 3031 4416 studio
3070 4361 3184 4436 ejus
3209 4363 3369 4417 didici
3411 4366 3717 4434 peruenisse,

2137 4457 2241 4504 etc.
2264 4449 2405 4504 Satis
2432 4451 2629 4520 quippe
2647 4449 2747 4507 sibi
2779 4451 3129 4509 vindiciarum
3155 4454 3445 4528 Presbyter
3473 4457 3722 4527 Aquilei-

2136 4540 2280 4596 ensis
2325 4542 2378 4594 in
2417 4541 2499 4596 his
2535 4543 2765 4612 positum
2793 4543 2945 4601 libris
2977 4546 3314 4603 existimabat
3336 4588 3352 4614 ,
3385 4557 3442 4603 ut
3467 4564 3562 4605 eos
3587 4565 3722 4620 qua-

2136 4644 2454 4700 quaversum
2483 4633 2739 4702 mitteret,
2769 4642 2824 4690 et
2849 4635 2983 4691 nihil
3006 4636 3107 4692 sibi
3135 4637 3202 4693 ab
3231 4638 3439 4694 aemulis
3471 4651 3719 4695 metuen-

2135 4722 2262 4777 dum
2291 4731 2524 4792 putaret.

2207 4811 2272 4868 V.
2296 4812 2398 4868 Sed
2431 4813 2601 4884 ipsam
2631 4829 2790 4885 quam
2817 4815 3390 4889 adtexuitEpistolam,
3418 4828 3473 4874 et
3503 4821 3720 4891 proprie
3801 4808 3808 4814 ’

2137 4902 2566 4975 llieronymianis
2622 4905 2825 4961 dudum
2882 4907 3117 4978 acceptis
3181 4907 3358 4966 Libris
3428 4912 3718 4982 opposuit,

2134 5010 2312 5065 operte
2341 4997 2571 5066 pretium
2619 5008 2703 5054 est
2745 5014 2928 5055 nosse.
2969 5000 3302 5072 Quamquam
3344 5003 3484 5058 enim
3511 5003 3720 5074 jamdiu

2134 5087 2262 5141 olim
2291 5087 2584 5154 intercidit,
2611 5099 2668 5144 ut
2693 5104 2866 5160 neque
2893 5090 3203 5148 Gennadius
3225 5110 3342 5149 eam
3370 5094 3423 5150 in
3453 5096 3712 5169 Catalogo

2132 5192 2232 5232 suo
2257 5189 2552 5243 recenseat,
2581 5183 2712 5235 satis
2741 5196 2805 5236 ex
2835 5181 2919 5236 his
2950 5193 3147 5250 tamen,
3176 5202 3296 5256 qu:e
3335 5189 3532 5257 passim
3563 5205 3628 5244 ex
3656 5206 3718 5247 ea

2131 5267 2354 5322 Sanctus
2382 5267 2538 5324 Pater
2561 5271 2769 5337 recitat,
2806 5271 3110 5328 innotescit.
3147 5275 3302 5330 Initio
3332 5279 3570 5348 increpat
3598 5295 3719 5335 eum

2131 5357 2377 5412 Buflinus
2401 5364 2456 5412 et
2480 5368 2803 5423 commonet,
2833 5375 2904 5416 ne
2934 5361 3213 5419 οσοηείοηί
3252 5381 3373 5421 esse
3399 5365 3718 5426 Christianis

2130 5451 2526 5505 concertatione
2567 5449 2667 5506 hac
2703 5466 2797 5506 sua
2833 5464 3038 5525 pergat,
3085 5472 3155 5512 ne
3203 5457 3428 5514 rixando
3469 5460 3716 5529 invicem,

2129 5550 2358 5595 mortem
2385 5540 2502 5594 aliis
2527 5542 2719 5597 anima:
2749 5541 3000 5602 inferant.
3032 5549 3114 5602 Ad
3144 5566 3223 5604 me
3252 5591 3268 5618 ,
3302 5551 3474 5622 inquit
3497 5551 3710 5622 Noster,

2129 5631 2413 5701 Epistolam
2462 5636 2656 5704 scribis,
2689 5648 2744 5692 ut
2794 5657 2874 5696 me
2912 5658 3250 5712 commoneas,
3290 5654 3338 5699 et
3383 5645 3708 5706 emendatum

2128 5723 2270 5788 uelis,
2316 5740 2381 5778 ne
2408 5733 2600 5782 steteris
2625 5731 2923 5786 scandalum
2959 5734 3136 5802 faciat,
3164 5745 3210 5789 et
3240 5735 3355 5792 aliis
3399 5716 3709 5809 furentibus,

2118 5814 2418 5889 jugulentur
2438 5819 2550 5872 alii.
2584 5820 2798 5880 Sensim
2825 5841 2949 5882 vero
2973 5828 3204 5886 stimulis
3233 5830 3428 5888 irarum
3460 5834 3709 5897 aaitatus.
