4052 6338
251 451 340 510 us
1500 439 1559 494 s.
1607 392 1981 492 ntenomnt
2024 433 2203 488 vm.

252 579 302 625 ut
324 568 600 623 deterreat
623 581 745 622 eum
770 572 914 621 metu
933 577 965 617 a
991 556 1296 623 scribendo,
1327 554 1489 609 vitam
1515 550 1832 606 intermina-

253 670 326 718 tur
357 676 374 714 :
406 658 650 728 petitque
677 655 799 711 lacti
843 667 1032 725 penus
1070 647 1329 705 conviciis
1357 658 1411 702 et
1438 643 1680 714 turpibus
1707 656 1832 712 pro-

253 752 374 817 bris,
403 763 530 819 qua:
555 747 867 818 gravissima
893 745 947 799 in
975 743 1032 799 S.
1064 741 1346 796 Ductorem
1368 737 1516 806 jacit.
1550 734 1834 804 Specimen

252 860 308 900 ex
334 841 415 896 bis
456 855 594 910 cape
614 879 634 904 ,
661 837 868 908 singula
894 835 1035 890 enim
1062 842 1487 888 commemorare
1515 840 1614 881 nos
1648 823 1832 894 pudet.

252 935 533 1003 Postquam
587 930 746 985 illum
783 927 981 983 ironice
1003 967 1019 992 ,
1076 920 1448 992 Philosophum
1471 958 1487 981 ,
1538 916 1830 979 Rhetorem,

253 1025 666 1088 Grammaticus,
697 1020 1066 1083 Dialecticum,
1105 1015 1393 1079 Hebraeum,
1427 1010 1686 1075 Grtecunt,
1716 1006 1824 1061 ια.

253 1119 427 1183 tinum,
457 1116 752 1188 trilinguem
775 1111 1016 1174 dixisset,
1047 1108 1152 1173 Tu,
1177 1103 1375 1170 subdit,
1400 1103 1486 1173 qui
1511 1110 1580 1156 tot
1608 1098 1839 1169 discipli-

254 1224 428 1264 narum
453 1207 618 1263 oculis
656 1204 837 1276 vigilas
859 1244 874 1268 ,
899 1200 1152 1273 quomodo
1204 1198 1349 1252 uenia
1393 1193 1660 1250 donandus
1696 1209 1767 1258 es,
1796 1191 1840 1246 si

253 1299 511 1363 errareris,
535 1308 583 1352 et
609 1313 711 1351 non
728 1303 964 1366 perpetuo
1004 1290 1214 1360 pudoris
1239 1287 1435 1343 silentio
1467 1282 1801 1354 contegendus
1816 1283 1842 1336 i

257 1392 406 1452 Item.
429 1389 637 1443 Imitari
665 1397 712 1442 te
730 1385 864 1440 volui
886 1426 901 1449 ,
934 1382 1022 1439 sed
1050 1380 1376 1451 refestinante
1398 1392 1458 1432 eo
1483 1375 1568 1446 qui
1594 1375 1660 1428 ad
1686 1382 1734 1427 te
1753 1386 1836 1426 re-

261 1481 470 1544 meabat,
497 1479 656 1533 malui
684 1477 859 1549 paucis
889 1475 957 1528 ad
979 1485 1043 1538 te,
1067 1488 1218 1542 quant
1237 1471 1305 1524 ad
1324 1470 1453 1524 alios
1485 1483 1576 1538 pro
1597 1467 1694 1520 tuis
1723 1481 1837 1518 ma-

261 1573 448 1628 ledictis
498 1570 652 1625 latius
697 1567 929 1624 scribere.
998 1563 1276 1633 Superﬂua
1298 1560 1301 1562 ’
1322 1560 1470 1614 mihi
1515 1554 1841 1628 reprehensio

261 1665 352 1733 fuit
392 1664 448 1716 in
477 1662 654 1732 paucis
680 1701 696 1727 ,
725 1673 840 1728 qua
885 1660 1113 1728 professa
1142 1653 1230 1707 tibi
1256 1651 1470 1705 habetur
1500 1649 1553 1702 in
1579 1646 1831 1702 omnibus.

263 1756 324 1809 Et
351 1753 521 1823 paulo
541 1761 683 1823 post,
708 1750 788 1805 En
813 1748 902 1803 tibi
925 1748 1038 1801 dico
1067 1762 1087 1800 :
1111 1759 1280 1815 quteso
1301 1742 1412 1813 quis
1431 1739 1519 1794 tibi
1539 1738 1841 1810 permiserit,

261 1855 310 1901 ut
337 1847 390 1900 in
431 1842 805 1899 commentariis
834 1840 933 1893 tuis
961 1836 1191 1909 quaedam
1233 1835 1298 1888 de
1327 1833 1546 1904 Origene
1566 1873 1582 1897 ,
1613 1829 1845 1900 quadam

261 1937 322 1990 de
341 1934 664 2004 Apollinario
687 1975 703 2002 ,
733 1931 966 2004 quadam
993 1931 1058 1984 de
1084 1938 1130 1982 te
1152 1929 1260 1998 ipso
1285 1926 1547 1992 scriberes,
1581 1933 1626 1977 et
1655 1939 1755 1976 non
1787 1921 1850 1976 de

263 2025 480 2095 Origene
496 2033 681 2090 totum,
703 2032 794 2076 aut
811 2037 872 2076 ea;
891 2029 961 2085 te,
985 2027 1074 2072 aut
1093 2034 1158 2073 ex
1173 2018 1298 2072 alio.
1327 2015 1582 2085 Denique,
1615 2011 1850 2066 Habesne

261 2116 393 2169 ultra
429 2115 650 2185 aliquid,
680 2129 780 2184 quo
806 2127 984 2167 nervos
1005 2121 1106 2165 tute
1132 2109 1452 2179 loquacitatis
1479 2106 1710 2161 intendas
1733 2106 1759 2159 ?
1785 2103 1851 2157 Et

260 2206 564 2274 indignaris,
581 2205 625 2260 si
642 2203 816 2275 putide
829 2211 876 2256 te
899 2201 1036 2272 loqui
1061 2215 1292 2271 arguam,
1311 2215 1462 2268 quum
1483 2196 1854 2252 Contazdiarnnt

263 2295 602 2363 turpitudines
626 2335 640 2357 ,
670 2304 717 2348 et
744 2304 1024 2348 scortorum
1045 2301 1424 2358 ansatus-umque
1453 2288 1651 2342 ludicra
1680 2285 1856 2339 Eccleo

263 2387 501 2442 siasticus
547 2385 768 2455 scriptor
797 2399 1047 2438 assumas.
1077 2382 1245 2435 Minas
1285 2380 1426 2449 quod
1473 2385 1714 2446 spectat,
1748 2392 1854 2430 non

263 2477 373 2546 ipsa
395 2490 493 2531 eas
518 2475 736 2544 quidem
764 2472 966 2528 Bullini
990 2471 1152 2526 verba
1174 2513 1188 2534 ,
1215 2470 1308 2524 sed
1334 2469 1638 2539 Hieronymi
1669 2467 1859 2521 identi-

262 2566 384 2630 dem
417 2563 800 2636 exprobrantis
825 2547 1108 2617 testantur.
1134 2559 1200 2615 1η
1249 2561 1446 2622 ultima,
1490 2559 1680 2628 inquit,
1710 2567 1857 2628 parte

267 2658 523 2728 Epistolas
551 2656 845 2710 denuntiata
867 2663 1028 2709 morte
1053 2670 1132 2708 me
1174 2653 1410 2717 deterres,
1443 2667 1503 2705 ne
1525 2651 1738 2705 audeam
1779 2665 1858 2703 re-

265 2750 540 2818 spondere.
571 2747 640 2802 Et
665 2755 874 2801 mortem
896 2745 1174 2800 minaris...
1199 2744 1409 2798 minaris
1439 2744 1694 2797 interitum
1718 2784 1732 2807 ,
1761 2743 1858 2797 nisi

270 2849 492 2896 tacuere.
528 2837 790 2906 Denique.
820 2837 998 2890 Terres
1025 2851 1104 2890 me
1130 2835 1315 2906 gladiis
1346 2836 1465 2902 tuis,
1495 2844 1543 2888 et
1570 2835 1852 2888 accusatio-

273 2947 384 2986 nem
403 2947 508 2986 non
521 2931 637 3001 jam
661 2927 1086 2994 Ecclesiasttcam,
1113 2935 1200 2984 sed
1227 2925 1558 2982 tribunalium
1581 2929 1859 2982 commina-

275 3025 410 3076 ris...
444 3022 490 3077 si
516 3021 665 3078 aliter
690 3020 913 3085 creditis,
943 3019 1064 3089 quid
1105 3017 1256 3074 cultis
1283 3018 1509 3074 occidere
1529 3019 1556 3073 Ρ
1597 3019 1676 3072 An
1713 3019 1801 3087 qui
1828 3035 1858 3070 α

277 3114 410 3168 vobis
429 3113 742 3179 dissenserit,
783 3111 1085 3167 occidendus
1136 3111 1251 3166 est?
1295 3120 1352 3166 et
1395 3111 1586 3165 similia
1636 3111 1718 3164 bis
1757 3109 1858 3165 alia

279 3207 554 3278 pleraque,
584 3221 704 3275 qua
732 3219 1154 3261 commemorare
1183 3204 1398 3273 longum
1423 3214 1530 3258 est.

348 3297 436 3354 Vl.
463 3298 600 3353 Tum
628 3313 758 3354 vero
787 3297 1146 3368 Hieronymus
1167 3336 1184 3362 ,
1213 3311 1372 3365 quem
1417 3303 1618 3349 tantum
1648 3295 1854 3361 aberat,

280 3399 337 3445 ut
383 3391 680 3445 minitantis
721 3390 898 3446 aemuli
939 3389 1098 3444 verba
1148 3388 1446 3455 deterrent,
1504 3389 1631 3459 quin
1687 3389 1862 3459 potius

281 3480 484 3535 animos
513 3479 580 3534 ad
610 3479 965 3536 Christianam
1005 3479 1380 3550 proferendam
1419 3479 1718 3534 doctrinam
1763 3479 1861 3534 ad-

283 3571 487 3638 derent,
544 3572 761 3628 vixdum
801 3579 1015 3641 accepta
1058 3571 1354 3626 Rulliniana
1394 3571 1650 3641 Epistola,
1684 3571 1862 3626 stilum

288 3666 336 3720 in
361 3681 476 3722 eam
509 3707 525 3731 ,
553 3667 599 3722 si
623 3682 854 3736 unquam
875 3667 1007 3720 alios
1036 3665 1276 3720 animose
1310 3665 1472 3730 acuit,
1509 3673 1565 3720 et
1588 3665 1861 3736 proprium

285 3755 521 3819 Librum,
548 3756 638 3825 qui
671 3756 857 3812 tertius
879 3756 1155 3825 Apologize
1179 3770 1292 3811 stne
1327 3755 1656 3821 inscribitur,
1695 3755 1861 3810 cudit.

287 3847 586 3918 Praecipuas
631 3863 764 3918 quas
787 3857 842 3903 ct
888 3848 1155 3917 prioribus
1195 3846 1412 3917 quidem
1458 3846 1633 3901 Libris
1674 3848 1770 3902 abs
1806 3860 1866 3902 se

287 3938 684 3993 criminationes
713 3939 982 4007 repulerat
1003 3978 1021 4005 ,
1052 3938 1152 3991 hoc
1183 3937 1376 3992 iterum
1403 3937 1578 4003 diluit,
1610 3947 1664 3992 et
1695 3937 1745 3991 in
1773 3937 1868 3992 ad-

288 4028 583 4083 versarium
612 4031 680 4083 ita
721 4037 1024 4096 retorquet,
1055 4035 1114 4086 ut
1137 4028 1340 4082 nullum
1369 4027 1421 4082 ei
1452 4028 1714 4098 reliquum
1746 4015 1868 4099 per:

291 4114 487 4187 fugium
549 4116 724 4172 faciat.
784 4117 1078 4186 Epistulam
1137 4132 1266 4172 vero
1311 4117 1452 4172 illam
1503 4118 1720 4188 proprie
1766 4119 1868 4175 sibi

290 4207 622 4263 refutandam
662 4209 846 4276 sumit,
891 4208 1113 4279 ejusque
1159 4207 1434 4277 particulis
1472 4209 1671 4264 sensim
1710 4219 1869 4279 atque

292 4315 353 4357 cx
397 4303 590 4358 ordine
621 4302 877 4368 recitatis,
915 4303 1320 4370 responsionem
1349 4317 1501 4358 suam
1532 4303 1867 4358 verissimam

292 4394 526 4464 quidem.
570 4393 664 4448 sed
690 4401 745 4448 et
770 4393 882 4448 acri
913 4395 1181 4462 perfusam
1208 4403 1363 4449 aceto
1419 4393 1706 4448 subnectit.
1737 4392 1868 4449 Illud

289 4484 426 4553 quod
455 4483 702 4540 llnflinus
727 4484 1046 4540 causabatur
1073 4484 1258 4553 (unum
1287 4484 1429 4540 enim
1451 4484 1594 4554 quod
1637 4485 1867 4541 maxime

292 4579 614 4647 propositam
653 4575 927 4632 historiam
956 4584 1180 4646 spectat,
1211 4575 1448 4630 delibare
1475 4576 1632 4631 liceat
1654 4577 1672 4646 )
1697 4576 1766 4632 de
1787 4579 1869 4632 bi-

293 4666 378 4720 dui
419 4667 686 4736 angustiis
730 4666 831 4722 sibi
871 4667 940 4721 ad
983 4665 1413 4736 respondendum
1455 4667 1748 4735 concessis,
1799 4668 1868 4723 ita

292 4760 506 4829 excipit,
559 4760 693 4827 Quo,
735 4761 830 4823 ait,
871 4759 960 4814 tibi
995 4760 1160 4814 credet
1201 4761 1395 4814 haiuiui
1437 4761 1774 4828 veracissimo,
1817 4770 1873 4814 ut

294 4851 572 4920 negotiator
614 4849 953 4906 Orientalium
983 4849 1248 4916 mercium,
1277 4851 1364 4918 qui
1401 4860 1447 4904 et
1473 4852 1590 4905 hinc
1609 4852 1872 4921 deportata

295 4941 501 4997 vendere
536 4957 736 4995 necesse
765 4939 976 4996 habebat
999 4978 1015 5004 ,
1058 4949 1105 4994 et
1139 4940 1208 4994 ibi
1231 4955 1398 4995 emere
1423 4957 1537 5012 qtae
1565 4942 1664 4996 Imc
1690 4958 1866 4997 rursus

293 5031 576 5097 adveheret,
603 5030 810 5086 l-iduunt
846 5040 1046 5086 tantum
1075 5031 1318 5100 Aquileia:
1344 5032 1513 5104 fuerit,
1538 5041 1593 5086 ut
1618 5033 1800 5102 raptim
1826 5039 1874 5088 et

295 5131 576 5190 extempore
590 5132 767 5178 contra
785 5138 878 5178 nos
906 5123 1095 5177 dictare
1119 5121 1166 5178 E
1168 5124 1405 5192 pistulam
1421 5125 1669 5195 cogereris
1687 5125 1712 5179 .’
1735 5123 1874 5179 Libri

298 5213 422 5265 enim
447 5214 542 5277 tui,
581 5229 710 5282 quos
750 5213 939 5267 limasti
967 5229 1054 5282 per
1081 5214 1370 5274 triennium.
1401 5215 1687 5270 disertiores
1715 5217 1875 5271 sunt?

298 5302 362 5358 Et
389 5307 574 5374 paucis
604 5304 898 5374 interjcctis
932 5322 947 5360 :
979 5304 1108 5360 Tam
1123 5316 1356 5376 apertum
1381 5308 1623 5376 temporis
1661 5308 1875 5363 utenda-

297 5396 426 5450 cium
453 5404 546 5462 est,
579 5405 632 5450 ut
654 5412 754 5452 non
772 5396 937 5450 dicam
960 5397 1278 5466 respondere,
1299 5397 1390 5454 sed
1408 5398 1571 5470 legere
1596 5399 1747 5454 biduo
1767 5413 1876 5454 inca

298 5488 482 5560 scripta
497 5504 599 5546 non
629 5488 876 5558 potueris.
903 5486 985 5543 Ex
1000 5504 1098 5558 quo
1115 5499 1324 5559 apparet
1342 5501 1388 5544 te
1403 5490 1548 5550 illam
1567 5491 1872 5560 Epistolam,

299 5589 382 5632 aut
405 5579 636 5649 pluribus
664 5580 840 5636 diebus
865 5579 1143 5649 scripsisse,
1177 5590 1264 5634 aut
1289 5581 1331 5635 si
1359 5583 1688 5636 tumultuaria
1715 5583 1878 5637 dicta-

302 5670 368 5724 tio
397 5680 488 5735 est,
511 5670 725 5736 nintiuut
751 5680 800 5724 te
824 5685 931 5726 esse
951 5669 1299 5739 negligentem,
1321 5672 1406 5742 qui
1433 5689 1588 5744 quum
1613 5682 1875 5745 extempoo

299 5761 423 5824 ralis
461 5763 582 5826 talis
607 5762 700 5828 sis,
748 5762 1013 5820 meditatus
1058 5761 1273 5816 deterior
1317 5763 1492 5832 fueris.
1543 5764 1714 5835 Hujus
1755 5779 1878 5820 cum

303 5854 519 5933 ingenui,
553 5866 663 5919 tum
703 5856 1020 5926 eloquentia:
1049 5854 1285 5928 reliquus
1313 5856 1488 5912 omnis
1513 5865 1774 5914 contextis
1796 5869 1880 5914 est

3412 438 3516 494 HG

1940 534 2122 614 Libri,
2171 547 2306 602 baud
2337 562 2465 604 sane
2509 548 2770 610 brevioris
2801 565 2957 622 quam
3001 554 3368 624 praecedentes
3397 538 3534 612 duo.

1947 658 2048 698 nec
2069 641 2245 696 minus
2273 641 2516 714 expoliti.

2017 732 2170 802 Quod
2202 747 2433 803 propere
2460 743 2634 789 tamen
2662 732 2955 789 adornatus
2981 735 3048 792 ab
3073 751 3138 792 eo
3166 736 3344 805 fuerit,
3370 717 3422 796 ct
3447 740 3527 795 fa-

1943 827 2046 884 cile
2097 843 2198 882 una
2249 836 2342 882 aut
2403 828 2571 883 altera
2612 828 3058 898 elucubratione,
3091 831 3231 900 quod
3279 833 3330 887 in
3382 851 3532 892 more

1945 924 2175 994 positmn
2207 925 2280 979 illi
2306 934 2443 993 crat,
2471 926 2640 984 series
2669 927 2783 998 ipsa
2805 943 2983 984 rerum
3023 930 3322 998 persuadet.
3355 931 3536 985 Enim-

1945 1031 2075 1072 vero
2101 1017 2305 1087 priores
2334 1018 2448 1090 ejus
2475 1019 2581 1074 duo
2602 1019 2748 1076 Libri
2775 1032 2897 1076 ante
2925 1020 3198 1091 bujusmct
3226 1023 3350 1077 anni
3379 1024 3535 1090 Apri-

1947 1107 2052 1163 lem
2084 1123 2323 1162 mensem
2353 1124 2366 1173 ;
2399 1108 2502 1164 nisi
2527 1111 2823 1166 rationibus
2852 1112 2920 1167 ab
2948 1127 3133 1167 eorum
3158 1112 3382 1168 conditu
3411 1113 3536 1165 sub-

1945 1196 2204 1254 ducendis
2251 1199 2510 1278 lallimur,
2563 1201 2631 1256 ad
2682 1201 2952 1257 Hul‘finum
3011 1203 3210 1260 deferri
3255 1205 3491 1275 potuisse
3519 1245 3533 1267 ,

1949 1293 2170 1347 minime
2198 1291 2483 1360 videntur;
2525 1293 2634 1348 imo
2679 1310 2806 1349 vero
2837 1311 2932 1366 par
2962 1295 3184 1354 credere
3215 1307 3316 1362 est,
3347 1297 3536 1353 eodem

1949 1383 2042 1438 illo
2067 1397 2250 1439 mense
2281 1383 2391 1440 fere
2413 1385 2589 1441 medio
2631 1385 2845 1442 demum
2876 1387 3099 1444 adlatos.
3136 1387 3231 1444 Hic
3263 1404 3392 1444 vero
3420 1400 3532 1444 sta-

1949 1477 2042 1531 tim
2090 1486 2210 1547 post
2256 1477 2497 1546 biduum,
2549 1480 2681 1546 sive,
2726 1480 2868 1551 quod
2905 1481 3099 1537 Noster
3143 1481 3440 1545 contendit,
3483 1489 3539 1535 et

1951 1568 2167 1639 propius
2181 1569 2385 1626 accedit
2405 1570 2470 1626 ad
2499 1571 2604 1626 veri
2633 1572 2888 1642 speciem,
2919 1583 3036 1644 post
3065 1573 3242 1643 plures
3267 1572 3404 1635 dies,
3437 1571 3540 1626 fal-

1949 1658 2179 1714 mineam
2233 1660 2524 1730 Epismlam
2581 1662 2725 1716 illam
2777 1663 3070 1718 intorserit.
3124 1662 3281 1718 Certe
3316 1675 3372 1719 ut
3420 1663 3538 1718 lucc

1953 1749 2277 1822 Hieronymo
2305 1751 2639 1818 redderetur,
2677 1768 2784 1809 uno
2815 1754 2990 1810 adbuc
3028 1755 3194 1810 ferme
3225 1755 3540 1824 intcrmcdio

1953 1857 2136 1897 mense
2159 1859 2293 1913 opus
2322 1843 2459 1910 fuit,
2499 1854 2645 1900 tanto
2677 1845 3025 1916 iutcrjacente
3053 1848 3292 1916 Aquileia
3319 1847 3386 1902 ad
3427 1848 3540 1902 Bc-

1954 1932 2149 1989 tblcem
2178 1934 2342 1989 maris
2379 1934 2571 2005 spatio.
2623 1936 2945 1992 Devenimus
2967 1937 3077 2007 jam
3109 1938 3288 2005 itaque
3316 1937 3381 1992 ad
3417 1937 3539 1992 Maii

1957 2022 2065 2078 fere
2092 2024 2293 2079 exitum
2319 2066 2332 2089 ,
2361 2041 2468 2096 quo
2494 2035 2643 2080 certo
2670 2026 2927 2097 temporis
2964 2025 3193 2081 termino
3235 2027 3407 2082 serius
3437 2026 3540 2080 dif-

1955 2113 2096 2169 ferre
2125 2114 2182 2168 S.
2214 2114 2385 2169 Patris
2413 2131 2730 2184 responsum
2760 2131 2864 2171 non
2896 2118 3041 2172 licet.
3080 2117 3292 2170 Etenim
3318 2118 3542 2172 Anasta-

1957 2205 2092 2257 sium
2122 2202 2342 2272 putabat
2372 2205 2460 2259 ille
2486 2205 2660 2260 adhuc
2687 2206 2740 2260 in
2767 2207 2902 2260 vivis
2926 2221 3104 2276 agere,
3127 2206 3272 2276 quod
3300 2207 3540 2261 nuntium

1959 2289 2025 2346 de
2049 2292 2247 2348 recenti
2266 2293 2380 2361 ejus
2395 2294 2544 2350 obitu
2568 2295 2801 2349 nondum
2829 2299 3146 2366 accepisset.
3173 2295 3319 2358 Esto,
3343 2296 3537 2366 inquit,

1961 2399 2108 2439 nttm.
2153 2382 2244 2438 21.
2296 2386 2538 2454 praeteriti
2588 2387 2713 2441 anni
2766 2404 2856 2458 ego
2904 2387 3190 2457 Epistolam
3244 2389 3485 2458 ﬁnxerint
3527 2407 3546 2444 :

1959 2474 2175 2529 recentia
2202 2475 2270 2528 ad
2297 2473 2555 2530 Orientem
2577 2477 2768 2548 scripta
2798 2478 3054 2548 (Epistula
3075 2477 3280 2532 scilicet
3309 2479 3538 2532 Anasta-

1961 2563 2024 2617 sli
2054 2561 2118 2618 ad
2145 2563 2402 2620 Joannem
2432 2565 2497 2620 de
2522 2565 2889 2637 Rulliuo)quis
2912 2567 3043 2621 misit
3067 2567 3092 2620 2’
3114 2567 3164 2621 in
3191 2567 3368 2635 quibus
3398 2565 3548 2640 Papa

1961 2653 2260 2708 Anastasius
2292 2656 2443 2710 tatttis
2490 2665 2537 2711 te
2584 2664 2730 2710 ornat
2766 2657 3009 2728 ﬂoribus,
3039 2667 3091 2712 ut
3118 2676 3228 2712 cuin
3253 2673 3314 2714 ea
3343 2662 3542 2733 legeris,

1961 2746 2121 2818 magis
2163 2757 2210 2801 te
2247 2746 2372 2803 velle
2411 2749 2682 2821 defendere
2707 2749 2942 2816 incipias,
2977 2768 3129 2822 quam
3158 2769 3250 2806 nos
3285 2771 3546 2810 accusare.

1963 2835 2050 2906 Et,
2085 2836 2260 2892 Siricii
2277 2840 2391 2909 jam
2432 2841 2481 2894 in
2529 2840 2744 2895 Domino
2771 2842 3066 2897 dormientis
3099 2849 3294 2914 profers
3340 2845 3545 2917 Episto-

1961 2929 2086 2994 lam,
2124 2929 2332 2985 sitientis
2379 2931 2640 2987 Anastasii
2685 2932 2822 2988 dicta
2864 2936 3176 2989 contemnis?
3209 2934 3343 2990 Fato
3369 2947 3546 2992 autem

1964 3019 2173 3077 functus
2199 3031 2279 3078 est
2312 3023 2638 3090 Anastasius,
2683 3041 2788 3080 non
2820 3025 3112 3093 superioris
3155 3027 3280 3081 anni
3321 3028 3543 3084 Decent-

1966 3111 2046 3166 bri
2077 3126 2258 3168 mense
2289 3110 2374 3187 (ut
2417 3114 2628 3185 Pagius,
2654 3115 3074 3185 'Papcbrocbius,
3109 3117 3450 3174 Constantius
3499 3129 3555 3175 et

1933 3269 1940 3276 I
1965 3214 2064 3256 nos
2091 3216 2301 3273 quoque
2318 3203 2446 3258 oliui
2477 3205 2913 3260 existimabamus
2939 3206 3058 3260 aliis
3083 3206 3226 3262 ducti
3259 3226 3550 3281 argumen-

1965 3291 2054 3363 tis)
2083 3335 2098 3359 ,
2131 3292 2224 3348 sed
2255 3293 2462 3350 bocmct
2490 3310 2650 3362 anno,
2681 3295 2746 3352 V.
2773 3296 3038 3355 Kalendas
3066 3297 3232 3354 Maias
3255 3341 3268 3364 ,
3297 3315 3402 3370 quo
3426 3317 3545 3356 mc-

1968 3387 2134 3440 moria
2159 3385 2275 3456 ejus
2294 3385 2381 3443 dic
2403 3387 2454 3443 in
2483 3390 2751 3461 plerisque
2781 3390 2972 3446 tabulis
3000 3391 3391 3450 Ecclesiasticis
3418 3410 3551 3451 con-

1966 3476 2226 3546 signatur.
2275 3479 2538 3535 Batonius
2590 3496 2801 3552 quoque
2859 3485 2927 3536 ita
2969 3482 3097 3538 olim
3147 3482 3381 3541 rationes
3427 3500 3553 3542 suas

1967 3565 2104 3633 iniit,
2138 3582 2271 3638 quas
2299 3569 2492 3625 deinde
2525 3571 2766 3641 pluribus
2788 3573 3160 3630 Tillcmontius
3185 3576 3544 3642 confirmavit,

1968 3666 2125 3728 atque
2175 3658 2292 3714 banc
2341 3659 2560 3715 demum
2606 3663 3141 3736 Hicronymianarum
3197 3665 3553 3736 scriptionum

1967 3749 2136 3805 series
2153 3752 2366 3806 evincit.
2387 3753 2555 3808 Porro
2581 3753 2698 3823 ejus
2719 3755 2896 3809 obitus
2924 3755 3304 3828 Hieronymum
3332 3758 3554 3815 latuisse

1973 3841 2130 3895 unius
2166 3841 2279 3897 fere
2307 3844 2505 3899 mensis
2531 3846 2704 3914 spatio
2723 3885 2739 3910 ,
2774 3843 2932 3915 idque
2961 3856 3016 3900 ut
3044 3847 3268 3900 multum
3290 3888 3304 3912 ,
3337 3847 3506 3916 potuit
3536 3865 3549 3900 :

1972 3931 2167 3986 diutius
2188 3945 2336 3990 certe
2358 3943 2414 3988 ut
2437 3936 2649 3990 latuerit
2671 3951 2828 3990 nemo
2853 3937 2949 3990 sibi
2977 3937 3028 3991 in
3054 3938 3290 3997 animum
3316 3937 3553 3993 inducat.

1972 4021 2043 4079 Ut
2069 4024 2240 4078 serius
2270 4024 2428 4092 igitur
2463 4025 2562 4080 boc
2594 4027 2709 4096 ipso
2736 4036 2964 4082 exeunte
2985 4042 3168 4084 mense
3196 4027 3333 4083 Maio
3364 4029 3556 4084 adver-

1969 4129 2064 4171 sus
2091 4112 2360 4171 Bullinum
2392 4117 2581 4172 librum
2612 4117 2671 4173 S.
2705 4117 2860 4178 Pater
2882 4118 3206 4174 clucubrarit
3233 4135 3247 4174 :
3279 4119 3550 4188 acceperit

1973 4222 2102 4262 vero
2127 4217 2250 4262 ante
2267 4208 2381 4264 dies
2403 4207 2687 4264 admodum
2706 4223 2904 4280 paucos
2919 4210 3210 4266 adversarii
3232 4209 3553 4284 Epistolam,

1974 4315 2132 4373 quam
2165 4301 2451 4356 refutatum
2471 4301 2599 4357 ibat.

2045 4393 2158 4449 \‘ll.
2203 4393 2399 4449 Fuerat
2442 4408 2572 4450 vero
2618 4394 2804 4450 eadem
2851 4394 2978 4462 illa,
3027 4403 3085 4448 ut
3123 4393 3354 4460 videtur,
3403 4409 3558 4450 occa-

1975 4484 2147 4550 sione,
2190 4495 2335 4541 certe
2377 4493 2663 4555 antequam
2708 4485 2986 4548 scriberet,
3039 4494 3255 4554 rogatus
3294 4483 3363 4539 ab
3389 4483 3559 4554 Aqui-

1978 4575 2164 4634 lcicnsi
2208 4577 2456 4633 Antistitc
2486 4576 2684 4632 Sancto
2709 4575 3037 4642 Cbromatio,
3062 4575 3200 4644 apud
3227 4591 3384 4645 quem
3429 4575 3564 4630 Ruf-

1979 4668 2115 4723 tinus
2151 4669 2484 4731 morabatur,
2529 4678 2587 4721 ut
2634 4665 3022 4722 concertationi
3066 4665 3192 4726 buic
3233 4673 3414 4734 tantm,
3443 4682 3562 4736 qua:

1978 4766 2212 4826 cmpcrat
2236 4757 2345 4826 jam
2370 4755 2794 4812 Christianorum
2828 4757 3021 4810 animis
3046 4755 3372 4811 olfcndiculo
3416 4771 3559 4824 csse,

1981 4849 2137 4904 linem
2170 4849 2490 4917 imponeret.
2532 4848 2630 4904 Cui
2682 4849 2897 4920 quidem
2943 4863 3156 4904 SlllllmO
3181 4849 3295 4901 viro
3317 4890 3338 4916 ,
3376 4857 3430 4904 ct
3460 4843 3561 4903 sibi

1979 4955 2098 4996 cum
2129 4939 2315 5009 primis
2343 4948 2525 4995 vetere
2571 4939 2802 4994 amicitia
2841 4939 3063 5008 juncto,
3112 4937 3356 4993 laudibus
3383 4948 3561 4994 autem

1980 5032 2191 5103 pictatis
2215 5039 2376 5102 atque
2403 5031 2715 5088 eruditionis
2741 5033 3102 5098 ornatissimo,
3136 5047 3340 5097 morem
3370 5046 3565 5100 gerere

1981 5122 2255 5187 voluisset,
2286 5121 2444 5192 idque
2482 5137 2541 5178 sc
2569 5123 2748 5178 animo
2794 5121 3068 5189 habuisse,
3104 5120 3453 5192 jurejurando
3485 5131 3564 5178 te-

1981 5224 2150 5269 status
2177 5221 2280 5269 cst.
2308 5211 2414 5269 Sed
2458 5214 2544 5268 ubi
2575 5215 2764 5278 sensit,
2807 5212 3066 5269 deterreri
3114 5226 3173 5268 sc
3204 5213 3362 5268 minis
3405 5227 3435 5266 a
3479 5227 3566 5267 rc-

1981 5305 2294 5376 spondendo
2318 5346 2333 5369 ,
2363 5315 2420 5360 ut
2459 5306 2661 5361 crimen
2700 5291 2851 5362 fathi
2879 5305 3150 5360 videretur
3172 5345 3188 5374 ,
3213 5302 3352 5374 quod
3375 5303 3470 5382 abs
3502 5318 3569 5359 so

1982 5396 2246 5466 repellere
2273 5395 2564 5452 destitisset
2585 5438 2598 5460 ,
2625 5397 2962 5452 committere
2995 5395 3214 5453 cumino
3245 5409 3347 5447 non
3371 5395 3560 5462 potuit,

1983 5499 2040 5546 ut
2057 5491 2211 5546 fatua:
2228 5492 2633 5561 periclitaretur,
2657 5506 2821 5563 seque
2841 5490 3060 5545 invitum
3090 5490 3204 5557 cogi
3234 5485 3298 5541 ad
3316 5483 3563 5552 scriben-

1983 5581 2132 5648 dum,
2171 5576 2356 5636 doluit.
2393 5581 2588 5637 Testem
2616 5623 2632 5650 ,
2661 5581 2834 5651 inquit
2859 5581 2959 5637 sub
2985 5580 3252 5648 bujusmct
3279 5576 3422 5634 Libri
3465 5576 3566 5630 iui-

1986 5675 2136 5737 tium,
2161 5675 2334 5728 inuoco
2361 5671 2396 5726 .l
2403 5689 2541 5728 esum
2563 5673 2882 5727 conscientia:
2905 5669 3138 5739 tractu,an
3160 5678 3204 5723 et
3234 5669 3326 5722 has
3342 5668 3560 5732 litteras,

1986 5781 2030 5824 et
2061 5777 2198 5822 tuam
2227 5766 2511 5837 Epistolam
2527 5767 2852 5836 judicaturus
2874 5771 2965 5828 est,
2993 5779 3071 5816 me
3097 5764 3164 5815 ad
3203 5759 3566 5817 Commonitio-

1988 5877 2100 5915 nem
2127 5859 2308 5916 Sancti
2338 5859 2501 5929 Paprc
2522 5857 2804 5914 Chromatii
2832 5855 3046 5910 coluisse
3073 5855 3303 5919 reticere.
3328 5863 3374 5911 cl
3397 5855 3555 5924 finem
