4052 6338
477 442 579 501 N7

482 566 651 632 facere
678 558 1009 623 simultatum,
1042 565 1087 612 et
1116 557 1306 613 vincere
1332 558 1382 612 in
1410 557 1539 611 bona
1565 556 1772 611 nmium.
1806 556 1911 611 Sed
1936 556 2052 623 quia

480 651 690 705 minaris
714 650 967 704 interitum
987 690 1003 717 ,
1036 648 1139 704 nisi
1163 632 1365 703 tacuere
1388 690 1402 714 ,
1432 648 1734 723 respondere
1760 645 2051 717 compellor,

473 757 538 795 ne
560 741 733 793 videar
760 740 970 794 tacendo
1013 741 1201 795 crimen
1222 755 1493 811 agnoscere
1520 748 1568 793 et
1603 739 1859 794 lenitatem
1888 753 2053 791 meam

470 828 624 885 mala:
668 831 987 886 conscientia:
1046 831 1232 885 crimen
1275 831 1635 898 interpreteris.
1692 830 2051 899 Praeterquam

469 921 615 991 quod
666 920 831 977 multa
862 920 1080 977 nimium
1119 932 1174 977 et
1214 923 1391 993 gravia
1422 931 1573 976 erant
1596 963 1611 987 ,
1640 936 1758 991 qua:
1778 930 1962 975 contra
1994 935 2052 976 se

468 1014 521 1069 in
555 1013 743 1085 vulgus
770 1013 1051 1069 maledicta
1076 1026 1124 1068 et
1142 1012 1338 1079 Rarum,
1358 1014 1408 1066 in
1430 1010 1589 1067 Italia
1608 1052 1624 1078 ,
1653 1021 1699 1066 et
1724 1029 1812 1081 per
1839 1008 2054 1065 Dalma-

473 1105 555 1159 tia;
583 1106 775 1159 insulas
799 1104 1091 1160 Rulliniani
1124 1103 1403 1168 tabellarii,
1432 1118 1565 1173 quos
1593 1101 1787 1158 Noster
1825 1100 2053 1157 Cereales

469 1206 519 1251 et
559 1196 841 1251 Artabasios
887 1206 1072 1261 vocat,
1103 1194 1522 1251 disseminabant
1546 1237 1560 1259 ,
1592 1206 1649 1249 ut
1696 1195 1919 1249 volantia
1950 1203 2052 1249 toto

471 1291 592 1345 orbe
624 1292 801 1362 jacula
847 1291 1105 1360 falsitatis,
1156 1289 1333 1361 clypeo
1381 1289 1604 1342 veritatis
1642 1289 1891 1357 excipere,
1944 1300 2050 1342 non

471 1396 683 1448 aequum
714 1380 894 1447 modo,
922 1379 1015 1435 sed
1044 1389 1097 1435 et
1127 1394 1403 1435 necessum
1437 1378 1510 1433 illi
1533 1388 1694 1433 esset.

542 1470 677 1525 VIII.
698 1472 775 1526 Ex
806 1471 998 1525 horum
1029 1469 1126 1525 fuit
1154 1485 1376 1525 numero
1402 1467 1768 1525 commentitia
1808 1467 2050 1540 qnatdam

470 1559 709 1633 Epistula
753 1560 853 1616 sub
890 1563 1071 1617 Sancti
1105 1561 1348 1616 Doetoris
1375 1560 1591 1615 nomine
1620 1559 1821 1629 prolata
1853 1560 1905 1613 itt
1940 1559 2055 1613 vul-

470 1668 569 1721 gus
593 1697 607 1721 ,
642 1654 694 1708 in
725 1670 826 1723 qua
855 1656 1117 1725 paenitere
1147 1670 1205 1709 se
1232 1650 1520 1707 admodum
1562 1660 1847 1706 testaretur
1870 1692 1885 1715 ,
1912 1650 2052 1722 quod

471 1745 650 1799 fucum
681 1746 781 1800 sibi
813 1746 926 1800 fieri
959 1761 1147 1816 pISS'IS
1192 1744 1245 1799 in
1286 1744 1648 1799 adolescentia
1682 1743 1749 1798 ab
1778 1742 2017 1799 Hebrteis
2037 1783 2053 1808 ,

472 1852 659 1891 eorum
692 1838 960 1892 volumina
984 1878 997 1901 ,
1030 1853 1149 1907 qua}
1177 1835 1309 1891 nihil
1340 1836 1449 1890 veri
1480 1835 1839 1901 continerent,
1871 1834 2057 1889 Latine

473 1929 754 1985 refuderit.
800 1930 1062 1985 Eusebius
1109 1928 1489 1985 Cremonensis
1526 1942 1645 1983 eam
1687 1942 1747 1982 se
1791 1926 2057 1996 reperisse

473 2022 703 2091 primum
731 2021 1129 2091 significaverat
1151 2020 1291 2091 apud
1318 2021 1469 2090 Afros
1497 2018 1800 2089 Episcopus,
1823 2018 1909 2088 qui
1940 2034 2059 2087 pro-

472 2124 585 2182 pter
614 2111 995 2168 Ecclesiasticas
1024 2129 1205 2167 causas
1244 2112 1311 2165 ad
1332 2112 1642 2166 .Contitatunt
1672 2119 1925 2164 venerant.
1958 2108 2058 2163 Fa-

470 2208 573 2261 cile
601 2206 653 2261 bi
680 2204 897 2269 fuerint,
925 2220 1059 2275 quos
1084 2205 1285 2275 legatos
1310 2200 1890 2273 misitCarthaginense
1911 2201 2056 2255 Con-

475 2299 656 2352 cilium
706 2296 887 2352 Idibus
929 2296 1264 2366 Septembris
1308 2294 1603 2364 superioris
1650 2293 1890 2362 proxime
1931 2289 2056 2345 anni

474 2387 713 2443 habitum
738 2428 753 2454 ,
785 2388 849 2442 ad
880 2386 1261 2457 Imperatorem
1285 2428 1299 2453 ,
1332 2395 1391 2441 ιιι
1419 2386 1487 2440 ab
1513 2400 1579 2441 eo
1605 2392 1849 2455 peterent
1875 2383 1926 2437 in
1958 2382 2058 2437 Ec-

474 2479 636 2533 t'lesia
663 2479 1073 2535 manumittendi
1104 2478 1409 2533 facultatem
1435 2519 1448 2543 ,
1480 2492 1637 2547 quam
1670 2485 1722 2530 et
1747 2488 2057 2530 concessam

478 2570 680 2636 fuisse,
725 2585 789 2623 ex
836 2570 1132 2639 Augustino
1178 2569 1456 2624 discimus.
1509 2566 1841 2621 Fontaninus
1884 2574 2059 2619 tamen

477 2660 782 2715 Comitatum
810 2661 1067 2731 appellari
1098 2659 1285 2715 Aulam
1313 2658 1643 2728 Ponti/icium
1668 2658 1852 2721 sentit,
1878 2666 1933 2711 et
1956 2654 2060 2710 Le-

476 2760 630 2821 gates
651 2750 755 2806 dici
786 2759 1027 2805 autumat
1055 2750 1123 2805 ad
1152 2750 1515 2816 Anastasium,
1544 2748 1613 2804 de
1639 2748 1857 2803 nomine
1887 2748 2061 2802 \‘ene-

478 2843 616 2897 rium
649 2841 1100 2897 Mediolanensem
1124 2883 1137 2907 ,
1185 2850 1240 2897 et
1280 2840 1575 2895 Honorium
1608 2839 1904 2909 Augustum
1930 2881 1945 2903 ,
1972 2838 2061 2907 qui

479 2930 770 3003 Epistolam
816 2932 961 2988 illam
1009 2946 1190 2988 secum
1237 2948 1301 2988 ex
1360 2931 1539 2987 Africa
1585 2931 1884 2986 attulerint.
1931 2929 2064 2986 Utut

480 3025 725 3081 habuerit
747 3037 805 3081 se
828 3041 935 3086 res.
966 3024 1067 3081 hoc
1087 3023 1301 3081 audiens
1323 3024 1583 3093 obstupuit
1606 3024 1663 3079 S.
1686 3024 1843 3079 Pater
1863 3041 1875 3077 :
1895 3023 2063 3078 multo

477 3124 655 3173 autem
682 3116 850 3189 magis
875 3117 1174 3173 demiratus
1203 3126 1308 3183 est,
1338 3132 1500 3187 quum
1532 3116 1753 3183 idipsam
1784 3117 2061 3169 multorum

479 3224 542 3264 ea:
575 3208 710 3264 Urbe
739 3213 956 3280 fratrunt
982 3211 1172 3280 scripta
1199 3214 1498 3273 docuerunt,
1522 3207 1881 3261 sciscitantium
1904 3224 1969 3260 an
1994 3207 2065 3259 ita

480 3314 533 3353 se
562 3299 792 3364 haberet,
827 3308 873 3353 et
903 3316 934 3352 α
960 3316 1058 3369 quo
1084 3301 1197 3371 ipsa
1226 3299 1457 3369 Epistola
1502 3298 1826 3352 disseminata
1857 3308 1983 3352 esset
2011 3298 2064 3351 in

479 3390 683 3460 vulgus,
702 3390 1096 3461 tacrymabiliter
1114 3390 1469 3444 indicantium.
1484 3387 1667 3459 Neque
1693 3404 1823 3443 vero
1847 3388 2065 3443 difficile

480 3482 530 3536 ei
570 3480 669 3537 fuit
692 3523 709 3548 ,
738 3498 803 3537 ex
834 3483 958 3537 stilo
985 3492 1039 3537 et
1070 3482 1241 3538 forma
1272 3482 1468 3551 eloquii
1495 3523 1511 3548 ,
1540 3495 1699 3551 quam
1737 3480 1836 3533 sibi
1878 3478 2067 3535 fuisset

482 3573 620 3627 falso
646 3572 821 3627 afficta
848 3614 864 3639 ,
908 3572 1285 3628 demonstrare
1307 3613 1323 3637 ,
1350 3571 1523 3642 deque
1550 3575 1665 3641 ejus
1692 3572 1926 3626 Auctore
1954 3569 2065 3625 doli

482 3662 698 3720 Rufllno
718 3664 1083 3733 conjecturam
1132 3665 1331 3719 facere.
1378 3662 1656 3719 Calumnia
1709 3671 1886 3718 tamen
1932 3662 2065 3717 scri-

482 3757 683 3825 ptionis
724 3756 968 3824 sublata,
1012 3757 1215 3813 nomini
1252 3756 1451 3812 falsarii
1495 3756 1752 3827 pepercit.
1793 3754 1897 3811 Sed
1930 3754 2061 3822 illo,

480 3860 542 3905 ut
571 3864 631 3905 se
658 3848 861 3920 culpari
886 3848 1172 3912 intellexit,
1193 3849 1355 3905 etiam
1377 3860 1537 3919 atque
1555 3849 1717 3904 etiam
1741 3848 2062 3913 obtestante,

482 3941 615 3996 nihil
648 3941 744 3997 abs
784 3957 845 3997 se
873 3942 980 3997 tale
1028 3955 1260 4012 unquam
1291 3948 1650 4011 perpetratum
1678 3980 1694 4007 ,
1726 3939 1865 3994 hanc
1896 3939 2064 4009 ipsam

483 4034 697 4091 videtur
724 4033 781 4091 S.
811 4034 974 4090 Pater
998 4035 1403 4090 excusationem
1434 4033 1485 4089 ei
1511 4030 1687 4103 culpa:
1711 4041 1943 4097 vertere,
1974 4031 2065 4102 qui

482 4140 764 4195 perperam
788 4127 986 4196 putarit
1004 4126 1105 4182 sibi
1126 4125 1511 4196 dicttun,quod
1532 4126 1844 4181 nominatim
1864 4126 2065 4180 nemini

481 4217 654 4271 fuerat
676 4218 1016 4287 imputatum.
1039 4217 1149 4273 Nec
1171 4217 1293 4273 ideo
1313 4233 1435 4272 eum
1460 4226 1636 4273 tamen
1658 4217 1727 4272 ab
1752 4217 1908 4287 hujus
1932 4232 2065 4272 con-

479 4308 702 4363 scientia
725 4308 965 4362 criminis
994 4308 1263 4363 liberavit.
1286 4307 1418 4373 Quo,
1453 4308 1623 4378 inquit
1648 4307 1750 4363 hoc
1768 4307 1854 4363 Ill.
1880 4308 2061 4375 Libro,

480 4416 582 4455 non
610 4408 841 4469 erumpat
869 4400 1024 4455 semel
1052 4397 1301 4467 e/Irenata
1329 4399 1591 4453 audacia?
1618 4399 1848 4453 Aliorum
1876 4400 2066 4453 crimen

478 4490 577 4544 sibi
611 4490 830 4564 objecit,
872 4500 928 4545 ut
967 4507 1059 4545 nos
1100 4490 1312 4559 finxisse
1359 4490 1637 4545 videamur.
1684 4488 1834 4554 Quod
1880 4490 2067 4556 absque

478 4584 680 4638 nomine
722 4584 913 4638 dictum
958 4592 1069 4651 est,
1110 4582 1163 4637 in
1202 4599 1255 4638 se
1291 4580 1483 4635 dictum
1530 4585 1684 4652 refert
1712 4598 1728 4635 :
1755 4590 1801 4637 et
1840 4599 2065 4654 purgans

478 4688 686 4732 externa
717 4691 942 4747 peccata,
976 4691 1174 4735 tantum
1204 4680 1267 4735 de
1294 4697 1387 4736 sua
1414 4695 1623 4735 securus
1653 4689 1726 4735 est
1756 4681 2064 4738 innocentia.

479 4766 633 4823 Jurat
664 4772 797 4824 enim
827 4788 882 4826 se
908 4770 1197 4841 Epistolam
1233 4789 1337 4827 non
1375 4773 1640 4843 scripsisse
1677 4772 1745 4825 ad
1782 4772 1938 4844 Afros
1970 4774 2064 4829 sub

480 4860 686 4913 nomine
706 4877 849 4924 meo,
878 4862 931 4915 in
969 4878 1070 4932 qua
1094 4863 1339 4930 conﬁtear
1376 4864 1642 4918 inductum
1676 4880 1757 4918 me
1794 4881 1825 4917 a
1866 4864 2066 4919 ludatis

480 4951 744 5006 mendacia
774 4954 1090 5007 transtulisse
1110 4970 1128 5008 :
1149 4964 1195 5008 et
1216 4955 1363 5008 mittit
1386 4954 1539 5010 libros
1556 4957 1729 5011 eadem
1746 4958 1918 5012 omnia
1938 4975 2065 5012 con-

480 5040 712 5104 tinentes.
736 5058 851 5113 qua:
875 5046 1091 5099 nescisse
1116 5062 1171 5099 se
1186 5046 1355 5115 jurat.
1392 5046 1458 5099 Et
1484 5048 1641 5100 miror
1663 5049 1917 5118 quomodo
1938 5066 2066 5119 pru-

481 5136 656 5189 dentia
686 5135 797 5205 ejus
839 5153 952 5191 cum
995 5137 1204 5191 alterius
1242 5138 1463 5207 nequitia
1503 5140 1816 5203 convenerit,
1848 5150 1902 5193 ut
1931 5140 2067 5209 quod

480 5229 614 5282 alius
640 5230 694 5281 in
721 5229 895 5297 Africa
924 5229 1160 5282 mentitus
1189 5237 1292 5292 est,
1334 5232 1416 5282 hic
1446 5229 1762 5283 concorditer
1786 5246 1955 5285 verum
1981 5232 2065 5285 di-

480 5327 614 5373 ceret
638 5358 653 5383 ,
694 5318 893 5387 stilique
934 5320 1045 5389 ejus
1087 5318 1391 5389 elegantiam
1433 5320 1601 5373 nescio
1642 5320 1755 5388 quis
1801 5322 2065 5390 imperitus

480 5420 648 5482 posset
685 5411 896 5465 imitari.
928 5409 1023 5466 Sin
1064 5411 1242 5480 itaque
1267 5426 1385 5465 eam
1425 5411 1539 5479 ipse
1568 5410 1865 5479 Epistolam
1896 5414 2068 5468 Rufli-

480 5520 583 5561 nus
614 5512 951 5560 commentus
979 5513 1082 5569 est,
1113 5502 1209 5557 sed
1237 5518 1301 5558 ex
1333 5503 1449 5572 ejus
1477 5503 1661 5559 schola
1689 5505 1882 5576 aliquis
1900 5546 1915 5567 ,
1950 5508 2065 5576 ipso

483 5596 625 5652 haud
660 5607 837 5651 tamen
864 5594 1073 5659 inscio;
1104 5608 1209 5647 non
1241 5593 1431 5663 injuria
1466 5602 1644 5651 tamen
1676 5594 1772 5650 abs
1804 5594 2066 5668 Hierony-

480 5704 572 5744 mo
602 5688 857 5743 alterutra
884 5701 947 5741 ex
976 5693 1126 5756 parte
1157 5700 1279 5740 reus
1305 5684 1501 5753 agitur.

556 5778 645 5834 IX.
678 5778 785 5833 Hae
814 5786 962 5833 certe
989 5776 1057 5833 de
1100 5791 1260 5832 causa
1308 5775 1519 5829 videtur
1547 5775 1605 5832 S.
1637 5776 1814 5843 Pater,
1846 5786 1905 5831 ut
1932 5792 2062 5833 suus

480 5870 568 5927 hic
617 5870 775 5924 Liber
812 5870 1131 5940 quantocius
1171 5869 1222 5923 in
1268 5867 1500 5923 Africam
1546 5866 1885 5935 deferretur,
1914 5877 2061 5921 sate-

1724 440 1781 495 S.
1826 435 2201 495 IlIERONYMl
2242 439 2422 495 V'ITA.

3638 456 3741 511 H8

2168 554 2311 621 gisse
2341 572 2355 608 :
2379 556 2629 611 nimirum
2657 568 2714 614 ut
2737 562 2875 631 apud
2907 577 3001 619 eos
3028 562 3260 620 maxime
3287 563 3610 621 calumniam
3640 571 3741 624 tol-

2165 645 2321 713 leret,
2347 647 2488 717 apud
2512 665 2645 720 quos
2665 656 2891 709 conflata
2919 658 3251 725 potissimum
3276 657 3575 713 dicebatur.
3593 660 3740 716 Scri-

2162 737 2268 805 psit
2296 739 2475 809 itaque
2499 740 2601 796 boc
2629 744 2744 813 ipso
2769 760 2911 801 anno
2936 750 3001 801 ad
3025 749 3382 818 Augustinum
3413 750 3583 820 Epist.
3611 751 3699 807 Cll
3720 791 3737 806 .

2161 829 2315 899 eique
2332 830 2603 900 hujusmet
2619 836 2780 892 libelli
2796 840 2875 893 sui
2891 841 3166 909 exemplar
3180 842 3443 897 atltexuit.
3468 843 3551 905 Et,
3571 842 3733 911 Misit,

2152 922 2271 997 ait,
2303 923 2429 977 mihi
2468 927 2744 981 tenteritate
2788 929 2936 982 solita
2982 946 3075 985 sua
3122 930 3390 985 maledicta
3431 932 3739 1001 Calpurnius

2160 1023 2486 1081 cognomento
2520 1012 2774 1073 Lanarius
2793 1058 2809 1082 ,
2840 1034 2951 1087 quae
2988 1020 3057 1073 ad
3082 1020 3308 1089 Africam
3337 1038 3535 1092 quoque
3570 1025 3739 1078 studio

2158 1102 2269 1171 ejus
2293 1102 2447 1157 didici
2469 1107 2751 1174 pervenisse
2778 1124 2796 1161 :
2816 1119 2961 1175 atque
2985 1111 3199 1165 breviter
3221 1129 3284 1166 ea:
3309 1125 3452 1184 parte
3476 1116 3736 1184 respondi,

2159 1200 2206 1244 et
2232 1192 2391 1247 libelli
2411 1195 2521 1265 ejus
2543 1196 2682 1252 vobis
2703 1199 2817 1252 misi
2836 1202 3165 1270 exemplaria,
3188 1202 3337 1258 latius
3356 1221 3486 1275 opus
3508 1207 3737 1277 (priores

2160 1299 2352 1355 nempe
2376 1286 2511 1343 duos
2538 1289 2813 1359 ApoIOgia:
2851 1306 2961 1347 sua:
2993 1294 3179 1359 libros)
3209 1312 3364 1365 quum
3393 1308 3739 1363 opportunum

2160 1378 2351 1445 fuerit,
2380 1380 2543 1446 primo
2572 1383 2821 1437 missurus
2850 1394 3070 1455 tempore
3096 1388 3189 1442 :iu
3229 1405 3326 1458 quo
3351 1390 3481 1444 illud
3506 1391 3647 1456 cavi,
3678 1408 3741 1446 ne

2158 1469 2579 1525 adstimationem
2621 1473 2855 1528 (cederem
2894 1475 3233 1531 Christianam
3258 1518 3273 1543 ,
3306 1480 3396 1534 sed
3441 1490 3638 1535 tantum
3682 1491 3740 1535 ut

2159 1558 2423 1615 delirantis
2450 1562 2767 1635 imperitique
2808 1568 3124 1621 mendacium
3164 1586 3225 1623 ac
3249 1571 3532 1624 vecordiam
3557 1573 3738 1641 confu-

2161 1658 2340 1704 tarem.
2370 1652 2476 1706 Sed
2508 1664 2563 1708 et
2587 1656 2704 1709 alia:
2735 1667 2857 1710 sunt
2888 1657 2955 1711 ad
2986 1660 3359 1728 Augustinum,
3393 1670 3553 1731 atque
3582 1663 3739 1732 hujus

2158 1739 2224 1792 ad
2258 1741 2639 1814 Hieronymum
2669 1745 2925 1814 Epistola:
2946 1748 3160 1804 hocmet
3179 1765 3321 1804 anno
3344 1753 3579 1821 scriptaz,
3605 1768 3739 1823 quas

2162 1839 2337 1886 tamen
2358 1848 2417 1886 su
2429 1834 2705 1906 bsequenti
2725 1841 2974 1908 proxime
2990 1839 3253 1910 Capitulo,
3274 1842 3339 1896 ad
3357 1844 3509 1912 cujus
3525 1846 3740 1914 praprie

2158 1930 2471 1980 contextum
2523 1927 2830 1997 pertinent,
2881 1930 3300 1987 recensebimus.
3351 1932 3518 1988 Porro
3559 1943 3737 1990 autem

2159 2012 2264 2068 alia
2292 2024 2394 2083 est,
2426 2033 2545 2087 quae
2569 2032 2889 2090 argumento
2908 2036 2971 2077 ex
2996 2022 3113 2093 ejus
3133 2024 3494 2079 contentionis
3516 2024 3738 2081 historia

2159 2105 2323 2162 ducto
2347 2148 2362 2173 ,
2403 2123 2499 2178 per
2534 2110 2587 2165 id
2632 2114 2921 2183 temporis,
2958 2116 3072 2170 sive
3120 2115 3223 2169 isto
3263 2125 3355 2170 aut
3394 2115 3738 2187 subsequenti

2163 2200 2405 2267 proxime
2447 2215 2589 2257 anno
2631 2204 2833 2273 scripta
2880 2204 3120 2275 Epistula
3168 2205 3443 2273 videatur,
3475 2219 3567 2262 aut
3594 2217 3740 2263 certe

2161 2304 2282 2344 cum
2330 2293 2600 2348 chronicis
2640 2296 2962 2351 certioribus
3006 2296 3147 2351 notis
3184 2308 3394 2361 careat,
3422 2296 3607 2353 referri
3637 2298 3741 2353 huc

2164 2396 2269 2436 non
2317 2382 2644 2455 incongrue,
2689 2387 2831 2441 serie
2871 2402 3049 2441 rerum
3092 2388 3465 2443 consentiente
3490 2429 3505 2453 ,
3548 2388 3737 2459 possit.

2166 2471 2375 2529 Eximia
2412 2490 2475 2529 ea
2505 2484 2590 2530 est
2632 2477 2770 2531 inter
2802 2491 2987 2532 omnes
3012 2478 3205 2532 divina:
3231 2478 3519 2547 Scriptum:
3547 2492 3743 2549 exege-

2164 2563 2298 2618 ticas
2322 2564 2388 2618 ad
2414 2564 2669 2619 Sunniam
2701 2576 2754 2620 et
2783 2566 3066 2622 Fretellam
3087 2609 3102 2632 ,
3134 2568 3279 2623 viros
3307 2583 3337 2623 e
3362 2567 3617 2624 Getarum
3637 2607 3653 2634 ,
3685 2576 3744 2623 ut

2165 2655 2382 2721 volunt,
2413 2671 2611 2726 genere
2639 2671 2808 2713 sacrae
2836 2659 3153 2714 eruditionis
3178 2659 3517 2729 percupidos,
3544 2674 3648 2729 qua
3676 2659 3743 2715 ad

2165 2746 2402 2817 singulas
2428 2748 2531 2802 sibi
2584 2751 2884 2819 propositas
2923 2766 2989 2805 ex
3030 2750 3255 2806 Psalmis
3293 2752 3618 2820 qumstiones
3654 2766 3744 2807 re-

2165 2838 2439 2907 spondens
2480 2839 2837 2912 Hieronymus
2881 2842 3037 2898 docet
3062 2884 3078 2910 ,
3120 2858 3366 2913 quamam
3389 2845 3460 2899 sit
3490 2844 3630 2899 inter
3654 2858 3748 2899 va-

2166 2932 2365 2987 riantes
2384 2932 2645 2989 lectiones
2665 2934 2880 2991 Grteeas
2901 2946 3063 3007 atque
3083 2936 3303 2993 Latinas
3323 2939 3535 2994 ueteris
3557 2939 3749 3010 praefe-

2168 3023 2353 3090 renda,
2372 3040 2595 3097 quaeque
2612 3027 2831 3098 propius
2851 3028 2917 3083 ad
2943 3028 3258 3085 Hebraicum
3283 3030 3484 3087 fontem
3505 3032 3745 3087 accedat.

2171 3117 2659 3175 Animadvertimus
2686 3120 2739 3175 in
2768 3120 3164 3193 chronologicis
3191 3123 3257 3178 ad
3288 3139 3405 3179 eam
3431 3124 3608 3190 Notis,
3643 3128 3746 3180 mi-

2168 3210 2310 3266 nime
2337 3225 2455 3266 eam
2482 3212 2650 3268 videri
2696 3224 2821 3269 ante
2860 3216 3238 3287 Apologeticos
3257 3229 3445 3275 contra
3476 3220 3746 3275 numnum

2170 3303 2333 3359 libros
2355 3304 2744 3375 elucubratam,
2774 3308 3036 3378 siquidem
3060 3310 3330 3381 objicienti
3359 3313 3573 3379 :emulo,
3606 3315 3747 3385 quod

2169 3394 2512 3467 Septuaginta
2561 3399 2886 3470 Interpretes
2929 3406 3257 3472 contemptui
3301 3406 3561 3468 haberet,
3589 3409 3750 3478 inque

2168 3502 2354 3542 eorum
2382 3490 2809 3559 suggillationem
2857 3509 3050 3549 novatn
3082 3510 3146 3550 ex
3181 3496 3406 3551 Ilebrmo
3439 3502 3750 3555 translatio-

2172 3592 2292 3631 nem
2322 3578 2658 3645 adornasset,
2684 3582 2819 3638 hanc
2840 3586 3021 3654 utique
3040 3585 3097 3641 S.
3117 3586 3274 3642 Pater
3293 3588 3748 3647 elucubrationem

2169 3682 2320 3724 Suam
2349 3672 2724 3739 opposuisset,
2756 3674 2809 3728 in
2839 3690 2942 3745 qua
2985 3678 3123 3733 bene
3153 3676 3477 3748 lnterpretes
3520 3680 3592 3736 illi
3623 3697 3751 3737 con-

2172 3761 2321 3816 tinuo
2350 3763 2604 3828 audiunt,
2652 3766 2990 3837 potiusquam
3012 3810 3027 3835 ,
3060 3768 3163 3825 hac
3191 3771 3616 3827 luculentissitno
3646 3790 3746 3845 pro

2170 3870 2229 3910 se
2276 3856 2583 3911 testimonio
2629 3862 3000 3927 prtetermisso
3023 3904 3039 3929 ,
3069 3866 3312 3935 exempla
3351 3866 3430 3921 sui
3472 3882 3595 3937 erga
3628 3868 3749 3924 illos

2167 3946 2329 4002 studii
2370 3947 2497 4003 hinc
2536 3948 2659 4003 inde
2687 3965 2751 4005 ex
2793 3951 2915 4005 aliis
2950 3953 3060 4007 suis
3084 3956 3334 4023 operibus
3363 3958 3746 4013 emendicaret.

2170 4039 2491 4095 Addidimus
2515 4080 2532 4107 ,
2560 4056 2661 4097 nec
2696 4043 2869 4098 multo
2911 4056 3025 4114 post
3057 4046 3223 4101 videri
3265 4047 3612 4104 differendam
3642 4051 3751 4106 :si-

2170 4131 2385 4201 quidem
2430 4131 2548 4200 ejus
2588 4132 2831 4202 qutcdam
2877 4135 3082 4190 mentio
3127 4135 3414 4193 haberetur
3461 4139 3515 4193 in
3560 4140 3747 4195 subse-

2170 4231 2367 4291 quente
2393 4222 2461 4276 ad
2489 4222 2711 4289 Lmtam,
2743 4224 2832 4279 ubi
2863 4225 3111 4280 dicuntur
3138 4225 3317 4281 Hunni
3335 4227 3643 4283 Psalterium
3666 4231 3750 4283 di-

2171 4329 2308 4367 scere
2330 4328 2350 4375 ;
2371 4328 2491 4383 qua:
2514 4314 2728 4383 quidem
2761 4316 2999 4385 Epistula
3026 4317 3263 4374 huicmet
3290 4335 3450 4385 anno,
3479 4330 3572 4374 aut
3601 4321 3753 4376 initio

2171 4404 2547 4473 subsequentis
2581 4403 2687 4460 405
2725 4405 2985 4475 aitigenda
3032 4408 3331 4464 videbatur.
3381 4409 3486 4466 Sed
3517 4426 3580 4467 ea
3614 4428 3753 4469 nunc

2173 4496 2529 4564 praetermissa
2552 4494 2879 4564 conjectura,
2904 4497 3005 4551 alia
3027 4513 3091 4553 ex
3115 4508 3263 4568 parte
3282 4499 3573 4569 arguimus,
3593 4500 3756 4558 fuisse

2170 4601 2359 4642 recens
2387 4602 2417 4642 a
2457 4586 2737 4659 profligato
2776 4587 2993 4642 Rttflino
3032 4590 3303 4659 scriptam.
3336 4591 3415 4645 Ex
3443 4606 3508 4647 eo
3554 4591 3757 4648 scilicet

2172 4677 2261 4732 ulti
2291 4678 2358 4733 ad
2388 4678 2656 4733 Psalmum
2688 4678 2780 4744 88,
2807 4680 2953 4733 illum
2986 4679 3187 4733 ironice
3208 4682 3461 4750 appellat,
3485 4683 3757 4737 disertissi-

2170 4788 2308 4825 mum
2323 4773 2465 4827 istius
2481 4776 2720 4839 temporis
2734 4772 3074 4841 interpretem,
3092 4774 3178 4843 qui
3195 4771 3439 4828 Grtecum
3453 4779 3757 4840 ὶεσυδινωσας

2170 4863 2391 4918 verterit
2430 4862 2747 4926 anuiltilasti,
2784 4860 2863 4916 vel
2902 4861 3205 4927 annullasti,
3238 4862 3313 4917 vel
3350 4864 3644 4932 uttltiﬁcasti
3668 4907 3684 4931 ,
3711 4876 3758 4919 et

2169 4956 2215 5008 si
2248 4970 2348 5023 qua
2390 4954 2493 5008 alia
2534 4962 2745 5024 possunt
2783 4954 2997 5006 inveniri
3037 4954 3179 5023 apud
3219 4955 3476 5025 imperitos
3527 4965 3760 5024 portenta

2172 5045 2456 5099 verborum.
2488 5046 2663 5114 Atque
2695 5044 2807 5098 lure
2830 5054 3007 5098 tamen
3037 5044 3235 5108 omnia,
3256 5055 3514 5114 quantum
3544 5046 3757 5117 assequi

2170 5135 2477 5204 conjectura
2522 5134 2685 5199 licet,
2726 5143 3041 5204 argumenta
3089 5135 3437 5205 proponimus
3462 5176 3478 5202 ,
3512 5153 3619 5191 non
3661 5152 3758 5205 pro

2171 5228 2334 5283 certis
2365 5241 2637 5297 urgemus.

2245 5317 2439 5372 Verum
2466 5315 2759 5385 Epistolam
2789 5317 2854 5371 ad
2887 5317 3084 5372 Laetam
3114 5319 3258 5388 quod
3301 5328 3544 5390 spectat,
3576 5320 3757 5389 utique

2171 5422 2288 5461 eam
2335 5420 2478 5460 nunc
2520 5405 2701 5460 malim
2748 5407 2815 5461 ad
2879 5408 3269 5476 praecedentem
3313 5411 3411 5465 401
3460 5425 3755 5479 revocare,

2171 5516 2329 5570 quam
2383 5500 2434 5553 in
2496 5507 2806 5569 sequentem
2862 5501 2968 5556 405
3011 5500 3227 5555 vixdum
3276 5502 3399 5556 licet
3449 5503 3754 5558 inchoatum

2170 5592 2387 5648 differre
2410 5609 2425 5646 :
2450 5592 2659 5646 tametsi
2682 5591 2805 5647 huic
2826 5593 2969 5649 illam
2995 5596 3045 5648 in
3066 5594 3421 5662 Epistolarum
3444 5598 3756 5651 recensione

2170 5683 2450 5738 aﬂixerim.
2488 5680 2755 5751 Nupserat
2794 5682 2937 5739 Lzeta
2982 5684 3243 5747 Toxotio,
3284 5685 3343 5740 S.
3392 5686 3568 5740 Paulae
3609 5686 3752 5753 filio,

2172 5789 2237 5829 ex
2266 5788 2373 5843 quo
2399 5780 2454 5827 et
2480 5772 2643 5826 filiam
2662 5812 2679 5837 ,
2711 5788 2829 5842 qua:
2851 5772 2918 5828 de
2946 5774 3080 5827 avia:
3109 5773 3326 5828 nomine
3357 5775 3519 5830 Paula
3549 5791 3723 5830 nuneu
3743 5805 3757 5818 -

2175 5875 2292 5933 pata
2331 5872 2415 5918 est
2453 5862 2633 5933 junior
2656 5902 2673 5928 ,
2703 5874 3029 5934 susceperat.
3063 5862 3209 5917 IIanc
3236 5866 3294 5919 ὃ.
3327 5866 3485 5922 Pater
3510 5908 3526 5933 ,
3556 5870 3753 5935 minus
