4052 6338
229 434 325 490 H9

229 549 480 608 institutis
494 548 606 620 jam
633 545 757 604 inde
774 545 844 602 ab
862 543 990 616 ipsis
1012 539 1342 600 incunabulis
1362 537 1428 593 ad
1447 535 1804 593 Christianam

231 645 478 715 pietatem
523 637 801 694 informari
844 643 1120 708 oporteat,
1171 632 1329 687 docet
1360 647 1375 684 :
1405 643 1631 697 eumque
1673 637 1812 693 avus

232 734 341 803 ejus
374 732 605 787 Albinus
652 730 826 784 adhuc
863 729 916 783 in
956 724 1289 781 Ethnicistno
1335 727 1637 790 perstaret,
1671 715 1810 769 inter

232 827 327 882 alia
365 839 488 894 quae
529 821 811 892 magniﬁce
857 819 1101 881 extollit,
1142 815 1219 872 rei
1263 813 1580 869 Christianzn
1615 808 1808 864 decora

232 927 385 984 autne
430 915 800 976 incrementa,
846 909 973 966 illud
1020 913 1320 972 memorat,
1361 920 1430 962 ex
1467 917 1572 972 quo
1606 897 1810 970 epocha

231 1005 540 1075 scriptionis
569 1002 703 1058 satis
733 1000 1039 1056 inuotescit.
1081 998 1328 1060 Marnas,
1358 995 1462 1060 ait,
1498 991 1652 1047 Gaza
1677 989 1812 1058 luget

233 1097 478 1162 inclusus,
502 1105 550 1149 et
572 1094 875 1150 eversionem
897 1090 1072 1161 templi
1098 1089 1280 1158 iugiter
1305 1083 1625 1156 pertimescit.
1651 1081 1813 1137 Scili-

232 1198 313 1242 cet
337 1202 414 1252 ex,
429 1185 502 1248 S.
517 1183 799 1254 Porphyrii
821 1181 1060 1253 ejusdem
1082 1179 1230 1235 urbis
1251 1177 1498 1248 Episcopi
1522 1173 1641 1229 Vita
1661 1186 1814 1228 com-

238 1289 445 1348 pertum
476 1287 595 1345 est,
623 1277 787 1332 fuisse
821 1290 964 1330 anno
1005 1272 1109 1330 398
1150 1271 1368 1326 missum
1416 1269 1701 1322 Diaeonum
1745 1261 1814 1318 ad

240 1370 622 1438 Imperatorem
665 1365 986 1428 Arcadium,
1031 1363 1120 1434 qui
1164 1359 1372 1431 Templi
1411 1358 1529 1428 ejus
1568 1355 1817 1426 prolanos

236 1463 409 1516 cultus
448 1469 661 1515 curaret
701 1455 1084 1529 prohibendos.
1126 1452 1263 1508 Tum
1305 1452 1407 1506 lata
1445 1449 1560 1504 Lex
1601 1457 1681 1501 est
1715 1445 1818 1499 hoc

237 1553 428 1608 eodem
458 1566 604 1605 anno
634 1551 687 1606 in
720 1564 838 1608 eam
881 1562 1030 1612 rem,
1062 1545 1282 1616 ejusque
1320 1543 1636 1597 auctoritate
1679 1536 1819 1590 haud

239 1646 412 1699 multo
451 1653 576 1714 post
620 1642 750 1713 ipsa:
779 1640 983 1708 Templi
1024 1637 1168 1706 fores
1194 1635 1454 1692 obserata:
1477 1674 1492 1698 ,
1523 1640 1578 1688 et
1608 1629 1820 1686 Marnas

241 1739 488 1790 inclusus.
518 1733 776 1790 Triennio
804 1740 928 1804 post
953 1745 1091 1786 nova
1121 1727 1399 1800 Porphyrii
1431 1724 1693 1794 legatione
1719 1723 1820 1777 im-

245 1838 534 1898 petratum,
563 1835 624 1881 ut
653 1826 865 1896 penitus
893 1821 1183 1886 deleretur,
1211 1834 1374 1889 reque
1400 1817 1512 1887 ipsa
1538 1813 1822 1884 Templum

245 1920 592 1986 absumptum
622 1914 871 1972 incendio
899 1921 1004 1969 est.
1035 1910 1170 1967 Cum
1212 1909 1288 1964 ait
1331 1909 1506 1978 itaque
1535 1904 1594 1961 S.
1629 1904 1784 1960 Pater
1804 1942 1822 1969 ,

243 2009 480 2062 Marnam
523 2007 860 2063 eversionem
907 2004 987 2058 sui
1025 2001 1224 2073 jugiter
1262 1999 1676 2070 pertimescere,
1712 1994 1824 2064 jam

245 2101 329 2154 illa
361 2101 534 2156 Idolio
562 2098 744 2155 clades
771 2096 1121 2152 imminebat:
1147 2108 1266 2164 quas
1295 2092 1464 2162 magis
1490 2089 1674 2158 utique
1701 2086 1825 2140 anni

244 2191 372 2258 401,
415 2191 484 2245 ad
525 2189 685 2248 linem
727 2197 784 2243 ut
821 2187 953 2242 libet
996 2183 1330 2256 properantis
1353 2223 1370 2247 ,
1399 2195 1558 2250 quam
1589 2177 1830 2247 proxime

246 2281 582 2350 insequentis
611 2288 695 2336 est
733 2289 879 2333 nuta.
911 2276 1055 2330 Idem
1085 2287 1299 2344 quoque
1342 2280 1554 2339 tempus
1597 2283 1700 2321 non
1731 2266 1829 2319 ob-

245 2387 403 2426 scure
450 2370 690 2436 indicat,
727 2369 920 2439 quibus
961 2364 1310 2432 subsequitur
1347 2361 1546 2423 verbis,
1593 2356 1834 2411 Getarum

244 2465 434 2519 rutilus
463 2473 511 2519 et
537 2465 702 2534 flavus
743 2461 991 2516 exercitus
1029 2456 1374 2512 Ecclesiarum
1400 2451 1690 2520 circumfert
1720 2459 1832 2503 ten-

247 2556 380 2609 toria
400 2597 417 2619 ,
451 2567 500 2609 et
539 2555 655 2608 ideo
686 2552 902 2622 forsitan
935 2558 1110 2603 contra
1139 2564 1230 2603 nos
1263 2562 1409 2618 a'qua
1439 2552 1664 2615 pugnant
1692 2543 1834 2608 acie,

245 2648 371 2713 quia
417 2645 536 2715 pari
574 2643 820 2713 religione
845 2642 1128 2710 confidunt.
1174 2638 1434 2694 Nimirum
1461 2637 1529 2692 ab
1556 2649 1700 2690 anno
1729 2634 1834 2690 400

247 2739 566 2808 irruperunt
607 2737 661 2790 in
695 2735 896 2792 Italiam
929 2733 1086 2790 Gothi
1112 2772 1128 2798 ,
1160 2733 1398 2800 aliasque
1425 2729 1678 2798 deinceps
1707 2742 1834 2798 pro-

249 2829 461 2893 vincias
492 2840 815 2896 pervasere,
843 2833 1060 2879 strenue
1085 2833 1268 2878 contra
1298 2821 1595 2875 Romanum
1624 2820 1835 2874 exerci-

252 2931 411 2987 tum,
453 2935 556 2974 nec
604 2933 735 2974 sane
783 2919 1114 2988 improspere
1157 2915 1504 2983 dimicantes,
1550 2923 1607 2970 ut
1649 2925 1835 2970 eorum

254 3020 558 3082 temporum
593 3008 828 3066 historia.-
855 3008 1105 3079 produnt.

797 3101 1023 3159 CAPUT
1061 3101 1300 3158 XXXIII.

263 3193 302 3250 l.
326 3194 588 3252 Contentio
625 3192 992 3266 Hieronymum
1029 3195 1160 3248 inter
1181 3203 1330 3265 atque
1357 3192 1690 3264 Augustinum
1715 3189 1837 3246 obo-

329 3288 479 3340 ritur.
508 3287 569 3342 ll.
596 3285 843 3356 Epistola:
866 3286 960 3339 hac
981 3301 1131 3355 super
1158 3302 1214 3340 re
1241 3285 1375 3339 ultro
1397 3286 1624 3354 citroque
1651 3283 1837 3336 missa.

333 3377 421 3434 Ill.
445 3377 845 3432 Commentarius
869 3379 922 3431 in
949 3377 1162 3431 Abdiam
1190 3378 1309 3432 huic
1332 3377 1545 3445 tempori
1565 3375 1834 3431 adseritur.

333 3468 422 3524 IV.
451 3469 646 3524 Sancta
675 3468 845 3524 Paula
881 3469 1012 3524 diem
1051 3469 1150 3524 obit
1174 3511 1188 3533 ,
1233 3471 1378 3540 cujus
1418 3469 1594 3523 laudes
1623 3468 1842 3522 Sanctus

334 3558 491 3614 Pater
529 3559 762 3631 Epistula
784 3560 851 3614 ad
875 3560 1208 3615 Eustochium
1253 3561 1589 3631 prosequitur.
1622 3559 1686 3614 V.
1712 3559 1842 3613 Tum

335 3653 485 3725 hujus
550 3654 672 3708 anni
749 3652 1047 3707 Paschalem
1112 3652 1380 3720 TlteOpItili
1444 3653 1622 3707 Latine
1676 3654 1839 3707 vertit.

341 3744 425 3798 VI.
456 3743 680 3814 Itemque
717 3743 966 3815 Regulam
996 3744 1176 3800 Sancti
1207 3743 1473 3798 Pachomii
1496 3784 1511 3810 ,
1553 3746 1760 3815 ejusque
1785 3752 1838 3797 ut

337 3846 384 3890 et
411 3834 708 3891 Theoderici
752 3835 1011 3905 Epistolas
1031 3875 1047 3900 ,
1090 3845 1136 3890 et
1163 3835 1311 3890 verba
1337 3837 1565 3906 mystica.
1597 3835 1704 3890 VII.
1737 3833 1844 3888 Ite-

338 3945 450 3982 rum
493 3929 734 3984 adcersus
777 3928 1116 4000 Augustinum
1161 3928 1405 3997 disputat.
1462 3928 1598 3983 VIII.
1654 3928 1846 3983 Eamus

340 4021 434 4073 hac
485 4036 637 4091 super
682 4035 737 4073 re
778 4017 1042 4090 Epistolaz.
1085 4017 1178 4074 1X.
1222 4018 1429 4089 Scripta
1467 4019 1570 4072 alia
1615 4019 1848 4090 quautam

341 4110 519 4166 Sancti
548 4109 740 4174 Patris,
765 4127 876 4181 quae
908 4111 1008 4165 huc
1048 4111 1312 4180 pertinent.

345 4202 384 4256 I.
433 4202 574 4257 Olim
607 4201 951 4272 Augustinus,
978 4216 1140 4271 quum
1184 4201 1488 4273 Ilieronymi
1511 4201 1850 4258 Commenta-

277 4293 380 4349 rios
426 4295 480 4348 in
513 4293 802 4364 Epistolam
849 4292 917 4347 ad
968 4292 1182 4349 Galatas
1223 4292 1443 4364 legeret,
1491 4308 1558 4348 eo
1605 4293 1724 4348 loco
1764 4292 1848 4348 ol-

277 4387 454 4443 lensus
484 4385 727 4441 nonnihil
761 4393 879 4452 est,
910 4401 1008 4456 quo
1052 4385 1323 4456 Apostolus
1366 4384 1548 4441 Petrus
1595 4401 1627 4438 a
1675 4385 1849 4455 perni-

278 4480 410 4533 ciosa
460 4479 782 4534 simulatione
846 4488 1126 4534 revocatur.
1198 4478 1407 4548 Quippe
1467 4477 1661 4534 Noster
1711 4477 1850 4533 haud

278 4583 398 4626 vere
440 4569 663 4644 Paulum
722 4569 880 4624 Petro
924 4570 1180 4639 Apostolo
1232 4569 1526 4634 restitisse,
1574 4579 1848 4636 autumat;

279 4660 368 4716 sed
393 4659 590 4716 factum
637 4661 909 4731 utriusque
943 4661 1374 4730 dispensatione,
1401 4671 1455 4715 ut
1488 4661 1684 4716 Paulus
1726 4677 1854 4716 nova

281 4751 486 4806 bellator
542 4763 683 4808 uetus
743 4771 865 4809 usus
917 4763 1027 4808 arte
1080 4754 1340 4824 pugnandi
1362 4794 1402 4819 ,.
1429 4755 1854 4824 dispensationem

279 4839 434 4910 Petri,
463 4861 562 4916 qua
586 4844 798 4900 Juda'os
817 4845 1004 4900 salvari
1028 4847 1280 4916 cupiebat.
1309 4861 1437 4899 nova
1464 4846 1572 4916 ipse
1601 4847 1856 4899 contradi-

277 4937 451 4990 ctionis
473 4937 846 5006 dispensatione
864 4939 1130 5007 corrigeret
1149 4952 1167 5000 ,°
1183 4947 1227 4990 et
1249 4936 1496 4992 resisteret
1519 4937 1568 4990 ei.
1579 4937 1631 4990 in
1651 4937 1852 5007 faciem,

279 5043 375 5081 non
411 5042 631 5098 arguens
665 5029 975 5099 propositum
997 5070 1012 5093 ,
1043 5028 1132 5083 sed
1170 5027 1313 5098 quasi
1336 5029 1387 5081 in
1417 5027 1620 5094 publica
1649 5038 1855 5082 contra-

279 5118 478 5186 dicens,
510 5129 565 5173 ut
605 5135 669 5174 ea:
709 5135 766 5173 eo
804 5121 938 5190 quod
966 5118 1161 5174 Paulus
1185 5136 1300 5174 eum
1326 5135 1543 5190 arguens
1571 5119 1848 5186 resistebat,

280 5207 330 5260 hi
350 5208 436 5278 qui
455 5207 774 5264 crediderant
811 5225 876 5262 ex
900 5207 1162 5275 Gentibus,
1195 5219 1541 5265 servarentur.
1576 5210 1701 5265 llaec
1733 5211 1860 5280 Ilip-

279 5315 568 5369 pouensem
604 5301 921 5371 EpiscOpum
966 5303 1231 5372 expositio
1274 5302 1473 5369 movit,
1519 5301 1608 5373 qui
1637 5302 1859 5372 patroci-

279 5393 413 5446 nium
436 5393 686 5448 mendacii
714 5403 1003 5464 susceptum
1027 5393 1364 5450 simulatione
1386 5395 1472 5449 illa
1495 5394 1854 5461 existimabat,

277 5495 323 5538 et
363 5487 714 5541 exitiosissimc
741 5486 878 5540 credi
905 5486 958 5540 in
983 5486 1173 5540 sanctis
1215 5485 1384 5540 Libris
1429 5487 1602 5542 haberi
1648 5487 1858 5541 menda-

275 5577 429 5647 cium,
469 5579 526 5632 id
541 5587 635 5643 est,
661 5595 745 5633 eos
781 5579 1027 5642 homines,
1051 5595 1137 5648 per
1154 5596 1278 5650 quos
1305 5580 1446 5634 nobis
1469 5578 1561 5633 illa
1588 5579 1858 5648 Scriptura

277 5672 561 5726 ministrata
605 5679 674 5726 est
714 5682 865 5741 atque
902 5673 1187 5741 conscripta
1210 5713 1226 5740 ,
1266 5673 1462 5742 aliquid
1503 5673 1557 5726 in
1585 5673 1690 5727 suis
1720 5671 1859 5728 libris

279 5762 432 5831 fuisse
459 5763 714 5819 mentitos.
748 5763 976 5820 Volebat
997 5772 1173 5818 autem
1205 5764 1319 5834 ipse
1345 5764 1450 5818 alia
1487 5765 1693 5821 ratione
1720 5766 1857 5821 solvi

279 5852 644 5913 difﬁcultatem
679 5873 691 5909 :
723 5855 965 5912 videlicet
986 5864 1042 5912 ut
1063 5854 1258 5914 Paulus
1279 5855 1490 5927 Legalia
1521 5864 1672 5927 tunc,
1697 5859 1856 5918 modo

1469 424 1527 480 S.
1549 416 1946 489 ,ΙΙΙΕΠΟΝῩΜΙ
1991 415 2172 469 VITA.

3391 420 3495 479 150

1917 529 2145 598 quodam
2173 541 2279 582 non
2307 532 2611 583 necessario
2631 568 2646 593 ,
2671 527 2962 585 observans
2981 569 2997 594 ,
3036 529 3258 588 minime
3282 524 3491 590 errave-

1914 621 2002 685 rit,
2028 620 2121 675 sed
2161 620 2378 675 Petrum
2403 619 2638 689 quidem,
2665 620 2756 688 qui
2783 620 2849 674 ad
2875 637 2935 675 ea
2975 621 3217 680 Gentiles
3245 627 3496 698 exemplo

1911 727 2011 768 suo
2039 713 2298 782 adigeret,
2336 711 2457 782 jure
2501 710 2924 782 reprehenderit.
2960 713 3082 770 Ilzec
3123 725 3241 772 erat
3269 727 3498 774 conten-

1915 805 2076 859 tionis
2105 804 2354 859 materies
2385 813 2514 865 tota.
2543 814 2635 858 aut
2662 811 2808 859 certe
2833 806 3102 875 praecipua
3121 847 3136 873 ,
3178 824 3296 878 qua:
3327 813 3496 868 multo

1914 897 2130 967 quidem
2174 907 2330 952 antea
2373 896 2558 952 oborta
2583 938 2599 964 ,
2648 896 2750 952 hoc
2793 897 3008 954 demum
3043 908 3282 972 tempore
3308 903 3496 975 agitari

1916 988 2056 1043 inter
2079 1004 2174 1044 eos
2194 989 2374 1060 cmpit.

1987 1081 2056 1137 II.
2102 1082 2170 1138 Ut
2211 1095 2389 1139 autem
2438 1099 2558 1138 cum
2605 1085 2866 1142 stomachi
2911 1087 3072 1143 etiam
3114 1089 3501 1161 significatione

1917 1174 2201 1245 aliquando
2267 1177 2622 1250 Hieronymus
2668 1179 3058 1248 l'CSpOlldt‘I'eI,
3102 1181 3154 1236 in
3202 1197 3360 1239 causa
3407 1182 3502 1238 fuit

1921 1266 2277 1336 Epistolarum
2323 1286 2442 1340 quze
2486 1271 2628 1325 ultro
2668 1273 2910 1342 citroque
2964 1274 3142 1328 missae
3198 1283 3356 1339 sunt,
3401 1275 3504 1330 im-

1921 1373 2172 1429 prospera
2191 1401 2206 1424 ,
2240 1368 2299 1416 ut
2343 1360 2413 1415 ita
2440 1360 2613 1416 dicam
2633 1403 2648 1428 ,
2677 1362 2910 1418 fortuna.
2954 1364 3251 1436 Scripserat
3277 1367 3504 1436 primum

1921 1454 1989 1508 de
2014 1469 2076 1509 ea
2107 1470 2166 1509 re
2199 1455 2523 1524 Augustinus
2565 1456 2675 1526 jam
2722 1456 2845 1512 inde
2870 1457 2938 1512 ab
2966 1473 3108 1513 anno
3157 1459 3261 1514 δεδι
3293 1458 3506 1527 Episto-

1923 1544 2062 1610 Iam,
2093 1561 2213 1615 qua:
2253 1546 2578 1616 Ilieronymo
2637 1557 2810 1603 tamen
2843 1565 3112 1619 nunquam
3159 1561 3241 1606 cst
3279 1551 3504 1609 reddita.

1925 1635 2057 1691 Tum
2105 1637 2263 1690 aliam
2297 1649 2414 1706 post
2442 1637 2607 1693 ferme
2637 1639 2922 1693 triennium
2953 1639 3018 1694 ad
3048 1641 3295 1698 eumdem
3323 1641 3506 1710 dedit,

1925 1744 2044 1800 qua:
2070 1728 2158 1783 diu
2186 1731 2515 1802 multumque
2560 1747 2654 1802 per
2699 1731 2897 1788 Urbem
2946 1749 3144 1804 perque
3186 1734 3388 1790 Italiam
3420 1750 3508 1789 va-

1926 1831 2068 1891 gata,
2112 1837 2274 1892 quum
2315 1832 2371 1878 et
2419 1837 2612 1878 canere
2662 1824 2809 1878 illum
2855 1829 3146 1896 παλινῳδίαν
3190 1841 3348 1895 supra
3395 1827 3510 1897 ejus

1927 1914 2260 1981 expositione
2289 1914 2389 1969 loci
2415 1915 2648 1984 jnheret,
2677 1927 2728 1972 et
2757 1917 2887 1972 satis
2908 1929 3046 1973 esset
3077 1919 3302 1988 prolixa,
3326 1933 3510 1974 ansam

1931 2006 2129 2060 rumori
2158 2006 2283 2061 fecit
2305 2049 2318 2070 ,
2349 2016 2404 2060 ut
2432 2007 2624 2062 librum
2653 2009 2910 2064 adversus
2961 2010 3342 2082 Hieronymum
3368 2025 3507 2066 eom-

1933 2100 2194 2170 posuisse,
2227 2109 2280 2154 ct
2330 2101 2540 2156 misisse
2580 2101 2802 2156 Romam
2835 2103 3060 2158 Sanctus
3102 2104 3338 2158 Antistes
3365 2103 3514 2159 dice-

1933 2199 2102 2243 retur.
2154 2190 2272 2259 Ipse
2319 2201 2535 2257 autem,
2585 2195 2674 2263 qui
2722 2194 2990 2247 nudenam
3037 2203 3190 2248 ortus
3243 2196 3330 2249 hic
3374 2203 3513 2248 esset

1935 2280 2077 2350 vulgi
2126 2296 2306 2335 sermo
2353 2281 2666 2351 ignorabat,
2720 2285 2904 2338 tertias
2949 2286 3231 2354 superiore
3274 2286 3516 2354 proxime

1936 2386 2078 2426 anno
2106 2371 2210 2426 402
2239 2373 2442 2427 litteras
2469 2374 2533 2428 ad
2558 2374 2807 2430 Nostrum
2838 2376 3072 2444 scripsit,
3095 2393 3433 2440 asseverans,
3467 2377 3517 2434 id

1939 2475 1997 2516 se
2022 2477 2353 2534 nequaquam
2403 2463 2594 2520 fecisse
2628 2466 2768 2536 quod
2791 2466 3080 2532 dicebatur,
3113 2483 3212 2522 nec
3234 2469 3339 2522 ullo
3369 2477 3519 2537 pacto

1938 2551 2073 2621 ejus,
2103 2569 2261 2623 quem
2295 2571 2359 2608 ex
2385 2557 2566 2610 animo
2600 2556 2918 2626 su5pieeret,
2950 2567 3110 2628 atque
3135 2567 3356 2620 amaret,
3385 2558 3520 2614 velle

1939 2644 2292 2701 otl'eusionem
2339 2648 2634 2703 incurrere.
2666 2648 2761 2702 Ila:
2787 2648 3002 2704 demum
3036 2649 3363 2722 Hieronymo
3403 2649 3519 2704 red-

1939 2737 2064 2790 dita:
2089 2747 2214 2792 sunt
2242 2737 2431 2794 eodem
2473 2739 2564 2793 illo
2593 2754 2755 2806 anno,
2788 2755 2909 2794 eum
2959 2750 3101 2795 esset
3145 2741 3388 2795 Asterius
3419 2740 3522 2806 11]-

1941 2827 2266 2897 podiaeonus
2291 2829 2343 2883 in
2373 2830 2485 2900 ipso
2511 2829 2834 2902 profectionis
2860 2829 3074 2884 articulo
3101 2846 3132 2885 e
3164 2829 3446 2885 Palaestina
3469 2832 3522 2888 in

1939 2919 2196 2974 Africam.
2250 2919 2418 2991 Hujus
2465 2919 2643 2990 itaque
2689 2921 2973 2976 occasione
3021 2923 3267 2978 rescribit
3292 2919 3522 2986 NoSter,

1944 3011 2084 3067 bene
2127 3012 2328 3067 habere
2378 3011 2481 3068 hoc
2525 3013 2779 3084 quidem,
2827 3011 2967 3084 quod
3010 3015 3299 3086 satisfacis,
3342 3014 3450 3079 ait,
3481 3023 3524 3068 te

1941 3110 2120 3156 contra
2159 3101 2456 3170 parvitatem
2482 3119 2645 3157 meam
2687 3102 2874 3158 librum
2919 3103 3134 3158 Romam
3177 3120 3278 3157 non
3307 3103 3523 3158 misisse.

1941 3191 2046 3248 Sed
2079 3190 2324 3260 Epistolas
2349 3191 2576 3265 (subdit)
2616 3193 2886 3265 cujusdam
2929 3194 3074 3263 quasi
3101 3193 3170 3247 ad
3212 3209 3292 3248 me
3325 3195 3528 3264 scripta

1945 3300 2034 3352 per
2061 3287 2271 3354 fratrem
2291 3293 2518 3338 nostrum
2548 3283 2849 3356 Sgsimtium
2896 3283 3203 3354 Diaconum,
3233 3288 3333 3340 huc
3357 3302 3528 3340 exem-

1945 3377 2112 3446 plaria
2141 3386 2468 3447 peruenerunt
2498 3393 2518 3432 :
2546 3376 2601 3430 in
2641 3393 2742 3446 qua
2781 3377 3002 3431 hortaris
3026 3394 3105 3432 me
3146 3388 3202 3432 ut
3240 3382 3530 3448 παλινῳδίαν

1944 3485 2098 3540 super
2144 3469 2365 3538 quodam
2407 3468 2638 3540 Apostoli
2677 3468 2900 3539 capitulo
2944 3487 3144 3524 canam.
3172 3470 3531 3538 Quamobrem

1943 3560 2215 3616 subiratus
2248 3560 2432 3627 addit,
2461 3558 2576 3631 Ego
2601 3560 2895 3632 simpliciter
2921 3561 3084 3630 fateor
3103 3560 3388 3631 dignationi
3408 3570 3530 3628 tute,

1948 3653 2060 3706 licet
2086 3653 2248 3722 stglus
2273 3665 2319 3706 et
2347 3656 2706 3721 ιπιχιιρήματα
2735 3661 2820 3704 tua
2844 3652 2968 3704 mihi
3007 3651 3322 3717 uiderentur,
3366 3662 3533 3707 tamen

1949 3759 2050 3798 non
2080 3753 2262 3798 temere
2285 3740 2658 3811 exemplaribus
2697 3741 2979 3794 litterarum
2999 3741 3304 3794 credendum
3340 3744 3530 3811 putavi,

1949 3853 2013 3890 ne
2035 3839 2166 3908 forte
2187 3853 2266 3890 me
2287 3834 2641 3905 respondente,
2667 3835 2818 3888 laesus
2835 3835 2970 3903 iuste
2998 3834 3369 3904 expostulares,
3399 3834 3536 3904 quod

1952 3931 2166 3999 probare
2206 3939 2324 3982 ante
2366 3927 2682 3993 debuissem,
2711 3935 2853 3978 tuum
2899 3941 3006 3979 esse
3042 3940 3356 3988 sermonem,
3390 3933 3436 3978 et
3462 3925 3536 3978 sic

1950 4017 2246 4084 rescribere,
2269 4027 2373 4073 etc.
2400 4017 2594 4071 Verum
2617 4020 2731 4070 tunc
2745 4031 2958 4086 quoque
2991 4013 3170 4069 Sancti
3201 4013 3374 4068 Patris
3402 4013 3534 4084 Epi-

1953 4113 2090 4168 stola
2119 4113 2330 4167 Asterio
2356 4110 2581 4176 credita,
2611 4110 2742 4164 satis
2763 4109 2930 4163 multo
2954 4116 3074 4179 post
3094 4116 3352 4176 tempore,
3376 4121 3534 4176 quam

1953 4207 2258 4271 debuisset,
2291 4205 2345 4258 in
2395 4201 2628 4258 Africam
2673 4201 2847 4256 delata
2875 4208 2975 4255 est.
3027 4197 3362 4253 lntcreadum
3393 4198 3535 4252 enim

1955 4299 2270 4369 perbrevem
2291 4296 2452 4351 aliam
2481 4294 2547 4348 ad
2571 4293 2816 4349 eumdem
2840 4292 3073 4360 scripsit,
3095 4307 3198 4360 qua
3227 4289 3536 4345 Prmsidium

1956 4391 2029 4446 illi
2076 4388 2454 4455 commendat,
2502 4397 2556 4443 et
2600 4386 2807 4441 salvere
2847 4384 3000 4454 jubet
3048 4383 3297 4454 Alypium
3343 4382 3534 4452 (Epist.

1954 4481 2163 4553 CIII):
2193 4491 2388 4537 caetera
2434 4479 2791 4536 observantiae
2847 4484 3009 4545 atque
3047 4475 3245 4528 amoris
3273 4472 3541 4542 significa-

1957 4575 2192 4630 tionibus
2220 4571 2473 4627 abundat.
2514 4570 2590 4625 Ile
2618 4569 2718 4622 hac
2757 4581 2856 4620 nos
2883 4564 3049 4619 multa
3077 4563 3542 4633 inchronulogicis

1957 4667 2135 4732 Notis,
2163 4682 2282 4736 qua:
2313 4665 2416 4719 Imc
2445 4671 2501 4717 ut
2536 4662 2740 4718 referas
2763 4701 2780 4727 ,
2826 4668 3077 4713 auctores
3118 4672 3320 4712 sumus.
3353 4657 3458 4714 Sed
3487 4667 3544 4714 et

1957 4761 2288 4832 Augustinus
2356 4757 2570 4812 interim
2637 4753 3038 4824 llieronymiani
3109 4753 3226 4821 ejus
3298 4753 3540 4823 responsi

1959 4852 2170 4907 nescius
2199 4848 2333 4904 duas
2357 4848 2488 4902 alias
2512 4846 2579 4900 ad
2605 4861 2726 4901 eum
2751 4844 2930 4909 dedit,
2964 4859 3192 4914 quarum
3229 4843 3374 4913 prior
3413 4843 3544 4898 dici-

1960 4951 2047 4996 tur
2090 4939 2428 4996 intercidisse
2471 4947 2768 5007 temporum
2816 4936 3053 5006 injuria:
3097 4936 3262 4990 altera
3303 4935 3390 4990 illa
3421 4943 3542 5001 est,

1959 5033 2110 5102 cujus
2155 5031 2396 5096 initium,
2449 5028 2531 5083 Ex
2571 5046 2672 5100 quo
2714 5030 2842 5100 carpi
2882 5028 2951 5081 ad
2995 5037 3042 5082 te
3084 5028 3299 5082 scribere
3330 5043 3351 5082 :
3377 5028 3459 5082 cui
3491 5038 3546 5082 et

1960 5126 2294 5196 superiorum
2327 5122 2689 5194 Epistolarum
2721 5137 2939 5177 suarum
2985 5121 3230 5190 exempla
3273 5121 3543 5188 adtexuit,

1960 5216 2101 5288 quod
2145 5231 2207 5271 ea
2239 5225 2416 5270 utrum
2445 5215 2746 5285 accepisset
2773 5214 2865 5270 ille
2890 5255 2906 5281 ,
2938 5229 3128 5278 necne,
3164 5213 3455 5283 ignoraret.
3489 5211 3544 5266 In

1962 5306 2063 5361 hac
2087 5315 2264 5362 autem
2294 5320 2446 5361 nova:
2475 5305 2862 5360 concertationi
2901 5319 3085 5359 ansam
3125 5305 3384 5375 przcbuit,
3418 5303 3545 5358 dum

1962 5399 2128 5455 libere
2161 5398 2460 5468 prolitetur,
2489 5398 2710 5452 minime
2732 5396 2946 5467 probari
2970 5396 3071 5451 sibi
3093 5396 3210 5465 ejus
3237 5395 3467 5449 studium
3491 5393 3545 5448 in

1961 5491 2236 5547 vertendis
2259 5506 2326 5546 ex
2373 5491 2598 5546 Hebraeo
2625 5489 2917 5560 Scripturis
2941 5531 2955 5554 ,
3003 5503 3125 5560 qutc
3159 5501 3350 5542 vocum
3396 5485 3548 5538 novi.

1965 5593 2071 5638 tate
2092 5623 2107 5649 ,
2139 5582 2391 5637 adsuetos
2437 5581 2605 5638 veteri
2644 5579 2997 5637 Translationi
3027 5594 3091 5633 ex
3137 5577 3327 5632 Gmco
3351 5575 3548 5644 sapius

1965 5676 2298 5747 percellcret.
2336 5676 2511 5742 Quare
2535 5683 2589 5730 et
2611 5674 2871 5729 tumultus
2896 5686 3018 5726 eum
3046 5669 3298 5724 admonet
3326 5666 3546 5722 excitari

1963 5767 2102 5837 apud
2148 5767 2378 5821 Africam
2431 5767 2485 5821 in
2535 5765 2718 5822 Omnsi
2749 5762 3016 5828 Ecclesia
3065 5759 3346 5815 occasione
3395 5757 3550 5814 vocis

1971 5860 2190 5928 taederet,
2217 5873 2374 5930 quam
2396 5872 2496 5929 pro
2519 5856 2797 5924 cucurbita,
2825 5863 2883 5912 ut
2906 5861 3060 5910 vetus
3083 5845 3289 5910 [enim
3313 5849 3506 5908 Versio
3522 5889 3544 5914 .
3596 5851 3598 5854 ’
