4052 6338
507 385 599 442 151

504 500 556 556 ζιι
585 496 813 567 quodam
834 495 984 552 Jonas
1013 495 1130 550 loco
1159 502 1523 564 usurparent.
1543 494 1898 566 Hieronymus
1924 494 2087 564 priori

503 608 568 647 ex
625 591 746 656 his,
800 590 849 645 ei
899 589 1150 644 videlicet
1195 604 1317 658 qua:
1371 588 1740 652 desideratur,
1794 586 2092 658 respondet

503 681 743 750 Epistula
792 681 844 735 in
895 681 1211 736 recensione
1260 688 1442 734 nostra
1495 679 1603 734 CV.
1659 679 1827 734 multo
1873 677 2088 749 quidem

501 775 680 830 acrius
705 790 865 845 quam
897 783 1053 830 antea
1081 773 1428 843 expostulatis
1453 789 1574 829 cum
1602 772 1930 843 llipponensi
1965 773 2089 842 Epi-

497 881 666 937 sc0po
698 867 970 936 injuriam,
1003 882 1108 937 qua
1147 867 1445 936 impetitum
1481 881 1542 920 se
1579 864 1880 934 reputabat,
1911 873 1958 918 et
1986 880 2088 918 non

496 958 722 1029 simplici
748 958 920 1013 animo
947 973 1131 1028 sparsa
1177 958 1228 1012 in
1269 958 1457 1027 vulgus
1502 955 1739 1026 Epistola
1782 955 2086 1010 lacessitum

496 1047 564 1103 ad
619 1049 1069 1119 respondendum.
1118 1048 1215 1114 Si,
1270 1048 1477 1119 inquit,
1523 1064 1632 1102 mea
1674 1047 1903 1102 cominus
1948 1047 2087 1101 dicta

499 1141 842 1210 reprehendas
859 1181 875 1208 ,
902 1151 952 1197 et
978 1141 1226 1196 rationem
1253 1141 1562 1210 scriptorum
1608 1148 1815 1210 expetas
1835 1181 1850 1205 ,
1877 1149 1925 1194 et
1972 1154 2087 1211 qua:

500 1232 788 1301 scripserim
831 1231 1097 1286 emendare
1137 1233 1438 1300 compcllas,
1479 1240 1525 1285 et
1541 1231 1622 1285 .ad
1650 1237 1937 1303 πωινῳόιαν
1965 1247 2084 1302 pro-

500 1339 643 1377 voces
665 1364 679 1392 ,
724 1335 770 1378 et
795 1322 970 1378 oculos
1000 1325 1124 1378 mihi
1149 1323 1332 1378 reddas
1353 1363 1368 1388 ,
1399 1324 1452 1378 in
1479 1323 1574 1377 hoc
1609 1324 1814 1378 lwditur
1838 1324 2080 1392 amicitia,

499 1415 552 1469 in
581 1415 676 1468 hoc
702 1415 1082 1469 necessitudinis
1113 1416 1241 1485 jura
1283 1415 1560 1468 violentur.
1610 1413 1885 1469 Admiscet
1923 1429 2081 1484 quas-

498 1506 621 1560 dam
661 1516 836 1562 tamen
885 1507 1151 1562 interdum
1195 1506 1588 1562 benevolentia:
1631 1504 2079 1576 signiﬁcationes;

499 1607 660 1667 utque
689 1598 951 1667 intelligas
982 1598 1267 1652 maximam
1308 1599 1374 1652 iis
1419 1598 1508 1668 qui
1549 1597 1782 1653 creditas
1810 1597 1910 1654 sibi
1937 1598 2081 1653 litte-

497 1703 616 1753 ras,
647 1695 740 1742 aut
780 1689 982 1754 serius,
1011 1698 1103 1743 aut
1129 1704 1420 1759 numquam
1453 1688 1831 1756 reddiderunt,
1859 1703 2082 1744 concer-

497 1781 710 1836 tationis
733 1782 944 1852 culpam
967 1783 1203 1839 voluisse
1226 1783 1481 1846 tribuere,
1513 1783 1614 1839 hnc
1636 1784 1744 1840 line
1767 1783 2038 1840 concludit
2061 1802 2076 1838 :

498 1869 612 1924 lloc
631 1889 663 1925 a
686 1890 763 1927 me
804 1885 1009 1944 rogatus
1037 1875 1244 1929 observa
1261 1917 1276 1940 ,
1301 1885 1355 1929 ut
1380 1876 1628 1946 quidquid
1652 1876 1775 1930 mihi
1795 1875 2076 1944 scripseris,

494 1962 562 2014 ad
589 1979 666 2016 me
690 1965 910 2033 primunt
937 1966 1098 2036 facias
1129 1967 1404 2034 pervenire.
1443 1965 1565 2024 Sua!
1593 1966 1979 2021 Translationis
2012 1982 2079 2021 ex

495 2052 723 2110 llelirmo
767 2069 867 2110 nec
916 2056 1157 2109 meminit
1205 2055 1460 2124 quidem:
1513 2056 1564 2109 id
1605 2055 1746 2126 quod
1797 2056 2080 2112 manifesto

494 2146 693 2201 indicio
717 2157 834 2213 est,
865 2147 1098 2201 nondum
1147 2147 1247 2203 hnc
1272 2163 1414 2202 anno
1442 2149 1566 2205 405.
1592 2163 1698 2218 quo
1729 2149 1844 2204 haec
1871 2149 2075 2204 scribe-

491 2238 602 2302 bat,
635 2248 691 2293 ut
738 2239 789 2293 in
819 2240 1217 2311 citronulogicis
1259 2240 1412 2296 Notis
1455 2240 1756 2306 evicimus,
1801 2241 2078 2312 accepisse

491 2348 614 2386 enm
654 2332 878 2388 alteram
919 2334 1200 2404 Augustini
1248 2348 1310 2389 ea
1353 2333 1423 2389 de
1469 2349 1528 2390 re
1559 2333 1886 2403 Epistulam,
1918 2349 2076 2403 quam

490 2421 690 2476 dudum
722 2423 1071 2477 laudavimus.
1106 2423 1215 2478 Hac
1247 2424 1352 2478 line
1379 2439 1565 2480 eurum
1597 2425 1746 2479 stetit
1765 2434 2077 2479 controver-

490 2515 568 2569 sia
611 2514 715 2568 hac
754 2530 929 2581 anno,
974 2531 1094 2586 qua:
1141 2516 1487 2585 subsequenti
1516 2515 1623 2571 404
1649 2523 1880 2570 exeunte
1917 2531 2074 2570 reno-

491 2615 612 2658 vata
635 2603 848 2674 quidem
877 2615 955 2659 est
984 2605 1141 2674 paulo
1169 2604 1370 2674 majore
1395 2608 1740 2661 contentione
1762 2606 1949 2671 animi,
1976 2604 2074 2661 sed

490 2695 641 2749 salva
672 2705 869 2758 tamen,
901 2711 1004 2766 qua
1033 2707 1292 2751 certatum
1319 2697 1458 2751 inter
1480 2711 1575 2754 eos
1601 2707 1705 2761 est,
1733 2698 1976 2753 caritate.

463 2795 472 2842 ε
563 2784 650 2839 ltl.
685 2785 890 2841 interea
935 2788 1192 2857 temporis
1217 2787 1276 2842 S.
1308 2785 1516 2842 Patrem
1560 2787 1612 2842 in
1659 2787 1886 2844 Abdiam
1915 2787 2077 2844 Com-

489 2879 782 2932 mentarios
805 2878 1154 2934 elucubrasse
1176 2919 1192 2944 ,
1235 2893 1546 2948 persuasum
1575 2879 1732 2934 nobis
1751 2889 1854 2945 est,
1885 2891 2072 2936 contra

485 2980 646 3040 atque
670 2970 866 3025 eruditi
896 2970 1144 3040 plerique
1173 2985 1363 3026 omnes
1391 2971 1649 3035 sentiunt,
1680 2971 1768 3040 qui
1800 2986 1924 3026 eum
1952 2972 2073 3026 Pro-

487 3066 700 3132 phetam
750 3063 1121 3134 quinquennio
1169 3071 1332 3127 ante,
1402 3061 1594 3118 eodem
1645 3063 1850 3133 scilicet
1911 3072 2073 3131 atque

482 3155 646 3210 Jonas
697 3165 938 3225 tempore
1001 3154 1325 3225 explicatum
1382 3153 1732 3210 contendunt.
1804 3155 1873 3210 Et
1939 3169 2069 3212 sane

486 3249 717 3303 Sanctus
746 3249 862 3318 ipse
890 3249 1092 3304 Auctor
1117 3247 1439 3304 Prtefatione
1480 3247 1626 3303 Libri
1657 3248 1748 3305 lli.
1778 3249 1832 3304 in
1869 3253 2030 3306 Amos
2051 3290 2066 3313 ,

485 3337 677 3402 Tertio,
709 3339 901 3409 mquit,
928 3348 1042 3409 post
1062 3339 1202 3410 longi
1229 3341 1471 3411 temporis
1493 3340 1752 3395 silentium
1779 3341 1994 3396 Abdiam
2022 3351 2071 3398 et

481 3428 671 3483 Jonatu
716 3429 805 3482 tibi
844 3428 1196 3500 (Pammachi)
1236 3429 1506 3502 imperanti
1550 3431 1814 3488 edisserui.
1846 3431 2064 3497 Verum,

483 3536 590 3591 quo
623 3521 694 3576 sit
721 3520 870 3576 locus
897 3521 996 3577 iste
1035 3521 1305 3578 intellectu
1330 3522 1675 3592 accipiendas
1703 3532 1863 3594 atque
1900 3523 2070 3578 inter-

483 3613 797 3685 pretandus,
827 3624 885 3669 ut
907 3614 1007 3672 sibi
1030 3622 1086 3671 et
1121 3631 1244 3671 cum
1278 3615 1490 3673 cteteris
1513 3615 1614 3672 hac
1641 3615 1712 3671 de
1738 3633 1795 3672 re
1819 3617 2065 3672 testimo-

480 3705 585 3761 niis
609 3715 840 3770 constet,
870 3719 966 3762 ηοξ
996 3705 1210 3776 prarﬂxa
1234 3705 1404 3762 Tomo
1427 3706 1514 3764 Vl.
1541 3707 1884 3774 Praefatione,
1907 3725 2068 3778 quan-

480 3807 592 3852 tum
621 3798 832 3868 assequi
859 3797 1213 3868 conjectando
1241 3798 1410 3863 licuit,
1435 3799 1790 3856 ostendimus.
1820 3800 2066 3857 Paimare

477 3903 658 3946 autem
684 3906 1055 3962 argumentum
1095 3892 1161 3948 ad
1204 3907 1324 3948 eam
1361 3892 1816 3949 elucubrationem
1849 3893 1955 3950 huc
1980 3908 2066 3950 re—

479 3987 814 4052 trahendum,
837 4003 904 4043 ex
931 3987 1210 4057 ipsiusmct
1247 3986 1428 4042 verbis
1453 3983 1512 4042 S.
1545 3986 1720 4042 Patris
1751 3987 1802 4042 in
1832 3986 2062 4058 Prologo

473 4080 542 4134 ad
571 4095 693 4134 cum
736 4078 1056 4147 Prophetam
1105 4077 1418 4134 excudimus
1442 4117 1458 4144 ,
1487 4086 1544 4132 ut
1577 4079 1815 4134 rationes
1846 4077 1916 4132 ita
1949 4077 2064 4147 ipse

474 4170 734 4240 colligere
759 4169 1019 4226 videatur.
1055 4170 1264 4239 Quippe
1290 4183 1352 4226 se
1377 4169 1471 4231 ait.
1499 4168 1568 4224 ab
1591 4183 1657 4223 eo
1689 4178 1930 4237 tempore
1957 4182 2064 4237 quo

473 4265 728 4331 specimen
751 4260 905 4330 hujus
924 4261 1302 4316 Commentarii
1321 4261 1374 4313 in
1393 4259 1734 4316 adolescentia
1759 4266 2057 4326 tentaverat,

475 4355 685 4424 triginta
704 4355 809 4421 iam
832 4369 993 4408 annos
1017 4354 1071 4406 in
1098 4351 1196 4406 Dei
1214 4367 1366 4422 opere
1383 4352 1447 4405 ab
1471 4350 1643 4406 labore
1663 4351 1891 4406 sudasse.
1927 4351 2059 4406 Tum

475 4446 606 4502 illud
635 4445 873 4502 declarat
898 4445 1056 4516 quale
1078 4453 1290 4514 tempus
1316 4443 1506 4509 fuerit,
1534 4443 1759 4513 quando,
1791 4443 2056 4514 inquiens,

469 4539 694 4610 egressi,
745 4539 815 4593 mi
855 4537 1154 4593 Pannnaclti
1179 4578 1194 4602 ,
1239 4536 1468 4592 scholam
1516 4536 1797 4592 Iibetorum
1819 4576 1835 4599 ,
1864 4536 2060 4591 diverso

471 4632 644 4692 studia
672 4632 955 4703 ferebamur
980 4646 1001 4686 :
1038 4629 1244 4701 quando
1286 4645 1399 4700 ego,
1428 4634 1475 4683 et
1517 4627 1827 4684 Heliodorus
1854 4629 2060 4683 carissi-

474 4740 589 4780 mus
615 4724 806 4795 pariter
846 4721 1073 4777 habitare
1103 4720 1362 4776 Chalcidis
1400 4720 1733 4776 solitudinem
1757 4721 2057 4778 nitebamur.

473 4817 603 4875 llaec
634 4829 762 4870 vero
788 4815 916 4870 satis
945 4815 1224 4884 perspicue
1256 4815 1692 4870 trecentesimum
1721 4815 2060 4885 septuagesi-

474 4924 621 4966 mum
646 4907 862 4963 tertium
888 4920 1107 4968 annum,
1132 4913 1225 4959 aut
1249 4905 1621 4975 insequentem
1662 4913 1850 4961 notant
1870 4945 1888 4974 ,
1916 4905 2059 4976 quod

473 5015 542 5055 ex
575 5006 686 5053 toto
717 4997 846 5052 Vitae
885 4995 1319 5067 llieronymianm
1344 5004 1636 5061 contextu,
1669 5005 1724 5051 et
1750 4997 2058 5066 praescripta

473 5092 661 5161 Capite
688 5090 778 5146 ιχ.
809 5089 1028 5147 historia
1059 5099 1394 5159 compertum
1435 5098 1538 5144 est.
1581 5088 1765 5160 Neque
1799 5105 1930 5146 sane
1953 5091 2060 5147 alio

473 5183 830 5250 commodius,
855 5196 1015 5253 quam
1042 5195 1147 5252 quo
1176 5189 1417 5249 tempore
1436 5179 1740 5236 diversatus
1769 5189 1853 5237 est
1881 5183 2062 5239 Antio-

472 5279 638 5343 chiae,
658 5275 899 5347 proxime
929 5283 1214 5344 antequam
1227 5274 1305 5329 -in
1330 5273 1600 5329 Chalcidis
1628 5273 1971 5330 solitudinem
1997 5291 2058 5332 se

472 5370 757 5440 reciperet,
785 5377 838 5424 et
864 5381 1051 5422 recens
1089 5366 1157 5421 ab
1183 5365 1380 5420 auditis
1419 5365 1811 5423 Ecclesiasticis
1841 5368 2060 5422 Tracta-

476 5463 700 5527 toribus,
726 5468 886 5531 atque
913 5458 1245 5529 Apollinario
1265 5457 1607 5528 cumprimis;
1629 5458 1826 5530 ingenii
1851 5459 1943 5514 ille
1971 5458 2053 5514 sui

474 5553 777 5625 periculum
820 5551 1028 5606 fecerit.
1078 5550 1170 5605 His
1208 5550 1368 5620 igitur
1416 5551 1669 5608 trecentis
1715 5551 2051 5622 septuaginta

472 5648 645 5704 tribus
671 5645 826 5702 annis
847 5645 893 5700 si
921 5643 1060 5699 alios
1087 5643 1298 5714 triginta
1319 5642 1613 5710 addideris,
1645 5645 1736 5715 qui
1756 5645 1824 5700 ab
1850 5644 1964 5709 illo,
1997 5652 2055 5699 ut

473 5741 588 5808 ipse
631 5740 736 5807 ait,
789 5738 996 5809 puerilis
1024 5737 1212 5808 ingenii
1258 5735 1544 5806 prmludig,
1593 5736 1658 5792 ad
1707 5735 1808 5792 hoc
1838 5745 2053 5789 matura:

473 5835 735 5888 senectutis
760 5840 886 5903 opus
924 5832 1372 5898 intercesserunt,
1405 5831 1546 5888 hunc
1573 5840 1757 5890 teneas
1784 5829 1910 5896 £03,
1943 5843 2055 5898 quo-

1709 446 1720 458 ,
1780 384 1836 440 s.
1875 380 2254 440 iilEilONYlll
2294 383 2474 440 vm.

3655 382 3791 456 ‘152

2199 492 2356 549 facile
2381 508 2522 552 anno
2563 495 2891 554 elaboratam
2924 501 3050 556 enin
3088 497 3550 562 commentarium
3589 511 3786 568 existi-

2198 600 2426 640 mamus.
2454 587 2648 644 Notum
2684 605 2843 660 porro
2871 592 3012 662 quod
3039 593 3108 648 de
3133 595 3313 664 priore
3340 596 3433 652 illo
3476 599 3786 660 rudimento

2195 688 2380 734 narrat
2417 678 2475 735 S.
2507 681 2706 736 Pater:
2752 683 3035 752 Sperabam
3077 685 3131 740 in
3168 688 3420 744 scriniolis
3460 691 3621 748 latere
3648 698 3784 763 quod

2194 770 2516 837 scripseram,
2550 781 2596 826 et
2634 772 2875 843 ingenioli
2904 776 3001 828 mei
3029 777 3248 845 primum
3287 783 3619 836 temeritatem
3647 786 3784 855 igni-

2195 861 2286 915 bus
2313 877 2546 916 voveram
2567 904 2583 930 ,
2631 881 2784 935 quum
2808 867 2972 921 subito
3002 867 3066 922 de
3093 867 3251 925 Italia
3278 870 3496 938 alfertur
3518 879 3782 943 exemplar

2191 967 2224 1004 a
2248 955 2467 1022 quodam
2483 955 2672 1026 juvene
2693 965 2765 1010 tot
2793 957 2942 1012 annis
2959 999 2975 1024 ,
3011 968 3129 1029 quot
3152 969 3200 1013 et
3238 977 3330 1032 ego
3357 966 3620 1030 quondam
3646 969 3778 1020 scri-

2191 1060 2390 1116 pseram
2414 1087 2429 1112 ,
2476 1046 2719 1101 laudante
2759 1049 3060 1118 opusculum
3091 1065 3273 1104 meum.
3319 1051 3532 1121 Fateor,
3563 1057 3779 1114 miratus

2188 1153 2300 1191 sum
2319 1178 2334 1204 ,
2361 1140 2499 1209 quod
2526 1142 2843 1209 quantumvis
2879 1142 3063 1212 aliquis
3095 1142 3229 1197 male
3267 1145 3525 1216 scripserit
3544 1188 3558 1211 ,
3590 1148 3777 1204 invenit

2189 1228 2406 1283 similem
2451 1232 2686 1286 lectorem
2724 1232 2826 1286 sui.
2875 1230 2976 1287 Ille
3017 1234 3356 1302 pradicabat,
3388 1249 3484 1306 ego
3509 1239 3774 1295 erubesce-

2189 1319 2303 1374 bam
2333 1335 2352 1375 :
2376 1322 2464 1376 ille
2485 1323 2630 1392 quasi
2656 1325 2896 1394 tngeticos
2932 1323 3212 1378 intellectus
3253 1325 3443 1394 ferebat
3471 1329 3541 1382 ad
3568 1330 3771 1398 calum,
3843 1374 3848 1376 .

2187 1426 2279 1481 ego
2322 1412 2538 1468 demisso
2567 1415 2730 1484 capite
2771 1415 3003 1482 conﬁteri
3046 1431 3211 1468 meum
3241 1417 3488 1486 pudorem
3533 1421 3774 1490 prohibe-

2185 1501 2279 1556 bar
2302 1502 2394 1574 (in
2423 1502 2684 1575 Μαρια).
2719 1505 2939 1562 Factum
2965 1504 3158 1560 deinde
3174 1521 3240 1562 ex
3267 1509 3514 1564 Auctoris
3540 1521 3690 1579 voto,
3716 1522 3772 1572 οε

2188 1594 2291 1650 hoc
2321 1610 2462 1651 novo
2489 1597 2887 1653 Commentario
2906 1639 2922 1665 ,
2955 1599 3192 1655 numeris
3221 1601 3470 1658 omnibus
3501 1605 3767 1676 absoluto,

2185 1687 2240 1742 in
2271 1687 2460 1758 vulgus
2487 1689 2810 1759 prodeunte,
2842 1692 3114 1760 specimen
3141 1692 3271 1750 illud
3301 1696 3502 1752 sensim
3532 1713 3768 1756 evanue-

2185 1778 2276 1844 rit,
2307 1788 2357 1833 et
2382 1778 2588 1848 jamdiu
2616 1781 2744 1835 olim
2772 1780 3052 1838 exciderit.

2258 1867 2348 1924 iV.
2394 1868 2550 1926 Initio
2589 1871 2964 1942 subsequentis
3011 1873 3136 1928 anni
3181 1875 3240 1932 S.
3270 1876 3466 1944 Paula,
3495 1894 3767 1938 summum

2185 1962 2494 2035 Hieronymi
2552 1964 2855 2034 praesidium
2898 1973 2954 2021 et
3002 1965 3188 2032 decus,
3242 1968 3384 2025 diem
3433 1971 3565 2027 obit.
3617 1973 3767 2032 Tunc

2183 2053 2460 2108 enimvero
2489 2055 2684 2110 attritas
2714 2055 2830 2125 ejus
2862 2069 2950 2111 res
2981 2066 3125 2124 sunt,
3155 2067 3402 2130 totusque
3432 2063 3520 2118 ille
3548 2073 3762 2119 sancto-

2182 2160 2300 2201 rum
2341 2156 2533 2215 cintus,
2566 2155 2621 2202 ct
2645 2147 2878 2202 maxime
2905 2147 3182 2218 Virginum
3211 2150 3439 2216 lueefut
3469 2155 3537 2208 ita
3565 2155 3762 2221 dicam,

2182 2251 2276 2291 sua
2304 2237 2493 2291 caruit.
2543 2237 2743 2293 Fuerat
2768 2237 3101 2294 admirabilis
3130 2242 3429 2298 sanctitatis
3456 2243 3676 2312 femina,
3707 2256 3767 2302 ut

2180 2329 2392 2400 generis
2436 2329 2715 2385 nobilitate
2757 2339 2917 2398 atque
2943 2331 3134 2400 opibus
3161 2333 3292 2388 nulli
3324 2335 3582 2402 secunda,
3613 2337 3682 2391 ita
3711 2347 3766 2394 ct

2180 2418 2602 2476 Christianarum
2630 2420 2886 2476 virtutum
2933 2419 3178 2478 laudibus
3204 2437 3364 2493 supra
3393 2438 3552 2496 quam
3584 2427 3764 2483 verbis

2179 2511 2463 2582 complecti
2503 2511 2627 2582 quis
2672 2513 2861 2582 possit,
2913 2512 3070 2584 longe
3117 2513 3490 2570 nobilissima:
3536 2517 3764 2574 Toxotio

2180 2603 2395 2668 marito,
2442 2603 2528 2657 cui
2575 2602 2810 2674 quinque
2855 2603 3057 2660 liberos
3081 2604 3344 2671 ediderat,
3377 2607 3645 2673 defuncto.
3677 2618 3762 2664 to-

2182 2704 2288 2749 tam
2331 2709 2390 2749 se
2435 2694 2546 2749 Deo
2574 2694 2738 2760 vovit,
2767 2703 2823 2750 et
2849 2695 2900 2750 in
2931 2704 3120 2750 sancto
3144 2696 3426 2766 Proposito
3454 2698 3544 2753 diu
3575 2699 3762 2756 Romte

2178 2786 2329 2840 vixit.
2380 2785 2584 2840 Deinde
2627 2785 2821 2840 domus
2863 2788 3284 2856 opulentissimae
3329 2790 3578 2845 omnibus
3623 2805 3762 2861 pene

2177 2879 2376 2934 divitiis
2406 2879 2457 2934 in
2489 2893 2750 2950 pauperes
2787 2880 3040 2951 erogatis,
3087 2898 3188 2936 non
3217 2882 3510 2950 liberorum,
3543 2899 3645 2938 non
3673 2887 3758 2956 fa-

2176 2971 2352 3041 miliae,
2380 2989 2482 3027 non
2509 2973 2898 3043 possessionum,
2929 2989 3030 3027 non
3059 2974 3280 3045 alicujus
3307 2975 3398 3041 rei,
3429 2991 3542 3044 quae
3567 2977 3637 3030 ad
3659 2989 3758 3030 ste-

2175 3065 2347 3120 culum
2373 3065 2646 3135 pertinent,
2676 3066 2885 3131 memor,
2917 3066 2972 3121 in
3002 3065 3273 3122 Orientem
3300 3076 3353 3122 et
3379 3068 3519 3122 Loca
3549 3079 3755 3137 sancta,

2175 3157 2461 3227 navigavit,
2505 3172 2727 3212 amorem
2765 3157 3012 3226 ﬁliorum,
3054 3159 3250 3223 maiore
3289 3158 3344 3212 in
3389 3157 3549 3213 Deum
3587 3177 3760 3216 amore

2173 3257 2516 3315 contemnens,
2537 3256 2585 3304 et
2605 3248 2658 3302 in
2684 3249 2796 3303 sola
2825 3246 3098 3302 Eustochio
3124 3249 3253 3318 ﬁlia,
3282 3265 3394 3320 qua:
3418 3260 3464 3303 et
3495 3250 3758 3322 Propositi

2172 3350 2220 3396 et
2247 3340 2582 3412 navigationis
2611 3340 2722 3411 ejus
2735 3355 2898 3394 comes
2908 3347 3036 3404 erat,
3056 3340 3390 3409 acquiescens.
3411 3340 3757 3397 Perlustratis

2172 3429 2578 3501 diligentissime
2605 3430 2772 3485 sacris
2798 3428 2997 3485 Judaeze
3018 3430 3172 3496 locis,
3201 3439 3361 3501 atque
3387 3429 3604 3502 Egypti
3632 3447 3753 3487 mo-

2173 3523 2424 3582 nasteriis
2473 3521 2852 3579 Alexandriam
2884 3535 3052 3591 usque
3093 3536 3198 3576 una
3229 3537 3350 3577 cum
3381 3523 3708 3594 Hieronymo
3733 3565 3750 3590 ,

2170 3617 2224 3673 in
2268 3617 2542 3672 Bethleem
2567 3617 2721 3685 juxta
2754 3613 2966 3669 Domini
2993 3629 3232 3684 pmsepe
3257 3615 3516 3670 consedit.
3549 3615 3624 3671 lbi
3657 3631 3754 3670 ex-

2171 3720 2378 3766 structo
2423 3709 2700 3779 Virginum
2750 3707 3098 3772 monasterio,
3127 3707 3214 3760 vix
3247 3706 3394 3762 dictu
3425 3717 3526 3774 est,
3560 3708 3753 3778 quibus

2169 3817 2230 3857 se
2260 3800 2517 3857 institutis
2543 3801 2609 3855 ad
2659 3791 2932 3870 Angelicte
2979 3799 3112 3853 Vitae
3156 3799 3324 3854 instar
3364 3801 3747 3869 composuerit,

2163 3893 2469 3964 quibusque
2497 3891 2631 3947 alias
2659 3890 2922 3961 exemplis
2951 3905 3015 3945 ac
3046 3892 3328 3961 prmeeptis
3354 3893 3575 3946 rexerit.
3609 3891 3753 3947 later

2168 3985 2616 4040 cumulatissimas
2654 3983 2879 4038 virtutes
2918 3981 3037 4052 ejus
3064 3982 3332 4037 eminebat
3357 3982 3752 4053 quodammodo

2169 4074 2461 4138 humilitas,
2491 4089 2608 4144 qua:
2636 4073 2802 4142 prima
2831 4072 3230 4126 Christianorum
3269 4082 3340 4126 est
3379 4072 3538 4126 virtus
3577 4088 3597 4126 :
3636 4079 3750 4127 tum

2169 4167 2419 4239 patientia
2455 4179 2591 4236 pene
2630 4164 2914 4235 singularis
2953 4183 2965 4218 :
3014 4173 3354 4233 contemptus
3379 4163 3562 4220 saeculi
3589 4178 3750 4233 supra

2168 4260 2634 4316 admirabilitatem
2673 4276 2688 4312 :
2731 4259 2786 4314 in
2819 4272 3084 4329 pauperes
3125 4267 3300 4313 autem
3328 4267 3490 4328 atque
3519 4266 3751 4328 aegrotos

2167 4354 2364 4410 caritas
2387 4361 2444 4407 et
2472 4350 2750 4405 liberalitas
2779 4366 2898 4419 qua:
2922 4349 3190 4405 excedebat
3216 4349 3439 4403 ηιοάαυι.
3469 4349 3563 4403 liis
3589 4363 3748 4403 acce-

2167 4444 2327 4500 debat
2349 4443 2490 4512 jugis
2517 4441 2918 4511 Scripturarum
2946 4438 3244 4506 meditatio,
3275 4453 3380 4494 non
3407 4439 3525 4494 sine
3549 4439 3752 4508 lingua-

2165 4553 2285 4593 rum
2329 4535 2533 4593 Graacze
2576 4545 2736 4606 atque
2768 4533 3046 4589 llebraica:
3085 4533 3294 4602 peritia,
3323 4547 3430 4603 quo
3457 4532 3619 4587 veluti
3648 4546 3758 4586 case

2167 4629 2284 4685 iesti
2303 4627 2500 4699 pabulo
2525 4627 2685 4682 vitam
2708 4627 2905 4681 animm
2927 4623 3286 4691 sustentabat,
3304 4633 3360 4680 et
3379 4623 3444 4679 ad
3469 4624 3747 4694 pietatem,

2164 4719 2573 4790 divinarumque
2601 4733 2781 4774 rerum
2812 4716 3092 4772 scientiam
3139 4715 3193 4771 in
3235 4715 3352 4770 dies
3391 4716 3558 4786 magis
3588 4715 3752 4785 proii-

2163 4810 2361 4866 ciebat.
2411 4809 2619 4880 Smpius
2646 4807 2851 4863 morbis
2881 4815 3103 4868 tentata,
3139 4815 3192 4860 et
3220 4804 3384 4874 fracto
3412 4804 3583 4870 senili,
3611 4803 3752 4858 debi-

2167 4902 2406 4974 litatoque
2434 4900 2756 4972 corpusculo,
2790 4907 2946 4952 tantae
2970 4897 3295 4952 continentia:
3339 4895 3456 4959 fuit,
3491 4904 3548 4949 ut
3573 4909 3752 4964 neque

2177 5002 2304 5049 tunc
2325 4993 2564 5058 demum,
2591 5005 2753 5061 quum
2787 4988 3006 5059 jamjam
3033 4987 3263 5042 animam
3307 4994 3505 5056 ageret,
3534 4986 3753 5056 ob'refe-

2164 5086 2382 5140 ctionem
2410 5083 2637 5152 corporis
2654 5081 2777 5135 vino
2808 5079 2882 5133 uti
2909 5079 3159 5144 voluerit,
3177 5092 3352 5148 neque
3373 5078 3441 5132 ad
3461 5077 3514 5132 id
3537 5075 3751 5133 exorari

2165 5193 2223 5234 se
2255 5191 2407 5248 passa
2440 5177 2511 5230 sit
2551 5175 2664 5230 sive
2708 5188 2737 5226 ι
2765 5170 3002 5235 Medicis,
3035 5171 3148 5225 sive
3174 5170 3242 5225 ab
3271 5170 3622 5242 Hieronymo,
3654 5185 3750 5224 seu

2161 5268 2395 5338 denique
2422 5267 2491 5321 ab
2519 5279 2606 5330 eo,
2637 5265 2727 5333 qui
2759 5275 2882 5316 tunc
2903 5262 3110 5326 aderat,
3142 5261 3513 5316 summtecum
3539 5261 3752 5330 pietatis

2165 5371 2276 5417 tum
2305 5357 2582 5429 dignitatis
2611 5355 2730 5410 viro
2758 5352 2918 5408 Beato
2951 5351 3096 5421 Papa
3145 5351 3460 5422 Epiphanio.
3513 5352 3752 5421 Denique

2163 5455 2437 5514 virtutum,
2466 5462 2586 5518 quae
2610 5453 2763 5516 pene
2791 5451 3045 5514 superant
3076 5442 3258 5508 iidem,
3292 5442 3535 5497 laudibus
3563 5457 3754 5496 cumu-

2163 5545 2289 5608 lata,
2320 5539 2568 5595 Dormivit
2598 5538 2791 5593 Sancta
2817 5545 2862 5590 et
2885 5534 3059 5607 Beata.
3080 5533 3271 5596 Paula,
3313 5537 3526 5603 septimo
3554 5532 3752 5589 Kalen-

2162 5639 2254 5692 das
2287 5634 2614 5698 Februarias,
2666 5631 2812 5686 tertia
2854 5629 3103 5684 Subbathi
3134 5637 3246 5699 post
3279 5627 3420 5682 Solis
3442 5628 3750 5680 accubitum.

2163 5729 2379 5790 Sepulta
2423 5737 2496 5781 est
2540 5726 2716 5796 quinto
2767 5723 3124 5780 Kalendarum
3169 5721 3483 5786 earumdem,
3518 5713 3750 5774 Honorio

2166 5825 2391 5894 Augusto
2418 5821 2577 5875 sexies
2600 5829 2646 5873 et
2668 5812 3310 5909 Aristentcto‘Consulibus.
3346 5813 3557 5869 l’ixitin
3575 5824 3751 5871 sancto
