4052 6338
169 425 272 484 I53

175 537 457 611 Proposito
505 533 692 590 Roma:
730 546 890 586 annos
931 528 1168 600 quinque,
1210 523 1470 579 Bethleem
1512 536 1672 575 annos
1701 519 1778 572 ui-

179 632 324 706 ginti.
367 627 542 684 Omne
569 627 688 681 uitta
714 633 910 692 tempus
930 618 1178 704 implevit
1210 616 1356 670 annis
1405 613 1775 685 quinquaginta

181 739 286 787 sem,
317 718 581 774 mensibus
611 725 746 780 octo,
770 712 944 767 diebus
971 708 1147 781 viginti
1177 715 1224 762 et
1251 721 1374 760 uno.

252 812 621 882 llieronymus
645 807 737 877 qui
767 814 845 860 tot
868 802 984 873 ejus
1003 802 1260 856 virtutum
1289 803 1583 868 perpetuus
1601 792 1776 849 fuerat

187 905 502 968 admirator,
536 909 691 956 tanto
714 898 877 954 animi
899 909 1130 951 mcerore
1145 890 1428 964 perculsus
1446 896 1550 952 est,
1572 896 1631 942 ut
1651 901 1773 941 cum

186 995 435 1071 prosequi
464 1008 590 1050 eam
619 989 872 1046 laudibus
910 986 1091 1048 vellet,
1133 985 1293 1054 idque
1334 977 1776 1071 Eustoeblouﬂlite

191 1067 508 1157 recepisset,
526 1079 840 1154 aliquandiu
863 1091 972 1150 prte
994 1077 1183 1132 dolore
1209 1087 1314 1130 non
1340 1071 1586 1127 valuerit.
1614 1067 1772 1134 Nam,

186 1179 376 1250 inquit,
415 1176 837 1248 quotiescumque
859 1171 1032 1226 stilum
1057 1169 1212 1239 ﬁgere
1237 1166 1394 1230 veliti,
1417 1173 1620 1229 etopus
1652 1175 1777 1215 exa-

185 1287 298 1325 rare
314 1269 652 1340 promissum,
671 1267 815 1320 toties
829 1263 1153 1334 obriguerunt
1179 1258 1346 1330 digiti,
1369 1255 1546 1310 cecidit
1569 1265 1770 1315 manus,

184 1378 359 1418 sensus
383 1360 635 1431 elanguit.
686 1357 1050 1428 Prosequutus
1075 1362 1159 1410 est
1187 1360 1390 1416 tamen,
1417 1355 1474 1402 et
1496 1345 1628 1400 satis
1655 1357 1772 1397 mn-

183 1455 376 1527 gnilice
405 1451 551 1508 haud
576 1450 750 1506 multo
780 1456 921 1520 post,
947 1447 1148 1503 dictata
1171 1443 1240 1498 ad
1271 1443 1398 1496 duas
1425 1435 1771 1495 btcubratiun-

185 1546 325 1600 culas
357 1544 518 1609 libro,
563 1543 681 1596 sive
723 1539 986 1609 Epistola,
1013 1538 1098 1592 cui
1131 1534 1341 1591 titulum
1367 1533 1436 1588 de
1463 1543 1613 1585 more
1642 1527 1774 1597 Epi-

187 1636 417 1705 taphium
446 1633 595 1699 fecit,
623 1631 906 1701 eidemque
931 1623 1438 1698 VirginiEustocblo
1477 1618 1772 1690 inscripsit.

186 1724 261 1780 Ea
289 1738 432 1779 nunc
458 1723 635 1778 locum
667 1727 810 1777 tenet
839 1720 890 1772 in
917 1715 1232 1774 recensione
1259 1723 1438 1768 nostra
1481 1707 1660 1766 CVIII.
1707 1721 1774 1763 ex

180 1831 285 1888 qua
307 1815 416 1872 illae
442 1815 605 1868 etiam
633 1812 901 1883 pleraque
944 1823 1132 1863 omnes
1159 1806 1614 1874 desumpttesunt,
1639 1813 1774 1871 quas

185 1905 345 1963 modo
375 1905 435 1961 S.
465 1904 722 1961 Matronae
751 1900 937 1957 laudes
963 1897 1336 1956 delibavimus.

249 1994 320 2049 V.
377 1995 633 2049 Dedimus
679 2005 893 2063 quoque
937 1989 1016 2044 illi
1063 1988 1204 2043 inter
1232 1985 1392 2055 hujus
1417 1983 1548 2040 anni
1574 1981 1772 2052 scripta

186 2087 420 2158 priorem
448 2085 630 2140 locum
660 2100 675 2137 :
701 2097 824 2138 eum
850 2081 1000 2137 enim
1030 2093 1219 2135 mense
1247 2075 1525 2140 Januario,
1554 2073 1773 2129 vixdum

186 2180 422 2236 medium
452 2188 860 2250 przetepgresso,
889 2173 1084 2229 Sancta
1112 2171 1201 2227 illa
1231 2169 1427 2226 femina
1453 2165 1680 2222 avolarit
1705 2161 1774 2217 ad

186 2287 429 2342 superos,
463 2271 687 2326 minime
715 2269 885 2323 visum
917 2274 1002 2323 est
1028 2262 1355 2324 verosimile,
1387 2259 1774 2327 Hieronymum

193 2350 476 2435 postquam
499 2363 570 2417 ab
593 2362 684 2416 illo
706 2357 999 2414 infortunio
1024 2353 1329 2423 respiravit,
1355 2360 1516 2420 atque
1538 2347 1775 2400 animum

187 2455 461 2524 appellere
507 2453 576 2507 ad
623 2447 967 2506 scribendum
1023 2445 1218 2515 potuit,
1268 2443 1336 2496 ab
1375 2441 1480 2495 alia
1524 2449 1776 2494 exorsum

187 2545 484 2616 scriptione
509 2558 670 2613 quam
718 2541 842 2605 ista,
890 2552 1009 2607 qua:
1057 2545 1110 2591 et
1153 2534 1302 2590 cordi
1333 2532 1432 2603 ipsi
1461 2539 1580 2586 erat
1619 2543 1775 2599 quam

188 2636 316 2706 quod
368 2634 635 2693 maxime,
663 2638 717 2686 et
747 2627 1021 2683 memoria:
1048 2627 1194 2680 illius
1217 2625 1351 2695 grati
1379 2635 1590 2693 quoque
1613 2619 1776 2674 animi

189 2739 340 2802 scnsgt
371 2721 581 2777 debita.
609 2719 695 2775 Ab
722 2719 823 2772 hoc
841 2718 1020 2787 itaque
1037 2715 1308 2786 persoluto
1329 2712 1531 2776 officio,
1554 2709 1776 2782 gradum

187 2816 248 2870 ad
294 2816 402 2872 alia
455 2810 820 2882 consignanda
867 2810 1058 2864 litteris
1087 2807 1229 2862 fecit.
1265 2806 1333 2861 Et
1361 2805 1534 2874 primo
1563 2802 1775 2873 quidem

191 2904 474 2974 Theophili
524 2901 836 2958 Paschalcm
884 2898 1180 2969 Epistolam
1227 2897 1278 2951 in
1305 2895 1551 2962 Latinum
1577 2893 1774 2948 vertit:

190 2996 529 3060 Paschalem,
555 2995 793 3064 inquam,
819 2991 975 3060 hujus
999 2989 1124 3044 anni
1144 2988 1270 3052 404,
1294 2986 1439 3058 quod
1461 3002 1524 3041 ex
1548 2983 1780 3041 Pascha-

193 3092 255 3145 tis
283 3087 697 3145 denuntiatione
722 3086 957 3138 vicesima
975 3082 1194 3138 secunda
1213 3082 1295 3135 die
1316 3080 1500 3135 mensis
1524 3078 1782 3132 Pbarmu-

191 3183 280 3248 tbi,
328 3181 382 3236 id
417 3189 524 3247 est,
566 3178 773 3234 decima
815 3185 1002 3232 octava
1047 3175 1268 3246 Aprilis,
1311 3181 1642 3242 compertum
1669 3180 1772 3227 est.

191 3273 486 3329 Namerum
531 3286 596 3327 ea
641 3269 847 3326 obtinet
892 3268 944 3323 in
989 3267 1304 3323 recensione
1335 3275 1517 3320 nostra
1545 3262 1778 3319 centesi-

191 3382 334 3420 mum
395 3384 413 3420 :
470 3364 626 3433 cujus
677 3362 754 3418 rei
825 3375 1015 3416 causas
1077 3359 1129 3414 in
1177 3356 1585 3427 Chronologicis
1629 3354 1780 3410 Noris

191 3456 507 3526 adjecimus.
541 3453 722 3510 Tertia
751 3462 930 3508 autem
959 3466 1030 3507 ex
1073 3450 1157 3506 bis
1201 3459 1304 3518 est,
1357 3464 1490 3520 quas
1531 3448 1590 3504 S.
1623 3447 1782 3503 Pater

191 3545 380 3604 Latine
426 3543 746 3614 explicavit;
799 3537 923 3597 nam
949 3550 1197 3612 quartam
1225 3541 1316 3612 qui
1343 3540 1549 3604 dicunt,
1578 3548 1636 3594 et.
1657 3553 1780 3597 cum

197 3636 431 3694 Baronio
449 3633 803 3697 contendunt,
831 3633 1126 3704 superioris
1151 3647 1364 3703 quoque
1392 3632 1634 3702 proxime
1653 3631 1781 3686 anni

196 3729 508 3785 Paschalem
541 3727 610 3782 ab
639 3726 968 3799 llicronymo
997 3725 1182 3782 Latine
1212 3725 1472 3782 redditam
1503 3726 1647 3796 (quae
1677 3723 1782 3778 mi-

198 3821 338 3877 nime
388 3829 568 3876 tamen
614 3827 826 3874 aetatem
876 3816 1079 3888 tulerit)
1132 3825 1245 3872 toto
1285 3816 1418 3872 caelo
1443 3824 1644 3872 errant.
1673 3813 1782 3870 Sed

198 3912 368 3982 ipsum
415 3919 637 3981 praestat
671 3908 731 3965 S.
769 3908 1125 3979 lnterpretem
1155 3906 1256 3962 hac
1282 3906 1350 3962 de
1377 3922 1435 3962 re
1476 3906 1782 3978 loquentem

199 4005 384 4061 audire
414 4004 650 4073 Epistola
678 4000 863 4059 XCIX.
902 4017 1006 4072 qua
1033 4015 1094 4056 se
1117 4001 1259 4071 apud
1292 3999 1644 4069 Theophilum
1684 4011 1784 4052 ex-

198 4107 366 4163 cusat,
413 4094 558 4166 quod
600 4094 776 4150 serius
820 4108 938 4150 eam
985 4092 1223 4156 verterit,
1279 4091 1564 4162 impeditus
1593 4090 1784 4161 partim

201 4187 342 4241 obitu
384 4186 590 4252 Panlm,
619 4185 813 4256 partim
843 4198 942 4238 suo
970 4184 1180 4238 morbo.
1210 4180 1294 4237 Ea:
1319 4197 1399 4249 eo,
1431 4181 1625 4251 inquit,
1655 4191 1785 4236 tem-

205 4296 337 4342 pore,
369 4295 470 4347 quo
501 4276 836 4332 Beatitudinis
855 4286 956 4330 tuae
973 4277 1145 4346 accepi
1167 4274 1446 4346 Epistolas,
1464 4276 1648 4347 juncta
1679 4270 1789 4328 Pa-

204 4371 356 4424 scltali
387 4370 539 4436 libro,
568 4384 723 4440 usque
764 4368 818 4422 in
860 4378 1154 4438 prwsentens
1201 4367 1354 4429 diem,
1402 4365 1474 4420 ita
1504 4375 1552 4421 et
1579 4380 1789 4421 πρίω-οη

205 4461 364 4518 luctus
403 4471 450 4516 et
491 4459 852 4526 sollicitudine,
881 4475 942 4512 ac
972 4459 1182 4512 diversis
1205 4474 1358 4528 super
1381 4466 1519 4511 statu
1549 4456 1789 4512 Ecclesia!

207 4553 314 4608 hinc
343 4553 464 4608 inde
502 4552 788 4607 rumoribus
832 4553 1113 4624 exagitatus
1154 4567 1286 4616 sum,
1337 4560 1390 4603 ut
1434 4551 1519 4605 vis:
1559 4549 1788 4605 volumen

209 4655 343 4700 tuum
387 4645 640 4715 potuerim
677 4644 730 4698 in
775 4641 1012 4697 Latinum
1040 4658 1319 4696 sermonem
1343 4650 1549 4695 uertere.
1588 4639 1790 4710 Optime

209 4742 333 4794 enim
380 4740 514 4795 nosti
545 4740 702 4812 juxta
742 4748 951 4792 veterem
975 4736 1291 4800 sententiam,
1325 4732 1446 4788 Non
1465 4749 1578 4794 esse
1600 4733 1791 4811 tristem

211 4831 539 4904 eloquentiam
577 4845 598 4884 :
638 4831 856 4883 maxime
881 4828 924 4882 si
954 4826 1022 4880 ad
1047 4825 1398 4898 aegritudinem
1427 4824 1584 4878 animi
1623 4839 1791 4878 acces-

211 4925 320 4979 serit
347 4923 575 4996 corparis
603 4920 874 4992 agritudo.
905 4919 973 4975 Et
999 4920 1131 4974 lianc
1155 4909 1633 4990 ipsam‘Epistolam
1656 4914 1792 4985 febre

215 5029 448 5082 astuans,
499 5025 548 5069 et
590 5015 818 5082 quintum
846 5013 962 5083 jam
987 5011 1121 5065 diem
1148 5007 1448 5064 decumbens
1475 5005 1678 5073 lectulo,
1708 5007 1788 5060 ni-

216 5110 310 5163 mia
349 5106 676 5178 festinatione
718 5103 899 5158 dictavi
931 5119 951 5159 :
984 5102 1195 5156 breviter
1221 5100 1452 5154 indicans
1479 5096 1792 5152 Beatitudini

215 5211 328 5268 ιιιιε,
373 5214 616 5269 magnum
661 5213 741 5251 me
775 5195 998 5250 laborem
1041 5193 1337 5250 sustinuisse
1382 5191 1437 5244 in
1465 5189 1793 5245 translatione

216 5293 334 5362 ejus,
355 5301 408 5345 ut
428 5305 603 5354 omnes
628 5287 897 5343 sententias
912 5286 1025 5354 pari
1043 5294 1296 5340 uenustate
1314 5283 1659 5356 transferrem,
1682 5291 1789 5338 etc.

219 5382 277 5442 lit
305 5365 461 5452 paulo
490 5387 611 5450 post
638 5395 651 5434 :
688 5375 835 5432 Unde
863 5376 1089 5441 obsecro,
1120 5375 1352 5446 ignoscas
1382 5372 1613 5426 tarditati
1641 5371 1794 5426 etiam

219 5489 332 5529 utere
373 5489 396 5530 :
441 5473 516 5527 ita
557 5470 693 5526 enim
719 5479 908 5524 sancta:
933 5478 979 5523 et
1007 5467 1301 5522 uenerabilis
1329 5463 1510 5520 Paula:
1537 5471 1795 5535 confectus

216 5551 319 5623 sum
371 5565 701 5634 dormitione,
750 5571 806 5616 ut
835 5562 1020 5634 absque
1067 5557 1400 5614 translatione
1446 5556 1596 5628 hujus
1654 5556 1794 5620 libri,

218 5677 363 5732 usque
391 5661 444 5714 in
475 5665 775 5729 prementem
803 5654 936 5708 diem
963 5653 1090 5706 nihil
1114 5648 1262 5704 aliud
1289 5647 1447 5703 divini
1475 5648 1640 5720 operis
1665 5648 1794 5702 scri-

218 5754 417 5824 pserim.
463 5747 792 5806 Perdidimus
829 5746 986 5812 enim,
1030 5754 1083 5798 ut
1111 5745 1222 5812 ipse
1249 5742 1402 5808 nosti,
1431 5751 1631 5813 repente
1655 5740 1794 5796 sola-

215 5827 350 5902 tium.
383 5842 524 5905 quod
565 5841 641 5912 (ut
679 5837 994 5894 conscientiae
1034 5843 1220 5891 nostra:
1248 5841 1267 5886 t
1295 5832 1386 5888 stis
1429 5842 1504 5904 est,
1527 5829 1803 5904 Dominus}

1439 407 1498 463 s.
1540 361 1920 462 utsnosvnt
1960 363 2141 458 Vtra.

3359 406 3466 464 154

1882 531 1984 570 non
2023 515 2091 568 ad
2132 514 2366 584 proprias
2405 508 2637 566 ducimus
2676 511 3012 580 necessitates,
3038 513 3130 570 sed
3153 516 3222 570 ad
3245 515 3468 572 Sancto-

1879 623 1992 662 rum
2021 607 2318 678 refrigeria,
2341 603 2522 675 quibus
2543 603 2634 658 illa
2659 595 2874 658 sollicite
2895 606 3156 662 serviebat.

1950 697 2039 752 Vl.
2085 695 2406 766 Aliquandiu
2454 704 2594 764 post,
2639 693 2830 750 eodem
2878 694 2979 750 hoc
3009 704 3187 752 tamen
3219 713 3382 767 anno,
3409 707 3467 756 et

1879 789 2114 842 nondum
2135 786 2387 848 obducta,
2411 800 2568 855 ιιιιιιιιι
2590 784 2764 839 Paulae
2781 784 2957 840 obitus
2984 785 3267 853 inflixerat,
3287 789 3462 860 plaga,

1876 879 2034 933 aliam
2057 878 2126 933 de
2148 877 2338 933 Grzeco
2365 875 2771 931 translationem
2798 876 3102 932 adornavit.
3123 877 3317 934 llabuit
3336 895 3465 936 vero

1877 969 1953 1023 ita
1981 983 2042 1023 se
2067 983 2175 1022 res.
2203 967 2338 1022 Cum
2370 967 2424 1022 in
2455 965 2744 1022 Thebaidis
2786 967 3067 1034 coenobiis,
3097 977 3152 1022 et
3190 968 3243 1023 in
3278 969 3464 1024 Mona-

1877 1061 2042 1115 sterio
2085 1059 2364 1116 Metenaun
2412 1059 2716 1114 habitarent
2758 1057 2975 1128 plurimi
3007 1057 3341 1125 Latinorum,
3371 1060 3464 1130 qui

1877 1151 2192 1220 ignorabant
2217 1149 2594 1221 Egyptiacum
2621 1149 2975 1220 Grmcumque
2996 1164 3322 1215 sermonem,
3353 1165 3462 1222 quo

1877 1242 2150 1298 Psehomii
2179 1251 2236 1298 et
2254 1242 2520 1297 Theodori
2543 1252 2596 1297 et
2623 1241 2844 1299 Orsiesii
2867 1242 3140 1313 Pra'cepta
3158 1243 3462 1314 conscripta

1875 1343 2019 1398 sunt,
2043 1333 2205 1388 immo
2222 1334 2312 1388 Dei
2332 1334 2546 1404 quidam
2563 1333 2814 1388 Silvanus
2833 1333 3124 1405 Presbyter
3144 1334 3330 1397 libros,
3354 1333 3466 1403 qui-

1876 1425 1973 1480 bus
1989 1426 2074 1479 illa
2088 1425 2517 1488 continebantur,
2533 1425 2600 1478 de
2615 1423 2926 1495 Egyptiaca
2937 1421 3045 1493 jam
3059 1436 3242 1478 versos
3256 1423 3308 1477 in
3322 1422 3466 1478 Grat-

1874 1535 1992 1574 carn
2019 1520 2274 1588 linguam,
2306 1518 2372 1572 ad
2424 1518 2808 1588 Hieronymum
2839 1516 3056 1582 direxit,
3101 1516 3260 1570 etiam
3302 1523 3463 1585 atque

1875 1611 2036 1664 etiam
2066 1609 2329 1679 ﬂagitans,
2379 1618 2438 1662 ut
2483 1609 2668 1662 Latina
2699 1608 2768 1663 de
2797 1607 3000 1664 Graecis
3026 1607 3292 1664 redderet.
3321 1607 3465 1663 Misit

1873 1701 2035 1755 etiam
2066 1699 2136 1754 ob
2157 1715 2275 1754 eam
2321 1715 2538 1754 causam
2567 1699 2844 1754 Leontium
2874 1699 3253 1771 Presbyterum
3279 1709 3333 1754 et
3358 1713 3464 1754 c2-

1876 1800 2018 1847 teros
2032 1806 2150 1846 cum
2169 1806 2232 1844 eo
2251 1789 2462 1857 fratres,
2483 1790 2573 1860 qui
2591 1804 2725 1860 opus
2743 1799 3010 1860 urgerent,
3030 1800 3083 1844 et
3104 1790 3212 1845 fere
3233 1806 3327 1860 per
3343 1805 3461 1846 mo-

1875 1893 2052 1938 menta
2091 1883 2384 1952 exigerent.
2427 1883 2646 1951 Accepit
2676 1882 2856 1951 itaque
2881 1881 3074 1936 Noster
3104 1882 3460 1951 provinciam,

1873 1983 1929 2028 et
1977 1972 2218 2028 Graecam
2268 1973 2410 2027 illam
2460 1971 2764 2027 versionem
2796 1973 2846 2025 in
2875 1971 3122 2026 Latinum
3152 1973 3461 2040 refundens,

1867 2065 2044 2118 accito
2071 2063 2288 2118 Notario
2315 2063 2553 2127 dictavit,
2583 2071 2638 2115 ut
2665 2062 2837 2125 tantis,
2871 2071 2925 2115 ut
2950 2062 3044 2127 ait,
3068 2063 3186 2116 viris
3211 2063 3464 2132 imperan-

1876 2152 2026 2216 tibus,
2055 2153 2237 2205 nedum
2264 2150 2556 2221 rogantibus
2577 2149 2841 2207 obediret.
2868 2150 3128 2204 Absoluto
3150 2152 3298 2220 operi
3318 2152 3465 2206 Prte-

1879 2242 2128 2296 fationcm
2170 2242 2240 2296 de
2283 2256 2383 2296 suo
2411 2241 2657 2311 przelixit,
2688 2242 2740 2294 in
2769 2257 2872 2309 qua
2902 2250 3010 2294 tum
3043 2243 3298 2298 baetenus
3326 2243 3462 2298 deli-

1880 2335 2022 2398 bata,
2057 2345 2167 2390 tum
2199 2335 2450 2403 pleraque
2481 2333 2580 2386 alia
2610 2333 2684 2388 rei
2717 2332 2962 2400 adjuncta
2993 2334 3241 2403 explicat,
3273 2335 3466 2405 quibus

1878 2437 1933 2482 et
1971 2427 2040 2482 de
2085 2428 2196 2499 ipsa
2225 2427 2480 2496 temporis
2510 2428 2781 2481 notatione
2805 2428 3173 2484 admonemur.
3208 2429 3361 2484 Initio
3388 2432 3464 2486 si-

1875 2520 2092 2590 gnificat
2112 2519 2422 2588 jamdudum
2451 2534 2591 2585 esse,
2612 2534 2676 2572 ex
2699 2533 2806 2588 quo
2827 2519 3005 2572 stilum
3031 2535 3134 2574 non
3157 2531 3463 2580 exererret:

1879 2627 2033 2680 quem
2079 2611 2213 2666 adeo
2252 2620 2528 2680 comparat
2573 2620 2720 2664 acuto
2760 2611 2932 2682 gladio
2973 2621 3020 2666 et
3047 2606 3276 2684 levigata,
3307 2617 3390 2686 qui
3422 2616 3468 2670 si

1878 2705 1966 2757 diu
1985 2705 2036 2758 in
2057 2705 2238 2775 vagina
2258 2705 2489 2759 conditus
2512 2704 2680 2775 fuerit,
2709 2703 2950 2758 sordescit
2971 2707 3218 2774 rubigine,
3243 2717 3287 2761 et
3304 2708 3468 2778 splen-

1877 2797 2050 2851 dorem
2093 2797 2294 2866 pristini
2340 2783 2536 2850 decoris
2583 2796 2789 2849 amittit.
2843 2795 3013 2863 Unde,
3045 2799 3247 2863 subdit,
3291 2810 3334 2854 et
3375 2816 3467 2871 ego

1879 2905 2090 2943 maerens
2113 2904 2264 2958 super
2291 2887 2595 2941 dormitione
2617 2896 2806 2942 sancta:
2829 2897 2876 2942 et
2893 2890 3188 2945 venerabilis
3208 2889 3464 2948 Paulaz...

1878 2981 2016 3045 quod
2041 2981 2312 3036 multorum
2335 2981 2494 3034 incisa
2515 2981 2654 3035 illius
2671 2991 2828 3035 morte
2843 2983 3108 3053 refrigeria
3133 2985 3462 3054 suspirarem,

1878 3075 2071 3142 accepi,
2090 3083 2193 3128 etc.
2225 3072 2356 3127 Tum
2384 3072 2524 3127 inter
2547 3073 2680 3128 alias
2705 3074 2800 3127 abs
2823 3089 2884 3129 se
2909 3075 3180 3130 adornata:
3209 3077 3468 3137 vcrsionis

1879 3177 2091 3226 Causas,
2129 3163 2268 3218 hanc
2313 3163 2463 3218 addit
2491 3180 2506 3220 :
2533 3174 2588 3218 ut
2630 3165 2779 3232 bono,
2811 3174 2863 3219 ut
2892 3167 3057 3232 aiunt,
3087 3169 3314 3237 auspicio
3353 3169 3465 3224 lon-

1881 3272 2000 3326 gum
2030 3256 2287 3310 silentium
2316 3273 2622 3328 rumperent,
2654 3258 2871 3312 reddens
2903 3275 2982 3313 nte
3009 3261 3234 3328 pristinis
3261 3261 3464 3327 studiis,

1883 3357 1928 3401 et
1968 3358 2157 3402 sanch
2198 3347 2400 3418 femina
2441 3347 2688 3420 (Paulae)
2736 3349 3042 3421 refrigeratis
3081 3353 3323 3418 animam,
3354 3369 3470 3423 qua:

1883 3437 2310 3493 Monasteriorum
2338 3455 2534 3504 semper
2559 3455 2732 3493 arnore
2758 3441 3013 3512 flagravit.
3039 3442 3276 3512 itemque
3315 3444 3466 3511 istas,

1884 3540 1942 3586 ut
2001 3531 2308 3587 Venerabilis
2337 3549 2530 3603 quoque
2558 3533 2699 3602 virgo
2729 3534 2838 3598 ﬁlia
2865 3535 2976 3601 eius
3009 3535 3336 3590 Eustochium
3372 3539 3470 3592 lia-

1884 3623 2016 3677 beret
2038 3624 2172 3692 quod
2197 3624 2468 3679 SorOribus
2491 3623 2741 3694 agendum
2763 3624 3000 3679 tribueret
3023 3643 3043 3682 :
3064 3628 3318 3698 nostrique
3339 3627 3472 3681 Frao

1887 3724 1986 3767 tres
2012 3710 2398 3784 ﬁgyptiorum,
2430 3715 2524 3768 ltoc
2549 3725 2646 3780 est,
2667 3714 3073 3770 Tabenneusium
3099 3718 3470 3772 Monachorum

1887 3805 2114 3874 exempla
2158 3813 2500 3876 sequerentur.
2551 3804 2726 3874 Pergit
2767 3805 2903 3860 adeo
2949 3807 3190 3874 quasdam
3230 3821 3471 3862 comme-

1888 3908 2105 3950 morans
2133 3896 2420 3965 prtecipua,
2449 3905 2506 3949 ut
2530 3893 2796 3960 videntur,
2825 3910 3010 3949 eorum
3042 3897 3162 3949 vitae
3190 3895 3427 3950 instituta
3457 3915 3472 3952 τ

1887 3987 2078 4057 quibus
2104 3987 2299 4046 cursim
2327 3986 2584 4054 expositis
2609 3985 2676 4040 de
2703 3983 2936 4040 Cornelii
2963 3997 3017 4040 ct
3043 3984 3187 4057 Syri,
3217 3987 3304 4056 qui
3351 3995 3474 4041 tunc

1889 4079 2048 4132 etiam
2081 4078 2216 4132 ultra
2247 4089 2462 4132 centum
2491 4085 2544 4132 et
2573 4077 2758 4132 decem
2787 4092 2960 4132 annos
2987 4077 3237 4132 advivere
3264 4078 3475 4132 diceba.

1892 4179 1993 4236 tur,
2047 4169 2344 4239 Alpltabeto
2391 4169 2617 4240 mystico
2661 4176 2822 4238 atque
2863 4167 3120 4239 Epistolis
3143 4169 3383 4240 loquens,
3413 4184 3474 4226 ea

1890 4277 1948 4318 se
1977 4259 2275 4332 profitetur,
2305 4269 2362 4315 ut
2388 4267 2679 4330 repererat.
2726 4259 2990 4315 elementa
3023 4258 3270 4329 posuisse
3311 4276 3325 4316 :
3368 4275 3476 4314 cna.

1893 4364 2003 4410 tera
2059 4355 2321 4409 imitatum
2377 4353 2748 4423 simplicitatem
2811 4350 3052 4424 ngyptii
3110 4353 3373 4416 sermonis,
3417 4368 3478 4406 ns

1893 4446 2024 4500 viros
2063 4445 2399 4514 Apostolicos,
2432 4453 2476 4499 et
2508 4454 2636 4498 totos
2657 4443 2835 4515 gratim
2859 4442 3122 4512 spiritalis,
3151 4457 3314 4494 sermo
3345 4441 3479 4498 tum.

1893 4539 2076 4594 loricas
2121 4540 2425 4592 immutaret.
2471 4537 2710 4604 Denique
2755 4535 2858 4588 alia
2901 4548 3014 4602 qua:
3061 4533 3114 4586 in
3145 4547 3316 4586 eorum
3347 4530 3478 4587 Tra-

1893 4631 2109 4686 ctatibus
2151 4633 2496 4693 continentur,
2525 4627 2772 4682 consulto
2802 4625 3229 4694 przetermisisse,
3255 4623 3396 4693 quod
3427 4624 3478 4682 in

1893 4725 1999 4779 suis
2029 4721 2327 4780 Auctoribus
2353 4717 2613 4781 discenda,
2643 4726 2696 4771 et
2717 4717 2784 4770 ab
2803 4716 2931 4783 ipsis
2952 4715 3236 4785 repetenda
3260 4715 3480 4784 fontibus

1896 4817 2225 4870 viderentur.
2283 4812 2432 4867 Ilanc
2484 4825 2584 4867 nos
2631 4809 2887 4880 Regulam
2944 4809 3479 4881 llicronymianornut

1895 4907 2205 4966 Collectioui
2232 4921 2453 4976 operum
2481 4903 2636 4974 primi
2661 4903 3054 4957 adcensuimns.

1972 5004 2082 5058 VII.
2125 5000 2386 5070 Vergente
2429 4997 2532 5054 huc
2571 5010 2713 5051 anno
2757 4995 2822 5050 ad
2847 4996 3047 5050 exitum
3079 4996 3372 5051 instaurata
3401 5001 3482 5065 est

1897 5093 2124 5166 quteslio
2152 5107 2272 5147 cum
2304 5087 2622 5160 Augustino.
2671 5087 2916 5141 Asterius
2946 5085 3364 5158 bypodiaconus.
3397 5083 3481 5138 cui

1899 5185 2092 5240 NoSter
2112 5184 2294 5239 literas
2315 5180 2381 5235 ad
2412 5179 2560 5234 illum
2589 5176 2934 5249 perferendas
2949 5176 3202 5242 dederat,
3231 5191 3334 5232 una
3360 5190 3483 5229 cum

1899 5278 2064 5332 altera
2094 5273 2353 5330 adversus
2396 5270 2666 5326 Ilul‘linutn
2691 5268 2970 5338 Apologia,
3003 5266 3482 5338 pcrvcnitdemum

1903 5369 1956 5422 in
1987 5367 2244 5430 Africam,
2274 5380 2393 5419 cum
2421 5362 2530 5434 jam
2561 5363 2696 5416 duas
2723 5360 2858 5414 alias
2886 5357 3134 5428 superius
3162 5369 3485 5412 memoratas

1904 5457 2262 5531 Hipponensis
2275 5456 2572 5526 Episcopus
2591 5450 3020 5524 llieronymianac
3032 5447 3395 5518 responsionis
3412 5445 3488 5496 in.

1905 5551 2049 5608 scius
2075 5549 2143 5607 ad
2171 5564 2294 5604 eum
2327 5547 2581 5622 misisset.
2615 5543 2721 5599 llas
2750 5559 2877 5599 vero
2907 5541 2997 5597 ubi
3027 5537 3251 5607 accepit,
3280 5535 3456 5589 subire

1905 5653 2016 5698 tum
2040 5643 2140 5699 sibi
2167 5650 2324 5713 atque
2349 5639 2608 5696 offensum
2636 5636 2694 5692 S.
2723 5635 2896 5691 Patris
2915 5632 3150 5685 animum
3195 5624 3482 5680 intellexit.

1904 5735 2261 5804 Quatttubrcm
2307 5733 2544 5787 studiose
2574 5729 2702 5799 egit,
2735 5737 2794 5782 ut
2821 5724 3201 5792 recolligeret:
3230 5728 3282 5772 et
3312 5719 3484 5787 prima

1903 5829 2025 5885 data
2056 5827 2336 5886 occasione
2362 5819 2810 5898 proficiscentium
2839 5817 2890 5872 in
2918 5811 3252 5872 Palaestinam
3277 5808 3490 5873 amico-
