4052 6338
506 337 610 396 185

506 467 648 516 rum,
675 445 966 520 Epistulam
991 443 1056 500 ad
1080 443 1228 500 illum
1249 443 1460 514 scripsit
1479 442 1531 497 in
1559 439 1874 497 recensione
1900 447 2083 492 nostra

507 544 622 600 CX.
651 557 752 613 qua
797 539 1042 597 omnibus
1083 537 1438 594 observantia:
1480 530 1956 605 signiﬁcationibus
1985 526 2082 583 ad-

508 649 696 690 versus
722 649 844 692 eum
874 631 1128 702 loquitur,
1175 640 1230 685 et
1268 645 1426 700 quam
1477 637 1654 697 potest
1699 625 2086 680 demississime

505 736 663 797 atque
688 723 1081 791 subiectissime
1118 721 1423 776 demulcere
1450 718 1650 773 studet.
1681 717 1840 771 Addit
1865 723 1920 770 et
1943 729 2086 783 quae-

506 817 629 872 dam
659 815 728 870 de
759 816 900 868 illius
924 823 1105 868 contra
1139 799 1404 866 Rufﬁnu’m
1433 810 1711 879 Apologia,
1742 821 1900 876 quam
1928 821 1988 859 ευ
2012 813 2088 859 te-

507 919 679 962 statur
704 907 995 976 accepisse,
1025 913 1079 960 et
1107 919 1270 975 quum
1294 904 1432 957 ferre
1459 902 1513 956 in
1540 901 1849 956 alterutram
1881 906 2086 968 partem

503 1001 760 1070 judicium
804 999 954 1064 nolit,
999 997 1182 1052 dolere
1212 1005 1390 1051 tamen
1417 994 1780 1055 vehementer,
1810 1006 1873 1046 ac
1898 989 2088 1059 deplo-

509 1109 631 1148 r..rc
657 1092 878 1146 miseras
899 1104 1078 1144 rerum
1101 1089 1450 1143 humanarum
1479 1085 1644 1148 vices,
1671 1081 1888 1154 quando
1912 1090 2090 1136 tantos

514 1185 661 1239 viros
685 1193 737 1238 et
762 1184 1026 1253 quondam
1050 1179 1404 1237 amicissimos
1430 1179 1601 1255 putuit
1625 1186 1732 1231 tam
1755 1173 2088 1230 amarulenta

511 1275 775 1328 discordia
804 1273 980 1328 facere
1001 1275 1220 1328 invisus.
1242 1271 1417 1326 Aliam
1435 1270 1558 1325 huic
1577 1268 1828 1339 Epistulae
1849 1265 2093 1336 adiunxit

511 1367 577 1420 ad
608 1365 940 1431 l‘rsesidinm,
969 1380 1089 1420 eum
1122 1364 1327 1420 scilicet
1354 1378 1512 1432 quem
1543 1361 1643 1415 sibi
1672 1359 1937 1430 quondam
1971 1357 2094 1412 l-lie-

511 1473 767 1528 rouymus
812 1456 1302 1522 commendaverat,
1348 1466 1510 1525 atque
1559 1454 1632 1508 illi
1677 1453 1880 1508 sciebat
1910 1462 2092 1506 vetere

510 1547 741 1602 amicitia
764 1556 1026 1613 iunctum.
1060 1548 1335 1616 Rogatque
1359 1547 1536 1610 enixe,
1565 1552 1624 1598 ut
1646 1559 1766 1598 eam
1798 1541 2092 1613 Epistulam

512 1637 687 1692 cidem
732 1637 1056 1707 llierunymo
1102 1635 1428 1691 reddendam
1475 1642 1648 1698 curet,
1696 1633 1902 1702 sibique
1944 1632 2092 1686 illum

512 1730 708 1784 additis
735 1731 845 1784 suis
871 1731 1029 1784 etiam
1058 1729 1250 1784 litteris
1279 1729 1472 1798 placet.
1501 1727 1558 1782 ln
1584 1742 1701 1782 eam
1732 1742 1844 1782 rem
1862 1725 2097 1780 adnectit

514 1831 571 1874 et
596 1819 1128 1890 llieronymiauarum
1160 1819 1432 1874 literarum
1462 1827 1517 1872 et
1545 1830 1766 1873 suazmet
1792 1816 2098 1886 responsio-
2119 1853 2132 1863 .

515 1916 600 1969 nis
628 1915 891 1984 exempla,
926 1923 984 1968 ut
1021 1913 1291 1968 scribendi
1328 1912 1395 1966 ad
1424 1927 1544 1966 eum
1576 1912 1835 1965 rationem
1866 1908 2098 1979 peuitius

516 2015 708 2062 noscat
751 2023 764 2057 :
810 2006 1072 2075 simulque
1097 2005 1361 2068 obsecrat,
1393 2013 1449 2058 ut
1474 2005 1518 2057 si
1547 2004 1670 2073 quid
1698 2005 1874 2058 minus
1898 2004 1945 2058 ei
1973 2017 2098 2072 pru-

513 2099 733 2152 liaretur
774 2097 871 2150 abs
911 2112 972 2151 se
1011 2097 1270 2164 scriptum
1296 2096 1360 2150 ad
1389 2107 1630 2150 sanctum
1672 2111 1877 2160 senem,
1912 2095 1962 2151 id
1993 2096 2097 2150 sibi

514 2190 929 2260 quamprimum,
955 2204 1062 2258 quo
1094 2197 1273 2256 posset
1306 2188 1611 2252 emendare,
1643 2189 1986 2258 signiﬁcaret.

589 2279 722 2334 \"l|l.
771 2279 964 2335 Noster
1011 2289 1210 2343 autem,
1261 2279 1591 2334 intereadum
1639 2278 1756 2334 hzt‘c
1808 2289 2093 2350 geruntur,

513 2385 661 2428 certe
692 2373 926 2428 nondum
959 2373 1195 2440 acceptis
1226 2372 1372 2428 bisce
1402 2374 1690 2444 postremis
1718 2372 1996 2441 Augustini
2031 2370 2096 2424 li-

517 2467 667 2530 teris,
702 2464 992 2536 respondet
1017 2465 1082 2518 ad
1121 2480 1255 2534 quas
1298 2464 1400 2518 sibi
1432 2466 1482 2517 in
1515 2463 1940 2532 praecedentibus
1983 2478 2100 2517 mo—

516 2566 666 2610 verat
693 2555 1016 2626 qnazstiones
1047 2570 1149 2608 una
1178 2570 1364 2609 omnes
1397 2555 1653 2624 Epistula,
1681 2570 1802 2624 quae
1833 2554 1884 2607 in
1917 2565 2097 2606 nostra

518 2649 840 2704 recensione
868 2650 1039 2703 locum
1067 2648 1228 2704 CXII.
1263 2659 1426 2704 tenet.
1461 2649 1528 2702 Et
1552 2664 1870 2718 quamquam
1911 2653 2095 2715 fratre,

516 2743 606 2810 qui
660 2740 712 2794 in
762 2741 994 2794 Africam
1029 2741 1347 2809 traiecturus
1387 2751 1523 2806 erat,
1559 2742 1862 2808 fesﬁnant»,
1895 2759 2019 2812 pene
2047 2745 2097 2795 in

517 2832 802 2904 procinctu,
829 2842 878 2886 et
907 2833 1236 2886 tumultuario
1265 2835 1570 2901 respondere
1597 2849 1824 2887 sermone
1851 2850 1908 2888 se
1932 2834 2094 2900 dicat,

519 2940 619 2978 non
673 2926 964 2978 maturitate
1003 2926 1286 2990 scribentis,
1330 2925 1420 2980 sed
1466 2926 1702 2979 dictantis
1755 2927 2030 2981 temeritate
2080 2945 2100 2983 :

519 3014 658 3069 haud
699 3016 796 3070 sibi
844 3025 1018 3070 tamen
1058 3031 1275 3086 suisque
1316 3017 1609 3071 rationibus
1638 3016 1807 3072 deest.
1835 3019 2103 3074 Satisiacit

518 3105 690 3173 primo
716 3106 782 3160 de
810 3106 928 3160 libri
957 3106 1128 3171 titulo,
1155 3123 1254 3176 quo
1277 3106 1563 3175 Scriptores
1586 3106 1970 3163 Ecclesiasticos
1999 3119 2102 3163 tam

521 3195 728 3250 Graecos
769 3213 920 3265 quam
967 3196 1173 3252 Latinos
1221 3210 1615 3261 enumeraverat,
1660 3216 1890 3270 eumque
1937 3202 2014 3254 vel
2039 3201 2104 3256 de

520 3288 800 3343 illus'ribus
849 3288 1003 3352 Viris,
1049 3291 1123 3346 vel
1150 3292 1352 3361 praprie
1380 3291 1448 3345 de
1472 3292 1817 3364 Scripturibus
1852 3292 2102 3347 Ecclesia-

521 3387 657 3436 sticts
703 3385 858 3438 docet
905 3396 1044 3450 esse,
1094 3398 1198 3438 non
1244 3381 1594 3456 Epitaphium,
1648 3394 1703 3440 ut
1752 3385 1826 3439 illi
1873 3385 2045 3441 fuerat
2074 3401 2103 3441 a

522 3476 756 3546 quidam
802 3476 966 3532 fratre
992 3493 1268 3547 perperam
1299 3479 1675 3549 significatum.
1706 3479 1962 3535 Secundo-
1985 3479 2102 3534 loco

523 3585 674 3623 suam
703 3569 767 3624 de
799 3569 956 3625 Petro
985 3571 1312 3640 reprehenso
1353 3587 1382 3625 a
1428 3571 1591 3626 Paulo
1636 3573 1953 3627 sententiam
1982 3573 2107 3626 vino

527 3661 710 3716 dicare
759 3664 828 3717 ab
870 3663 1092 3719 ofﬁciosi
1123 3665 1386 3720 mendacii
1413 3666 1784 3721 criminatione
1813 3665 2018 3730 nititur,
2050 3674 2105 3720 et

524 3769 683 3822 quant
712 3763 905 3822 potest,
935 3765 1152 3812 strenue
1184 3767 1363 3812 tuetur
1391 3773 1510 3813 cum
1545 3767 1784 3813 veterum
1827 3755 2105 3812 Tractatu-

526 3858 645 3897 rum
674 3847 1012 3913 auctoritate,
1037 3856 1145 3902 tum
1167 3847 1433 3918 exemplis
1453 3848 1844 3918 Scripturarum
1867 3857 1921 3902 et
1939 3863 2107 3904 Sacrae

527 3936 765 3992 historia:
793 3948 1064 4004 contextu,
1095 3940 1330 4011 denique
1361 3944 1624 3997 rationum
1653 3943 1958 4006 momentis,
1988 3957 2108 4012 qua:

527 4030 774 4099 utrinque
816 4031 1052 4095 excudit,
1085 4041 1245 4104 atque
1273 4043 1444 4104 urget.
1479 4034 1618 4098 Quin
1665 4035 1824 4089 etiam
1855 4032 2107 4102 suggillat

527 4134 674 4188 szepe
720 4123 914 4177 acriter
957 4125 1254 4193 oppositam
1284 4125 1569 4195 Augustini
1593 4126 2003 4194 expositionem,
2037 4122 2103 4176 Et

527 4211 662 4280 quis,
693 4213 787 4276 ait,
817 4213 910 4266 hoc
936 4213 1342 4269 Christianorum
1372 4218 1620 4284 patienter
1646 4217 1841 4280 audiat,
1889 4216 2027 4286 quod
2056 4217 2110 4270 in

529 4314 618 4355 tua
661 4301 895 4372 Epistula
937 4306 1220 4360 continetur
1243 4322 1264 4360 :
1292 4326 1311 4358 ε
1338 4307 1557 4361 Judwus
1581 4319 1686 4362 erat
1716 4307 1933 4372 Paulus,
1963 4308 2111 4362 Chri-

527 4393 725 4448 stianus
762 4404 927 4448 autem
972 4398 1138 4466 factus
1181 4413 1283 4451 non
1321 4395 1622 4450 Juda'orum
1646 4409 1962 4451 sacramenta
1993 4397 2114 4451 reli-

529 4493 795 4552 querat....
841 4486 1054 4555 ideoque
1101 4488 1319 4557 suscepit
1367 4487 1666 4542 celebranda
1710 4505 1770 4543 ea
1810 4506 1964 4559 quam
1997 4490 2115 4560 jam

530 4573 717 4630 Christi
745 4588 870 4631 esset
894 4578 1187 4648 Apostolus,
1232 4589 1286 4633 ut
1327 4579 1526 4634 doceret
1566 4596 1666 4634 non
1697 4597 1803 4634 esse
1831 4581 2115 4649 perniciosa

533 4666 635 4731 his,
675 4669 761 4735 qui
785 4685 846 4722 ea
872 4671 1072 4736 vellent,
1100 4672 1227 4725 sicut
1254 4688 1287 4725 a
1312 4671 1607 4743 parentibus
1634 4690 1724 4744 per
1750 4671 1935 4744 Legem
1965 4689 2112 4728 acce-

533 4768 733 4828 perant,
777 4762 1046 4816 custodire.
1077 4782 1097 4813 ›
1151 4763 1318 4817 Docet
1352 4778 1475 4819 eum
1515 4764 1717 4820 deinde;
1749 4765 1874 4836 quid
1915 4765 1992 4820 rei
2021 4765 2112 4833 sit,

533 4849 674 4920 quod
722 4855 774 4905 in
829 4851 1004 4922 priore
1056 4853 1427 4909 Translatione
1476 4871 1572 4911 sua
1623 4871 1689 4911 ex
1742 4856 2111 4928 Septuaginta,

534 4944 821 4999 asteriscus
847 4955 1004 5014 atque
1042 4945 1230 5001 obelos
1273 4948 1513 5017 posuerit
1558 4964 1575 5003 ;
1617 4949 1842 5005 alteram
1875 4951 2018 5004 enim
2046 4965 2112 5005 ex

537 5036 765 5092 llebmo
810 5038 954 5093 fonte
982 5037 1301 5107 derivatam,
1333 5038 1572 5096 defendit
1600 5038 1852 5111 perquam
1882 5041 2110 5110 erudite,

537 5141 793 5198 suamque
817 5144 1034 5199 operam
1067 5130 1120 5185 in
1149 5146 1212 5186 ea
1237 5130 1563 5186 elaburanda
1588 5131 1783 5188 nedum
1813 5133 1951 5188 bene
1995 5133 2112 5188 cul-

537 5219 786 5289 locatam,
809 5221 903 5276 sed
929 5232 982 5278 et
1006 5222 1364 5280 necessariam
1385 5223 1450 5279 ad
1472 5223 1779 5280 Judaeorum
1803 5240 2114 5297 expugnan-

536 5312 660 5366 dam
687 5313 982 5382 perfidiam,
1005 5324 1060 5370 et
1086 5315 1336 5372 Ecelesiis
1361 5316 1592 5372 maxime
1614 5314 1944 5388 profuturam
1971 5316 2113 5372 evin-

537 5407 629 5462 cit.
662 5407 895 5478 Denique
924 5407 1154 5463 fabulam
1183 5408 1251 5464 de
1300 5409 1486 5464 hedera
1533 5425 1629 5479 pro
1671 5410 1930 5463 cucurbita
1971 5408 2112 5478 apud

536 5498 726 5563 Jonam
753 5498 1019 5566 exsufflat,
1054 5516 1151 5556 nec
1179 5510 1416 5556 moratur
1441 5501 1622 5570 populi
1649 5501 1993 5572 imperitiam,
2019 5501 2109 5570 qui

536 5593 852 5648 seditionem
899 5607 963 5648 ea
1004 5580 1080 5648 'de
1126 5607 1284 5648 causa
1328 5593 1607 5662 excitarit,
1655 5607 1757 5648 nec
1802 5591 2107 5648 Judzeorum

535 5685 653 5751 eius
679 5685 826 5738 urbis
852 5683 1129 5748 malitiam,
1160 5684 1249 5754 qu’i
1277 5684 1370 5738 hoc
1397 5684 1645 5738 edixerint
1670 5698 1777 5737 esse
1800 5683 1852 5736 in
1877 5683 1983 5736 suis
2028 5681 2120 5735 vo?

535 5777 826 5842 luminibus,
857 5778 991 5841 quod
1019 5778 1070 5832 in
1101 5777 1357 5834 ercts’et
1383 5777 1579 5832 Latinis
1606 5778 1968 5843 continebatur,
1993 5790 2110 5830 cum

1764 326 1803 383 3
1864 320 2241 382 HlERON‘ﬂll
2289 325 2463 381 \"lTA.

3672 343 3784 400 156

2193 434 2478 491 manifesto
2531 437 2915 508 demonstret,
2963 447 3104 516 quod
3156 448 3210 503 in
3254 448 3488 509 l-lebrzeo
3547 463 3633 510 est
3680 455 3779 513 Ci-

2197 525 2359 594 ceion,
2406 543 2510 584 non
2555 530 2699 587 aliud
2743 536 2939 591 rectius
2966 553 3124 609 quam
3155 541 3396 598 hederam
3427 559 3587 616 posse
3612 542 3778 606 verti.

2193 617 2334 713 i’etit
2378 620 2430 675 in
2476 620 2582 678 ﬁne
2608 622 2880 694 Epistulre,
2918 638 2976 684 ut
3014 646 3111 700 per
3137 646 3259 688 eum
3288 634 3389 690 sibi
3416 637 3600 707 quieto
3630 655 3770 713 esse.

2188 706 2298 777 jam
2341 711 2566 802 emerito
2610 715 2747 780 seni,
2779 717 2955 774 liceat.
2988 720 3113 777 llzrc
3141 738 3240 778 nos
3271 706 3626 794 paulofusius
3653 706 3782 802 per;

2194 800 2360 854 secuti
2379 816 2583 870 sumus,
2603 805 2743 874 quod
2761 822 2792 862 e
2807 823 2867 862 re
2899 820 3086 865 nostra
3112 813 3402 882 videretur,
3434 800 3781 894 Hieronvmi-

2193 903 2311 945 ante
2339 895 2774 962 concertationis,
2805 907 2859 953 et
2896 903 3156 957 stomachi
3183 918 3359 962 causa:
3401 925 3521 980 qua:
3548 909 3776 984 fuerint,

2195 991 2253 1036 ut
2297 983 2483 1039 scires.
2515 985 2616 1053 Qui
2645 995 2820 1044 tamen
2847 987 2986 1046 haud
3013 992 3234 1051 dubium
3263 1007 3367 1064 est,
3396 1004 3524 1072 quin
3555 983 3772 1064 animos

2195 1075 2552 1148 recollegerit,
2580 1081 2760 1136 statim
2784 1090 2945 1154 atque
2973 1086 3251 1157 Augustini
3281 1090 3577 1160 Epistulam
3609 1113 3781 1169 supra

2196 1178 2568 1239 memoratam,
2597 1180 2676 1226 tut
2699 1173 3042 1232 demissionis
3071 1190 3235 1249 atque
3256 1182 3498 1251 obsequii
3535 1191 3784 1250 testimos

2196 1258 2300 1313 niis
2323 1259 2572 1318 refertam
2599 1264 2826 1334 accepit.
2851 1267 3074 1337 Accepit
3095 1285 3224 1326 vero
3245 1286 3446 1343 paucos
3469 1287 3598 1348 post
3618 1279 3734 1338 dies
3760 1300 3778 1338 :

2195 1350 2283 1404 cui
2313 1350 2438 1407 licet
2463 1352 2551 1407 illa
2577 1356 2862 1413 occasione
2887 1357 3036 1414 baud.
3058 1363 3419 1435 responderit,
3452 1368 3652 1426 factum
3677 1373 3785 1430 sibi

2199 1452 2374 1498 tamen
2399 1443 2468 1499 ab
2493 1459 2559 1500 eo
2585 1447 2739 1514 satis,
2767 1447 2907 1504 baud
2939 1453 3108 1508 multo
3139 1465 3259 1523 post
3280 1457 3626 1529 signiﬁcavit,
3652 1479 3780 1521 cum

2198 1533 2454 1590 redeunte
2481 1550 2512 1591 e
2544 1535 2827 1593 Palaestina
2859 1541 2911 1594 in
2938 1541 3171 1598 Africam
3198 1545 3400 1612 Firmo,
3424 1549 3608 1608 Sancti
3634 1553 3783 1610 Pras-

2197 1626 2333 1682 sulis
2362 1629 2686 1697 necessario,
2737 1631 3033 1703 Epistulam
3082 1637 3148 1691 ad
3194 1653 3325 1694 eum-
3360 1642 3577 1712 scripsit
3614 1643 3778 1703 CXV.

2199 1720 2376 1773 omnia
2396 1735 2507 1791 pra:
2523 1735 2584 1776 se
2599 1723 2855 1778 ferentem
2875 1729 3077 1782 amoris
3092 1742 3155 1783 ae
3175 1729 3561 1790 benevolentia:
3583 1735 3735 1808 signa
3763 1754 3780 1794 :

2199 1811 2441 1865 utetiam
2465 1823 2704 1880 excuset,
2727 1815 2869 1886 quod
2893 1817 3111 1875 liberius
3139 1823 3494 1892 responderit,
3521 1839 3783 1902 rugetque

2200 1909 2298 1966 ut,
2365 1903 2579 1958 omissis
2632 1905 2979 1975 imposterum
3034 1910 3300 1980 ejusmodi
3349 1919 3778 1989 quaestionibus,

2195 1992 2368 2048 amice
2397 2007 2580 2050 secum
2621 1996 2674 2051 in
2715 2012 2987 2055 sacrarum
3016 2001 3409 2073 Scripturarum
3435 2023 3628 2081 eampo
3661 2029 3786 2070 ver-

2199 2093 2365 2139 setur.
2413 2085 2562 2152 Quod
2605 2088 2822 2159 quidem
2869 2091 3072 2148 addidit
3117 2095 3412 2166 Augustino
3451 2102 3682 2172 animos,
3727 2115 3787 2162 ut

2199 2175 2510 2232 offensionis
2534 2178 2964 2252 llieronymisna:
2986 2183 3098 2254 iam
3137 2201 3379 2254 securus,
3413 2191 3557 2247 illam
3583 2193 3653 2249 de
3683 2195 3782 2251 Pe-

2202 2273 2296 2322 tro
2335 2267 2666 2339 reprehenso
2705 2286 2733 2325 a
2781 2271 2950 2328 Paulo
2973 2277 3331 2345 qtuestionem
3352 2289 3701 2353 retractaret,
3730 2298 3788 2344 et

2203 2360 2407 2428 prolixa
2437 2361 2672 2432 Epistula
2705 2363 2766 2417 in
2791 2376 2974 2420 n05tra
3005 2369 3322 2426 recensione
3349 2371 3534 2428 CXVI.
3562 2391 3787 2434 accura-

2205 2452 2308 2508 tius
2345 2455 2395 2508 ei
2445 2456 2818 2524 responderet,
2850 2459 3177 2516 conﬁrmans
3205 2464 3348 2534 quod
3375 2465 3565 2524 Petrus
3593 2472 3787 2528 merito

2201 2546 2570 2615 veraeiterque
2642 2550 3004 2621 reprehensus
3059 2553 3237 2609 fuerit.
3292 2554 3498 2614 Czetera
3547 2562 3782 2630 mirum,

2201 2650 2362 2705 quam
2393 2650 2450 2690 se
2477 2635 2712 2693 demisse
2739 2639 2998 2696 adversus
3020 2656 3140 2697 eum
3163 2655 3333 2713 gerat,
3360 2648 3568 2704 veniam
3596 2651 3791 2722 depre-

2203 2739 2373 2794 catus,
2426 2729 2596 2786 sicubi
2627 2731 2785 2788 dictis
2817 2733 3198 2792 incautioribus
3224 2753 3344 2794 eum
3377 2742 3676 2810 offenderit,
3707 2755 3789 2801 at-

2204 2840 2308 2895 que
2332 2841 2614 2896 excusans,
2645 2830 2786 2901 quod
2816 2832 2958 2887 nulla
2980 2848 3073 2888 sua
3096 2833 3250 2904 culpa
3274 2835 3423 2905 prior
3439 2836 3524 2890 illa
3548 2836 3789 2906 Epistula

2205 2932 2300 2987 per
2328 2920 2614 2974 multorum
2643 2937 2831 2977 manus
2856 2924 3233 2988 obambularit,
3261 2935 3546 2996 antequam
3569 2928 3635 2981 ad
3665 2945 3785 2984 eum

2207 3011 2528 3080 perveniret.
2578 3013 2729 3070 Hunc
2757 3016 2916 3071 ﬁnem
2948 3015 3134 3072 habuit
3157 3017 3386 3074 celebris
3414 3019 3501 3073 illa
3530 3019 3787 3094 Hieron}.

2206 3117 2349 3156 mum
2377 3102 2516 3159 inter
2532 3114 2693 3174 atque
2714 3107 3069 3178 Augustinum
3091 3108 3402 3179 disputatio,
3429 3124 3564 3180 quos
3581 3125 3787 3165 summa

2207 3194 2460 3266 deinceps
2521 3199 2688 3269 gratia
2747 3208 2802 3254 et
2851 3199 3191 3256 necessitudo
3237 3201 3559 3258 intercessit.
3605 3204 3791 3258 Annus

2211 3287 2541 3356 trahebatur,
2589 3307 2724 3347 cum
2760 3292 2884 3349 ﬁnis
2929 3294 3314 3350 concertationi
3361 3295 3643 3365 impositus
3686 3304 3789 3360 est,

2207 3383 2768 3456 quadringentesimus
2817 3386 3055 3457 quintus,
3104 3395 3162 3442 ut
3209 3402 3273 3442 ex
3302 3386 3696 3457 cbronulogicis
3724 3386 3789 3442 ad

2210 3476 2472 3530 laudatam
2506 3476 2668 3532 modo
2693 3477 2974 3548 Augustini
3025 3477 3316 3548 Epistulam
3364 3477 3515 3533 Notis
3557 3488 3788 3534 constat.

2284 3567 2378 3624 IX.
2428 3571 2530 3626 Per
2575 3570 2624 3625 id
2651 3579 2826 3626 autem
2856 3571 3112 3641 temporis
3139 3570 3381 3639 quaedam
3409 3571 3510 3626 alia
3537 3571 3704 3628 fuisse
3729 3572 3795 3627 ab

2211 3660 2537 3733 Hieronymo
2575 3663 2788 3733 scriptis
2820 3661 3035 3729 tradita,
3065 3662 3210 3718 nihil'
3227 3673 3309 3717 est
3335 3662 3578 3718 dubium.
3609 3663 3676 3717 Et
3703 3679 3794 3718 su-

2213 3752 2425 3822 periure
2465 3752 2680 3823 quidem
2718 3753 2958 3823 proxime
2994 3768 3136 3808 anno
3171 3754 3479 3810 admonitus
3516 3771 3545 3808 a
3574 3753 3793 3824 Ripario

2213 3843 2605 3900 Tarraconensi
2629 3844 2972 3917 Presbytero,
3019 3845 3160 3915 quod
3196 3846 3512 3917 Vigilantius
3551 3846 3791 3911 doceret,

2213 3932 2503 4005 Martyrum
2545 3950 2650 3990 non
2696 3949 2818 3991 esse
2864 3935 3120 3991 colendus
3147 3937 3378 4004 cineres,
3410 3937 3796 4008 damnarctqne

2214 4025 2486 4080 solemnes
2512 4024 2775 4082 Fidelium
2817 4027 2883 4082 ad
2909 4042 3094 4082 eorum
3124 4027 3370 4097 sepulcra
3399 4028 3627 4099 vigilias,
3671 4029 3799 4099 Epi-

2215 4118 2408 4172 stulam
2453 4117 2520 4172 ad
2567 4118 2714 4174 illum
2760 4119 2975 4190 scripsit
3019 4120 3071 4174 in
3102 4120 3416 4174 recensione
3452 4128 3629 4174 nostra
3657 4118 3796 4175 CIX.

2215 4223 2318 4279 qua
2347 4217 2534 4265 contra
2561 4209 2818 4265 nefariam
2848 4211 3099 4267 literesim
3121 4210 3390 4275 velitatur,
3414 4221 3464 4267 et
3488 4211 3640 4282 quasi
3665 4227 3798 4281 pra:-

2217 4300 2350 4355 ludit
2391 4300 2458 4355 ad
2503 4315 2755 4372 pugnata,
2797 4301 3031 4358 offerens
3076 4311 3318 4372 paratum
3347 4316 3407 4356 se
3449 4299 3797 4356 confutatiuni

2218 4391 2471 4458 hominis,
2497 4393 2542 4446 si
2568 4392 2684 4456 eius
2704 4392 2770 4447 ad
2792 4409 2853 4449 se
2878 4393 3089 4450 libellus
3115 4394 3344 4450 Sanctus
3372 4393 3660 4465 Presbyter
3680 4394 3800 4448 mit-

2221 4493 2315 4538 tat.
2345 4483 2703 4540 Ostendemus
2731 4484 3080 4556 subsequenti
3117 4486 3378 4553 sectione,
3419 4485 3591 4554 ipsum
3619 4481 3801 4541 Sancti

2220 4577 2396 4634 Patris
2425 4577 2730 4633 Tractatum
2762 4587 2950 4633 contra
2978 4578 3323 4649 Vigilantium
3356 4595 3495 4634 anno
3521 4579 3802 4634 elucubra-

2222 4680 2331 4725 tum
2361 4672 2484 4726 406.
2533 4669 2588 4726 1η
2629 4686 2735 4742 quo
2759 4686 2879 4726 cum
2913 4679 3139 4726 testetur
3166 4673 3280 4742 ipse
3309 4670 3376 4725 dc
3405 4687 3464 4726 se
3489 4670 3800 4726 luculentis-

2219 4763 2370 4817 simis
2399 4762 2597 4827 verbis,
2629 4763 2693 4818 de
2722 4761 2920 4834 Vigiliis
2945 4770 2992 4815 et
3012 4761 3473 4832 pernoctationibus
3493 4761 3545 4815 in
3565 4761 3804 4816 Basilicis

2223 4855 2508 4927 Martyrum
2550 4872 2685 4926 saepe
2725 4855 3055 4919 celebrandis,
3096 4854 3150 4907 in
3196 4853 3448 4924 Epistula,
3491 4869 3646 4924 quam
3693 4863 3807 4908 ante

2223 4949 2318 5002 hoc
2343 4948 2500 5018 ferme
2527 4948 2780 5002 biennium
2808 4947 3000 5002 Sancto
3030 4945 3244 5016 Ripario
3269 4945 3565 5018 Presbytero
3587 4949 3806 5018 scripse-

2222 5058 2353 5105 ram,
2399 5039 2636 5111 respondi
2669 5038 2879 5093 breviter
2906 5053 2926 5093 :
2954 5038 3134 5093 nullus
3180 5047 3263 5092 est
3309 5037 3584 5093 dubitandi
3638 5039 3804 5104 locus,

2222 5136 2494 5193 subductis
2534 5133 2857 5200 rationibus,
2903 5134 3033 5203 quin
3077 5132 3193 5188 haec
3240 5132 3309 5188 sit
3356 5132 3594 5202 Epismla
3619 5141 3808 5203 quarto

2223 5245 2382 5299 supra
2428 5224 3009 5298 quadringentesimum
3054 5239 3218 5290 anno,
3249 5223 3623 5278 adscribenda.
3661 5222 3806 5278 Inse-

2224 5331 2418 5394 quente
2435 5319 2560 5385 405,
2583 5318 2739 5373 aliam
2757 5317 2990 5387 scripsit,
3008 5316 3120 5372 sive
3136 5314 3339 5371 CXVII:
3361 5314 3426 5369 ad
3453 5313 3617 5369 libelli
3647 5313 3810 5368 instar

2223 5416 2297 5470 ad
2336 5413 2553 5468 Matrem
2598 5420 2644 5465 et
2671 5407 2862 5463 Filiam
2885 5410 2939 5464 in
2966 5407 3137 5464 Gallia
3163 5416 3548 5472 commorantes,
3608 5420 3710 5476 qua
3761 5403 3813 5460 id

2224 5507 2564 5579 potissimum
2592 5511 2748 5572 urget
2771 5517 2835 5556 ac
2861 5501 3042 5567 docet,
3076 5501 3251 5556 viduis
3294 5508 3352 5555 et
3395 5498 3694 5569 virginibus
3736 5497 3811 5552 vi-

2227 5597 2440 5654 tandam
2458 5608 2577 5650 esse
2596 5592 2947 5648 domesticam
2971 5591 3413 5648 consuetudinem
3435 5605 3645 5654 eorum,
3669 5588 3810 5645 unde

2227 5693 2293 5744 sit
2325 5685 2616 5758 pericttlum
2662 5684 2745 5739 vel
2785 5684 3054 5754 pudicitia:
3093 5681 3175 5736 vcl
3216 5682 3395 5738 famae.
3443 5681 3724 5738 Retulerat
3761 5679 3815 5766 ei

2231 5794 2421 5849 nempe
2449 5775 2664 5849 quidam
2693 5775 2856 5832 frater
2879 5791 2909 5832 e
2947 5774 3137 5840 Gallia,
3167 5791 3220 5828 se
3247 5769 3431 5830 habere
3459 5789 3683 5829 sororem
3713 5771 3809 5828 vir-
