4052 6338
519 408 623 465 ιῖἱῢ

515 516 751 573 vertendo
770 557 785 581 ,
810 531 909 568 non
935 513 1119 568 audent
1149 511 1392 577 scribere,
1413 525 1505 580 ego
1532 517 1890 563 committerem
1919 506 2061 560 casui
2080 546 2097 570 ,

515 611 601 683 qui
628 624 824 680 semper
849 608 1094 662 dictantes
1121 605 1342 676 sequitur
1363 645 1378 668 ,
1417 614 1461 657 et
1487 602 1550 656 de
1589 603 1792 674 ingenio
1826 609 1978 671 atque
2005 600 2100 653 do-

515 703 694 756 ctrina:
721 702 950 755 audacite
975 699 1254 770 periculum
1280 699 1401 770 facit
1421 697 1690 766 :quoniam
1712 703 1768 749 ut
1787 710 1919 765 stupe
1945 702 2101 748 testa-

518 804 598 847 tus
650 810 760 848 sum
805 792 1027 847 laborem
1081 791 1288 862 propria
1331 789 1584 844 scribendi
1629 803 1783 841 manu
1821 791 1955 858 ferre
2001 801 2102 839 non

517 888 681 940 valeo.

589 978 677 1034 ill.
719 977 1093 1048 Interpellatus
1132 985 1309 1031 autem
1359 973 1445 1029 hic
1487 973 1637 1027 labor
1681 980 1767 1028 est
1806 970 1952 1025 brevi
1993 969 2101 1024 alio

514 1084 700 1127 contra
732 1071 1071 1141 Vigilantium
1101 1068 1284 1126 Libro.
1314 1081 1472 1136 quem
1504 1064 1684 1120 statim
1716 1063 1786 1118 ab
1813 1063 2100 1132 explanate

516 1164 798 1229 Malacliia,
830 1173 879 1216 et
909 1170 1191 1232 antequam
1217 1159 1282 1214 ad
1304 1159 1496 1213 Oscam
1529 1164 1837 1212 recurreret
1858 1195 1872 1218 ,
1904 1155 1961 1209 S.
1996 1153 2097 1208 Pa.

517 1271 596 1314 ter
645 1256 996 1312 elucubravit.
1042 1254 1316 1308 lnnuimns
1358 1251 1513 1322 paulo
1554 1257 1714 1314 ante,
1747 1264 1906 1320 quam
1939 1248 2100 1301 lionio

514 1349 607 1405 ille
649 1348 932 1412 haeresim,
957 1356 1008 1399 et
1048 1343 1242 1414 quibus
1284 1344 1336 1396 in
1375 1342 1507 1397 locis
1551 1349 1774 1395 sereret.
1821 1339 1876 1393 lo
1927 1339 2098 1394 Gallia

517 1437 708 1511 nempe
729 1482 742 1504 .
775 1456 838 1495 ex
867 1455 928 1495 ea
961 1437 1104 1492 enim
1133 1446 1248 1490 erat
1278 1437 1389 1507 ipse
1413 1434 1621 1488 natione
1649 1474 1665 1498 ,
1703 1442 1760 1486 ut
1789 1431 2100 1487 Gennadius

516 1533 676 1587 tradit
700 1549 715 1587 :
738 1540 792 1586 et
819 1530 1032 1599 praprie
1061 1526 1484 1597 Calagurritunus
1509 1567 1523 1589 ,
1560 1524 1672 1578 sive
1702 1537 1769 1576 ex
1795 1519 2098 1590 Calagurris

513 1625 632 1678 vico
669 1638 833 1695 prope
857 1620 1226 1676 Convenarum
1254 1619 1439 1673 urbem
1460 1659 1476 1682 ,
1509 1617 1560 1671 in
1595 1615 1848 1670 inferiore
1874 1613 2099 1683 Aquita-

515 1713 603 1769 nia
648 1713 714 1768 ad
763 1713 968 1767 radices
1008 1711 1273 1784 Pyrcnzci.
1317 1709 1391 1764 Ibi
1433 1719 1488 1765 et
1531 1707 1843 1771 Ecclesium,
1874 1714 1931 1759 ut
1957 1704 2098 1759 idem

513 1805 822 1862 Gennadius
869 1804 1033 1859 refert
1061 1845 1074 1869 ,
1107 1803 1366 1874 parocltite
1412 1802 1568 1854 tenuit
1595 1817 1615 1864 ;
1645 1815 1764 1870 qua;
1803 1813 1923 1853 eum
1955 1803 2100 1852 esset

512 1905 816 1952 Sanctorum
843 1895 1284 1966 Presbyterorum
1311 1892 1510 1961 Riparii
1539 1906 1604 1946 ac
1631 1889 1888 1945 Desiderii
1917 1903 2096 1958 parte-

511 1987 611 2041 ciis
636 1985 989 2044 contermina,
1019 1984 1175 2038 valde
1197 1983 1251 2037 lti
1273 1984 1373 2037 sibi
1404 1983 1471 2037 ab
1505 1982 1625 2052 ejus
1660 1981 1854 2036 vicinia
1887 1989 2092 2034 metue-

513 2077 660 2132 bant.
694 2076 824 2131 Nam
852 2085 906 2130 et
937 2073 1232 2145 Episcopus
1259 2117 1274 2140 ,
1306 2074 1406 2129 sub
1434 2074 1589 2143 cujus
1619 2073 1706 2128 ille
1740 2073 1942 2126 ditione
1967 2085 2095 2140 age-

511 2168 634 2227 bat.
658 2167 974 2238 acquiescere
1001 2165 1163 2234 furori
1198 2166 1308 2236 ejus
1336 2165 1482 2219 visus
1509 2171 1593 2218 est
1615 2204 1630 2226 ,
1664 2162 1792 2216 dum
1821 2160 2096 2228 corripere

509 2274 736 2315 vesanus
764 2267 936 2311 motus
962 2267 1054 2312 aut
1080 2259 1378 2328 negligeret
1399 2297 1413 2321 ,
1443 2267 1533 2310 aut
1566 2270 1672 2310 non
1695 2253 1938 2310 auderet.
1972 2254 2093 2308 "1!!-

507 2364 691 2406 rcSeos
722 2349 836 2405 hcce
856 2359 1005 2404 erant
1032 2350 1203 2420 capita
1235 2368 1248 2404 :
1276 2349 1514 2405 Primum
1536 2364 1640 2402 non
1663 2363 1783 2403 esse
1809 2358 2092 2418 inartyres.

508 2457 681 2512 neque
728 2458 912 2496 eorum
945 2443 1197 2512 reliquias
1239 2441 1593 2508 venerandus,
1622 2456 1725 2494 non
1771 2439 2094 2509 vigilandum

507 2530 574 2586 ad
618 2546 802 2586 eorum
836 2533 1078 2602 sepulcra
1121 2533 1172 2586 in
1213 2532 1458 2586 ecclesiis
1489 2574 1502 2594 ,
1535 2532 1710 2586 nullos
1752 2531 1818 2584 iis
1857 2529 2096 2584 honores

506 2620 846 2676 deferendos.
874 2623 1012 2677 Tum
1043 2623 1261 2676 minimc
1287 2623 1525 2690 adjuvari
1559 2639 1654 2675 nos
1684 2621 1929 2691 precibus
1955 2624 2093 2676 San-

512 2720 723 2766 ctorum
745 2754 760 2777 ,
798 2729 934 2782 quos
974 2724 1172 2768 nostrze
1208 2714 1556 2768 necessitates
1593 2711 1976 2784 nillil‘tangant
1998 2753 2013 2774 .
2040 2721 2095 2766 et

507 2819 735 2872 quorum
782 2805 928 2875 signa
977 2803 1263 2859 incredulis
1307 2804 1584 2859 dumtaxat
1637 2805 1861 2873 prosint.
1913 2803 2094 2860 Tertio

509 2897 1036 2969 Ecclesiaeqnasdam
1052 2899 1404 2961 ceremonias,
1433 2910 1590 2968 atque
1618 2898 2093 2966 illamcumprimis

505 3003 696 3045 cereos
717 2990 946 3046 interdiu
972 2991 1296 3047 accendendi
1322 3035 1332 3054 ,
1366 3006 1624 3060 paganum
1650 2991 2092 3059 snpel'SlilioltCttt

505 3079 772 3148 redolere,
800 3098 899 3136 nec
929 3083 1146 3137 Alleluia
1170 3083 1494 3137 cantandum
1524 3082 1628 3135 nisi
1655 3083 1704 3135 in
1729 3082 1952 3136 Pascha.
1983 3081 2090 3137 Sed

479 3187 678 3242 ineque
719 3174 1108 3228 abdicationem
1149 3190 1179 3228 a
1231 3174 1413 3227 smculi
1463 3174 1624 3228 rebus
1667 3188 1787 3229 esse
1825 3173 1878 3228 in
1919 3173 2092 3228 laudis

506 3276 690 3335 parte;
717 3266 844 3335 quin
871 3268 1042 3334 potius
1067 3267 1445 3321 Monacborum
1477 3277 1841 3335 paupertatem
1871 3281 1933 3320 ac
1963 3267 2084 3320 soli-

505 3356 767 3421 tudinem,
801 3356 1060 3410 desidiam
1083 3373 1143 3410 ac
1170 3366 1375 3428 turpem
1407 3356 1583 3426 fugam
1614 3357 1802 3411 videri.
1835 3358 2087 3412 Eleemo-

504 3461 666 3518 synus
705 3462 916 3517 quoque
967 3448 1374 3518 improbaudas,
1422 3465 1544 3518 qum
1589 3448 1978 3519 Jerosolymum
2033 3451 2088 3503 in

505 3540 824 3594 Sanctorum
883 3539 1129 3608 suffragia
1186 3541 1327 3594 mitti
1376 3549 1788 3602 consueverant.
1846 3541 2084 3611 Denique

505 3631 742 3686 Clericos
763 3626 983 3686 minimé
1011 3633 1249 3685 omnium
1276 3631 1474 3686 debere
1499 3647 1620 3688 esse
1644 3631 1880 3695 caelibes,
1902 3642 1956 3686 et
1988 3648 2086 3686 nc-

505 3722 634 3776 mini
664 3723 810 3778 credi
834 3723 1032 3778 debere
1059 3724 1357 3778 castitatem
1382 3742 1396 3778 :
1420 3724 1594 3778 nullos
1614 3723 1830 3779 earlich
1849 3725 2084 3781 ordinari

505 3827 682 3883 posse.
720 3813 844 3869 llaec
877 3813 1173 3869 blaterabat
1215 3815 1374 3870 bomo
1411 3831 1476 3870 ex
1523 3815 1644 3870 vita:
1674 3817 1801 3870 olim
1842 3816 2093 3871 instituto

502 3918 797 3974 cauponam
839 3920 1104 3961 exercens
1132 3922 1147 3958 :
1179 3921 1298 3976 qua:
1336 3907 1547 3976 scriptis
1585 3907 1781 3975 etiam,
1828 3917 1886 3962 ut
1925 3907 2086 3963 latius

502 4011 706 4052 venena
752 4008 1072 4068 serperent,
1105 4000 1463 4069 consignavit.
1509 3999 1722 4054 Jamdiu
1767 4009 1946 4055 autem
1992 4000 2083 4056 illa

504 4087 861 4160 Hieronymus
891 4091 1236 4159 exspectabat
1269 4108 1283 4145 :
1314 4106 1435 4160 qua:
1464 4092 1641 4145 statim
1667 4100 1827 4158 atque
1853 4093 2081 4161 accepit,

502 4181 809 4238 Sanctorum
838 4181 1278 4252 Presbyterorum,
1298 4183 1574 4251 Bipariiac
1591 4181 1848 4236 Desiilerii
1877 4193 2080 4254 rogatu,

501 4289 597 4345 per
619 4284 797 4346 partes
815 4277 1122 4341 confutavit,
1149 4277 1596 4346 quemadmodum
1626 4278 1983 4346 prazstiturum
1999 4292 2086 4341 se,

501 4366 606 4422 illis
652 4379 777 4422 ante
817 4367 1092 4422 biennium
1135 4377 1433 4438 receperat.
1468 4368 1766 4422 Exsecutus
1795 4378 1878 4424 est
1903 4381 2080 4426 amem

501 4458 752 4529 singulari
784 4458 983 4523 libello,
1010 4474 1170 4529 quem
1197 4459 1350 4512 unius
1369 4459 1527 4513 noctis
1551 4459 1894 4515 lucubratione
1913 4460 2080 4520 dicta-

501 4549 587 4614 uit,
613 4551 884 4621 festinante
903 4549 1178 4607 admodum
1199 4554 1358 4620 fratre
1381 4549 1636 4616 Sidonio,
1661 4551 1812 4620 cujus
1835 4552 1903 4606 ab
1931 4551 2084 4608 Jeru-

500 4640 720 4710 solymis
759 4642 811 4694 in
853 4639 1146 4712 Egyptum
1176 4644 1552 4713 properantis,
1595 4651 1756 4712 atque
1793 4645 1986 4700 exinde
2027 4646 2080 4699 in

499 4727 700 4782 Gallias
743 4731 1095 4799 regredientis
1139 4735 1590 4802 opportunitatem
1647 4749 1714 4788 eo
1768 4733 2081 4792 deserenda:

497 4818 804 4888 scriptionis
819 4834 933 4874 sum
951 4821 1169 4888 minime
1187 4823 1338 4877 duxit
1359 4825 1889 4893 prmtermittendam.
1913 4825 2087 4884 Porro

497 4910 766 4968 Sisinnius
787 4910 926 4965 idem
955 4912 1044 4967 ille
1073 4922 1180 4979 est,
1213 4915 1300 4968 cui
1345 4914 1575 4971 Sumtus
1606 4917 1760 4972 Pater
1790 4916 2075 4974 Commenta

500 5002 667 5058 tarios
705 5004 760 5057 in
805 5003 1123 5060 Zachariam
1170 5007 1468 5075 Essuperio
1507 5007 1774 5064 ToloSauo
1815 5009 2079 5078 Episcopo

499 5094 802 5152 reddendos
827 5096 1012 5165 dedit,
1041 5104 1098 5154 et
1121 5098 1276 5166 cujus
1299 5097 1485 5154 itidmn
1515 5101 1886 5170 festinationem
1909 5095 2088 5160 rever?

498 5189 604 5244 suri
634 5189 688 5242 in
717 5188 1040 5244 Praefatione
1085 5200 1359 5244 causatur.
1388 5189 1498 5248 Hos
1523 5203 1704 5246 autem
1727 5190 2074 5252 Commenta-

499 5279 613 5333 rios
637 5294 798 5348 quum
828 5279 942 5348 ipse
965 5294 1026 5334 se
1050 5279 1212 5346 dicat,
1236 5287 1294 5335 ut
1318 5281 1520 5335 dudum
1543 5282 1911 5350 Ostendimus,
1938 5300 2078 5344 antu)

502 5371 608 5428 406
645 5372 1018 5437 elucubrasse,
1049 5381 1212 5442 atque
1255 5388 1324 5429 eo
1351 5374 1567 5444 quidem
1605 5373 1819 5432 ineunte
1843 5420 1860 5442 ,
1887 5395 2077 5448 quem-

503 5462 791 5518 admodum
821 5462 938 5516 aliis
969 5465 1234 5518 rationum
1257 5466 1542 5520 momentis
1571 5482 1637 5524 es
1659 5467 1846 5525 eadem
1875 5469 2069 5532 Praefa-

502 5557 648 5612 tione
697 5557 785 5611 illa
815 5556 1153 5627 colligimus,
1193 5559 1576 5630 consequitur,
1623 5571 1680 5616 ut
1727 5562 1816 5619 hic
1863 5580 2078 5635 qucque

499 5648 664 5705 Liber
691 5657 877 5704 contra
908 5649 1255 5721 Vigilantiam
1291 5653 1358 5712 ad
1385 5653 1628 5711 eamdem
1651 5658 1775 5712 anui
1807 5659 1925 5728 ejus
1956 5675 2078 5729 par—

501 5749 610 5794 tem
641 5741 710 5796 sit
739 5742 1073 5800 referendus.
1113 5743 1316 5811 Sedet
1353 5745 1483 5803 illud
1523 5750 1666 5818 quod
1702 5767 1864 5823 supra
1901 5755 2078 5823 attigi-

501 5846 623 5888 mus
651 5834 701 5888 in
732 5838 1042 5894 recensione
1071 5838 1321 5907 Epistula:
1347 5842 1414 5898 ad
1439 5843 1711 5914 Riparium
1739 5847 1874 5902 hanc
1905 5846 2076 5916 ipsam

1796 397 1854 451 S.
1895 392 2270 450 lllERONYMl
2328 394 2510 452 VlTA.

2213 507 2472 576 temporis
2499 508 2830 567 notationem
2851 522 3051 580 prouu.
3071 512 3319 572 Testatur
3343 515 3540 587 quippe
3559 517 3796 579 Sanctus

2208 598 2324 667 ipse
2351 600 2586 668 Auctor,
2617 617 2684 658 ex
2710 619 2815 674 quo
2850 615 3094 677 tempore
3127 608 3421 678 Epistolam
3453 610 3600 666 illam
3628 613 3693 668 de
3720 616 3798 670 vi-

2206 689 2349 761 giliis
2376 701 2426 746 et
2453 698 2912 762 pernoctationibus
2940 700 2992 754 in
3022 699 3262 756 Basilicis
3293 700 3582 772 Martyrum
3602 705 3752 762 dedit
3777 749 3795 778 ,

2207 781 2272 836 ad
2301 780 2440 838 hunc
2459 784 2556 841 abs
2588 800 2647 843 se
2671 789 3027 860 conscriptum
3057 791 3294 848 libellum
3326 791 3497 850 lenne
3516 795 3796 858 biennium

2207 871 2502 930 efﬂuxisse.
2557 875 2631 932 Ea
2677 893 2806 932 vero
2847 896 2990 935 attito
3036 882 3564 954 quadringentesimo
3604 900 3797 958 quarto

2207 961 2349 1019 haud
2377 965 2540 1022 dubie
2565 968 2834 1038 adﬁgitur.

2279 1053 2366 1110 IV.
2397 1056 2499 1112 Per
2527 1057 2666 1114 idem
2694 1069 2935 1138 tempus,
2955 1062 3141 1121 eadem
3175 1074 3322 1124 certe
3347 1067 3677 1127 discedentis
3705 1072 3795 1132 Si-

2207 1144 2364 1200 sinuii
2397 1150 2825 1219 opportunitate,
2853 1153 2918 1207 ad
2951 1160 3252 1225 propositas
3280 1160 3380 1216 sibi
3410 1166 3736 1234 quurstiones
3763 1183 3793 1224 a

2205 1235 2461 1293 Minervio
2498 1249 2660 1309 atque
2697 1242 3005 1302 Alexandro
3033 1247 3341 1316 Monachis,
3376 1250 3605 1309 Sanetus
3636 1257 3794 1312 Putrt‘

2204 1332 2501 1400 restiondit.
2539 1335 2870 1406 Quamquam
2913 1357 3020 1393 non
3068 1357 3257 1397 omnes
3308 1354 3432 1400 tunc
3470 1347 3668 1413 solvit,
3696 1351 3791 1406 sed

2205 1425 2417 1491 proprie
2443 1424 2585 1480 illam
2614 1427 2681 1481 de
2710 1429 2888 1484 verbis
2915 1433 3176 1500 Apostoli,
3210 1433 3396 1492 Omnes
3435 1438 3638 1506 quidem
3666 1440 3790 1494 dor-

2203 1512 2434 1579 miemus,
2471 1527 2571 1570 etc.
2605 1519 2681 1585 (Ι.
2713 1517 2832 1576 Cor.
2869 1522 2952 1583 l5.
2985 1522 3063 1593 5).
3090 1540 3209 1594 qua:
3235 1534 3288 1580 et
3321 1530 3530 1583 Ozt'lcris
3568 1531 3680 1584 visa
3709 1541 3792 1586 est

2203 1605 2456 1660 omnibus
2481 1608 2714 1676 gravior,
2743 1621 2798 1665 et
2829 1613 3029 1682 majore
3061 1630 3181 1670 cum
3208 1617 3387 1672 studio
3413 1622 3657 1690 proponi.
3688 1621 3790 1676 Re-

2204 1695 2360 1766 liquis
2389 1713 2486 1755 cur
2510 1715 2618 1756 non
2648 1703 3014 1772 satisfaceret,
3047 1718 3299 1762 enitantur
3343 1712 3618 1780 angustias
3648 1723 3785 1766 tein-

2175 1790 2349 1868 _poris
2372 1831 2388 1855 ,
2419 1802 2473 1849 et
2501 1794 2726 1850 aliarum
2758 1813 2877 1865 qua:
2905 1800 3001 1853 abs
3042 1816 3102 1858 se
3133 1818 3237 1856 uno
3271 1811 3512 1874 tempore
3540 1810 3785 1864 certatim

2202 1883 2598 1952 repetebantur,
2626 1888 2974 1959 scriptiOnum
3005 1901 3060 1946 et
3090 1893 3385 1949 litterarum
3409 1895 3512 1950 vim
3542 1899 3784 1954 nimiam.

2200 1973 2305 2029 Sed
2334 1992 2447 2031 rem
2480 1989 2695 2047 praestat
2721 1982 2791 2038 ab
2818 1983 2934 2053 ipso
2961 1984 3149 2041 audire
3177 1989 3450 2053 conceptis
3484 1991 3689 2058 verbis,
3721 1992 3783 2050 es

2200 2068 2393 2136 quibus
2421 2070 2531 2139 ipsn
2556 2073 2739 2138 etiam,
2764 2091 2923 2143 quam
2951 2078 3204 2144 diximus,
3229 2079 3480 2149 Epistula:
3510 2083 3628 2153 ejus
3654 2095 3787 2142 tetas

2200 2158 2397 2215 elucet.
2428 2158 2496 2216 In
2526 2164 2658 2231 ipso,
2687 2163 2876 2234 inquit,
2896 2169 3011 2237 jam
3036 2172 3361 2241 profectionis
3385 2174 3600 2230 articulo
3624 2179 3787 2230 sancti

2199 2250 2375 2318 fratris
2402 2252 2561 2305 nostri
2590 2253 2791 2319 Sisinii,
2820 2258 2906 2325 qui
2946 2268 3108 2312 uestra
3143 2261 3266 2314 mihi
3293 2262 3486 2333 scripta
3515 2265 3783 2334 detulerat,

2199 2343 2308 2394 licet:
2335 2342 2717 2412 qualiacumque
2741 2358 2878 2413 sunt,
2908 2349 3101 2404 dictare
3123 2354 3403 2420 compellor
3423 2373 3441 2409 :
3461 2373 3551 2409 nec
3583 2375 3784 2426 possum

2198 2441 2412 2484 vestram
2440 2433 2604 2490 celare
2628 2436 2972 2506 prudentiam,
3011 2442 3099 2496 sed
3127 2445 3353 2511 obsecro,
3381 2463 3445 2500 ne
3473 2448 3567 2501 hoc
3597 2451 3785 2503 dictum

2197 2521 2429 2591 referatis
2453 2523 2523 2576 ad
2545 2525 2798 2596 gloriam,
2829 2529 2949 2600 quin
2978 2533 3144 2601 potius
3173 2535 3243 2588 ad
3271 2538 3473 2606 plenam
3506 2542 3784 2593 necessitu-

2197 2611 2363 2667 dinem
2384 2656 2400 2681 ,
2431 2615 2552 2670 dum
2582 2617 2656 2672 ita
2683 2620 2818 2674 vobis
2857 2624 3004 2692 quasi
3046 2626 3171 2679 milii
3209 2627 3405 2696 loquor.
3447 2630 3638 2685 Multas
3665 2651 3786 2687 san-

2195 2713 2390 2759 ctorum
2415 2710 2634 2776 fratrum
2670 2727 2733 2765 ac
2766 2729 2995 2767 sororum
3020 2717 3084 2771 de
3109 2728 3269 2772 vestra
3306 2721 3568 2787 provincia
3604 2726 3784 2784 adnue

2195 2793 2373 2849 detulit
2401 2801 2724 2868 quastiones,
2751 2803 2820 2856 ad
2845 2820 2969 2874 quas
3000 2823 3157 2874 usque
3189 2811 3257 2863 ad
3285 2811 3416 2864 diem
3454 2811 3782 2885 Epiphanio-

2195 2903 2308 2941 rum
2335 2890 2623 2961 largissime
2649 2896 2815 2966 spatio
2843 2914 2924 2951 me
2945 2915 3304 2968 responsurum
3333 2905 3593 2973 putabam.
3623 2907 3781 2962 Cum-

2194 2996 2290 3048 que
2316 2983 2515 3052 fartivis
2545 2989 2766 3041 noctium
2793 2989 3249 3047 lucubratiunculis
3283 2996 3352 3048 ad
3391 2997 3658 3068 plerasque
3696 3001 3780 3054 tli-

2193 3083 2381 3126 ctarem
2417 3089 2436 3128 :
2475 3085 2523 3129 et
2567 3079 2778 3149 expletis
2821 3083 2938 3136 aliis
2963 3125 2978 3148 ,
3025 3101 3104 3138 nte
3152 3087 3220 3138 all
3265 3099 3481 3142 restrain
3527 3093 3672 3160 quasi
3716 3095 3785 3148 ad

2194 3165 2541 3236 diﬁcillimam
2571 3187 2907 3237 reservarem,
2939 3177 3102 3231 subito
3126 3181 3442 3248 supervenit,
3472 3199 3705 3239 asserens
3729 3203 3783 3240 se

2192 3254 2331 3309 illico
2368 3261 2734 3330 profecturum.
2777 3263 3003 3334 Cumque
3044 3284 3157 3321 eum
3197 3285 3426 3339 regerem
3463 3282 3516 3327 ut
3553 3273 3781 3340 differret

2192 3349 2306 3415 iter,
2331 3349 2503 3422 Libyae
2522 3353 2646 3407 mihi
2669 3357 2819 3424 capit
2840 3359 3026 3427 fantem
3049 3360 3334 3426 obtendere,
3359 3366 3782 3424 monasteriorum:

2193 3439 2414 3512 ngypti
2443 3445 2786 3512 necessitates,
2814 3446 2931 3510 Nili,
2956 3467 3055 3504 nou
3094 3453 3268 3520 plenas
3293 3469 3470 3520 aquas,
3503 3458 3779 3514 multorum

2191 3531 2434 3598 inediam,
2463 3545 2516 3588 ut
2542 3553 2700 3605 progie
2726 3537 2921 3605 oﬁ'eusa
2949 3553 3074 3595 esset
3099 3545 3152 3596 in
3179 3542 3456 3602 Dominum
3476 3548 3622 3604 illum
3643 3553 3779 3608 ultra
3865 3581 3869 3590 ·

2191 3623 2317 3678 uelle
2346 3627 2574 3682 retinere.
2609 3628 2793 3702 Itaque
2819 3634 3109 3704 subtrgmen
3133 3646 3181 3689 et
3215 3639 3458 3705 stamina,
3489 3643 3704 3711 licioque
3731 3656 3780 3699 et

2191 3715 2316 3768 telas
2336 3757 2351 3781 ,
2383 3733 2496 3785 qua:
2524 3718 2647 3772 milii
2672 3720 2740 3772 ad
2770 3734 2983 3776 uestram
3022 3727 3242 3782 tunicam
3286 3745 3617 3798 paraveram,
3641 3737 3777 3790 vobis

2189 3807 2470 3880 iuconfecta
2507 3814 2785 3878 transmisi,
2819 3825 2873 3867 ut
2898 3817 3145 3888 quotquid
3174 3821 3298 3873 mihi
3325 3823 3482 3887 deest,
3513 3835 3673 3882 restro
3699 3837 3775 3883 te-

2187 3908 2342 3954 statur
2364 3901 2580 3972 eloquio.
2611 3903 2834 3974 Reliqua
2867 3907 2968 3961 huc
2999 3919 3109 3964 tute
3135 3911 3360 3967 referas.

2267 3990 2326 4044 V.
2353 3990 2469 4047 iam
2500 3994 2678 4064 itaque
2707 3995 2758 4048 in
2787 3996 3080 4064 Prophetas
3114 4000 3350 4058 minores
3377 4020 3563 4062 omnes
3590 4006 3646 4063 S.
3677 4008 3780 4063 Pav

2191 4091 2271 4136 ter
2312 4082 2742 4142 Commentarios
2785 4089 3122 4159 abSoive:at,
3173 4110 3332 4163 quum
3383 4098 3447 4151 ad
3499 4099 3770 4156 Danielum

2188 4175 2370 4231 eadem
2395 4191 2559 4246 opera
2587 4179 2983 4247 illustramlnm,
3008 4185 3246 4241 animum
3272 4187 3516 4244 advertit.
3550 4191 3606 4246 In
3631 4193 3773 4247 Prat-

2190 4265 2409 4334 fatione,
2439 4267 2632 4339 Ipsius,
2667 4271 2854 4341 inquit,
2889 4272 3164 4346 Prop/tetu:
3201 4277 3349 4332 verba
3391 4291 3640 4348 texamus,
3670 4299 3775 4336 non

2179 4359 2333 4428 juxta
2360 4363 2774 4416 consuetudinem
2817 4375 3079 4432 nostram,
3118 4381 3452 4439 preponentes
3491 4375 3663 4427 entnia
3682 4415 3697 4438 ,
3727 4385 3771 4428 et

2187 4449 2358 4502 omnia
2386 4450 2705 4519 disserentes,
2734 4465 2786 4508 ttt
2815 4457 2870 4510 in
2903 4456 3180 4512 Duodecim
3213 4459 3486 4531 Prop/telis
3516 4467 3726 4536 fecimus
3751 4485 3772 4526 :

2186 4541 2274 4596 sed
2303 4541 2512 4595 breviter
2550 4553 2597 4598 et
2635 4561 2725 4616 per
2751 4547 3018 4604 intervalla
3054 4567 3113 4604 ea
3151 4560 3377 4618 tantum,
3407 4571 3523 4626 qua
3559 4557 3771 4613 obscura

2187 4641 2303 4685 sunt
2325 4635 2676 4704 cxplanantes.
2709 4639 2896 4693 Annus
2922 4640 3147 4709 proinde
3173 4642 3279 4710 iam
3307 4659 3603 4701 excesserat
3637 4666 3737 4718 qua
3755 4677 3771 4690 -

2188 4723 2636 4794 dringcn-tesimus
2682 4737 2902 4794 sextus,
2945 4730 3097 4798 cujus
3147 4743 3432 4801 postrema:
3476 4737 3586 4793 fere
3634 4743 3770 4808 parti

2189 4825 2454 4885 postrema
2501 4818 2628 4871 item
2674 4833 2739 4873 ex
2785 4819 3067 4875 duodecim
3112 4823 3392 4892 l’rOpIn-tis
3433 4830 3770 4897 explanatio,

2188 4923 2306 4976 qmc
2330 4918 2410 4962 est
2435 4909 2486 4962 in
2515 4913 2701 4976 Amos,
2727 4925 2791 4966 ex
2820 4927 2996 4966 rerum
3024 4915 3184 4980 serie,
3210 4925 3263 4971 et
3289 4919 3424 4972 sexti
3450 4918 3773 4977 Consulatus

2188 4999 2404 5054 Arcadii
2436 5003 2658 5072 Augusti
2708 5015 2762 5057 et
2791 5004 2953 5057 Anitii
3003 5007 3150 5074 probi
3195 5011 3470 5066 notatione
3513 5012 3767 5085 afligitur.

2189 5089 2305 5142 Alia
2353 5105 2421 5145 cx
2467 5103 2617 5160 parte
2665 5092 2897 5148 nondum
2947 5095 3506 5167 quadringentesimus
3549 5115 3772 5161 octavus

2191 5182 2472 5251 agebatur,
2507 5192 2562 5237 ut
2596 5199 2663 5242 ex
2702 5184 2787 5239 bis
2815 5200 2932 5254 qum
2958 5185 3023 5238 de
3063 5184 3339 5245 Stiliconis
3374 5207 3504 5248 nece
3535 5210 3659 5249 mox
3691 5197 3776 5251 di-

2193 5287 2396 5338 cemus,
2419 5274 2706 5329 constabit.
2731 5273 2892 5342 Igitur
2915 5275 3232 5333 intermedio
3249 5281 3774 5356 quadringentesimo

2191 5367 2420 5434 septimo
2449 5367 2782 5436 conscriptus
2809 5367 3234 5426 Commentaries
3276 5373 3361 5428 llic
3391 5384 3474 5431 est
3493 5417 3510 5442 ,
3535 5378 3692 5448 cujus
3721 5381 3772 5434 in

2189 5457 2513 5514 Praefatione
2549 5457 2607 5513 S.
2648 5460 2848 5514 Auctor
2883 5465 3151 5528 οἰκονομίαν
3193 5478 3446 5533 omnem,
3477 5477 3532 5522 et
3583 5485 3773 5527 causas

2189 5551 2422 5622 suscepti
2453 5550 2549 5605 abs
2577 5565 2639 5605 se
2677 5553 2856 5621 operis
2893 5554 3129 5622 exponit.
3178 5552 3418 5612 Subinde
3450 5558 3594 5614 enim
3637 5560 3746 5616 Por

2188 5645 2396 5720 pliyrii,
2426 5646 2517 5716 qui
2555 5657 2732 5702 contra
2774 5647 3036 5704 Danielem
3072 5649 3430 5706 duodecimum
3460 5657 3678 5726 proprie
3707 5658 3766 5711 li-

2188 5737 2334 5794 brum
2357 5739 2668 5808 scripserat,
2697 5741 2993 5798 calumnias
3023 5741 3213 5796 refellit
3238 5761 3252 5797 :
3280 5747 3626 5820 ostenditque
3653 5766 3772 5806 con-

2197 5828 2445 5898 tinenter,
2478 5831 2679 5887 nullum
2713 5833 3096 5904 Pmpbetarum
3127 5840 3233 5887 tam
3266 5847 3448 5896 aperte
3475 5839 3674 5906 dixisse
3701 5843 3772 5906 de

3695 409 3855 462 160.
