4052 6338
178 327 274 384 ibi

180 441 418 500 Christo.
455 439 587 498 Non
613 442 776 508 enim,
804 441 908 506 ait,
935 441 1098 496 solum
1123 439 1293 494 scribit
1327 454 1439 493 eum
1469 455 1574 494 esse
1599 447 1776 492 ventu-

184 552 329 601 runt,
364 534 511 604 quod
556 543 635 590 est
675 549 937 588 commune
975 550 1088 586 cum
1125 532 1316 588 ca’teris
1348 546 1367 586 :
1395 530 1482 586 sed
1508 540 1656 583 etiam
1680 545 1780 596 quo

187 640 406 700 tempore
444 638 696 684 venturus
724 628 823 693 sit,
851 627 995 682 docet
1023 641 1045 681 :
1072 637 1121 681 et
1149 642 1292 697 reges
1331 641 1420 696 per
1444 623 1671 678 ordinem
1697 623 1779 674 di-

188 720 310 791 gerit
328 760 344 782 ,
369 726 418 774 et
439 733 612 773 annos
637 727 924 783 enumerat,
951 733 1013 771 ac
1041 716 1449 787 manifestissima
1472 715 1618 784 signa
1646 727 1780 782 prae-

190 812 408 867 nuntiat.
457 809 715 866 lnscribit
760 819 936 866 autem
987 809 1331 864 Pammachio
1380 817 1436 862 et
1479 805 1775 868 Marcellzc,

190 917 321 974 quos
344 910 404 958 et
431 901 730 970 compellat
753 901 825 956 ibi
851 901 1030 956 verbis
1057 897 1612 956 honoriﬁcentissimis
1633 938 1649 963 ,
1677 895 1780 949 0b-

190 1011 328 1049 secro
359 1009 468 1057 eos,
500 993 770 1064 inquiens,
803 991 1101 1045 Pammachi
1138 998 1529 1064 φιλομαθέστατι,
1556 997 1604 1041 et
1635 986 1782 1041 Mar-

191 1086 350 1147 cella.
391 1085 602 1138 unicum
644 1082 893 1138 Romana!
929 1083 1213 1140 sanctitatis
1249 1082 1541 1150 exemplar,
1573 1081 1779 1151 junctus

191 1177 292 1245 ﬁde
317 1185 363 1230 et
399 1176 688 1247 sanguine,
730 1185 783 1231 ut
827 1183 1034 1231 conatus
1076 1191 1210 1230 meos
1253 1175 1428 1230 vestris
1467 1174 1777 1229 orationibus

189 1265 460 1336 adjuvetis.

261 1356 348 1412 Vl.
381 1356 605 1412 Factum
647 1371 774 1412 vero
817 1365 944 1412 tunc
980 1355 1185 1426 aliquot
1221 1356 1558 1426 improbitate
1600 1355 1776 1410 homi-

191 1467 338 1515 num,
362 1451 451 1518 qui
475 1450 906 1523 llieronymianis
929 1449 1120 1506 studiis
1145 1458 1202 1505 et
1225 1450 1455 1505 nominis
1479 1448 1775 1506 celebritati

190 1545 535 1612 invidebant,
580 1555 641 1600 ut
686 1544 901 1616 quidam
943 1544 1323 1604 Commentarii
1369 1544 1486 1614 ejus
1529 1545 1674 1600 locus
1721 1544 1775 1599 in

187 1636 508 1691 calumniam
552 1635 860 1691 traheretur
902 1634 1058 1706 longe
1103 1634 1510 1705 gravissimam,
1554 1633 1776 1704 perinde

187 1735 348 1797 atque
386 1725 622 1794 Principi
671 1736 797 1781 tunc
832 1726 948 1780 viro
989 1725 1271 1792 Stiliconi,
1298 1725 1387 1795 qui
1429 1723 1498 1780 de
1535 1725 1776 1780 barbaris

186 1817 435 1886 gentibus
478 1816 545 1870 ad
592 1815 822 1871 Romani
863 1816 1132 1872 exercitus
1170 1815 1359 1872 ducem
1406 1823 1772 1885 processerat,

187 1906 441 1975 injuriam
488 1906 718 1962 diceret.
765 1907 994 1962 Sanctus
1038 1906 1198 1962 Pater
1246 1907 1299 1960 in
1344 1905 1772 1976 explanationem

187 2011 396 2066 magna:
435 1996 582 2052 illius
626 2005 845 2064 statuae,
879 2012 1039 2068 quam
1084 1997 1294 2067 objecta
1336 1997 1516 2052 animo
1557 1996 1771 2067 specie,

186 2087 685 2163 Nabuchodonosor
732 2088 976 2156 viderat,
1023 2090 1337 2160 mysterium
1382 2088 1556 2159 quarti
1607 2087 1772 2157 Regni

182 2181 329 2249 juxta
364 2182 663 2246 Danielem,
695 2181 828 2236 dixit
855 2183 1071 2252 proprie
1097 2181 1162 2235 ad
1189 2181 1460 2236 Romanos
1485 2180 1772 2250 pertinere,

185 2280 238 2326 et
262 2280 457 2326 statua:
489 2273 654 2341 pedes
680 2280 733 2328 et
759 2271 954 2344 digitos
974 2286 1044 2329 ex
1070 2279 1220 2341 parte
1241 2270 1444 2325 ferreos
1464 2281 1515 2325 et
1537 2287 1599 2324 ex
1627 2279 1775 2338 parte

190 2361 378 2416 fietiles
406 2378 475 2418 eo
502 2371 746 2432 tempore
779 2363 1216 2418 manifestissime
1239 2361 1596 2430 comprobari.
1632 2360 1775 2414 Sicut

185 2453 330 2517 enim,
359 2453 460 2518 ait,
494 2454 549 2506 in
586 2452 837 2524 principio
867 2452 997 2505 nihil
1032 2451 1264 2504 Romano
1292 2451 1504 2520 imperio
1526 2450 1707 2520 fortius
1731 2459 1776 2503 et

185 2544 355 2597 durius
385 2545 488 2615 fuit
515 2561 535 2599 :
557 2545 629 2596 ita
655 2545 711 2596 in
739 2543 842 2610 [ine
871 2559 1039 2597 rerum
1064 2541 1195 2596 nihil
1217 2541 1543 2607 imbecillius,
1572 2541 1775 2610 quando

183 2645 224 2686 et
250 2634 300 2686 iu
325 2634 487 2687 bellis
507 2633 764 2698 ciuilibus,
787 2643 835 2688 et
862 2633 1129 2688 adversum
1153 2631 1375 2686 diversas
1395 2635 1620 2686 nationes
1644 2634 1775 2686 alia-

185 2740 287 2777 rum
323 2723 569 2794 gentium
597 2721 946 2776 Barbararum
975 2723 1258 2794 indigemus
1289 2723 1498 2777 auxilio.
1541 2722 1607 2777 Et
1646 2737 1772 2794 Sug-

183 2814 350 2882 gillari
383 2813 475 2867 his
504 2811 723 2882 quidem
757 2813 1038 2868 barbarum
1067 2813 1258 2868 ducem
1278 2853 1295 2878 ,
1323 2828 1412 2868 res
1451 2812 1617 2868 ferme
1659 2815 1770 2882 ipsa

184 2904 540 2974 significabat,
563 2911 623 2958 ut
642 2903 937 2960 conﬂandze
956 2904 1282 2959 accusationi
1307 2905 1357 2958 in
1381 2904 1438 2959 S.
1468 2905 1767 2968 Ductorem,

185 2995 319 3051 haud
346 3011 482 3051 sane
503 3006 652 3052 esset
691 2995 808 3066 ejus
831 2995 1040 3051 aemulis
1064 2995 1432 3051 laborandum.
1461 2997 1771 3052 Econtrario

185 3088 357 3142 omnis
389 3085 752 3156 impendenda
789 3101 820 3141 a
857 3086 1112 3142 studiosis
1145 3088 1226 3141 sui
1258 3101 1382 3143 cura
1403 3129 1419 3152 ,
1451 3098 1508 3142 ut
1544 3089 1769 3158 benigna

187 3177 630 3247 interpretatione
659 3177 786 3243 loci,
818 3191 1033 3232 sensum
1059 3177 1167 3232 alio
1197 3179 1481 3247 referrent,
1511 3191 1566 3236 et
1597 3180 1772 3252 suspi-

186 3270 390 3324 sionem
421 3268 568 3324 illam
599 3267 739 3324 haud
768 3268 940 3325 levem
970 3269 1110 3324 Iresze
1136 3270 1433 3339 majestatis
1459 3284 1766 3342 purgarent.

190 3360 498 3417 Prarclarius
518 3371 699 3416 autem
725 3372 900 3417 actum
926 3379 1048 3420 cum
1070 3378 1135 3418 eo
1155 3371 1262 3429 est,
1285 3365 1427 3434 quod
1453 3375 1576 3420 ante
1607 3366 1770 3422 inter-

191 3451 356 3508 fectus
385 3462 470 3508 est
497 3453 706 3516 Stilico,
735 3469 893 3524 quam
925 3454 1121 3509 deferri
1150 3455 1389 3508 criminis
1419 3454 1609 3509 indicia
1641 3471 1768 3525 pos-

190 3553 321 3598 sent.
350 3545 488 3599 Rem
513 3553 693 3600 narrat
723 3545 838 3614 ipse
866 3545 1184 3600 Prmfatione
1207 3545 1474 3600 undecimi
1503 3545 1553 3600 in
1581 3544 1768 3600 l~aiam

191 3635 565 3691 Commentarii
585 3678 602 3702 ,
634 3652 792 3707 quem
821 3645 941 3706 post
968 3636 1136 3691 ferme
1165 3637 1456 3692 triennium
1487 3637 1768 3692 elucubra-

192 3728 277 3780 vit.
309 3726 432 3780 Non
471 3727 579 3790 sic,
623 3727 827 3798 inquit,
859 3727 1176 3781 adulandum
1215 3738 1286 3782 cst
1328 3725 1653 3798 Principibus
1675 3768 1690 3792 ,
1717 3735 1770 3780 ut

191 3817 464 3872 Sacrarum
511 3818 900 3889 Scripturarum
938 3821 1119 3874 veritas
1156 3819 1439 3890 negligatur
1464 3835 1484 3873 :
1509 3835 1597 3873 nec
1623 3835 1771 3890 gene-

190 3911 308 3964 ralis
337 3912 619 3982 disputatio
649 3911 800 3967 unius
828 3927 1054 3984 persona:
1093 3909 1407 3984 (Stiliconis)
1439 3912 1626 3984 injuria
1651 3921 1726 3966 est
1753 3927 1772 3966 :

189 4017 296 4068 qua
314 4020 469 4072 quum
489 4003 706 4074 benigno
727 4019 953 4058 meorum
976 4004 1146 4058 studio
1165 4013 1440 4069 caveretur,
1466 4001 1562 4057 Dei
1572 4002 1772 4072 judicio

190 4103 385 4163 repente
404 4094 604 4149 sublata
625 4103 717 4150 est.
739 4095 926 4150 Annus
949 4094 1206 4164 agebatur
1221 4093 1772 4165 quadringentesimns

194 4191 432 4250 octavus,
465 4184 694 4255 ejusque
719 4185 922 4240 mensis
946 4185 1237 4256 Augustus,
1268 4201 1427 4256 qttum
1459 4185 1770 4240 Stiliconem

193 4273 434 4332 violenta:
471 4291 666 4354 manus
703 4277 1052 4332 sustulerunt.
1087 4277 1280 4333 Putare
1309 4287 1486 4332 autem
1531 4293 1626 4348 par
1653 4288 1768 4346 est,

193 4375 307 4422 ante
332 4382 430 4423 sex
463 4365 589 4422 illos
617 4376 710 4422 aut
739 4377 944 4438 septem
977 4383 1209 4435 menses,
1238 4370 1329 4440 qui
1358 4378 1766 4440 prtecesserunt,

192 4454 289 4524 jam
317 4457 377 4514 S.
412 4457 586 4514 Patris
617 4459 1070 4515 Commentarium
1105 4460 1172 4515 ad
1202 4461 1342 4532 vulgi
1383 4477 1571 4517 manus
1607 4462 1770 4518 deve-

197 4549 357 4613 nisse,
390 4559 454 4606 ut
481 4550 572 4607 illa
603 4550 794 4607 instrui
837 4554 1108 4610 accusatio
1132 4553 1186 4609 in
1217 4569 1338 4610 eum
1381 4565 1598 4626 posset,
1625 4558 1772 4612 etab

197 4641 394 4698 attuulis
425 4641 642 4713 quidem
675 4636 887 4715 urgeri,
917 4659 948 4698 a
975 4645 1054 4699 sui
1091 4655 1268 4700 autem
1313 4646 1567 4702 studiosis
1592 4649 1768 4702 caveri

197 4729 433 4803 benigne,
458 4741 620 4804 atque
651 4733 704 4788 in
735 4734 926 4789 bonam
958 4747 1159 4805 partem
1181 4737 1397 4807 exponi.
1419 4737 1641 4794 Constat
1658 4739 1769 4809 jam

197 4821 401 4896 itaque,
449 4825 592 4895 quod
644 4825 985 4894 dicebamus,
1036 4827 1272 4883 nondum
1320 4839 1566 4884 octavum
1611 4847 1769 4901 supra

198 4917 773 4989 quadringentesimum
804 4935 1003 4974 annum
1031 4921 1295 4987 illuxisse,
1324 4937 1486 4991 quum
1515 4922 1773 4978 scriberet

199 5005 243 5060 in
270 5007 586 5075 Danielem;
615 5008 710 5064 scd
739 5010 922 5080 utique
954 5011 1341 5082 prmeedentem
1373 5014 1614 5082 proxime
1641 5030 1773 5084 qua-

199 5098 669 5169 dringentesimum
698 5101 987 5170 septimum
1014 5103 1078 5157 ad
1107 5104 1217 5158 fere
1242 5106 1399 5158 linem
1432 5119 1769 5175 properasse.

261 5191 365 5249 VII.
395 5193 552 5261 Quod
583 5194 928 5266 subsequitur
967 5194 1080 5251 fere
1124 5195 1429 5263 biennium,
1472 5197 1772 5254 scribendis

199 5283 252 5336 ad
291 5285 471 5339 varios
516 5283 809 5352 Epistolis,
840 5301 958 5356 ane
1000 5287 1256 5340 librorum
1294 5288 1525 5357 Speciem
1555 5296 1610 5344 et
1639 5289 1771 5343 Tra-

201 5383 420 5429 ctatuum
450 5390 517 5429 ex
549 5374 692 5430 mole
727 5385 886 5447 atque
911 5377 1122 5448 ingenio
1143 5379 1444 5448 scriptionis
1486 5397 1594 5450 pra:
1615 5397 1674 5436 se
1700 5381 1776 5438 fe-

203 5472 343 5531 rant,
383 5466 732 5536 absumptum
772 5476 873 5523 est.
913 5468 1018 5523 Sed
1059 5480 1114 5523 et
1153 5468 1223 5525 ab
1262 5486 1403 5526 anno
1448 5474 1772 5544 pratcedenti

201 5555 378 5627 scripta
411 5572 518 5612 una
557 5565 722 5627 atque
759 5558 922 5614 altera
961 5559 1124 5614 videri
1157 5563 1355 5632 possit,
1383 5578 1515 5634 quas
1541 5563 1660 5621 heic
1691 5575 1771 5619 ta-

202 5662 307 5705 men
349 5649 717 5707 recensendas
765 5649 1103 5718 distulimus,
1149 5666 1216 5706 ne
1259 5663 1491 5723 emptum
1539 5654 1774 5712 historiae

201 5743 427 5799 Ordinem
463 5744 922 5812 abrumporemns.
959 5743 1194 5799 Priorem
1223 5761 1284 5799 ex
1317 5744 1398 5800 his
1436 5745 1607 5802 locum
1635 5750 1772 5804 Obii-

1471 325 1527 382 S.
1573 323 1828 384 IIIERON
1838 322 1955 380 YMI
1995 323 2145 380 VITA
2158 363 2172 377 .

3365 341 3468 396 liii

1891 444 1980 490 net
2010 436 2097 488 illa
2129 434 2194 490 ad
2221 433 2490 492 lulianum
2533 437 2585 492 in
2614 436 2864 496 Editioue
2902 453 3082 499 "02“‘3
3109 445 3333 502 CXVIII.
3363 465 3464 521 qua

1885 526 1944 581 S.
1975 525 2132 582 Pater
2159 527 2430 584 hominem
2451 530 2575 584 olim
2599 533 2928 600 prazdivitem
2950 537 3294 604 consolatur;
3321 543 3465 614 quod

1889 617 2025 671 intra
2071 633 2269 687 paucos
2313 619 2427 674 dies
2471 622 2743 678 amisisset
2771 624 2904 680 duas
2941 627 3075 683 tilias
3113 640 3166 685 et
3207 648 3464 701 uxorem,

1885 718 2046 778 atque
2074 710 2468 766 incursantibus
2498 711 2738 767 barbaris
2781 715 2972 770 bonam
3002 733 3214 788 quoque
3251 739 3464 791 posscs-

1885 798 2096 853 sionum
2130 809 2354 869 partem.
2402 801 2657 856 Ilortatur
2685 815 2862 858 autem
2889 806 2954 860 ad
2988 809 3273 877 perfectam
3301 812 3462 867 vitam

1875 891 2134 960 exemplo
2184 892 2508 948 Pammachii
2550 905 2603 950 et
2645 895 2889 964 Paulini,
2921 914 3080 967 quem
3125 915 3246 955 cum
3290 903 3466 960 adhuc

1889 981 2244 1055 Presbyterum
2273 998 2462 1056 vocet,
2493 989 2623 1044 satis
2651 989 2934 1048 manifesto
2974 993 3173 1049 indicat
3209 1007 3332 1053 ante
3367 1015 3464 1052 αη-

1885 1088 2012 1136 num
2059 1076 2186 1143 £09,
2221 1094 2327 1148 quo
2357 1080 2446 1135 ille
2488 1081 2784 1152 Episcopus
2826 1092 3036 1139 creatus
3081 1095 3202 1153 cst,
3244 1087 3359 1143 huic
3405 1107 3467 1146 se

1885 1166 2140 1221 scribere.
2170 1169 2287 1223 Alia
2311 1185 2376 1225 ex
2400 1184 2548 1241 parte
2575 1173 3156 1244 quadringentesimum
3181 1181 3464 1250 septimum

1886 1257 2005 1328 plus
2035 1260 2212 1315 minus
2242 1272 2422 1327 notat,
2456 1264 2544 1319 ubi
2574 1266 2717 1320 inter
2739 1265 2935 1341 Juliani
2966 1270 3287 1328 tentationcs
3313 1287 3464 1328 como

1884 1365 2142 1407 memorat
2167 1357 2493 1411 vastationem
2523 1360 2674 1414 totius
2701 1359 2913 1415 barbaro
2935 1361 3075 1417 hoste
3101 1365 3390 1433 prorinciw,
3419 1376 3466 1421 et

1883 1442 1934 1497 in
1973 1447 2225 1500 communi
2265 1447 2656 1518 depopulatione
2696 1452 2918 1522 privatas
2959 1455 3327 1521 possessionum
3355 1457 3465 1526 ejus

1882 1535 2085 1603 ruinas,
2117 1537 2318 1592 abactos
2344 1550 2687 1595 armentorum
2715 1559 2917 1614 greges,
2961 1544 3148 1600 tinctos
3181 1548 3466 1617 occisosque

1881 1627 2140 1695 servulos,
2168 1637 2329 1698 atque
2360 1630 2442 1684 his
2471 1631 2665 1686 similia
2692 1674 2707 1699 ,
2741 1649 2860 1703 qua:
2903 1634 3002 1690 sub
3044 1635 3379 1707 Rhadagaiso
3410 1638 3463 1694 in

1883 1716 2112 1774 'l‘huscia
2142 1729 2302 1790 atque
2332 1719 2476 1776 Italia
2496 1761 2513 1786 ,
2542 1738 2606 1777 ex
2636 1739 2739 1794 qua
2770 1725 2987 1794 regione
3016 1725 3182 1782 fuisse
3219 1728 3464 1785 Julianus

1879 1805 2126 1874 videtur,
2158 1810 2292 1863 mala
2324 1811 2696 1881 contigerunt,
2739 1823 2797 1866 ut
2842 1813 3088 1884 I’rospcri
3119 1815 3423 1872 Chronicon
3443 1859 3460 1884 ,

1879 1905 2038 1968 atque
2064 1898 2182 1952 alite
2205 1915 2388 1954 eorum
2413 1909 2709 1972 temporum
2734 1903 2979 1959 Historia:
3004 1904 3218 1965 docent.
3243 1909 3468 1979 Accepit

1879 1989 2038 2060 paulo
2079 1999 2196 2060 post
2231 1992 2288 2047 S.
2325 1993 2522 2048 Doctor
2546 1994 2613 2049 de
2639 1997 2871 2049 extremis
2903 1995 3087 2051 Gallia:
3115 1997 3298 2066 ﬁnibus
3325 1999 3462 2054 dno-

1879 2077 2050 2133 decim
2094 2082 2391 2150 pr0positas
2416 2082 2516 2138 sibi
2547 2084 2881 2151 Qua‘stiones
2910 2087 2977 2141 ab
3016 2087 3236 2144 Iledibia
3259 2131 3274 2157 ,
3303 2101 3463 2161 atque

1882 2169 2127 2223 undecim
2159 2171 2291 2226 alias
2320 2173 2388 2225 ab
2413 2173 2646 2243 Algasia,
2675 2174 2890 2230 feminis
2915 2193 3032 2231 cum
3060 2179 3327 2250 plerisque
3349 2182 3465 2235 latt-

1880 2258 2038 2313 dibus
2081 2261 2200 2315 aliis
2249 2262 2463 2331 pietatis
2501 2273 2662 2334 atque
2702 2266 3020 2320 innocentia:
3051 2269 3320 2338 praeditis,
3351 2280 3460 2325 tum

1880 2365 2008 2404 vero
2036 2350 2105 2404 ob
2136 2351 2308 2406 studia
2339 2368 2615 2408 sacrarum
2645 2355 3042 2424 Scripturarum
3080 2359 3310 2414 eximiis.
3342 2361 3464 2429 Qui-

1881 2440 1980 2495 bus
2028 2441 2337 2512 singillatim
2381 2452 2434 2497 et
2481 2433 2552 2497 ad
2589 2445 2794 2515 singula
2837 2449 3191 2516 quaestionum
3231 2451 3461 2520 capitula

1878 2534 2009 2586 satis
2033 2544 2305 2600 accurate,
2333 2543 2493 2604 atque
2523 2535 2659 2590 adeo
2691 2536 2909 2605 prolixis
2935 2538 3000 2591 ad
3030 2540 3459 2596 Commentario-

1880 2639 1996 2677 rum
2036 2625 2202 2678 instar
2230 2626 2480 2695 Epistolis
2511 2625 2672 2698 (Epp.
2707 2626 2873 2682 CXX.
2903 2640 2949 2683 et
2970 2629 3195 2700 CXXI),
3233 2650 3461 2706 responc

1877 2715 2031 2782 dens,
2057 2717 2243 2772 nullibi
2267 2728 2441 2774 tatncn
2471 2720 2732 2776 vastitatis
2758 2720 3117 2779 Vandalorum
3148 2727 3462 2784 Alanorum-

1877 2823 1980 2876 que
2029 2809 2321 2880 irruptione
2364 2811 2553 2868 Galliis
2604 2813 2766 2869 illata:
2801 2818 3051 2872 meminit
3089 2836 3102 2872 :
3144 2836 3303 2889 quam
3353 2837 3458 2878 non

1876 2898 2086 2953 videtur
2113 2901 2328 2956 silentio
2356 2902 2563 2957 cladem
2610 2905 3012 2973 praeteriturus.
3045 2909 3088 2962 si
3120 2915 3361 2978 proxime
3392 2913 3460 2966 ab

1875 3005 1936 3044 ea
1964 2992 2286 3062 scripsisset.
2317 2993 2618 3066 Contigisse
2645 3008 2822 3054 autem
2850 2999 2938 3054 illa
2968 2999 3199 3066 videtur,
3224 3003 3268 3056 si
3292 3003 3457 3072 probe

1874 3081 2113 3138 rationes
2141 3084 2209 3139 ab
2238 3100 2423 3140 eorum
2466 3097 2767 3158 temporum
2812 3089 3080 3145 historicis
3118 3093 3459 3150 monimentis

1875 3171 2254 3240 subducimus,
2305 3177 2428 3231 anni
2478 3177 2584 3232 408
2642 3179 2806 3248 pridie
2865 3179 3112 3234 Calendas
3157 3180 3455 3238 Ianuarias.

1876 3263 2353 3322 Verositnillimtun
2381 3278 2463 3324 cst
2491 3271 2592 3324 alia
2622 3287 2685 3325 ex
2718 3281 2890 3342 parte,
2925 3288 3018 3343 per
3041 3275 3288 3330 eumdem
3317 3278 3460 3348 Apo-

1875 3354 2134 3426 demium,
2157 3357 2247 3427 qui
2271 3359 2500 3429 Algasim
2521 3361 2856 3430 Quwstiones
2881 3363 3145 3436 (Prosper.
3169 3367 3219 3420 in
3241 3365 3457 3434 Chron.)

1874 3445 2157 3516 detulerat,
2181 3465 2272 3504 eas
2301 3451 2461 3505 etiam
2491 3468 2622 3523 quas
2651 3451 2870 3510 Iledibia
2900 3456 2967 3511 ab
2994 3457 3182 3512 iisdem
3215 3460 3459 3516 mittebat

1875 3537 2164 3594 Galliarum
2204 3541 2397 3596 ﬁnibus
2437 3543 2644 3600 adlatas
2681 3563 2696 3599 :
2728 3561 2928 3617 parque
2967 3549 3201 3604 vicissim
3231 3560 3314 3605 est
3342 3567 3459 3607 cre-

1879 3628 2008 3685 dere
2027 3670 2042 3696 ,
2075 3645 2392 3700 responsum
2433 3634 2642 3703 utrique
2673 3652 2778 3691 uno
2807 3647 3048 3707 tempore
3067 3680 3082 3706 ,
3113 3639 3460 3711 ejusdemque

1877 3722 2276 3789 opportunitate
2309 3724 2587 3792 Apodemii
2632 3727 2904 3782 redeuntis
2934 3728 2986 3781 in
3026 3731 3269 3798 patriam.
3310 3732 3460 3787 Adeo

1875 3826 2039 3882 quum
2083 3814 2148 3866 ad
2199 3815 2559 3883 Qumstionem
2598 3819 2829 3890 Algasia:
2877 3821 3171 3890 decimam,
3217 3839 3277 3879 se
3319 3824 3461 3881 dicat

1876 3903 2102 3960 Sanctus
2129 3906 2290 3961 Pater
2315 3911 2377 3962 de
2401 3909 2686 3981 Rempham
2711 3912 2763 3964 in
2791 3911 3053 3982 PrOpIteta
3080 3914 3234 3968 Amos
3263 3917 3460 3985 plenius

1877 3996 2210 4062 disseruisse,
2249 3998 2399 4069 isque
2439 3998 2868 4056 Commentarios
2907 4003 2972 4057 ad
3035 4003 3160 4058 anni
3199 4003 3304 4061 406
3348 4005 3461 4062 fere

1878 4089 2081 4146 exitum
2112 4101 2318 4163 spectet
2351 4109 2365 4148 :
2398 4093 2620 4150 omnino
2648 4104 2806 4150 erunt
2849 4096 2952 4151 illa:
2980 4096 3230 4166 Epistolze
3257 4097 3307 4151 in
3337 4099 3462 4152 sub-

1877 4195 2164 4257 sequentes
2190 4187 2477 4258 septimum
2516 4199 2606 4244 aut
2637 4198 2881 4245 octavum
2914 4205 3072 4262 supra
3101 4193 3460 4266 quadringen-

1880 4276 2132 4332 tesimum
2174 4276 2506 4334 diﬂ'erendat.
2549 4281 2723 4352 Atque
2779 4279 2936 4352 hujus
2981 4281 3163 4354 utique
3207 4286 3462 4354 temporis

1883 4377 1996 4436 est,
2027 4384 2148 4442 qua:
2189 4370 2287 4426 has
2328 4385 2468 4442 pone
2511 4373 2773 4444 sequitur,
2801 4372 3010 4429 CXXII.
3041 4374 3106 4428 ad
3139 4373 3412 4429 Rusticum
3445 4394 3460 4429 :

1881 4476 2078 4532 quem,
2109 4464 2230 4534 quia
2273 4465 2588 4535 promissam
2629 4481 2750 4520 cum
2796 4480 2962 4520 uxore
3007 4465 3242 4520 Artemia
3287 4466 3462 4520 conti-

1881 4555 2116 4610 nentiam
2142 4555 2390 4626 fregerat,
2427 4557 2783 4628 llieronymus
2811 4555 2878 4610 ad
2909 4555 3298 4625 ptenitentiam,
3327 4565 3380 4610 et
3406 4566 3462 4610 ut

1877 4647 2016 4703 Loca
2063 4659 2244 4704 sancta
2288 4649 2509 4717 invisat,
2548 4648 2788 4718 conjugis
2827 4649 3079 4717 exemplo
3123 4647 3461 4704 adhortatur.

1877 4740 1994 4808 Quo
2017 4750 2071 4795 et
2094 4741 2271 4795 vocari
2303 4741 2450 4794 illutn
2479 4742 2550 4795 ait
2577 4743 2642 4794 ab
2664 4741 2886 4795 adversa
2913 4740 3200 4796 Galliarum
3228 4739 3460 4808 fortuna,

1880 4833 2180 4903 miseraque
2222 4833 2508 4902 provincia!
2537 4847 2648 4887 sua:
2679 4833 2957 4900 vastitate,
2991 4849 3149 4904 quam
3177 4832 3247 4888 ob
3277 4835 3461 4890 oculos

1879 4923 2048 4994 ponit.
2077 4922 2224 4989 Quod
2251 4923 2295 4976 si
2321 4933 2388 4989 te,
2420 4923 2607 4994 inquit,
2633 4925 2704 4978 rei
2727 4925 2997 4994 familiaris
3019 4933 3183 4979 tenent
3211 4926 3460 4996 reliquiw,

1880 5025 1934 5069 ut
1952 5015 2138 5070 scilicet
2159 5025 2206 5069 et
2227 5026 2408 5071 mortes
2432 5017 2712 5071 amicorum
2733 5027 2778 5071 et
2799 5017 2982 5071 civium
3007 5017 3196 5085 videas,
3221 5027 3269 5072 et
3289 5019 3465 5074 ruinas

1878 5105 2079 5160 urbium
2107 5117 2256 5178 atque
2295 5107 2532 5162 villarum
2551 5149 2568 5174 ,
2597 5108 2774 5162 saltem
2801 5109 2930 5163 inter
2961 5109 3265 5178 captivitatis
3293 5109 3462 5178 mala,

1879 5206 1925 5250 et
1951 5198 2141 5268 feroces
2168 5197 2386 5250 hostium
2411 5197 2597 5260 vultus.
2622 5208 2668 5252 et
2699 5196 2980 5253 Prouincia:
3005 5209 3105 5253 tua:
3125 5199 3324 5268 inﬁnita
3345 5217 3466 5253 nau-

1879 5287 2067 5360 fragia,
2098 5299 2258 5342 teneto
2289 5289 2513 5342 tabulam
2541 5291 2864 5359 paenitentiaz.
2893 5290 3169 5360 Ejusmodi
3199 5307 3467 5347 (erumnas

1880 5381 2238 5450 subsequente
2267 5397 2408 5436 anno
2435 5381 2563 5448 409,
2592 5382 2832 5437 scribens
2866 5382 2931 5435 ad
2961 5380 3313 5452 Ageruchiam
3337 5423 3354 5449 ,
3382 5397 3470 5437 ex-

1880 5482 2127 5544 aggerat,
2159 5483 2217 5526 ut
2245 5487 2362 5528 eam
2395 5487 2423 5526 a
2465 5472 2715 5528 secundis
2760 5473 2959 5544 nuptiis
2987 5473 3323 5527 dehortetur.
3363 5470 3464 5525 Hi-

1881 5567 2107 5638 spania,
2159 5565 2368 5637 inquit,
2403 5567 2626 5638 jamjam
2657 5567 2927 5636 perituras,
2960 5575 3005 5619 et
3040 5564 3206 5618 Roma
3249 5565 3362 5633 ipsa
3413 5563 3466 5616 in

1881 5660 2073 5731 gremio
2116 5676 2208 5715 suo
2249 5676 2350 5715 non
2397 5677 2490 5732 pro
2534 5659 2699 5732 gloria
2723 5702 2736 5726 ,
2766 5662 2856 5713 sed
2879 5675 2971 5729 pro
2997 5657 3160 5711 salute
3185 5671 3417 5726 pugnans
3447 5671 3464 5708 :

1887 5753 1989 5807 imo
2028 5770 2090 5808 ne
2118 5770 2348 5826 pugnans
2375 5753 2597 5826 quidem,
2622 5752 2709 5807 sed
2731 5767 2855 5805 auro
2883 5759 2926 5803 et
2957 5755 3133 5802 cuncta
3159 5746 3465 5819 supellectile
