4052 6338
498 366 624 434 ,163

519 485 674 543 vitam
695 479 943 536 redimens
973 473 1164 548 (Epist.
1197 469 1492 540 CXXIII).
1525 468 1651 525 Post
1676 479 1873 521 annum
1899 461 2101 518 scilicet

521 574 650 639 408,
677 587 782 642 quo
824 566 1060 622 medium
1107 576 1518 636 praetergresso,
1556 558 1743 614 scelere
1779 550 2106 610 semibarbari

524 660 801 737 proditoris
829 656 1136 723 Stilieonis,
1176 655 1394 709 obsessa
1432 652 1500 705 ah
1543 649 1755 706 Alarico
1787 655 1870 700 est
1896 643 2065 698 Roma
2088 681 2104 705 ,

525 733 645 826 qua:
675 753 839 806 vitam
868 759 926 802 ttt
964 747 1271 810 redimeret,
1303 744 1531 799 barbaro
1557 740 1676 795 duci
1705 739 1972 807 ingentem
2003 733 2108 784 vim

525 846 642 902 auri
668 840 942 914 appendit.
976 838 1212 906 Denique
1240 846 1294 892 et
1329 835 1395 888 ad
1425 832 1641 888 Avitum
1684 830 1896 882 hocmet
1934 837 2108 884 anno,

527 943 625 991 aut
670 931 974 1004 insequenti
1022 927 1261 1000 proxime
1312 925 1561 995 scripsit,
1611 929 1670 975 ut
1718 919 1886 990 prima
1932 915 2110 968 statim

529 1028 782 1100 Epistolm
811 1024 928 1096 ejus
955 1024 1118 1080 verba
1149 1020 1380 1075 indicant
1411 1035 1424 1070 :
1463 1016 1592 1070 Ante
1617 1029 1776 1066 annos
1805 1009 2002 1063 circiter
2027 1007 2114 1058 de-

530 1097 638 1176 cem
664 1120 882 1175 Sanctus
907 1117 980 1170 vir
1001 1111 1358 1168 Pammachius
1382 1109 1449 1161 ad
1479 1125 1556 1161 me
1582 1104 1846 1175 cujusdam
1865 1097 2114 1171 (Bullini)

531 1210 799 1268 schedulas
841 1208 1013 1274 misit,
1041 1220 1154 1278 qtae
1187 1201 1420 1274 Origenis
1458 1209 1563 1270 περὶ
1595 1199 1753 1268 ἀρχῶν
1791 1194 2116 1260 interpretata

533 1304 794 1361 volumina
820 1301 1128 1356 continerent
1154 1339 1169 1363 ,
1199 1298 1301 1350 into
1331 1295 1501 1348 vitiata
1524 1333 1539 1357 ,
1577 1295 1670 1343 hoc
1699 1299 2001 1355 magnOpere
2029 1297 2119 1351 po-

535 1401 751 1463 stulans,
778 1411 832 1451 nt
858 1395 1089 1451 Crtecam
1115 1394 1371 1449 veritatem
1396 1387 1582 1443 Latina
1608 1391 1824 1438 servaret
1853 1377 2118 1433 translatio

540 1489 733 1561 (Epist.
763 1486 1040 1558 CXXIV).
1076 1485 1360 1540 Enimvero
1385 1480 1526 1536 circa
1562 1491 1759 1530 annum
1799 1470 1927 1535 399,
1962 1468 2119 1522 Patu-

538 1582 778 1640 machius
807 1580 1032 1636 scitedas
1063 1580 1178 1634 illas
1207 1575 1272 1629 ad
1306 1574 1687 1642 Hieronymum
1721 1563 1896 1626 misit,
1936 1569 1994 1614 ut
2027 1573 2122 1612 su-

537 1675 944 1748 periorellapite
972 1669 1143 1727 XXX.
1166 1669 1592 1725 demonstratum
1622 1668 1723 1714 est.
1753 1657 1920 1711 Porro
1944 1663 2122 1706 autem

540 1743 994 1842 prmtermittettda
1026 1781 1130 1821 non
1173 1773 1275 1828 eSI,
1307 1775 1466 1831 quam
1496 1757 1611 1827 ejus
1643 1749 1947 1821 Origeuiaui
1979 1743 2123 1807 libri,

539 1868 635 1920 abs
661 1879 720 1920 sc
750 1864 802 1916 iu
833 1860 1078 1916 Latinum
1105 1854 1372 1920 conversi,
1402 1849 1679 1906 historiam
1705 1846 1817 1912 ipsc
1838 1836 2124 1895 subnectit.

545 1956 688 2012 Ferit
710 1996 726 2021 ,
757 1954 926 2024 inqttit
950 1994 964 2017 ,
996 1961 1050 2005 ut
1085 1948 1240 2003 voluit
1265 1988 1280 2012 ,
1310 1943 1517 2013 ntisique
1556 1940 1603 1993 ei
1641 1937 1794 1992 libros
1817 1975 1831 1998 ,
1859 1949 1986 2005 quos
2013 1947 2128 1985 cum

543 2047 740 2117 legisset
755 2023 1034 2107 exhorruit,
1059 2050 1104 2095 et
1124 2037 1326 2092 reclusit
1347 2034 1554 2095 scrinio,
1575 2045 1636 2083 ne
1655 2026 1842 2100 prolati
1860 2025 1912 2079 in
1929 2023 2126 2092 vulgus,

542 2142 817 2195 multarunt
860 2137 1056 2190 animos
1095 2130 1431 2185 vulnerarent.
1470 2125 1514 2178 Α
1553 2121 1771 2194 quodam
1821 2118 2006 2187 fratre,
2045 2113 2131 2184 qui

544 2231 754 2286 habebat
771 2228 933 2282 zelum
953 2224 1066 2289 Dei,
1091 2222 1180 2276 sed
1205 2236 1306 2274 non
1324 2217 1598 2272 secundum
1622 2210 1902 2273 scientiam,
1927 2215 2131 2276 rogatus

544 2333 598 2376 ut
623 2321 845 2375 traderet
864 2319 932 2370 ad
953 2317 1240 2388 legendum,
1263 2309 1406 2380 quasi
1431 2307 1600 2363 statim
1626 2302 1906 2367 reddituro,
1930 2306 2134 2369 propter

543 2413 827 2484 angustiam
857 2407 1094 2477 temporis
1134 2404 1365 2474 frondent
1403 2416 1504 2453 non
1541 2395 1701 2468 potuit
1731 2391 1997 2461 suspicari.
2033 2389 2134 2455 Qui

545 2481 805 2572 acceperat
845 2497 1080 2570 legendos
1101 2537 1116 2560 ,
1147 2493 1385 2546 adhibitis
1427 2489 1478 2543 Ν
1484 2488 1688 2547 otariis,
1720 2501 1846 2555 Opus
1875 2498 2021 2537 omne
2048 2481 2136 2534 de-

548 2594 778 2660 scripsit,
809 2600 856 2644 et
899 2591 1058 2643 multo
1101 2586 1311 2640 celerius
1349 2599 1500 2654 quam
1545 2579 1875 2651 promiserat,
1917 2576 2136 2630 codicem

549 2685 785 2742 reddidit.
842 2681 1128 2750 Eademque
1172 2676 1486 2736 temeritate,
1518 2683 1563 2726 et
1605 2675 1695 2740 (ut
1741 2669 1896 2724 levius
1936 2667 2136 2734 dicam)

550 2780 743 2848 ineptia
764 2819 776 2835 .
803 2774 940 2845 quod
968 2773 1098 2825 male
1122 2769 1470 2838 surripuerat,
1500 2765 1642 2835 pejus
1669 2762 1785 2815 aliis
1811 2759 2041 2813 credidit.
2075 2757 2139 2810 Iit

551 2871 671 2941 quia
698 2865 898 2937 diﬁicile
921 2863 1138 2936 grandes
1167 2860 1280 2914 libri
1306 2858 1368 2910 de
1391 2858 1535 2912 rebus
1566 2854 1786 2925 mysticis
1807 2852 2135 2918 disputantes,

554 2971 788 3017 notarum
817 2965 1024 3029 possunt
1053 2969 1251 3009 scrvare
1279 2949 1596 3017 compendia,
1627 2945 1902 3016 pra'scrtim
1929 2944 2013 3008 qui
2041 2944 2142 3012 [ur-

555 3053 646 3107 tim
673 3051 998 3118 celeriterque
1029 3045 1284 3100 dictantur
1311 3057 1329 3095 :
1352 3041 1421 3093 ita
1446 3041 1496 3092 in
1522 3037 1624 3090 illis
1651 3039 1863 3104 confusa
1891 3042 2006 3085 sunt
2027 3035 2144 3084 'om-

555 3145 679 3210 nio,
710 3150 764 3196 ut
802 3149 850 3194 et
887 3139 1064 3194 ordine
1109 3135 1161 3190 in
1204 3133 1452 3205 plerisque
1491 3140 1535 3184 et
1581 3145 1731 3184 sensu
1767 3135 1990 3180 careant.
2036 3125 2146 3179 l-lac

558 3235 720 3307 igitur
747 3234 815 3287 de
861 3243 1025 3286 causa
1061 3231 1232 3297 ipsum
1265 3222 1520 3294 ﬂagitanti
1563 3221 1715 3275 Avito
1736 3259 1750 3284 ,
1783 3216 2146 3271 translationis

559 3343 672 3384 sua:
702 3324 979 3394 exemplar
1004 3321 1184 3390 dirigit
1203 3361 1217 3380 .
1248 3327 1464 3387 totaque
1503 3312 1736 3382 Epistula
1758 3353 1771 3373 ,
1801 3326 1918 3381 quae
1951 3309 2148 3362 luerint

561 3419 630 3475 ab
665 3417 894 3488 Origene
936 3413 1097 3485 impie
1126 3412 1265 3467 dicta
1287 3451 1303 3478 ,
1332 3419 1387 3466 et
1423 3405 1610 3463 sedqu
1652 3403 1828 3460 caveri
1865 3409 2109 3472 oporte.:t
2131 3439 2144 3463 ,

561 3520 734 3569 notat.

639 3606 775 3664 VIII.
817 3605 935 3663 Jam
978 3614 1090 3660 tum
1120 3619 1247 3660 vero
1277 3600 1494 3670 majoris
1523 3600 1682 3670 longe
1706 3613 1863 3670 quam
1891 3611 2024 3668 quos
2049 3610 2149 3650 an-

567 3709 652 3756 tea
681 3698 1087 3756 elucubraverat
1124 3694 1302 3766 operis
1325 3736 1340 3758 ,
1379 3692 1835 3748 Cootmentaritnn
1879 3690 1930 3742 iu
1964 3688 2149 3742 Isaiam

566 3790 835 3850 scribebat
875 3789 1103 3846 Sanctus
1146 3787 1302 3842 Pater
1340 3784 1488 3840 libris
1508 3780 1913 3852 duodevigintis.
1949 3780 2151 3846 Quam-

569 3900 729 3957 quatn
759 3899 825 3938 ex
865 3881 951 3937 his
980 3881 1256 3952 quintum,
1284 3880 1373 3948 qui
1413 3878 1598 3932 decem
1631 3874 1701 3929 \‘i.
1722 3875 1870 3928 iones
1902 3871 2152 3926 historica

570 3975 945 4046 CXplanatione
996 3969 1363 4042 prosequitur,
1409 3968 1500 4022 diu
1548 3977 1701 4021 antea
1748 3965 1948 4028 edidit,
1995 3979 2152 4033 quant

573 4069 880 4122 universum
912 4064 1230 4134 Propltetam
1253 4062 1519 4130 explicare
1547 4060 1864 4115 instituisset
1887 4076 1902 4113 :
1930 4056 2156 4110 obsecu-

574 4167 665 4212 tus
689 4157 845 4212 ettixe
876 4155 927 4210 id
959 4154 1210 4226 ﬂagitanti
1239 4153 1503 4221 Episcopo
1533 4151 1780 4215 Amahili,
1806 4149 1958 4218 cujus
1981 4157 2035 4201 et
2063 4163 2156 4198 no-

577 4250 707 4304 mini
747 4247 1038 4316 inscripsit.
1082 4246 1320 4300 Diximus
1350 4245 1416 4300 de
1463 4245 1565 4298 hoc
1609 4258 1707 4297 nos
1746 4241 1884 4295 libro
1913 4240 2158 4309 superius

575 4340 709 4413 Cap.
745 4339 982 4396 XXVIII.
1029 4351 1084 4394 ut
1131 4346 1186 4393 ct
1229 4338 1280 4392 in
1325 4335 1728 4404 Cltronologicis
1764 4334 1830 4387 ad
1866 4332 2156 4403 Epistulam

576 4431 810 4489 LXVIII.
841 4432 1002 4496 notis,
1032 4431 1226 4501 quibus
1257 4427 1388 4482 locis
1417 4428 1482 4482 ad
1525 4442 1720 4480 annum
1757 4426 1862 4480 597
1893 4426 2161 4494 pertinere

577 4524 724 4582 illum
744 4524 1098 4581 ostendimus.
1147 4520 1399 4577 Sedenitn
1429 4519 1481 4573 in
1507 4518 1810 4572 universum
1842 4517 2159 4586 Prophetam

577 4617 1031 4676 Commentaritun
1054 4632 1159 4670 non
1184 4631 1289 4668 uno
1317 4613 1526 4667 videtur
1551 4609 1782 4678 coepisse
1805 4620 1965 4676 atque
1990 4608 2164 4663 absol—

525 4715 532 4720 ’
578 4712 724 4764 visse
747 4722 928 4761 anno:
957 4705 1216 4776 siquidem
1249 4714 1304 4760 et
1341 4702 1483 4773 longi
1509 4701 1688 4771 operis
1713 4697 2044 4753 elueuhratio
2075 4697 2163 4750 illa

579 4809 720 4866 erat,
748 4807 804 4853 ct
829 4797 946 4851 aliis
976 4812 1034 4850 se
1062 4798 1224 4850 fuisse
1257 4807 1379 4849 tunc
1407 4795 1550 4850 curis
1577 4792 1892 4858 distentum,
1922 4802 1970 4845 et
1998 4789 2160 4844 Nota-

582 4890 787 4944 riorum
819 4887 1093 4941 laborasse
1123 4885 1319 4954 inopia,
1349 4884 1578 4954 denique
1606 4891 1818 4938 senecta
1847 4890 1900 4935 ct
1925 4879 2165 4950 corporis

583 4978 950 5036 imbecillitate
982 4992 1114 5046 pene
1139 4975 1457 5038 conlectum,
1485 4976 1536 5028 in
1568 4973 1974 5028 Prmfationibus
2005 4972 2166 5025 libro-

582 5087 703 5127 rum
732 5069 994 5141 queritur.
1022 5067 1257 5136 (Smper-it
1286 5073 1512 5120 exeunte
1539 5064 1642 5118 408
1690 5063 1831 5132 quod
1868 5059 2168 5116 subindicat

584 5165 702 5235 ipse
731 5163 851 5217 loco
879 5160 1079 5214 dudum
1118 5157 1328 5212 laudato
1368 5173 1432 5210 ex
1474 5155 1791 5210 Prwl‘atione
1832 5154 1953 5210 libri
1997 5152 2164 5209 unde-

583 5255 732 5318 cimi,
756 5253 844 5305 ubi
873 5251 1181 5304 Stiliconem
1208 5246 1303 5301 Dei
1333 5247 1520 5315 iudicio
1551 5256 1751 5316 repente
1774 5247 2026 5301 sublatum
2053 5262 2170 5300 nar-

583 5354 686 5400 rat.
721 5341 1014 5398 Perfecerit
1038 5355 1165 5396 vero
1194 5341 1510 5408 insequente
1551 5338 1655 5394 409
1696 5339 1926 5394 medium
1956 5349 2170 5410 praster-

583 5450 810 5506 gresso,
854 5433 996 5504 quod
1045 5447 1111 5487 ex
1156 5429 1473 5485 Przel'atione
1521 5429 1677 5499 primi
1726 5429 1776 5483 in
1833 5427 2166 5484 Ezechielem

583 5527 967 5586 Commentarii
1008 5525 1341 5594 colligimus,
1382 5533 1436 5578 et
1480 5539 1601 5577 tnox
1645 5522 1840 5577 clarius
1877 5536 1944 5576 ex
1986 5535 2166 5575 rerum

583 5621 877 5678 continenti
921 5620 1062 5674 serie
1097 5617 1460 5672 ostendemus.
1493 5616 1650 5670 Certe
1691 5630 1823 5684 opus
1861 5613 2166 5668 universum

584 5725 709 5770 ante
736 5715 1045 5780 detexerat,
1077 5728 1235 5782 quam
1282 5712 1520 5764 nuntium
1551 5709 1619 5764 de
1658 5719 1811 5780 capta
1857 5709 2170 5778 direptaque

585 5804 764 5873 Urbe.
794 5822 973 5866 rerum
1016 5807 1142 5862 olint
1185 5804 1398 5862 domina
1445 5802 1512 5856 ab
1557 5801 1808 5871 Alarico,
1853 5801 2165 5870 accepisset.

1795 346 1853 403 s.
1896 309 2269 401 tneaoavut
2313 337 2490 394 mit.

3691 337 3798 396 16$

2213 454 2388 510 Locus
2417 453 2595 521 itaque
2625 449 2714 506 ille
2733 491 2748 514 ,
2775 449 2865 521 qui
2903 449 3200 507 rationibus
3227 447 3375 505 hisee
3398 447 3612 517 obstat,
3644 448 3800 507 initio

2213 546 2331 602 libri
2359 545 2520 610 tertii,
2551 542 2628 597 De
2651 543 2746 596 hac
2783 541 2986 598 Visions
3009 540 3338 615 (Seraphim)
3367 552 3483 596 ante
3509 559 3674 598 annos
3697 545 3799 598 cir-

2210 639 2330 691 citer
2359 638 2593 708 triginta,
2622 652 2776 706 quum
2803 652 2959 690 essem
2988 636 3451 705 Constantinopoli,
3483 647 3530 690 et
3554 637 3698 708 apud
3721 639 3801 692 vi.

2210 745 2326 782 rum
2369 729 2828 800 eloquentissimum
2881 728 3177 799 Gregorium
3210 728 3594 783 Nazianzenum
3615 769 3632 794 ,
3683 741 3804 786 tunc

2213 822 2438 888 eiusdem
2489 821 2627 875 urbis
2682 819 2995 891 Episcopum
3052 821 3360 876 Sanctarum
3413 820 3805 892 Scripturarum

2215 913 2396 968 studiis
2443 913 2701 978 erudirer,
2732 913 2836 966 scio
2872 929 2952 967 me
2994 912 3189 967 brevem
3226 913 3442 967 dictasse
3483 914 3808 985 subitumque

2216 1003 2545 1072 Tractatum,
2582 1015 2636 1059 ut
2675 1006 3067 1071 experitttentum
3114 1022 3342 1072 caperem
3385 1007 3630 1076 ingenioli
3672 1009 3770 1062 mei
3786 1049 3804 1074 ,

2219 1097 2320 1152 iste
2343 1138 2358 1164 ,
2393 1098 2646 1166 inquam,
2681 1096 2830 1151 locus
2853 1137 2868 1160 ,
2906 1098 2995 1167 qui
3041 1106 3096 1152 et
3135 1113 3232 1152 nos
3274 1098 3560 1168 aliquando
3601 1103 3804 1168 movit,

2218 1190 2501 1242 Commodo
2532 1189 2730 1243 lectore
2755 1203 2890 1259 opus
2921 1188 3098 1244 habet.
3124 1188 3256 1244 Cum
3279 1191 3443 1255 enim,
3473 1200 3536 1244 ut
3558 1192 3810 1260 superius

2220 1294 2319 1334 suo
2349 1280 2466 1334 loco
2493 1281 2826 1335 ostendimus
2847 1321 2861 1343 ,
2893 1295 3064 1335 annos
3091 1291 3340 1351 ageretur
3378 1282 3504 1346 381,
3532 1299 3642 1352 quo
3671 1295 3808 1339 tem-

2224 1387 2353 1440 pore
2390 1371 2446 1428 S.
2495 1372 2654 1428 Pater
2685 1371 3148 1443 Constantitwpoli
3186 1372 3286 1428 fuit
3323 1374 3462 1444 apud
3489 1375 3808 1446 Gregorium

2222 1466 2640 1531 Nazianzenum,
2669 1479 2845 1536 neque
2863 1465 2949 1520 hic
2965 1479 3149 1520 revera
3179 1463 3500 1521 Catltedram
3529 1467 3692 1536 regi:e
3719 1483 3812 1523 ur-

2225 1557 2308 1612 bis
2335 1562 2434 1611 nisr
2462 1557 2530 1611 ab
2551 1557 2664 1625 ejus
2687 1557 2810 1610 anni
2840 1556 2979 1611 Maio
3009 1571 3200 1611 mense
3219 1556 3290 1610 ad
3310 1556 3506 1611 Julium
3540 1561 3808 1616 tenuerit:

2225 1662 2564 1717 consequens
2589 1658 2753 1711 esset,
2784 1658 2842 1702 ut
2873 1656 2985 1702 toto
3018 1647 3193 1703 adhuc
3233 1649 3450 1704 biennio
3478 1651 3672 1715 serius,
3699 1651 3814 1708 sive

2228 1740 2280 1792 itt
2308 1755 2506 1793 annum
2537 1739 2771 1809 denique
2803 1739 3166 1805 undecimum,
3199 1749 3291 1795 aut
3315 1741 3579 1796 decimum
3621 1744 3812 1798 saltem

2227 1846 2386 1899 supra
2430 1831 3014 1899 quadringentesimum
3055 1831 3439 1886 Commentarii
3474 1832 3631 1902 hujus
3666 1835 3815 1889 initia

2229 1919 2594 1974 dill'errentur.
2641 1920 2746 1974 Sed
2796 1920 3153 1989 Hieronymus
3198 1923 3422 1992 ipsemet
3464 1939 3728 1990 numero,
3763 1933 3818 1979 ut

2232 2021 2424 2065 vocant
2447 2053 2462 2076 ,
2497 2011 2726 2065 rotundo
2747 2053 2762 2076 ,
2792 2021 2846 2065 et
2885 2014 3084 2066 circiter
3121 2025 3378 2082 pnclerea
3407 2030 3534 2068 usus
3562 2016 3818 2072 adverbio

2234 2102 2409 2157 locum
2441 2104 2759 2158 accuratiori
2793 2105 3155 2174 sopputationi
3189 2106 3332 2172 facit,
3366 2119 3423 2160 ut
3460 2109 3668 2162 etiamsi
3699 2121 3819 2163 tan-

2235 2202 2346 2246 tum
2371 2193 2496 2247 anni
2519 2193 2915 2264 duodetriginta
2940 2195 3359 2265 interccherint,
3382 2197 3482 2252 sibi
3505 2197 3619 2268 ipse
3642 2207 3820 2256 ulmea

2235 2283 2458 2354 suisque
2487 2285 2784 2341 rationibus
2814 2287 2944 2340 satis
2973 2297 3203 2342 constet.

2795 2440 3016 2496 CAPUT
3047 2440 3192 2497 XXX
3202 2440 3260 2498 ν.

2241 2553 2282 2607 I.
2319 2551 2370 2607 Ν
2375 2554 2513 2607 natio
2542 2553 2607 2608 de
2630 2563 2778 2623 capta
2811 2553 2991 2620 Roma,
3019 2565 3065 2607 et
3089 2554 3142 2607 Μ
3149 2555 3348 2609 ανοειιιε
3370 2557 3510 2610 obitu
3531 2571 3826 2615 consterna-

2291 2655 2409 2708 tus,
2439 2646 2716 2714 despondet
2742 2647 2988 2700 animant.
3015 2646 3076 2699 ΙΙ.
3100 2646 3300 2715 Cteptos
3325 2657 3491 2702 tamen
3514 2651 3564 2703 in
3587 2649 3830 2707 Ezechie-

2314 2737 2410 2791 lem
2451 2736 2852 2791 Commentarios
2890 2748 3060 2806 postea
3089 2740 3313 2791 resumit.
3357 2739 3443 2794 Ill.
3486 2739 3554 2794 Et
3583 2743 3650 2794 ad
3682 2740 3829 2796 Mar-

2316 2831 2553 2885 cellinum
2579 2834 2887 2901 respOndens
2906 2872 2921 2895 ,
2949 2833 3174 2901 queritur
3201 2832 3264 2885 de
3291 2832 3573 2901 irruptione
3609 2833 3830 2889 Sarace-

2319 2939 2520 2985 norum,
2553 2940 2585 2974 a
2610 2921 2788 2991 quibus
2808 2923 2892 2975 vix
2910 2922 3076 2975 salvus
3100 2921 3294 2992 (πυρὴ.
3324 2923 3405 2976 IV.
3433 2923 3621 2978 Scribit
3652 2926 3834 2978 deinde

2317 3016 2387 3069 sd
2425 3014 2742 3083 Principiam
2784 3013 3044 3067 Marcella:
3070 3014 3416 3084 Epitaphium.
3453 3015 3507 3069 V.
3548 3016 3630 3068 Ad
3661 3015 3836 3070 Rusti-

2319 3122 2433 3162 cum
2458 3122 2684 3177 quoque,
2716 3115 2762 3158 et
2788 3106 2856 3157 ad
2878 3103 3216 3158 Gaudentium
3255 3105 3532 3174 Epistolas.
3570 3105 3652 3159 V'l.
3686 3107 3838 3160 Com-

2322 3201 2591 3254 mentarios
2618 3201 2669 3252 in
2704 3197 3013 3252 Ezec‘hielem
3033 3199 3258 3252 absolvit.
3295 3198 3400 3250 \‘Il.
3432 3198 3619 3252 Scribit
3643 3200 3714 3252 ad
3741 3200 3836 3254 De-

2322 3293 2643 3357 metriadem,
2690 3301 2736 3344 et
2777 3292 2844 3343 ad
2893 3291 3210 3343 Dardanum.
3259 3289 3390 3344 \‘lll.
3439 3290 3689 3356 Quadam
3735 3292 3837 3345 alia

2324 3387 2514 3455 scripta
2543 3385 2651 3454 ejus
2681 3393 2728 3436 ct
2753 3392 2912 3453 gesta.

2326 3498 2570 3553 Alaricus
2602 3497 2866 3567 ingentem
2899 3498 3001 3549 vim
3034 3497 3146 3550 auri
3174 3513 3202 3549 a
3233 3497 3489 3551 Romanis
3515 3513 3680 3568 quum
3707 3514 3838 3554 exe-

2254 3597 2449 3665 gisset,
2493 3592 2651 3648 Urbis
2694 3591 2993 3644 libertatem
3031 3606 3150 3644 etmt
3197 3592 3260 3643 iis
3291 3601 3502 3660 pactus,
3539 3591 3839 3662 insequenti

2257 3687 2501 3758 proxime
2531 3700 2673 3739 anno
2709 3685 2834 3747 409,
2873 3683 3046 3738 ltetlus
3077 3683 3324 3747 violavit,
3356 3693 3409 3737 ct
3439 3683 3663 3737 Romam
3709 3700 3843 3754 pra:-

2259 3781 2461 3852 potenti
2493 3794 2613 3832 cum
2646 3777 2880 3831 exercitu
2913 3776 3264 3830 Ilarbarorttm
3297 3790 3561 3838 reversus,
3594 3790 3713 3829 eam
3745 3777 3842 3829 mi-

2258 3889 2438 3928 serum
2471 3871 2523 3926 itt
2553 3868 2766 3925 modum
2797 3868 2884 3922 die
2915 3870 3116 3922 mensis
3151 3868 3371 3937 Augusti
3404 3865 3592 3920 XXIV.
3627 3876 3843 3938 totoque

2263 3966 2424 4020 biduo
2455 3962 2755 4032 insequenti
2786 3961 3044 4030 diripuit,
3089 3959 3229 4014 ferro
3268 3971 3424 4029 atque
3458 3960 3722 4014 incendiis
3755 3977 3843 4011 ra-

2261 4059 2437 4112 storit.
2495 4055 2725 4109 Narrant
2778 4054 3103 4107 teterrimam
3151 4062 3384 4122 stragem
3432 4051 3845 4122 Olympiodorns

2261 4149 2400 4219 apud
2435 4147 2676 4201 Pltutium
2704 4145 2836 4199 Cod.
2868 4143 3079 4198 LXXX.
3111 4143 3354 4198 Ruthnus
3386 4143 3706 4199 Pra'latione
3736 4143 3844 4199 Hu-

2264 4241 2527 4294 miliarum
2570 4237 2814 4306 Origenis
2852 4237 2901 4288 in
2946 4234 3208 4289 Numeros
3251 4233 3390 4302 apud
3429 4231 3745 4300 Vah-slum,
3793 4242 3848 4288 et

2265 4330 2535 4386 Palladius
2563 4329 2616 4382 in
2650 4327 2903 4382 Lausiaca
2931 4343 3050 4396 cap.
3077 4325 3307 4381 CXVIII.
3353 4326 3591 4392 Quorum
3639 4342 3737 4389 nos
3763 4341 3849 4380 se-

2264 4421 2413 4490 quuti
2465 4421 2730 4481 rationes,
2775 4416 2840 4470 ad
2890 4418 3029 4470 hunc
3074 4431 3272 4469 armum
3315 4429 3436 4469 cum
3484 4413 3849 4470 eruditissimo

2266 4514 2729 4583 Cbronologorum
2788 4511 2950 4580 Pagio
3005 4509 3163 4565 Urbis
3217 4524 3400 4562 casum
3453 4508 3846 4563 revocat-imus.

2265 4606 2470 4662 Cmtcra
2495 4605 2722 4668 scimus,
2761 4602 2917 4672 vulgo
2957 4601 3200 4654 obtinere
3227 4598 3448 4652 aliorum
3491 4599 3850 4660 sententiam,

2268 4713 2386 4767 qua:
2429 4698 2480 4750 in
2520 4710 2716 4748 annum
2765 4692 3134 4763 ittchuentcm
3178 4690 3283 4745 U0
3339 4688 3590 4744 transfert
3634 4707 3648 4742 :
3690 4706 3851 4758 quam

2270 4787 2482 4858 quidem
2505 4797 2558 4841 et
2578 4801 2675 4841 nos
2695 4785 2818 4839 olim
2842 4783 3070 4853 amplexi
3095 4797 3300 4836 sumus.
3319 4781 3503 4836 Tantae
3519 4790 3696 4835 autem
3717 4783 3854 4836 cladi

2272 4895 2521 4953 proceres
2561 4878 2785 4933 Romani
2827 4875 3131 4961 complures
3161 4891 3224 4928 ex
3267 4889 3452 4928 eorum
3482 4887 3732 4938 nmnero,
3767 4875 3856 4942 qui

2274 4973 2599 5043 Hieronymo
2623 4969 2790 5040 juncti
2820 4967 3070 5021 amicitiis
3098 4974 3271 5031 erant,
3297 4963 3728 5021 succubuerunt;
3749 4965 3858 5020 Hos

2273 5067 2410 5120 inter
2436 5060 2830 5126 Pammachius,
2859 5073 3018 5128 quem
3043 5057 3110 5112 de
3131 5058 3345 5112 nomine
3370 5056 3552 5111 laudat
3571 5055 3630 5112 S.
3664 5057 3856 5112 Pater:

2271 5167 2327 5211 et
2349 5153 2618 5217 Marcella,
2651 5150 2803 5218 cujus
2827 5157 3009 5218 postea
3037 5151 3168 5217 ipse,
3198 5158 3254 5202 ut
3287 5164 3409 5202 tnox
3429 5147 3696 5213 dicemus,
3734 5147 3861 5215 Epi-

2275 5249 2510 5318 taphium
2541 5242 2800 5297 condidit.
2846 5239 2949 5295 Sed
2983 5239 3168 5293 harum
3220 5238 3460 5291 nuntium
3492 5239 3857 5293 calamitatum

2275 5341 2362 5394 ubi
2395 5337 2632 5404 accepit,
2667 5335 2734 5385 ita
2763 5331 2932 5384 animo
2960 5343 3306 5385 consternatus
3333 5337 3444 5390 est,
3481 5339 3539 5384 ut
3571 5345 3859 5400 propemo-

2275 5431 2400 5486 dum
2424 5424 2784 5493 obstnpuisse,
2818 5422 2886 5476 de
2912 5437 2970 5477 se
2999 5423 3110 5492 ipse
3140 5433 3381 5476 testetur.
3413 5421 3510 5475 Diu
3541 5433 3690 5477 certe
3718 5421 3858 5476 mul-

2278 5535 2511 5590 tumque,
2549 5525 2672 5587 puta
2698 5514 2923 5568 solidum
2947 5530 3168 5582 annum,
3197 5513 3411 5584 etquod
3433 5515 3695 5581 excurrit,
3730 5529 3862 5570 mm-

2277 5627 2397 5670 rore
2424 5617 2707 5678 superatus
2736 5605 3011 5669 conticuit,
3041 5617 3095 5662 et
3119 5623 3276 5677 quem
3305 5605 3524 5660 vixdum
3556 5616 3864 5677 occmperat

2277 5707 2330 5760 in
2378 5699 2714 5755 Ezeeltielcm
2764 5696 3218 5754 Commentarium
3261 5696 3516 5754 excidere
3546 5713 3578 5754 e
3617 5699 3863 5757 manibus

2277 5806 2464 5866 passus
2493 5800 2594 5847 est.
3556 5779 3562 5784 ‘
