2026 3169
110 170 158 201 165

142 229 174 256 ιι.
190 228 219 257 Id
233 236 300 257 vero
312 233 420 265 praestat
432 228 466 256 ab
476 228 590 263 ipsemet
603 227 761 263 intelligere,
776 235 856 262 quum
868 226 900 253 ad

112 277 166 311 ejus
180 283 210 304 se
224 276 336 303 demum
351 275 579 304 elucubrationcm
602 274 713 308 recepit.
735 273 844 305 Finitis,
862 265 917 300 in?

113 322 165 356 quit
181 321 297 356 I’rologo
314 321 399 356 primo
415 321 440 347 in
458 320 595 353 Ezechiel,
615 320 641 346 in
661 318 757 345 Isaiam
780 318 864 345 decent
879 322 902 344 et

113 372 164 393 octo
181 366 401 403 Explanationum
415 365 597 398 voluminibus,
621 366 655 391 ad
679 364 810 397 Ezechiel,
834 363 902 398 quod

114 413 163 445 tibi,
191 417 215 439 et
238 417 335 439 sanctte
358 412 484 439 memoria:
505 412 579 438 matri
600 416 650 438 tute
669 411 770 442 Paulae,
792 418 807 437 ο
825 409 902 445 Virgo

113 457 202 485 Christi
215 457 394 490 Eustochium,
407 466 473 492 stupe
483 457 610 492 pollicitus
621 465 686 489 sum,
701 457 807 483 transire
818 456 904 491 cupie-

114 504 166 530 batu
177 524 184 536 ,
200 508 224 531 et
239 509 392 536 extremam,
408 509 434 530 ut
450 504 552 537 dicitur,
573 512 676 530 manum
691 504 762 536 aperi
775 504 903 538 imponere

113 548 261 584 Propltetali
275 557 284 576 :
299 554 322 576 et
336 557 390 576 ecce
403 550 484 576 subito
499 557 566 576 mors
580 549 642 575 mihi
662 548 818 575 Patnmachii
830 553 904 583 alque

114 593 252 626 Marcellw,
265 593 390 621 Romana:
402 594 472 621 urbis
480 594 588 627 obsidio,
600 594 785 629 mullorumque
794 596 904 629 fratrum

114 648 142 666 oc
155 647 270 666 sororum
284 640 404 666 dormitio
419 641 534 666 nuntiata
547 645 593 667 est.
609 640 689 675 Atque
707 639 742 665 ita
755 644 902 666 consterna-

115 690 152 712 tus
166 685 295 720 obstupui,
309 690 337 712 ut
352 685 416 712 nihil
431 685 503 712 aliud
519 685 604 712 diebus
622 693 652 711 ac
666 684 795 717 noctibus,
811 684 860 711 nisi
874 684 904 711 de

114 731 191 758 salute
202 732 316 758 omnium
326 732 463 767 cogitarem
476 739 485 758 :
500 739 587 766 meque
599 731 625 757 in
637 731 780 765 captivitate
795 730 904 758 Sancto-

114 786 169 804 rum
181 781 298 812 putarent
317 785 370 804 esse
383 777 508 812 captiuum
519 798 526 810 ,
541 784 585 803 nec
600 784 699 811 possem
721 776 791 811 prius
804 783 849 802 ora
868 783 905 802 re-

114 820 205 855 serare,
222 822 270 850 nisi
281 822 379 857 aliquid
391 823 482 850 certius
495 822 616 849 discerent
627 830 636 849 :
650 822 709 848 dum
724 822 789 848 inter
798 830 869 856 spem
881 826 905 847 et

115 869 313 904 desperationem
329 869 453 896 sollicitus
471 869 583 904 pendeo,
606 868 765 903 aliorumque
779 868 852 895 malis
867 876 905 894 me

115 916 206 942 crucia.
232 914 373 949 Postquam
387 922 445 941 vero
465 914 633 941 clarissimum
648 919 771 941 terrarum
794 914 905 940 omnium

116 962 197 988 latnen
219 961 357 988 extinctum
372 966 426 994 est,
441 961 491 987 imo
515 960 624 987 Romani
645 961 745 995 imperii
764 965 906 987 truncatum

115 1012 188 1042 caput
199 1016 208 1034 :
224 1013 247 1034 et
263 1013 289 1034 ut
303 1008 384 1034 verius
399 1007 496 1039 dicam,
511 1007 538 1033 iu
554 1015 603 1033 una
623 1006 689 1033 Urbe
705 1012 772 1032 totus
784 1006 850 1042 orbis
864 1006 905 1032 iu-

117 1055 196 1088 teriit,
213 1054 357 1085 Obmutui,
371 1059 399 1082 et
413 1053 566 1080 humiliatus
582 1061 639 1080 sum
651 1074 657 1086 ,
672 1058 723 1080 clc.
746 1052 836 1078 Verum
848 1052 908 1087 quia

116 1105 138 1128 et
152 1106 177 1127 tu
191 1101 363 1127 indesinenter
375 1099 422 1126 hoc
431 1100 544 1135 ﬂagitas,
559 1104 581 1125 et
595 1107 685 1133 nmgno
698 1098 793 1124 uulneri
805 1098 910 1123 cicatrix

117 1146 239 1181 paulatim
252 1145 382 1172 inducitur
393 1153 402 1172 :
417 1143 739 1179 Scorpiusquetﬂulﬁnus)
753 1144 817 1169 inter
830 1141 910 1168 Ence-

117 1192 202 1218 ladum
215 1196 239 1219 et
263 1191 467 1226 Porphyrionem
488 1189 627 1216 Trinacria:
647 1190 722 1214 humo
740 1188 871 1223 premitur,
887 1192 910 1213 et

116 1237 198 1272 hydra
214 1237 355 1263 multorum
369 1236 481 1270 capitum
495 1239 582 1261 contra
600 1242 645 1260 nos
660 1233 796 1268 aliquando
811 1233 911 1259 sibilare

116 1282 219 1309 cessavit
233 1290 242 1308 :
258 1281 396 1315 datumque
416 1285 530 1314 tempus,
551 1287 599 1314 quo
613 1287 662 1305 non
683 1279 857 1305 hazreticorum
872 1286 911 1305 re-

117 1328 243 1363 spondere
256 1326 371 1359 insidiis,
388 1326 431 1352 sed
446 1326 638 1360 Seripho-arum
656 1325 805 1359 expositioni
815 1325 911 1351 ineunt-

116 1374 171 1400 bere
183 1372 323 1400 debeamus
333 1392 341 1403 ,
364 1371 499 1407 aggrediar
516 1371 631 1397 Ezechiel
651 1370 824 1404 Prop/telam,
839 1371 911 1405 cujus

117 1418 291 1454 dimcultatem
304 1416 470 1443 Hebraeorum
483 1417 571 1451 probat
585 1416 697 1449 traditio,
713 1420 777 1449 ete.,
791 1424 848 1451 qua:
861 1417 911 1443 huc

118 1466 229 1492 releras.
241 1463 301 1491 Jam
322 1463 410 1498 itaque
425 1462 548 1490 Bullinus
564 1462 617 1489 fato
630 1462 735 1489 functus
750 1466 817 1495 erat,
833 1469 911 1497 quem

118 1511 155 1539 ait
177 1510 205 1539 S.
222 1510 303 1538 Pater
324 1509 468 1536 Trinacria:
481 1509 536 1544 jam
559 1508 640 1535 humo
663 1508 746 1543 premi
761 1517 767 1534 ε
784 1508 913 1535 Messana:

119 1558 237 1590 scilicet,
253 1556 286 1583 ad
300 1563 379 1591 quam
395 1555 516 1583 ultimam
533 1556 613 1582 Italia:
628 1555 732 1587 urbem,
747 1555 912 1582 barbaricam

121 1598 264 1638 procellam
279 1602 420 1637 etl‘ugiens,
435 1609 495 1629 sese
508 1609 567 1629 cum
584 1606 695 1636 utraque
710 1601 821 1628 Melania
834 1606 914 1636 atque

121 1649 181 1676 aliis
192 1652 349 1683 receperat,
365 1647 434 1674 inter
447 1647 560 1674 Sicanos
570 1668 577 1678 ,
595 1648 684 1682 utique
696 1646 846 1682 gigantibus
859 1646 914 1673 Eu-

122 1694 216 1722 celado
230 1699 258 1722 et
280 1693 458 1729 Porphyrioui
482 1693 641 1728 (perperam
663 1694 759 1720 lectum
780 1697 843 1719 ante
866 1700 915 1719 nos

126 1740 282 1776 Porphyrio)
295 1739 370 1775 juxta
393 1739 494 1766 fabulas
510 1739 651 1766 Poetarum
667 1744 772 1766 montes
784 1738 915 1773 superim~

124 1785 236 1821 pbsitos.
250 1786 369 1813 Mortuus
380 1789 467 1812 autem
480 1784 520 1811 hic
532 1789 572 1811 est
581 1784 615 1811 ab
628 1785 670 1811 illa
683 1792 742 1811 cum
756 1784 848 1811 Romae
860 1789 914 1811 tum

125 1831 205 1864 Latii,
216 1831 333 1859 subinde
351 1835 379 1857 et
399 1838 501 1865 magnae
512 1829 621 1857 Graecia:
632 1829 835 1864 depopulatione
847 1837 916 1856 anno

126 1877 289 1912 insequenti,
304 1876 361 1904 sive
372 1876 434 1909 MO,
446 1884 531 1910 eoque
543 1875 597 1902 fere
609 1876 707 1907 medio,
719 1876 740 1902 si
756 1875 834 1902 ﬁdctn
849 1875 917 1902 Mar-

127 1922 259 1957 tyroli‘gio
279 1922 317 1949 illi
338 1921 496 1949 adhibemus
507 1942 514 1954 ,
529 1920 599 1955 quod
614 1920 769 1947 Bolandiani
786 1920 852 1948 socii
868 1921 918 1948 sub

127 1967 240 1994 nomine
255 1966 364 1993 Flororii
377 1967 540 1998 Sanctorum,
557 1965 700 1993 identidem
714 1965 836 1998 laudant,
852 1969 880 1993 et
892 1966 917 1992 in

126 2020 181 2046 quo
196 2012 255 2046 ejus
275 2013 400 2039 memoria
416 2012 459 2039 die
473 2019 526 2038 xw.
542 2011 613 2038 Junii
633 2011 813 2046 consignatur.
838 2011 919 2038 Deni-

128 2067 179 2094 que
204 2064 297 2086 nactus
316 2059 371 2094 jam
393 2064 451 2086 erat
466 2058 645 2093 Hieronymus
668 2062 768 2084 tantum
784 2057 849 2090 otii,
866 2065 919 2092 quo

129 2106 177 2133 sibi
193 2106 284 2141 quieto
306 2113 366 2133 esse
388 2106 421 2132 ab
434 2105 620 2132 hmrcticorum
644 2104 747 2131 insidiis
762 2104 872 2136 liceret,
894 2108 921 2131 et

129 2157 221 2187 posset
243 2159 321 2186 :cquo
344 2152 434 2179 animo
457 2152 654 2186 Scripturarum
677 2147 858 2186 explanationi
878 2150 920 2177 in—

130 2198 267 2225 cumberc.
291 2198 357 2231 Qua:
379 2198 467 2225 omnia
483 2197 623 2225 devenisse
636 2198 691 2232 jam
712 2198 785 2225 illum
801 2197 835 2224 ad
858 2197 920 2224 anni

129 2245 176 2272 HI
194 2244 307 2272 exordia
321 2244 387 2271 satis
398 2244 538 2272 manifesto
551 2244 678 2271 indicant.

164 2289 207 2318 ΙΙΙ.
224 2289 291 2323 Qua:
306 2290 447 2317 subsecuta
457 2295 498 2317 est
511 2297 600 2317 rerum
614 2297 734 2323 suarum,
750 2296 780 2317 ac
795 2290 861 2317 Vita:
877 2297 920 2317 se-

130 2336 196 2365 riem
202 2337 231 2364 S.
240 2337 311 2364 idem
320 2337 398 2363 Pater
407 2337 522 2371 Epistula
530 2336 647 2369 CXXVI,
655 2344 732 2370 quam
741 2337 922 2363 hocmetanno

132 2384 203 2418 (post
214 2384 306 2418 plures
317 2383 383 2409 alias
396 2390 454 2417 qum
470 2382 673 2417 interciderunt)
688 2382 721 2408 ad
741 2381 922 2409 Marcellinum

131 2433 157 2456 et
180 2427 381 2464 Anapsychiam
405 2428 530 2463 scripsit,
554 2433 709 2463 persecutus
728 2431 779 2454 est.
803 2427 923 2461 Cumque

130 2480 271 2503 narrasset
290 2476 427 2509 pluribus,
440 2475 557 2502 voluisse
572 2475 636 2502 olim
660 2482 689 2501 se
709 2474 833 2500 volumen
856 2473 923 2500 Eze-

132 2521 227 2548 chielis
246 2521 409 2555 explanare,
433 2521 510 2548 malis
532 2525 620 2548 autem
642 2520 844 2555 ingruentibus,
869 2519 924 2547 fere

132 2567 311 2602 despondisse
324 2567 441 2593 animum
453 2587 460 2599 ,
475 2566 573 2601 diuque
587 2567 700 2593 tacuisse
710 2587 717 2598 ,
733 2565 803 2600 quod
821 2570 925 2600 tempus

132 2618 206 2640 esset
225 2613 422 2647 lacrymarum,
441 2611 530 2644 addit,
555 2611 611 2638 Hoc
626 2617 708 2638 autem
727 2618 793 2637 anno
815 2609 925 2645 (utique

132 2658 195 2693 ιιι)
214 2666 272 2685 cum
286 2662 336 2684 tres
353 2657 517 2692 eaplicassem
529 2657 619 2689 libros,
634 2657 729 2684 subitus
739 2657 845 2690 impetus
858 2655 924 2682 Bar-

133 2705 276 2737 barorum,.
283 2725 289 2731 .
337 2704 372 2730 sic
378 2702 486 2739 {Egypti
493 2704 607 2737 limitem,
617 2703 772 2734 Palwstince,
783 2702 922 2735 Phtenicis,

133 2749 221 2784 Syria
241 2749 365 2785 percurrit
388 2748 421 2775 ad
433 2749 514 2775 instar
533 2749 649 2775 torrentis
668 2753 758 2775 cuncta
777 2756 860 2775 secum
875 2754 927 2775 tra-

133 2794 207 2827 hens,
224 2799 252 2821 ut
265 2794 310 2821 via;
321 2802 410 2821 manus
420 2802 507 2821 eoruut
520 2794 692 2820 misericordia
706 2793 799 2821 Christi
812 2795 926 2829 potueri-

133 2849 191 2868 mus
206 2840 321 2867 evadere.
334 2839 403 2867 Duos
418 2841 502 2874 itaque
515 2839 592 2866 libras
605 2840 661 2865 misi
676 2840 778 2866 Sanctw
791 2839 852 2873 ﬁlia:
866 2847 927 2867 mcw

133 2886 253 2915 Fabion
264 2885 373 2921 (iuniori
389 2886 506 2918 scilicet,
521 2892 580 2919 quae
595 2892 623 2912 se
637 2884 716 2913 Ul'blS
730 2889 755 2913 et
771 2885 862 2919 patrue
878 2885 925 2913 (le-

362 2943 390 2973 S.
415 2943 596 2973 Hienosrut
620 2943 643 2972 I.

750 171 779 199 S.
802 168 984 198 lllERONYMl
1009 169 1096 198 VITA.

1690 173 1742 200 16'}

954 227 1095 254 vastationi
1109 226 1277 261 subduccns,
1298 228 1323 255 in
1338 228 1455 256 Africam
1470 229 1619 266 receperat)
1635 238 1742 265 quorum

953 272 1068 307 exempla
1086 272 1108 298 si
1126 273 1248 305 volueris,
1264 274 1295 300 ab
1314 274 1369 306 ipsa
1383 274 1474 308 poteris
1488 276 1598 301 mutuari
1607 284 1617 307 ,'
1631 284 1677 310 pro
1693 284 1741 302 an-

953 319 1037 352 gustia
1054 319 1146 354 quippe
1160 319 1279 353 temporis
1293 319 1357 345 alios
1372 320 1509 347 describere
1523 329 1571 348 non
1586 322 1666 356 potui.
1689 321 1741 348 Fa-

954 364 1005 391 cile
1019 364 1088 398 quod
1105 369 1132 391 et
1147 365 1253 392 tertium
1270 365 1421 392 describere
1436 373 1487 392 non
1504 367 1629 400 potuerit,
1653 374 1742 393 causa!

955 410 1012 443 l'uit,
1026 410 1096 446 quod
1111 410 1320 446 confugientinm
1335 411 1367 438 ad
1380 419 1408 439 sc
1422 411 1455 438 de
1471 416 1526 438 toto
1540 413 1605 439 orbe
1619 413 1741 448 lrcqucn-

954 456 989 482 tia
1001 456 1151 484 incredibili
1168 464 1284 491 pressus,
1298 457 1428 485 obeundis
1442 465 1502 492 erga
1519 465 1612 485 omnes
1627 458 1745 493 hospita-

955 501 1036 529 litatis
1049 502 1144 529 ol’ﬁciis
1159 502 1342 530 distineretur;
1356 502 1485 529 Nimirum
1499 502 1549 530 hoc
1562 503 1655 538 ipsein
1669 504 1744 538 ejus-

955 548 1015 576 detn
1043 549 1201 577 I‘ra-fatione
1220 549 1278 576 libri
1300 554 1434 583 causatur,
1452 549 1585 583 Quotidie,
1604 550 1744 585 inquiens.

955 599 1043 620 sancta
1054 594 1183 622 Bethleem
1194 594 1289 622 nobiles
1303 594 1429 627 quondam
1445 595 1574 631 utriusque
1585 603 1659 622 sexus
1671 600 1747 629 atque

956 639 1070 666 omnibus
1090 640 1184 667 divitiis
1199 641 1344 676 affluentes,
1363 641 1467 676 suscipit
1488 641 1666 668 mendicantes.
1686 641 1748 673 Qui-

956 685 1001 711 bus
1014 684 1133 719 quoniam
1152 693 1224 720 opem
1239 687 1306 720 ferre
1322 693 1372 712 non
1386 693 1516 720 possumus
1530 685 1706 718 condolentus,
1723 691 1746 712 et

957 731 1082 767 lacrymas
1096 731 1213 767 lacrgmis
1221 731 1355 767 jungimus
1368 739 1377 757 :
1393 732 1557 767 occupatique
1569 731 1649 758 sancti
1664 731 1748 766 operis

956 778 1057 803 sarcina
1067 798 1075 810 ,
1093 777 1153 803 dum
1169 777 1223 804 sine
1234 778 1326 811 gemitu
1342 778 1496 812 con/luentes
1515 777 1599 804 uidere
1616 785 1665 804 non
1680 777 1747 810 pati-

957 831 1023 856 mur,
1038 822 1252 858 Explauationem
1265 823 1290 849 in
1304 822 1428 856 Ezechiel,
1443 828 1465 850 et
1480 831 1542 859 pene
1552 831 1625 850 omne
1636 824 1748 851 studium

957 868 1094 900 amisimus,
1112 868 1351 904 Scripturarumque
1361 869 1474 904 cupimus
1485 869 1557 895 verba
1568 869 1593 895 in
1604 876 1680 904 opera
1695 877 1750 896 ver-

958 918 1018 946 tere,
1034 919 1057 940 et
1072 922 1123 941 non
1136 914 1219 941 dicere
1230 918 1327 947 sancta,
1343 916 1389 941 sed
1402 917 1494 950 facere.

993 960 1037 988 IV.
1053 960 1161 988 Interim
1173 960 1201 988 S.
1214 961 1291 988 Pater
1302 969 1368 996 swpe
1377 965 1400 987 et
1412 961 1518 988 multum
1529 966 1637 996 rogatus
1648 969 1661 988 θ
1674 961 1750 988 Prin-

958 1007 1027 1042 cipia
1042 1008 1144 1042 virgine
1155 1028 1162 1040 ,
1179 1012 1207 1034 ut
1218 1015 1251 1034 mr
1262 1008 1373 1034 muriam
1393 1012 1492 1034 sancta:
1511 1007 1640 1035 Marcellm
1655 1008 1750 1035 littetis
1769 1006 1771 1010 ’

959 1052 1170 1085 commendaret,
1187 1060 1247 1080 eum
1262 1052 1399 1087 hucusque
1412 1060 1527 1080 maerore
1539 1053 1648 1080 all‘cctus
1662 1054 1750 1080 incre-

961 1098 1034 1124 dibili
1049 1098 1208 1129 reticuisset,
1222 1102 1248 1124 ct
1261 1097 1389 1124 biennium
1402 1098 1435 1125 ab
1448 1098 1517 1125 illius
1529 1098 1601 1125 obitu
1615 1099 1751 1134 μηνίει-Ην
1766 1100 1769 1104 ”

960 1147 996 1170 set
1016 1143 1129 1174 silentio,
1150 1142 1221 1178 quod
1245 1143 1312 1169 nihil
1337 1147 1399 1170 tunc
1414 1143 1463 1170 sibi
1480 1143 1614 1171 videretur
1628 1152 1752 1178 promere

963 1196 1040 1223 posse
1053 1188 1174 1215 laudibus
1189 1189 1246 1223 ejus
1257 1188 1364 1224 dignum
1378 1198 1384 1216 :
1399 1189 1512 1224 denique
1527 1190 1751 1224 opportunitatem

962 1239 1073 1265 nactus,
1097 1234 1241 1268 Epi~tolam
1257 1235 1289 1261 ad
1311 1242 1369 1262 eam
1392 1235 1465 1262 dedit
1487 1236 1512 1262 in
1529 1236 1686 1263 recensione
1702 1244 1751 1263 no-

962 1286 1017 1307 stra
1034 1280 1162 1307 CXXVII.
1185 1288 1235 1315 qua
1250 1280 1368 1307 debitum
1393 1281 1524 1308 Marcella:
1536 1282 1678 1309 virtutibus
1692 1282 1752 1308 olli-

962 1325 1032 1353 cium
1045 1333 1094 1352 una
1105 1326 1427 1360 lucubrationepersolvit.
1442 1327 1527 1361 Atun
1538 1334 1596 1355 eam
1609 1335 1674 1355 sane
1687 1328 1751 1354 nulli

962 1371 1120 1403 secundam,
1140 1373 1200 1398 cum
1218 1371 1375 1398 nobilissimi
1391 1372 1496 1406 generis
1507 1392 1513 1404 ,
1539 1377 1592 1399 tmn
1608 1373 1712 1408 pictatis
1726 1374 1752 1401 itt

964 1418 1045 1445 Deum
1066 1418 1144 1446 laude
1160 1419 1297 1446 mulierem
1314 1419 1454 1454 magniﬁce
1469 1419 1608 1455 prmdicat,
1624 1420 1693 1455 quod
1711 1429 1754 1448 se-

964 1465 1047 1499 ptimo
1058 1473 1073 1491 a
1088 1465 1187 1500 nuptiis
1199 1473 1290 1493 mense
1306 1466 1363 1493 viro
1377 1467 1469 1493 orbata
1479 1488 1485 1498 ,
1502 1467 1639 1495 Cerealem
1650 1467 1753 1495 Consu-

964 1511 1016 1537 lcm
1031 1511 1164 1538 secumlas
1184 1511 1241 1546 ejus
1261 1513 1366 1546 nuptias
1388 1513 1549 1539 ambientem
1570 1513 1710 1547 rejeceiit,
1728 1518 1756 1540 ct

964 1556 1099 1584 Monachzc
1112 1556 1199 1584 Vitam
1221 1557 1303 1592 prima
1320 1557 1449 1584 nobilium
1462 1558 1619 1585 feminarum
1641 1566 1705 1585 ausa
1721 1554 1771 1585 siti

966 1603 1057 1630 Roma:
1070 1603 1204 1638 proﬁteri,
1221 1611 1322 1639 suoque
1337 1605 1460 1638 exemplo
1473 1604 1568 1631 multas
1583 1604 1616 1631 ad
1630 1604 1698 1632 idem
1713 1605 1756 1631 iu-

966 1650 1086 1676 stitutum
1113 1649 1281 1683 pcrtraxcrit.
1305 1649 1373 1676 Tum
1395 1649 1458 1676 illud
1487 1650 1605 1684 pluribus
1626 1656 1755 1683 exornat,

966 1695 1036 1730 quod
1049 1700 1201 1722 sanctarum
1214 1695 1411 1731 Scripturartnn
1424 1695 1518 1723 studiis
1529 1704 1651 1730 accensa,
1667 1697 1714 1724 abs
1727 1705 1756 1724 sc

967 1741 1059 1768 ltomm
1075 1746 1136 1768 tunc
1151 1747 1245 1776 agente
1258 1742 1360 1768 divinas
1375 1742 1490 1769 Litteras
1500 1743 1702 1777 diligentissime
1716 1743 1758 1770 di-

968 1787 1071 1818 dicerit,
1089 1792 1169 1822 utque
1181 1788 1258 1813 altius
1272 1787 1392 1822 inﬁgeret
1404 1788 1497 1821 menti,
1511 1790 1607 1823 ssc-pius
1618 1789 1650 1815 ad
1662 1789 1757 1817 absen-

970 1837 1022 1859 tetu
1032 1832 1347 1867 scripserit,questioucs
1359 1833 1384 1859 in
1396 1832 1544 1860 difﬁciliora
1556 1834 1612 1860 lora
1627 1834 1757 1869 ﬂagitans,

969 1883 997 1905 ut
1011 1878 1060 1904 sibi
1076 1878 1247 1905 edissereret.
1260 1878 1299 1904 Ad
1315 1877 1372 1905 hate
1385 1879 1442 1913 ejus
1455 1884 1544 1906 narrat
1556 1880 1652 1907 tactum
1666 1889 1758 1915 opera,

970 1928 996 1950 et
1011 1924 1175 1950 intemerata!
1187 1923 1333 1958 Religionis
1346 1932 1447 1956 amore,
1463 1929 1491 1950 ut
1505 1925 1582 1951 factio
1596 1925 1761 1959 Origenida-

971 1977 1047 2001 rum,
1063 1976 1122 2004 qure
1135 1969 1225 1995 Romae
1241 1974 1357 2003 coeperat
1371 1969 1548 2001 invalesccrc,
1565 1970 1667 2004 prodita
1682 1976 1761 2004 atque

971 2016 1086 2043 extincta
1102 2015 1145 2042 sit.
1172 2016 1289 2051 Denique
1309 2021 1335 2043 et
1358 2017 1383 2043 in
1404 2016 1531 2043 Romana:
1553 2017 1671 2052 ejusdem
1689 2018 1762 2044 urbis

972 2061 1122 2096 direptione
1133 2082 1140 2092 .
1155 2061 1247 2096 suique
1261 2062 1413 2096 captivitate
1430 2062 1550 2096 impense
1570 2063 1676 2093 laudat,
1692 2063 1763 2097 quod

967 2110 1139 2133 Constantem
1153 2107 1270 2134 animum
1288 2108 1418 2141 gesserit,
1436 2113 1463 2135 ut
1474 2116 1537 2135 ursa
1551 2108 1658 2143 fustibus
1673 2103 1772 2146 [Iug/el?

974 2151 1053 2187 lisque
1067 2151 1202 2179 videretur
1212 2160 1261 2178 non
1275 2153 1380 2179 sensisse
1394 2158 1526 2185 tormenta,
1540 2158 1562 2180 et
1577 2154 1640 2180 inter
1650 2159 1765 2182 cruentos

973 2198 1071 2233 gladios
1085 2198 1206 2225 inuenerit
1219 2198 1305 2232 pietati
1318 2198 1410 2230 locum,
1424 2191 1448 2224 et
1464 2191 1520 2233 post
1531 2199 1624 2234 aliquot
1635 2199 1687 2225 dies
1702 2207 1764 2225 sano

974 2244 1072 2279 integro
1085 2249 1218 2279 vegetoque
1230 2244 1380 2279 corpusculo
1394 2243 1554 2270 obdormierit
1568 2244 1594 2270 in
1611 2244 1727 2271 Domino.

1010 2289 1043 2316 γ.
1058 2289 1111 2316 Per
1125 2289 1148 2315 id
1164 2296 1270 2322 quoque
1285 2288 1413 2321 temporis
1428 2288 1567 2322 scripsisse
1580 2289 1711 2323 putandus
1724 2294 1766 2316 est

975 2335 1004 2363 S.
1019 2335 1098 2362 Pater
1119 2334 1253 2369 Epistolas
1267 2334 1334 2361 duas
1349 2335 1430 2367 alias,
1447 2335 1558 2362 alteram
1573 2335 1605 2362 ad
1627 2335 1765 2363 Rusticum

976 2381 1145 2412 Monachum,
1160 2380 1192 2407 ad
1205 2379 1383 2407 Gaudentium
1397 2380 1517 2407 alterum.
1533 2380 1578 2407 Illa
1593 2382 1767 2417 quemadmo-

976 2427 1039 2454 dum
1054 2430 1176 2461 oporteat
1190 2426 1328 2453 instituere
1344 2427 1424 2453 vitam
1439 2427 1567 2455 Monacho
1579 2429 1684 2463 dignam
1696 2451 1703 2461 ,
1719 2437 1767 2464 per

978 2477 1066 2507 partes
1081 2472 1158 2499 docet
1172 2480 1179 2499 :
1196 2479 1309 2507 cumque
1324 2477 1504 2507 paupertatem
1526 2481 1586 2501 cum
1602 2474 1695 2508 primis
1708 2484 1767 2501 am—

979 2518 1145 2553 plectendam
1159 2523 1273 2549 moneat,
1284 2517 1419 2548 (finieram,
1429 2518 1475 2548 ait,
1487 2519 1559 2550 iuncta
1568 2520 1681 2547 miserias
1693 2522 1769 2556 hujus

978 2566 1111 2600 temporis,
1135 2569 1157 2591 et
1179 2564 1270 2597 ubique
1292 2565 1391 2599 gladios
1411 2565 1556 2598 swvientrs,
1573 2567 1634 2594 satis
1649 2567 1716 2593 dives
1732 2572 1769 2593 est

978 2611 1021 2645 qui
1032 2619 1097 2645 pane
1111 2619 1161 2636 non
1175 2610 1278 2644 indiget.
1299 2610 1356 2636 Non
1373 2611 1438 2637 alias
1452 2616 1539 2638 autem
1553 2619 1582 2639 se
1595 2619 1673 2647 quam
1690 2613 1769 2639 modo

980 2660 1099 2682 narratas
1114 2655 1277 2682 calatnitates
1293 2654 1433 2690 designare
1446 2656 1548 2690 (contra
1569 2662 1648 2692 atque
1661 2658 1704 2684 alii
1719 2665 1768 2683 au-

980 2705 1092 2733 tumant,
1105 2701 1148 2735 qui
1161 2708 1205 2727 eas
1216 2700 1268 2727 huc
1278 2701 1407 2734 referunt,
1419 2709 1477 2736 qum
1489 2706 1550 2728 ante
1559 2702 1766 2736 quinquennium

979 2747 1157 2782 contigerunt)
1171 2747 1249 2781 paulo
1262 2747 1384 2780 superius
1400 2747 1496 2780 prodit,
1513 2748 1555 2773 ubi
1570 2747 1702 2773 Rul'linum
1713 2747 1767 2780 jam

981 2795 1034 2821 fato
1050 2793 1170 2821 functum
1181 2792 1322 2827 signiﬁcat,
1336 2793 1452 2819 tarditati
1468 2793 1524 2826 ejus
1537 2793 1586 2818 sub
1597 2792 1708 2819 Grunnii
1722 2801 1769 2818 ttu-

982 2841 1053 2867 Iniue
1067 2839 1206 2866 insultans.
1224 2838 1373 2865 Testudinco
1385 2859 1392 2870 ,
1409 2837 1493 2872 inquit
1504 2858 1510 2867 .
1528 2837 1684 2863 (Iruunivt'us
1700 2838 1768 2864 inor

982 2888 1054 2914 debat
1068 2886 1101 2913 ad
1120 2887 1270 2921 loquendum
1285 2886 1381 2920 gradu,
1396 2890 1418 2911 et
1433 2893 1478 2919 per
1492 2883 1622 2911 intervalla
1636 2892 1768 2921 quautam,

1472 2934 1568 2978 (εῖτ.)
