4052 6338
496 352 597 406 167

490 469 573 522 uia:
615 480 778 537 pauca
806 461 954 517 verba
983 457 1254 529 carpebat,
1297 463 1350 508 ut
1389 467 1504 507 eum
1535 459 1736 522 putares
1777 444 2081 537 singultire,

491 576 591 614 non
616 534 876 628 proloqui.
913 550 978 605 Et
1021 560 1185 604 tamen
1229 562 1380 618 quam
1409 558 1579 597 mensa
1610 539 1772 611 posita
1791 578 1807 604 ,
1836 534 2084 628 librorum

491 627 802 720 exposuisset
845 655 1066 707 struem,
1119 639 1340 692 adducto
1384 633 1673 704 supercilio,
1721 627 2085 695 contractisque

488 739 728 801 naribus,
761 752 822 790 ac
863 737 1031 806 fronte
1069 739 1249 801 rugata
1271 771 1284 792 ,
1315 726 1510 780 duobus
1535 721 1765 796 digitulis
1804 731 2082 786 concrepa-

489 833 606 894 bat,
653 839 784 890 ctc.,
823 825 1016 896 quibus
1047 830 1159 876 tute
1189 819 1402 874 fatearis
1424 858 1439 884 ,
1481 831 1586 869 non
1618 814 1778 868 alium
1810 808 2079 872 voluisse,

488 937 647 993 quam
681 919 951 978 Bullinum
974 958 990 985 ,
1023 929 1250 984 cumque
1277 927 1380 966 non
1414 909 1484 964 ita
1524 907 1727 978 pridem
1758 905 1864 959 vita
1893 901 2083 957 defun-

486 1027 632 1069 ctum
660 1012 1046 1083 perstringere.
1081 1007 1259 1062 Altera
1279 1046 1293 1068 ,
1320 1018 1424 1074 qua
1463 999 1776 1056 infantulam
1810 993 2080 1051 biennium

487 1103 702 1159 circiter
743 1111 958 1166 natam,
996 1097 1299 1154 Pacatulam
1340 1093 1586 1158 nomine,
1617 1086 1929 1160 prmccptis,
1963 1100 2081 1154 qua:

490 1195 830 1268 postmodum
861 1193 1062 1249 lectura
1093 1192 1193 1252 sit,
1232 1187 1297 1242 ad
1325 1185 1679 1242 Christianam
1709 1182 1962 1252 pietatem
1995 1177 2080 1230 in-

489 1288 700 1350 stituit,
742 1285 930 1341 eadem
971 1281 1230 1351 temporis
1261 1275 1451 1333 indicia
1494 1273 1728 1346 prmfert.
1775 1271 1919 1326 Inter
1948 1269 2081 1323 alias

485 1397 620 1451 quas
645 1379 806 1435 deﬁet
826 1376 1008 1431 surculi
1033 1372 1382 1434 calamitates,
1412 1367 1582 1431 Orbis,
1612 1365 1800 1436 inquit,
1833 1373 2080 1416 terrarum

485 1473 702 1528 ruit.....
755 1468 885 1524 Urbs
927 1465 1155 1537 inclyta,
1205 1472 1252 1517 et
1294 1461 1512 1516 Romani
1552 1457 1748 1528 imperii
1787 1463 1938 1524 caput
1981 1468 2080 1505 uno

486 1569 667 1622 hausta
705 1573 778 1619 est
821 1559 1090 1624 incendio;
1121 1557 1265 1611 nulla
1305 1565 1377 1610 est
1422 1553 1592 1623 regio,
1621 1565 1734 1616 quia
1774 1565 1874 1602 non
1911 1545 2081 1600 exules

488 1661 748 1715 Romanos
778 1656 956 1710 habeat
982 1668 1002 1707 :
1032 1653 1094 1708 Et
1121 1650 1279 1722 paulo
1313 1656 1434 1718 post
1457 1663 1471 1699 :
1505 1643 1602 1698 llis
1626 1641 1880 1696 Pacatula
1908 1646 2081 1693 nostra

485 1760 606 1804 nata
633 1758 704 1803 est
732 1745 1036 1817 temporibus
1060 1758 1078 1796 :
1109 1743 1238 1796 inter
1263 1739 1373 1794 lucc
1413 1733 1692 1806 crepundia
1720 1732 1935 1804 primam
1960 1747 2076 1784 cur-

485 1818 584 1912 psit
614 1849 842 1902 aetatem,
875 1848 993 1891 ante
1037 1839 1290 1905 lacrumas
1331 1831 1520 1885 scitura
1564 1843 1718 1898 quam
1761 1824 1942 1878 risum.
1986 1821 2076 1912 Illa

485 1911 618 1988 vero
643 1933 730 1985 vix
761 1929 976 1985 tertium
1003 1936 1130 1981 tunc
1155 1938 1354 1978 annum
1387 1920 1571 1976 iniisse
1599 1914 1829 1987 putanda
1853 1925 1930 1969 est
1957 1929 1970 1966 :
1998 1911 2078 1967 di-

484 2026 624 2080 eitur
652 2023 847 2094 quippe
887 2019 1100 2074 interim
1132 2018 1184 2070 in
1209 2016 1330 2068 sinu
1368 2012 1546 2066 matris
1583 2009 1793 2086 garrula
1825 2023 1942 2061 voce
1966 2005 2077 2059 bal-

485 2116 667 2180 butire,
694 2128 790 2168 nec
813 2113 858 2166 si
880 2111 1029 2164 modo
1059 2110 1341 2163 litterarum
1365 2105 1608 2160 elementa
1632 2107 1968 2173 cognosceret,
1994 2097 2076 2151 ul-

487 2217 567 2262 tra
593 2203 791 2276 aliquid
819 2217 1003 2275 posse,
1030 2215 1188 2272 quam
1215 2198 1440 2269 syllabas
1452 2197 1688 2268 jungere.

533 2297 644 2370 Νι.
669 2295 893 2366 Recepit
911 2292 1171 2349 continuo
1193 2305 1252 2345 se
1273 2287 1338 2342 ad
1363 2285 1700 2342 Ezechielem
1723 2298 1876 2338 suum
1900 2281 1956 2337 S.
1978 2280 2077 2336 Pa-

457 2369 587 2458 ‘ter,
609 2399 664 2446 et
691 2390 1024 2447 Ientesccnte
1063 2391 1156 2454 per
1185 2393 1397 2452 tempus
1426 2380 1636 2446 dolore,
1669 2391 1805 2448 opus
1832 2392 1859 2429 a
1887 2384 2080 2446 quarto

482 2483 547 2538 ad
580 2496 783 2538 nouum
824 2494 990 2549 usque
1032 2477 1225 2531 librum
1261 2514 1276 2539 ,
1310 2471 1403 2539 t2,
1432 2487 1594 2543 supra
1625 2470 1732 2526 400
1780 2484 1922 2524 anno
1952 2483 2078 2522 ver-

483 2554 642 2646 gente
681 2573 745 2628 ad
793 2572 953 2627 ﬁnem
976 2611 990 2635 ,
1022 2579 1077 2623 et
1106 2565 1480 2636 subsequentis
1522 2563 1693 2629 initio,
1723 2567 2081 2632 persequutus

483 2678 585 2724 est.
617 2669 772 2723 Tanti
803 2676 979 2720 autem
1006 2664 1054 2718 ci
1085 2661 1237 2717 labor
1266 2661 1351 2714 hic
1381 2658 1552 2724 stetit,
1581 2667 1640 2712 ut
1669 2655 1754 2710 vix
1787 2663 1966 2724 posset
1991 2653 2074 2706 lu-

483 2760 701 2815 rrativis
730 2758 840 2811 imo
881 2755 1090 2810 furtivis
1134 2752 1369 2807 noctium
1409 2749 1556 2805 horis
1598 2757 1776 2817 empto
1804 2745 2071 2801 insistere.

486 2854 696 2917 Fateor,
745 2853 820 2905 ait
859 2849 1069 2920 (Prarf.
1105 2846 1191 2901 lib.
1251 2844 1405 2914 v11),
1452 2860 1533 2898 me
1575 2841 1975 2912 Explanationes
2024 2841 2078 2894 in

485 2943 725 2999 Ezechiel
753 2943 911 2997 multo
937 2951 1054 2994 ante
1082 2951 1305 3011 tempore
1334 2937 1644 3006 promisisse,
1673 2943 1723 2990 et
1748 2932 2079 3004 occupatione

484 3039 548 3093 de
573 3047 677 3091 toto
707 3036 804 3089 huc
833 3034 952 3089 orbe
988 3032 1294 3088 venientium
1336 3030 1548 3100 implere
1585 3043 1688 3082 non
1733 3041 1919 3098 posse:
1953 3027 2078 3080 dum

484 3129 628 3183 nulla
663 3127 789 3182 hora
827 3124 1123 3194 nullumque
1153 3131 1464 3176 momentum
1486 3128 1591 3186 est,
1633 3119 1687 3172 in
1711 3134 1810 3188 quo
1839 3133 1938 3171 non
1969 3121 2080 3188 fra-

486 3233 620 3274 trum
641 3233 967 3274 occurremus
993 3217 1191 3270 turbis:
1218 3216 1268 3267 in
1297 3223 1492 3266 tantum
1531 3221 1586 3265 ut
1611 3221 1700 3265 aut
1736 3209 2076 3265 claudendum

487 3316 552 3366 sit
582 3313 721 3366 nobis
741 3310 943 3372 ostium,
974 3319 1061 3361 aut
1088 3307 1495 3377 Scripturarum,
1523 3319 1614 3374 per
1636 3320 1764 3370 quas
1790 3301 2078 3373 aperienda!

487 3413 604 3459 sunt
652 3406 814 3473 fores,
850 3399 1016 3454 studia
1044 3396 1395 3467 relinquenda.
1425 3393 1606 3464 Itaque
1646 3394 1938 3459 lucratirts,
1974 3393 2076 3446 imo

491 3497 692 3568 furtivis
732 3494 952 3548 noctium
982 3493 1154 3553 horis.
1185 3506 1297 3562 qua:
1336 3490 1500 3544 hieme
1532 3488 1931 3558 propinquante,
1964 3487 2078 3539 lon-

487 3591 653 3659 giores
675 3603 782 3641 csse
799 3595 1078 3656 caperunt,
1103 3584 1208 3638 hac
1243 3583 1314 3636 ad
1346 3581 1659 3636 lucernuiam
1691 3579 2079 3650 qualiacumque

486 3687 624 3741 sunt,
655 3677 845 3730 dictare
863 3691 1126 3739 conamur,
1150 3683 1198 3728 et
1219 3674 1482 3728 astuantis
1507 3671 1664 3726 animi
1693 3670 1896 3725 aedium
1917 3678 2073 3722 mter-

489 3768 774 3839 pretatione
794 3767 1023 3838 digerere
1044 3781 1064 3820 :
1083 3764 1314 3836 etpaqu
1339 3775 1495 3834 post:
1523 3762 1726 3816 Accedit
1752 3760 1820 3814 ad
1841 3760 1974 3814 hanc
1999 3759 2080 3812 dic

486 3860 661 3915 ctandi
682 3858 1046 3930 diﬁicultatem,
1076 3857 1212 3926 quod
1239 3855 1578 3928 caligantibus
1603 3853 1767 3909 oculis
1793 3862 2077 3917 senectute;

487 3954 557 4008 ad
582 3963 878 4008 nocturnum
903 3952 1072 4006 lumen
1103 3967 1420 4020 nequaquam
1464 3948 1715 4003 valeamus
1745 3946 2078 4002 chrtcorum

488 4047 744 4100 uolumina
759 4045 1000 4116 relegere,
1027 4059 1140 4114 qute
1163 4043 1406 4098 etiamad
1425 4042 1563 4098 Solis
1586 4042 1780 4111 dieique
1804 4041 2074 4112 fulgorem,

495 4138 779 4190 litterarum
806 4135 946 4189 nobis
973 4135 1223 4205 parvitate
1259 4144 1532 4188 cazcantur.
1571 4131 1678 4188 Sed
1706 4142 1752 4186 et
1785 4129 2078 4185 Grecorum

491 4225 894 4281 Commentarios
936 4224 1155 4293 fratrum
1193 4234 1389 4278 tantum
1425 4239 1543 4277 voce
1581 4222 1951 4294 cognoscimus.
1986 4221 2079 4276 His

494 4316 819 4388 praepeditus
845 4312 1250 4370 difﬁcultatibus
1270 4355 1284 4378 ,
1312 4324 1366 4369 et
1396 4315 1548 4368 novis
1572 4311 1800 4368 subinde
1829 4313 2041 4382 injectis
2059 4353 2076 4379 ,

497 4409 586 4466 ubi
627 4408 884 4478 tantiSper
920 4406 989 4461 ab
1032 4420 1136 4460 una
1177 4405 1527 4476 respirasset,
1557 4406 1998 4474 occupationibus
2025 4416 2079 4460 et

497 4501 685 4568 moris,
716 4500 951 4571 reliquos
977 4499 1144 4554 libros
1186 4513 1283 4568 per
1323 4496 1600 4552 intervalla
1626 4497 1872 4563 dictavit,
1903 4507 1959 4551 ut
1985 4513 2079 4553 ne-

493 4593 622 4648 dum
645 4592 903 4662 reliquum
930 4589 1073 4662 quod
1100 4598 1218 4646 erat
1249 4588 1406 4660 hujus
1428 4587 1534 4645 415
1554 4589 1678 4643 anni
1705 4589 1758 4643 in
1790 4589 1878 4643 illa
1917 4604 2080 4659 expo-

495 4687 690 4741 sitione
716 4685 1068 4754 transegerit,
1098 4683 1194 4740 sed
1219 4693 1274 4740 et
1316 4697 1562 4753 magnam
1594 4682 1926 4751 insequentis
1951 4698 2079 4752 par-

498 4787 628 4833 tem.
654 4777 722 4832 Et
740 4791 870 4832 vero
895 4776 993 4830 sub
1015 4776 1156 4831 illius
1178 4775 1338 4831 ﬁnem
1361 4790 1561 4830 nonum
1585 4775 1777 4830 librum
1803 4788 1861 4831 se
1885 4774 2082 4831 indicat

498 4868 812 4933 adornasse,
843 4867 932 4922 ubi
961 4867 1332 4922 Heraclianum
1355 4867 1549 4924 Africa:
1577 4868 1840 4924 Comitem
1859 4911 1872 4932 ,
1903 4869 2079 4924 homi-

502 4977 622 5017 nem
664 4976 776 5032 pra:
818 4959 1070 5016 Barbaris
1098 4961 1227 5032 ipsis
1265 4961 1520 5030 impium,
1567 4959 1673 5016 ΝΠ
1683 4957 1824 5015 PER
1867 4960 2082 5016 dedisse

501 5067 690 5122 pmnas
717 5051 951 5121 perfidia:
975 5065 1085 5106 sua:
1112 5049 1295 5106 refert.
1321 5050 1418 5107 Hic
1442 5051 1647 5106 scilicet
1671 5051 1763 5106 illo
1787 5067 1929 5107 anno
1954 5051 2080 5118 415,

501 5161 609 5214 quo
636 5143 854 5199 Luciani
883 5142 946 5197 ν.
977 5142 1059 5198 Cl.
1089 5143 1301 5214 Collega
1333 5144 1384 5198 in
1415 5143 1706 5198 Consulatu
1730 5143 1849 5209 fuit,
1872 5145 1980 5215 jam
2005 5145 2085 5199 ul-

502 5248 583 5291 tra
612 5235 846 5291 medium
875 5243 1193 5291 excurrente
1214 5275 1232 5301 ,
1263 5235 1377 5292 sive
1401 5237 1642 5306 Angusto
1669 5250 1873 5299 mense,
1902 5235 2082 5289 Nova-

501 5347 636 5396 rum,
666 5337 719 5384 ut
749 5329 980 5400 Prosper
997 5329 1089 5394 ait,
1113 5329 1166 5382 in
1185 5329 1358 5396 Africa
1377 5347 1543 5384 rerum
1563 5346 1677 5384 reus
1699 5332 1940 5384 honorem
1963 5330 2082 5383 ami-

501 5422 565 5474 sit
586 5429 632 5474 et
657 5420 808 5475 vitam
846 5418 954 5491 (In
982 5419 1226 5492 Claram).
1267 5420 1341 5476 Ut
1373 5421 1596 5491 proinde
1623 5422 1899 5476 minimum
1930 5430 2086 5491 putes

501 5530 665 5570 rmver
689 5512 780 5568 illo
817 5511 1106 5576 adverbio,
1138 5513 1391 5582 temporis
1420 5513 1648 5569 anteacti
1680 5513 1907 5582 spatium
1934 5512 2084 5568 desi-

501 5604 686 5672 gnari,
713 5611 1015 5672 postremos
1051 5617 1218 5673 prope
1242 5603 1476 5660 dixerim
1505 5604 1624 5660 dies
1653 5603 1888 5673 ejusdem
1917 5603 2040 5657 anni
2062 5643 2079 5671 ,

500 5705 555 5749 ut
587 5703 736 5750 notet
766 5710 988 5753 necesse
1013 5705 1116 5752 est.
1146 5697 1280 5753 Ilinc
1304 5698 1492 5768 reliqui
1521 5697 1643 5750 libri
1671 5698 1724 5750 in
1751 5695 2085 5764 subsequen-

499 5796 606 5845 tem
635 5789 756 5858 4M,
791 5789 941 5846 facile
967 5789 1266 5848 differendi.
1292 5789 1442 5858 Quod
1465 5787 1678 5860 quidem
1701 5786 1767 5843 de
1789 5792 2076 5857 postrenis

1771 330 1826 386 S.
1871 323 2249 384 IIlERONY-Hl
2291 325 2472 381 \"I'I'.\.

3673 329 3775 386 168

2191 439 2435 506 duobus,
2483 439 2572 510 qui
2618 425 2888 497 Visionem
2935 441 3142 513 Templi
3183 441 3522 508 edisserunt,
3577 444 3779 516 liquido

2188 541 2418 588 constat.
2446 531 2622 600 Quum
2650 533 2790 588 enim
2833 535 3162 604 pervenisset
3188 535 3256 590 ad
3301 551 3419 592 cam
3447 546 3654 608 partem
3682 537 3776 596 de-

2188 623 2327 680 lubri
2349 668 2363 692 ,
2398 625 2449 679 in
2480 641 2583 696 qua
2609 626 2803 682 Sancta
2833 635 3138 683 sanctorum
3159 670 3175 693 ,
3205 639 3258 684 et
3286 629 3674 700 Thymiamatis
3701 633 3779 688 al-

2191 725 2303 771 tare
2332 715 2673 784 describitur,
2709 732 2767 771 se
2809 728 3033 774 testatur
3073 721 3299 775 Sanctus
3343 720 3613 792 Interpres
3660 739 3776 777 ma-

2189 807 2351 864 luisse
2381 825 2515 880 opus
2560 825 2847 879 parumper
2880 810 3236 867 intermittere
3257 853 3271 876 ,
3324 824 3379 868 ut
3417 813 3482 869 ad
3512 815 3776 886 virginem

2190 899 2579 956 Demetriadem
2609 902 2891 967 scriberet,
2926 903 3067 974 quod
3095 913 3177 960 cst
3197 946 3212 971 ,
3241 914 3298 960 ut
3325 907 3436 975 ipse
3463 906 3567 974 ait,
3595 905 3673 961 De
3695 909 3777 962 al-

2189 994 2285 1046 tari
2314 995 2550 1049 transiret
2577 995 2644 1048 ad
2671 995 2849 1050 altare.

2261 1084 2372 1139 VII.
2405 1085 2550 1139 Hanc
2589 1086 2764 1158 itaque
2795 1086 3084 1157 Epistolam
3110 1089 3270 1158 paulo
3298 1099 3582 1161 antequam
3614 1089 3774 1146 ﬁnem

2187 1175 2588 1232 Commentario
2614 1179 2706 1232 illo
2734 1178 3068 1248 imponeret,
3107 1180 3254 1235 dedit
3280 1180 3346 1235 ad
3376 1181 3626 1236 eximiam
3656 1198 3776 1237 eam

2185 1269 2480 1339 virginem,
2524 1269 2752 1324 Juliana:
2784 1271 2946 1324 ﬁliam
2969 1312 2983 1336 ,
3031 1279 3085 1326 et
3115 1271 3302 1327 Probae
3346 1273 3580 1342 neptim,
3614 1286 3774 1344 quam

2185 1363 2379 1432 Spretis
2412 1363 2705 1418 illustribus
2735 1364 2956 1433 nuptiis,
2980 1379 3100 1418 cum
3129 1379 3187 1419 se
3209 1363 3424 1420 ChriSto
3446 1365 3772 1433 dedicasset,

2187 1453 2432 1509 hortatur
2460 1465 2515 1509 ut
2539 1455 2591 1509 in
2622 1465 2809 1511 sancto
2838 1456 3113 1525 proposito
3139 1468 3464 1526 perseveret,
3496 1467 3550 1513 et
3579 1459 3779 1529 quibus

2184 1545 2237 1600 id
2266 1556 2483 1617 przestet
2510 1547 2705 1603 ofﬁciis
2731 1563 2793 1603 ac
2819 1547 3012 1604 studiis
3031 1589 3047 1615 ,
3079 1547 3256 1604 docet.
3287 1549 3437 1618 Quod
3468 1563 3647 1606 autem
3679 1567 3777 1608 an-

2183 1653 2284 1693 nus
2307 1649 2434 1694 tunc
2461 1651 2708 1711 ageretur
2728 1641 2856 1710 414,
2884 1641 3124 1713 pluribus
3153 1642 3266 1713 ipse
3291 1643 3420 1698 locis
3447 1643 3576 1698 satis
3603 1646 3776 1700 mani-

2182 1731 2321 1787 festo
2351 1734 2556 1802 prodit,
2587 1743 2748 1804 atque
2777 1735 2870 1790 illo
2897 1749 3019 1790 cum
3063 1735 3277 1804 primis,
3324 1735 3412 1791 ubi
3449 1751 3510 1792 se
3538 1736 3614 1792 ait
3648 1747 3776 1793 ante

2181 1840 2343 1878 annos
2365 1825 2570 1895 triginta
2592 1827 2965 1897 cognominem
2990 1825 3111 1880 huic
3132 1825 3325 1881 librum
3347 1827 3415 1880 ad
3438 1825 3774 1883 Eustochium

2182 1915 2244 1968 de
2279 1913 2581 1986 Virginitate
2608 1917 2857 1971 servanda
2895 1917 3257 1973 elucubrasse.
3289 1916 3497 1974 Ca~tera
3535 1918 3590 1974 in
3615 1919 3776 1975 chro-

2182 2005 2439 2077 nologicis
2477 2007 2630 2063 Notis
2659 2008 2792 2063 satis
2834 2006 3048 2063 abunde
3093 2009 3402 2079 persequuti
3431 2023 3636 2065 sumus.
3665 2008 3773 2066 Sed

2180 2105 2236 2152 et
2257 2097 2324 2152 ad
2372 2097 2674 2153 Dardanum
2716 2099 2778 2152 de
2817 2106 2952 2152 terra
2995 2097 3364 2153 Promissionis
3394 2099 3687 2169 Epistolant
3717 2100 3771 2155 in

2181 2198 2363 2244 nostra
2393 2190 2710 2246 recensione
2738 2189 2952 2245 CXXIX
2971 2231 2986 2257 ,
3016 2190 3231 2246 hocmet
3258 2206 3401 2246 anno
3431 2201 3684 2264 vergente
3702 2193 3772 2248 ad

2183 2285 2408 2349 exitum,
2433 2284 2668 2354 scripsit,
2691 2282 3089 2339 Commentario
3115 2283 3165 2338 in
3195 2283 3529 2340 Ezechielem
3547 2285 3681 2355 jam,
3714 2295 3774 2340 ut

2180 2375 2412 2443 videtur,
2455 2376 2723 2432 absoluto.
2768 2376 2972 2432 Dicitur
3016 2378 3292 2433 enimvero
3342 2378 3621 2438 Dardanus
3654 2380 3773 2450 jam

2180 2469 2398 2542 duplicis
2441 2468 2776 2542 Prw/cctam:
2823 2471 3064 2525 honorem
3119 2471 3478 2542 transegisse,
3525 2471 3772 2530 Praefecti

2179 2565 2389 2621 scilicet
2414 2564 2672 2620 Prauorio
2697 2564 2992 2620 Galliarum
3017 2581 3032 2620 :
3064 2581 3286 2636 quarum
3309 2567 3534 2637 primam
3563 2567 3773 2624 obierat

2175 2655 2284 2724 jam
2311 2670 2454 2710 anno
2495 2656 2629 2722 409,
2661 2655 2888 2710 alteram
2937 2655 3046 2712 413
3083 2657 3289 2727 gessit,
3331 2666 3388 2712 ut
3424 2673 3486 2712 ex
3520 2657 3768 2729 Prosperi

2180 2747 2392 2802 Tironis
2423 2747 2690 2803 Chronico
2721 2748 2918 2818 liquet,
2949 2749 3037 2819 qui
3084 2747 3201 2817 ejus
3229 2749 3566 2818 potissimum
3606 2766 3771 2820 opera

2180 2854 2492 2910 oppressum
2519 2839 2770 2895 Jovinum
2813 2848 3100 2910 tyrannum
3121 2879 3137 2904 ,
3179 2854 3371 2894 averso
3394 2839 3462 2894 ab
3491 2841 3656 2911 ipsius
3681 2856 3770 2897 so-

2179 2933 2374 2988 cietate
2403 2932 2552 3002 Rege
2575 2931 2810 2997 Ataulfo,
2843 2933 3022 2986 tradit.
3050 2931 3236 2988 Serius
3259 2947 3326 2988 ne
3347 2933 3642 3002 differatur,
3673 2951 3768 2992 ve-

2181 3035 2258 3081 tat
2281 3026 2420 3082 aliud
2447 3026 2503 3081 S.
2530 3026 2702 3080 Patris
2730 3025 3094 3082 testimonium
3119 3026 3257 3082 libro
3283 3025 3324 3080 I.
3354 3027 3772 3084 Commentario-

2179 3137 2297 3178 rum
2343 3121 2395 3174 in
2437 3119 2770 3176 Jeremiam:
2821 3134 2980 3190 quem
3027 3129 3178 3176 certo
3221 3121 3420 3176 certius
3465 3119 3766 3192 insequenti

2179 3213 2420 3284 proxime
2448 3228 2590 3266 anno
2611 3211 2913 3278 adornavit,
2939 3221 2994 3268 et
3020 3227 3138 3284 cap.
3173 3211 3259 3268 HI.
3285 3228 3404 3269 eam
3431 3229 3594 3284 nuper
3617 3214 3684 3268 ab
3709 3229 3771 3270 se

2179 3305 2374 3360 editam
2406 3305 2569 3359 refert
2600 3303 2876 3376 (Gothofr.
2918 3305 3037 3360 cod.
3070 3303 3260 3361 Theod.
3292 3305 3382 3360 lib.
3424 3303 3566 3361 XII.
3606 3306 3685 3360 tit.
3714 3304 3768 3360 1.

2179 3399 2243 3452 de
2271 3396 2617 3453 Centurionib.
2651 3397 2786 3469 Lege
2817 3399 2964 3468 I71).

2253 3489 2384 3543 \‘Ill.
2418 3489 2664 3559 Cmptum
2690 3489 2886 3545 deinde
2916 3499 2999 3544 est
3027 3489 3164 3545 inter
3195 3488 3598 3546 Ecclesiasticos
3625 3491 3772 3548 viros

2178 3583 2246 3638 de
2275 3584 2479 3638 Anima:
2504 3584 2710 3654 origine
2733 3583 2994 3653 disputari
3027 3600 3041 3642 ;
3079 3583 3234 3653 cujus
3275 3583 3342 3637 ad
3383 3583 3772 3658 Hieronymum

2179 3677 2559 3747 disputationis
2583 3676 2867 3731 arbitrium
2897 3675 3130 3731 delatum
3160 3684 3262 3732 est.
3296 3677 3492 3733 Paulus
3518 3677 3767 3745 Orosius,

2180 3767 2499 3838 Origenismi
2533 3767 2652 3822 labe
2679 3767 2875 3836 corripi
2903 3767 3099 3822 sensim
3132 3766 3412 3836 Hispanias
3429 3768 3770 3823 animadver-

2182 3867 2333 3922 tens,
2379 3858 2446 3913 ad
2482 3859 2835 3930 Augustinum
2879 3859 2933 3913 in
2976 3857 3209 3913 Africam
3253 3858 3494 3930 trajecit,
3538 3874 3769 3930 eumque

2179 3953 2466 4006 suscitatus
2499 3960 2582 4006 est
2614 3951 2752 4005 inter
2777 3951 2879 4005 alia
2912 3951 3077 4006 multa
3105 3951 3173 4007 de
3201 3951 3289 4006 illa
3316 3951 3646 4023 quastione,
3679 3960 3760 4006 ut-

2181 4051 2303 4113 pote
2322 4043 2390 4097 ab
2415 4042 2716 4097 Adamantii
2749 4042 2981 4097 fontibus
3005 4043 3268 4098 derivata.
3297 4042 3402 4098 Sed
3431 4043 3652 4098 minime
3674 4058 3768 4096 au-

2181 4149 2272 4188 sus
2290 4134 2646 4202 Hipponensis
2669 4132 2968 4202 Episcopus
2990 4134 3128 4188 ferre
3148 4134 3490 4200 sententiam,
3513 4133 3563 4188 ei
3580 4141 3768 4188 auctor

2183 4225 2300 4290 fuit,
2332 4226 2462 4280 utin
2487 4225 2826 4280 Palaestinam
2852 4223 2920 4279 ad
2951 4224 3329 4296 Hieronymum
3350 4266 3365 4291 ,
3390 4225 3538 4296 quasi
3565 4225 3764 4295 petitu-

2183 4332 2278 4372 rus
2301 4317 2612 4380 oraculum,
2659 4317 2956 4388 navigaret.
3005 4318 3144 4370 Duas
3171 4332 3383 4386 quoque
3423 4317 3472 4371 ei
3518 4317 3669 4371 dedit
3713 4317 3768 4373 in

2181 4424 2298 4464 eam
2328 4425 2442 4463 rem
2471 4408 2793 4464 deferendas
2821 4407 2888 4463 ad
2920 4407 3066 4462 illum
3093 4408 3357 4476 Epistolas
3379 4450 3393 4474 ,
3425 4424 3544 4479 qua:
3575 4425 3765 4464 nume-

2184 4517 2275 4556 ros
2304 4502 2356 4556 in
2400 4503 2718 4578 recensione
2742 4509 2924 4556 nostra
2950 4499 3190 4555 CXXXI.
3221 4509 3277 4555 et
3317 4515 3468 4570 sequ.
3499 4501 3766 4556 obt'ment.

2185 4591 2382 4648 Harum
2430 4592 2599 4662 prima
2646 4606 2941 4647 recensens
2982 4593 3158 4646 varias
3201 4590 3268 4646 de
3315 4593 3508 4646 anima:
3561 4593 3769 4662 origine

2185 4686 2496 4748 sententias,
2527 4685 2655 4755 petit
2683 4684 2891 4750 doceri,
2918 4699 3037 4755 qua:
3058 4684 3393 4754 potissimum
3420 4683 3645 4739 tenenda
3673 4685 3766 4750 sit,

2185 4788 2238 4832 et
2264 4778 2532 4848 quomodo
2560 4777 2817 4832 adversus
2863 4778 3268 4847 Pelagianorum
3311 4776 3502 4848 dogma
3530 4776 3623 4830 illa
3651 4777 3768 4846 ejus

2185 4869 2398 4926 defendi
2423 4870 2610 4939 possit,
2638 4885 2798 4939 quam
2826 4868 3061 4938 Epistola
3084 4867 3154 4923 ad
3168 4867 3530 4924 Marcellinum
3553 4877 3607 4921 et
3629 4871 3770 4922 Ana-

2186 4959 2458 5032 psychiam
2504 4960 2901 5026 insinuaverat,
2947 4959 3181 5029 singulas
3209 4960 3416 5014 animas
3446 4973 3612 5014 novas
3643 4973 3770 5013 nas-

2186 5051 2431 5108 centibus
2471 5052 2666 5104 creari.
2711 5051 2891 5106 Altera
2935 5051 3167 5107 consulit
3208 5051 3278 5107 de
3317 5051 3435 5106 loco
3471 5065 3539 5104 ex
3584 5047 3771 5104 Jacobi

2186 5143 2449 5214 Epistola,
2482 5143 2580 5210 Qui
2602 5141 2868 5209 oﬂ'enderit
2889 5145 2944 5199 in
2965 5163 3089 5209 uno,
3109 5145 3271 5214 {actus
3289 5153 3361 5198 est
3383 5144 3613 5198 omnium
3631 5159 3772 5197 reus.

2188 5237 2416 5294 Advenit
2457 5235 2681 5290 Orosius
2719 5237 2860 5291 circa
2904 5253 3126 5292 vernum
3167 5246 3408 5306 tempus,
3452 5236 3635 5306 ibique
3675 5231 3773 5288 ali-

2187 5326 2424 5399 quandiu
2459 5337 2821 5381 commoratus
2864 5337 2948 5384 est
2977 5346 2989 5380 :
3023 5329 3208 5382 aderat
3235 5327 3375 5381 enim
3399 5368 3418 5392 ,
3444 5337 3501 5382 ut
3528 5343 3652 5382 mox
3691 5325 3774 5381 di-

2189 5433 2372 5475 cemus
2395 5457 2410 5481 ,
2455 5416 2694 5485 ejusdem
2738 5419 2861 5473 anni
2897 5419 3025 5480 415,
3056 5417 3230 5473 adhuc
3258 5434 3445 5474 mense
3471 5419 3634 5485 iulio,
3664 5432 3776 5489 quo

2189 5507 2540 5578 Jerosolymis
2586 5517 2774 5564 contra
2824 5510 3092 5581 Pelagium
3142 5510 3196 5565 in
3246 5511 3414 5564 aciem
3469 5495 3768 5566 descendit.

2190 5601 2514 5667 Hieronymo
2529 5599 2594 5653 ad
2617 5601 2896 5669 Augustini
2914 5602 3178 5673 Epistolas
3199 5601 3582 5672 respondendi,
3605 5603 3773 5656 otium

2191 5689 2360 5747 defuit
2387 5699 2462 5743 tot
2489 5689 2841 5762 undequaque
2867 5693 3359 5750 concertationibus
3385 5701 3576 5748 contra
3605 5691 3777 5746 lucre-

2193 5788 2334 5843 εἶρος
2373 5794 2674 5852 occupato:
2704 5785 2758 5841 id
2784 5786 2926 5858 quod
2971 5796 3023 5842 et
3060 5797 3336 5842 narratum
3383 5801 3480 5842 nos
3521 5785 3692 5852 imus,
3723 5790 3776 5838 ct
