4052 6338
278 342 384 408 I69

275 467 498 538 ipsemet
519 474 662 518 anno
705 455 1004 528 insequenti
1029 453 1096 510 ad
1138 453 1286 510 illum
1316 451 1556 508 scribens
1601 447 1838 518 Epistula

276 554 532 614 CXXXIV
555 562 824 609 musatur.

811 659 1036 718 CAPUT
1075 655 1313 714 XXXVI.

277 783 318 838 I.
379 781 614 851 Pelagius
659 777 888 834 lueresim
929 793 1075 832 suam
1117 775 1358 845 importat
1401 772 1454 826 in
1497 769 1844 824 Paltcstinam.

307 906 320 916 ο
351 873 412 928 II.
446 872 604 936 Quem
647 869 985 939 Hieronymus
1022 867 1075 920 in
1117 865 1392 920 Jeremiam
1434 862 1686 924 scribens,
1731 877 1849 930 per-

347 965 566 1036 stringit.
617 962 704 1017 111.
745 961 870 1016 M01:
896 961 1159 1030 impugnat
1207 959 1327 1010 data
1371 956 1440 1010 ad
1479 955 1848 1026 Ctesiphontem

349 1059 598 1126 Epistola.
642 1055 728 1111 IV.
763 1054 827 1108 Et
857 1051 1240 1126 prafationibus
1281 1049 1502 1104 secunda
1541 1058 1588 1102 et
1626 1047 1771 1101 tertia
1800 1047 1853 1100 in

349 1151 643 1204 Jeremiam.
685 1147 753 1203 ν.
789 1145 916 1200 Tum
944 1145 1151 1216 proprio
1177 1159 1326 1213 opere
1347 1185 1362 1210 ,
1401 1145 1502 1197 sive
1527 1141 1684 1196 tribus
1709 1141 1850 1196 libris

353 1242 702 1314 Dialogorum.
735 1239 823 1294 Vl.
849 1235 966 1292 Πειυί
972 1238 1043 1308 pit
1067 1253 1117 1292 se
1131 1238 1308 1290 iterum
1322 1236 1390 1288 ad
1410 1233 1806 1288 Commentarios
1830 1248 1848 1286 :

287 1346 289 1349 '
346 1335 480 1403 quod
509 1344 675 1386 tamen
704 1347 832 1400 opus
880 1331 1228 1400 imperfectum
1269 1327 1524 1392 relinquit.
1557 1324 1669 1379 VII.
1717 1322 1856 1378 Male

348 1425 558 1479 habetur
581 1441 614 1478 a
642 1421 934 1492 Pelagianis
953 1463 968 1485 ,
996 1420 1081 1489 qui
1109 1419 1162 1472 in
1206 1417 1566 1472 Monasterium
1606 1416 1714 1486 ejus
1741 1415 1857 1484 igne

345 1529 394 1573 et
431 1517 654 1572 aedibus
691 1516 922 1570 stevinnt.
979 1505 1115 1568 VIII.
1173 1511 1550 1568 Consolatorias
1589 1527 1646 1563 ea
1689 1511 1752 1564 de
1802 1526 1857 1565 re

346 1610 531 1680 accipit
558 1609 622 1663 ab
651 1598 949 1662 Innocentio
976 1604 1145 1676 Papa.
1195 1603 1282 1658 IX.
1333 1603 1492 1658 Sedes
1527 1611 1724 1668 mutat,
1766 1618 1857 1654 nec

347 1710 514 1756 tamen
560 1699 744 1754 desinit
788 1697 965 1752 hazresi
1002 1697 1211 1766 infestus
1240 1711 1362 1749 esse.
1406 1693 1472 1748 Χ.
1525 1692 1858 1748 Eustochium

347 1795 580 1849 moritur.
611 1785 705 1847 XI.
735 1790 797 1846 S.
827 1791 934 1858 ipse
967 1787 1116 1842 Pater
1143 1789 1276 1842 diem
1302 1787 1423 1843 obit.

349 1916 389 1981 I.
417 1925 536 1983 Jam
563 1941 622 1982 se
648 1940 709 1982 se
735 1925 916 1996 itaque
942 1925 995 1979 in
1023 1921 1361 1979 Palaestinam
1385 1935 1450 1976 ex
1479 1920 1655 1976 Africa
1685 1920 1859 1976 intru-

280 2031 424 2086 serat
451 2022 734 2092 Pelagiana
764 2019 931 2092 pestis
951 2061 966 2086 ,
997 2018 1387 2088 nonnullosque
1411 2017 1478 2073 de
1509 2019 1676 2087 ipsius
1700 2014 1855 2071 Jero-

279 2114 617 2186 solymitanat
667 2114 920 2169 Ecclesiae
963 2111 1288 2182 primoribus
1328 2111 1680 2181 corripuerat.
1727 2108 1861 2163 Huic

279 2203 474 2261 haeresi
500 2220 530 2259 a
556 2204 794 2275 Pelagio,
826 2205 942 2273 ejus
969 2213 1190 2258 auctore
1214 2244 1230 2268 ,
1279 2216 1470 2256 nomen
1497 2215 1617 2256 esse
1639 2240 1656 2267 ,
1705 2213 1862 2254 nemo

277 2303 358 2349 est
383 2295 476 2365 qui
505 2297 730 2350 nesciat.
756 2292 876 2364 Ipse
895 2293 1014 2362 quis
1045 2291 1224 2356 fuerit,
1254 2289 1438 2360 paucis
1463 2291 1666 2358 accipe.
1698 2288 1864 2342 Natus

277 2395 358 2442 est
387 2385 582 2440 humili
631 2385 752 2440 loco
796 2385 849 2438 in
889 2382 1112 2446 Scotia,
1144 2380 1287 2435 unde
1331 2381 1599 2434 Scotorum
1644 2378 1865 2448 pultibus

275 2484 628 2546 prwgravatus
654 2474 984 2544 Hieronymo
1008 2471 1204 2526 dicitur
1223 2468 1393 2542 (Prol.
1424 2467 1450 2522 1
1482 2478 1526 2524 et
1555 2468 1618 2522 11
1649 2470 1700 2524 in
1728 2469 1865 2540 .Ier.)

274 2576 320 2622 et
342 2567 569 2621 Albinus
595 2565 734 2619 canis
761 2572 806 2618 et
845 2562 1200 2633 corpulentus,
1242 2560 1309 2616 ab
1339 2561 1487 2613 Albin
1520 2560 1632 2616 sive
1659 2561 1863 2626 Albion,

274 2673 386 2727 quo
415 2655 638 2710 nomine
670 2654 895 2724 patriam
919 2653 1145 2707 insulam
1175 2652 1318 2708 Scoti
1348 2651 1722 2721 appellabant:
1747 2652 1868 2708 aliis

277 2743 568 2804 Britannus
593 2746 814 2812 coluber,
859 2757 912 2802 et
948 2743 1092 2800 Brito
1125 2745 1504 2816 cognominatus
1543 2743 1754 2816 (Prosp.
1804 2745 1869 2800 de

279 2839 417 2909 Aug.
461 2855 552 2909 ng.
586 2837 635 2891 Ι.
673 2836 772 2908 Ep.
801 2837 948 2908 186).
982 2837 1252 2906 Sequutus
1279 2834 1583 2892 Monastica:
1616 2837 1750 2891 Vita:
1790 2837 1870 2891 in-

280 2932 530 2986 stitutum
561 2971 576 2995 ,
623 2928 713 2985 diu
754 2929 960 2994 Romae,
993 2943 1095 2982 nec
1121 2927 1238 2982 sine
1269 2927 1568 2983 sanctitatis
1599 2929 1869 2984 existinm-

285 3025 434 3080 tione
473 3023 657 3094 aliqua
704 3022 873 3088 vixit,
923 3022 1123 3077 erroris
1177 3022 1260 3076 sui
1311 3022 1515 3077 semina
1566 3023 1866 3080 clanculum

287 3131 586 3187 spargens,
635 3114 843 3186 sibique
888 3113 1044 3169 valde
1084 3109 1121 3167 'a
1171 3114 1380 3183 publica
1434 3113 1550 3168 luce
1599 3125 1867 3171 metuens.

287 3207 449 3268 Venit
485 3215 672 3276 postea
714 3205 767 3260 in
812 3204 1046 3260 Africam
1097 3205 1264 3260 semel
1307 3214 1466 3276 atque
1512 3207 1742 3273 iterum,
1782 3206 1869 3261 ubi

291 3298 602 3354 leestium
659 3296 861 3352 erroris
921 3297 1002 3352 sui
1054 3295 1372 3366 discipulum
1425 3297 1662 3351 omnium
1717 3297 1872 3353 facile

293 3391 590 3462 principem
623 3389 856 3445 instituit
887 3405 901 3444 :
941 3389 1029 3460 qui
1055 3389 1379 3459 Carthagine
1408 3388 1734 3461 Presbyterii
1772 3389 1872 3443 ho-

295 3498 479 3538 norem
542 3489 906 3548 consecutus,
960 3489 1145 3536 contra
1211 3480 1410 3535 Christi
1468 3481 1690 3550 gratiam
1764 3495 1874 3550 pra:

297 3576 552 3644 magistro
592 3587 690 3628 suo
727 3573 1010 3629 classicum
1044 3572 1258 3628 cecinit.
1304 3571 1420 3641 Ipse
1451 3571 1502 3625 in
1533 3571 1872 3627 Palaestinam

299 3664 609 3730 contendit,
654 3672 711 3718 et
755 3661 1103 3733 Jerosolymte
1133 3671 1496 3718 commoratus
1526 3671 1647 3726 est,
1691 3661 1780 3717 ubi
1824 3671 1878 3717 et

301 3753 710 3810 familiaritatem
740 3770 862 3809 cum
894 3753 1222 3824 Hieronymo
1246 3794 1262 3820 ,
1297 3751 1424 3807 dum
1463 3753 1602 3808 bene
1628 3753 1677 3809 ei
1720 3762 1878 3808 notus

304 3845 478 3901 adhuc
519 3861 624 3901 non
675 3854 848 3913 esset,
901 3845 1071 3900 fertur
1122 3845 1385 3914 junxisse.
1447 3843 1677 3900 Sanetus
1732 3852 1880 3900 certe

310 3935 468 3990 Pater
494 3945 714 3992 testatus
740 3946 822 3992 est
853 3945 1057 4007 postea,
1079 3950 1138 3991 se
1156 3937 1423 4006 patienter
1443 3935 1702 3990 adversus
1733 3935 1879 3989 illam

303 4027 552 4082 .hzcresim
569 4030 820 4099 gessisse,
849 4045 912 4082 ne
935 4037 1149 4082 veterem
1175 4026 1358 4082 lwderc
1384 4025 1634 4080 videretur
1662 4026 1882 4080 necessi-

299 4119 528 4173 tudinem
565 4119 736 4191 (Prol.
781 4119 887 4176 ιγ.
917 4121 971 4174 in
997 4118 1238 4190 Jerem.)‘.
1275 4118 1539 4175 Caeterum
1576 4119 1744 4175 latere
1783 4121 1884 4176 sub

307 4207 422 4278 ejus
448 4209 732 4264 verborum
776 4211 956 4278 melle,
1000 4209 1180 4266 cordis
1205 4223 1409 4265 venena
1435 4249 1451 4276 ,
1498 4210 1629 4265 satis
1677 4219 1885 4267 mature

308 4299 700 4365 animadvertit,
741 4300 958 4371 jamque
1002 4316 1032 4356 a
1075 4301 1353 4372 superiore
1396 4315 1538 4356 anno
1588 4301 1729 4368 M5,
1763 4317 1883 4358 cum

307 4403 512 4449 sextum
547 4395 600 4449 in
639 4394 979 4450 Ezechielem
1005 4392 1462 4448 Commentarium
1505 4392 1841 4452 elucubrarct
1867 4434 1883 4459 ,

303 4485 360 4543 in
404 4487 636 4557 Prologo
678 4495 901 4557 questus
950 4493 1073 4552 est,
1115 4485 1406 4540 reviviscere
1452 4482 1650 4555 Hydra:
1688 4485 1888 4539 novella

252 4595 266 4614 τ’
311 4577 599 4645 plantaria,
640 4586 688 4632 et
729 4576 974 4632 hareticis
1021 4575 1120 4630 Dei
1167 4574 1415 4644 percussis
1455 4591 1609 4628 manu
1628 4616 1642 4640 ,
1673 4575 1888 4629 Ineresin

310 4671 471 4740 ipsam
499 4685 603 4724 non
629 4668 760 4722 mori
777 4708 792 4732 ,
831 4667 1162 4722 hwreditariis
1193 4667 1428 4721 odiorum
1470 4682 1678 4720 suorum
1703 4666 1889 4721 catulis

311 4760 557 4816 derelictis
575 4801 592 4827 ,
615 4759 700 4830 qui
728 4768 902 4813 nostra
927 4759 1246 4822 simulantes,
1279 4758 1536 4829 genitricis
1560 4758 1781 4827 antiqua:
1807 4773 1889 4810 ve-

312 4868 440 4906 nena
459 4869 562 4907 non
592 4852 845 4906 deserunt.
883 4850 957 4905 Ad
990 4849 1384 4906 Demetriadem
1411 4865 1622 4920 quoque
1647 4851 1890 4906 scribens

312 4941 398 5012 (ad
428 4957 588 5012 quam
618 4942 735 5011 ipse
764 4942 926 4995 etiam
955 4940 1197 5010 Pelagius
1221 4981 1236 5006 ,
1279 4940 1626 4995 nobilissima:
1670 4941 1891 5010 virginis

313 5031 654 5088 instituenda:
683 5032 926 5109 obtentu,
958 5031 1250 5101 Epistolam
1282 5031 1506 5086 dederat
1534 5031 1754 5085 lueresis
1780 5045 1891 5086 sua:

313 5139 520 5180 veneno
548 5123 832 5195 suﬂ'usam)
862 5132 1078 5188 monet,
1120 5133 1174 5177 ut
1220 5123 1314 5178 sibi
1355 5133 1524 5177 caveat
1563 5122 1624 5177 ab
1661 5122 1819 5192 impia
1845 5134 1892 5177 et

307 5216 558 5270 scelerata
582 5213 1132 5284 doctrina(Pelagiana
1160 5215 1364 5284 utique,
1389 5229 1547 5285 quam
1581 5224 1890 5285 prognatam

312 5309 688 5380 suspicabatur
733 5308 802 5362 ab
851 5307 1198 5380 Origeniana)
1250 5325 1384 5378 qum,
1441 5309 1640 5379 inquit,
1672 5307 1793 5362 vlint
1840 5308 1894 5362 in

313 5399 546 5472 Egypto
583 5409 630 5456 et
674 5398 894 5454 Orientis
925 5401 1150 5470 partibus
1185 5405 1507 5466 versabatur,
1548 5411 1594 5454 et
1640 5417 1774 5454 nunc
1804 5403 1895 5456 ab-

313 5492 562 5558 scondite,
592 5491 740 5561 quasi
765 5493 816 5544 in
846 5491 1002 5562 foveis
1026 5493 1316 5562 viperarum
1339 5491 1480 5562 apud
1509 5492 1770 5562 plerosque
1789 5509 1898 5546 rer-

307 5597 476 5654 satur,
502 5587 808 5655 illarumque
835 5585 1056 5654 partium
1084 5585 1263 5654 polluit
1293 5586 1577 5655 puritatem,
1611 5599 1715 5640 etc.

383 5675 451 5732 Ii.
483 5677 791 5746 Insequenti
822 5689 964 5730 anno
991 5674 1348 5746 Hieronymus
1390 5677 1814 5731 Commentarios
1846 5677 1897 5731 in

314 5766 602 5826 Jeremiam
647 5766 881 5860 scriberg
920 5781 1200 5838 aggressus
1230 5776 1310 5822 est
1339 5785 1352 5820 :
1384 5767 1593 5824 volebat
1636 5771 1775 5823 enim
1801 5811 1815 5838 ,
1851 5771 1892 5824 si

1547 332 1603 389 S.
1646 328 2018 387 IIIEBONYMI
2063 322 2239 384 VITA.

3426 327 3530 394 1ἳο

1953 459 2050 514 per
2078 443 2358 498 haereticos
2386 440 2713 513 {catulosque
2749 456 2877 498 suos
2923 441 3202 512 licuisset,
3231 454 3526 502 extremam

1950 537 2097 608 aperi
2126 535 2436 606 Prophetali
2484 549 2698 589 manum
2729 534 3024 604 imponere.
3056 535 3172 607 Ipsa
3207 547 3383 595 autem
3414 538 3532 594 haec

1953 628 2174 684 haeresis
2199 627 2252 683 in
2280 642 2436 682 causa
2468 626 2560 680 fuit
2584 666 2600 693 ,
2634 635 2692 680 ut
2730 627 2968 696 explere,
2997 629 3137 699 quod
3167 629 3220 685 in
3247 631 3388 687 votis
3431 632 3532 686 ha-

1954 719 2112 776 bebat
2137 761 2153 787 ,
2186 733 2518 790 nequaquam
2551 718 2776 787 potuerit
2803 758 2819 785 ,
2857 718 2982 773 dum
3029 719 3194 775 verba
3217 721 3446 778 subinde
3471 737 3537 779 ac

1954 809 2152 880 stylum
2197 809 2250 864 in
2301 823 2417 864 eam
2461 817 2677 863 coactus
2724 817 3074 874 convertere,
3116 820 3349 886 emptum
3399 827 3536 884 opus
3580 876 3581 879 η

1957 901 2305 968 intermittit,
2356 909 2410 956 et
2461 901 2611 956 senio
2663 902 2980 970 ingruente,
3038 914 3199 974 atque
3247 906 3367 961 aliis
3415 922 3538 977 qua:

1957 1001 2183 1046 mortem
2240 992 2478 1061 proxime
2525 991 2844 1047 antecedunt
2892 991 3285 1062 incommodis,
3332 995 3536 1051 sensim

1958 1079 2179 1137 deserit.
2207 1081 2314 1137 Nec
2344 1082 2608 1138 continuit
2649 1097 2710 1138 se
2749 1091 2926 1139 tamen
2956 1083 3059 1138 hoc
3085 1084 3203 1155 ipso
3232 1085 3542 1156 scriptionis

1956 1187 2154 1244 genere
2179 1173 2247 1228 ab
2286 1172 2648 1244 impugnanda
2677 1173 2837 1245 impia
2879 1174 3120 1230 doctrina
3145 1216 3161 1244 ,
3189 1175 3411 1247 ejusque
3439 1193 3538 1234 au-

1959 1274 2107 1334 ctore
2133 1267 2472 1336 cxagitando,
2504 1273 2712 1323 tametsi
2742 1269 2939 1324 nomini
2970 1280 3234 1340 parceret.
3257 1271 3323 1327 Et
3348 1274 3543 1344 prioris

1959 1359 2174 1429 quidem
2225 1360 2452 1431 Prologo
2495 1361 2615 1415 libri
2658 1363 2915 1416 indoctum
2958 1365 3370 1420 calumniatorem
3417 1381 3542 1423 eum

1961 1458 2116 1504 vocat
2147 1490 2164 1516 ,
2207 1459 2253 1504 et
2296 1451 2454 1504 nimia
2490 1461 2779 1506 stertentem
2834 1452 3078 1507 Vecordia
3109 1470 3128 1508 :
3153 1454 3341 1511 Grunii
3368 1497 3383 1523 ,
3435 1458 3546 1512 imo

1960 1548 2014 1595 et
2038 1540 2300 1596 Joviniani
2325 1543 2582 1598 asseclam
2609 1545 3012 1609 stolidissimum,
3031 1547 3120 1617 qui
3138 1548 3315 1605 alienis
3341 1550 3546 1605 vocibus

1963 1633 2351 1705 blasphemaret,
2381 1645 2427 1689 et
2465 1638 2517 1690 in
2547 1646 2740 1692 tantum
2762 1639 3071 1710 imperitunt,
3103 1651 3159 1695 ut
3183 1658 3247 1697 ne
3279 1645 3547 1700 maledicta

1961 1728 2160 1798 quidem
2189 1729 2390 1784 haberet
2409 1730 2635 1800 propria.

2035 1819 2120 1874 Ill.
2171 1821 2282 1877 Hoc
2329 1822 2575 1877 absoluto
2616 1822 2787 1889 libro,
2832 1823 3119 1895 Ctesiphon
3171 1827 3353 1882 nescio
3401 1830 3545 1900 quis.

1968 1912 2200 1981 Urbicus,
2225 1915 2307 1970 vel
2340 1914 2591 1980 Urbicius,
2624 1925 2682 1970 ut
2710 1917 2762 1970 in
2781 1915 2909 1972 Mss.
2941 1919 3211 1974 nonnullis
3231 1920 3448 1987 dicitur,
3479 1939 3544 1979 ex
3643 1929 3650 1932 ’

1964 2016 2153 2059 sancta:
2172 2015 2321 2075 atque
2346 2006 2556 2060 illustris
2584 2007 2764 2062 domus
2788 2007 3146 2075 conciliabula,
3170 2010 3314 2080 quod
3341 2012 3550 2067 videtur

1966 2094 2181 2164 Pelagio
2209 2104 2264 2150 et
2295 2095 2406 2149 suis
2433 2111 2564 2164 opes
2607 2097 2674 2152 ad
2713 2100 3117 2154 sustentandam
3165 2103 3327 2156 vitam
3355 2113 3548 2158 contu-

1969 2186 2118 2252 lisse,
2147 2186 2528 2257 Hieronymum
2558 2187 2626 2243 de
2652 2190 2810 2259 hujus
2837 2189 3078 2247 doctrina
3101 2231 3117 2259 ,
3142 2209 3259 2263 qua:
3290 2195 3551 2264 plurimos

1964 2279 2074 2350 jam
2120 2279 2405 2346 movebat,
2444 2281 2734 2338 consuluit.
2781 2281 2864 2338 Ad
2901 2298 3058 2353 quem
3097 2287 3277 2341 statim
3305 2287 3398 2343 ille
3424 2287 3553 2359 Epi-

1969 2370 2104 2426 stola
2134 2370 2414 2428 CXXXIII.
2441 2386 2560 2443 qua:
2581 2372 2649 2428 ad
2677 2372 2956 2430 Tractatus
2980 2376 3148 2433 instar
3175 2377 3415 2435 ordinata
3443 2391 3548 2447 est,

1970 2465 2283 2533 respondit,
2335 2464 2467 2532 nihil
2515 2465 2889 2526 htcreticorum
2934 2471 3139 2526 veritus
3187 2473 3392 2542 minas,
3423 2476 3551 2546 quin

1971 2554 2148 2623 potius
2175 2554 2374 2610 idcirco
2397 2556 2608 2612 aititnos
2637 2557 2738 2612 sibi
2770 2573 3019 2626 sumens,
3051 2563 3193 2632 quod
3225 2564 3298 2618 illi
3328 2567 3552 2636 scripto-

1969 2663 2085 2700 rum
2121 2663 2327 2701 suorum
2356 2647 2574 2719 fulmina
2601 2648 2994 2706 minitarentur.
3026 2653 3104 2708 Ac
3134 2655 3307 2724 primo
3335 2657 3550 2726 quidem

1970 2738 2201 2792 ἀπαθειαν
2255 2746 2308 2793 et
2360 2747 2660 2810 ἀμαρτησίαν
2708 2755 2815 2810 quo
2860 2742 3020 2798 veluti
3069 2745 3282 2816 gemino
3334 2747 3556 2806 tibicine

1970 2832 2323 2902 superbissima
2373 2833 2576 2888 ha’resis
2625 2833 2978 2902 fulciebatur,
3024 2836 3075 2892 id
3126 2848 3245 2905 est,
3299 2840 3556 2897 immuni-

1975 2932 2135 2978 tatem
2163 2923 2231 2977 ab
2258 2923 2420 2978 animi
2454 2925 2943 2994 perturbationibus
2967 2968 2982 2993 ,
3026 2937 3078 2982 et
3123 2929 3551 3000 impeceantiam,

1972 3021 2158 3084 utpote
2183 3013 2458 3074 diabolica:
2486 3017 2750 3086 superbia:
2780 3018 3030 3088 ﬁgmenta
3057 3019 3273 3088 refutat,
3303 3023 3557 3079 ostendit-

1975 3121 2080 3177 que
2102 3121 2168 3162 ex
2201 3105 2651 3177 Philosophorum
2680 3109 2914 3164 cmnosis
2941 3109 3174 3168 fontibus
3196 3155 3210 3178 ,
3241 3121 3295 3169 et
3325 3116 3557 3170 maxime

1977 3196 2456 3269 Pythagoricorum
2482 3239 2498 3265 ,
2547 3199 2636 3267 qui
2681 3200 2932 3255 hominem
2983 3213 3245 3272 extrquant
3286 3203 3434 3273 Deo,
3489 3207 3557 3262 ad

1976 3285 2296 3344 Christiana:
2327 3289 2448 3345 fidei
2479 3291 2702 3345 exitium
2733 3290 2984 3346 derivari.
3017 3292 3152 3349 Hinc
3185 3294 3277 3350 Dei
3305 3298 3554 3367 gratiam,

1978 3380 2132 3450 cujus
2160 3395 2254 3450 per
2277 3379 2488 3452 singula
2531 3397 2694 3452 opera
2723 3383 2958 3439 nitamur
2982 3393 3036 3440 et
3065 3401 3312 3457 regamur
3337 3391 3555 3456 atixilio,

1979 3472 2053 3528 ita
2078 3472 2307 3528 adstruit
2333 3514 2349 3539 ,
2381 3482 2438 3528 ut
2463 3476 2748 3531 verborum
2796 3476 3022 3534 fallaciis
3051 3520 3064 3544 ,
3095 3481 3308 3550 quibus,
3337 3483 3559 3538 obtentu

1981 3565 2135 3621 liberi
2184 3564 2432 3632 arbitrii,
2465 3567 2883 3636 simplicioribus
2928 3569 3222 3627 illudebant
3248 3615 3262 3637 ,
3297 3574 3559 3646 reliquum

1981 3658 2155 3714 locum
2185 3659 2387 3713 nullum
2435 3656 2614 3714 faciat.
2657 3658 2792 3716 Tum
2842 3661 2962 3715 illos
3011 3662 3080 3718 ad
3127 3666 3560 3735 respondendum

1982 3748 2228 3815 lacessit,
2257 3757 2314 3804 ut
2344 3748 2512 3804 libere
2539 3749 2826 3819 loquantur
2854 3750 2994 3820 quod
3026 3753 3270 3819 credunt,
3316 3764 3371 3809 et
3420 3757 3560 3826 quod

1983 3839 2149 3894 semel
2201 3839 2545 3909 scripserint,
2599 3855 2798 3910 negare
2850 3841 2991 3897 haud
3047 3845 3272 3912 possint.
3325 3845 3565 3918 Denique

1984 3929 2384 4000 Ctesiphontem
2421 3938 2593 4001 rogat,
2625 3941 2680 3987 et
2710 3943 3036 4000 commouet,
3067 3951 3130 3989 ne
3155 3953 3244 4005 per
3268 3953 3445 4005 unum,
3475 3950 3566 3994 aut

1988 4034 2042 4078 ut
2079 4023 2293 4077 multum
2333 4032 2432 4077 tres
2467 4023 2799 4078 hamunculos
2826 4035 3001 4079 sancta
3046 4027 3137 4082 illa
3181 4037 3330 4098 atque
3355 4031 3567 4086 illustris

1987 4115 2165 4170 domus
2203 4115 2447 4185 suscipiat
2472 4123 2724 4169 tantarum
2753 4119 2898 4186 faces
2934 4116 3187 4174 Itazreseon
3211 4161 3226 4185 ,
3256 4130 3312 4175 ut
3348 4123 3432 4176 ubi
3461 4126 3569 4193 pri-

1990 4223 2126 4262 mum
2156 4206 2333 4273 virtus,
2363 4215 2409 4260 et
2433 4207 2677 4261 sanctitas
2714 4207 3035 4272 laudabatur,
3057 4210 3128 4264 ibi
3162 4215 3571 4284 praesumptionis

1989 4299 2252 4354 diabolica:
2275 4308 2323 4353 et
2351 4299 2716 4354 sordidissima:
2741 4301 2991 4356 societatis
3019 4304 3278 4373 turpitudo
3297 4315 3520 4360 versetur
3553 4322 3572 4360 :

1988 4394 2247 4462 sciantque
2270 4392 2358 4462 qui
2386 4392 2734 4462 hujuscemodi
2769 4393 3054 4449 hominibus
3087 4411 3216 4463 opes
3260 4410 3534 4466 suggerunt
3554 4440 3569 4461 ,

1991 4487 2340 4542 luereticorum
2364 4485 2730 4540 multitudinem
2753 4501 3059 4556 congregare
3083 4527 3098 4552 ,
3129 4497 3178 4550 et
3201 4487 3385 4541 Christi
3411 4489 3574 4543 hostes

1991 4576 2178 4646 facere,
2206 4585 2252 4629 et
2275 4576 2496 4629 enutrirc
2519 4573 2836 4628 adversarios
2861 4575 2991 4640 eius.
3037 4575 3112 4630 De
3139 4590 3298 4639 anno,
3331 4593 3434 4646 quo
3460 4578 3574 4633 lucc

1993 4668 2187 4736 scripta
2238 4674 2397 4731 sunt,
2447 4671 2502 4720 et
2529 4660 2700 4734 quem
2744 4663 2976 4720 diximus
3015 4667 3138 4732 M5,
3184 4667 3431 4726 dubitare
3469 4687 3575 4726 nou

1993 4761 2123 4817 sinit
2164 4759 2362 4815 dudum
2407 4756 2649 4813 laudatus
2692 4746 2912 4813 Orosius
2956 4760 3284 4830 Apologetici
3333 4778 3450 4834 cap.
3487 4765 3574 4819 IV.

1995 4853 2084 4908 ubi
2103 4850 2171 4907 de
2193 4849 2640 4920 Jerosolymitano
2667 4859 2960 4917 conventu,
2986 4866 3145 4920 quem
3173 4862 3384 4908 constat
3412 4855 3577 4910 hocce

1995 4959 2136 4998 anno
2159 4943 2259 4998 sub
2280 4941 2403 4997 Julii
2436 4941 2635 4996 mensis
2677 4940 2837 4996 finem
2873 4943 3198 4998 celebratum
3220 4985 3234 5010 ,
3263 4946 3436 5018 deque
3477 4948 3580 5004 Pe-

1997 5036 2118 5106 lagii
2145 5049 2328 5090 errore
2359 5034 2578 5102 loquens
2605 5075 2620 5100 ,
2661 5032 2803 5103 quod
2843 5033 3003 5089 homo
3047 5035 3159 5090 suis
3185 5036 3386 5092 viribus
3417 5042 3584 5108 possit

1997 5127 2244 5182 mandata
2277 5127 2369 5181 Dei
2400 5124 2694 5191 custodire,
2726 5125 2859 5192 Hoc,
2893 5127 3083 5196 inquit,
3114 5126 3299 5182 Beatus
3329 5127 3585 5201 Hierony-

1998 5236 2110 5272 mus
2128 5219 2180 5271 iu
2203 5217 2434 5287 Epistula
2462 5233 2574 5282 sua,
2603 5233 2754 5288 quam
2795 5233 2958 5286 nuper
2980 5218 3048 5271 ad
3087 5217 3458 5289 Ctesiphontem
3486 5221 3570 5276 edi

2000 5315 2095 5378 dit,
2126 5312 2491 5366 condemnavit.
3183 5361 3189 5368 _

2074 5403 2162 5458 IV.
2213 5403 2428 5472 Recepit
2457 5401 2635 5456 statim
2674 5417 2733 5457 se
2768 5402 2994 5457 Sanctus
3021 5403 3178 5458 Pater
3205 5401 3270 5457 ad
3300 5403 3587 5458 Commen-

2006 5494 2170 5548 tarios
2199 5492 2250 5547 in
2278 5492 2564 5548 Jcremiam
2596 5508 2609 5544 :
2641 5499 2697 5546 et
2723 5492 2944 5547 secundi
2988 5491 3218 5560 Prologo
3247 5491 3367 5544 libri
3394 5505 3453 5545 se
3491 5491 3586 5558 ait,

2000 5594 2228 5640 avertere
2267 5601 2536 5655 parumper
2563 5599 2732 5649 aures,
2764 5599 2826 5638 ne
2856 5584 3030 5637 audiat
3049 5581 3304 5652 judicium
3333 5583 3586 5651 sanguinis

2004 5688 2050 5733 et
2078 5679 2457 5748 interfectorum
2483 5677 2680 5730 animas
2705 5677 2952 5746 deploret,
2981 5675 3067 5745 qui
3091 5673 3327 5742 opinione
3353 5673 3588 5727 virtutmr

2007 5772 2234 5839 quotidie
2269 5778 2508 5822 corruunt
2535 5772 2586 5822 in
2613 5767 2918 5837 superbiam,
2944 5775 2990 5820 et
3030 5765 3136 5818 Deo
3166 5780 3218 5818 se
3245 5765 3432 5820 similes
3458 5769 3569 5821 arbi
