4052 6338
494 359 590 428 171

509 485 704 529 rantur.
733 473 988 541 Quorum,
1007 473 1206 539 subdit,
1227 473 1390 544 furori
1410 479 1778 546 respondimus,
1810 487 1864 530 ut
1893 475 2059 546 potui-

503 567 632 644 nps',
661 574 707 620 et
735 565 781 619 si
809 560 1059 619 Dominus
1097 567 1248 619 vitam
1286 567 1514 630 dederit,
1549 565 1748 637 plenius
1775 565 2066 635 responsuri

489 661 678 712 s'nnns.
709 659 922 713 Interim
951 669 1003 714 et
1033 661 1246 714 tertiqu
1292 661 1479 714 librum
1525 660 1737 715 excudit
1784 660 1969 714 eadem
2012 657 2068 711 iu'

487 749 1096 819 Prologo'eouquestus,
1130 768 1228 804 non
1247 752 1352 821 pati
1380 751 1684 815 Diabolum,
1715 767 1821 820 quo
1849 749 2065 804 runnine

484 850 683 893 sectam
732 839 928 911 Pelagii
975 850 1167 904 nutat,
1224 858 1278 896 se
1326 852 1499 910 aptata
1547 843 1711 910 quiete
1756 850 2064 904 contentum,

484 931 867 1001 Srripturarum
903 944 1192 986 sanctarum
1220 933 1566 1003 explanationi
1596 935 1824 987 insistere
1848 974 1862 996 ,
1899 932 1986 986 sed
2013 930 2067 984 id

481 1039 629 1091 agerc
655 1023 826 1079 diebus
872 1035 918 1078 et
964 1024 1193 1078 noctibus
1216 1067 1230 1089 ,
1277 1036 1324 1078 et
1368 1035 1541 1093 aperte
1565 1067 1578 1090 ,
1613 1035 1666 1078 .et
1706 1041 1794 1095 per
1833 1025 2064 1088 insidias,

481 1117 608 1169 seris
636 1117 770 1187 falsa
807 1117 1060 1170 miscendo
1082 1159 1097 1183 ,
1144 1119 1245 1170 imo
1283 1119 1516 1172 universa
1553 1118 1815 1171 mendacia
1854 1108 2068 1169 subdolo

481 1209 629 1262 melle
649 1209 1094 1271 circumlinentem,
1114 1221 1168 1262 ut
1188 1203 1273 1280 qui
1294 1211 1433 1263 audit
1455 1210 1710 1264 verborum
1727 1209 2066 1273 dulcedinem,"

481 1313 668 1352 uenena
697 1301 910 1368 pectoris
948 1316 1048 1354 non
1093 1301 1348 1372 formidet.
1393 1301 1456 1354 Et
1484 1309 1605 1371 post
1633 1301 1734 1354 alia
1778 1299 1828 1353 id
1854 1314 2025 1368 genus
2047 1339 2064 1366 ,

480 1389 693 1444 Latrare
736 1408 826 1462 per
871 1393 1108 1446 Albinum
1152 1409 1327 1446 canem
1372 1391 1691 1462 (Pelagium)
1731 1392 1973 1462 grandem
2019 1393 2084 1445 et

480 1482 847 1551 corpulentum,
879 1493 927 1537 et
955 1483 1043 1550 qui
1074 1482 1296 1537 calcibus
1325 1485 1484 1554 magis
1513 1484 1668 1553 possit
1688 1485 1880 1548 swvire,
1913 1499 2066 1552 quam

481 1575 728 1629 dentibus.
761 1575 924 1629 liabet
948 1577 1079 1639 cnim
1104 1575 1392 1647 pregcuiem
1438 1576 1652 1632 Scotica.’
1677 1578 1836 1648 gentis
1865 1579 1928 1631 de
1946 1568 2041 1632 Bri
2050 1605 2067 1617 -

480 1677 750 1722 tannorum
791 1667 976 1721 vicinia
1001 1707 1018 1734 ,
1049 1671 1169 1740 quia
1199 1669 1352 1738 juxta
1383 1667 1584 1738 fabulas
1612 1666 1885 1722 Poetarum
1912 1663 2065 1738 spiri¥

481 1761 607 1814 tnali
635 1762 984 1831 percntiendus
1013 1773 1085 1816 est
1109 1762 1272 1827 clava,
1296 1771 1350 1816 ut
1374 1773 1561 1816 wtcrno
1581 1777 1694 1815 cum
1714 1779 1804 1816 suo
1823 1762 2064 1833 magistre

481 1851 700 1906 Plutone
725 1853 924 1907 silentio
951 1855 1271 1908 conticescet.
1315 1853 1494 1906 Verum
1523 1854 1616 1907 hoc
1640 1854 1790 1918 alias,
1810 1862 1918 1908 etc.

555 1945 617 1998 ν.
644 1944 875 2000 Coactus
904 1961 1089 2001 revera
1131 1955 1215 2000 est
1254 1947 1446 2000 iterum
1471 1987 1486 2012 ,
1525 1945 1627 2000 hoc
1656 1945 1901 2000 absoluto
1927 1945 2062 1999 libro

476 2036 545 2092 ah
573 2037 944 2106 explanatione
967 2037 1270 2107 Prophetali
1305 2035 1517 2092 manum
1547 2053 1820 2103 revocare,
1853 2049 1905 2090 ut
1934 2052 2059 2107 pro-

480 2130 650 2195 prium
672 2144 828 2198 Opus,
847 2129 987 2199 quod
1014 2131 1274 2183 iacturum
1296 2127 1366 2184 se
1379 2138 1674 2199 receperat,
1701 2129 1752 2182 in
1780 2128 2061 2184 hmretiens

475 2223 873 2291 aggrederetur.
905 2220 1284 2275 Contexit'hoc
1310 2230 1486 2274 autem
1535 2221 1700 2274 forma
1728 2219 2058 2291 dialogorum

476 2315 576 2368 sub
596 2323 830 2384 persona
861 2314 1020 2368 Attici
1047 2313 1294 2368 eathOlici
1321 2353 1336 2378 ,
1386 2321 1442 2368 et
1485 2311 1757 2368 Cretobuli
1801 2311 2057 2378 lireretici,

474 2421 540 2460 ex
569 2405 756 2459 ordine
787 2419 1000 2460 onmem
1032 2404 1100 2459 de
1131 2404 1313 2458 Divina
1340 2404 1507 2474 gratia
1531 2445 1547 2469 ,
1576 2405 1748 2473 deque
1777 2403 1946 2459 libero
1973 2420 2060 2458 ar-

477 2495 637 2549 bitrio
683 2495 1103 2550 controversiam
1149 2495 1462 2564 explicans,
1505 2497 1570 2550 'et
1621 2497 1840 2550 verbum
1891 2497 2057 2552 vet-ho

474 2586 543 2642 ad
583 2587 818 2657 singulas
859 2573 1234 2642 hmreticorum
1279 2589 1575 2643 sententias
1615 2604 1902 2659 reponens.
1951 2589 2056 2646 Sed

475 2681 655 2750 utique
675 2681 810 2736 scitu
837 2681 995 2746 digna
1028 2682 1304 2748 temporis,
1328 2697 1434 2751 quo
1460 2681 1510 2735 id
1530 2679 1828 2747 moliretur,
1856 2685 2058 2739 notatio

475 2781 576 2827 est.
611 2771 865 2828 Extremo
893 2773 1096 2827 scilicet
1139 2772 1280 2828 Julio
1311 2775 1588 2843 praesentis
1617 2776 1739 2829 anni
1761 2817 1775 2842 ,
1808 2769 2056 2832 adnitené

475 2864 614 2918 tibus
638 2873 837 2919 contra
871 2864 1076 2918 hostem
1115 2863 1349 2934 antiqua:
1394 2865 1514 2920 fidei
1542 2866 1878 2938 Presltyteris
1899 2868 2055 2922 Jero-

472 2955 825 3025 solymitauis,
854 2954 1087 3009 Joannes
1111 2955 1424 3026 Episcopus,
1455 2957 1542 3026 qui
1574 2959 1772 3026 primas
1800 2959 2056 3015 hzeretieo

471 3046 745 3102 deferebat
775 3088 788 3109 ,
821 3047 984 3102 totius
1008 3048 1145 3103 Cleri
1189 3049 1450 3119 synodum
1479 3050 1683 3104 indixit.
1728 3051 1806 3107 Eo
1837 3065 2056 3108 vocatus

472 3147 556 3193 est
584 3138 742 3193 etiam
765 3135 991 3194 Orosius
1011 3180 1025 3204 ,
1059 3149 1115 3194 et
1140 3139 1264 3210 quid
1293 3155 1356 3196 ex
1388 3139 1566 3196 Africa
1597 3153 1778 3198 contra
1819 3145 2056 3217 Pelagiaé

474 3244 595 3284 nam
635 3227 932 3285 doetrinam
978 3229 1278 3286 advexisset
1303 3273 1319 3298 ,
1362 3231 1544 3301 jussus
1585 3249 1876 3304 exponere.
1918 3237 2051 3292 Tum

474 3319 719 3389 Pelagius
765 3335 978 3389 quoque
1028 3319 1358 3376 introductus
1405 3332 1524 3390 est,
1570 3326 1658 3394 qui
1703 3327 1883 3394 judice
1928 3344 2054 3384 usus

471 3424 688 3468 suarum
719 3409 946 3479 partium
986 3410 1226 3489 studioso
1246 3454 1260 3477 ,
1301 3412 1476 3484 deque
1502 3430 1598 3470 sua
1627 3417 1854 3474 factione
1884 3419 2051 3474 inter-

473 3502 735 3570 pretibus,
761 3503 851 3569 qui
890 3502 1067 3557 Orosii
1107 3503 1292 3559 Latine
1326 3507 1466 3561 dicta
1497 3507 1550 3562 in
1579 3509 1824 3566 Graecum
1870 3504 2052 3567 reluné

471 3593 680 3659 derent,
704 3592 962 3662 judicium
994 3593 1193 3664 Synodi
1219 3595 1543 3663 declinavit,
1587 3601 1714 3669 quin
1745 3603 1904 3656 etiam
1936 3603 2049 3659 ha:-

472 3697 655 3738 reseos
708 3683 958 3738 invidiam
1015 3686 1068 3739 in
1119 3697 1460 3742 accusantem
1510 3694 1792 3747 convertit.
1848 3694 2050 3766 Nempe

469 3774 717 3830 Orosium
739 3776 942 3845 aliquot
968 3786 1085 3846 post
1101 3777 1216 3833 dies
1232 3778 1466 3835 Joannes
1487 3781 1833 3853 blasphemiae
1854 3791 2048 3856 arguit,

467 3883 628 3937 quam
653 3868 738 3924 ille
765 3869 1191 3924 criminationem
1225 3870 1366 3926 edita
1406 3888 1530 3927 mox
1570 3874 1826 3946 Apologia
1867 3877 1962 3931 abs
1992 3894 2051 3933 se

467 3969 685 4015 coactus
713 3970 795 4016 est
820 3976 1090 4017 amovere.
1125 3962 1201 4017 Eo
1229 3975 1405 4020 autem
1431 3964 1607 4036 Opere
1636 3967 1859 4024 laudans
1890 3971 2053 4027 inter-

466 4051 592 4106 dum
647 4050 912 4107 adsertam
963 4051 1270 4126 liieronymi
1327 4058 1633 4112 testimonio
1680 4060 1873 4126 (idem,
1927 4078 2049 4118 eum

467 4144 627 4196 etiam
652 4144 836 4207 refert,
864 4153 990 4199 tunc
1012 4147 1265 4215 temporis
1294 4151 1697 4206 conscribendis
1721 4165 1907 4208 contra
1942 4153 2049 4209 Ine-

469 4235 692 4288 relicum
735 4235 927 4302 dOgma
978 4237 1130 4292 libris
1175 4238 1516 4311 Dialogorum
1566 4243 1877 4313 insodasse,
1915 4248 2044 4315 Hoc,

467 4327 735 4396 inquiens,
762 4323 950 4380 Beatus
978 4325 1392 4400 Hieronymus...
1421 4333 1474 4385 in
1519 4333 1647 4388 libro
1671 4375 1685 4397 ,
1721 4352 1868 4405 quem
1917 4357 2050 4396 nunc

463 4422 659 4491 scribit,
689 4422 876 4478 collata
903 4425 958 4478 in
986 4424 1192 4478 modum
1219 4424 1428 4498 Dialogi
1457 4428 1784 4485 altercatione
1803 4474 1818 4498 ,
1861 4436 2046 4504 confu-

465 4523 556 4570 tat.
607 4513 728 4572 Jam
773 4515 951 4586 itaque
993 4515 1061 4570 ad
1101 4517 1261 4572 tinent
1309 4515 1483 4573 annus
1523 4525 1841 4591 properabat
1877 4518 2046 4597 quum

462 4605 694 4661 absoluti
749 4615 909 4678 atque
971 4609 1023 4664 in
1076 4607 1264 4666 Incem'
1309 4605 1454 4668 eant
1497 4613 1619 4668 libri
1675 4627 1798 4671 sunt
1853 4637 1866 4672 :
1923 4637 2046 4678 nam

463 4695 780 4784 September
806 4699 1007 4752 mensis
1030 4740 1044 4765 ,
1076 4715 1239 4770 quum
1267 4717 1386 4758 eam
1416 4689 1728 4776 Apologiain
1761 4709 2046 4784 Presbyter

461 4782 729 4853 Hispanus
752 4785 1028 4855 scriberet,
1047 4788 1160 4858 jam
1191 4791 1519 4850 trahebatur.

539 4873 624 4930 VI.
655 4875 936 4946 Aliquanto
966 4887 1085 4948 post
1099 4882 1322 4937 contulit
1341 4897 1401 4940 se
1423 4887 1632 4944 tertimu
1650 4889 1876 4948 Sanctus
1891 4895 2048 4952 Pater

461 4965 526 5020 ad
540 4965 964 5023 Commentarios
986 4971 1038 5024 in
1067 4969 1374 5038 Jeremiam,
1395 4990 1526 5045 quos
1550 4995 1643 5047 per
1662 4973 1769 5036 tres
1785 4985 1958 5040 adhuc
1983 4989 2048 5043 Ιίτ

461 5057 588 5110 hros
629 5061 743 5113 sive
781 5057 849 5114 ad
889 5068 1099 5116 sextum
1137 5065 1304 5132 usque
1327 5105 1342 5131 ,
1371 5075 1426 5121 et
1471 5068 1536 5121 ad
1579 5069 1860 5141 Propheta:
1887 5089 2046 5148 caput

462 5149 791 5219 trigesimum
835 5153 1148 5220 secundum,
1193 5157 1309 5211 aliis
1336 5160 1565 5218 subinde
1607 5170 2044 5236 occupationibus

459 5237 743 5306 distentus,
765 5241 1064 5297 adornavit.
1087 5245 1335 5302 Oblivisci
1357 5257 1534 5306 tamen
1563 5265 1746 5311 contra
1765 5258 2041 5320 haereticos

461 5339 649 5398 pugna:
695 5344 799 5384 non
841 5341 1081 5401 poterat,
1109 5345 1164 5390 et
1193 5336 1483 5394 imectandi
1515 5342 1634 5399 lidei
1682 5347 1864 5406 hostes
1889 5368 2043 5410 oeca-

457 5417 598 5472 sioui
639 5431 857 5490 semper
886 5421 1214 5481 imminebat.
1264 5427 1319 5482 In
1348 5431 1570 5502 prologo
1594 5440 1766 5505 quarti
1798 5443 1913 5498 libri
1935 5445 2039 5500 Pa-

459 5506 718 5566 triarchas
743 5508 960 5566 nefariae
989 5511 1107 5583 ejus
1129 5524 1290 5571 secta:
1320 5517 1670 5603 Pythagoram
1694 5567 1708 5592 ,
1733 5528 2000 5590 Zenonem
2021 5579 2036 5603 ,

457 5597 742 5671 Origenem
762 5643 779 5669 ,
808 5601 1106 5662 Grunnium
1126 5647 1142 5673 ,
1166 5608 1448 5690 Evagrium
1485 5601 1784 5689 Ponticum,
1805 5597 2040 5683 Jovinia;

452 5705 581 5786 num
594 5693 756 5751 dicit:
781 5695 1084 5768 scriptaque
1097 5713 1192 5753 sua
1214 5699 1480 5773 ingerens,
1496 5706 1607 5774 Cui,
1626 5711 1812 5782 inquit,
1833 5734 2040 5786 respon-

451 5778 574 5835 dere
585 5783 672 5838 diu
687 5795 886 5852 tacens,
898 5801 944 5848 et
969 5792 1190 5850 dolorem
1212 5795 1409 5854 silentio
1441 5778 1712 5878 devorans,
1720 5778 1896 5865 crebra
1913 5778 2031 5885 '{ra-

1786 361 1842 415 S.
1883 358 2258 416 BIERONYMI
2304 360 2476 416 VITA.

3665 375 3786 450 in.

2171 483 2301 526 trum
2317 476 2719 544 expostulatione
2754 483 3042 550 compulsus
3063 500 3194 552 sum,
3218 502 3305 539 nec
3327 497 3490 542 tanien
3507 489 3765 564 hucusque

2171 567 2400 634 prorupi,
2431 577 2484 618 ut
2511 578 2772 622 auctorum
2797 572 3025 643 (Pelagii
3054 589 3173 629 cum
3205 579 3405 645 primis,
3428 589 3481 634 et
3509 572 3762 640 Caelestii)

2172 656 2375 708 nomina
2403 673 2656 724 ponerent,
2681 661 2872 715 malens
2893 679 2974 716 eos
2996 664 3180 735 corrigi
3201 684 3348 736 quant
3373 671 3630 741 infamari,
3657 685 3760 730 etc.

2173 747 2234 802 Et
2271 751 2490 820 prologo
2518 753 2684 819 quinti
2711 795 2726 819 ,
2758 756 2926 810 altero
2971 758 3043 811 ait
3069 762 3206 827 apud
3231 761 3516 818 Jereutiam
3543 767 3763 826 Calathe

2172 836 2518 893 Ita’reticorum
2549 844 2780 911 perfidia:
2808 847 3196 902 amaritudinem
3225 853 3582 922 demonstrari,
3615 870 3764 914 nota-

2175 929 2325 998 vique
2354 928 2476 984 illos
2507 934 2748 1000 personis
2777 936 3016 1001 Ananiae,
3042 947 3095 993 et
3123 939 3369 1010 Semeim,
3400 954 3453 998 et
3478 944 3761 1016 Sopltonize

2171 1019 2486 1087 sacerdotis,
2510 1023 2598 1092 qui
2650 1024 2700 1077 in
2753 1028 3024 1095 prOphetze
3073 1029 3343 1086 interitum
3392 1037 3759 1107 conjurabant.

2177 1109 2410 1181 Denique
2461 1129 2523 1168 ex
2559 1125 2711 1169 sexto
2741 1117 2880 1172 libro
2927 1121 3027 1173 sub
3073 1121 3231 1177 tinem
3265 1125 3656 1195 Scripturarmn
3686 1146 3758 1190 te-

2173 1202 2423 1256 stimonia
2452 1205 2692 1276 congerit
2718 1208 2880 1262 multa
2917 1251 2931 1274 ,
2963 1212 3032 1264 ad
3065 1214 3433 1269 retundendam
3462 1235 3635 1274 eorum
3661 1225 3758 1275 im-

2173 1295 2484 1362 pudenliam,
2513 1299 2594 1367 qui
2623 1309 2819 1368 putant,
2854 1301 3106 1358 hominem
3132 1310 3302 1362 omnia
3322 1328 3467 1380 posse
3486 1317 3755 1384 complere,

2169 1402 2282 1454 qum
2304 1405 2357 1440 se
2384 1389 2638 1457 [acturum
2668 1407 2774 1445 esse
2815 1394 3067 1460 pollicitus
3091 1408 3182 1452 est.
3231 1401 3377 1456 Alios
3408 1418 3660 1472 pra-terea
3691 1409 3758 1462 li-

2172 1476 2296 1530 bros
2319 1475 2840 1536 Commentariorum
2867 1482 2919 1536 in
2946 1484 3206 1554 reliqumn
3238 1490 3514 1562 PrOphctm
3540 1508 3758 1554 contex-

2171 1575 2280 1622 tum
2301 1585 2404 1622 non
2424 1570 2752 1626 elucubravit
2777 1571 3004 1630 Sanctus
3021 1576 3198 1647 Pater,
3217 1591 3272 1636 ut
3302 1599 3398 1638 suo
3423 1603 3522 1641 nos
3547 1589 3683 1656 loco,
3703 1603 3756 1648 et

2169 1659 2220 1713 in
2249 1662 2482 1731 generali
2507 1663 2816 1732 praefatione
2838 1669 2998 1723 certis
3025 1675 3355 1741 argumentis
3379 1681 3628 1746 probasse
3658 1687 3753 1741 visi

2167 1769 2369 1810 sumus.
2403 1757 2506 1810 Aut
2531 1767 2676 1813 certe
2704 1761 2750 1814 si
2775 1759 2909 1815 duos
2929 1771 3019 1817 aut
3049 1773 3157 1821 tres
3179 1779 3359 1835 postea
3384 1773 3600 1843 adjecit,
3634 1781 3753 1847 qui-

2171 1841 2269 1898 bus
2297 1860 2430 1914 opus
2460 1848 2754 1916 compleret
2781 1849 2800 1919 (
2823 1866 2926 1904 non
2951 1852 3129 1923 utique
3153 1855 3286 1912 alios
3330 1841 3750 1935 quatuordecim,

2167 1941 2223 1988 ut
2249 1935 2503 1991 hactenus
2543 1952 2818 2007 perperam
2845 1941 3211 1999 existimatum
3233 1950 3348 2021 est)
3373 1952 3444 2006 illi
3485 1954 3594 2021 jam
3643 1969 3750 2014 tum

2167 2023 2448 2081 advivente
2476 2026 2534 2079 S.
2561 2029 2812 2096 Auctore,
2843 2043 3126 2103 antequam
3157 2038 3207 2091 in
3237 2042 3420 2110 vulgus
3445 2046 3746 2118 ederentur,

2167 2115 2218 2169 in
2267 2117 2566 2186 direptione
2597 2119 2680 2173 illa
2713 2126 3022 2178 monasterii
3043 2167 3059 2191 ,
3089 2143 3244 2198 quam
3273 2135 3428 2200 paulo
3457 2149 3576 2206 post
3598 2115 3752 2196 Ρριοζ

2163 2209 2302 2278 giani
2323 2212 2578 2268 satellites
2605 2225 3090 2286 perpotraruutnos
3112 2221 3251 2279 imus
3281 2242 3571 2302 narratum,
3595 2235 3750 2309 depe-

2165 2312 2384 2355 rerum.

2236 2391 2344 2446 νη.
2377 2393 2651 2452 Faeinoris
2700 2399 2815 2468 ejus
2856 2401 3011 2475 longe
3060 2407 3367 2478 nequissimi
3412 2411 3627 2472 historia
3682 2421 3750 2476 ita

2164 2481 2341 2536 habet.
2375 2484 2620 2557 Pelagius
2649 2504 2678 2544 a
2705 2489 3154 2566 Jerosolymitano
3175 2514 3475 2571 conventu,
3508 2508 3746 2576 Joannis,

2165 2583 2218 2672 ut
2249 2573 2499 2640 diximus,
2531 2593 2712 2648 opera,
2743 2583 2878 2638 tiher
2901 2599 3021 2640 eum
3049 2591 3337 2658 evasisset,
3371 2608 3488 2664 post
3515 2573 3752 2672 quinque

2163 2663 2276 2719 fere
2300 2681 2520 2764 nienses
2547 2669 2857 2764 Diospolim,
2877 2691 2993 2746 qua:
3019 2679 3145 2734 urbs
3174 2681 3225 2736 in
3255 2663 3546 2755 Scriptor-is
3569 2663 3749 2764 Lydda

2160 2755 2480 2850 appellatur,
2513 2758 2577 2812 ad
2621 2759 2917 2820 Concilium
2947 2809 2960 2832 ,
2988 2769 3071 2823 cui
3099 2770 3382 2831 admodum
3429 2755 3749 2850 quatuorde-

2159 2845 2262 2900 cim
2294 2861 2324 2901 e
2357 2847 2632 2904 Palaestina
2661 2853 2909 2928 Episcopi
2953 2858 3207 2930 aderant,
3247 2845 3465 2926 vocatus
3492 2883 3592 2928 est.
3622 2878 3750 2946 Qme

2159 2934 2260 2989 sibi
2285 2936 2676 3031 objiciebantur
2701 2960 2940 3002 errorum
2966 2949 3227 3021 Capitula,
3258 2967 3315 3011 ut
3339 2960 3571 3031 loquitur
3596 2934 3750 3022 hino-

2159 3027 2364 3120 centius
2397 3027 2556 3099 Papa,
2582 3035 2770 3101 partim
2799 3039 3015 3095 vitando
3043 3050 3356 3115 suppressit,
3381 3027 3568 3120 partim
3588 3055 3764 3116 multa

2160 3118 2210 3172 in
2255 3135 2316 3175 se
2373 3123 2535 3177 verba
2579 3131 2938 3198 retorquendo
2978 3143 3084 3189 tota
3124 3118 3458 3200 obscuritate.
3489 3151 3747 3219 confudit,

2157 3212 2328 3282 aliqua
2360 3217 2528 3285 magis
2553 3217 2697 3274 falsis
2722 3227 3072 3293 argumentis,
3095 3246 3251 3300 quam
3275 3250 3397 3291 vera
3433 3243 3660 3309 ratione,
3693 3212 3750 3302 ui

2157 3305 2220 3356 ad
2246 3315 2452 3374 tempus
2481 3318 2687 3377 poterat
2707 3313 2896 3380 videri,
2929 3324 3194 3390 purgavit,
3225 3330 3468 3395 negando
3492 3335 3616 3402 alia,
3645 3305 3746 3396 alia

2159 3395 2290 3448 falsa
2319 3397 2756 3466 interpretatione
2789 3410 3066 3465 vertendo.
3099 3413 3300 3485 Nempe
3323 3395 3746 3498 ltmreticasopi-

2159 3487 2346 3543 nioncs
2370 3489 2530 3545 latine
2553 3495 2779 3564 scriptas
2802 3497 2974 3556 Graeci
3003 3505 3282 3564 Autistites
3303 3527 3422 3566 cum
3455 3517 3590 3570 haud
3620 3487 3748 3577 satis

2161 3596 2256 3650 per
2293 3597 2351 3634 se
2379 3594 2595 3650 possent
2621 3589 2943 3658 expendere,
2977 3596 3255 3668 nullusque
3281 3614 3426 3658 esset
3451 3622 3513 3660 es
3551 3608 3742 3666 adver-

2157 3687 2240 3731 so.
2269 3674 2357 3741 qui
2387 3679 2640 3767 urgere“
2672 3678 2862 3737 Erotes
2900 3685 3041 3739 enim
3073 3698 3126 3742 et
3149 3690 3405 3760 Lazarus,
3433 3699 3522 3767 qui
3552 3701 3604 3755 in
3629 3717 3742 3757 eam

2157 3775 2269 3814 rem
2295 3777 2360 3816 ex
2387 3762 2575 3820 Galliis
2597 3781 2850 3825 venerant
2871 3772 2920 3826 in
2943 3773 3300 3847 Palaestinam,
3321 3762 3526 3856 propter
3543 3807 3744 3861 grarem

2155 3853 2303 3952 unius
2335 3871 2508 3952 eorum
2529 3860 2878 3952 trgi-itudinem
2907 3864 3136 3937 [Aug.de
3163 3869 3298 3927 Gest.
3336 3853 3448 3930 Pel.
3530 3853 3743 3952 éynodo

2157 3942 2414 4000 interesse
2434 3947 2653 4004 minime
2670 3954 2975 4025 potuerunt)
2993 3957 3210 4016 Judices
3236 3963 3413 4022 denuo
3429 3942 3635 4037 fefellit,
3653 3976 3746 4030 de-

2155 4049 2256 4103 que
2285 4035 2648 4107 Diospolitano
2677 4044 2906 4100 concilio
2935 4048 3084 4106 velut
3107 4053 3417 4126 absolutus,
3442 4078 3540 4117 suo
3568 4035 3740 4123 Lumen

2156 4126 2329 4194 palam
2361 4128 2613 4184 damnato
2639 4132 2884 4204 dogmate
2915 4153 3162 4210 egressus
3190 4157 3291 4202 est.
3320 4149 3451 4205 Tum
3484 4170 3609 4210 vero
3637 4158 3742 4212 hm-

2156 4215 2354 4317 reticus
2393 4217 2548 4317 trium
2562 4219 2724 4290 phum
2763 4239 2941 4294 agere,
2993 4243 3283 4305 sparsaque
3328 4239 3378 4292 in
3405 4242 3588 4311 vulgus
3620 4246 3744 4317 Epi-

2154 4305 2285 4358 stola
2330 4311 2551 4410 carnalis
2596 4316 2909 4371 ventositatis
2953 4329 3000 4373 et
3049 4323 3284 4381 elationis
3327 4305 3739 4410 (lderti,ibid'.),

2155 4403 2405 4501 tanquam
2451 4399 2721 4501 Gallorum
2771 4408 2998 4468 insultus
3050 4399 3536 4488 fregisset,iell‘erriﬁ
3583 4399 3741 4501 atque

2155 4486 2491 4578 insolescere,
2523 4493 2730 4566 sibique
2756 4500 2964 4558 animos
2993 4514 3047 4560 et
3073 4486 3182 4562 suis
3220 4486 3404 4568 contra
3435 4527 3593 4575 rectae
3619 4486 3738 4578 fidei

2153 4576 2455 4676 adsertores
2479 4582 2697 4640 addere.
2729 4587 2780 4642 In
2808 4589 3188 4667 Hieronymum
3217 4611 3393 4660 autem
3423 4607 3737 4678 prtesentem

2155 4671 2446 4769 inimicum,
2481 4675 2702 4747 ejusque
2753 4693 2970 4739 sanctos
3015 4687 3319 4749 Mouasterii
3375 4671 3562 4756 fratres
3586 4743 3600 4769 ,
3632 4717 3736 4759 non

2152 4761 2385 4849 scriptis,
2417 4774 2508 4818 aut
2538 4768 2734 4834 verbis,
2759 4771 2852 4826 sed
2883 4773 3002 4843 igne
3038 4788 3092 4832 et
3116 4783 3352 4842 caedibus
3375 4761 3613 4845 saevitum
3635 4804 3735 4849 est.

2153 4847 2304 4956 Tune
2329 4851 2349 4920 (
2374 4853 2530 4956 verba
2577 4869 2707 4956 sunt
2733 4860 3008 4932 Augustini
3046 4868 3181 4925 libro
3221 4873 3288 4930 de
3331 4877 3506 4934 Gestis
3543 4847 3739 4956 Pelagii

2151 4943 2250 4996 sub
2275 4943 2432 5000 linem
2466 4947 2625 5018 impie
2669 4952 2862 5008 factum
2891 4973 2996 5013 non
3027 4961 3143 5018 sine
3165 4971 3531 5027 exsecratione
3560 4985 3615 5030 et
3661 4943 3738 5032 ia-

2151 5035 2346 5134 crymis
2371 5041 2716 5134 enarrantis)
2746 5059 2778 5096 a
2819 5049 2984 5102 nescia
3031 5068 3128 5119 quo
3173 5071 3330 5111 cuneo
3384 5064 3694 5130 perditorum
3721 5111 3737 5134 ,

2149 5124 2235 5222 qui
2263 5125 2487 5226 valdein
2520 5145 2802 5226 peruersum
2831 5137 3152 5203 per/libentur
3195 5124 3406 5219 Pelagio
3441 5124 3735 5226 suffragari;

2149 5212 2429 5268 incredibili
2456 5217 2672 5272 audacia
2713 5235 2996 5293 perpetrata
3037 5230 3275 5288 dicuntur
3316 5212 3457 5295 tanta
3485 5212 3650 5314 maid,
3686 5212 3738 5303 ui

2149 5301 2246 5356 Dei
2273 5307 2401 5358 servi
2426 5316 2471 5407 et
2497 5311 2700 5363 ancilla:
2742 5314 2811 5366 ad
2855 5333 3028 5373 curam
3052 5325 3214 5378 sancti
3249 5326 3552 5404 Hieronymi
3588 5301 3740 5407 pertis-

2149 5405 2320 5449 nentes
2339 5396 2726 5454 scclrratissima
2755 5407 2892 5460 crede
2915 5411 3246 5480 afﬁcerentur,
3270 5396 3525 5480 Diaconus
3539 5396 3737 5485 occide-

2147 5498 2285 5542 retur
2308 5529 2323 5554 ,
2351 5489 2572 5555 cedi/icio
2623 5499 3040 5556 monasteriorum
3087 5506 3466 5569 incenderentur
3490 5557 3506 5582 ,
3561 5523 3738 5592 vixque

2145 5579 2312 5647 ipsum
2357 5575 2724 5651 Hieronymum
2772 5589 2834 5643 ab
2864 5591 2958 5646 hoc
2983 5595 3171 5665 impetu
3195 5642 3210 5667 ,
3238 5611 3386 5674 atque
3409 5608 3616 5667 incursu
3643 5575 3738 5668 int-

2146 5671 2345 5740 ρὶοωιη
2371 5671 2421 5722 in
2455 5669 2545 5724 Dei
2569 5675 2915 5736 misericordia
2946 5687 3102 5742 turris
3125 5693 3367 5748 munitior
3383 5707 3626 5760 tueretur.

2149 5831 2173 5866 Ἰ
2223 5757 2352 5810 vni.
2407 5759 2559 5849 Tanti
2615 5768 2833 5824 sceleris
2873 5772 3014 5828 hami
3073 5777 3294 5837 inscium
3347 5787 3510 5848 fuisse
3565 5757 3735 5866 ipsum

2146 5848 2403 5903 Joannem
2449 5848 2786 5927 lipis‘topum,
2819 5866 2906 5932 qui
2953 5865 3166 5938 Pelagio
3209 5871 3439 5950 favebat,
