4052 6338
286 385 382 441 175

280 493 473 550 indicio
504 498 679 548 erant.
711 490 1061 562 Hieronymus
1078 500 1226 551 sane,
1258 485 1489 550 itemque
1511 483 1855 558 Eustochium

277 597 329 642 et
366 587 524 642 Paula
569 578 749 656 junior
775 627 792 652 ,
821 582 1030 652 scriptis
1071 581 1323 636 continuo
1362 578 1462 634 bac
1485 578 1552 632 de
1583 593 1642 632 re
1666 576 1858 630 litteris

280 677 496 733 Romam
523 675 590 732 ad
620 673 979 731 Innocentium
1006 673 1256 742 (quarum
1287 680 1462 736 tamen
1487 669 1628 724 nulla
1649 675 1857 722 aetatem

280 768 433 840 tulit)
464 768 634 823 multa
682 773 1070 837 conquerentes
1115 761 1352 818 Pontitici
1406 761 1475 816 de
1533 760 1856 830 perditorum

279 859 549 915 hominum
581 858 818 914 facinore
841 856 1006 925 impio
1033 864 1191 925 atque
1235 853 1474 918 immani,
1506 860 1564 906 ut
1601 851 1720 920 epis
1762 849 1860 903 ali-

277 954 396 1024 quid
427 951 594 1008 ferret
618 961 914 1007 extremum
938 947 1326 1010 laborantibus,
1354 945 1724 1023 i'mplorarnnt,
1745 959 1859 996 eum

277 1045 384 1115 plus
425 1059 480 1098 se
507 1042 676 1096 adhuc
721 1050 942 1095 metuere
983 1039 1224 1104 dicerent,
1251 1053 1406 1107 quam
1444 1043 1860 1100 conquererentur

274 1153 375 1191 esse
399 1150 684 1204 perpessas.
714 1132 912 1186 Nomen
945 1140 1124 1186 tamen
1157 1129 1372 1183 hominis
1397 1141 1699 1195 causamque
1735 1123 1858 1177 reti-

275 1234 472 1281 cuerunt
500 1241 520 1279 :
557 1239 678 1296 quae
727 1237 910 1278 earum
956 1220 1244 1278 christiana
1293 1217 1553 1273 modestia
1595 1215 1710 1269 fuit.
1753 1213 1858 1268 He-

275 1317 485 1386 spondit
515 1327 732 1370 sanctus
769 1313 1016 1370 Pontifex
1063 1311 1232 1366 tribus
1262 1309 1530 1379 Epistolis,
1559 1322 1678 1376 qua:
1722 1306 1860 1358 inter

274 1407 713 1481 Ilieronymianas
754 1419 786 1460 a
833 1419 982 1458 num.
1030 1399 1290 1457 CXXXV.
1329 1415 1419 1469 per
1471 1398 1858 1466 subsequentcs

273 1503 400 1556 duos
445 1507 816 1556 recensentur.
862 1498 1039 1552 Prima
1086 1494 1151 1549 ad
1182 1493 1472 1554 Aurelium,
1505 1507 1622 1562 quae
1648 1499 1702 1545 et
1733 1503 1861 1560 pau-

272 1595 495 1650 cissimis
538 1591 786 1648 versibus
828 1595 1078 1653 constat,
1109 1586 1249 1641 hunc
1292 1596 1540 1655 precatur
1586 1592 1642 1637 ut
1671 1596 1859 1652 qnam-

273 1686 495 1757 primum
544 1685 766 1739 alteram
818 1681 1142 1752 Hieronymo
1187 1678 1510 1734 reddendam
1550 1684 1720 1731 curet.
1751 1672 1861 1727 Ilae

271 1787 444 1833 autem
499 1775 557 1832 S.
606 1775 818 1830 Patrem
865 1773 1042 1828 verbis
1089 1770 1378 1826 lenissimis
1428 1769 1772 1832 consolatur,
1807 1774 1863 1820 et

273 1868 413 1923 bono
435 1881 557 1922 esse
587 1865 768 1920 animo
785 1864 940 1934 jubet
963 1903 976 1925 ,
1009 1861 1148 1932 quod
1175 1879 1269 1931 pro
1299 1862 1502 1916 veritate
1540 1872 1861 1930 perpessus,

271 1969 516 2030 exspectet
537 1957 914 2022 beatitudinem,
947 1954 1191 2011 laborum
1221 1953 1272 2008 in
1298 1952 1510 2006 Christo
1536 1951 1858 2005 mercedem:

271 2065 427 2119 quam
456 2050 573 2121 ipse
603 2048 720 2102 aliis
749 2048 1002 2102 continuo
1024 2043 1366 2116 pratdicabat.
1399 2041 1535 2097 Tum
1567 2046 1630 2106 si,
1666 2039 1860 2108 inquit,

270 2142 562 2214 deposueris
598 2150 828 2210 apertam
869 2139 1288 2207 manifestamque
1330 2136 1379 2188 in
1416 2134 1640 2187 homines
1668 2133 1864 2202 aliquos

267 2236 639 2288 accusationem
665 2275 679 2298 ,
710 2241 799 2286 aut
817 2231 1016 2301 judices
1062 2235 1391 2296 competentes
1422 2226 1670 2288 tribuant,
1693 2231 1779 2275 aut
1821 2221 1865 2276 si

266 2325 462 2396 aliquid
486 2325 748 2397 urgentius
788 2321 1148 2390 sollicitiusqne
1175 2336 1206 2372 a
1234 2317 1374 2372 nobis
1401 2317 1507 2384 fieri
1538 2325 1733 2386 potest,
1765 2329 1866 2367 non

265 2415 560 2470 retardabo.
613 2415 816 2468 Interea
857 2410 982 2480 quid
1012 2411 1112 2464 sibi
1150 2424 1246 2478 pro
1280 2415 1518 2474 tempore
1566 2403 1865 2459 faciendum

265 2510 503 2573 duxerit,
531 2522 598 2562 ac
629 2521 785 2576 porro
818 2503 1024 2565 fecerit,
1061 2500 1316 2559 declarat.
1341 2497 1570 2554 Tertiam
1597 2495 1661 2551 ad
1697 2497 1864 2567 ipsum

265 2601 416 2656 dedit
448 2599 713 2654 Joannem
745 2596 1050 2665 episc0pum
1075 2635 1088 2659 ,
1118 2606 1274 2666 quem
1307 2605 1400 2660 pro
1444 2588 1597 2645 Sedis
1635 2590 1861 2658 Aposto~

264 2692 378 2746 lica:
436 2689 762 2743 auctoritate
806 2685 936 2742 satis
980 2685 1174 2739 acriter
1220 2680 1583 2752 reprehendit,
1614 2681 1666 2734 in
1698 2693 1867 2748 eoque

265 2797 418 2836 reum
450 2779 584 2849 agit,
615 2777 760 2847 quod
789 2776 1095 2846 prospicere
1123 2773 1433 2839 debuisset,
1460 2787 1526 2827 ne
1566 2771 1741 2827 scelus
1767 2769 1866 2824 ad-

268 2875 618 2928 mitteretur:
650 2885 856 2941 prorsus
893 2875 1046 2932 cntm,
1085 2870 1196 2931 ait,
1232 2864 1524 2921 Sacerdotis
1573 2864 1867 2936 gravitatem

271 2968 570 3020 condemnat
602 2971 796 3016 tantum
832 2963 974 3031 nefas
1002 2960 1055 3014 in
1103 2958 1326 3014 Ecclesia
1361 2959 1516 3030 fuisse
1544 2957 1865 3025 completum.

274 3057 424 3123 Quod
450 3056 555 3111 nisi
585 3053 840 3122 deinceps
858 3053 1111 3122 corrigat,
1135 3051 1216 3104 vel
1247 3049 1488 3106 retundot
1508 3091 1522 3115 ,
1566 3049 1676 3104 fore
1704 3059 1756 3103 ut
1776 3051 1868 3120 jus

275 3146 688 3202 Ecclesiasticnm
716 3143 776 3197 de
805 3142 1115 3211 labefactatis
1131 3157 1308 3195 causas
1322 3141 1550 3211 eum,qni
1567 3157 1666 3194 non
1689 3141 1869 3212 defen-

276 3239 421 3306 derit,
437 3248 684 3309 praestare
697 3233 983 3303 compellat.
1005 3233 1110 3288 llas
1131 3233 1395 3302 Epistolas
1410 3233 1462 3287 in
1481 3233 1870 3303 cbronologicis

276 3330 336 3384 ad
355 3345 448 3384 eas
472 3329 618 3383 notis
641 3340 784 3380 anno
801 3325 1026 3396 scriptas
1058 3324 1224 3379 fuisse
1256 3325 1357 3378 M7
1384 3327 1598 3379 ineunte
1627 3323 1870 3379 ostendi-

282 3436 417 3487 mus,
444 3420 577 3492 post
619 3417 823 3487 aliquot
865 3415 932 3471 ab
980 3415 1068 3470 illo
1115 3415 1167 3469 in
1201 3415 1582 3486 Hieronymum
1636 3414 1872 3470 facinore

283 3521 588 3583 perpetrato
643 3524 878 3564 menses.
910 3509 986 3563 Ex
1016 3524 1080 3563 eo
1131 3509 1248 3562 loco
1293 3518 1559 3562 momenta
1609 3510 1870 3563 rationum

283 3614 486 3675 repete.
527 3603 870 3659 Innocentius
917 3602 1072 3672 paulo
1113 3610 1252 3671 post,
1283 3602 1396 3656 sive
1443 3601 1756 3658 duodecima
1789 3603 1874 3657 die

285 3699 485 3752 mensis
518 3696 690 3752 Martii
735 3695 903 3761 obiit,
933 3694 1015 3748 cui
1044 3693 1289 3772 Zosimus
1332 3682 1588 3748 successit
1617 3711 1630 3746 :
1661 3709 1758 3748 nec
1784 3693 1874 3750 diu

288 3796 404 3856 post
427 3786 538 3842 fato
565 3801 777 3856 quoque
807 3784 1042 3839 limatum
1083 3798 1203 3838 esse
1239 3782 1497 3838 Joannem
1527 3784 1874 3856 .lerosolymi-

291 3887 493 3943 lanam,
511 3876 918 3952 quemvPrayltts
950 3875 1180 3945 excepit,
1199 3884 1377 3930 vetera
1397 3885 1736 3930 monumenta
1757 3891 1878 3946 per-

292 3970 538 4024 Suadent.

361 4060 452 4116 IX.
483 4061 617 4118 Sunt
644 4076 773 4116 vero
802 4063 902 4117 alia
931 4102 944 4123 ,
973 4076 1092 4131 qua:
1118 4060 1235 4131 ejus
1260 4046 1450 4120 seriem
1477 4059 1773 4130 temporis',
1794 4067 1878 4114 at~

289 4168 390 4222 que
421 4155 658 4208 historiae
675 4156 872 4223 scripta
891 4154 1070 4208 Sancti
1093 4153 1268 4208 Patris
1288 4153 1616 4208 continuant.
1648 4153 1879 4222 Epistola

291 4244 602 4300 CXXXVIII
655 4246 720 4300 ad
768 4246 1081 4316 liiparium,
1117 4244 1280 4300 fuisse
1329 4244 1542 4299 demum
1601 4244 1880 4315 Pelagiana

289 4334 535 4406 dogmata
579 4336 795 4410 reiecta
832 4337 1074 4401 indicat,
1101 4345 1153 4391 et
1185 4323 1390 4406 pulsum
1433 4351 1554 4391 esse
1583 4350 1690 4390 non
1719 4335 1882 4390 solum

291 4428 351 4481 de
374 4430 516 4497 urbe,
545 4429 636 4484 sed
654 4431 802 4486 etiatn
833 4429 893 4484 de
928 4428 1214 4484 Palastina:
1244 4429 1426 4499 nibus
1451 4428 1722 4485 Catilinam
1744 4471 1758 4492 ,
1777 4445 1882 4501 quo

292 4523 506 4577 nomine
529 4522 692 4576 alium
726 4537 883 4591 quam
917 4521 1185 4591 Pelagium
1207 4521 1465 4576 denotare
1499 4522 1744 4584 voluisse.
1775 4537 1881 4577 non

292 4622 365 4666 est
381 4615 714 4670 verosimile.
739 4614 894 4669 Dolet
908 4623 1084 4669 autem
1099 4614 1410 4686 plurimum,
1439 4615 1572 4680 quod
1595 4616 1739 4670 multi
1758 4631 1883 4669 con~

288 4703 565 4773 iurationis
593 4705 718 4759 socii
743 4705 1118 4773 remanserint,
1148 4706 1232 4776 qui
1265 4705 1318 4758 in
1347 4703 1518 4776 Joppe
1542 4714 1879 4760 remorantur.

295 4794 452 4850 Nobis
474 4808 648 4850 autem
675 4797 694 4867 (
717 4797 928 4868 subdit)
959 4799 1137 4853 melius
1165 4801 1323 4852 visunt
1345 4806 1447 4862 est,
1467 4787 1634 4851 locum
1669 4807 1878 4863 mutare,

291 4905 439 4956 quam
495 4889 621 4958 fidei
676 4891 969 4954 veritatem,
996 4889 1426 4965 wdiciorumquc
1474 4899 1521 4942 et
1565 4891 1886 4944 mansionum

292 4982 637 5033 amoenitatem
666 4981 924 5046 amittere,
956 4997 1106 5050 quam
1141 4996 1313 5034 eorum
1337 4981 1689 5034 communione
1715 4998 1888 5034 macu-

293 5072 386 5126 lart
411 5117 426 5139 ,
452 5074 640 5144 quibus
685 5074 1139 5142 impraesentiarum
1175 5082 1263 5126 aut
1311 5072 1587 5127 cedendum
1637 5081 1886 5136 erat,aut

294 5177 424 5219 certe
471 5165 701 5236 quotidie
743 5182 844 5219 non
898 5165 1070 5237 lingua
1099 5207 1114 5231 ,
1147 5165 1234 5220 sed
1283 5165 1468 5236 gladiis
1521 5165 1883 5220 dimicandum.

299 5259 505 5325 Quanta
534 5267 703 5325 autem
735 5258 871 5328 passi
899 5259 1058 5312 simus
1085 5299 1101 5323 ,
1130 5267 1176 5312 et
1205 5259 1458 5326 quomodo
1483 5260 1679 5312 excelsa
1708 5276 1888 5314 manus

297 5348 484 5419 Christi
538 5365 633 5420 pro
673 5349 814 5402 nobis
851 5350 904 5402 in
935 5350 1125 5402 hostem
1165 5350 1378 5404 stevierit
1404 5390 1420 5416 ,
1453 5359 1574 5418 puto
1617 5360 1665 5404 te
1710 5349 1889 5405 celebri

297 5442 473 5505 nuntio
502 5440 675 5494 omnia
697 5440 1006 5510 cognovisse.
1032 5439 1158 5494 Item
1184 5441 1234 5494 in
1262 5440 1609 5509 subscquenti
1629 5441 1692 5495 ad
1720 5443 1892 5510 Apro-

299 5531 466 5597 nium,
512 5530 825 5601 profligatos
870 5531 979 5599 jam
1011 5531 1292 5588 hatreticos
1320 5533 1370 5585 in
1402 5532 1618 5597 Oriente.
1662 5537 1888 5590 nuntiat.

303 5619 401 5693 Hic
431 5623 571 5676 enim
602 5663 618 5687 ,
643 5622 834 5692 inquit,
865 5623 1034 5693 quieta
1081 5611 1445 5678 suntomnia:
1473 5635 1520 5678 et
1550 5627 1667 5680 licet
1705 5644 1892 5682 venena

303 5716 522 5779 pectoris
555 5730 657 5768 non
695 5705 974 5781 amiserint,
1005 5723 1170 5768 tamen
1201 5731 1256 5769 os
1282 5716 1552 5785 impietatis
1581 5736 1679 5773 non
1706 5721 1893 5776 audent

294 5809 504 5879 aperire
525 5849 541 5876 ,
571 5808 662 5863 sed
686 5816 800 5864 sunt
826 5809 954 5864 sicut
991 5809 1191 5880 aspidas
1223 5811 1390 5865 surda:
1415 5820 1458 5865 et
1487 5813 1770 5872 obturantes
1794 5801 1890 5871 au-

1553 373 1608 429 s.
1655 369 2028 442 ntettouvnt
2070 367 2246 424 vm.

3408 365 3544 419 171

1964 497 2045 534 res
2072 498 2210 536 suas.
2240 479 2432 534 Nostra
2457 488 2624 534 autem
2649 479 2826 534 domus
2855 480 3124 534 secundum
3148 481 3378 536 carnales
3403 497 3544 552 opes,

1961 573 2309 636 hereticorum
2373 570 2791 642 persecutionibus
2855 573 3051 641 penitus
3096 589 3263 628 eversa
3287 613 3301 636 ,
3348 573 3548 628 Christo

1965 664 2183 733 prapitio
2207 703 2221 727 ,
2250 662 2594 734 spiritualibus
2643 661 2830 716 divitiis
2876 663 3028 730 plena
3073 672 3168 718 est.
3199 664 3400 720 Eadem
3429 665 3549 734 plus

1963 755 2141 807 minus
2191 753 2464 827 renuntiat
2501 751 2751 827 scribens
2795 751 2859 806 ad
2905 753 3258 823 Augustinum
3309 749 3546 826 Epistola

1939 843 2143 924 tCXLI.
2187 853 2240 899 ct
2268 844 2627 912 subsequente
2653 884 2670 909 ,
2722 858 2944 913 quarum
2994 838 3161 897 altera
3207 843 3549 914 congaudens

1964 935 2080 1003 ejus
2135 937 2186 989 in
2244 935 2558 1004 Pelagianos
2609 934 2934 998 strenuitati,
2982 939 3126 989 verre
3164 934 3549 1005 eidemgloria:

1963 1029 2142 1094 vertit,
2185 1029 2320 1099 quod
2365 1045 2476 1083 eum
2517 1045 2704 1100 omnes
2734 1029 2957 1083 hwretici
3001 1027 3344 1094 detestantur;
3373 1037 3548 1093 etme,

1964 1121 2153 1193 inquit,
2173 1123 2284 1189 puri
2303 1131 2668 1192 persequuntur
2682 1121 2820 1187 odio,
2843 1129 2897 1174 nt
2925 1136 3048 1192 quos
3073 1119 3256 1189 gladiis
3276 1131 3546 1190 nequeunt,

1945 1225 2077 1290 lvoto
2103 1213 2428 1282 interciant.
2457 1213 2642 1268 Altera
2670 1211 2952 1281 significat,
2979 1211 3175 1266 multos
3200 1209 3376 1265 adhuc
3399 1226 3552 1266 asse-

1948 1307 2074 1380 _qui,
2100 1323 2162 1360 ne
2189 1307 2362 1378 fractis
2400 1306 2601 1376 quidem
2643 1304 2913 1380 cervicibus
2955 1305 3294 1369 inclinantur,
3318 1303 3552 1357 habentes

1962 1399 2200 1467 allectum
2230 1399 2411 1452 erroris
2435 1397 2669 1469 pristini,
2692 1413 2806 1451 cum
2845 1395 3159 1468 prtcdicandi
3196 1394 3422 1449 eamdem
3450 1411 3551 1448 non

1965 1492 2146 1546 habent
2171 1471 2468 1545 libertatem.
2512 1491 2645 1546 Esse
2673 1478 2830 1544 etiam
2878 1489 3253 1544 nonneminem
3281 1496 3550 1557 potentem

1965 1584 2055 1654 qui
2085 1583 2480 1638 dissimulanter
2499 1583 2577 1636 eis
2597 1582 2800 1638 faveat.
2834 1579 3014 1653 Capta,
3046 1579 3236 1650 inquit,
3263 1576 3551 1632 Jerusalem

1955 1689 2160 1752 tenetur
2194 1694 2226 1730 a
2273 1676 2742 1731 Nabuchodonosor
2766 1717 2781 1742 ,
2813 1691 2904 1728 nec
2944 1672 3183 1728 Ieremia:
3217 1655 3332 1728 vult
3377 1671 3556 1726 audire

1965 1773 2196 1826 consilia.
2221 1779 2325 1826 etc.
2370 1770 2494 1826 Haec
2523 1779 2699 1825 autem
2727 1770 2904 1824 omnia
2949 1783 3070 1823 cum
3109 1767 3372 1836 reliquum
3413 1764 3552 1836 quod

1966 1875 2081 1922 erat
2107 1865 2232 1920 anni
2257 1865 2363 1920 417
2393 1873 2501 1918 tum
2533 1862 2967 1933 subsequentem,
2990 1871 3080 1916 aut
3110 1868 3298 1926 totum,
3317 1868 3410 1914 aut
3436 1874 3553 1912 ma-

1968 1959 2165 2013 ximam
2190 1965 2337 2012 certe
2369 1965 2572 2026 partem
2600 1971 2696 2025 per
2719 1954 2956 2011 historia:
2981 1951 3280 2023 Pelagiana)
3304 1949 3553 2021 adjuncta

1968 2057 2246 2118 statusque
2271 2049 2470 2114 varios,
2501 2048 2631 2103 satis
2659 2047 2942 2102 manifesto
2969 2046 3246 2101 denotant.

2042 2139 2110 2194 .
2132 2139 2602 2210 lnseqnensannus
2621 2140 2726 2194 419
2747 2139 2988 2193 laborum
3019 2138 3286 2192 cumulum
3319 2146 3372 2192 et
3395 2137 3556 2191 mise-

1971 2233 2194 2297 riarum,
2212 2231 2433 2301 jamjam
2475 2231 2777 2301 properanti
2801 2230 2866 2284 ad
2894 2231 3012 2285 vita:
3041 2230 3200 2285 tinem
3230 2230 3555 2300 Hieronymo

1972 2324 2169 2379 attulit.
2219 2324 2604 2389 Eustochium,
2650 2339 2769 2393 qua}
2800 2323 2918 2392 ejus
2962 2323 3186 2379 instituti
3213 2313 3492 2392 jam'inde
3524 2339 3554 2377 a

1973 2418 2356 2474 Bethleemitici
2375 2417 2679 2473 Monasterii
2703 2417 3059 2487 conditu-post
3081 2416 3300 2471 Paulam
3328 2425 3553 2469 matrem

1973 2511 2175 2580 reliqua
2216 2523 2320 2562 una
2355 2509 2442 2563 lux
2472 2516 2618 2572 erat,
2654 2508 2923 2563 occubuit.
2953 2506 3114 2576 Virgo
3131 2507 3206 2561 rei
3237 2491 3556 2560 Chrisdaua:

1974 2615 2083 2661 tum
2122 2603 2427 2659 Monasticm
2469 2604 2592 2657 'vita:
2613 2601 2963 2656 sanctissima:
2994 2601 3160 2656 decus
3179 2598 3506 2669 principiiqu
3537 2616 3550 2651 :
3643 2653 3648 2658 ,

1971 2696 2250 2766 cttjugego
2276 2695 2479 2761 laudes,
2516 2702 2698 2764 totque
2723 2693 2867 2748 edita
2895 2708 2987 2762 per
3009 2705 3178 2746 annos
3197 2691 3362 2746 ferme
3386 2689 3556 2758 vigin-

1973 2788 2010 2841 ti
2053 2787 2289 2857 qninque
2320 2786 2574 2840 virtutum
2605 2784 2846 2854 exempla
2875 2782 3160 2853 complecti
3202 2781 3378 2837 verbis
3416 2779 3554 2833 haml

1972 2879 2194 2948 possim.
2229 2876 2360 2931 Nata
2386 2875 2623 2946 principe
2652 2873 2789 2945 apud
2818 2874 3089 2930 Romanos
3111 2874 3247 2936 loco,
3277 2880 3428 2944 patre
3448 2871 3557 2923 10-

1973 2969 2142 3033 xutio,
2175 2967 2242 3023 de
2262 2967 2413 3023 Julia-
2429 2978 2608 3038 gente,
2633 2967 2774 3021 unde
2791 2975 2846 3021 et
2866 2967 3008 3022 Julia
3028 2963 3290 3034 appellata
3319 2963 3430 3032 ipsa
3448 2969 3555 3026 est,

1976 3068 2168 3125 matre,
2197 3068 2253 3113 ut
2281 3058 2610 3124 diximus,S.
2639 3059 2821 3124 Paula,
2849 3060 2914 3111 de
2942 3057 3252 3125 Scipionum
3275 3065 3328 3110 et
3359 3052 3555 3108 Paulo-

1975 3165 2091 3204 rum
2123 3149 2311 3218 Stirpe,
2341 3149 2394 3203 in
2422 3157 2561 3203 tanta
2595 3147 3015 3216 opulentissitme
3039 3144 3252 3210 domus,
3281 3152 3442 3214 atque
3461 3135 3559 3199 Ur-

1975 3241 2060 3296 his
2087 3240 2402 3311 frequentia,
2423 3255 2520 3310 pro
2552 3239 2924 3296 nihilo-habuit
2951 3238 3177 3292 humana
3201 3238 3402 3302 omnia,
3431 3251 3562 3292 con-

1980 3343 2165 3402 traque
2201 3332 2566 3387 adnitentibus
2615 3346 2826 3387 sunnno
2877 3331 3055 3386 studio
3084 3330 3328 3401 Hymetio
3356 3345 3477 3396 avo,
3507 3339 3562 3384 et

1976 3425 2272 3482 Prattexata
2300 3425 2418 3495 ejus
2465 3441 2646 3491 uxore,
2677 3425 2976 3482 castitatem
3018 3424 3134 3480 Deo
3173 3424 3334 3478 vovit.
3365 3423 3556 3479 Secuta

1976 3515 2172 3570 deinde
2200 3525 2282 3571 est
2325 3515 2381 3571 S.
2432 3527 2657 3572 matrem
2689 3515 2740 3569 in
2770 3514 3108 3570 Palmstinam
3137 3557 3150 3579 ,
3179 3523 3231 3569 et
3264 3512 3559 3568 llethlccmi

1977 3619 2286 3665 constructo
2316 3609 2591 3679 Virginum
2615 3607 2964 3673 monasterio,
2998 3621 3181 3662 secmn
3216 3607 3304 3660 illa
3349 3607 3399 3660 in
3431 3621 3560 3659 san-

1980 3711 2066 3756 cto
2101 3701 2375 3772 proposito
2406 3742 2422 3768 ,
2463 3701 2529 3756 ad
2577 3699 2924 3768 perfectionis
2966 3699 3296 3766 Evangelicm
3337 3713 3546 3753 summa

1981 3793 2275 3848 contendit.
2297 3791 2462 3848 Matre
2477 3791 2540 3846 ad
2559 3806 2786 3860 superos
2805 3798 3024 3846 evocata
3054 3799 3371 3844 anteannos
3395 3787 3562 3842 ferme

1982 3883 2326 3955 quindecim,
2376 3879 2915 3938 Monasterium'sola
2957 3866 3368 3946 administravit,
3421 3881 3561 3949 quod

1982 3973 2276 4044 virginibus
2298 3975 2678 4045 quinquaginta
2707 3983 3006 4038 constassc,
3038 3971 3306 4026 Palladius
3357 3971 3517 4024 tradit
3546 3990 3560 4024 :

1985 4064 2236 4122 incidisse
2262 4074 2444 4120 autem
2475 4065 2527 4120 in
2553 4065 2862 4132 difficillima
2892 4075 3151 4135 tempora,
3183 4079 3302 4134 qua:
3319 4063 3565 4132 superius

1985 4168 2198 4214 narrata
2221 4167 2365 4226 sunt,
2400 4167 2718 4213 monstrant.
2765 4157 2999 4224 Annum,
3033 4172 3138 4228 quo
3175 4158 3359 4211 vivere
3385 4155 3566 4217 desiit,

1989 4253 2126 4306 hunc
2152 4251 2402 4306 nimirum
2430 4250 2534 4306 M9
2564 4261 2812 4304 asserunt
2852 4249 3172 4305 eruditiores
3216 4247 3235 4320 (
3265 4245 3401 4300 Laus
3447 4263 3563 4315 cap.

1985 4339 2126 4414 26);
2154 4341 2331 4411 diem,
2360 4357 2466 4414 quo
2496 4341 2751 4396 memoria
2770 4340 2885 4410 ejus
2911 4340 3103 4410 agitur,
3133 4337 3564 4408 lilartyrnlogitnu

1991 4434 2586 4504 Itomanumconsignat
2628 4431 2958 4501 Septembris
3005 4430 3096 4494 9.8,
3125 4443 3190 4484 eo
3224 4428 3431 4484 scilicet
3473 4428 3574 4497 qui

1989 4527 2234 4598 proxime
2257 4526 2612 4594 Praeceptoris
2633 4524 2714 4578 Siti
2739 4520 3049 4592 Hieronymi
3079 4519 3392 4574 memoriam
3418 4527 3568 4573 ante.

1987 4618 2149 4673 'cedit.
2178 4617 2276 4672 Hie
2295 4626 2472 4672 autem
2504 4624 2648 4669 tanto
2676 4614 2744 4669 ob
2769 4613 2911 4668 illius
2939 4621 3188 4676 mortem,
3219 4624 3450 4666 maerore
3485 4609 3570 4663 af-

1991 4715 2160 4770 fectus
2186 4724 2287 4779 est,
2322 4723 2381 4768 ut
2401 4713 2636 4766 animum
2655 4710 2764 4767 fere
2780 4709 3142 4781 desponderit.
3163 4705 3580 4774 Testatnripsc,

1990 4807 2229 4860 scribens
2253 4805 2410 4874 paulo
2430 4796 2570 4873 past,
2589 4803 2687 4858 hoc
2701 4811 2874 4856 tamen
2895 4810 3136 4856 vertente
3162 4814 3324 4862 anno,
3360 4798 3578 4866 Episui-.

1991 4898 2094 4952 latu
2121 4895 2350 4952 CXLIII.
2371 4895 2712 4968 adAlypium
2731 4904 2784 4950 et
2813 4893 3197 4964 Augustinum,
3222 4890 3432 4945 afictis
3455 4889 3575 4958 jam

1990 4989 2154 5045 rebus
2179 4989 2445 5054 omnibus,
2470 5004 2570 5044 nec
2595 4988 2758 5043 fuisse
2788 4987 2887 5042 sibi
2917 4985 3145 5055 amplius
3173 4983 3340 5046 cordi,
3367 4983 3478 5036 suis
3499 4982 3572 5034 si-

1993 5100 2056 5138 ve
2085 5083 2335 5138 Ecclesia}
2360 5082 2600 5136 hostibus
2627 5080 2969 5151 respomlerc.
3004 5077 3173 5142 Quod,
3204 5076 3297 5140 ait,
3326 5073 3571 5146 qtttcritis,

1992 5186 2161 5230 utrum
2189 5173 2532 5241 rescripserint
2557 5182 2732 5226 contra
2759 5172 2914 5226 libros
2948 5169 3131 5222 Aniani
3180 5163 3576 5238 pseudodiaconi

1994 5265 2299 5330 Celedensis,
2331 5265 2418 5332 qui
2471 5263 2820 5332 copiosissime
2845 5263 3068 5331 pascitur
3091 5300 3106 5322 ,
3135 5267 3190 5312 ut
3229 5257 3410 5311 aliena:
3461 5254 3574 5306 bla-

1993 5349 2406 5426 sphemitcverba
2427 5355 2610 5427 frivola
2637 5354 2998 5416 subministrat,
3029 5351 3201 5405 sciatis
3227 5365 3305 5402 me
3328 5350 3464 5418 ipsos
3506 5346 3545 5400 li
3555 5374 3575 5386 -

1995 5451 2110 5506 bros
2146 5452 2199 5505 in
2221 5450 2473 5504 schedulis
2497 5449 2674 5502 missos
2704 5464 2736 5501 a
2760 5446 2951 5502 Sancto
2982 5449 3140 5516 fratre
3167 5452 3340 5495 nostro
3357 5436 3575 5492 Eusebio

1997 5543 2393 5616 (Cremonensi)
2428 5540 2724 5610 Presbytero
2755 5538 3054 5606 suscepisse,
3090 5549 3190 5586 non
3219 5539 3337 5583 ante
3361 5527 3573 5582 multant
3607 5555 3610 5558 ~

1997 5638 2255 5706 temporis,
2278 5647 2322 5690 et
2346 5635 2545 5698 exinde,
2573 5634 2649 5687 vel
2676 5631 3025 5702 ingruentibus
3052 5623 3253 5687 morbis,
3282 5619 3360 5674 vel
3386 5618 3587 5673 dormi-'

1998 5731 2132 5786 tione
2149 5729 2356 5784 Sancta:
2381 5736 2426 5780 et
2444 5724 2740 5780 venerabilis
2766 5723 2888 5790 lia:
2913 5728 3087 5772 vestrm
3108 5713 3371 5768 Eustachii
3395 5713 3462 5764 ita
3479 5712 3576 5770 da.

2006 5823 2177 5889 luisse,
2210 5829 2263 5874 ut
2292 5819 2656 5891 propemodum
2679 5815 3064 5872 contemnendos
3096 5821 3343 5882 putarent,
3369 5821 3502 5891 etc.~
