4052 6338
274 404 372 459 177

268 518 627 576 Crammatica
659 519 918 574 Donatum
944 519 1126 576 habuit
1145 529 1551 591 praeceptorem.
1572 523 1623 577 itt
1647 523 1850 579 Rheto-

270 615 376 668 rica
414 621 593 668 autem
624 611 952 668 Victorinum
981 624 1274 669 oratorem.
1306 614 1592 684 Postquam
1613 631 1740 671 vero
1773 614 1848 688 (α)

268 718 477 758 omnem
501 703 900 758 mundanorum
927 704 1223 760 studiorum
1244 704 1594 761 litteraturam
1623 707 1852 776 adeptus

267 805 366 862 est,
386 795 1109 867 probatissimorur.quoque
1121 799 1498 854 Monacltorum
1519 799 1752 854 habitum
1772 799 1849 870 (ιι)

267 887 570 958 factumque
597 889 836 944 imitatus
859 901 964 948 est.
994 891 1346 961 Cupiditatem
1375 891 1634 962 siquidem
1657 893 1852 948 anitum

263 979 372 1048 jugi
421 979 735 1034 sinceritate
781 981 996 1036 calcans
1022 983 1458 1053 voluptatemque
1483 984 1721 1052 corporis
1754 999 1847 1054 νεα

267 1070 921 1143 rennil'rangensjejunio,
946 1075 1228 1145 plerosque
1244 1074 1315 1148 (c)
1335 1076 1566 1130 virorum
1586 1075 1847 1132 bonorum

272 1173 324 1219 et
351 1165 726 1235 religiosorum
758 1167 1010 1222 meliores
1040 1168 1153 1224 lore
1177 1185 1276 1224 suo
1305 1169 1486 1225 docuit
1511 1171 1774 1225 instituto.

335 1257 578 1324 Quodam
611 1257 772 1328 igitur
801 1268 1042 1328 tempore
1061 1302 1076 1328 ,
1107 1259 1234 1315 dum
1265 1276 1328 1315 ex
1359 1276 1507 1317 more
1536 1262 1676 1317 idem
1726 1261 1850 1318 llic-

265 1349 735 1419 rouymtts,divina
761 1349 828 1404 ad
847 1350 1127 1418 legendum
1163 1352 1345 1421 pandit
1371 1351 1448 1423 (di
1469 1353 1761 1446 volttmipa,
1792 1362 1848 1408 et

265 1440 542 1494 mortalem
572 1440 911 1496 bibliotheca:
930 1455 1041 1496 suae
1059 1454 1330 1498 auctorem
1348 1443 1577 1499 Tullium
1600 1440 1850 1500 recorda-

263 1542 368 1586 tur.
419 1532 537 1586 Mox
582 1534 837 1600 ccelitus,
871 1549 938 1589 ne
989 1535 1123 1589 tales
1173 1535 1489 1606 quandoque
1545 1539 1851 1593 rcvolveret

262 1624 444 1688 libros,
473 1623 754 1679 salutifero
775 1623 1062 1694 castigatus
1092 1636 1174 1681 est
1199 1627 1438 1683 verbere.
1468 1628 1543 1683 lta
1563 1629 1706 1684 enim
1735 1630 1850 1701 ipse

267 1715 332 1770 de
359 1730 416 1770 se
436 1715 500 1769 ad
524 1715 875 1770 Eustochium
913 1717 1170 1788 virginem
1209 1718 1450 1775 scribens
1470 1721 1661 1775 asserit
1687 1737 1701 1773 :
1723 1719 1849 1774 Cum

265 1816 382 1860 ante
406 1823 571 1861 annos
603 1807 850 1878 plurimos
881 1808 1050 1874 domo,
1077 1809 1390 1879 parentibus,
1421 1827 1594 1866 sorore
1613 1853 1628 1879 ,
1660 1829 1851 1882 cogna-

265 1898 349 1962 tis,
380 1908 426 1951 et
456 1898 618 1968 (quod
639 1899 718 1952 Itis
743 1899 996 1970 diﬂicilius
1018 1899 1110 1971 est)
1141 1898 1213 1972 (e)
1243 1902 1604 1957 consuetudine
1620 1903 1850 1958 lautioris

261 1991 357 2046 cibi
377 2001 585 2060 propter
603 1989 847 2044 caelorum
876 2008 956 2046 me
980 2009 1136 2064 regna
1158 2002 1476 2061 castrassem,
1507 2004 1552 2047 et
1579 1993 1848 2066 Jerosoly-

264 2097 394 2134 maut
423 2081 732 2135 militaturus
781 2098 1075 2154 pergerem,
1107 2083 1428 2149 bibliotheca,
1474 2101 1629 2155 quant
1673 2084 1852 2141 Roma:

260 2189 373 2226 cum
426 2189 626 2227 summa
656 2174 823 2228 studio
852 2190 911 2227 ac
936 2173 1106 2227 labore
1135 2176 1451 2246 confeceram
1473 2217 1487 2240 ,
1541 2191 1713 2230 carere
1750 2193 1851 2232 non

263 2271 513 2331 poteram.
533 2261 617 2314 Ita
643 2264 711 2332 (f)
736 2264 887 2316 miser
914 2280 1004 2334 ego
1032 2265 1252 2318 lecturus
1267 2263 1493 2317 Tullium
1512 2265 1812 2336 jejunabam
1830 2283 1850 2322 :

263 2364 373 2421 post
399 2356 625 2408 noctiunt
655 2354 854 2409 crebras
877 2356 1093 2425 vigilias,
1117 2364 1231 2425 post
1257 2355 1529 2425 lacrgmas,
1557 2372 1681 2426 quas
1731 2357 1854 2411 nti/ti

261 2447 635 2514 praeteritorum
678 2445 962 2499 recordatio
1009 2455 1331 2514 peccatorum
1357 2461 1418 2500 ea:
1442 2446 1556 2500 imis
1583 2447 1853 2501 visceribus

258 2535 462 2588 eruebat
492 2534 788 2605 (Plautus),
845 2533 1001 2588 Plato
1051 2533 1343 2588 sumebatur
1394 2535 1446 2588 in
1489 2536 1739 2592 munibus.
1792 2539 1856 2592 Si

258 2627 466 2698 quando
489 2629 543 2680 in
565 2627 913 2696 memetipsnm
938 2643 1162 2681 reuersus
1187 2669 1202 2692 ,
1246 2626 1530 2698 PrOpItetas
1569 2629 1730 2700 legere
1755 2647 1855 2684 cae-

260 2721 470 2788 pissem,
500 2733 668 2772 sermo
703 2717 937 2772 horrebat
963 2719 1227 2785 incultus;
1277 2729 1324 2772 et
1350 2721 1467 2788 quia
1513 2720 1679 2775 lumen
1708 2723 1854 2777 ett-cis

259 2809 419 2862 oculis
465 2824 568 2860 non
608 2807 858 2872 videbam,
909 2825 1008 2862 non
1038 2809 1300 2863 oculorum
1345 2811 1546 2880 culpam
1578 2812 1848 2882 putabam,

262 2899 348 2953 sed
375 2899 521 2952 solis.
549 2897 683 2950 Dum
712 2915 790 2953 me
816 2899 922 2971 (al.
951 2901 1019 2953 ita
1040 2901 1060 2965 )
1082 2900 1251 2969 itaque
1265 2903 1496 2972 antiquus
1517 2921 1719 2975 serpens
1737 2904 1854 2959 illu-

266 2990 421 3056 deret,
454 2991 509 3044 in
559 2990 726 3044 media
756 2991 914 3060 ferme
945 2991 1348 3064 Quadragesima
1403 2995 1636 3051 medullis
1681 3001 1854 3070 infusa

267 3079 414 3150 febris
440 3096 629 3150 corpus
679 3097 846 3134 nteant
879 3082 1058 3136 invasit
1109 3083 1445 3152 exhaustum;
1489 3095 1535 3140 et
1587 3088 1696 3142 sine
1747 3089 1854 3143 ulla

269 3175 431 3242 requie
457 3171 630 3244 (quod
659 3173 797 3226 dictu
830 3189 1026 3243 quoque
1071 3175 1363 3229 incredibile
1388 3177 1494 3249 sit)
1534 3179 1605 3232 sic
1631 3180 1854 3252 infelicia

269 3265 484 3318 membra
512 3265 726 3334 depasta
750 3275 887 3330 sunt,
907 3275 957 3318 ut
985 3266 1179 3320 ossibus
1205 3267 1287 3321 uia:
1313 3265 1388 3339 (g)
1420 3269 1688 3325 Itwrerent.
1723 3271 1855 3326 Inte-

273 3357 362 3408 rim
389 3354 704 3426 parabantur
734 3357 972 3427 acequite,
1026 3367 1071 3411 et
1114 3357 1278 3412 vitalis
1307 3359 1464 3413 mtimi
1518 3362 1658 3416 calor
1679 3405 1694 3430 ,
1749 3372 1854 3418 toto

274 3448 564 3518 frigescente
599 3447 712 3517 jam
740 3462 952 3516 corpore
971 3489 984 3512 ,
1014 3449 1066 3502 in
1092 3449 1201 3502 solo
1237 3459 1432 3504 tantum
1462 3461 1656 3520 tepente
1686 3465 1856 3524 pectu-

272 3541 405 3593 sculo
436 3539 738 3609 palpitabat.
779 3537 905 3594 Cant
935 3541 1098 3595 subito
1124 3543 1378 3632 raptus.in
1403 3544 1586 3613 spiritu
1613 3545 1683 3599 ad
1707 3546 1856 3600 tribu-

279 3632 359 3684 nal
389 3631 582 3702 judicis
624 3633 909 3702 pertrahor,
943 3634 1027 3687 tibi
1058 3643 1253 3687 tantum
1284 3635 1511 3702 luntinis,
1563 3648 1613 3693 et
1659 3649 1856 3694 tantum

277 3732 377 3775 erat
402 3739 462 3776 ea:
489 3723 921 3777 circumstantium
968 3724 1198 3779 claritate
1227 3726 1464 3797 fulgoris,
1500 3739 1552 3782 ut
1601 3734 1855 3801 projectus

278 3813 326 3866 in
357 3823 560 3878 terram,
593 3831 794 3868 sursum
822 3817 1047 3887 aspicere
1071 3833 1172 3870 non
1202 3817 1461 3874 auderem.
1504 3818 1857 3893 Interrogatus

281 3907 628 3975 conditionem,
661 3907 1007 3962 Christianum
1037 3926 1114 3964 me
1153 3926 1258 3965 esse
1281 3913 1537 3980 respondi.
1571 3913 1737 3969 Etille
1773 3917 1858 3984 qui

281 3997 602 4064 prtesidebat:
621 3998 876 4066 Mentiris,
892 4001 984 4066 ait,
1007 4001 1366 4056 Ciceronianus
1391 4019 1464 4070 es,
1487 4003 1564 4077 (It)
1594 4023 1694 4060 non
1711 4007 1860 4061 Citri-

279 4088 490 4140 stianus.
527 4087 624 4143 Ubi
651 4090 918 4145 thesaurus
944 4102 1077 4158 tuus,
1106 4093 1174 4148 ibi
1201 4104 1246 4148 et
1272 4110 1360 4147 cor
1389 4103 1526 4149 tuum
1554 4108 1652 4150 est.
1710 4097 1859 4154 Illico

280 4179 518 4246 obmutui,
549 4194 594 4235 et
622 4182 748 4236 inter
769 4183 970 4238 verbera
1003 4185 1020 4255 (
1044 4202 1160 4238 nam
1186 4187 1314 4240 credi
1337 4204 1415 4241 me
1431 4188 1698 4262 jusserat)
1736 4209 1860 4246 con-

281 4273 496 4327 scientia:
521 4275 636 4344 igne
680 4277 840 4346 magis
866 4275 1150 4346 torquebar,
1183 4278 1326 4332 illttnt
1345 4296 1536 4333 mecum
1563 4284 1859 4339 versiculum

281 4373 556 4433 reputans:
591 4363 646 4419 In
702 4367 913 4421 inferno
942 4379 1122 4423 autem
1165 4369 1286 4438 quis
1329 4371 1675 4428 conﬁtebitur
1725 4375 1860 4430 tibi?

283 4452 508 4509 Clamare
545 4464 709 4510 tamen
738 4458 884 4526 carpi,
914 4469 958 4511 et
985 4459 1185 4529 ejulans
1229 4461 1396 4515 dicere
1424 4478 1442 4514 :
1471 4461 1712 4518 Miserere
1743 4467 1860 4536 mei,

287 4543 511 4610 Domine,
533 4547 768 4602 miserere
791 4548 905 4602 mei.
933 4549 1056 4603 lla'c
1079 4565 1175 4604 vos:
1203 4552 1332 4604 inter
1343 4554 1549 4623 ﬂagella
1572 4557 1858 4614 resonabat.

287 4632 503 4689 Tandem
531 4639 602 4690 ad
628 4638 943 4708 prwsidentis
968 4655 1131 4711 genua
1174 4643 1424 4711 provoluti
1545 4646 1628 4715 qui
1656 4648 1861 4703 assiste—

349 4854 408 4919 (a)
422 4855 573 4919 Iidem
586 4857 688 4919 pari
712 4871 952 4907 consensu
965 4867 1112 4910 omne
1127 4859 1482 4912 mundanorum
1503 4864 1615 4913 stud
1619 4868 1716 4916 tum
1737 4867 1864 4919 litte-

285 4927 336 4979 ra
367 4917 460 4966 unt.
479 4917 957 4970 UttusNztt‘liottensis
980 4923 1579 4974 «Omnemmundanorum
1596 4917 1864 4979 studiorum

287 4976 970 5047 litteraturam.Corbeiensis.
1007 4983 1214 5034 Omnem
1257 4987 1481 5047 peritiam
1518 4976 1865 5041 mttudauarum

284 5041 449 5103 studiis
467 5040 762 5103 litterarum,
786 5061 808 5088 ν
841 5051 936 5093 etc.

349 5101 408 5167 (ὁ)
438 5102 574 5170 [laud
601 5101 986 5170 equidemputo,
1008 5106 1125 5170 facti
1149 5108 1382 5158 vocabulo
1405 5109 1462 5157 ad
1487 5124 1650 5162 mores
1675 5114 1863 5164 institu~

287 5164 428 5223 taque
453 5164 793 5214 Monacltorum
818 5164 1088 5217 deuotanda
1113 5183 1226 5218 usus
1250 5170 1529 5222 Gennadius
1549 5173 1738 5223 luisset.

350 5177 428 5211 .ue
453 5177 793 5214 monachorum
818 5177 1088 5217 deuotanda
1113 5183 1226 5218 usus
1250 5177 1529 5222 Gennadius
1549 5177 1738 5223 luisset.

350 5177 407 5289 lc)
431 5225 933 5300 bisssnostrinonines
970 5230 1219 5293 plerosque
1251 5231 1477 5300 bonorum
1512 5236 1863 5300 religiosorum,

286 5286 800 5356 absqtteintermediis
823 5286 1223 5356 virorttm,atque
1246 5300 1290 5342 et
1314 5294 1501 5356 copula.

349 5302 384 5334 st
408 5302 472 5335 tte
493 5302 800 5339 mtermeons
823 5303 1051 5350 virorum,
1075 5302 1223 5356 atque
1246 5302 1290 5342 et
1314 5302 1501 5355 copula.

349 5302 417 5414 ((l)
450 5348 889 5422 linus-‘Valicauus
911 5355 1130 5422 acutnt'tut
1171 5367 1188 5405 :
1227 5355 1356 5422 quod
1399 5369 1496 5408 non
1521 5359 1863 5422 improbarim.

288 5407 414 5486 Mox"
430 5411 559 5486 alter
581 5412 802 5484 Reginae,
827 5427 937 5486 cum
951 5407 1677 5486 Aqutnltdoqueﬂalest'erolcetfet,
1698 5407 1798 5486 etc.

349 5471 408 5538 (e)
446 5470 796 5538 Narbondnsis,
817 5470 1036 5528 Satietate
1057 5470 1274 5528 lautioris
1303 5478 1396 5530 cibi
1423 5493 1440 5530 :
1472 5470 1571 5532 tum
1609 5470 1735 5533 alter
1767 5485 1865 5534 lle-

285 5534 427 5598 ginaé,
449 5547 597 5598 quam
618 5535 735 5585 nti/ti
762 5545 919 5587 ttomw
933 5546 1026 5587 etc.

345 5594 413 5680 m‘
451 5594 668 5680 {iterque
695 5598 1102 5680 [legitta'tlttaque
1123 5601 1270 5680 miser
1292 5615 1396 5664 ego.

366 5658 414 5731 gl
439 5658 658 5731 ﬁeginze.
678 5658 820 5731 alter,
842 5658 1125 5731 ossibtts’_ti.v
1146 5658 1399 5731 luerere'nt.

366 5681 395 5723 υ
453 5681 656 5721 ncgmtu
678 5681 820 5731 ἰΙΙιεΓι
842 5681 1022 5711 υδδιυιιης
1047 5681 1125 5710 ιιι
1146 5681 1399 5714 Ιιιυϊειέηι.

348 5681 414 5782 Μ
439 5721 590 5779 Idem,
604 5720 943 5772 (‘icerantmms
965 5729 1078 5771 estu
1098 5736 1116 5771 :
1135 5731 1233 5771 tum
1258 5725 1401 5782 alter,
1423 5736 1438 5772 Ι
1461 5727 1507 5778 bi
1529 5730 1605 5780 eui
1624 5745 1650 5778 n
1674 5731 1864 5781 tlte-au-

285 5791 382 5831 rus.
404 5783 605 5854 Deinde
617 5783 948 5854 Narbonensis
969 5792 1092 5834 tuter
1112 5785 1311 5854 verbera
1331 5789 1498 5849 quibus
1513 5792 1640 5841 credi
1663 5807 1736 5842 me
1762 5795 1865 5850 ius-

285 5849 409 5915 serat
434 5845 691 5915 {denique
713 5845 971 5915 Vaticanus
992 5845 1290 5915 emacientur:
1314 5845 1465 5910 magis
1483 5866 1608 5915 igne,
1630 5863 1726 5904 etc.

352 5904 401 5970 (t)
431 5904 636 5957 Codices
655 5910 806 5960 nostt'i
826 5923 1013 5969 omnes,
1038 5910 1119 5963 qui
1142 5904 1442 5962 adstiterant.

1543 405 1601 464 S.
1644 408 2021 466 lllERONYMI
2066 410 2242 465 \‘lTA.

3441 429 3539 488 178

1961 523 2080 576 bant
2109 525 2446 590 precabantur
2467 566 2482 591 ,
2513 535 2566 580 ut
2593 528 2787 583 veniam
2815 533 3048 589 tribueret
3092 537 3465 608 adolescemia',
3494 549 3545 594 et

1961 615 2120 667 errori
2148 613 2313 668 locum
2340 616 2644 686 paenitentia
2669 623 3033 692 commodaret,
3063 637 3335 684 exacturus
3357 630 3544 696 deinde

1961 705 2263 771 cruciatum,
2292 707 2336 760 si
2363 707 2628 778 gentilium
2655 709 2935 767 litterarum
2961 716 3238 786 aliquando
3267 718 3500 792 legissem
3525 737 3546 776 :

1961 791 2073 865 Ego
2101 797 2187 866 qui
2229 806 2366 852 tanto
2404 800 2704 855 constrictus
2734 805 2948 859 articulo
2974 806 3146 860 vellent
3171 791 3328 863 etiam
3345 813 3546 883 majora

1959 891 2250 960 promittere
2279 891 2364 964 (j),
2397 893 2626 963 dejerare
2656 893 2820 967 carpi,
2853 907 2901 953 et
2926 915 3105 954 nomen
3135 902 3246 972 ejus
3289 903 3542 966 obtestans

1959 979 2159 1035 dicere:
2183 980 2397 1036 Domine
2415 1025 2431 1051 ,
2461 985 2506 1037 si
2528 1002 2748 1055 unquam
2770 987 2990 1043 habuero
3017 990 3214 1046 codices
3247 995 3540 1063 sa'culares,

1957 1071 2002 1124 st'
2029 1071 2212 1143 legero,
2241 1085 2286 1128 te
2315 1077 2510 1146 negavi.
2540 1076 2606 1132 In
2657 1080 2764 1134 licet:
2788 1085 3090 1138 sacramenti
3133 1086 3278 1140 verba
3306 1087 3545 1144 dimissus

1956 1173 2176 1218 revertor
2199 1165 2268 1219 ad
2295 1183 2503 1236 superos
2526 1184 2546 1232 ,°
2589 1170 2884 1226 mirantibus
2909 1175 3122 1240 cunctis,
3169 1177 3343 1232 oculos
3367 1181 3544 1249 aperio

1957 1258 2449 1330 tantolacrgntarum
2480 1261 2635 1318 imbre
2659 1267 2910 1336 perfusos,
2931 1277 2988 1320 ut
3008 1269 3158 1321 etiam
3184 1271 3459 1326 incredulis
3481 1274 3545 1341 fi-

1956 1346 2067 1401 dem
2086 1354 2304 1421 facerem
2322 1369 2383 1408 ea:
2396 1353 2590 1409 dolore.
2612 1355 2721 1410 Nec
2737 1373 2851 1412 vero
2869 1376 3023 1429 sapor
3037 1360 3124 1415 ille
3152 1362 3318 1416 inanis
3333 1364 3426 1435 fuit
3439 1363 3538 1436 (lt),

1956 1452 2011 1492 ut
2034 1456 2163 1494 vana
2186 1446 2408 1507 sontnia,
2448 1446 2629 1517 quibus
2659 1464 2792 1517 stupe
2820 1449 3132 1504 deludimur.
3165 1451 3313 1507 Teste
3352 1464 3426 1509 est
3457 1458 3541 1510 tri-

1955 1530 2112 1586 bunal
2137 1544 2254 1587 ante
2281 1535 2416 1604 quod
2451 1529 2613 1606 iacui,
2636 1539 2894 1608 judicium
2923 1551 3044 1596 teste
3069 1544 3204 1613 quod
3235 1545 3416 1610 timui;
3467 1547 3542 1600 ita

1957 1626 2083 1678 miiti
2127 1643 2388 1697 nunquam
2431 1631 2691 1702 contingat
2735 1633 2887 1687 talem
2921 1635 3144 1692 incidere
3191 1639 3539 1708 quwstionem.

1954 1716 2204 1773 Livientes
2232 1719 2252 1790 (
2274 1736 2392 1791 sup.
2421 1721 2623 1794 fateor)
2655 1741 2731 1778 me
2769 1725 3002 1782 habuisse
3029 1728 3263 1799 scapulas
3291 1772 3307 1796 ,
3361 1731 3541 1801 plagas

1953 1809 2170 1863 sensisse
2217 1827 2306 1880 per
2368 1811 2664 1876 somnium;
2714 1824 2761 1868 et
2800 1825 2940 1870 tanta
2981 1819 3176 1872 dehinc
3227 1820 3396 1873 studio
3451 1821 3538 1874 di-

1955 1900 2070 1953 vina
2101 1900 2299 1972 legisse,
2347 1912 2535 1972 quanto
2586 1907 2824 1960 mortalia
2865 1919 3013 1962 antea
3062 1927 3162 1964 non
3192 1911 3432 1982 legeram.

2026 1991 2234 2050 Interea
2264 1993 2624 2069 Hieronymus
2662 1998 2920 2056 Romana:
2951 2002 3205 2060 Ecclesia:
3231 2005 3539 2078 Presbyter,

1954 2097 2016 2138 os
2061 2083 2270 2140 Damasi
2317 2086 2622 2142 Sacerdotis
2643 2132 2660 2158 ,
2691 2105 2858 2146 sacra:
2884 2092 3229 2151 Bibliotheca:
3254 2107 3539 2164 scrutator,

1957 2177 2255 2232 divinorum
2285 2178 2545 2234 dissertor
2569 2183 2897 2238 voluminum
2921 2225 2936 2249 ,
2965 2185 3091 2240 dum
3122 2202 3216 2257 per
3250 2190 3537 2248 triennium

1957 2270 2266 2324 continuum
2314 2285 2472 2326 carus
2514 2283 2870 2343 acceptusque
2921 2280 3266 2348 popularibus
3317 2296 3540 2336 venera-

1960 2370 2067 2428 tur,
2095 2361 2159 2434 (l)
2186 2363 2529 2434 omniumque
2550 2365 2750 2436 judicio
2769 2368 2960 2438 dignus
2983 2386 3102 2426 esse
3127 2388 3337 2427 summo
3363 2389 3541 2428 sacer-

1958 2453 2108 2509 dotio
2150 2454 2475 2524 decernitur,
2504 2458 2718 2528 quidam
2759 2475 2827 2516 ex
2871 2461 3202 2519 Clericorum
3247 2466 3538 2522 Moriar-ho-

1959 2561 2076 2599 rum
2108 2546 2383 2600 ordinibus
2410 2563 2506 2617 pro
2534 2550 2822 2619 petulantia
2857 2568 3058 2624 proque
3082 2556 3312 2627 ingluvie
3337 2558 3542 2614 discor-

1957 2637 2235 2700 santcs,ad
2249 2638 2580 2708 ell’ngandum
2598 2640 2735 2697 Urbe
2752 2643 3156 2718 Hieronymum,
3177 2648 3273 2720 (nt)
3291 2651 3377 2720 qui
3407 2661 3546 2705 utro-

1958 2745 2180 2799 rumque
2208 2745 2392 2784 eorum
2427 2731 2550 2785 vitia
2579 2733 2822 2790 scribens
2845 2735 3294 2807 deprehenderat,
3324 2742 3545 2796 insidias

1959 2829 2300 2888 paraverunt.
2327 2820 2523 2876 Verum
2551 2824 2692 2878 enim
2725 2841 2852 2880 vero
2877 2827 3016 2883 hunc
3039 2844 3138 2900 ego
3161 2829 3368 2887 felicem
3393 2832 3544 2889 dixe-

1957 2911 2080 2974 rim,
2112 2911 2270 2981 hujus
2298 2910 2434 2985 fuga:
2458 2928 2709 2971 eventum
2739 2920 3084 2990 corrigentis,
3115 2921 3314 2978 Christi
3341 2925 3545 2994 judicio

1957 3001 2319 3074 dispensatum
2343 3046 2358 3070 ,
2388 3021 2544 3075 quem
2585 3021 2870 3077 pravorum
2902 3011 3178 3066 hominum
3212 3017 3542 3082 persecutio-

1958 3097 2116 3151 nibus
2146 3097 2222 3168 (tt)
2256 3108 2494 3166 paratum
2528 3100 2640 3154 fore
2668 3102 2952 3157 existimo:
2979 3103 3181 3180 scilicet
3206 3115 3266 3161 ut
3303 3109 3547 3166 Romam

1960 3189 2218 3256 Ecclesia,
2249 3190 2388 3245 Petri
2421 3191 2659 3247 instituta
2692 3196 2950 3263 regimine
2971 3237 2985 3261 ,
3019 3197 3364 3271 omniumque
3395 3214 3543 3257 vete-

1959 3285 2033 3338 ris
2053 3283 2379 3338 Testautenti
2409 3285 2664 3340 librorum
2691 3288 2879 3342 edoeta
2912 3290 3158 3356 veritate,
3185 3292 3399 3348 Christo
3435 3295 3546 3350 Deo

1960 3376 2191 3441 volente,
2216 3386 2270 3431 et
2297 3376 2610 3450 Hieronymi
2634 3381 2854 3450 speciali
2883 3382 3063 3437 studio
3093 3384 3408 3453 desudante,
3440 3388 3544 3444 lle-

1959 3467 2189 3522 braicatn
2213 3486 2424 3539 quoque
2453 3471 2644 3526 habeat
2667 3475 2978 3541 veritatem;
3009 3485 3064 3531 et
3093 3477 3400 3535 Graecorum
3423 3499 3547 3553 quo-

1961 3559 2202 3613 rmndam
2260 3561 2484 3625 levitas,
2533 3578 2652 3632 qua:
2699 3565 2800 3619 sibi
2845 3567 3116 3621 Romanos
3165 3585 3194 3624 a
3247 3587 3308 3626 se
3356 3588 3544 3629 omnes

1961 3650 2266 3718 Scripturas
2295 3651 2549 3705 divinitus
2579 3653 2865 3722 iuspiratas
2895 3658 3169 3726 accepisse
3217 3661 3499 3728 plaudebat
3527 3707 3544 3730 ,

1962 3756 2056 3796 eos
2086 3741 2284 3797 habere
2311 3742 2451 3812 quod
2486 3758 2592 3799 non
2626 3745 2802 3812 habet,
2831 3760 3201 3818 recognoscat.
3232 3753 3395 3822 [gitur
3425 3754 3548 3811 llic-

1962 3847 2218 3904 mnymus
2248 3833 2414 3888 Roma
2444 3849 2724 3904 egressus,
2754 3839 2820 3892 ad
2850 3841 3111 3896 orientem
3142 3844 3384 3911 tendens,
3417 3863 3544 3915 pro-

1963 3923 2135 3979 fectus
2162 3935 2244 3979 est
2271 3925 2338 3979 ad
2369 3925 2686 3995 Gregorium
2728 3929 3118 3986 Nazianzenum
3160 3935 3546 3993 Constantino-

1964 4016 2213 4086 politana:
2243 4017 2390 4071 urbis
2418 4018 2772 4089 Episcopum;
2805 4022 2892 4076 ubi
2927 4024 2997 4076 ita
3027 4026 3284 4093 prolicere
3313 4028 3538 4093 studuit,

1967 4105 2042 4176 (ο)
2075 4115 2132 4161 ut
2158 4107 2290 4162 mira
2312 4108 2536 4164 scientia
2560 4109 2866 4166 donaretur.
2886 4113 2986 4181 Qui
3007 4124 3062 4168 ut
3080 4126 3383 4172 sanctarum
3402 4120 3548 4176 Scri-

1969 4210 2239 4270 pturarum
2267 4202 2458 4257 studiis
2480 4203 2634 4273 plene
2654 4204 2975 4272 erudiretur,
2999 4208 3225 4278 supplex
3245 4210 3546 4281 docilisque

1966 4291 2258 4362 discipulus
2279 4293 2420 4350 hunc
2440 4295 2570 4350 adiit
2601 4307 3001 4367 prazceptorem,
3027 4315 3254 4371 eumque
3285 4304 3548 4358 Constan-

1970 4385 2317 4456 tittupolitana
2339 4387 2468 4443 urbe
2485 4389 2821 4444 observabat.
2839 4390 2951 4446 Hoc
2967 4391 3283 4461 discipulatu
3305 4395 3557 4466 Hierony-

2034 4495 2096 4608 ρ]
2129 4498 2183 4548 lu
2203 4499 2510 4550 Narbonensi
2521 4510 2672 4551 Deum
2683 4501 2862 4563 jurare
2875 4501 3015 4565 carpi.
3031 4503 3140 4552 Mox
3166 4506 3214 4552 in
3226 4505 3460 4556 Vaticano
3484 4509 3557 4558 ret

2051 4572 2210 4608 eaero.
2230 4560 2458 4608 Denique
2495 4564 2540 4608 in
2567 4563 2919 4608 Bttrdoaalensi
2965 4573 3091 4608 mter
3131 4565 3239 4608 Imm
3262 4571 3555 4608 mm'mtmmi

1968 4558 2010 4610 si
2034 4558 2210 4625 legero.
2230 4560 2458 4625 Denique
2495 4564 2540 4610 in
2567 4558 2920 4625 Bttrdegalensi
2949 4558 3091 4615 'mter
3131 4565 3239 4617 lucc
3262 4571 3555 4621 sacramenti

1957 4621 2110 4684 .verb'a
2135 4622 2361 4673 dimissus
2380 4621 2592 4672 revertor
2615 4637 2644 4672 a
2667 4621 2871 4684 sup—eris,
2902 4634 2996 4674 etc.

2039 4681 2102 4747 (Ir)
2129 4685 2456 4747 Narbonensis
2477 4694 2528 4733 et
2550 4681 2809 4747 Burdegal.
2825 4681 2910 4736 Aut
2927 4700 3046 4738 vana
3066 4690 3264 4741 somnia.
3284 4692 3411 4742 Tum
3433 4707 3557 4744 unus

1973 4806 2124 4874 Paulo
2148 4816 2256 4874 post
2280 4807 2502 4874 plerique
2519 4822 2688 4859 omnes
2714 4811 2825 4874 Mss.
2853 4812 3059 4862 liventes
3085 4806 3285 4874 habent,
3312 4831 3437 4868 tutus
3463 4818 3556 4866 lle-

1972 4870 2066 4937 gia:
2089 4867 2442 4943 lividugild'etn
2481 4871 2884 4943 postisamaium,
2905 4876 3089 4924 rectius
3132 4867 3285 4941 quam
3315 4891 3403 4943 per
3428 4893 3552 4932 som-

1972 4928 2120 4994 nium,
2147 4930 2201 4994 lu
2227 4929 2323 4980 l‘ute
2347 4929 2460 4994 legi,
2481 4928 2572 4994 pro
2596 4931 2781 4994 legisse.

2040 4943 2120 4990 nn,
2151 4943 2201 4978 tu
2227 4943 2323 4980 tute
2347 4943 2389 4978 te
2425 4945 2460 4990 ι,
2487 4947 2572 4994 pro
2596 4943 2781 4993 teqtsse.

2040 4991 2090 5057 (l)
2128 4992 2318 5041 Absunt
2343 5008 2369 5042 a
2391 4943 2594 5059 gingiua:
2613 4987 2767 5045 altero
2791 4997 2902 5046 Ms.:
2925 5006 3050 5047 Dum
3061 5012 3147 5059 per
3165 5000 3421 5051 triennium
3443 5017 3556 5053 cono

1972 5053 2195 5113 tinuum;
2221 5061 2320 5102 tum
2343 5068 2374 5104 a
2396 5053 2626 5129 Vaticano
2651 5060 2800 5129 istaec,
2825 5072 2937 5109 onm
2958 5053 3132 5125 umque
3165 5063 3357 5125 judicio
3381 5065 3556 5129 dignus

1971 5129 2072 5165 esse
2093 5130 2275 5166 summa
2297 5119 2561 5168 sacerdotio
2583 5119 2875 5172 decernitur.

2041 5177 2122 5242 (tn)
2152 5178 2304 5250 vatio.
2327 5199 2361 5250 ει
2379 5188 2637 5250 ιιιιύιιιψερ
2663 5196 2830 5250 eorum
2854 5185 3075 5234 scribens
3095 5187 3263 5236 vitium
3281 5188 3556 5250 deprehen-

1971 5239 2128 5304 derat'.
2150 5258 2171 5286 »
2191 5241 2423 5304 Sequitur
2441 5239 2572 5292 unus.
2587 5243 2810 5304 Reginae,
2831 5255 3023 5295 «utrum
3042 5251 3172 5298 enim
3199 5239 3513 5300 \‘irttm'htutc.
3528 5270 3552 5296 ιι

1972 5301 2234 5368 Bu‘rdegal.
2265 5301 2448 5368 iVere
2471 5307 2602 5354 enim
2627 5301 2779 5356 virum
2798 5301 2948 5368 hunc,
2969 5325 2991 5354 ι
3023 5318 3118 5360 etc.

2041 5361 2106 5432 (n)
2142 5361 2163 5366 '
2185 5366 2386 5432 quidam
2416 5365 2523 5416 libri
2557 5375 2780 5432 pacatum
2824 5384 2909 5430 pro
2936 5361 3168 5432 paratum
3207 5373 3404 5422 habent.
3433 5373 3555 5422 Tum
3639 5409 3642 5412 .

1973 5425 2127 5504 Xatic.
2154 5428 2492 5504 vertat-educat
2511 5425 2705 5481 diritate
2731 5425 2964 5504 ριίήιῳῆςς
2990 5446 3200 5504 moxque
3220 5449 3327 5504 cum
3351 5441 3558 5504 utrmluo

1972 5487 2175 5550 llegittze
2198 5489 2356 5555 addit,
2389 5508 2411 5535 α
2433 5487 2742 5555 Ηίυωιιγιιιό
2763 5487 2969 5555 spiritali
3007 5487 3182 5543 studio.
3212 5513 3234 5540 ν
3263 5495 3438 5555 Con'er
3477 5487 3554 5542 ἰυ-

1976 5557 2070 5598 tam
2084 5553 2368 5617 prericopen
2393 5553 2512 5601 satis
2535 5553 2937 5617 hcigilltptttlllattl
2962 5554 3258 5604 librariorum
3277 5554 3555 5617 collacum

2077 5626 2188 5674 quae
2209 5613 2256 5661 in
2275 5616 2603 5677 subsequettti
2627 5613 2740 5667 vna
2760 5619 2965 5668 habetur
2981 5617 3155 5665 colum.
3190 5619 3296 5666 2-53.
3322 5613 3430 5677 past
3454 5630 3556 5666 me-

2025 5687 2122 5720 um.

2025 5687 2122 5720 lllll.

2042 5733 2101 5798 (ο)
2141 5735 2254 5802 Mss.
2280 5737 2428 5802 nostri
2445 5751 2619 5788 omnes
2647 5759 2671 5784 ει
2692 5739 2892 5792 studuit.
2920 5747 2972 5787 ut
2990 5745 3259 5802 sanctarum
3283 5739 3555 5802 Scriptura-
3625 5765 3631 5773 -

1975 5809 2078 5870 runt
2101 5798 2270 5870 st_.t‘tdiis
2293 5799 2587 5870 erudiretur,
2604 5818 2626 5844 ν
2658 5803 3120 5870 prmtertuissisqua:
3162 5798 3550 5870 interponuntur.

1980 5857 2111 5906 Unus
2130 5859 2510 5919 Burdegalensis
2532 5879 2552 5904 ‹‹
2576 5857 2760 5909 Studuit
2776 5899 2786 5919 ,
2816 5870 2865 5908 et
2891 5857 3107 5919 [toll-ett,
3135 5871 3184 5911 ut
3213 5857 3328 5913 mira
3352 5864 3556 5914 scienti:

1981 5921 2233 5972 iuuaretur
2260 5935 2269 5969 :
2292 5924 2371 5982 qui
2393 5929 2444 5970 ut
2468 5930 2755 5975 sanctarum.
2785 5942 2800 5962 υ
2837 5931 2932 5970 ριν.
