4052 6338
523 376 626 432 479

517 464 637 553 ntus
668 505 901 566 peracto,
936 497 988 552 in
1020 498 1228 570 Syriam
1257 498 1486 569 perrexit
1518 517 1530 553 :
1560 507 1614 552 et
1638 497 1760 553 dum
1802 497 1854 552 in
1888 512 2088 567 posscs-

444 568 449 575 ’
518 589 668 642 sione
696 586 903 657 Evagrii
935 568 1227 660 presbyteri
1256 568 1577 656 moraretur,
1610 589 1873 645 Male-hum
1903 589 2085 643 Mona-

517 659 675 732 chum
723 687 778 734 et
828 659 1110 749 aliquando
1137 682 1401 749 captivum
1431 682 1662 751 reperit,
1691 692 2090 750 percunctatus-

440 753 454 784 ²
515 754 622 845 que
646 785 791 838 eum,
817 772 1175 843 omnem'ejus
1200 774 1518 843 captivitatis
1547 775 1751 845 accepit
1775 775 2046 831 historiam
2066 816 2081 839 ,

445 853 449 857 ’
513 837 671 933 quam
706 837 898 932 postea
943 837 1108 919 edidit
1153 837 1401 936 scriptam
1447 874 1502 921 et
1542 837 1794 923 Romanis
1840 837 2084 923 fidelibus

514 951 697 1018 misit,
748 952 864 1008 hate
915 954 967 1007 in
1022 956 1136 1024 ejus
1182 955 1419 1011 historia:
1466 957 1685 1027 prologo
1733 959 2078 1013 interserens.

515 1041 767 1110 Scribere,
790 1043 977 1114 inquit,
1002 1045 1250 1116 disposui,
1272 1047 1314 1100 si
1336 1056 1500 1101 tamen
1525 1036 1663 1102 Deus
1687 1049 1841 1109 vitam
1865 1049 2080 1118 dederit,

481 1146 486 1150 ·
512 1142 563 1186 et
588 1135 633 1187 si
660 1137 1020 1204 vituperatores
1046 1137 1141 1190 mei
1169 1136 1347 1192 saltem
1372 1140 1644 1209 fugientem
1675 1156 1753 1193 tne
1778 1149 1823 1194 et
1850 1140 2080 1195 clausum

445 1224 454 1235 ⁵
514 1226 747 1294 persequi
769 1224 1022 1280 desierint.
1044 1224 1116 1297 ('a)
1145 1228 1222 1283 Ad
1250 1228 1459 1284 deserta
1488 1229 1681 1285 deinde
1708 1231 1844 1297 loca,
1864 1231 1931 1287 ad
1961 1247 2081 1302 qua:

472 1328 483 1339 ”
511 1317 636 1371 olim
659 1315 729 1372 ad
755 1318 1010 1388 agendam
1040 1319 1165 1373 inibi
1197 1320 1559 1390 pmnitentiam
1588 1337 1875 1394 properare
1898 1325 2081 1394 cupie-

478 1428 482 1433 ·
509 1415 625 1471 rat,
665 1407 736 1462 ita
764 1407 916 1463 hctus
940 1410 1314 1481 accinctusque
1340 1413 1599 1478 accessit,
1633 1422 1689 1468 ut
1717 1415 1923 1470 vola5se
1944 1430 2075 1479 eum

511 1501 680 1571 magis
724 1508 879 1573 quam
918 1518 1184 1559 remeasse
1213 1503 1483 1561 crederes.
1519 1506 1796 1573 Quomodo
1825 1522 1954 1563 vero
1985 1524 2080 1578 per

449 1584 916 1660 "quadriennium
946 1596 1458 1652 continuumChristi
1489 1600 1660 1667 potius
1685 1599 1881 1654 auxilio
1909 1601 2076 1669 paeni-

454 1695 485 1706 '~
510 1683 673 1737 tuerit
699 1725 715 1750 ,
758 1672 896 1740 idem
924 1684 1279 1756 Hieronymus
1308 1704 1427 1758 quae.
1453 1699 1643 1759 sponte
1690 1689 1795 1763 (al.
1827 1689 2071 1763 pertulit)

451 1782 471 1797 "
509 1775 827 1842 pertulerit,
861 1777 1025 1846 ipsius
1054 1777 1147 1832 Dei
1175 1777 1407 1835 adfuisse
1436 1780 1657 1851 gratiam
1686 1780 1862 1836 verbis
1887 1780 2075 1851 hujus-

504 1863 649 1918 modi
682 1864 948 1920 indicavit.
994 1866 1199 1934 Quoties
1240 1868 1293 1922 in
1332 1884 1499 1923 eremo
1546 1871 1879 1937 constitutus,
1911 1882 1958 1927 et
1986 1871 2077 1926 illa

504 1962 645 2009 vasta
689 1956 994 2025 solitudine,
1033 1969 1349 2027 qumexusta
1373 1946 1507 2015 solis,
1524 1962 1789 2018 ardoribus
1814 1964 2075 2018 horridum

456 2066 466 2079 ι
497 2032 772 2102 Monac/tis
801 2058 1005 2118 prwstat
1029 2051 1390 2118 habitaculum,
1422 2055 1594 2123 putavi
1620 2070 1717 2120 me,
1752 2054 1941 2124 inquit,
1969 2055 2076 2113 R0-

458 2160 464 2169 -
500 2138 665 2192 ntanis
692 2138 926 2194 interesse
954 2141 1169 2197 deliciis.
1215 2142 1463 2198 Sedebam
1492 2146 1629 2200 solus
1661 2148 1780 2217 quia
1821 2150 2073 2203 amaritu-

500 2228 619 2282 dine
646 2228 717 2300 (b)
743 2231 958 2299 repletus
984 2248 1140 2288 erant.
1172 2231 1456 2290 Horrebam
1480 2252 1625 2291 sacco
1656 2238 1873 2292 membra
1898 2241 2071 2309 defor-

458 2330 463 2335 ‘
497 2319 624 2382 mia;
647 2321 879 2391 squalida
908 2324 1034 2378 cutis
1059 2325 1209 2379 situnt
1232 2324 1547 2397 zEtItiopica:
1571 2330 1740 2384 carnis
1768 2331 2067 2386 adduxerat.

501 2410 736 2476 Quotidie
777 2412 1031 2484 lacryntte,
1070 2416 1299 2485 quotidie
1336 2419 1575 2489 gemitus;
1621 2429 1669 2474 et
1712 2420 1756 2474 si
1798 2421 2072 2492 aliquando

497 2512 857 2570 repugnantem
872 2519 1080 2558 somnus
1107 2505 1374 2562 imminens
1395 2510 1743 2579 Oppressisset,
1764 2513 1902 2567 nuda
1920 2513 2072 2568 humo

497 2590 584 2642 via:
624 2606 739 2645 ossa
779 2592 1022 2647 Ita-rentia
1063 2596 1382 2652 collidebam.
1415 2598 1495 2654 De
1535 2603 1657 2655 cibis
1701 2619 1817 2657 vero
1860 2615 1907 2658 et
1951 2616 2073 2675 potu

452 2706 461 2711 -
498 2692 657 2750 taceo,
681 2700 795 2738 cum
818 2685 968 2742 etiam
995 2687 1285 2760 languentes
1308 2692 1378 2747 ibi
1403 2709 1534 2764 aqua
1555 2695 1744 2766 frigida
1769 2706 1995 2762 utantur,
2024 2708 2072 2752 et

501 2785 696 2829 coctum
735 2777 932 2847 aliquid
972 2782 1254 2851 accepisse,
1290 2781 1506 2839 luxuriae
1532 2785 1617 2839 sit.
1651 2784 1752 2840 Ille
1778 2787 1931 2857 igitur
1958 2804 2068 2859 ego,

500 2866 590 2935 qui
632 2867 693 2922 ob
721 2879 907 2924 metunt
932 2871 1174 2943 gehennce
1198 2873 1289 2929 tali
1329 2892 1407 2930 me
1435 2894 1636 2933 carcere
1664 2881 1772 2950 ipse
1798 2880 2069 2938 damnave-

456 2976 467 2989 ο
498 2974 631 3023 ram,
654 2960 978 3033 scorpionum
1007 2974 1203 3019 tantum
1221 2966 1390 3021 socius
1412 2978 1459 3022 et
1481 2970 1725 3041 ferarum,
1746 2988 1882 3041 saepe
1906 2974 2071 3028 choris

492 3050 763 3105 intererant
792 3054 1092 3120 puellarum.
1127 3053 1396 3113 Pallebant
1438 3076 1529 3114 ora
1562 3062 1779 3132 jejuniis
1802 3104 1818 3128 ,
1844 3072 1889 3117 et
1934 3079 2072 3118 mens

456 3154 465 3178 ι
497 3142 571 3213 (c)
589 3144 846 3201 desideriis
873 3138 1116 3203 aestuabat
1136 3166 1156 3205 :
1173 3151 1224 3204 in
1239 3152 1427 3222 frigido
1449 3169 1677 3225 corpore,
1696 3167 1743 3211 et
1767 3166 1886 3212 ante
1906 3157 2068 3213 Itami-

461 3251 470 3257 -
496 3249 610 3286 nem
639 3248 786 3288 suum
806 3237 919 3307 jam
949 3254 1102 3294 carne
1128 3251 1454 3309 praemortua,
1478 3244 1589 3299 sola
1615 3245 1882 3301 libidinum
1906 3249 2066 3303 incen-

457 3323 587 3376 'dia
635 3325 974 3394 pullulabant.
1026 3328 1207 3401 Itaque
1251 3335 1389 3387 omni
1432 3337 1624 3392 auxilio
1651 3338 1955 3405 destitutus,
2002 3341 2070 3394 ad

461 3436 470 3443 -
499 3410 627 3467 Jesu
641 3415 873 3484 jacebam
903 3420 1074 3487 pedes,
1097 3420 1325 3490 rigabant
1351 3424 1606 3497 lacrgmis,
1628 3429 1764 3483 crine
1794 3428 2068 3500 tergebam,

494 3513 542 3555 ct
590 3518 953 3575 repugnantem
983 3509 1186 3567 carnem
1213 3515 1639 3573 hebdomadarum
1667 3521 1838 3577 inedia
1864 3523 2067 3595 subige-

458 3625 466 3635 ι
499 3595 613 3646 bam
627 3612 641 3643 ,ι
657 3595 777 3650 Non
799 3601 1029 3655 erubesco
1046 3603 1360 3673 infelicitatis
1382 3624 1521 3671 meat,
1545 3612 1664 3679 quin
1687 3614 1855 3683 potius
1878 3615 2066 3687 plango

462 3700 596 3738 .ttott
644 3702 752 3742 esse
795 3691 932 3760 quod
977 3694 1178 3762 fuerint.
1214 3695 1426 3753 Memini
1470 3717 1549 3755 me
1589 3702 1886 3759 clamantem
1933 3706 2065 3760 diem

458 3806 471 3812 -
496 3776 668 3830 crebro
686 3779 922 3848 junxisse
946 3799 1059 3837 cum
1085 3796 1247 3853 nocte,
1277 3805 1366 3843 nec
1387 3791 1528 3860 prius
1551 3809 1582 3844 a
1612 3794 1829 3861 pectoris
1846 3812 2068 3850 cessasse

460 3868 793 3937 ~serberibus,
816 3889 968 3942 quam
987 3892 1018 3927 a
1048 3875 1265 3933 Domino
1294 3881 1477 3935 rediret
1501 3881 1582 3953 (d)
1608 3884 1891 3953 imperante
1921 3897 2065 3943 tran-

460 3962 742 4030 squillitas.
793 3965 970 4035 Ipsam
997 3980 1195 4040 quoque
1234 3973 1471 4029 cellulam
1508 3993 1671 4031 nteant
1697 3981 1842 4050 quasi
1868 3982 2065 4053 cogita-

467 4052 687 4107 .tionunt
712 4059 965 4113 consciam
989 4063 1397 4131 pertimescebam
1419 4082 1437 4120 :
1457 4075 1507 4122 et
1531 4070 1657 4123 mihi
1684 4070 1845 4125 iratus
1869 4082 1914 4127 et
1944 4073 2067 4144 rigi-

490 4153 588 4196 aas
608 4145 745 4199 solus
771 4147 969 4203 deserta
998 4154 1341 4221 penetrabam.
1376 4156 1555 4212 Sicubi
1584 4172 1803 4213 concava
1832 4163 2061 4230 vallium,

460 4256 466 4263 ν
489 4249 674 4302 aspera
700 4239 966 4306 montium,
996 4244 1201 4311 rupium
1226 4258 1480 4317 prterupta
1504 4251 1787 4317 cernebam,
1808 4253 1877 4307 ibi
1904 4272 1980 4307 me
2005 4256 2059 4310 in

492 4325 720 4381 oratione
761 4330 1055 4387 miserrima:
1100 4336 1268 4390 carnis
1316 4340 1572 4409 ergastulo
1612 4341 1875 4407 locabant;
1909 4357 1954 4399 et
1985 4348 2063 4415 (ut

490 4417 618 4471 mihi
645 4420 782 4474 testis
810 4431 880 4476 est
919 4421 1198 4498 Dominus)
1244 4437 1357 4498 post
1403 4431 1592 4485 multas
1635 4431 1886 4505 lacrgmas
1907 4477 1921 4495 ,
1954 4447 2065 4512 post

490 4509 616 4565 caelo
645 4511 820 4566 oculos
845 4515 1144 4572 inherentes
1164 4558 1179 4584 ,
1208 4535 1570 4590 nonnunquam
1597 4523 1802 4578 videbar
1826 4509 1963 4580 mihi
1980 4530 2062 4581 in—

490 4610 673 4654 teresse
697 4605 979 4672 agminibus
1002 4608 1334 4680 Attgclorum;
1362 4623 1410 4666 et
1436 4614 1579 4669 laetus
1606 4618 1929 4688 gaudensque
1951 4637 2064 4679 cau-

488 4691 656 4745 tabam
688 4694 853 4750 :Post
877 4705 930 4752 te
961 4698 1015 4753 in
1041 4701 1267 4757 odorem
1296 4716 1682 4775 unguentorum
1712 4717 1921 4765 tuorum
1942 4727 2065 4770 cur-

488 4796 675 4836 l‘lmllS.

561 4874 921 4954 Quadriennio
935 4881 1111 4953 itaque
1126 4882 1383 4941 dedicata:
1399 4889 1722 4958 pmnitentim
1740 4894 1833 4964 (al.
1852 4900 2063 4966 exacta)

554 5000 620 5068 (α)
658 5004 804 5079 Addit
827 5007 955 5079 idem
974 5009 1374 5076 Burdegalensis,
1405 5034 1427 5064 tt
1450 5019 1513 5068 ab
1534 5019 1759 5071 Adventu
1800 5024 2066 5079 Salvator-is

482 5066 641 5138 usque
663 5066 724 5114 ad
748 5075 957 5118 nostram
980 5066 1195 5138 aetatem,
1207 5093 1229 5138 ρ
1245 5066 1424 5138 (ιιιξιίὶα
1444 5066 1630 5129 laudata
1649 5066 1764 5132 vlt—evil:
1775 5066 2064 5138 Piiéidiiéiii

486 5090 641 5126 uatluu
663 5090 724 5114 au
748 5090 957 5118 ntust-mm
980 5090 1229 5132 aemtemp
1279 5090 1355 5127 IIIP.
1374 5090 1424 5127 tu
1444 5090 1629 5129 laudata
1657 5090 1764 5132 heic
1775 5090 2064 5138 Przetatione

484 5127 637 5204 verba
649 5138 1036 5204 consequuntur,
1063 5132 1175 5183 Mox
1197 5090 1312 5204 inde
1332 5152 1419 5200 pro
1441 5140 1617 5191 deinde
1641 5142 1778 5204 legit.
1805 5146 2065 5200 Vaticanus

780 5186 978 5274 augens
1004 5186 1375 5274 A'proAcupierai,
1395 5186 1470 5252 vel
1479 5186 1778 5255 6561'
1809 5186 2064 5274 itiiﬁgiiii

484 5245 1133 5318 Martia'pteumjneasse‘pro

550 5306 1476 5389 ib)“EmistinMegalegsis‘ulentts‘pro
1507 5324 1735 5388 repletus,
1756 5334 1853 5379 tum
1875 5332 2064 5385 scalida

480 5371 825 5455 aromate;
843 5371 1454 5455 ξεειρῑψεγειίέηηυεάέί
1469 5371 2060 5455 «insidiantibus?

482 5439 533 5481 et
550 5433 702 5508 paulo
723 5444 831 5497 post
853 5433 1134 5508 languentes
1150 5455 1295 5508 aqua,
1316 5433 1935 5508 prieteimissaiibivvociila:

590 5446 701 5482 auto
723 5446 831 5497 post
853 5446 1130 5498 languentes
1150 5455 1295 5506 aqua,
1316 5446 1639 5508 praetermissa
1660 5446 1728 5502 ibi
1752 5446 1935 5503 vocula.
2044 5446 2053 5447 ί

548 5446 611 5561 ὃς)
627 5563 640 5579 ι
652 5495 1294 5579 idemmtmfasdesideriis
1304 5511 1562 5579 festua‘bat
1574 5510 1621 5558 in
1644 5510 1816 5575 frigido
1838 5528 2059 5579 corpore.

474 5553 538 5647 Et
552 5553 953 5647 'aithtenho‘tninem
977 5576 1151 5647 suum:
1181 5573 1286 5647 etc.‘
1304 5553 2062 5647 uag‘iﬁfgihie'digidttévbiéétil

458 5616 580 5727 dig.
608 5618 870 5730 bzlliebant
892 5634 911 5673 :
948 5622 1174 5689 plerique
1210 5616 1374 5679 autem
1409 5616 2061 5706 ohiit‘ééh’iji'c‘t’éb‘iuii'ﬁé

471 5692 528 5728 su
564 5694 637 5730 me
671 5696 766 5730 am.

471 5692 766 5742 suntgroam.

461 5733 768 5855 Cum
809 5744 1038 5800 Vaticano
1080 5748 1464 5813 Burdegalensis
1490 5754 1768 5820 increpante
1800 5776 1886 5826 pro
1907 5764 2059 5830 impe-

1744 377 1833 466 .S.
1876 376 2169 434 liiEl‘uONi
2185 378 2252 433 λιι
2298 381 2472 439 “TA.

3612 404 3627 449 ³-
3656 403 3760 461 180

2197 511 2404 568 exacto,
2435 503 2501 557 ad
2529 504 2802 563 Bethleem
2828 511 3078 580 oppidum
3103 511 3454 587 Hieronymus
3477 524 3754 588 remeavit.

2191 588 2279 641 ubi
2328 592 2558 658 prudens
2584 597 2785 652 animal
2814 599 2880 654 ad
2920 616 3158 673 praesepe
3189 604 3394 662 Domini
3417 622 3540 665 sese
3567 612 3759 670 obtulit

2190 693 2617 747 permansurum.
2644 686 2755 741 Bibl
2767 688 3026 745 iothecam
3052 708 3200 748 suam
3228 711 3385 766 quam
3413 697 3516 753 sibi
3545 701 3758 758 summo

2187 772 2362 828 srudio
2383 776 2493 845 ipse
2512 778 2838 848 condiderat,
2862 783 3123 852 clausam,
3139 793 3481 863 omniumque
3496 795 3754 855 librorum

2186 865 2491 933 orationes,
2518 884 2652 940 quas
2699 889 2835 942 pene
2875 881 3188 936 memoriter
3229 884 3530 952 retinebat,
3560 888 3752 947 iterum

2183 957 2447 1028 relegens,
2471 961 2612 1016 diem
2634 962 2878 1034 jejunans
2903 968 3132 1026 ducebat
3149 973 3214 1027 ad
3243 989 3544 1045 vesperam.
3570 979 3754 1039 Plures

2183 1049 2248 1102 ad
2294 1065 2414 1106 eum
2462 1052 2845 1124 Religiosorum
2866 1098 2882 1124 ,
2923 1061 3117 1129 quibus
3146 1064 3266 1119 vita:
3290 1067 3409 1136 eius
3439 1067 3754 1127 fama‘com-

2183 1150 2329 1213 perta
2356 1152 2492 1212 erat,
2524 1148 2767 1216 protinus
2790 1152 3163 1210 confluxerunt
3188 1173 3202 1209 :
3229 1155 3533 1230 bonumque
3561 1162 3752 1229 Docto-

2142 1298 2153 1304 _
2180 1248 2290 1287 rem
2321 1251 2481 1303 parvo
2508 1237 2683 1295 adhuc
2704 1241 2802 1296 sub
2823 1242 2891 1313 (c)
2918 1247 3129 1316 tugurio
3145 1249 3271 1303 boni
3287 1250 3643 1311 observavere
3666 1254 3751 1310 di-

2179 1324 2385 1395 scipuli.
2425 1326 2531 1383 Nec
2571 1331 2790 1386 multum
2833 1343 2950 1403 post
2994 1337 3240 1394 cellulam
3288 1340 3389 1397 sibi
3419 1343 3488 1398 ob
3512 1344 3751 1415 discipu-

2144 1413 2352 1486 .lorum
2383 1418 2612 1486 eopiam,
2641 1428 2696 1475 et
2721 1434 2941 1494 propter
2968 1423 3320 1496 frequentiam
3350 1413 3749 1493 adventantium

2177 1502 2243 1556 ad
2273 1502 2726 1565 Bethleemitieam
2754 1522 2980 1582 portam,
3011 1532 3131 1586 qua:
3155 1519 3220 1583 ad
3250 1520 3591 1580 Occidentem
3617 1542 3748 1583 con-

2145 1595 2352 1665 .Spicit,
2398 1607 2450 1652 et
2496 1601 2889 1669 egredientibus
2931 1606 2996 1661 ad
3042 1608 3469 1679 Septentrionem
3515 1618 3748 1689 videtur,

2178 1686 2450 1755 parvulum
2486 1688 2826 1748 habitationis
2852 1694 3099 1752 locellum
3126 1704 3445 1761 construxit.

2250 1775 2463 1832 Interim
2497 1778 2854 1854 Hieronymus
2880 1787 3004 1842 dum
3027 1791 3341 1848 eximiorum
3368 1796 3745 1868 Eremitarum,

2177 1865 2656 1943 Monachormnqne
2699 1875 2917 1935 humilia
2960 1882 3415 1957 subterraneaqne
3454 1865 3747 1964 peragrans

2177 1960 2471 2017 habitacula
2518 1969 2943 2038 contemplatur,
2988 1975 3232 2043 vitasque
3280 1993 3464 2036 eorum
3519 1960 3742 2053 supplici

2177 2064 2305 2106 voce
2332 2053 2630 2122 sciscitans,
2659 2060 3005 2133 scribensque
3035 2067 3311 2122 veritatem
3340 2073 3577 2140 exponit,
3606 2075 3746 2129 mul-

2177 2150 2331 2212 taque
2355 2144 2455 2199 alia
2483 2146 2677 2203 libellis
2705 2154 2852 2218 suis,
2882 2154 3233 2227 epistolisque
3255 2173 3354 2214 suo
3382 2161 3434 2216 in
3473 2162 3744 2220 Monaste—

2174 2232 2254 2286 rio
2293 2234 2580 2292 conficiens
2602 2239 2874 2307 edisserit;
2899 2242 3082 2299 beatus
3113 2246 3367 2304 Damasus
3395 2251 3649 2309 Romanae
3676 2254 3743 2327 (f)

2175 2321 2322 2377 urbis
2350 2323 2603 2382 Ecclesia:
2633 2329 3101 2399 eloquentissimus
3129 2335 3393 2402 Pontifex,
3423 2351 3479 2396 ut
3502 2345 3569 2397 ad
3596 2321 3743 2398 suam

2175 2410 2313 2467 idem
2343 2415 2596 2474 Romana:
2622 2420 2766 2476 urbis
2794 2422 3104 2491 Ecclesiam,
3130 2426 3196 2481 ad
3224 2430 3501 2485 scribenda
3528 2435 3744 2491 mitten-

2172 2505 2343 2579 daque
2370 2510 2637 2566 volumina
2664 2514 2883 2570 assiduo
2909 2532 3072 2586 opere
3101 2534 3205 2574 non
3231 2520 3532 2589 desisteret,
3558 2524 3744 2595 hujus-

2174 2600 2314 2653 modi
2343 2602 2518 2656 verbis
2544 2604 2858 2683 exhortatus
2881 2617 2984 2663 est.
3028 2610 3379 2668 Dilectissimo
3410 2614 3519 2670 lilio
3556 2615 3743 2672 Hiero—

2174 2705 2334 2760 nymo
2358 2690 2635 2748 Damasus.
2665 2694 3031 2753 Dormitantetn
3058 2710 3121 2766 te,
3146 2712 3195 2756 et
3218 2703 3367 2776 longo
3384 2706 3497 2775 jam
3524 2716 3744 2778 tempore

2173 2781 2412 2852 legentem
2456 2787 2623 2856 potius
2650 2804 2800 2854 quam
2841 2791 3153 2859 scribentem,
3198 2797 3575 2864 quiestiunculis
3601 2800 3744 2861 ad_te

2174 2872 2341 2927 missis
2383 2876 2601 2930 excitare
2645 2878 2871 2950 disposui
2898 2896 2918 2935 :
2948 2898 3049 2937 non
3076 2900 3173 2949 quo
3203 2885 3368 2956 legere
3396 2904 3497 2942 non
3522 2889 3737 2957 debeas,

2173 2964 2267 3017 hoc
2297 2965 2425 3018 enim
2452 2967 2605 3021 veluti
2622 2971 2916 3038 quotidiana
2944 2975 3052 3029 ciba
3067 2976 3224 3031 alitur
3243 2990 3289 3032 et
3319 2979 3597 3051 pinguescit
3628 2999 3743 3036 ora-

2173 3054 2242 3107 tio
2256 3072 2276 3118 ;
2298 3057 2386 3110 sed
2407 3059 2543 3127 quod
2563 3060 2789 3116 lectionis
2817 3065 3010 3136 fructus
3034 3068 3098 3121 sit
3123 3069 3234 3136 iste,
3258 3071 3307 3125 si
3334 3072 3540 3129 scribas.
3562 3073 3743 3143 Itaque

2173 3148 2408 3215 quoniam
2436 3159 2483 3203 et
2512 3150 2773 3208 tabellario
2798 3155 2867 3208 ad
2891 3166 2939 3211 te
2961 3159 3167 3215 remisso
3187 3201 3203 3227 ,
3235 3164 3406 3218 nullas
3435 3174 3483 3219 te
3498 3166 3616 3235 jam
3646 3169 3742 3222 ha-

2173 3237 2287 3293 bere
2330 3238 2584 3308 Epistolas
2623 3244 2832 3311 dixisti,
2871 3251 3091 3320 exceptis
3116 3252 3193 3306 Itis
3217 3270 3343 3323 quas
3364 3257 3415 3309 in
3443 3273 3610 3313 eremo
3641 3258 3743 3312 ali-

2173 3329 2374 3399 quando
2416 3332 2727 3400 dictaveras,
2756 3352 2979 3408 quasque
3020 3349 3125 3395 tota
3165 3345 3405 3401 aviditate
3444 3347 3546 3417 legi
3594 3360 3745 3419 atque

2152 3421 2371 3499 scripsi,
2397 3421 2471 3493 (g)
2500 3433 2546 3477 et
2573 3425 2707 3479 ultro
2736 3428 2989 3496 pollicitus
3013 3448 3085 3496 es,
3106 3435 3306 3502 furtivis
3333 3438 3550 3492 noctium
3575 3441 3743 3507 operi-

2173 3510 2262 3567 bus
2289 3515 2484 3585 aliquas
2521 3517 2566 3570 si
2608 3518 2755 3601 velim
2796 3538 2941 3589 posse
2963 3522 3155 3580 dictare
3180 3541 3201 3581 :
3224 3525 3431 3583 libenter
3455 3532 3650 3601 accipio
3679 3532 3741 3585 ab

2173 3602 2431 3672 o/Iercnte,
2475 3607 2611 3673 quod
2651 3598 2831 3681 ’ὕφανε
2871 3613 3145 3680 volueram,
3198 3618 3349 3671 etiam
3396 3620 3439 3673 si
3485 3598 3738 3691 negasses.

2175 3694 2352 3767 Neque
2377 3701 2508 3751 enim
2537 3699 2695 3754 ullam
2726 3712 2848 3772 puto
2874 3704 3150 3775 digniorem
3178 3708 3536 3775 disputationis
3558 3723 3745 3769 nostra:

2170 3788 2625 3859 confabulationem
2655 3794 2766 3863 [ore
2783 3833 2798 3857 ,
2825 3810 2976 3865 quant
3004 3805 3059 3850 ut
3087 3798 3149 3851 de
3176 3798 3455 3869 Scripturis
3493 3804 3623 3858 inter
3651 3822 3741 3860 nos

2170 3880 2594 3947 sermocinemur,
2626 3883 2681 3936 id
2710 3893 2783 3938 est
2802 3924 2819 3953 ,
2863 3894 2917 3941 ut
2958 3903 3048 3958 ego
3076 3889 3413 3961 interrogem,
3447 3902 3501 3947 tu
3529 3910 3740 3963 respon-

2170 3971 2427 4047 deasﬂqua
2454 3974 2553 4026 vita
2575 3973 2705 4029 nihil
2729 3975 2781 4030 in
2811 3976 2907 4030 hac
2936 3977 3045 4031 luce
3071 3990 3192 4049 puta
3211 3983 3513 4053 jucundius,
3536 3985 3616 4054 (lt)
3642 4002 3740 4053 quo

2169 4065 2353 4118 anima:
2380 4065 2565 4136 pabulo
2595 4068 2766 4121 omnia
2792 4070 2942 4127 mella
2967 4083 3289 4142 superantur.
3317 4074 3485 4142 Quam
3527 4076 3699 4131 dulcia
3719 4119 3737 4144 ,

2170 4157 2328 4227 inquit
2357 4155 2616 4225 Propheta
2634 4199 2647 4220 ,
2675 4161 2876 4228 gutturi
2904 4176 3024 4215 meo
3052 4162 3259 4233 eloquia
3291 4165 3407 4218 tua!
3449 4181 3611 4235 super
3634 4168 3739 4223 mel

2168 4248 2250 4301 ori
2278 4262 2417 4303 meo.
2471 4248 2609 4303 Nam
2632 4266 2747 4304 cum
2773 4251 2962 4308 idcirco
2982 4295 2997 4318 ,
3024 4264 3079 4307 ut
3109 4256 3180 4307 ait
3209 4257 3499 4326 prwcipuus
3529 4257 3736 4323 Orator,

2169 4338 2394 4394 homines
2416 4357 2449 4393 a
2474 4339 2643 4395 bestiis
2681 4341 2975 4409 differamus
2995 4386 3008 4410 ,
3056 4346 3193 4416 quod
3241 4348 3380 4419 loqui
3427 4365 3693 4418 possumus
3717 4366 3737 4407 :

2166 4447 2267 4500 qua
2294 4428 2446 4485 laude
2472 4432 2655 4500 dignus
2683 4443 2790 4499 est,
2836 4436 2924 4506 qui
2948 4436 3000 4489 in
3028 4452 3086 4490 ea
3112 4454 3168 4491 re
3190 4450 3395 4494 crateras
3419 4449 3654 4510 superat,
3688 4442 3739 4495 iu

2148 4528 2266 4593 'qua
2309 4523 2536 4577 homines
2576 4523 2742 4579 bestiis
2784 4528 3135 4583 antecellunt?
3183 4530 3454 4600 Accingere
3497 4531 3656 4601 igitur
3697 4542 3741 4587 et

2170 4614 2292 4668 mihi
2343 4631 2456 4685 qua:
2500 4614 2724 4685 subjecta
2771 4628 2889 4672 sunt
2932 4618 3184 4687 edissere,
3232 4636 3438 4676 servans
3482 4622 3744 4691 utrobique

2169 4705 2511 4770 moderamen,
2533 4715 2692 4759 utnec
2712 4710 2974 4777 proposita
3003 4708 3304 4772 solutionem
3340 4710 3404 4781 (i)
3434 4711 3737 4779 desiderent,

2169 4812 2259 4851 nec
2285 4796 2518 4870 Epistula
2545 4797 2857 4874 brevitatem.
2882 4798 3072 4852 Fateor
3095 4801 3283 4872 quippe
3310 4803 3418 4865 tibi,
3441 4802 3561 4878 quia
3589 4800 3742 4859 libros

2237 5018 2710 5152 (ellBurdegalensis
2749 5040 2836 5091 sub
2855 5040 3116 5114 tuguriolo.
3138 5042 3290 5116 Paulo
3314 5049 3422 5105 post
3440 5042 3537 5092 duo
3559 5040 3639 5092 alii
3664 5055 3745 5105 pec

2237 5116 2257 5149 s
2327 5104 2603 5151 artianazum
2631 5120 2655 5148 ι
2675 5102 2732 5151 ad
2753 5102 3069 5152 Occrdentem
3093 5113 3306 5152 resntctt.
3334 5122 3357 5149 ιο

2167 5114 2257 5150 nes
2280 5102 2603 5152 Martianaéum
2631 5120 2655 5148 ι
2675 5102 2732 5151 ad
2753 5102 3069 5153 Occidentem
3093 5102 3357 5167 respicit.)
3632 5165 3643 5176 .
3664 5102 3677 5105 “

2236 5161 2297 5235 (ί)
2343 5163 2541 5235 Rectius
2558 5233 2566 5235 4
2582 5165 2629 5212 in
2651 5163 2884 5235 Vaticano
2903 5165 3020 5214 urbs
3046 5168 3298 5235 reticetur.
3319 5166 3541 5215 Habetur
3563 5163 3741 5214 demde

2165 5223 2484 5294 negligentem
2513 5236 2530 5272 :
2556 5233 2657 5294 tum
2677 5223 2740 5279 ab
2762 5225 2961 5294 rqnisso
2985 5238 3072 5294 pro
3106 5233 3169 5294 te.
3194 5250 3203 5255 ι

2254 5285 3739 5368 (³)έΝέτὲίέο-ίῗξίῗξξξἮΒΨὲἓὲἓέῗίῖῗξε-,ἱξέείῖἷεῗέο¹.¹.ίξῖἔὲἓ

2168 5347 2249 5405 es,
2279 5347 2333 5398 ut
2369 5347 2807 5416 furtivisﬂnoctium
2852 5347 3289 5416 operibusjtltquas
3309 5352 3349 5398 si
3370 5347 3546 5416 velles,
3574 5360 3741 5416 posses

2164 5411 2367 5466 dictare,
2388 5424 2412 5453 ι
2449 5416 2542 5456 etc.
2568 5405 2824 5456 Vaticanus
2845 5405 2989 5518 tepro
3017 5416 3067 5458 ut
3090 5405 3254 5465 habet,
3295 5418 3345 5458 et
3367 5409 3410 5458 si
3432 5405 3549 5459 velis

2080 5464 2087 5467 ’
2237 5469 2302 5518 ΙΙιὶ
2345 5470 2396 5518 In
2418 5467 2650 5516 Vaticano
2673 5481 2765 5518 auo
2801 5482 2891 5518 eun
2911 5483 2941 5518 ο
2974 5477 3175 5518 tantum.
3217 5470 3329 5518 Mox
3361 5483 3486 5518 unus
3504 5469 3736 5518 Burdtam

2237 5469 2302 5542 (It)
2345 5467 2941 5543 ln'yatieano'quo’epulo
2974 5470 3343 5543 ιεξιιιιιιιι.“ᾈ1‹›ιε⁸
3361 5483 3486 5543 unus
3504 5467 3740 5543 Burdiga-

2166 5527 2320 5580 letisis
2349 5549 2371 5576 α
2394 5531 2551 5602 Super
2574 5527 2755 5602 mel—et
2774 5527 2930 5602 {avum
2949 5534 3025 5602 ori
3040 5544 3167 5579 nteo.
3193 5530 3311 5602 liam
3331 5532 3592 5602 idcirco,ut
3611 5527 3733 5602 3.?th

2165 5593 2425 5642 Vaticanus
2450 5588 2475 5635 ά
2494 5588 2615 5637 Nam
2636 5590 2678 5639 si
2710 5591 2902 5654 idcirco,
2928 5610 2951 5639 ιο
2982 5598 3034 5642 et
3049 5605 3163 5642 mox
3185 5591 3452 5656 differimus
3481 5588 3571 5655 pro
3608 5592 3744 5671 dini:-

2164 5666 2346 5703 ramus.

2229 5713 2289 5775 (i)
2314 5712 2456 5786 alter
2477 5710 2700 5786 Regium,
2719 5714 3110 5786 desiderantum
3128 5715 3284 5786 soluta
3305 5715 3598 5786 brevitatem.
3619 5715 3741 5786 :l'um

2168 5772 2694 5841 tttttts_Burdtrgztlttttsis
2715 5776 2829 5837 quia
2850 5775 3070 5841 It‘pt'slolw
3090 5776 3195 5838 ejus
3217 5778 3403 5840 absque
3425 5797 3476 5829 τῶ
3498 5777 3741 5841 plurimm

2167 5836 2419 5887 Manifesta
2440 5835 2611 5887 menda
2633 5835 3064 5899 prieterutittimus.
