4052 6338
370 303 403 324 ο

246 368 338 427 181

245 497 361 552 quos
386 477 514 533 mihi
541 478 604 533 de
630 477 733 546 ﬁae
759 474 1008 530 Lactantii
1037 475 1270 540 dederas,
1302 474 1416 529 ideo
1457 491 1558 528 non
1603 474 1812 528 libenter

228 572 383 642 ,lego‘,
408 568 531 633 quia
560 563 795 637 plurimas
823 564 1073 637 Epistolis:
1097 567 1207 635 ejus
1234 581 1390 632 usque
1412 564 1480 617 ad
1518 564 1656 617 mille
1700 579 1814 616 ver-

230 677 381 722 ;suum
400 657 884 729 spatiatenduntur,
912 667 958 711 et
979 672 1099 711 raro
1121 657 1371 711 de-nostro
1387 656 1623 727 dogmate
1637 655 1815 724 dispu-

242 759 348 806 tat:
373 766 470 820 quo
498 749 580 819 fit,
611 758 667 802 ut
692 757 738 803 et
766 747 953 819 legenti
978 748 1241 818 fastidium
1271 755 1470 818 generet
1511 745 1814 817 longitudo;

245 851 287 896 et
313 841 353 895 si
376 855 475 910 qua
501 839 672 894 brevia
692 846 828 904 sunt,
851 837 1164 893 scholasticis
1193 838 1352 909 magis
1375 847 1492 890 sunt
1517 848 1640 906 apta
1663 852 1815 906 quam

243 933 396 986 nobis.
418 929 502 986 De
545 930 741 997 metris,
758 938 818 985 .et
844 928 1112 1001 regionum
1136 926 1241 985 situ
1264 939 1313 985 et
1338 928 1669 1001 Philosopltis
1702 929 1813 983 dis-

245 1033 444 1095 putans.
592 1066 596 1073 .
809 1051 813 1054 ν
1593 1072 1597 1076 .

234 1158 241 1165 .
308 1113 442 1183 Quid
467 1114 572 1169 sibi
594 1113 707 1169 vult
732 1111 875 1185 quod
897 1113 950 1169 in
976 1112 1174 1170 Genesi
1199 1114 1454 1183 scriptum
1483 1122 1566 1169 est
1595 1131 1608 1168 :
1636 1113 1816 1169 Omnis

212 1252 215 1255 λ
243 1205 325 1275 qui
350 1204 590 1263 occiderit
630 1204 755 1260 Cain
774 1246 791 1273 ,
830 1214 1020 1276 septem
1058 1205 1302 1260 vindictas
1342 1206 1523 1263 solvet.
1561 1206 1665 1262 Sed
1692 1214 1748 1260 et
1771 1206 1817 1261 si

238 1296 412 1351 omnia
442 1295 570 1353 fecit
596 1296 736 1353 Deus
774 1296 911 1353 bona
937 1295 1123 1363 valde,
1154 1311 1318 1366 quare
1343 1296 1408 1351 ad
1434 1295 1548 1351 Noe
1569 1296 1639 1351 de
1659 1310 1817 1353 mun-

243 1386 321 1441 dis
341 1396 394 1441 et
417 1386 707 1444 immundis
725 1387 1044 1445 animalibus
1065 1386 1302 1453 mandat,
1334 1399 1457 1442 cum
1485 1385 1814 1442 immundum

236 1477 365 1533 nihil
414 1478 616 1534 bonum
665 1492 785 1535 esse
827 1478 1035 1548 possin?
1090 1477 1159 1533 Et
1206 1476 1259 1533 in
1293 1492 1432 1533 novo
1474 1478 1817 1534 Testamento

244 1583 357 1643 post.
400 1572 662 1628 visionem
719 1588 838 1644 quae
883 1573 1041 1628 Petro
1091 1571 1261 1628 fuerat
1302 1581 1517 1629 ostensa
1562 1572 1759 1628 dicenti
1800 1588 1815 1625 :

242 1666 376 1720 Absit
394 1706 409 1730 ,
436 1664 655 1720 Domine
672 1705 688 1731 ,
717 1666 838 1737 quia
861 1681 1120 1731 commune
1140 1675 1186 1730 et
1215 1666 1529 1720 immundum
1555 1680 1816 1737 nunquam

241 1756 457 1810 introivit
488 1756 548 1815 in
575 1772 633 1810 os
676 1771 841 1810 meum
863 1797 881 1822 ,
922 1771 1024 1810 vox
1055 1754 1123 1811 de
1151 1755 1291 1811 cmlo
1319 1756 1630 1825 resitondit:
1668 1754 1819 1823 Quod

246 1848 489 1903 Dominus
533 1846 669 1903 Deus
684 1847 942 1903 mandavit
966 1847 1062 1919 (a),
1087 1856 1206 1901 tunc
1233 1863 1496 1901 commune
1518 1863 1581 1901 ne
1607 1847 1814 1902 dixeris.

306 1945 415 2000 Cur
470 1943 616 2001 Deus
667 1944 736 1999 ad
793 1942 1347 2013 Abrahamloquitur
1399 1941 1627 2008 dicens,
1675 1940 1819 2010 quod

240 2043 421 2105 quarta
448 2035 703 2105 progenie
740 2035 834 2090 lilii
861 2033 1020 2091 Israel
1061 2035 1128 2092 de
1164 2034 1400 2108 Egypto
1426 2042 1617 2091 asent
1642 2048 1821 2090 rever-

243 2127 345 2185 suri
380 2137 473 2201 ;et
508 2137 695 2199 postea
725 2128 936 2200 Moyses
960 2120 1171 2199 scripsit
1202 2146 1214 2181 :
1250 2128 1438 2195 Quinta
1465 2137 1632 2181 atatem
1666 2141 1819 2196 gene-

242 2219 430 2273 ratione
486 2218 573 2274 vel
636 2220 875 2291 progenie
922 2219 1148 2291 e.vierunt
1200 2219 1294 2287 ﬁlii
1355 2215 1522 2271 Israel
1544 2270 1548 2275 ,
1573 2217 1638 2270 de
1688 2225 1823 2269 terra

242 2306 477 2380 JEgypli.
526 2284 679 2376 Quod
718 2284 905 2380 utique
947 2284 1055 2364 nisi
1087 2284 1676 2376 ertponatur.<videtur
1703 2319 1824 2360 esse

242 2398 583 2455 contrarium.
647 2399 757 2454 Cur
804 2398 1074 2454 Abraham
1124 2398 1336 2468 signum
1386 2395 1824 2461 Circumcisionis

240 2491 512 2560 suscepit?
542 2490 650 2552 Cur
682 2490 830 2546 lsaac
849 2490 1023 2558 justus
1042 2498 1095 2543 et
1127 2488 1237 2547 Deo
1264 2502 1454 2555 carus,
1482 2486 1695 2542 non-illi
1739 2486 1825 2541 cui

242 2581 426 2647 Voluit,
449 2581 548 2636 sed
571 2581 657 2636 cui
686 2581 858 2635 noluit
883 2579 1139 2650 deceptus
1165 2594 1350 2634 errore
1377 2578 1685 2637 benedixit?
1772 2636 1779 2640 ,

300 2675 464 2730 Nunc
492 2673 687 2745 quibus
711 2674 928 2728 ausibus
956 2671 1028 2745 (b)
1055 2671 1371 2742 quantisque
1390 2671 1659 2726 laboribus
1678 2670 1824 2726 solus

242 2766 478 2825 otuuium
524 2763 888 2818 Romanorum
934 2762 1328 2839 Hieronymus,
1376 2760 1687 2816 Hebraicam
1718 2761 1823 2815 lina

244 2872 394 2926 gnam
455 2855 792 2924 litterasque,
828 2853 933 2908 imo
971 2851 1307 2908 Chaldaicam
1355 2852 1587 2922 linguam
1616 2849 1822 2906 didice-

243 2948 343 3011 rit,
386 2946 527 3002 sicut
569 2945 684 3015 ipse
721 2943 1022 3015 perhibuit,
1069 2941 1488 2997 subnectendum
1517 2949 1641 2997 est:
1686 2940 1825 2996 Dum

248 3056 433 3107 essem,
466 3037 671 3108 inquit,
689 3037 923 3108 juvenis,
953 3047 1000 3091 et
1021 3035 1312 3090 solitudinis
1340 3051 1417 3090 me
1438 3034 1635 3090 deserta
1658 3033 1822 3089 valla-

250 3143 350 3185 rent
369 3172 384 3199 ,
410 3129 662 3185 incentiva
695 3129 930 3189 vitiorum
952 3169 969 3195 ,
998 3127 1333 3197 ardoremque
1367 3126 1439 3197 (c)
1468 3134 1670 3183 natum
1691 3130 1824 3195 ferre

251 3240 345 3277 non
385 3232 616 3294 poteram
666 3220 760 3291 (al.
806 3217 976 3292 ([1103);
1016 3235 1160 3290 quem
1189 3234 1343 3287 quum
1388 3217 1575 3272 crebris
1608 3217 1825 3287 jejuniis

252 3316 560 3387 frangerem,
607 3328 746 3365 mens
799 3320 963 3367 tatnen
1008 3308 1411 3381 cogitationibus.
1434 3306 1697 3383 aestuabat.
1744 3305 1826 3360 Ad

251 3422 389 3475 quem
417 3403 777 3467 edomandam,
810 3402 1012 3457 cuidam
1050 3400 1217 3473 fratri,
1248 3401 1335 3471 qui
1361 3417 1425 3456 ea:
1448 3399 1677 3455 Hebreis
1713 3415 1826 3455 cre-

253 3497 474 3564 diderat,
504 3513 583 3551 me
623 3496 676 3548 in
716 3492 1024 3562 discipulum
1060 3491 1179 3546 dedi
1211 3507 1229 3545 :
1268 3500 1323 3545 ut
1365 3499 1478 3562 post
1521 3490 1827 3558 Quintiliani

254 3589 480 3642 acumina
500 3630 518 3655 ,
557 3585 813 3643 Ciceronis
835 3584 1045 3656 fluvium
1064 3624 1079 3651 ,
1107 3583 1496 3654 gravitatemque
1523 3582 1821 3647 Frontonis,

255 3689 297 3733 et
341 3680 593 3734 lenitatem
642 3676 843 3742 Plinii,
893 3675 1217 3745 alphabetum
1257 3676 1530 3740 discerem,
1564 3673 1829 3728 stridentia

254 3770 635 3840 anhelantiaque
662 3768 810 3823 verba
834 3767 1125 3822 nteditarer.
1157 3765 1294 3831 Quid
1323 3766 1391 3820 ibi
1427 3765 1613 3820 laboris
1641 3765 1720 3837 (tl)
1749 3765 1828 3819 in-

253 3861 564 3931 sumpserim,
585 3860 709 3933 quid
734 3858 1057 3914 sustinuerim
1079 3856 1406 3927 difﬁcultatis,
1437 3856 1629 3926 quoties
1650 3855 1829 3924 despe-

256 3952 469 4005 raverim
492 3992 508 4016 ,
536 3952 825 4024 quotiesque
863 3948 1195 4011 cessaverim,
1241 3948 1380 4001 testis
1406 3955 1477 4000 est
1522 3945 1828 4000 conscientia

255 4059 384 4110 utea,
410 4044 498 4115 qui
521 4060 699 4115 passus
723 4059 856 4111 sum,
887 4057 1037 4111 quam
1061 4055 1233 4094 eorum
1256 4039 1345 4111 qui
1360 4054 1554 4101 mecum
1576 4037 1830 4091 duxerunt

254 4137 424 4193 vitam.
455 4135 520 4190 Et
546 4136 737 4210 gratias
775 4133 885 4189 Deo
904 4176 921 4199 ,
949 4132 1083 4202 quod
1108 4131 1172 4185 de
1205 4146 1383 4184 amaro
1411 4129 1600 4184 semine
1631 4129 1829 4183 littera-

254 4244 384 4294 rum,
415 4228 585 4281 dulces
606 4226 799 4297 fructus
826 4225 993 4295 capio.
1022 4223 1190 4278 Porro
1210 4222 1401 4276 librum
1430 4219 1531 4276 Job
1557 4218 1832 4274 Hebraicis

254 4319 463 4388 qui-lem
509 4319 722 4387 litteris,
770 4316 864 4372 sed
906 4314 1191 4372 Chaldaieo
1219 4312 1287 4387 (ε)
1321 4299 1831 4383 ψιὶιιρὴι’δειήιοηθ

255 4413 646 4483 conscriptum,
680 4410 1185 4482 cumllieronymus
1215 4416 1449 4462 verteret
1476 4407 1528 4460 in
1560 4405 1828 4469 Latinum,

257 4502 391 4561 hunc
417 4506 508 4575 qui
543 4502 728 4560 subter
767 4501 1004 4559 adnexus
1041 4508 1156 4567 est,
1197 4497 1382 4553 habuit
1405 4507 1828 4568 praeceptorem:

259 4596 465 4652 Memini
495 4613 575 4651 me
595 4636 609 4661 ,
635 4596 824 4665 inquit,
855 4595 916 4649 ab
945 4592 1329 4663 intelligentiam
1356 4590 1510 4661 hujus
1537 4589 1828 4655 voluminis,

256 4687 504 4745 Liddeum
544 4691 815 4760 quemdam
861 4697 1252 4758 prleceptorem,
1283 4685 1369 4756 qui
1411 4682 1552 4755 apud
1592 4681 1833 4737 Hebra'os

319 4825 389 4889 (a)
423 4825 541 4889 Mss.
566 4824 719 4876 nostri
742 4815 1565 4889 omnesttt_ne_commune_di1e_ris.

317 4876 387 4949 (bi
419 4887 685 4949 Vaticanus
697 4883 920 4949 quibusve
936 4882 1173 4949 laboribus
1189 4893 1205 4931 :
1224 4889 1323 4949 tum
1336 4878 1715 4949 junctis-duobus
1728 4876 1834 4927 aliis

256 4940 472 5019 litigium,
502 4940 791 5019 Hebr-algam
821 4946 1031 5017 linguam
1067 4940 1702 5019 didiqerit,’prartermissis
1723 4953 1834 5019 quae

257 5002 631 5074 intiirser'untur,
656 5002 949 5074 litterasqiie,
972 5002 1391 5074 intot‘ltaldaicam
1414 5002 1644 5074 linguam.

317 5074 403 5136 (ε)
423 5072 527 5122 Vox
546 5061 736 5136 natura:
757 5061 1024 5136 aVaticano
1047 5066 1389 5136 nonnullisquc
1412 5061 1831 5136 aliisﬁsszabest.

258 5124 382 5183 Tum
397 5135 549 5184 habet
574 5132 678 5193 ille,
715 5150 737 5178 ι
759 5132 829 5180 Ad
853 5144 1001 5193 quem
1025 5124 1397 5187 emendandum,
1422 5125 1614 5175 cuidam
1635 5124 1830 5175 fratri...

257 5209 404 5260 metu
429 5194 727 5260 disciplinam
749 5193 923 5242 (καί-ι’
993 5253 1003 5260 .
1110 5251 1152 5260 _
1436 5248 1476 5260 -ρ
1511 5249 1543 5260 .-

316 5258 393 5319 (d)
427 5248 743 5322 Corb'eieusis
761 5253 1072 5322 susceperim.
1110 5251 1235 5322 Tum
1271 5249 1401 5322 addit
1436 5248 1695 5317 Vaticanus
1725 5251 1835 5309 post

257 5311 558 5380 cessdterim,
576 5318 764 5377 islhtBC,
788 5322 832 5366 et
855 5311 1144 5371 cantcntimte
1165 5311 1389 5380 discendi
1408 5323 1602 5380 rursum
1626 5311 1833 5380 incorpo-

257 5379 389 5432 rim:
420 5373 855 5444 «sequiturtestis
900 5383 976 5444 est
1015 5375 1307 5444 conscientia
1345 5373 1459 5437 quid
1504 5384 1682 5444 passus
1714 5373 1831 5441 sim,

291 5457 402 5493 uem
427 5438 601 5492 eorum
620 5441 703 5503 qui
726 5452 917 5503 mecum
947 5439 1193 5487 duxerunt
1217 5438 1626 5503 vitatn;_§ustinui
1657 5438 1777 5503 scio.
1803 5448 1826 5503 ξ

301 5491 346 5554 lii
369 5491 484 5555 iss.
511 5491 802 5553 (vincientia
823 5507 919 5548 tam
940 5512 1066 5559 mea,
1091 5511 1253 5559 quam.
1279 5491 1384 5546 etcf
1401 5496 1511 5545 Mox
1550 5494 1725 5544 librum
1746 5491 1833 5542 Job

261 5578 340 5628 pro
366 5563 576 5616 venietis
601 5577 664 5613 ex
688 5562 843 5628 altero
865 5561 1070 5628 Regina:
1092 5560 1184 5609 Ms.
1208 5559 1561 5628 substituimus.

266 5616 272 5659 ῗ
317 5630 384 5691 (e)
417 5628 636 5691 Alteram
657 5616 1091 5691 quidemyofuhm
1131 5622 1316 5691 rectius
1334 5618 1553 5691 ﬁeginio
1574 5617 1689 5667 Mss.
1716 5616 1833 5687 reli-

256 5679 403 5741 ccut':
428 5689 632 5750 deinde,
651 5679 818 5748 functo
839 5682 1089 5750 Vaticano,
1112 5679 1296 5750 peritus
1326 5679 1590 5750 habebatur
1624 5692 1710 5741 pro
1734 5679 1835 5750 pri—

256 5764 356 5801 mas
381 5753 575 5813 legunt.
609 5741 839 5813 Denique
863 5741 1403 5813 unus.Btﬂuzilegaleusis,
1434 5759 1457 5790 ι
1477 5741 1582 5793 Non
1618 5741 1833 5804 potuisse

256 5826 329 5866 ωυ
350 5803 496 5876 inti?”
515 5812 684 5870 rotari,
712 5803 800 5858 nisi
828 5806 952 5870 quod
976 5803 1335 5856 izitcllcxcrattt.
1362 5820 1410 5846 ι.

1504 362 1560 418 S.
1604 358 1980 417 HIERONYXH
2021 360 2197 417 VITA.

3386 366 3492 435 182

1920 475 2112 544 primus
2151 475 2457 540 habebatur,
2504 490 2605 530 non
2646 474 2815 544 parvis
2848 476 3116 533 redemisse
3151 464 3388 538 nuntmis.
3432 483 3498 540 Si

1919 567 2029 635 ejus
2057 566 2287 621 doctrina
2329 567 2525 638 aliquid
2565 571 2894 639 profecerim,
2940 574 3106 627 nescio
3140 588 3158 628 :
3201 574 3298 629 hac
3333 566 3495 630 unum
3565 616 3577 625 .

1920 658 2046 723 scio,
2078 674 2180 711 non
2206 660 2428 735 potuisse
2456 675 2534 715 me
2559 660 2655 714 nisi
2684 661 2822 733 quod
2839 673 2988 716 antea
3016 666 3385 734 intellexeram,
3412 654 3496 724 in?

1901 741 2207 817 'terpretari.
2231 748 2347 816 Quo
2368 763 2495 805 vero
2530 749 2716 806 labore
2741 751 3040 822 sudoreque
3064 736 3366 812 Chaldaeum
3395 759 3499 815 lin-

1910 852 2076 908 gnam
2107 836 2369 906 didicerit,
2401 840 2541 896 idem
2573 840 2923 913 Hieronymus
2952 844 3023 897 ita
3048 846 3306 910 scribens,
3335 858 3496 919 atque

1921 928 2208 986 adlirmans
2227 930 2373 987 dicit.
2404 930 2516 1003 Ego
2542 934 2951 989 adolescentulus
2973 945 3086 1007 post
3117 936 3423 1009 Quintiliani
3448 950 3497 995 et

1925 1020 2083 1076 Tullii
2108 1022 2367 1078 lectionem
2390 1042 2451 1107 ac
2468 1026 2622 1095 flores
2642 1026 2962 1095 Ritetoricas,
2986 1044 3100 1084 cum
3127 1047 3205 1085 me
3228 1032 3282 1085 in
3309 1032 3500 1104 lingua

1923 1113 2077 1183 hujus
2098 1115 2367 1184 pistrinum
2397 1117 2735 1185 reclusissem,
2762 1128 2809 1173 et
2848 1120 3008 1174 multo
3034 1120 3219 1176 sudore
3242 1123 3500 1193 multoque

1898 1210 2146 1271 .‘tempare
2180 1206 2439 1276 capissem
2464 1209 2757 1264 anlielantia
2793 1210 3156 1281 stridentiaque
3185 1212 3332 1268 verba
3359 1229 3500 1269 reso-

1914 1302 2062 1358 ‘nare,
2093 1306 2141 1350 et
2177 1298 2325 1365 quasi
2357 1315 2447 1369 per
2482 1311 2714 1370 cryptam
2752 1301 3016 1357 ambulans
3034 1344 3049 1371 ,
3080 1320 3254 1358 rarum
3284 1304 3497 1377 desuper

1923 1385 2090 1441 lumen
2136 1391 2394 1458 aspicere,
2446 1392 2634 1463 impegi
2678 1393 2947 1449 novissime
2989 1395 3043 1449 in
3089 1393 3355 1451 Danielem
3378 1436 3397 1462 ,
3449 1405 3499 1451 et

1921 1487 2060 1535 tanto
2090 1482 2239 1536 ttedio
2265 1482 2476 1550 affectus
2503 1501 2636 1552 sum,
2660 1495 2714 1541 ut
2734 1487 3082 1557 desperatione
3100 1478 3273 1545 subita
3296 1504 3496 1544 omnem

1922 1583 2134 1629 veterem
2175 1574 2397 1630 laborem
2438 1577 2676 1632 voluerim
2706 1589 3040 1634 contemnere.
3091 1579 3275 1634 Verum
3309 1580 3501 1635 adhor-

1923 1673 2062 1720 tante
2089 1664 2159 1738 (f)
2188 1682 2269 1720 me
2297 1667 2405 1722 viro
2438 1666 2671 1734 Hebraeo,
2692 1681 2739 1725 et
2764 1669 2895 1724 illud
2920 1671 3046 1725 mihi
3073 1687 3166 1726 sua
3188 1671 3363 1742 lingua
3388 1687 3503 1726 cre-
3594 1734 3597 1737 Α

1924 1757 2061 1811 brius
2086 1757 2338 1828 ingerente
2357 1800 2370 1823 ,
2398 1759 2543 1813 labor
2567 1761 2736 1814 omnia
2760 1760 2910 1815 vincit
2936 1762 3224 1832 improbus,
3260 1763 3347 1832 qui
3376 1762 3502 1816 mihi

1918 1850 2126 1905 videbar
2163 1852 2349 1906 sciolus
2383 1853 2514 1907 inter
2536 1869 2650 1921 eos,
2698 1854 2826 1925 ccepi
2860 1870 3036 1908 rursus
3073 1854 3351 1923 discipulus
3395 1869 3503 1908 esse

1924 1942 2253 1999 Clialdaicus.
2285 1943 2350 1998 Et
2381 1955 2434 1999 ut
2478 1946 2642 2000 verius
2680 1946 2880 2017 fatear,
2923 1963 3075 2015 usque
3116 1947 3168 2001 in
3207 1956 3505 2018 prementem

1923 2034 2058 2089 diem
2101 2037 2263 2107 magis
2300 2054 2504 2107 possum
2552 2054 2831 2093 sermonem
2883 2039 3213 2094 Chaldaicum
3261 2041 3426 2111 legere
3453 2047 3501 2094 et

1925 2123 2240 2194 intelligere,
2272 2142 2421 2196 quant
2445 2143 2645 2181 sonare.
2676 2127 2871 2183 Christi
2903 2129 3080 2199 itaque
3117 2129 3280 2199 gratia
3311 2128 3499 2183 Hiero-

1927 2228 2119 2284 nymus
2157 2214 2314 2269 fidem
2344 2216 2602 2285 adeptus,
2639 2212 2933 2287 litterisque
2966 2218 3169 2273 Graecis
3203 2231 3266 2273 ac
3299 2217 3504 2272 Latinis

1925 2313 2084 2374 atque
2105 2304 2377 2360 Hebraicis
2399 2306 2610 2371 doctus,
2633 2317 2820 2362 cuncta
2842 2307 3184 2363 Hebraeorum
3210 2307 3503 2371 volumina,

1927 2411 2044 2466 qua:
2064 2395 2117 2450 in
2134 2396 2351 2452 Canone
2374 2398 2450 2469 (g)
2469 2398 2829 2464 continentur,
2857 2413 2922 2454 ex
2949 2400 3116 2455 veteri
3134 2398 3501 2465 Testamento,

1927 2500 2051 2542 vera
2085 2484 2327 2543 Edit'ioue
2352 2488 2405 2542 in
2425 2490 2651 2559 linguam
2679 2489 2917 2545 Latinam
2935 2491 3115 2556 vertit,
3135 2506 3303 2561 eaque
3324 2490 3504 2546 omnia

1927 2587 2317 2634 Commentatus
2340 2589 2442 2635 est.
2493 2581 2765 2636 Danielem
2794 2596 3007 2652 quoque
3049 2580 3339 2637 Chaldaico
3378 2595 3499 2637 ser-

1926 2683 2086 2724 mone
2126 2669 2358 2727 locutum
2382 2669 2624 2725 Romano
2656 2671 2799 2743 style
2840 2670 3144 2742 descripsit.
3186 2672 3504 2728 Psalterium

1925 2758 2169 2814 videlicet
2198 2759 2340 2831 quod
2365 2776 2396 2815 a
2420 2759 2689 2820 Sotl‘ronio
2706 2762 3023 2832 apostolatus
3050 2762 3407 2835 Hieronymus
3435 2778 3503 2818 ex

1928 2849 2153 2906 llebrmo
2178 2850 2395 2913 Canone
2420 2851 2608 2907 Latina
2637 2853 2998 2910 modulatione
3028 2855 3349 2918 canendum,
3382 2869 3507 2908 ver-

1929 2940 2055 2997 bum
2093 2941 2159 2997 ad
2208 2944 2429 2998 verbum
2466 2946 2747 3015 exposuit,
2787 2960 3017 3017 eumque
3055 2945 3287 3000 breviter
3333 2944 3506 3000 disse-

1926 3033 2034 3088 ruit
2067 3043 2122 3089 et
2160 3033 2577 3091 euchiridionem
2615 3036 2918 3107 appellavit.
2967 3035 3110 3090 Duos
3151 3035 3315 3091 libros
3350 3034 3510 3113 Salo-5

1928 3126 2101 3180 monis
2130 3126 2435 3195 explanavit
2464 3144 2478 3181 :
2506 3126 2724 3183 Cantica
2756 3143 2884 3183 vero
2926 3126 3264 3183 Canticorum
3290 3142 3357 3182 ex
3382 3126 3507 3184 Ori-

1927 3219 2076 3290 genis
2102 3220 2537 3290 interpretatione
2570 3236 2586 3277 :
2614 3221 2751 3277 sicut
2776 3229 2831 3277 et
2860 3220 2927 3276 de
2953 3220 3153 3292 Sp'ritu
3197 3218 3394 3277 Sancto
3424 3220 3510 3293 (Ii)

1930 3312 2135 3389 Didymi
2181 3311 2407 3368 videntis
2449 3311 2641 3369 librum
2691 3313 2742 3367 in
2788 3311 3028 3368 Latinam
3078 3312 3346 3369 transtulit
3399 3312 3507 3367 lin-

1927 3421 2107 3475 guam.
2142 3404 2373 3461 Mattluei
2413 3405 2757 3460 nihilominus
2796 3403 3143 3474 Evangelium
3170 3419 3237 3459 ex
3279 3403 3509 3459 Hebrteo

1929 3495 2055 3551 fecit
2090 3511 2208 3551 esse
2250 3495 2574 3561 Romanum;
2619 3494 2868 3565 quodque
2906 3494 3283 3566 compendiosa
3330 3496 3509 3565 potius

1928 3603 2085 3657 quam
2112 3587 2381 3642 fastidiosa
2408 3586 2778 3655 explanatione
2809 3585 3061 3641 studiosis
3102 3585 3387 3640 lectoribus
3425 3585 3511 3638 in-

1931 3686 2249 3748 terpretatus
2275 3686 2376 3734 est.
2400 3675 2678 3733 Sexdecim
2699 3691 2910 3747 quoque
2934 3675 3322 3745 Prophetarum
3352 3674 3509 3729 volu-

1929 3772 2071 3825 mina
2111 3784 2207 3824 seu
2244 3770 2491 3825 vaticinia
2536 3784 2566 3821 a
2610 3768 2757 3822 nullo
2796 3767 3114 3838 quandoque
3145 3768 3507 3823 Romanorum

1933 3861 2014 3916 vel
2039 3860 2346 3916 meminisse
2371 3861 2457 3915 vel
2494 3857 2729 3916 scribere
2767 3858 3048 3912 inchoasse
3076 3866 3311 3926 reperta,
3338 3855 3512 3911 disse-

1932 3956 2040 4009 ruit
2064 3962 2291 4023 quatuor
2315 3962 2369 4008 et
2389 3951 2720 4022 septuaginta
2743 3950 2893 4006 libris
2912 3949 3082 4004 editos
3106 3948 3509 4003 Commentatus

1886 4104 1893 4105 ,
1931 4056 2031 4100 est.
2066 4045 2351 4115 Plerasque
2390 4054 2646 4114 praeterea
2688 4041 2833 4095 Pauli
2864 4039 3164 4111 Epistolas,
3196 4046 3248 4094 ct
3288 4037 3512 4094 Joannis

1932 4136 2313 4192 revelationem
2340 4133 2610 4189 disseruit.
2656 4132 2800 4189 inter
2840 4130 2937 4185 has
2976 4129 3152 4200 itaque
3196 4142 3513 4184 numerosas

1934 4230 2110 4299 aperis
2137 4227 2216 4283 sui
2257 4228 2506 4298 paginas,
2526 4226 2635 4281 suis
2663 4225 2757 4297 (al.
2783 4220 3045 4296 universis)
3079 4223 3352 4276 universas
3379 4236 3515 4292 pra:-

1934 4321 2222 4377 fationibus
2275 4328 2629 4391 praenotatas,
2674 4319 2908 4390 quinque
2952 4329 3007 4373 et
3036 4324 3250 4372 centum
3298 4314 3512 4384 triginta

1935 4412 2181 4469 Virorum
2228 4412 2514 4491 Illustrium
2558 4410 2962 4466 Ecclesiasticos
3003 4407 3291 4475 scriptores
3327 4420 3356 4457 a
3387 4418 3515 4473 pas-

1935 4508 2087 4565 sione
2111 4506 2311 4562 Christi
2338 4519 2503 4575 usque
2530 4504 2598 4560 ad
2633 4511 2881 4574 quartum
2918 4499 3182 4554 decimum
3223 4495 3513 4551 Tlleoddsii

1936 4601 2274 4675 Imperatoris
2300 4613 2498 4653 annum
2519 4637 2536 4666 ,
2568 4578 2619 4650 in
2656 4593 2911 4650 ordinem.
2939 4590 3191 4660 digessit,
3222 4600 3515 4656 omnesque
3586 4670 3589 4673 Ἴ

1934 4696 2027 4766 qui
2065 4694 2131 4749 de
2162 4691 2455 4761 Scripturis
2490 4687 2690 4744 sanctis
2731 4682 3003 4755 memoriae
3042 4680 3239 4750 aliquid
3282 4677 3515 4761 tradide-

1937 4793 2100 4853 runt,
2143 4782 2375 4838 breviter
2411 4778 2675 4849 exposuit.
2725 4774 2919 4830 Verum
2947 4784 3002 4830 et
3040 4782 3226 4829 contra
3262 4769 3473 4829 Celsum
3495 4811 3513 4839 ,

1938 4876 2314 4949 Porphyrium,
2340 4882 2393 4928 et
2419 4871 2684 4929 lulianum
2722 4871 3017 4938 Augustum
3038 4908 3055 4935 ,
3084 4865 3301 4924 rabidos
3328 4863 3518 4919 adver-

1999 5057 2073 5121 (ί)
2089 5055 2145 5105 In
2155 5052 2286 5121 Bury
2293 5050 2524 5121 egalensi_
2534 5048 2697 5101 Virum
2714 5059 2826 5121 vero
2845 5044 3130 5121 qdltorumte
3138 5043 3417 5121 nebrqtqet

1934 5104 2080 5178 ηιὶὶῖῗ,
2096 5104 2099 5105 ν
2116 5124 2211 5167 etc.
2237 5104 2361 5165 Tum
2400 5112 2524 5178 coepi
2560 5124 2731 5178 rursus
2752 5108 3018 5178 discipulus
3038 5106 3149 5171 ﬁeri
3183 5104 3516 5178 cltaldaicus;

1936 5167 2288 5240 iuius'llegina:
2319 5182 2365 5225 et
2390 5167 2657 5238 discipulus
2691 5177 2848 5222 tacet:
2875 5169 2960 5221 ille
2983 5167 3092 5219 mox
3121 5169 3340 5235 praeterit
3364 5167 3514 5216 verba

1934 5249 1980 5292 et
2003 5240 2285 5292 intelliaere.
2712 5266 2717 5275 ι
3068 5266 3073 5271 —

1998 5242 2379 5367 igfiliigebm
2412 5296 2646 5367 canonice
2668 5266 2966 5367 continentur
2992 5266 3087 5367 {et
3108 5291 3250 5367 paulo
3274 5297 3513 5367 sum

1935 5352 2142 5428 Bé'g'i'uae
2163 5352 2318 5413 alter'o
2339 5352 2649 5428 teneltiridian
2680 5352 2954 5428 appellavit.
2993 5355 3085 5428 llic
3109 5352 3515 5428 'autemﬂsubsie-

1971 5416 2153 5486 uEntia,
2181 5432 2310 5486 Duas
2334 5422 2482 5486 libros
2502 5416 2762 5486 Salomonis
2802 5416 3097 5482 explanavit,
3134 5426 3332 5478 prorsus
3369 5416 3514 5461 omit-

1937 5484 2637 5552 tit:,i119'exelmnslesil-..
2727 5541 2738 5551 .
2793 5540 2840 5552 ..
2906 5538 2938 5552 ..
3036 5547 3045 5552 _

1998 5533 2217 5616 (1.311355
2226 5533 2438 5616 negatis
2453 5533 2529 5596 ea?
2539 5541 2739 5616 Didymi
2758 5538 2979 5616 ridentis,
2996 5547 3112 5616 sic:
3121 5533 3514 5616 Luggjgucaggs

2086 5594 2443 5672 Ιῖυῖἆὲὲέἶόυέί
2459 5594 2718 5672 έέεέὴάὲἅηι
2758 5594 3372 5672 τιαηιηιιεζΡῐρΡηέἒἮὲνκ
3410 5594 3510 5672 9k?-

1935 5654 2714 5738 Siliqiéiiﬁé’m‘ribésasinae
2737 5654 2941 5738 reperiri

1936 5714 2896 5796 Ξέιῖὲἱὶὶᾭιῡίἑῖιιᾘὶίἇιῖἒιίέέρἑιὶιῃίιίια;
2922 5714 3006 5774 alii
3029 5714 3193 5772 tamen
3225 5716 3329 5766 duo
3363 5714 3513 5769 verba

1942 5804 2141 5864 quatuor
2164 5802 2208 5846 et
2231 5794 2623 5861 prmtcrmiltunt.
3516 5810 3529 5816 -
