4052 6338
218 396 310 452 I85

214 521 536 580 magnopere
561 504 630 562 ad
654 505 772 577 ejus
799 504 1126 576 praeconium
1159 505 1499 578 pertinentia.
1530 506 1792 562 Rursum-

213 617 306 672 que
331 607 638 669 opportuna
667 597 894 668 plurima
931 597 1210 664 omisisse,
1241 607 1296 652 et
1322 613 1385 652 ea
1417 599 1648 659 maxime
1674 613 1794 668 qua:

211 696 271 748 ab
293 690 484 747 eodem
519 691 573 745 in
614 690 727 746 suis
768 689 1104 746 Tractatibus
1134 689 1348 757 tradita,
1394 690 1445 745 in
1473 690 1589 760 ejus
1636 691 1794 745 Festo

219 785 313 854 legi
359 797 602 852 congrua
648 781 982 836 videbantur.
1035 779 1165 836 lude
1208 780 1447 850 ejusdem
1480 789 1794 850 provocatus

213 876 470 945 exemplo,
494 875 585 946 qui
611 874 664 930 in
691 873 886 928 divinis
907 872 1277 929 Voluminibus
1303 887 1364 927 ea
1387 887 1506 944 qua:
1550 871 1618 926 ab
1642 871 1796 926 anti—

213 967 320 1039 quis
347 966 790 1022 Translatoribus
815 962 888 1035 (a)
921 963 1190 1035 superﬂue
1225 963 1367 1019 edita
1397 964 1603 1018 fuerant
1628 1004 1644 1030 ,
1673 978 1794 1017 atu-

213 1059 470 1133 putaverit
499 1075 512 1113 :
545 1072 666 1127 quae
688 1072 816 1112 vero
846 1057 1203 1127 prtetcrmissa
1237 1055 1474 1121 tradidit,
1503 1056 1614 1109 suis
1640 1055 1793 1111 rcSti-

213 1153 304 1208 tuit
324 1151 493 1208 locis:
525 1151 724 1206 tentavi
746 1160 800 1206 et
821 1163 940 1221 ego,
973 1150 1103 1206 licet
1133 1159 1191 1206 ut
1218 1149 1424 1206 meritis
1463 1147 1535 1202 ita
1567 1156 1620 1203 et
1646 1148 1790 1218 style

211 1247 362 1316 longe
385 1246 580 1314 impar,
611 1253 716 1298 tam
745 1259 812 1299 ex
833 1243 1049 1313 scriptis
1086 1241 1294 1313 praefati
1337 1241 1604 1306 Auctoris,
1632 1256 1790 1311 quam

209 1353 270 1392 ex
331 1336 506 1391 sacris
575 1335 800 1389 aliorum
876 1335 1196 1391 Sanctorum
1270 1333 1656 1388 assertionibus
1730 1346 1793 1385 ea

209 1443 320 1497 qua:
339 1441 642 1498 congruere
665 1426 1006 1490 videbantur,
1035 1439 1326 1494 excerpere
1346 1466 1360 1490 ,
1387 1433 1442 1480 et
1465 1439 1567 1492 qua
1591 1438 1791 1478 conve-

209 1519 383 1580 niebat
411 1520 554 1574 serie
581 1522 846 1574 instruere
869 1560 885 1585 ,
915 1527 970 1572 ut
998 1533 1062 1573 ex
1094 1517 1273 1572 multis
1297 1516 1446 1586 quasi
1477 1530 1639 1569 unum
1671 1529 1792 1568 cor-

210 1626 301 1681 pus
336 1611 582 1666 efﬁciens
601 1651 616 1674 ,
647 1610 885 1666 laborem
924 1625 1111 1668 eorum
1141 1607 1425 1663 sublevare
1451 1607 1794 1676 aliquatenus

209 1719 415 1776 possem
437 1745 454 1770 ,
486 1705 577 1774 qui
609 1719 670 1759 ea
699 1718 818 1773 quae
847 1702 912 1757 de
953 1702 1033 1756 via
1088 1710 1144 1756 et
1172 1700 1454 1756 virtutibus
1482 1698 1662 1754 Sancti
1696 1698 1792 1752 viri

210 1810 297 1866 per
320 1794 534 1850 diversa
557 1794 762 1865 digesta
789 1804 912 1848 sunt
937 1793 1232 1858 volumina,
1260 1790 1460 1845 habere
1484 1791 1600 1844 sine
1633 1789 1790 1844 tzedio

207 1889 516 1944 voluissent.
546 1887 604 1943 In
635 1902 741 1958 quo
764 1887 809 1942 si
836 1887 1106 1942 temeritas
1135 1884 1551 1955 reprehenditur
1576 1925 1591 1947 ,
1622 1892 1793 1938 atten-

206 1982 355 2037 datur
378 1981 616 2049 devotio,
640 1996 801 2052 quam
828 1982 876 2036 ei
907 1995 1011 2035 non
1031 1979 1299 2034 immerito
1320 1978 1494 2034 debeo
1521 1994 1534 2030 :
1559 1977 1646 2048 qui
1681 1992 1793 2032 Ina-

208 2081 335 2128 trcm
367 2087 570 2138 meam,
600 2087 725 2127 eum
755 2087 840 2128 me
869 2071 1092 2128 haberet
1129 2070 1182 2126 in
1213 2079 1394 2137 utero,
1428 2085 1458 2125 a
1487 2069 1676 2130 mortis
1702 2084 1794 2139 ρο-

206 2162 366 2219 riculo
392 2162 663 2218 liberavit.

271 2255 532 2312 Prmfatus
563 2256 727 2326 igitur
769 2256 966 2311 Doctor
1004 2264 1156 2324 patre
1186 2254 1418 2309 Eusebio
1447 2253 1657 2322 genitus
1689 2260 1790 2313 cst,

207 2347 334 2402 sicut
365 2347 481 2417 ipse
509 2349 562 2402 in
588 2347 753 2404 Libro
773 2347 840 2402 de
871 2347 1012 2402 Viris
1039 2346 1342 2402 lllustribus
1367 2345 1614 2409 adstruit,
1647 2345 1794 2396 vice-

206 2439 335 2494 simo
363 2449 524 2494 sexto
545 2454 688 2493 anno
716 2437 927 2506 imperii
954 2437 1128 2506 magni
1150 2435 1484 2490 Constantini
1514 2433 1567 2487 in
1596 2433 1792 2502 oppido

205 2529 466 2590 Stridunis
492 2571 507 2596 ,
537 2529 682 2600 quod
728 2543 758 2582 a
785 2527 976 2583 Gothis
1005 2541 1274 2589 eversum,
1309 2525 1585 2579 Dalmatia:
1613 2539 1790 2594 quou-

205 2622 337 2690 dam,
364 2622 772 2688 Pannonii-mque
805 2618 1096 2674 conﬁnium
1148 2616 1262 2670 fuit.
1287 2615 1386 2685 Qui
1412 2631 1532 2671 cum
1593 2630 1792 2685 paren-

207 2714 335 2770 tibus
362 2711 696 2769 Cbristianis
745 2711 798 2765 in
847 2709 1070 2780 pueritia
1115 2709 1337 2763 Romam
1363 2721 1483 2762 cum
1537 2706 1789 2768 venisset,

206 2805 286 2861 ubi
312 2812 529 2860 vestem
556 2801 756 2857 Christi
791 2801 1068 2870 suscepit,
1095 2800 1221 2854 viris
1245 2797 1540 2868 insignibus
1566 2797 1792 2852 traditur

207 2895 565 2954 inStruendus.
613 2894 745 2950 Nam
791 2894 844 2949 in
882 2892 1239 2949 Grammatice
1294 2891 1557 2945 Donatum
1609 2889 1793 2944 habuit

208 2996 610 3058 pneecptorem,
634 2994 695 3040 ut
715 2984 1002 3039 Rhetorica
1023 2982 1346 3038 Victorinum
1380 2983 1478 3053 (ὁ).
1509 2982 1639 3038 Cum
1664 2983 1788 3036 item

208 3080 512 3136 liberalibus
543 3088 649 3134 tam
683 3077 873 3134 Grmce
906 3092 1066 3148 quam
1104 3076 1292 3131 Latine
1320 3076 1569 3146 polleret,
1605 3077 1791 3146 proba-

209 3174 530 3228 tissimorum
557 3171 940 3226 monachorum
961 3169 1197 3224 habitum
1226 3169 1531 3240 facturaque
1553 3168 1790 3224 imitatus

209 3273 301 3320 est.
338 3263 438 3333 Qui
482 3273 538 3318 et
568 3278 664 3333 per
710 3277 980 3332 congruos
1019 3261 1425 3318 Ecelesiasticos
1473 3261 1669 3331 gradus
1717 3261 1790 3316 ad

208 3355 576 3412 Cardinalatus
600 3355 926 3424 dignitatem
956 3353 1291 3426 conscendit.
1320 3352 1450 3408 Nam
1489 3352 1660 3411 factus
1695 3367 1792 3407 au-

209 3462 389 3510 norum
435 3447 651 3517 triginta
699 3460 912 3511 novem,
961 3459 993 3499 a
1031 3443 1246 3499 Liberio
1285 3445 1428 3499 sedis
1468 3445 1792 3514 Apostolieae

209 3539 457 3606 Pnesule,
497 3538 789 3608 Presbyter
818 3537 1072 3592 Ecclesia:
1115 3536 1372 3590 Romamn
1410 3537 1545 3590 tituli
1589 3548 1790 3590 sancta:

209 3633 499 3689 Anastasis:
528 3633 828 3688 ordinatur.
847 3629 952 3686 Sed
981 3645 1102 3685 cum
1127 3630 1269 3686 idem
1301 3629 1644 3700 Apustolicus
1674 3640 1794 3700 post

207 3739 372 3781 annus
411 3725 524 3780 lere
569 3734 797 3796 quatuor
843 3725 895 3778 in
942 3723 1296 3793 apostaticum
1341 3737 1548 3787 versus,
1595 3722 1795 3777 Ariano

208 3815 438 3887 dogmati
470 3821 870 3882 consensisset,
904 3814 1160 3884 multique
1195 3829 1252 3868 se
1283 3813 1352 3869 ob
1377 3825 1575 3868 metum
1608 3828 1793 3882 perse-

207 3909 459 3972 cutiouis,
502 3923 621 3976 quia
648 3922 678 3961 a
709 3904 786 3979 (ε)
813 3907 1126 3964 Constantio
1157 3904 1522 3972 excitabatur,
1563 3906 1796 3960 abscon-

207 3997 401 4056 derent
431 4015 446 4052 :
479 3998 575 4054 iste
597 3998 748 4070 juxta
778 4011 1082 4053 sermonem
1129 3997 1517 4067 prepheticum,
1547 3996 1797 4065 opposuit

209 4105 269 4148 se
290 4105 502 4146 murum
529 4104 623 4160 pro
649 4088 811 4145 domo
838 4088 1030 4155 Israel,
1052 4097 1110 4143 ut
1134 4095 1299 4144 staret
1327 4087 1379 4142 in
1420 4086 1605 4158 praelio
1630 4087 1682 4141 in
1709 4087 1798 4143 die

213 4181 443 4237 Domini.
493 4180 627 4237 Nam
679 4181 807 4237 licet
855 4179 1161 4237 afﬁceretur
1203 4178 1450 4250 injuriis,
1501 4177 1797 4234 terroribus

214 4277 514 4349 pulsaretur
575 4291 591 4330 :
652 4289 922 4344 nunquam
995 4271 1262 4329 hrcretieis
1327 4271 1618 4342 acquievit.
1684 4270 1799 4335 lmo

215 4367 510 4439 secundum
539 4365 719 4420 datam
745 4365 848 4420 sibi
881 4363 1198 4435 sapientiam
1239 4362 1436 4434 eloquii
1464 4362 1546 4418 sui
1575 4361 1799 4432 sagittas

215 4459 482 4527 emittens,
515 4458 796 4529 dissipavit
813 4473 907 4514 eos
937 4475 951 4513 :
980 4466 1036 4514 et
1059 4457 1366 4513 divinarum
1403 4457 1795 4512 sententiarum

217 4551 416 4622 fulgura
443 4551 825 4619 multiplicans,
845 4549 1200 4605 couturbabat
1221 4549 1360 4604 illos.
1386 4547 1588 4603 Eodem
1607 4555 1789 4602 autem

219 4654 453 4717 tempore
476 4643 862 4716 prohibebatur
883 4641 1170 4700 Cathelicis
1197 4642 1366 4697 libere
1385 4640 1618 4712 propriis
1641 4640 1802 4696 rebus

218 4739 308 4806 uti,
326 4738 456 4793 dum
471 4752 569 4792 eos
585 4747 638 4791 et
657 4735 999 4792 Constantius
1017 4737 1305 4807 Augustus,
1318 4743 1372 4788 et
1392 4732 1634 4790 Liberius
1658 4732 1801 4788 Pon-

220 4830 336 4886 tifex
361 4836 840 4901 persequerentur.
884 4828 1036 4886 Tunc
1061 4827 1308 4900 quaedam
1351 4836 1600 4882 matrona
1635 4825 1800 4884 Paula
1831 4889 1834 4892 ,

221 4923 454 4990 nomine,
500 4921 697 4977 nobilis
741 4935 958 4990 genere,
988 4920 1084 4977 sed
1122 4918 1356 4974 nobilior
1385 4918 1695 4984 sanctitate,
1726 4919 1803 4973 vi-

279 5035 349 5098 (a)
372 5035 491 5086 Mss.
504 5043 717 5098 uterque
740 5033 877 5098 liber
887 5047 1059 5098 vocem
1081 5030 1323 5098 superﬂue
1342 5033 1537 5082 reticet.
1553 5029 1676 5098 Tum
1693 5043 1803 5092 qua:

222 5093 678 5168 wro'prwterntissq
701 5110 754 5147 re
775 5095 989 5158 addidit,
1019 5093 1206 5155 Tentavi
1228 5093 1284 5146 et
1318 5107 1432 5162 ego,
1459 5102 1556 5144 etc.
1575 5131 1590 5156 ,
1616 5093 1804 5156 absque

224 5158 317 5213 suis
349 5158 558 5210 restium
583 5158 714 5210 locis.

282 5220 363 5284 (b),
387 5222 405 5270 l
413 5222 544 5284 idem
566 5231 686 5270 cum
708 5220 757 5272 in
776 5219 1081 5284 liberalibus;
1104 5229 1207 5270 tum
1220 5232 1293 5284 _e_x
1310 5218 1395 5284 his
1417 5217 1543 5269 alter
1566 5217 1804 5284 vetustior

225 5280 388 5346 sive].
414 5283 576 5334 littera
600 5283 878 5345 denotatus,
910 5303 930 5330 α
955 5280 1183 5346 polleret.
1210 5281 1382 5346 Christi
1399 5290 1588 5346 vestem
1612 5280 1657 5327 iu
1683 5293 1806 5341 pra:—

225 5343 315 5412 fata
336 5345 481 5412 Urbe
509 5346 783 5412 suscipiens
800 5383 812 5403 ,
849 5342 936 5408 per
955 5342 1211 5412 "congruos
1244 5342 1627 5412 Ecclesiastieos,
1653 5358 1676 5387 ι
1709 5349 1806 5392 etc.

225 5407 371 5470 inulto
422 5407 484 5456 ad
528 5405 700 5470 verum
740 5405 949 5470 propius.
990 5405 1113 5470 Illud
1151 5405 1491 5456 monachorum
1528 5405 1710 5470 factum
1743 5416 1808 5453 ex

225 5467 417 5520 l’seudo
438 5467 695 5526 Gennadio
718 5464 810 5518 est.
829 5464 968 5518 'Idem
993 5466 1134 5529 paulo
1155 5475 1263 5529 post
1284 5464 1810 5529 aruwrunt'tiginti_rzo-

227 5542 325 5580 vent
350 5531 626 5593 (decennio
650 5532 841 5592 integro
862 5527 1052 5592 minus)
1078 5543 1108 5579 α
1143 5527 1324 5578 liberie
1362 5529 1490 5593 sedis
1529 5527 1810 5593 Apostolica!

231 5590 442 5654 ιιῃιεδὶιιε
467 5591 725 5654 Presbyter
749 5590 997 5642 (intimatur
1023 5590 1432 5654 .‘przrtermissis,
1456 5604 1567 5654 qua:
1609 5590 1810 5654 sequia:

227 5650 326 5706 rein
345 5657 504 5704 adhuc
521 5650 674 5702 multo
698 5653 902 5703 fabulam
927 5650 1170 5712 redolent,
1189 5650 1414 5702 Ecclesia:
1438 5650 1660 5704 [immane
1685 5650 1812 5702 tituli

225 5725 408 5768 Sanctia
433 5715 714 5767 Anastasiw.

293 5778 353 5843 (ε)
393 5779 492 5843 Pro
513 5775 786 5829 Constantio
817 5776 1103 5843 cum‘heic,
1147 5781 1246 5843 tum
1282 5775 1422 5843 [au-lo
1454 5775 1688 5843 inferius,
1730 5775 1814 5824 ubi

229 5838 528 5912 Constantius
552 5845 788 5906 augustas
806 5840 1050 5900 scribitur,
1075 5839 1342 5901 praeferunt
1371 5838 1485 5890 Mss.
1514 5839 1665 5888 nostri
1691 5846 1809 5889 Con-

229 5909 500 5960 stantinum.
942 5927 960 5947 ι

1462 393 1520 450 S.
1563 391 1940 450 lllEllONYSll
1978 393 2166 449 \‘ITA.

3385 397 3489 456 iSO

1905 504 2039 561 dens
2061 503 2272 560 beatti'm
2294 503 2679 578 Hieronymum
2707 505 2760 563 in
2786 506 3107 567 defensione
3136 509 3259 567 ﬁdei
3295 511 3491 568 admo-

1903 596 2028 650 dum
2059 595 2282 652 viriliter
2309 595 2638 652 laborantem
2664 637 2679 662 ,
2723 600 2976 654 auxilium
3008 601 3174 672 erepit
3199 602 3248 657 ei
3278 601 3488 672 impen-

1901 686 2051 754 dere,
2084 702 2146 743 ae
2171 687 2238 742 de
2261 690 2375 744 suis
2403 687 2741 744 facultatibus
2767 689 3094 747 ministrare.
3132 691 3295 764 Cujus
3323 694 3490 748 devo-

1904 781 2100 834 tionem
2165 790 2220 836 et
2280 782 2530 837 meritmn
2590 782 2673 838 vir
2736 783 3187 854 prudentissimus
3250 787 3486 850 intuens,

1902 871 2206 942 frequenter
2248 888 2367 928 eam
2411 881 2467 930 et
2517 872 2859 928 Eustochium
2903 875 3019 946 cjus
3070 876 3228 931 tiliam
3277 877 3330 932 in
3371 877 3482 932 suis

1899 973 2287 1020 commemorat
2315 965 2672 1022 Tractatibus.
2699 965 2907 1022 Curans
2937 970 3097 1022 etiam
3127 983 3216 1022 eas
3241 967 3482 1024 imbuere

1900 1053 2198 1111 divinarum
2235 1056 2455 1112 scientia
2487 1058 2905 1129 Seripturarum.
2937 1058 3067 1114 Nam
3097 1069 3149 1113 ct
3183 1059 3489 1116 affectuosis

1901 1147 2122 1202 Paulam
2164 1151 2469 1206 consolatus
2500 1161 2582 1206 est
2610 1152 2823 1222 scriptis
2865 1151 2932 1207 de
2974 1153 3199 1207 ﬁliarum
3245 1167 3483 1218 suarum,

1900 1241 2132 1296 Blesilla:
2162 1242 2383 1307 scilicet,
2417 1254 2471 1298 et
2501 1244 2736 1299 Paulina:
2759 1245 2962 1300 recenti
2990 1243 3138 1299 obitu
3164 1254 3482 1300 consterna-

1901 1341 2031 1388 tam.
2068 1332 2221 1389 Unde
2267 1332 2481 1404 quidam
2510 1335 2898 1404 pseudocleriei
2946 1350 3008 1389 ae
3054 1334 3325 1402 monachi,
3357 1350 3489 1405 quo-

1898 1442 2017 1481 rum
2050 1427 2290 1482 scribens
2321 1427 2483 1482 vitam
2511 1427 2981 1498 deprehenderat,
3013 1428 3297 1484 occasione
3328 1426 3480 1483 dela-

1901 1519 2073 1573 trandi
2125 1529 2368 1590 accepta,
2425 1536 2546 1575 cum
2601 1521 2817 1576 infamia
2861 1521 3153 1576 subnotare
3198 1520 3486 1575 miserrimi

1902 1610 2144 1665 homines
2169 1611 2521 1666 conabantur.
2552 1611 2621 1666 Et
2663 1612 2785 1683 quia
2829 1611 2928 1681 ipsi
2957 1612 3100 1666 vitiis
3125 1611 3482 1683 subjaccbant

1898 1702 2203 1757 carnalibus
2229 1743 2246 1765 ,
2279 1703 2342 1757 ad
2374 1703 2707 1759 excusandas
2740 1705 3115 1759 cxcusatioaes
3141 1705 3193 1757 in
3227 1705 3486 1774 peccatis,

1900 1793 1950 1848 id
1997 1795 2170 1864 ipsum
2215 1795 2542 1867 Hieronymo
2588 1797 2931 1865 imponebant
2975 1794 3078 1866 (cf).
3115 1795 3353 1866 Denique
3399 1796 3489 1852 isti

1902 1896 2105 1940 vestem
2134 1887 2453 1942 muliebrem
2506 1901 2669 1957 prope
2719 1887 2935 1954 lectum,
2987 1903 3089 1956 qua
3135 1901 3195 1941 se
3239 1886 3482 1941 indueret

1898 1986 2235 2034 surrec‘turus
2265 1978 2330 2034 ad
2353 1979 2659 2044 matutinas,
2683 1979 3074 2049 imposuerunt.
3106 1977 3174 2034 Ut
3199 1992 3327 2049 ergo
3351 1976 3486 2032 vidit

1897 2071 2276 2144 Hieronymus,
2317 2089 2423 2127 non
2455 2073 2632 2127 minus
2662 2086 2720 2128 se
2753 2087 2782 2124 a
2816 2071 2962 2126 falsls
3008 2069 3281 2136 fratribus,
3315 2085 3479 2142 quam

1898 2165 1966 2218 ab
1994 2163 2254 2219 hmreticis
2284 2165 2550 2231 infestari,
2577 2163 2860 2219 attendens
2890 2163 3022 2219 illud
3056 2163 3430 2233 Evangelicum
3468 2180 3483 2217 :

1901 2255 1960 2307 Si
1984 2269 2067 2307 vos
2092 2255 2337 2322 persecuti
2359 2256 2546 2324 fuerint
2569 2255 2620 2308 in
2644 2254 2846 2307 civitate
2881 2254 2997 2315 ista,
3023 2255 3184 2325 fugite
3207 2254 3258 2306 in
3285 2251 3440 2305 aliaat
3466 2266 3489 2308 ξ

1899 2346 2157 2401 deliberat
2183 2347 2378 2402 cedere
2408 2361 2593 2401 eorum
2619 2344 2934 2417 malignitati
2965 2387 2980 2410 ,
3006 2355 3059 2399 et
3081 2345 3146 2399 ad
3177 2343 3481 2399 Orientales

1899 2438 2143 2508 regiones
2171 2438 2488 2492 militaturus
2521 2437 2745 2492 Domino
2766 2437 3144 2506 commigrare.
3175 2434 3329 2503 Quod
3357 2433 3476 2505 qui-

1898 2529 2019 2584 dem
2062 2538 2118 2584 et
2155 2529 2320 2585 .lacob
2347 2529 2401 2584 in
2446 2529 2612 2584 fratre
2654 2544 2753 2584 suo
2783 2528 2922 2582 Esau
2953 2527 3144 2583 fecisse
3173 2527 3398 2598 legitur,
3431 2537 3486 2583 et

1902 2621 2064 2676 David
2096 2622 2146 2675 in
2189 2636 2376 2676 ssccro
2419 2637 2518 2676 suo
2543 2619 2672 2676 Saul
2708 2637 2721 2674 :
2752 2634 2980 2690 quorum
3025 2634 3164 2674 unus
3199 2619 3264 2672 ad
3295 2619 3482 2690 Syros,

1896 2715 2030 2768 alius
2052 2713 2117 2768 ad
2149 2714 2452 2768 Philisttcos
2477 2728 2535 2768 se
2552 2713 2799 2776 contulit,
2825 2711 3032 2766 malens
3059 2711 3301 2766 hostibus
3324 2726 3484 2780 quam

1900 2805 2098 2861 invidis
2138 2805 2440 2876 subjacere.
2480 2804 2832 2860 Profectionis
2872 2813 3050 2859 autem
3093 2819 3204 2860 suze
3241 2801 3309 2857 de
3342 2801 3485 2858 Urbe

1895 2897 2136 2952 ordinem
2165 2899 2215 2968 (ε
2259 2897 2371 2967 ipse
2402 2895 2616 2954 Rufﬁno
2645 2895 2908 2960 scribens,
2950 2895 3028 2949 sic
3053 2903 3232 2949 narrat
3263 2911 3277 2946 :
3308 2891 3484 2948 Mense

1893 2989 2144 3059 Augusto,
2195 2989 2436 3058 ﬂantibus
2490 2987 2747 3060 Zephiris,
2797 3004 2911 3042 cum
2965 2986 3158 3042 Sancto
3221 2985 3484 3041 Vincentio

1896 3081 2198 3152 Presbytero
2221 3094 2267 3136 et
2290 3083 2604 3138 adolescente
2631 3087 2808 3152 fratre,
2850 3091 2894 3135 et
2924 3081 3040 3135 aliis
3069 3079 3353 3146 monachis,
3396 3079 3484 3148 qui

1895 3192 2028 3229 nunc
2043 3173 2378 3246 Jerosolymis
2398 3182 2798 3240 commorantur,
2821 3173 2988 3226 navim
3005 3172 3058 3224 in
3081 3170 3310 3225 Romano
3336 3178 3486 3240 portu

1891 3283 2098 3321 securus
2140 3267 2378 3332 asccndi,
2433 3271 2659 3321 maxima
2711 3282 2788 3326 me
2835 3264 3139 3321 Sanctorum
3202 3261 3486 3334 frequentia

1895 3370 2241 3429 prosequente,
2270 3359 2379 3412 veni
2411 3357 2679 3430 Rhegium,
2703 3357 2757 3413 in
2784 3355 2988 3428 Scylleo
3019 3356 3185 3410 littore
3214 3352 3485 3425 paululum

1897 3452 2032 3517 steti,
2074 3451 2156 3506 ubi
2201 3460 2384 3504 reteres
2412 3449 2568 3504 didici
2597 3449 2819 3520 fabulas,
2851 3455 2898 3501 et
2933 3446 3242 3518 pracipitent
3283 3443 3487 3515 fallacis

1899 3541 2097 3612 Ulyssis
2122 3558 2352 3607 cursum,
2385 3550 2431 3594 et
2461 3540 2762 3595 Sirenarum
2789 3538 3010 3606 cantica,
3057 3547 3103 3594 et
3148 3535 3486 3591 insatiabilent

1897 3633 2184 3704 Charybdis
2222 3632 2532 3702 voraginem.
2575 3629 2797 3702 Cumque
2833 3629 2959 3687 mihi
3003 3627 3190 3682 accola:
3215 3627 3355 3680 illius
3385 3624 3487 3679 loci

1897 3728 2057 3781 multa
2080 3735 2364 3790 narrarent,
2396 3724 2672 3794 darentque
2696 3723 2969 3777 consilinnt
2994 3763 3009 3788 ,
3041 3730 3097 3774 ut
3124 3735 3224 3773 non
3246 3718 3314 3773 ad
3339 3717 3477 3770 Pro-

1897 3820 1960 3874 tei
1991 3818 2274 3881 columnas,
2299 3817 2387 3872 sed
2409 3817 2478 3870 ad
2505 3814 2696 3887 (Jonas)
2729 3815 2830 3870 Dio
2857 3832 2919 3869 ne
2947 3823 3149 3886 portum
3179 3813 3470 3883 navigarent

1899 3911 2068 3982 (illum
2117 3911 2249 3963 enint
2300 3908 2602 3980 fugientium
2647 3917 2692 3961 et
2737 3906 3089 3969 turbatorum,
3137 3903 3270 3955 hunc
3318 3900 3483 3957 securi

1900 4002 2117 4056 hominis
2165 4017 2270 4058 esse
2309 3999 2555 4071 cursum),
2591 3999 2749 4052 malui
2788 4015 2875 4070 per
2930 3995 3127 4050 Maleas
3163 4004 3209 4049 et
3240 3992 3492 4064 Cycladas

1902 4093 2126 4165 Cyprum
2179 4107 2385 4162 pergere
2443 4107 2462 4146 :
2513 4092 2600 4145 ubi
2653 4099 2912 4161 susceptus
2952 4105 2983 4141 a
3041 4085 3312 4143 venerabili
3362 4083 3492 4154 Epi-

1899 4203 2053 4257 scopo
2102 4184 2397 4255 Epiphanio
2425 4225 2441 4250 ,
2492 4185 2640 4256 cujus
2692 4194 2744 4237 tu
2794 4183 2846 4236 in
2900 4179 3184 4236 testimonio
3230 4177 3490 4248 gloriaris.

1914 4281 2038 4337 Veni
2123 4278 2444 4351 postmodum
2525 4278 2888 4340 Antiochiam,
2961 4274 3049 4329 ubi
3120 4273 3306 4346 fruitus
3379 4286 3496 4331 sum

1901 4373 2253 4430 communione
2294 4370 2546 4443 pontificis
2593 4370 2996 4442 confessorisque
3038 4366 3278 4430 Paulini,
3329 4375 3376 4418 et
3405 4363 3493 4418 de-

1903 4468 2084 4522 ductus
2113 4466 2176 4522 ab
2227 4481 2284 4520 eo
2320 4463 2482 4518 media
2518 4463 2678 4517 hieme
2725 4462 2791 4530 (f)
2841 4462 2892 4514 in
2937 4457 3232 4530 gravissimo
3281 4456 3496 4524 frigore,

1904 4559 2087 4614 intravi
2135 4557 2528 4630 Jerosolymam.
2589 4553 2706 4607 Vidi
2747 4552 2907 4605 multa
2956 4547 3225 4612 miracula,
3279 4556 3324 4600 et
3380 4561 3498 4616 quw

1905 4651 2046 4723 prius
2071 4649 2138 4702 ad
2155 4665 2231 4702 me
2255 4647 2393 4717 fanta
2426 4645 2719 4713 pertulerat,
2754 4642 3013 4695 oculorum
3031 4639 3232 4709 judicio
3255 4653 3496 4706 compro-

1907 4743 2038 4796 baui.
2071 4740 2202 4794 Inde
2243 4736 2512 4792 conscendi
2565 4734 2874 4806 /Eyyptum,
2923 4733 3134 4787 lustravi
3182 4734 3494 4790 monasteria

1910 4835 2096 4891 Nitriaz
2135 4851 2152 4888 :
2187 4843 2232 4888 et
2260 4834 2391 4886 inter
2434 4831 2747 4886 Sanctorum
2798 4831 2999 4894 choros,
3052 4827 3255 4900 aspides
3301 4827 3504 4882 latitare

1911 4929 2161 5000 perspexi.
2191 4925 2320 4994 Quis
2359 4934 2538 4980 autem
2569 4923 2778 4980 felicem
2813 4939 2918 4978 nou
2949 4923 3142 4978 dixerit
3171 4923 3304 4992 fuga:
3345 4919 3503 4990 hujus

1910 5031 2186 5088 eventum,
2219 5018 2520 5088 Christique
2544 5015 2877 5089 providentia
2901 5016 3290 5087 dispensalum,
3319 5024 3372 5067 ut
3396 5012 3504 5066 sci-

1911 5117 2033 5172 licet
2063 5114 2300 5170 Romana
2331 5110 2567 5166 Ecclesia
2596 5109 2737 5165 Petri
2782 5107 3018 5162 instituta
3050 5104 3308 5176 regimine
3333 5145 3348 5168 ,
3387 5118 3505 5158 om-

1912 5212 2056 5264 nium
2103 5209 2264 5263 etiam
2308 5205 2506 5262 veteris
2553 5213 2608 5259 et
2656 5201 2784 5259 novi
2832 5199 3162 5258 Tcstamcnti
3221 5198 3503 5263 librorum,

1981 5341 2048 5408 id)
2076 5339 2360 5408 Periocbam
2383 5339 2507 5390 hanc
2530 5345 2696 5397 totam,
2712 5355 2750 5408 _¢
2769 5336 2998 5408 Denique
3016 5334 3098 5384 isti
3117 5339 3307 5408 vestem
3330 5329 3507 5408 mulie-

1913 5393 2054 5454 brem
2080 5415 2232 5465 prope
2256 5401 2439 5465 lectum
2456 5437 2470 5460 ,
2507 5414 2608 5465 qua
2629 5393 2692 5451 se
2711 5393 2966 5465 immeriti,
2993 5406 3310 5465 surrecturus
3325 5393 3382 5440 ad
3409 5403 3508 5440 ma-

1915 5454 2124 5518 tutinum
2143 5454 2206 5523 ,ἰ
2235 5475 2331 5527 qua
2353 5454 2589 5528 ridiculae,
2616 5476 2680 5528 ne
2702 5462 2818 5524 quid
2841 5454 2961 5528 plus
2981 5454 3366 5528 dicanthlabulm
3382 5465 3508 5528 ﬁniet

1916 5517 2069 5578 inuria
2111 5517 2424 5582 continetur,
2462 5517 2807 5574 Ambrosianus
2842 5517 2969 5572 alter
3009 5520 3100 5569 Ms.
3142 5517 3268 5582 liber
3313 5518 3510 5576 penitus

1917 5577 2094 5639 nescit.
2128 5588 2191 5640 Et
2211 5601 2330 5637 sane
2357 5577 2548 5636 videtur
2579 5587 2637 5635 ad
2674 5587 2782 5646 ejus
2805 5577 3301 5646 ﬁdem‘expungenda

1985 5633 2345 5719 ῐέίῖλῐῆίιιῖ-βᾶξ
2367 5633 2553 5719 rectius
2575 5633 2836 5698 idem'hlss.
2861 5633 3076 5696 ordinent
3094 5633 3206 5690 cu'nt
3223 5633 3402 5700 [illme
3421 5645 3510 5684 ex-

1919 5711 2193 5778 nouella»)
2217 5711 2504 5778 lwrrql:
2582 5771 2593 5778 .
2703 5777 2707 5778 ν
2879 5766 2892 5778 .
3065 5775 3081 5778 -
3142 5758 3189 5778 ,μ
3232 5753 3430 5778 -..μένε

1990 5773 2046 5840 (f)
2085 5766 2245 5824 Docet
2286 5774 2418 5821 idem
2445 5772 2541 5840 his.
2581 5771 2800 5840 ineptum
2844 5766 3123 5840 glossema,
3137 5766 3509 5840 {angustante}?

1923 5819 2541 5896 fri‘ébre‘,‘expungendum
2570 5843 2584 5878 :
2610 5819 2757 5896 υιἈβι
2784 5819 2926 5894 patilo
2948 5833 3058 5890 post
3081 5819 3345 5885 legendum
3360 5856 3374 5877 ,
3398 5829 3510 5869 cano

1923 5891 2055 5951 tendi
2079 5891 2441 5963 dfgyplum'pro
2463 5891 2736 5945 conscendi.
