4052 6338
182 407 279 465 189

184 520 355 576 bestias
384 517 742 572 antecellunt?
764 514 1038 587 Accingere
1061 512 1236 586 igitur,
1267 520 1313 567 et
1342 510 1469 565 utihi
1506 526 1622 580 qua:
1639 509 1759 563 sub-

177 615 306 686 jecta
341 618 461 665 sunt
486 607 728 663 edissere.
765 606 901 674 Quid
925 604 1020 661 sibi
1039 606 1143 659 uult
1172 603 1382 673 quodin
1419 598 1795 657 Genesi'scri;

187 714 319 777 ptum
360 711 436 756 est
469 717 491 766 ;
529 699 717 756 Omnis
743 700 834 770 qui
865 698 1126 754 occiderit
1167 696 1320 765 Cain,
1351 703 1557 766 septem
1587 691 1764 747 vindi-

186 806 291 853 ctas
317 794 584 851 exsolvet.
616 792 679 848 Si
715 791 885 847 omnia
930 791 1045 864 fecit
1073 788 1211 843 Deus
1247 789 1378 842 bona
1416 785 1584 850 valde,
1612 798 1768 855 quare

191 890 294 946 Noe
316 889 380 943 de
404 886 611 941 mundis
641 895 686 940 et
709 874 982 939 ititmundis
1010 882 1283 952 prtccepit;
1310 895 1423 935 cum
1449 874 1767 932 immundum

188 981 306 1036 nihil
322 980 507 1035 bonum
526 994 634 1033 esse
655 976 810 1047 possit
832 975 857 1028 ?
879 972 984 1029 Cur
999 973 1138 1027 Deus
1159 972 1381 1043 loquitur
1400 970 1469 1023 ad
1484 967 1762 1031 Abraham,

189 1075 312 1145 quod
335 1081 521 1144 quarta
546 1071 784 1142 progenie
820 1076 986 1123 essent
1016 1067 1110 1138 ﬁlii
1136 1064 1302 1120 Israel
1326 1063 1390 1118 de
1413 1061 1646 1132 1Egypto
1682 1075 1765 1113 re-

188 1167 389 1232 uersuri,
418 1174 469 1220 et
498 1156 677 1236 postea
704 1162 909 1235 Moyses
947 1160 1119 1216 scribit
1143 1175 1163 1214 :
1189 1155 1383 1226 Quinta
1418 1164 1597 1210 autem
1637 1167 1789 1223 pro-‘

188 1260 333 1329 genie
377 1258 629 1312 exierunt
686 1255 781 1310 lilii
832 1253 994 1308 Israel
1057 1252 1125 1307 de
1176 1261 1319 1305 terra
1361 1245 1634 1325 Egypt”.
1664 1243 1771 1297 Cur.

190 1350 437 1405 Abraham
470 1347 592 1415 ﬁdei
618 1363 725 1402 sua:
749 1347 951 1418 signum
980 1343 1361 1399 circumcisione
1399 1339 1636 1410 accepit?
1664 1335 1768 1391 Cur

188 1442 331 1497 Isaac
353 1443 427 1495 vir
442 1442 616 1511 justus
637 1428 735 1494 non
761 1440 839 1494 illi
859 1438 940 1492 cui
959 1435 1137 1501 voluit,
1164 1433 1457 1490 benedixit?
1487 1433 1560 1488 De
1576 1430 1768 1503 quibus

190 1535 431 1589 omnibus
455 1533 644 1588 beatus
669 1531 1029 1604 Hieronymus
1057 1530 1367 1599 plenissime
1392 1524 1683 1581 satisfecit:
1714 1532 1769 1579 et

189 1642 298 1695 qua:
324 1625 686 1680 subuotantur
734 1640 829 1694 per
853 1622 1064 1678 diversa
1093 1620 1208 1691 ejus
1254 1628 1493 1689 tempora
1537 1616 1769 1671 Damaso

190 1717 337 1787 Papa:
361 1718 657 1786 inscripsit.
690 1714 947 1770 Ilomilias
973 1714 1177 1769 scilicet
1208 1713 1259 1767 in
1287 1708 1562 1766 Canticum
1588 1707 1769 1763 Canti-

190 1824 366 1864 corum
396 1807 495 1883 (ιι).
540 1809 617 1863 De
643 1806 899 1874 Osianna,
931 1807 1089 1877 vulgo
1113 1805 1325 1860 Osanna
1351 1803 1546 1858 librum
1578 1815 1765 1856 unum.

192 1901 261 1956 De
284 1910 458 1957 morte
483 1899 653 1967 Ozim,
682 1908 737 1955 et
781 1899 846 1954 de
887 1897 1171 1967 Scraphim
1199 1905 1254 1952 et
1278 1894 1484 1950 calculo
1507 1884 1769 1948 candente

192 1992 377 2046 librum
410 2007 617 2058 unum;
662 1991 729 2046 de
774 1989 996 2061 prodigo
1029 1989 1157 2053 lilio,
1205 1988 1395 2043 librum
1450 2000 1650 2045 unum:
1702 1976 1786 2038 de’

191 2083 379 2154 Spiritu
410 2093 625 2148 sancto,
651 2083 844 2136 librum
876 2097 1058 2135 unum.
1093 2080 1320 2134 Textum
1348 2086 1575 2148 quatuor
1597 2070 1787 2129 Evan?

191 2173 476 2244 geliorum,
536 2172 870 2242 Scriptorum
926 2171 1076 2239 culpa
1127 2167 1431 2233 confusum,
1486 2165 1771 2236 diligenter

190 2266 436 2320 correxit.
480 2263 588 2321 Sed
638 2274 693 2320 et
722 2264 1038 2319 Psalterium
1088 2259 1382 2316 secundum
1431 2257 1653 2326 vestigia
1685 2246 1785 2310 se?

193 2358 456 2428 ptuaginta
498 2357 856 2427 interpretum
884 2353 952 2409 de
985 2349 1176 2409 Graeco
1205 2350 1477 2405 transtulit
1521 2349 1574 2402 in
1622 2346 1771 2400 Lati-

190 2465 325 2515 num,
359 2448 413 2504 id
455 2448 602 2520 quod
647 2448 810 2502 etiam
850 2446 1011 2500 Paula
1042 2453 1096 2498 et
1139 2440 1432 2496 Eustochio
1470 2437 1772 2510 petentibus

191 2540 513 2595 emendavit.
567 2539 793 2592 Demum
825 2547 1004 2590 autem
1053 2549 1083 2589 a
1124 2532 1432 2603 Sophronio
1471 2530 1771 2603 postulatus

190 2633 248 2689 de
272 2633 514 2688 Hebrmo
543 2630 833 2700 expressit,
864 2643 1092 2698 eumque
1120 2627 1354 2682 breviter
1379 2625 1572 2680 librum
1602 2622 1783 2678 disse?

192 2725 308 2790 ruit,
339 2735 400 2780 et
451 2722 804 2778 Encltiridion
857 2720 1164 2793 appellavit.
1219 2718 1323 2773 Per
1368 2715 1508 2772 idem
1561 2726 1770 2785 tempus

191 2819 391 2888 scripsit
419 2815 592 2870 vitam
627 2814 779 2869 Pauli
808 2813 1078 2880 monachi,
1103 2820 1157 2866 et
1184 2810 1345 2865 vitam
1373 2808 1512 2864 beati
1543 2807 1771 2862 Hilario-

191 2908 264 2965 nis
290 2927 303 2962 :
339 2907 770 2965 exhortatoriam
801 2906 867 2961 ad
896 2911 1261 2981 contemptum
1290 2901 1473 2957 mundi
1496 2900 1562 2956 ad
1592 2900 1770 2957 Helio-

190 3003 369 3058 dorum
398 3000 727 3073 Epistolam,
756 3009 810 3055 et
836 2998 902 3054 ad
928 2997 1282 3068 Nepotianum
1308 2995 1377 3050 de
1404 2994 1510 3048 vita
1537 2992 1772 3049 Clerico-

192 3110 318 3150 rum.
350 3093 687 3149 Chronicum
730 3105 941 3162 quoque
966 3088 1292 3144 omnimoda:
1332 3086 1593 3149 historim,
1626 3083 1770 3139 mulo

194 3196 369 3257 tesque
397 3188 533 3239 alias
578 3182 647 3239 ad
680 3183 922 3238 diversos
970 3180 1264 3252 Epistolas.
1321 3178 1491 3233 Porro
1550 3174 1768 3230 humani

193 3276 396 3346 generis
428 3275 705 3340 inimicus,
736 3274 826 3343 qui
854 3288 977 3328 eum
1009 3271 1193 3326 Roma:
1222 3286 1317 3340 per
1342 3285 1468 3324 suos
1495 3258 1779 3323 ministros

196 3369 353 3422 fuerat
394 3374 713 3437 persecutus
739 3384 753 3420 :
781 3367 943 3421 etiam
988 3364 1040 3418 iu
1084 3362 1394 3427 solitudine,
1443 3361 1674 3416 Ariauos
1720 3359 1769 3415 ei

194 3458 519 3514 adversarios
546 3455 827 3512 suscitavit
854 3472 868 3510 :
895 3455 962 3510 de
983 3454 1174 3525 quibus
1201 3454 1356 3509 beato
1387 3453 1612 3508 Damaso
1633 3450 1779 3508 seri--

194 3549 336 3617 hens,
384 3550 455 3605 ita
483 3548 867 3620 conqueritur:
896 3546 1005 3618 Ego
1030 3544 1218 3601 Christi
1246 3556 1427 3601 vestem
1451 3546 1505 3599 in
1537 3544 1771 3599 Romana

194 3642 307 3695 urbe
352 3642 658 3711 suscipiens,
705 3655 837 3694 nunc
881 3637 1110 3692 Barbara
1159 3636 1329 3708 Syr-ite
1371 3637 1530 3691 limite
1577 3646 1767 3690 teneor.

202 3732 403 3801 Verum,
445 3745 503 3788 ut
530 3733 602 3786 ait
643 3731 860 3802 gentilis
911 3740 1113 3800 poeta:
1164 3728 1357 3783 Cadunt
1398 3744 1498 3782 non
1545 3728 1771 3781 aninmm

194 3835 368 3891 mutat,
399 3825 488 3896 qui
518 3834 660 3877 trans
685 3839 824 3878 mare
845 3823 1024 3876 currit.
1058 3819 1139 3874 Ita
1164 3837 1243 3874 me
1269 3820 1631 3874 incessabiliter
1672 3820 1771 3873 ini-

193 3919 351 3971 micus
387 3926 497 3987 post
527 3927 720 3987 tergum
761 3924 1049 3985 persecutus
1077 3921 1169 3979 est,
1199 3920 1253 3965 ut
1289 3912 1488 3981 majora
1514 3914 1566 3964 in
1594 3910 1772 3964 solitu-

193 4009 310 4062 dine
337 4007 471 4061 bella
498 4023 627 4061 nunc
657 4008 844 4077 patiar.
875 4004 975 4058 llic
996 4004 1128 4058 enim
1155 4003 1410 4074 prwsidiis
1438 4004 1569 4073 fulta
1594 4000 1773 4056 mundi

194 4103 351 4156 rabies
379 4101 575 4155 Ariona
605 4101 793 4172 fremit.
821 4097 995 4153 Hicin
1019 4108 1117 4151 tres
1149 4104 1318 4167 partes
1354 4095 1512 4148 scissa
1545 4092 1773 4148 Ecclesia

195 4196 258 4249 ad
277 4212 329 4250 se
346 4211 530 4265 rapere
552 4194 777 4265 festinat,
798 4190 1159 4245 monachorum
1185 4187 1258 4261 (b)
1288 4188 1423 4241 circa
1448 4202 1772 4240 contmanen-

199 4287 311 4340 tittnt
354 4287 570 4356 antiqua
618 4285 673 4338 in
720 4300 798 4336 me
835 4282 997 4353 surgit
1057 4281 1350 4334 auctoritas.
1407 4275 1521 4349 Ego
1568 4277 1772 4332 interim

196 4371 427 4431 clantito:
453 4375 497 4430 si
526 4374 643 4442 quis
682 4372 949 4429 Cathedraa
994 4369 1133 4425 Petri
1163 4369 1424 4441 jungitur,
1454 4384 1644 4423 mecum
1675 4376 1769 4422 est.

199 4465 447 4534 Heletius,
482 4466 668 4521 Vitatis
699 4476 848 4536 atque
863 4462 1119 4517 Paulinus
1149 4462 1238 4516 tibi
1268 4463 1460 4516 Itwrere
1482 4476 1535 4515 se
1563 4461 1774 4515 dicunt:

201 4576 383 4627 possem
408 4558 617 4614 credere
646 4556 690 4611 si
719 4557 814 4610 hoc
841 4571 977 4609 unus
1002 4562 1247 4608 assereret
1273 4570 1291 4609 :
1318 4569 1453 4606 nunc
1482 4560 1648 4606 autem
1670 4550 1773 4606 duo

198 4653 519 4717 mentiuntur,
555 4656 642 4702 aut
683 4662 876 4701 omnes.
926 4645 1002 4699 De
1026 4644 1093 4699 iis
1116 4647 1276 4700 etiam
1304 4638 1783 4712 persecutionibus

202 4741 444 4814 (Marem)
470 4741 684 4796 Malcho
719 4737 969 4793 Chalcide
994 4734 1299 4792 reverenda
1325 4736 1441 4789 viro
1464 4735 1517 4788 in
1545 4734 1773 4806 quadam

200 4833 422 4903 Epistula
443 4831 517 4903 (ε)
543 4830 906 4902 proloquitur:
928 4827 989 4883 Si
1010 4825 1409 4899 persecutoribus
1436 4826 1558 4879 meis
1587 4825 1771 4896 placet,

202 4924 484 4991 hit-reticum
515 4940 594 4976 me
622 4938 736 4977 cum
758 4920 1031 4984 occidente,
1056 4920 1347 4974 hwreticum
1371 4906 1493 4971 cum
1513 4915 1770 4989 Egypto,

202 5017 285 5071 hoc
309 5027 402 5085 est,
437 5033 554 5071 cum
582 5014 809 5069 Damaso
849 5012 1103 5083 Petroque
1145 5011 1499 5066 condemnent.
1547 5009 1610 5066 Si
1637 5011 1775 5066 riuus

202 5110 401 5163 tenuiter
412 5108 597 5169 currit,
614 5122 716 5160 non
730 5113 803 5159 est
820 5104 948 5158 alvei
961 5105 1134 5171 culpa,
1152 5102 1242 5157 sed
1257 5102 1432 5174 fontis.
1452 5099 1601 5156 Nihil
1619 5102 1776 5156 alicui

202 5202 455 5274 prteripui,
471 5200 605 5254 nihil
621 5198 812 5253 otiosus
829 5198 1022 5266 accipio
1042 5212 1061 5251 :
1082 5212 1235 5249 ntanu
1256 5196 1479 5263 quotidie
1498 5204 1543 5249 et
1569 5196 1777 5266 proprio

200 5294 373 5349 sudore
401 5291 681 5364 quierimus
708 5287 893 5356 cibum,
923 5289 1133 5344 scientes
1165 5286 1227 5342 ab
1255 5286 1499 5357 Apostolo
1523 5288 1771 5358 scriptum

200 5482 207 5489 '
262 5471 324 5538 la)
349 5473 534 5538 Denuo
549 5470 689 5538 idem.
706 5466 986 5538 additduas,
1000 5476 1159 5538 recte.
1174 5467 1300 5518 Tum
1322 5466 1389 5517 de
1404 5465 1775 5538 osanalibrum,

312 5527 420 5608 im,
434 5537 632 5608 absque
650 5531 957 5608 inter-mediis
974 5527 1118 5594 uulgo
1138 5538 1358 5590 osanna,
1380 5529 1511 5592 quod
1532 5529 1780 5592 glossema

202 5597 578 5662 interpellatoris
616 5597 761 5656 sapit.

190 5664 196 5717 ς
261 5659 323 5728 tu
359 5657 746 5728 Emendaviuus
765 5666 828 5728 ex
853 5652 1027 5728 εοςιθεη
1045 5727 1050 5728 ,
1065 5651 1165 5728 his:
1194 5650 1309 5728 δεςὲ
1336 5649 1515 5728 ,είτςιξε
1679 5665 1779 5728 suo

204 5712 456 5773 erit'certa
475 5734 489 5770 :
514 5725 623 5770 tum
639 5714 832 5765 ctamito
850 5726 937 5778 pro
957 5713 1190 5763 clamabo.
1218 5712 1315 5762 Pro
1333 5724 1519 5763 mecum
1535 5712 1623 5776 est,
1651 5712 1781 5764 idem

204 5781 345 5835 habet
365 5783 460 5834 Ms.
484 5791 627 5831 meus
646 5785 735 5828 est.

254 5842 323 5911 (cl
361 5846 454 5897 Hs.
488 5842 563 5896 sic
586 5838 897 5904 prosequitur.

1458 396 1513 454 S.
1557 391 1935 452 ΗΙΕΒΟΝὙΜΙ
1970 391 2148 449 VITA.
2212 413 2222 421 τ

3347 391 3452 452 190

1876 524 1983 564 esse
2011 524 2030 562 :
2057 507 2156 575 Qui
2188 522 2292 563 non
2319 517 2595 579 operatur,
2624 525 2731 566 non
2764 498 3068 581 manducet.
3099 510 3279 568 Placet
3302 515 3373 568 eis
3400 497 3492 568 utr

1876 598 1994 652 hinc
2029 600 2281 665 recedam,
2301 599 2526 670 jmniam
2565 602 2740 656 recedo
2760 618 2779 655 :
2806 604 3133 673 arripuerunt
3159 605 3292 660 enim
3321 621 3353 659 a
3377 620 3459 661 me

1877 700 2071 759 portent
2093 692 2279 746 anima:
2315 708 2440 746 mea:
2467 686 2801 749 cltarissimos‘
2819 696 3019 766 fratres.
3045 684 3179 753 Ecce
3203 692 3487 755 discedere;

1875 784 2084 852 cupiunt
2115 799 2134 837 :
2178 784 2280 838 into
2328 784 2612 851 discedunt,
2661 787 2843 841 melius
2894 804 3000 842 esse
3057 791 3291 846 ducentes
3327 790 3485 846 inter'

1877 877 2012 943 feras
2039 875 2286 942 habitare,
2313 893 2465 947 quant
2498 894 2612 932 cum
2654 876 2837 934 talibus
2880 879 3197 937 Christianis.
3239 885 3319 940 Ad
3356 885 3454 941 dc-
3482 900 3485 903 '

1875 975 2017 1020 serta
2040 966 2237 1023 deinde
2255 968 2370 1024 loca
2395 969 2473 1024 sic
2498 970 2649 1025 hctus
2671 971 3048 1043 accinctusque
3069 958 3452 1045 (d)successit,

1875 1067 1934 1110 ut
1961 1058 2178 1113 volasse'
2199 1059 2349 1115 illum
2376 1060 2544 1132 magis
2565 1061 2839 1129 crederes,
2864 1058 3024 1134 quam
3055 1080 3283 1121 measse.
3316 1067 3460 1135 Qua-

1874 1146 2002 1205 liter
2020 1152 2204 1206 autem
2251 1166 2312 1207 se
2350 1151 2637 1222 amigendo
2664 1149 2852 1209 noxias
2876 1157 3036 1211 etiam
3082 1157 3135 1212 in
3167 1173 3226 1214 se
3251 1160 3455 1231 cogita-

1878 1242 2051 1298 tiones
2093 1245 2402 1311 extinxerit,
2435 1247 2670 1316 qualiter
2711 1264 2925 1320 quoque
2964 1250 3323 1308 visitationem
3355 1256 3458 1310 Do-

1874 1332 2003 1387 mini
2028 1336 2316 1391 meruerit:
2338 1337 2406 1392 ita
2427 1347 2485 1392 ut
2511 1353 2654 1409 saepe
2669 1340 2852 1396 choris
2872 1341 3159 1399 interesset
3180 1346 3454 1416 angelicis,

1876 1424 2158 1494 ipsiusmet
2188 1426 2497 1501 Hieronymi
2548 1431 2613 1486 ad
2642 1432 2991 1489 Eustochium
3023 1436 3222 1506 scripta
3240 1432 3457 1493 testan-

1876 1522 1981 1570 tur.
2008 1516 2245 1586 Epistola
2276 1518 2354 1574 sic
2381 1520 2588 1592 incipit,
2607 1521 2741 1577 Audi
2756 1524 2866 1590 ﬁlia
2881 1533 2928 1580 et
2953 1526 3084 1581 uide.
3105 1526 3161 1581 In
3190 1543 3292 1598 qua
3317 1528 3458 1585 inter

1874 1606 1975 1660 alia
2006 1609 2085 1662 sic
2111 1608 2283 1664 dixit:
2316 1610 2450 1675 Quia
2490 1613 2801 1682 impossibile
2829 1625 2920 1679 est,
2950 1616 3143 1687 inquit,
3169 1619 3223 1673 in
3258 1636 3459 1674 sensum

1874 1696 2095 1753 hominis
2139 1716 2239 1754 non
2279 1702 2475 1757 irruere
2514 1713 2725 1773 motum,
2746 1710 2804 1760 et
2830 1707 3170 1763 medullarum
3213 1711 3453 1778 calorem,

1873 1789 1962 1843 ille
2007 1799 2174 1846 tamen
2201 1792 2462 1862 laudatur,
2494 1795 2587 1851 ille
2611 1799 2923 1868 praedicatur
2948 1801 3138 1869 beatus,
3162 1804 3251 1872 qui
3287 1807 3458 1860 statim

1874 1890 1930 1935 ut
1959 1884 2162 1953 coeperit
2189 1888 2432 1956 cogitare,
2459 1888 2700 1959 interﬁcit
2729 1892 2975 1963 cogitatus
3002 1903 3049 1949 et
3076 1895 3244 1951 allidit
3278 1914 3361 1953 eos
3389 1895 3479 1953 ad'

1874 1983 2112 2044 petram:
2138 1986 2279 2044 petra
2307 1988 2474 2035 autem
2506 1992 2577 2036 est
2600 1982 2850 2039 Christus.
2899 1986 3107 2053 Quoties
3137 2006 3226 2061 ego
3270 1991 3377 2061 ipse
3404 1992 3458 2047 in

1876 2082 2041 2122 eremo
2066 2071 2390 2137 constitutus,
2411 2082 2458 2125 et
2479 2073 2532 2126 ia
2555 2072 2647 2128 illa
2670 2086 2812 2130 uasta
2837 2076 3126 2147 solitudine,
3148 2099 3261 2152 qua!
3282 2065 3459 2139 exusta

1875 2157 1999 2211 solis
2028 2159 2319 2227 ardoribus,
2352 2163 2618 2216 horridum
2665 2169 2925 2222 monachis
2969 2184 3173 2240 pra'stat
3199 2175 3460 2229 habitacu-

1876 2246 1999 2313 lum,
2036 2249 2275 2318 putabam
2304 2269 2383 2306 me
2417 2254 2665 2309 Romanis
2691 2258 2929 2313 interesse
2956 2261 3170 2317 deliciis.
3210 2265 3458 2322 Sedebam

1875 2339 2038 2404 solus,
2065 2341 2185 2410 quia
2214 2344 2558 2400 amaritudine
2585 2348 2768 2417 plenus
2793 2366 2932 2404 eram
2961 2367 2981 2406 :
3011 2353 3280 2411 horrebant
3305 2376 3455 2414 sacco

1877 2429 2100 2484 membra
2127 2430 2396 2502 deformia,
2420 2445 2468 2490 et
2491 2438 2727 2508 squalida
2770 2441 2899 2497 cutis
2940 2444 3093 2498 situm
3140 2445 3460 2519 xEthiapicce

1875 2522 2046 2576 carnis
2084 2525 2381 2580 obduxerat.
2407 2527 2645 2594 Quotidie
2672 2530 2933 2603 lacrgmce,
2961 2535 3184 2606 quotidie
3207 2542 3456 2611 gemitus;

1875 2613 1992 2668 etsi
2017 2615 2223 2685 quando
2265 2616 2653 2689 repugnantem}
2679 2638 2757 2677 me
2801 2640 3009 2681 somnus
3053 2628 3319 2686 imminens
3364 2630 3472 2703 op?

1874 2707 2172 2777 pressisset,
2221 2711 2360 2763 nuda
2425 2712 2579 2768 humo
2637 2714 2722 2770 via:
2787 2732 2903 2771 ossa
2953 2719 3197 2776 hwrentia
3244 2723 3456 2780 collide-

1873 2796 2008 2853 bam.
2065 2797 2142 2854 De
2169 2801 2294 2857 cibis
2343 2817 2461 2858 vero
2504 2813 2552 2859 et
2599 2806 2725 2877 potu
2772 2806 2932 2879 taceo,
2984 2826 3097 2866 cum
3148 2814 3301 2869 etiam
3343 2817 3458 2871 lan-

1872 2900 2082 2962 guentes
2122 2894 2360 2947 monachi
2387 2895 2485 2949 cibi
2511 2912 2643 2967 aqua
2693 2900 2887 2971 frigida
2927 2912 3157 2968 utantur,
3190 2915 3233 2959 et
3260 2917 3456 2962 coctum

1874 2979 2069 3051 aliquid
2100 2982 2171 3053 (ε)
2204 2986 2478 3055 accepisse,
2508 2984 2713 3042 luxuria
2756 2989 2840 3045 sit.
2885 2989 2989 3046 Ille
3030 2993 3186 3065 igitur
3232 3012 3324 3067 ego
3370 2996 3471 3067 qui

1873 3073 1936 3130 ob
1968 3075 2211 3146 gehennae
2246 3088 2432 3133 metum
2472 3080 2567 3134 tali
2605 3097 2685 3136 me
2714 3098 2914 3139 carcere
2940 3085 3048 3155 ipse
3075 3091 3455 3157 damnaveram,

1872 3171 2196 3237 scorpionum
2216 3178 2412 3224 tantum
2439 3171 2605 3227 socius
2631 3183 2678 3227 et
2702 3178 2950 3245 ferarum,
2976 3192 3111 3249 stupe
3136 3179 3306 3233 choris
3324 3180 3456 3235 inte-

1872 3273 2037 3311 reram
2062 3259 2364 3327 puellarum.
2397 3260 2668 3319 Pallebant
2693 3281 2783 3320 ora
2800 3267 3016 3338 jeiuniis
3036 3311 3049 3337 ,
3078 3278 3125 3324 et
3152 3286 3290 3327 mens
3318 3273 3458 3328 desi-

1874 3350 2029 3407 deriis
2075 3355 2321 3408 testuabat
2365 3356 2419 3409 in
2465 3359 2654 3429 frigido
2695 3376 2925 3431 corpore,
2963 3371 3009 3417 et
3049 3374 3165 3419 ante
3206 3368 3458 3423 hominem

1872 3443 2007 3499 sicca
2042 3446 2155 3516 jam
2194 3461 2346 3502 carne
2387 3460 2748 3518 prcemortuum
2786 3454 2898 3509 sola
2934 3455 3197 3511 libidinum
3225 3459 3471 3515 incendia

1874 3534 2167 3590 bulliebant.
2200 3535 2382 3610 Itaque
2402 3541 2541 3594 onmi
2558 3543 2752 3598 auxilio
2771 3544 3059 3614 destitutus,
3081 3550 3150 3603 ad
3171 3548 3294 3606 Iesu
3312 3548 3459 3621 jace-

1874 3625 1989 3679 bam
2015 3627 2195 3696 pedes,
2225 3629 2452 3700 rigabam
2490 3633 2725 3702 Iacrymis
2745 3676 2761 3702 ,
2796 3637 2937 3691 crine
2973 3641 3244 3707 tergebam.
3280 3640 3346 3696 Et
3374 3652 3471 3699 re-‘

1876 3729 2181 3790 pugnantem
2214 3720 2417 3777 carnem
2455 3724 2883 3781 hebdomadarum
2911 3730 3080 3784 inedia
3104 3734 3456 3805 sabjugabam.

1878 3810 2001 3867 Non
2042 3813 2330 3883 depudesco
2367 3816 2684 3891 infelicitatis
2713 3808 2839 3876 mea:
2864 3836 2884 3876 :
2909 3824 3032 3893 quin
3073 3827 3240 3895 potius
3269 3818 3465 3899 plango

1875 3906 1956 3957 me
1975 3919 2074 3957 non
2104 3920 2210 3959 esse
2231 3906 2367 3971 quod
2392 3909 2599 3978 fuerim.
2632 3909 2848 3966 Memini
2873 3929 2953 3968 me
2975 3915 3297 3985 clamantem,
3327 3908 3460 3975 diem

1876 3994 2050 4077 crebro
2065 3996 2305 4064 juaxisse
2322 4014 2436 4054 cum
2460 4013 2604 4056 nocte
2627 4018 2647 4055 :
2668 4020 2758 4057 nec
2787 4006 2929 4075 prius
2951 4023 2983 4060 a
3006 4010 3222 4078 pectoris
3242 3996 3463 4068 cessasse

1876 4087 2178 4156 uerberibus,
2202 4106 2373 4161 quant,
2394 4090 2616 4148 Domino
2640 4097 2941 4168 imperante,
2963 4101 3150 4157 rediret
3170 4100 3469 4176 tranquilli-1

1878 4186 1977 4235 tas.
2007 4180 2184 4255 Ipsam
2217 4201 2417 4258 quoque
2447 4187 2682 4263 cellulam
2721 4207 2882 4247 meum
2921 4196 3066 4264 quasi
3101 4199 3466 4269 cogitationum

1878 4291 2106 4330 mearum
2127 4279 2378 4333 consciam
2407 4281 2833 4351 pertintescebam.
2875 4283 2946 4340 Et
2978 4289 3202 4345 mihimet
3227 4292 3386 4347 iratus
3414 4306 3463 4351 et

1877 4369 2092 4441 rigidus,
2132 4370 2271 4426 solus
2308 4373 2507 4428 deserta
2544 4376 2865 4445 penetrabam
2887 4376 2907 4433 ἐ
2927 4378 3087 4434 sicubi
3113 4380 3334 4437 concava
3354 4386 3464 4439 ral-

1881 4462 2035 4533 lium,
2051 4482 2232 4536 aspera
2261 4469 2525 4533 montium,
2550 4471 2752 4540 rupium
2776 4481 3034 4541 prterupta
3059 4474 3319 4529 cernebam
3346 4492 3366 4530 :
3392 4477 3463 4531 ibi

1879 4572 2004 4611 metu
2050 4558 2294 4613 orationis
2341 4568 2447 4613 erat
2490 4559 2650 4627 locus,
2680 4561 2751 4615 ibi
2787 4560 2917 4616 illud
2956 4563 3253 4620 miserrimae
3294 4568 3463 4623 carnis

1881 4653 2193 4721 ergastulum
2217 4651 2285 4725 (f)
2311 4644 2645 4707 collocabant.
2692 4652 2762 4707 Et
2800 4652 2879 4722 (ut
2906 4655 3031 4709 mihi
3069 4658 3207 4713 testis
3241 4668 3312 4714 est
3355 4658 3465 4732 ipse

1882 4743 2042 4817 Deus)
2070 4755 2181 4815 post
2202 4746 2388 4798 multas
2424 4744 2706 4815 lacrgmas,
2736 4756 2846 4816 post
2871 4748 2997 4802 caelo
3018 4749 3192 4805 oculos
3212 4750 3466 4808 inhaeren-

1883 4832 1975 4901 tes,
1998 4849 2358 4904 nonnunquam
2380 4834 2582 4889 uidebar
2600 4836 2723 4890 mihi
2743 4834 2979 4895 interesse
2999 4841 3282 4911 agminibus
3310 4861 3466 4919 ange-

1883 4927 2066 4992 lorum,
2101 4934 2146 4980 et
2190 4925 2337 4980 laetus
2360 4925 2612 4997 gaudens,
2639 4928 2905 4983 cantabant
2938 4945 2957 4984 :
2985 4929 3114 4987 Post
3143 4944 3217 5002 te,
3248 4934 3299 4989 in
3329 4936 3465 4993 udo-

1881 5036 1995 5077 rem
2027 5027 2417 5091 unguentorum
2448 5028 2656 5075 tuorum
2682 5024 2964 5079 currimus.
2989 5024 3335 5092 Quadriennii
3369 5030 3467 5086 ita-

1882 5129 1987 5187 que
2030 5122 2271 5183 tempore
2310 5112 2390 5169 sic
2430 5122 2618 5170 exacto
2643 5112 2697 5170 in
2724 5113 2944 5186 praefata
2970 5127 3118 5175 vasta
3142 5119 3462 5192 solitudine,

1952 5274 2022 5339 (d)
2051 5274 2219 5339 Atque
2233 5271 2328 5322 hoc
2347 5271 2532 5339 rectius
2553 5271 2682 5321 idem
2700 5269 2790 5321 Ms.
2814 5270 2966 5339 habet
3221 5273 3474 5339 lauat-arat

1884 5333 2209 5407 vei-dispare,
2221 5346 2331 5407 qua;
2344 5333 2734 5407 subsequuntur,
2741 5333 2946 5407 qualiter
2954 5347 3146 5407 quoque
3155 5333 3475 5407 visitationem

1885 5394 2370 5467 Dom-itiinmerueril‘:
2394 5401 2498 5467 tum
2516 5394 2920 5467 illa'paulonpost,
2945 5394 3158 5467 tipist'ola
3187 5396 3257 5448 sic
3280 5397 3468 5462 incipit.

1885 5460 2032 5524 Audi,
2055 5458 2178 5524 filia,
2196 5465 2242 5509 et
2264 5456 2390 5524 vide,
2414 5457 2467 5507 in
2487 5469 2586 5524 qua
2602 5455 2728 5507 inter
2741 5455 2842 5508 alia
2863 5455 2934 5509 sic

1956 5517 2029 5595 (ςῖ
2055 5517 2145 5595 Μδτ
2187 5517 2469 5595 εοηιεάίέεβε
2488 5517 2620 5595 Ἡοὲ
2644 5524 2846 5595 ei"???
2865 5519 3114 5595 φαααραις
3138 5520 3335 5595 @5993

1885 5579 2038 5637 deiiis
2072 5597 2091 5636 :
2128 5591 2232 5634 tum
2264 5580 2385 5631 illud
2417 5580 2633 5639 rectius,
2655 5593 2755 5643 sua
2780 5580 2891 5643 jam
2912 5594 3072 5643 carne
3095 5594 3183 5643 pro
3203 5579 3335 5643 sicca
3360 5579 3473 5640 jam

1885 5661 2051 5721 carne,
2076 5653 2172 5697 etc.
2192 5643 2421 5721 Denique
2444 5653 2542 5712 non
2558 5638 2797 5721 eptbesco:
2806 5639 3024 5705 conﬁteri
3044 5638 3337 5703 infelicitatis
3351 5638 3474 5692 metu

1885 5701 2107 5761 miserias
2125 5721 2213 5769 pro
2227 5701 2501 5769 depudesco
2520 5701 2817 5769 infelicitatis
2828 5701 2976 5769 nteit.
3552 5744 3557 5749 .

1955 5769 2017 5836 (cl
2057 5761 2213 5836 Abest
2236 5761 2438 5836 verbum
2455 5761 2799 5836 colloca'bamia
2828 5763 2918 5813 Ms.
2934 5761 3126 5813 tumilla
3138 5772 3334 5825 quoque
3356 5774 3473 5815 mox

1893 5823 2081 5897 absunt,
2104 5830 2155 5882 in
2178 5833 2383 5892 pra’fata
2406 5831 2537 5877 uasta
2575 5823 2850 5875 solitudine.
