4052 6338
534 369 624 426 un
1031 327 1036 334 ’
1805 366 1860 424 ε⁶
1902 365 2276 423 ιιιΕιιοΝῐλιι
2319 364 2500 421 vm.

527 484 766 541 sentiens
791 483 843 538 iu
869 497 930 539 se
957 481 1145 538 beatus
1175 481 1534 554 Hieronymus
1571 496 1786 538 omnem
1813 483 1990 537 carnis
2016 495 2111 534 vo-

529 578 782 646 luptatem
823 585 1094 640 exustam,
1130 575 1370 644 nihilque
1397 575 1448 628 in
1475 590 1536 630 ea
1565 587 1704 639 esse,
1735 572 1874 642 quod
1904 571 2113 642 spiritui

529 675 848 738 repugnaret
887 685 900 722 :
941 655 1227 722 revertitur
1269 666 1657 736 Jerosolymam
1683 704 1701 730 ,
1749 671 1808 719 ut
1849 663 2117 719 derivaret

531 762 706 818 futues
747 775 874 817 suos
913 759 1077 826 foras,
1110 770 1165 816 et
1211 762 1260 814 in
1305 761 1493 830 plateis
1534 774 1700 830 aquas
1740 758 1975 814 scientiae
2004 771 2115 812 sua:

531 853 795 908 divideret
827 871 839 906 :
870 862 926 907 ut
951 853 1020 908 de
1048 863 1281 908 torrente
1302 855 1492 923 lingua:
1512 853 1630 922 ejus
1651 853 1800 907 multi
1826 852 1943 906 vina
1971 851 2119 906 hibe-

532 955 652 1002 reut
673 988 688 1013 ,
719 945 808 1016 qui
844 943 985 1001 liunc
1012 947 1062 1000 in
1090 946 1304 1001 deserto
1331 956 1384 1002 et
1411 948 1460 1000 in
1492 946 1633 1000 invio
1661 955 1715 1000 et
1741 945 1998 1014 inaquoso
2028 959 2114 997 re-

534 1039 713 1111 perire
737 1039 824 1093 vix
855 1047 1094 1108 possent.
1133 1038 1408 1094 Accedens
1437 1038 1593 1108 igitur
1617 1036 1682 1091 ad
1713 1036 1953 1106 ejusdem
1983 1035 2118 1090 civi-

535 1131 658 1186 tatis
703 1130 1021 1200 Episc0pum
1064 1129 1320 1202 Cyrillum
1366 1129 1604 1194 nomine,
1639 1128 1793 1198 petiit
1834 1128 1902 1183 ab
1943 1141 2029 1192 eo,
2060 1134 2118 1179 ut

533 1223 840 1288 Bethleem,
872 1238 992 1293 qua:
1019 1222 1068 1276 in
1098 1231 1249 1277 sexto
1280 1222 1377 1276 sita
1398 1230 1480 1276 est
1505 1236 1534 1275 a
1561 1219 1895 1290 Jerosolyma
1925 1217 2117 1272 millia-

533 1319 634 1383 rio,
665 1326 850 1372 contra
877 1314 1225 1370 meridianam
1251 1313 1480 1385 plagam,
1516 1313 1688 1367 locum
1717 1312 1814 1366 sibi
1845 1307 2114 1365 habitandi

534 1409 793 1464 tribueret
825 1425 838 1462 :
869 1415 1060 1478 optans
1081 1405 1304 1473 scilicet,
1334 1415 1390 1459 ut
1417 1405 1648 1475 prudens
1673 1403 1887 1467 animal,
1920 1414 2119 1471 prmse-

534 1501 621 1572 pio
663 1497 870 1554 Domini
901 1499 980 1554 sui
1007 1497 1202 1569 jugiter
1236 1496 1534 1551 adlnercre.
1579 1495 1672 1550 Cui
1705 1509 1827 1548 mox
1852 1490 1994 1563 quod
2019 1490 2117 1545 de-

533 1599 656 1644 vote
686 1589 928 1660 poposcit
959 1589 1117 1659 digne
1147 1603 1462 1642 concessum
1491 1594 1594 1640 est.
1626 1588 1694 1639 At
1724 1584 1836 1654 ipse
1859 1625 1875 1651 ,
1907 1583 2118 1636 favente

537 1680 784 1748 Domino,
806 1679 881 1752 (a)
903 1679 1278 1735 monasterium
1303 1677 1618 1742 construxit,
1647 1685 1704 1730 ut
1729 1676 1842 1746 ipse
1865 1674 2035 1743 inquit
2061 1673 2117 1727 in

534 1772 770 1842 Epistola
796 1772 862 1826 ad
896 1771 1290 1826 Pammachium
1313 1811 1328 1836 ,
1359 1769 1428 1824 de
1458 1777 1631 1822 morte
1670 1765 1903 1822 Paulinte
1933 1764 2116 1820 uxoris

531 1863 631 1918 sub
658 1862 816 1916 linem
837 1900 854 1926 ,
891 1862 942 1916 in
973 1860 1088 1916 lucc
1119 1861 1277 1915 verba
1311 1876 1326 1912 :
1359 1859 1447 1914 Sic
1473 1868 1518 1912 et
1540 1874 1630 1912 nos
1658 1857 1709 1911 in
1736 1858 1833 1910 ista
1858 1853 2118 1924 provincia

531 1955 781 2024 a'diﬁcato
809 1965 852 2008 et
884 1955 1207 2018 monasterio,
1241 1962 1286 2006 ιι
1311 1952 1584 2006 diversorio
1612 1962 1816 2021 prapter
1840 1959 2114 2014 exstructo,

532 2063 595 2100 ne
622 2048 752 2118 forte
779 2055 826 2099 et
854 2045 1002 2099 modo
1037 2044 1230 2116 Ioseph
1269 2060 1383 2097 cum
1426 2042 1595 2096 Maria
1633 2041 1888 2095 Bethleem
1918 2042 2116 2095 veniens

531 2156 632 2192 non
655 2138 872 2191 inveniat
897 2138 1188 2208 hospitium.
1215 2137 1366 2190 tantis
1392 2136 1454 2189 de
1482 2145 1584 2188 toto
1609 2135 1728 2188 orbe
1752 2135 2116 2204 conﬂuentibus

531 2230 690 2284 turbis
715 2229 972 2284 obruimur
999 2228 1360 2283 monachorum
1387 2269 1402 2294 ,
1436 2236 1488 2280 ut
1512 2242 1601 2280 nec
1629 2235 1845 2296 ereptum
1871 2241 1998 2295 opus
2025 2227 2116 2278 de-

529 2339 713 2388 serere,
739 2338 827 2376 nec
850 2338 1004 2392 supra
1030 2321 1156 2374 vires
1179 2323 1308 2390 ferre
1341 2319 1619 2373 valeamus.
1656 2317 1804 2372 Unde
1836 2318 1955 2390 quia
1993 2333 2119 2388 pene

495 2437 502 2444 ε
531 2417 672 2470 nobis
711 2414 841 2469 illud
883 2416 945 2469 de
990 2413 1270 2484 Evangelia
1297 2413 1524 2484 contigit,
1549 2422 1602 2466 ut
1631 2412 1821 2482 futura:
1840 2413 1991 2466 turris
2016 2428 2118 2466 non

531 2518 648 2560 ante
676 2518 1077 2578 computaremus
1114 2522 1356 2576 expensas
1376 2546 1391 2572 ,
1425 2504 1677 2573 compulsi
1708 2520 1882 2558 sumus
1911 2508 2119 2574 fratrem

536 2599 900 2652 Paulinianum
927 2599 994 2651 ad
1018 2599 1234 2667 patriam
1263 2597 1475 2661 mittere,
1506 2606 1560 2648 ut
1591 2596 1858 2649 semirutas
1877 2595 2080 2649 villulas
2099 2635 2115 2662 ,

531 2705 644 2760 qua:
667 2689 994 2744 barbarorum
1018 2705 1197 2742 manus
1217 2686 1523 2758 e/fugerant,
1545 2699 1588 2739 et
1612 2695 1876 2755 parentant
1896 2702 2119 2739 commu-

534 2784 672 2836 nium
715 2798 893 2836 census
931 2782 1162 2836 venderet
1189 2796 1208 2834 :
1235 2798 1298 2834 ne
1325 2789 1864 2849 cmptumsanctorum
1892 2780 2118 2833 ministe-

533 2876 664 2930 rium
686 2874 987 2942 deserentes,
1015 2874 1173 2927 risum
1200 2871 1459 2926 maledicis
1487 2880 1532 2924 et
1557 2871 1755 2925 (circulis
1781 2870 2116 2941 pra’beamas.

533 2966 588 3022 lu
630 2983 735 3037 quo
773 2967 988 3037 quidem
1030 2965 1353 3021 monasterio
1393 2965 1492 3020 sub
1535 2974 1729 3019 statuta
1759 2964 1826 3018 ah
1854 2963 2119 3034 ApOsluliS

531 3058 734 3130 degens
761 3058 938 3129 regula
969 3059 1148 3128 cmpit,
1171 3067 1227 3111 ut
1252 3057 1475 3111 multum
1493 3057 1752 3127 cupierat,
1779 3071 1898 3110 cum
1925 3055 2120 3109 illustri

531 3158 649 3211 viro
679 3153 911 3209 Eusebio
937 3152 1305 3216 Cremonensi,
1334 3160 1388 3205 et
1413 3165 1533 3206 cum
1563 3151 1681 3204 aliis
1710 3149 1911 3205 sanctis
1936 3147 2119 3203 fratri-

533 3247 630 3302 bus
663 3246 923 3301 habitare.
947 3247 987 3300 A
1018 3245 1210 3315 quibus
1239 3243 1437 3298 scilicet
1467 3242 1646 3296 divino
1673 3239 2122 3310 ministeriojugi-

534 3348 616 3394 ter
643 3338 1012 3394 iusudantihus
1049 3337 1151 3391 hoc
1193 3333 1505 3390 matutinale
1539 3333 1772 3388 ofﬁcium
1807 3331 1947 3402 qttod
1981 3347 2121 3386 nunc

533 3433 850 3487 observatur
875 3431 927 3484 in
956 3429 1192 3484 occiduis
1231 3427 1468 3482 maxime
1497 3424 1803 3495 regionibus
1823 3467 1836 3491 ,
1865 3423 2118 3478 canonica

535 3524 868 3579 institutione
901 3521 1147 3592 primitus
1182 3520 1482 3574 institutum
1512 3527 1616 3573 est.
1647 3516 1799 3584 Quod
1826 3525 1879 3570 ct
1907 3515 2120 3570 Cassia-

535 3637 635 3676 nus
679 3625 903 3674 testatur
947 3616 1132 3672 dicens
1158 3634 1170 3670 :
1201 3614 1476 3670 Matutinus
1505 3609 1860 3668 solemnitatis
1887 3609 2119 3664 ofﬁcium

534 3727 675 3768 novo
725 3709 899 3765 adhuc
953 3717 1194 3778 tempore
1239 3707 1586 3761 constitutum
1640 3712 1723 3758 est
1769 3699 2015 3772 primitus
2068 3700 2122 3756 in

533 3802 938 3860 Bethleemitico
969 3799 1293 3855 monasterio
1314 3839 1327 3864 ,
1356 3797 1444 3851 ubi
1474 3796 1728 3851 Dominus
1754 3804 1936 3850 noster
1964 3793 2121 3849 Jesus

531 3897 780 3952 Christus
811 3909 906 3965 pro
929 3892 1294 3962 redemptione
1322 3889 1538 3944 humani
1570 3887 1800 3959 generis,
1823 3902 1889 3942 ex
1917 3887 2123 3956 virgine

534 3989 680 4045 nasci
727 3987 976 4058 dignatus
1020 3993 1124 4040 est.
1172 3982 1367 4054 Sicque
1408 3997 1472 4036 ex
1524 3979 1616 4034 illo
1667 3994 1763 4050 per
1812 3977 2120 4032 universum

533 4082 787 4138 mundum
809 4077 1138 4135 consuetudo
1159 4073 1492 4131 celebranda:
1521 4072 1672 4127 istius
1702 4070 1973 4125 matutina:
2003 4067 2122 4122 fun-

533 4175 728 4229 ctionis
771 4172 1011 4226 invaluit.
1053 4169 1170 4236 Quo
1210 4166 1424 4238 quidem
1473 4174 1710 4234 tempore
1752 4163 1938 4216 beatus
1981 4160 2121 4230 Papa

539 4267 820 4330 Damasus,
848 4263 1004 4318 beato
1032 4261 1354 4331 Hieronymo
1382 4258 1432 4312 id
1462 4257 1622 4311 ofﬁcii
1640 4264 2017 4326 componente,
2049 4255 2122 4328 (ὁ)

535 4353 843 4418 constituit,
883 4361 940 4406 ut
976 4349 1165 4422 psalmi
1198 4349 1287 4404 die
1315 4359 1578 4418 noctuque
1604 4363 1700 4418 per
1725 4362 1915 4416 omnes
1936 4361 2122 4402 cana-

535 4459 720 4505 rentur
765 4445 1072 4502 Ecclesias:
1104 4452 1159 4498 et
1181 4443 1584 4498 subnecteretur
1625 4441 1675 4494 in
1719 4441 1824 4495 ﬁne
1867 4441 2122 4495 uniuscu-

529 4545 723 4612 jusque
753 4539 840 4594 hic
869 4536 1098 4608 hymnus
1129 4552 1143 4589 :
1177 4534 1356 4590 Gloria
1387 4531 1568 4599 Patri,
1600 4540 1656 4586 et
1681 4531 1836 4597 Filio,
1864 4539 1920 4587 et
1948 4529 2121 4601 Spiri-

538 4636 610 4689 tui
651 4633 870 4689 Sancto.
898 4631 1044 4687 Sicut
1072 4637 1187 4684 erat
1217 4629 1270 4682 in
1299 4626 1558 4698 principio
1583 4635 1637 4682 et
1661 4639 1802 4680 nunc
1826 4634 1881 4680 et
1910 4639 2124 4695 semper

535 4734 588 4780 et
617 4723 670 4776 in
700 4722 891 4776 Saecula
919 4719 1260 4785 sat-culorum,
1282 4733 1462 4773 amen.
1491 4717 1681 4772 Plures
1702 4717 1877 4786 itaque
1904 4716 1969 4770 ad
1997 4732 2120 4771 eum

537 4815 926 4882 religiosorum,
951 4809 1142 4879 quibus
1165 4810 1287 4864 vitae
1310 4818 1365 4863 et
1385 4809 1624 4864 scientia:
1655 4809 1770 4877 ejus
1803 4808 1938 4860 fama
1968 4807 2123 4860 inno-

538 4913 710 4962 tuerat
734 4944 749 4971 ,
780 4900 1123 4956 Confluebant
1154 4917 1168 4953 :
1199 4899 1503 4968 bonumque
1548 4897 1821 4954 doctorem
1867 4899 1992 4952 boui
2037 4898 2122 4952 di-

535 4996 725 5067 scipuli
763 4980 1160 5065 frequentantes
1190 4993 1244 5046 in
1275 4991 1530 5046 doctrina:
1575 4994 1715 5047 illius
1752 4992 1987 5048 efﬁcacia
2018 4994 2121 5048 mi-

537 5091 810 5144 rabantur.
848 5089 976 5143 Erat
1001 5087 1142 5140 enim
1169 5084 1304 5140 adeo
1325 5085 1574 5159 copiosus
1594 5086 1646 5140 in
1676 5087 1879 5142 ratione
1901 5086 2120 5141 redden-

535 5183 600 5237 da
628 5224 642 5246 ,
683 5191 740 5236 ut
792 5180 1161 5249 undecumque
1206 5179 1560 5247 interrogatus
1607 5176 1832 5245 fuisset,
1882 5188 2119 5249 paratum

538 5275 794 5343 haberet,
851 5283 902 5329 et
955 5280 1265 5342 competens
1320 5271 1437 5325 sine
1483 5269 1736 5326 dilatione
1779 5286 2118 5342 responsum.

604 5473 668 5541 la}
696 5474 911 5541 Longam
927 5485 1038 5541 quae
1054 5472 1168 5541 hinc
1187 5473 1504 5541 subsequitur
1519 5473 1868 5541 septemdecim
1886 5486 2116 5541 versuum

533 5535 828 5603 pericopeii;
842 5538 905 5586 ab
927 5535 1004 5584 liis
1025 5537 1190 5603 verbis
1204 5535 1396 5603 favente
1425 5535 1621 5584 Domino
1643 5536 1722 5603 ad_
1737 5535 1821 5603 sub
1845 5542 2020 5585 statuta
2059 5537 2119 5585 ab

534 5595 767 5664 Ltposto'lis
789 5595 966 5664 degens
990 5595 1176 5664 regula,
1199 5595 1442 5664 idem‘M‘s.
1479 5599 1824 5664 praetermittit,
1853 5610 2038 5664 errore,
2065 5605 2119 5647 ut

534 5657 744 5720 videtur,
773 5657 1071 5724 Aniiqnarii",
1091 5657 1350 5724 cui_l_‘raudi
1394 5657 1542 5724 fuerit
1552 5659 1694 5724 idem
1728 5658 2002 5710 monasterii
2028 5671 2118 5707 no-

535 5737 672 5782 men,
697 5739 794 5782 quo
821 5733 872 5773 et
891 5719 1140 5772 inchoatur
1163 5719 1242 5768 illa
1269 5726 1320 5769 et
1344 5719 1661 5769 concluditur.

601 5778 670 5848 {bl
709 5778 840 5835 Idem
865 5785 953 5834 Ms.
1003 5787 1148 5834 Beato
1173 5783 1458 5846 Hieronymo
1479 5788 1774 5849 suggerente,
1803 5793 1890 5843 pro
1908 5780 1953 5828 id
1977 5778 2123 5843 o/ficii

535 5853 854 5910 soriiponente.

3709 377 3816 438 191

2224 479 2382 534 Μοᾱο
2420 479 2708 537 humilibus
2751 482 2984 540 suaviter
3015 483 3324 556 blandiens,
3357 489 3516 545 modo
3545 496 3815 564 superbo-

2221 587 2340 627 rum
2392 574 2529 630 colla
2587 575 2966 650 confringens,
3027 580 3190 635 modo
3241 581 3813 653 derogatoribussuis

2221 663 2390 718 vicem
2419 665 2720 720 necessaria
2759 669 3106 724 mordacitate
3145 672 3479 740 rependens,
3511 677 3674 730 modo
3701 681 3809 734 vir-

2220 755 2499 826 ginitatem
2534 759 2854 828 praedicans,
2887 762 3048 817 modo
3079 764 3415 821 matrimonia
3443 776 3590 822 casta
3618 766 3811 826 defen-

2222 847 2376 912 dens,
2405 851 2568 904 modo
2594 851 2844 906 virtutum
2873 853 3164 908 certamina
3203 855 3432 925 gloriosa
3475 858 3810 928 collaudatis,

2221 940 2384 994 modo
2424 942 2604 1012 lapsus
2653 944 2708 998 in
2751 945 2966 1000 clericis
3004 947 3114 999 sive
3163 948 3441 1002 monachis
3461 949 3813 1009 vehementer

2221 1045 2498 1087 accusans.
2538 1033 2640 1103 Qui
2678 1035 2838 1090 etiam
2877 1037 3002 1092 dum
3037 1036 3212 1093 adhuc
3256 1040 3440 1096 Romae
3480 1059 3636 1098 suum
3684 1046 3812 1100 titti-

2223 1123 2331 1180 lum
2359 1124 2429 1199 (τ)
2457 1127 2783 1183 Cardinalitii
2826 1130 3224 1202 presbyteratus
3257 1132 3308 1186 in
3341 1132 3578 1188 Ecclesia
3605 1147 3807 1194 sancte

2223 1217 2519 1272 Anastasize
2545 1218 2889 1290 gubernaret.
2915 1230 3024 1276 tres
3050 1222 3274 1278 clericos
3313 1225 3461 1279 nulla
3498 1227 3602 1282 alia
3648 1243 3811 1285 causa

2222 1308 2548 1379 culpabiles,
2579 1311 2680 1367 nisi
2709 1313 2830 1384 quia
2865 1313 3166 1369 inordinate
3195 1323 3249 1368 et
3278 1316 3634 1387 iucmnpositc
3660 1321 3812 1376 ince-

2222 1399 2440 1466 debant,
2469 1402 2537 1459 ah
2570 1415 2790 1474 aspectu
2815 1420 2913 1460 suo
2940 1421 3003 1461 ac
3025 1421 3207 1462 mensa
3236 1411 3492 1465 continuo
3520 1414 3809 1482 separavit.

2222 1493 2468 1550 lacessas
2515 1497 2656 1550 enim
2708 1498 3126 1567 incompositus,
3169 1501 3392 1555 evidens
3431 1503 3640 1574 signum
3685 1517 3763 1558 est
3791 1546 3807 1570 ,

2226 1589 2474 1657 quoniam
2503 1597 2674 1645 status
2696 1590 2964 1646 interioris
2994 1592 3223 1648 hominis
3247 1595 3384 1650 male
3404 1605 3484 1649 est
3509 1596 3810 1652 ordinatus.

2227 1677 2382 1735 Unde
2425 1679 2564 1735 idem
2607 1681 2660 1736 in
2687 1682 2792 1736 vita
2835 1691 3035 1738 sancta:
3086 1683 3262 1739 Paulae
3293 1704 3307 1739 :
3336 1685 3434 1741 Per
3463 1687 3808 1754 exteriorem,

2225 1770 2416 1841 inquit,
2450 1771 2719 1827 hominem
2741 1813 2758 1840 ,
2797 1781 2852 1828 et
2891 1773 3162 1829 interioris
3192 1773 3424 1831 hominis
3453 1777 3557 1832 vita
3586 1777 3811 1834 demon-

2225 1869 2442 1916 stratur.
2476 1862 2742 1919 Praeterea
2769 1872 2911 1918 tanta
2943 1865 3237 1936 linguarum
3267 1868 3450 1936 peritia
3473 1877 3588 1923 erat
3621 1870 3812 1938 przedi-

2227 1962 2332 2020 tus,
2374 1961 2430 2008 ut
2477 1969 2840 2027 quoscumque
2883 1958 3040 2014 unius
3081 1959 3274 2030 lingua:
3313 1959 3477 2016 libros
3517 1959 3570 2016 in
3621 1976 3810 2018 manus

2225 2045 2533 2114 acciperet:
2565 2046 2662 2102 hos
2704 2047 2754 2100 in
2799 2047 2957 2103 aliam
2985 2048 3214 2119 linguam
3257 2049 3389 2104 nihil
3417 2060 3698 2107 cunctatus
3732 2053 3812 2126 (Δ)

2228 2136 2626 2202 transcriberet,
2656 2137 2792 2193 adeo
2823 2139 3148 2196 utcrederes
3172 2155 3294 2196 esse
3323 2141 3400 2196 sic
3428 2142 3707 2211 scriptum,
3739 2144 3810 2198 ita

2227 2226 2327 2282 hos
2369 2227 2486 2298 ejus
2529 2229 2790 2286 inoﬁ‘ensa
2820 2229 3075 2286 velocitas
3116 2231 3450 2287 refundeba't.
3495 2232 3650 2290 Unde
3678 2236 3810 2290 etin

2225 2320 2626 2392 derogationem
2640 2323 2955 2378 tumulorum
2973 2337 3190 2378 suorum
3212 2325 3494 2391 quamdam
3517 2325 3810 2396 Epistulam

2227 2414 2308 2468 sic
2344 2413 2651 2468 conclusit:
2687 2413 2798 2468 Nec
2828 2415 3265 2468 lucubratiuncula
3304 2415 3410 2469 hazc
3456 2424 3597 2469 tanta
3638 2425 3712 2471 est
3745 2416 3814 2469 ad

2229 2506 2448 2562 lacerate
2484 2507 2652 2562 lumen
2675 2548 2693 2575 ,
2736 2508 2966 2562 claritate
3012 2511 3220 2580 perfusa
3247 2523 3266 2562 :
3290 2519 3345 2561 ut
3384 2510 3458 2563 vel
3497 2510 3812 2563 notariorum

2226 2615 2410 2654 manus
2436 2599 2613 2671 lingua
2639 2609 2989 2672 pra'curreret.
3020 2599 3122 2656 Per
3150 2600 3287 2656 idem
3307 2610 3514 2673 tempus
3537 2601 3604 2657 ad
3632 2603 3812 2658 Pauli-

2229 2707 2353 2745 num
2377 2707 2441 2745 ex
2473 2698 2721 2746 senatore
2749 2691 3116 2764 presbyterum
3148 2692 3425 2747 miriﬁcam
3467 2693 3816 2763 praedestina-

2228 2784 2304 2839 vit
2333 2783 2647 2852 Epistulam.
2690 2783 2745 2839 ln
2773 2800 2876 2856 qua
2902 2786 3218 2857 mysterium
3248 2786 3668 2858 uniuscujusque
3690 2787 3813 2843 libri

2230 2885 2335 2931 tam
2359 2877 2577 2940 veteris,
2609 2891 2766 2948 quam
2795 2878 2916 2933 novi
2937 2876 3262 2934 Testamenti
3288 2879 3543 2944 breviter,
3570 2892 3812 2934 summa-

2231 2969 2430 3038 timque
2459 2969 2788 3038 perstrinxit.
2833 2969 2971 3038 Quid
2998 2970 3138 3026 enim
3164 2985 3270 3025 non
3298 2970 3471 3026 sol-um
3502 2971 3553 3026 in
3579 2970 3776 3026 divinis
3796 3014 3812 3039 ,

2231 3059 2323 3114 sed
2341 3060 2497 3114 etiam
2526 3059 2578 3114 in
2605 3060 2887 3116 mundanis
2913 3060 3104 3116 litteris
3130 3061 3438 3134 Hieronymi
3466 3063 3812 3132 sagacitatem

2230 3151 2396 3206 latere
2434 3151 2641 3220 potuit?
2687 3151 2763 3207 Ex
2803 3153 2995 3223 quibus
3024 3154 3229 3210 scilicet
3263 3154 3546 3211 mundanis
3581 3156 3817 3211 necessi-

2229 3251 2338 3298 tate
2363 3243 2684 3314 quandoque
2712 3245 3032 3314 cogebatur,
3074 3245 3314 3301 nonuihil
3359 3246 3471 3302 suis
3513 3246 3816 3302 immiscere

2230 3336 2572 3391 Tractatibus
2601 3354 2614 3390 :
2651 3345 2709 3392 ut
2736 3338 2986 3408 probaret
3013 3353 3076 3394 ea
3105 3353 3225 3408 qua:
3249 3353 3278 3392 a
3305 3339 3505 3394 sanctis
3535 3338 3817 3409 Pr0phetis

2230 3438 2355 3482 ante
2376 3427 2567 3482 sarcula
2601 3429 2852 3498 praedicta
2873 3439 3018 3494 sunt,
3042 3438 3150 3484 tam
3185 3430 3492 3486 Grrecorum
3522 3445 3682 3501 quam
3716 3431 3817 3486 La-

2233 3519 2462 3574 tinorum
2505 3528 2560 3574 et
2598 3519 2822 3574 aliarum
2865 3522 3102 3590 gentium
3133 3522 3326 3577 litteris
3366 3522 3654 3578 contineri.
3701 3522 3816 3578 Non

2230 3611 2373 3666 enim
2399 3610 2723 3666 credendum
2754 3621 2838 3666 est
2866 3612 2916 3666 id
2948 3627 3017 3668 eo
3041 3611 3238 3668 factum
3261 3653 3278 3681 ,
3309 3613 3453 3683 quod
3481 3613 3601 3668 libri
3627 3613 3817 3669 Genti-

2234 3701 2359 3756 lium
2395 3709 2669 3771 tantopere
2691 3700 2833 3756 illius
2859 3702 3191 3758 oblectarent
3219 3712 3452 3758 mentem
3473 3743 3488 3768 ,
3517 3718 3642 3759 eum
3671 3703 3817 3775 prius

2231 3795 2502 3865 aliquanto
2530 3793 2596 3848 ad
2623 3793 2842 3850 cmlcste
2871 3803 3134 3850 retractus
3159 3810 3405 3863 examen,
3429 3808 3530 3866 pro
3553 3795 3815 3864 ejusmodi

2234 3885 2463 3942 lectione
2492 3898 2680 3955 pinnas
2715 3885 2903 3941 luisset
2938 3885 3120 3940 divino
3145 3900 3210 3941 ac
3233 3886 3454 3942 salutari
3483 3886 3710 3942 verbere
3732 3901 3820 3940 ca-

2232 3980 2476 4049 stigatus.
2506 3959 2660 4046 Quod
2690 3978 2920 4049 qualiter
2958 3989 3134 4034 actum
3162 3979 3254 4047 sit,
3297 3980 3351 4034 in
3391 3979 3647 4050 praedicta
3692 3980 3819 4050 Epi-

2233 4072 2368 4128 stola
2406 4070 2473 4126 ad
2512 4071 2863 4126 Eustochium
2910 4070 3102 4141 legitur
3141 4070 3331 4127 eodem
3375 4071 3704 4143 Hieronymo
3743 4073 3819 4128 sic

2233 4163 2372 4220 inter
2410 4163 2514 4216 alia
2554 4162 2818 4218 referente
2845 4178 2858 4216 :
2892 4161 3026 4216 Dum
3056 4171 3174 4216 ante
3207 4164 3358 4216 etiam
3390 4179 3552 4218 annos
3576 4165 3822 4233 plurimas

2233 4254 2406 4321 domo,
2439 4254 2766 4325 parentibus,
2802 4254 3029 4324 cognatis
3067 4263 3112 4308 et
3151 4255 3286 4325 quod
3329 4255 3408 4309 his
3449 4255 3704 4326 diﬁcilius
3726 4266 3818 4322 est,

2233 4347 2591 4402 consuetudine
2615 4348 2843 4402 lautioris
2864 4347 2959 4402 cibi
2981 4357 3186 4420 prapler
3205 4348 3443 4403 ctelorum
3466 4366 3544 4404 me
3561 4365 3718 4420 regna
3737 4367 3823 4404 ca-

2232 4450 2490 4506 strassem,
2513 4450 2559 4494 et
2582 4438 2995 4511 Hierosolymam
3014 4441 3319 4496 militaturus
3345 4457 3621 4513 pergerem,
3644 4441 3824 4498 biblio-

2235 4534 2376 4588 theca
2395 4549 2546 4604 quam
2571 4532 2698 4586 mihi
2729 4532 2903 4614 Romae
2921 4549 3118 4587 summo
3137 4533 3303 4588 studio
3321 4550 3381 4587 ac
3402 4523 3572 4589 labore
3586 4537 3824 4605 confece-

2232 4643 2364 4694 ram,
2387 4643 2559 4681 carere
2577 4643 2678 4680 non
2699 4635 2945 4695 poteram.
2967 4623 3150 4696 Itaque
3169 4625 3320 4680 miser
3339 4641 3429 4697 ego
3450 4626 3673 4681 lecturus
3692 4626 3824 4682 Tul-

2235 4723 2358 4783 lium
2379 4762 2393 4786 ,
2415 4719 2714 4792 jejunabam
2743 4733 2763 4773 :
2792 4727 2905 4790 post
2944 4719 3165 4771 noctium
3199 4718 3399 4772 crebras
3434 4717 3632 4792 vigilias
3653 4760 3671 4787 ,
3714 4730 3826 4789 post

2235 4815 2507 4884 lacrymas,
2544 4827 2657 4882 qua:
2681 4811 2806 4865 mihi
2851 4810 3218 4880 prseteritorum
3243 4821 3560 4880 peccatorum
3585 4813 3828 4865 recorda-

2235 4908 2370 4960 tione
2401 4920 2464 4958 ea:
2500 4903 2689 4958 intimis
2717 4901 2983 4956 visceribus
3001 4900 3224 4970 ﬂuebant
3244 4942 3259 4965 ,
3281 4900 3438 4955 Plato
3458 4901 3749 4954 sumebatur
3772 4903 3823 4954 in

2233 4995 2485 5050 manibus.
2519 4993 2800 5064 Siquando
2823 4993 2873 5046 in
2896 4992 3184 5061 memetipso
3207 5007 3431 5046 reversus
3451 4989 3742 5060 Prophetas
3764 4994 3825 5046 le-

2231 5106 2349 5162 gere
2376 5089 2651 5160 ctepissem,
2680 5101 2841 5139 sermo
2866 5084 3098 5139 horrebat
3125 5084 3367 5138 incultus.
3410 5082 3476 5137 Et
3505 5084 3626 5154 quia
3653 5085 3822 5139 lumen

2231 5183 2378 5236 circis
2394 5177 2554 5234 oculis
2569 5193 2668 5231 non
2689 5175 2915 5230 videbam
2928 5192 2947 5230 :
2964 5192 3063 5229 non
3078 5172 3340 5228 oculorum
3362 5175 3603 5244 putabant
3619 5176 3824 5241 culpam

2231 5289 2360 5338 esse,
2387 5273 2479 5326 sed
2503 5268 2646 5323 solis.
2679 5266 2916 5337 Dumque
2938 5266 3011 5321 ita
3036 5283 3116 5321 me
3141 5268 3380 5336 antiquus
3404 5283 3613 5336 serpens
3639 5267 3824 5322 illude-

2301 5407 2361 5472 (ε)
2393 5404 2555 5472 Atque
2576 5401 2684 5472 haec
2707 5402 2906 5472 penitus
2926 5403 3118 5472 ignorat
3141 5400 3274 5472 idem
3297 5401 3388 5451 Ms.
3406 5403 3566 5472 verba
3586 5401 3826 5453 cardina-

2232 5462 2324 5521 litii
2348 5462 2722 5528 'I’resbyteratus'
2749 5462 3039 5528 inecctesia
3060 5468 3250 5514 Sancta:
3273 5464 3554 5528 Anastasice,
3593 5477 3708 5528 quas
3740 5478 3825 5515 se-

2229 5525 2584 5596 quiore_adbuc
2606 5538 2748 5573 manu
2773 5525 2998 5596 videntur
3023 5525 3070 5573 in
3094 5531 3287 5596 textum
3311 5527 3511 5596 intima.

2303 5591 2371 5655 (Δ)
2390 5587 2500 5655 ΔΜε.
2518 5593 2888 5655 transcurreret.
2903 5587 3003 5636 Nos
3022 5585 3148 5655 quod
3167 5589 3483 5655 subsequitur
3502 5585 3727 5655 re_loci_tas
3745 5600 3824 5639 re-

2230 5646 3515 5728 tudi-eq"secessimus.viaticatus[eiectat
3539 5649 3826 5728 Pelates}

2232 5709 2362 5766 idem
2375 5712 2465 5762 Ms.
2477 5710 2722 5760 conclusit.
2739 5718 2855 5760 Itatc
2866 5709 3280 5760 lucubratiuncuta
3290 5717 3421 5763 tanta
3431 5719 3500 5762 est
3523 5713 3588 5761 ad
3611 5709 3826 5762 lacerna:

2233 5778 2391 5826 tamen
2409 5771 2649 5837 celeritate
2674 5770 2886 5836 perfusa,
2899 5771 3302 5835 Quemadmodum
3324 5776 3476 5824 satius
3497 5775 3672 5837 utique
3692 5781 3825 5825 esset

2235 5839 2391 5890 locum
2404 5830 2632 5895 reﬁgere.
