  <div class='ocr_page' id='page_1' title='image "/cluster/home/n/w/nwhite01/storage/ocr_20150623/22/hvd.32044015471378/150.png"; bbox 0 0 4052 6338; ppageno 0'>
   <div class='ocr_carea' id='block_1_1' title="bbox 226 381 315 436">
    <p class='ocr_par' dir='ltr' id='par_1_1' title="bbox 226 381 315 436">
     <span class='ocr_line' id='line_1_1' title="bbox 226 381 315 436; baseline -0.022 0"><span class='ocrx_word' id='word_1_1' title='bbox 226 381 315 436; x_wconf 75' lang='lat'><strong><em>193</em></strong></span> 
     </span>
    </p>
   </div>
   <div class='ocr_carea' id='block_1_2' title="bbox 223 479 1790 562">
    <p class='ocr_par' dir='ltr' id='par_1_2' title="bbox 223 479 1790 562">
     <span class='ocr_line' id='line_1_2' title="bbox 223 479 1790 562; baseline -0.014 -10"><span class='ocrx_word' id='word_1_2' title='bbox 223 507 307 560; x_wconf 87' lang='lat' dir='ltr'><strong><em>ret,</em></strong></span> <span class='ocrx_word' id='word_1_3' title='bbox 333 495 383 547; x_wconf 83' lang='lat' dir='ltr'><strong><em>in</em></strong></span> <span class='ocrx_word' id='word_1_4' title='bbox 406 490 574 546; x_wconf 87' lang='lat' dir='ltr'><strong><em>media</em></strong></span> <span class='ocrx_word' id='word_1_5' title='bbox 597 492 754 562; x_wconf 75' lang='lat' dir='ltr'><strong><em>ferme</em></strong></span> <span class='ocrx_word' id='word_1_6' title='bbox 766 484 1148 559; x_wconf 86' lang='lat' dir='ltr'><strong><em>quadragesima</em></strong></span> <span class='ocrx_word' id='word_1_7' title='bbox 1169 479 1403 536; x_wconf 88' lang='lat' dir='ltr'><strong><em>medullis</em></strong></span> <span class='ocrx_word' id='word_1_8' title='bbox 1426 482 1596 552; x_wconf 80' lang='lat' dir='ltr'><strong><em>infusa</em></strong></span> <span class='ocrx_word' id='word_1_9' title='bbox 1613 479 1790 549; x_wconf 78' lang='lat' dir='ltr'><strong><em>febris,</em></strong></span> 
     </span>
    </p>
   </div>
   <div class='ocr_carea' id='block_1_3' title="bbox 227 572 1793 656">
    <p class='ocr_par' dir='ltr' id='par_1_3' title="bbox 227 572 1793 656">
     <span class='ocr_line' id='line_1_3' title="bbox 227 572 1793 656; baseline -0.011 -14"><span class='ocrx_word' id='word_1_10' title='bbox 227 602 395 656; x_wconf 86' lang='lat' dir='ltr'><strong><em>corpus</em></strong></span> <span class='ocrx_word' id='word_1_11' title='bbox 442 583 625 638; x_wconf 81' lang='lat' dir='ltr'><strong><em>invasit</em></strong></span> <span class='ocrx_word' id='word_1_12' title='bbox 664 581 965 637; x_wconf 71' lang='lat' dir='ltr'><strong><em>exhaustum</em></strong></span> <span class='ocrx_word' id='word_1_13' title='bbox 995 587 1079 632; x_wconf 87' lang='lat' dir='ltr'><strong><em>:et</em></strong></span> <span class='ocrx_word' id='word_1_14' title='bbox 1123 576 1232 631; x_wconf 87' lang='lat' dir='ltr'><strong><em>sine</em></strong></span> <span class='ocrx_word' id='word_1_15' title='bbox 1263 575 1372 628; x_wconf 88' lang='lat' dir='ltr'><strong><em>ulla</em></strong></span> <span class='ocrx_word' id='word_1_16' title='bbox 1413 573 1604 643; x_wconf 86' lang='lat' dir='ltr'><strong><em>requie,</em></strong></span> <span class='ocrx_word' id='word_1_17' title='bbox 1659 572 1793 642; x_wconf 85' lang='lat' dir='ltr'><strong><em>quod</em></strong></span> 
     </span>
    </p>
   </div>
   <div class='ocr_carea' id='block_1_4' title="bbox 227 662 1794 746">
    <p class='ocr_par' dir='ltr' id='par_1_4' title="bbox 227 662 1794 746">
     <span class='ocr_line' id='line_1_4' title="bbox 227 662 1794 746; baseline -0.01 -14"><span class='ocrx_word' id='word_1_18' title='bbox 227 682 350 732; x_wconf 86' lang='lat' dir='ltr'><strong><em>dictu</em></strong></span> <span class='ocrx_word' id='word_1_19' title='bbox 373 690 574 746; x_wconf 90' lang='lat' dir='ltr'><strong><em>quoque</em></strong></span> <span class='ocrx_word' id='word_1_20' title='bbox 602 671 927 736; x_wconf 76' lang='lat' dir='ltr'><strong><em>incredibile,</em></strong></span> <span class='ocrx_word' id='word_1_21' title='bbox 970 669 1041 722; x_wconf 87' lang='lat' dir='ltr'><strong><em>sic</em></strong></span> <span class='ocrx_word' id='word_1_22' title='bbox 1067 665 1294 736; x_wconf 78' lang='lat' dir='ltr'><strong><em>infelicia</em></strong></span> <span class='ocrx_word' id='word_1_23' title='bbox 1325 663 1546 719; x_wconf 89' lang='lat' dir='ltr'><strong><em>membra</em></strong></span> <span class='ocrx_word' id='word_1_24' title='bbox 1582 662 1794 730; x_wconf 76' lang='lat' dir='ltr'><strong><em>depasta</em></strong></span> 
     </span>
    </p>
   </div>
   <div class='ocr_carea' id='block_1_5' title="bbox 225 755 1798 833">
    <p class='ocr_par' dir='ltr' id='par_1_5' title="bbox 225 755 1798 833">
     <span class='ocr_line' id='line_1_5' title="bbox 225 755 1798 833; baseline -0.01 -9"><span class='ocrx_word' id='word_1_25' title='bbox 225 782 304 832; x_wconf 88' lang='lat' dir='ltr'><strong><em>est.</em></strong></span> <span class='ocrx_word' id='word_1_26' title='bbox 329 780 379 823; x_wconf 89' lang='lat' dir='ltr'><strong><em>ut</em></strong></span> <span class='ocrx_word' id='word_1_27' title='bbox 405 773 492 823; x_wconf 83' lang='lat' dir='ltr'><strong><em>via:</em></strong></span> <span class='ocrx_word' id='word_1_28' title='bbox 515 768 712 822; x_wconf 87' lang='lat' dir='ltr'><strong><em>ossibus</em></strong></span> <span class='ocrx_word' id='word_1_29' title='bbox 745 765 944 819; x_wconf 77' lang='lat' dir='ltr'><strong><em>interim</em></strong></span> <span class='ocrx_word' id='word_1_30' title='bbox 973 761 1284 833; x_wconf 87' lang='lat' dir='ltr'><strong><em>parabantur</em></strong></span> <span class='ocrx_word' id='word_1_31' title='bbox 1309 758 1532 829; x_wconf 69' lang='lat' dir='ltr'><strong><em>exequiae</em></strong></span> <span class='ocrx_word' id='word_1_32' title='bbox 1559 765 1606 810; x_wconf 90' lang='lat' dir='ltr'><strong><em>et</em></strong></span> <span class='ocrx_word' id='word_1_33' title='bbox 1633 755 1798 810; x_wconf 80' lang='lat' dir='ltr'><strong><em>vitalis</em></strong></span> 
     </span>
    </p>
   </div>
   <div class='ocr_carea' id='block_1_6' title="bbox 227 848 1800 928">
    <p class='ocr_par' dir='ltr' id='par_1_6' title="bbox 227 848 1800 928">
     <span class='ocr_line' id='line_1_6' title="bbox 227 848 1800 928; baseline -0.01 -14"><span class='ocrx_word' id='word_1_34' title='bbox 227 862 397 916; x_wconf 71' lang='lat' dir='ltr'><strong><em>animm</em></strong></span> <span class='ocrx_word' id='word_1_35' title='bbox 425 861 589 923; x_wconf 89' lang='lat' dir='ltr'><strong><em>calor,</em></strong></span> <span class='ocrx_word' id='word_1_36' title='bbox 618 867 721 912; x_wconf 91' lang='lat' dir='ltr'><strong><em>toto</em></strong></span> <span class='ocrx_word' id='word_1_37' title='bbox 745 859 854 928; x_wconf 84' lang='lat' dir='ltr'><strong><em>jam</em></strong></span> <span class='ocrx_word' id='word_1_38' title='bbox 882 855 1179 925; x_wconf 84' lang='lat' dir='ltr'><strong><em>[rigescente</em></strong></span> <span class='ocrx_word' id='word_1_39' title='bbox 1203 866 1436 919; x_wconf 74' lang='lat' dir='ltr'><strong><em>corpore,</em></strong></span> <span class='ocrx_word' id='word_1_40' title='bbox 1468 849 1520 903; x_wconf 85' lang='lat' dir='ltr'><strong><em>in</em></strong></span> <span class='ocrx_word' id='word_1_41' title='bbox 1549 848 1659 902; x_wconf 85' lang='lat' dir='ltr'><strong><em>solo</em></strong></span> <span class='ocrx_word' id='word_1_42' title='bbox 1685 855 1800 900; x_wconf 88' lang='lat' dir='ltr'><strong><em>tan-</em></strong></span> 
     </span>
    </p>
   </div>
   <div class='ocr_carea' id='block_1_7' title="bbox 226 938 1801 1020">
    <p class='ocr_par' dir='ltr' id='par_1_7' title="bbox 226 938 1801 1020">
     <span class='ocr_line' id='line_1_7' title="bbox 226 938 1801 1020; baseline -0.01 -15"><span class='ocrx_word' id='word_1_43' title='bbox 226 966 319 1006; x_wconf 84' lang='lat' dir='ltr'><strong><em>tum</em></strong></span> <span class='ocrx_word' id='word_1_44' title='bbox 359 960 563 1020; x_wconf 87' lang='lat' dir='ltr'><strong><em>repente</em></strong></span> <span class='ocrx_word' id='word_1_45' title='bbox 589 948 881 1019; x_wconf 77' lang='lat' dir='ltr'><strong><em>pectusculo</em></strong></span> <span class='ocrx_word' id='word_1_46' title='bbox 922 945 1221 1016; x_wconf 70' lang='lat' dir='ltr'><strong><em>palpitabat.</em></strong></span> <span class='ocrx_word' id='word_1_47' title='bbox 1252 938 1393 995; x_wconf 87' lang='lat' dir='ltr'><strong><em>Tunc</em></strong></span> <span class='ocrx_word' id='word_1_48' title='bbox 1429 939 1596 994; x_wconf 87' lang='lat' dir='ltr'><strong><em>subito</em></strong></span> <span class='ocrx_word' id='word_1_49' title='bbox 1620 946 1801 1008; x_wconf 79' lang='lat' dir='ltr'><strong><em>raptus</em></strong></span> 
     </span>
    </p>
   </div>
   <div class='ocr_carea' id='block_1_8' title="bbox 222 1030 1800 1113">
    <p class='ocr_par' dir='ltr' id='par_1_8' title="bbox 222 1030 1800 1113">
     <span class='ocr_line' id='line_1_8' title="bbox 222 1030 1800 1113; baseline -0.011 -15"><span class='ocrx_word' id='word_1_50' title='bbox 222 1047 266 1098; x_wconf 88' lang='lat' dir='ltr'><strong><em>in</em></strong></span> <span class='ocrx_word' id='word_1_51' title='bbox 308 1043 515 1113; x_wconf 90' lang='lat' dir='ltr'><strong><em>spiritu,</em></strong></span> <span class='ocrx_word' id='word_1_52' title='bbox 560 1040 629 1094; x_wconf 86' lang='lat' dir='ltr'><strong><em>ad</em></strong></span> <span class='ocrx_word' id='word_1_53' title='bbox 669 1037 891 1093; x_wconf 83' lang='lat' dir='ltr'><strong><em>tribunal</em></strong></span> <span class='ocrx_word' id='word_1_54' title='bbox 922 1036 1116 1107; x_wconf 88' lang='lat' dir='ltr'><strong><em>judicis</em></strong></span> <span class='ocrx_word' id='word_1_55' title='bbox 1147 1034 1412 1105; x_wconf 84' lang='lat' dir='ltr'><strong><em>pertrahor</em></strong></span> <span class='ocrx_word' id='word_1_56' title='bbox 1438 1046 1458 1084; x_wconf 86' lang='lat'><strong><em>:</em></strong></span> <span class='ocrx_word' id='word_1_57' title='bbox 1484 1030 1567 1083; x_wconf 88' lang='lat' dir='ltr'><strong><em>ubi</em></strong></span> <span class='ocrx_word' id='word_1_58' title='bbox 1603 1039 1800 1082; x_wconf 88' lang='lat' dir='ltr'><strong><em>tantum</em></strong></span> 
     </span>
    </p>
   </div>
   <div class='ocr_carea' id='block_1_9' title="bbox 225 1122 1798 1194">
    <p class='ocr_par' dir='ltr' id='par_1_9' title="bbox 225 1122 1798 1194">
     <span class='ocr_line' id='line_1_9' title="bbox 225 1122 1798 1194; baseline -0.011 -3"><span class='ocrx_word' id='word_1_59' title='bbox 225 1136 416 1191; x_wconf 86' lang='lat' dir='ltr'><strong><em>luminis</em></strong></span> <span class='ocrx_word' id='word_1_60' title='bbox 462 1143 571 1188; x_wconf 89' lang='lat' dir='ltr'><strong><em>erat</em></strong></span> <span class='ocrx_word' id='word_1_61' title='bbox 610 1149 675 1187; x_wconf 77' lang='lat' dir='ltr'><strong><em>ea:</em></strong></span> <span class='ocrx_word' id='word_1_62' title='bbox 703 1129 1136 1186; x_wconf 86' lang='lat' dir='ltr'><strong><em>circumstantium</em></strong></span> <span class='ocrx_word' id='word_1_63' title='bbox 1175 1126 1428 1191; x_wconf 85' lang='lat' dir='ltr'><strong><em>claritate,</em></strong></span> <span class='ocrx_word' id='word_1_64' title='bbox 1461 1122 1694 1194; x_wconf 78' lang='lat' dir='ltr'><strong><em>fulgoris,</em></strong></span> <span class='ocrx_word' id='word_1_65' title='bbox 1744 1127 1798 1173; x_wconf 88' lang='lat' dir='ltr'><strong><em>ut</em></strong></span> 
     </span>
    </p>
   </div>
   <div class='ocr_carea' id='block_1_10' title="bbox 226 1210 1800 1299">
    <p class='ocr_par' dir='ltr' id='par_1_10' title="bbox 226 1210 1800 1299">
     <span class='ocr_line' id='line_1_10' title="bbox 226 1210 1800 1299; baseline -0.011 -18"><span class='ocrx_word' id='word_1_66' title='bbox 226 1230 469 1299; x_wconf 81' lang='lat' dir='ltr'><strong><em>projectus</em></strong></span> <span class='ocrx_word' id='word_1_67' title='bbox 497 1227 552 1280; x_wconf 91' lang='lat' dir='ltr'><strong><em>in</em></strong></span> <span class='ocrx_word' id='word_1_68' title='bbox 580 1235 766 1278; x_wconf 88' lang='lat' dir='ltr'><strong><em>terram</em></strong></span> <span class='ocrx_word' id='word_1_69' title='bbox 797 1237 997 1277; x_wconf 86' lang='lat' dir='ltr'><strong><em>sursum</em></strong></span> <span class='ocrx_word' id='word_1_70' title='bbox 1027 1219 1252 1290; x_wconf 78' lang='lat' dir='ltr'><strong><em>aspicere</em></strong></span> <span class='ocrx_word' id='word_1_71' title='bbox 1285 1233 1387 1271; x_wconf 89' lang='lat' dir='ltr'><strong><em>non</em></strong></span> <span class='ocrx_word' id='word_1_72' title='bbox 1413 1213 1669 1268; x_wconf 82' lang='lat' dir='ltr'><strong><em>auderem.</em></strong></span> <span class='ocrx_word' id='word_1_73' title='bbox 1699 1210 1800 1264; x_wconf 79' lang='lat' dir='ltr'><strong><em>Iu-</em></strong></span> 
     </span>
    </p>
   </div>
   <div class='ocr_carea' id='block_1_11' title="bbox 225 1303 1800 1390">
    <p class='ocr_par' dir='ltr' id='par_1_11' title="bbox 225 1303 1800 1390">
     <span class='ocr_line' id='line_1_11' title="bbox 225 1303 1800 1390; baseline -0.011 -16"><span class='ocrx_word' id='word_1_74' title='bbox 225 1330 498 1390; x_wconf 75' lang='lat' dir='ltr'><strong><em>terrogatus</em></strong></span> <span class='ocrx_word' id='word_1_75' title='bbox 527 1317 888 1380; x_wconf 86' lang='lat' dir='ltr'><strong><em>conditionem,</em></strong></span> <span class='ocrx_word' id='word_1_76' title='bbox 917 1311 1258 1367; x_wconf 86' lang='lat' dir='ltr'><strong><em>Christianum</em></strong></span> <span class='ocrx_word' id='word_1_77' title='bbox 1298 1324 1378 1362; x_wconf 92' lang='lat' dir='ltr'><strong><em>me</em></strong></span> <span class='ocrx_word' id='word_1_78' title='bbox 1403 1322 1509 1361; x_wconf 86' lang='lat' dir='ltr'><strong><em>esse</em></strong></span> <span class='ocrx_word' id='word_1_79' title='bbox 1543 1303 1800 1373; x_wconf 82' lang='lat' dir='ltr'><strong><em>respondi.</em></strong></span> 
     </span>
    </p>
   </div>
   <div class='ocr_carea' id='block_1_12' title="bbox 230 1397 1800 1480">
    <p class='ocr_par' dir='ltr' id='par_1_12' title="bbox 230 1397 1800 1480">
     <span class='ocr_line' id='line_1_12' title="bbox 230 1397 1800 1480; baseline -0.013 -14"><span class='ocrx_word' id='word_1_80' title='bbox 230 1412 292 1467; x_wconf 82' lang='lat' dir='ltr'><strong><em>Et</em></strong></span> <span class='ocrx_word' id='word_1_81' title='bbox 307 1411 393 1465; x_wconf 90' lang='lat' dir='ltr'><strong><em>ille</em></strong></span> <span class='ocrx_word' id='word_1_82' title='bbox 416 1411 504 1480; x_wconf 90' lang='lat' dir='ltr'><strong><em>qui</em></strong></span> <span class='ocrx_word' id='word_1_83' title='bbox 531 1407 834 1477; x_wconf 66' lang='lat' dir='ltr'><strong><em>prazsidebat</em></strong></span> <span class='ocrx_word' id='word_1_84' title='bbox 863 1420 881 1458; x_wconf 91' lang='lat'><em>:</em></span> <span class='ocrx_word' id='word_1_85' title='bbox 915 1402 1169 1465; x_wconf 79' lang='lat' dir='ltr'><strong><em>Mentiris,</em></strong></span> <span class='ocrx_word' id='word_1_86' title='bbox 1213 1400 1323 1455; x_wconf 91' lang='lat' dir='ltr'><strong><em>ait:</em></strong></span> <span class='ocrx_word' id='word_1_87' title='bbox 1345 1397 1702 1453; x_wconf 83' lang='lat' dir='ltr'><strong><em>Ciceronianus</em></strong></span> <span class='ocrx_word' id='word_1_88' title='bbox 1727 1410 1800 1460; x_wconf 85' lang='lat' dir='ltr'><strong><em>es,</em></strong></span> 
     </span>
    </p>
   </div>
   <div class='ocr_carea' id='block_1_13' title="bbox 230 1485 1803 1559">
    <p class='ocr_par' dir='ltr' id='par_1_13' title="bbox 230 1485 1803 1559">
     <span class='ocr_line' id='line_1_13' title="bbox 230 1485 1803 1559; baseline -0.014 0"><span class='ocrx_word' id='word_1_89' title='bbox 230 1521 323 1559; x_wconf 92' lang='lat' dir='ltr'><strong><em>non</em></strong></span> <span class='ocrx_word' id='word_1_90' title='bbox 352 1501 696 1558; x_wconf 87' lang='lat' dir='ltr'><strong><em>Christianus.</em></strong></span> <span class='ocrx_word' id='word_1_91' title='bbox 728 1493 828 1552; x_wconf 88' lang='lat' dir='ltr'><strong><em>Ubi</em></strong></span> <span class='ocrx_word' id='word_1_92' title='bbox 850 1495 984 1549; x_wconf 86' lang='lat' dir='ltr'><strong><em>enim</em></strong></span> <span class='ocrx_word' id='word_1_93' title='bbox 1011 1503 1082 1547; x_wconf 85' lang='lat' dir='ltr'><strong><em>est</em></strong></span> <span class='ocrx_word' id='word_1_94' title='bbox 1112 1493 1376 1546; x_wconf 79' lang='lat' dir='ltr'><strong><em>thesaurus</em></strong></span> <span class='ocrx_word' id='word_1_95' title='bbox 1405 1497 1539 1552; x_wconf 85' lang='lat' dir='ltr'><strong><em>tuus,</em></strong></span> <span class='ocrx_word' id='word_1_96' title='bbox 1568 1485 1634 1540; x_wconf 88' lang='lat' dir='ltr'><strong><em>ibi</em></strong></span> <span class='ocrx_word' id='word_1_97' title='bbox 1663 1494 1736 1539; x_wconf 91' lang='lat' dir='ltr'><strong><em>est</em></strong></span> <span class='ocrx_word' id='word_1_98' title='bbox 1759 1494 1803 1538; x_wconf 89' lang='lat' dir='ltr'><strong><em>et</em></strong></span> 
     </span>
    </p>
   </div>
   <div class='ocr_carea' id='block_1_14' title="bbox 228 1578 1806 1652">
    <p class='ocr_par' dir='ltr' id='par_1_14' title="bbox 228 1578 1806 1652">
     <span class='ocr_line' id='line_1_14' title="bbox 228 1578 1806 1652; baseline -0.013 -1"><span class='ocrx_word' id='word_1_99' title='bbox 228 1614 309 1652; x_wconf 86' lang='lat' dir='ltr'><strong><em>cor</em></strong></span> <span class='ocrx_word' id='word_1_100' title='bbox 327 1608 489 1650; x_wconf 85' lang='lat' dir='ltr'><strong><em>tuum.</em></strong></span> <span class='ocrx_word' id='word_1_101' title='bbox 523 1592 675 1646; x_wconf 80' lang='lat' dir='ltr'><strong><em>Illico</em></strong></span> <span class='ocrx_word' id='word_1_102' title='bbox 695 1589 942 1651; x_wconf 86' lang='lat' dir='ltr'><strong><em>obmutui,</em></strong></span> <span class='ocrx_word' id='word_1_103' title='bbox 966 1597 1012 1641; x_wconf 90' lang='lat' dir='ltr'><strong><em>et</em></strong></span> <span class='ocrx_word' id='word_1_104' title='bbox 1039 1588 1165 1640; x_wconf 88' lang='lat' dir='ltr'><strong><em>inter</em></strong></span> <span class='ocrx_word' id='word_1_105' title='bbox 1190 1583 1392 1638; x_wconf 84' lang='lat' dir='ltr'><strong><em>uerbera</em></strong></span> <span class='ocrx_word' id='word_1_106' title='bbox 1419 1581 1560 1652; x_wconf 89' lang='lat' dir='ltr'><strong><em>(nam</em></strong></span> <span class='ocrx_word' id='word_1_107' title='bbox 1582 1578 1709 1633; x_wconf 69' lang='lat' dir='ltr'><strong><em>credi</em></strong></span> <span class='ocrx_word' id='word_1_108' title='bbox 1728 1591 1806 1631; x_wconf 86' lang='lat' dir='ltr'><strong><em>nte</em></strong></span> 
     </span>
    </p>
   </div>
   <div class='ocr_carea' id='block_1_15' title="bbox 229 1671 1806 1760">
    <p class='ocr_par' dir='ltr' id='par_1_15' title="bbox 229 1671 1806 1760">
     <span class='ocr_line' id='line_1_15' title="bbox 229 1671 1806 1760; baseline -0.013 -17"><span class='ocrx_word' id='word_1_109' title='bbox 229 1685 462 1760; x_wconf 74' lang='lat' dir='ltr'><strong><em>iusserat)</em></strong></span> <span class='ocrx_word' id='word_1_110' title='bbox 505 1702 596 1757; x_wconf 85' lang='lat' dir='ltr'><strong><em>ego</em></strong></span> <span class='ocrx_word' id='word_1_111' title='bbox 622 1683 942 1738; x_wconf 71' lang='lat' dir='ltr'><strong><em>conscientia:</em></strong></span> <span class='ocrx_word' id='word_1_112' title='bbox 979 1679 1142 1751; x_wconf 87' lang='lat' dir='ltr'><strong><em>magis</em></strong></span> <span class='ocrx_word' id='word_1_113' title='bbox 1181 1681 1297 1748; x_wconf 83' lang='lat' dir='ltr'><strong><em>igne</em></strong></span> <span class='ocrx_word' id='word_1_114' title='bbox 1342 1673 1629 1746; x_wconf 90' lang='lat' dir='ltr'><strong><em>torquebar,</em></strong></span> <span class='ocrx_word' id='word_1_115' title='bbox 1659 1671 1806 1726; x_wconf 90' lang='lat' dir='ltr'><strong><em>illum</em></strong></span> 
     </span>
    </p>
   </div>
   <div class='ocr_carea' id='block_1_16' title="bbox 227 1761 1808 1844">
    <p class='ocr_par' dir='ltr' id='par_1_16' title="bbox 227 1761 1808 1844">
     <span class='ocr_line' id='line_1_16' title="bbox 227 1761 1808 1844; baseline -0.012 -9"><span class='ocrx_word' id='word_1_116' title='bbox 227 1796 413 1834; x_wconf 79' lang='lat' dir='ltr'><strong><em>mecum</em></strong></span> <span class='ocrx_word' id='word_1_117' title='bbox 461 1776 765 1833; x_wconf 79' lang='lat' dir='ltr'><strong><em>uersiculum</em></strong></span> <span class='ocrx_word' id='word_1_118' title='bbox 806 1782 1080 1844; x_wconf 83' lang='lat' dir='ltr'><strong><em>repetens:</em></strong></span> <span class='ocrx_word' id='word_1_119' title='bbox 1109 1769 1167 1826; x_wconf 90' lang='lat' dir='ltr'><strong><em>In</em></strong></span> <span class='ocrx_word' id='word_1_120' title='bbox 1211 1767 1421 1823; x_wconf 85' lang='lat' dir='ltr'><strong><em>inferno</em></strong></span> <span class='ocrx_word' id='word_1_121' title='bbox 1460 1773 1638 1820; x_wconf 89' lang='lat' dir='ltr'><strong><em>autem</em></strong></span> <span class='ocrx_word' id='word_1_122' title='bbox 1688 1761 1808 1832; x_wconf 85' lang='lat' dir='ltr'><strong><em>quis</em></strong></span> 
     </span>
    </p>
   </div>
   <div class='ocr_carea' id='block_1_17' title="bbox 226 1856 1806 1932">
    <p class='ocr_par' dir='ltr' id='par_1_17' title="bbox 226 1856 1806 1932">
     <span class='ocr_line' id='line_1_17' title="bbox 226 1856 1806 1932; baseline -0.013 -3"><span class='ocrx_word' id='word_1_123' title='bbox 226 1872 562 1929; x_wconf 85' lang='lat' dir='ltr'><strong><em>confitebitur</em></strong></span> <span class='ocrx_word' id='word_1_124' title='bbox 602 1868 734 1925; x_wconf 89' lang='lat' dir='ltr'><strong><em>tibi?</em></strong></span> <span class='ocrx_word' id='word_1_125' title='bbox 777 1868 1000 1922; x_wconf 89' lang='lat' dir='ltr'><strong><em>clamare</em></strong></span> <span class='ocrx_word' id='word_1_126' title='bbox 1048 1873 1154 1918; x_wconf 90' lang='lat' dir='ltr'><strong><em>tum</em></strong></span> <span class='ocrx_word' id='word_1_127' title='bbox 1197 1862 1344 1931; x_wconf 68' lang='lat' dir='ltr'><strong><em>ccepi.</em></strong></span> <span class='ocrx_word' id='word_1_128' title='bbox 1385 1868 1430 1915; x_wconf 90' lang='lat' dir='ltr'><strong><em>et</em></strong></span> <span class='ocrx_word' id='word_1_129' title='bbox 1475 1857 1677 1932; x_wconf 87' lang='lat' dir='ltr'><strong><em>ejulans</em></strong></span> <span class='ocrx_word' id='word_1_130' title='bbox 1721 1856 1806 1910; x_wconf 86' lang='lat' dir='ltr'><strong><em>di-</em></strong></span> 
     </span>
    </p>
   </div>
   <div class='ocr_carea' id='block_1_18' title="bbox 227 1949 1810 2019">
    <p class='ocr_par' dir='ltr' id='par_1_18' title="bbox 227 1949 1810 2019">
     <span class='ocr_line' id='line_1_18' title="bbox 227 1949 1810 2019; baseline -0.011 0"><span class='ocrx_word' id='word_1_131' title='bbox 227 1981 330 2019; x_wconf 87' lang='lat' dir='ltr'><strong><em>cere</em></strong></span> <span class='ocrx_word' id='word_1_132' title='bbox 351 1980 371 2019; x_wconf 92' lang='lat'><strong><em>:</em></strong></span> <span class='ocrx_word' id='word_1_133' title='bbox 399 1963 646 2018; x_wconf 72' lang='lat' dir='ltr'><strong><em>Miserere</em></strong></span> <span class='ocrx_word' id='word_1_134' title='bbox 685 1960 782 2014; x_wconf 88' lang='lat' dir='ltr'><strong><em>ntei</em></strong></span> <span class='ocrx_word' id='word_1_135' title='bbox 827 1957 1066 2014; x_wconf 87' lang='lat' dir='ltr'><strong><em>Domine.</em></strong></span> <span class='ocrx_word' id='word_1_136' title='bbox 1106 1954 1342 2009; x_wconf 85' lang='lat' dir='ltr'><strong><em>miserere</em></strong></span> <span class='ocrx_word' id='word_1_137' title='bbox 1379 1952 1500 2006; x_wconf 86' lang='lat' dir='ltr'><strong><em>mei.</em></strong></span> <span class='ocrx_word' id='word_1_138' title='bbox 1545 1949 1672 2004; x_wconf 67' lang='lat' dir='ltr'><strong><em>Haec</em></strong></span> <span class='ocrx_word' id='word_1_139' title='bbox 1713 1962 1810 2002; x_wconf 76' lang='lat' dir='ltr'><strong><em>vox</em></strong></span> 
     </span>
    </p>
   </div>
   <div class='ocr_carea' id='block_1_19' title="bbox 227 2041 1809 2128">
    <p class='ocr_par' dir='ltr' id='par_1_19' title="bbox 227 2041 1809 2128">
     <span class='ocr_line' id='line_1_19' title="bbox 227 2041 1809 2128; baseline -0.012 -17"><span class='ocrx_word' id='word_1_140' title='bbox 227 2059 348 2111; x_wconf 86' lang='lat' dir='ltr'><strong><em>inter</em></strong></span> <span class='ocrx_word' id='word_1_141' title='bbox 368 2055 579 2128; x_wconf 77' lang='lat' dir='ltr'><strong><em>ﬂagella</em></strong></span> <span class='ocrx_word' id='word_1_142' title='bbox 603 2053 790 2123; x_wconf 74' lang='lat' dir='ltr'><strong><em>swpius</em></strong></span> <span class='ocrx_word' id='word_1_143' title='bbox 825 2047 1115 2105; x_wconf 84' lang='lat' dir='ltr'><strong><em>resonabat.</em></strong></span> <span class='ocrx_word' id='word_1_144' title='bbox 1144 2045 1372 2102; x_wconf 85' lang='lat' dir='ltr'><strong><em>Tandem</em></strong></span> <span class='ocrx_word' id='word_1_145' title='bbox 1392 2044 1460 2098; x_wconf 89' lang='lat' dir='ltr'><strong><em>ad</em></strong></span> <span class='ocrx_word' id='word_1_146' title='bbox 1489 2041 1809 2114; x_wconf 69' lang='lat' dir='ltr'><strong><em>prazsidentls</em></strong></span> 
     </span>
    </p>
   </div>
   <div class='ocr_carea' id='block_1_20' title="bbox 229 2133 1809 2220">
    <p class='ocr_par' dir='ltr' id='par_1_20' title="bbox 229 2133 1809 2220">
     <span class='ocr_line' id='line_1_20' title="bbox 229 2133 1809 2220; baseline -0.015 -15"><span class='ocrx_word' id='word_1_147' title='bbox 229 2166 386 2220; x_wconf 86' lang='lat' dir='ltr'><strong><em>genua</em></strong></span> <span class='ocrx_word' id='word_1_148' title='bbox 413 2147 688 2219; x_wconf 84' lang='lat' dir='ltr'><strong><em>provoluti,</em></strong></span> <span class='ocrx_word' id='word_1_149' title='bbox 720 2143 805 2216; x_wconf 85' lang='lat' dir='ltr'><strong><em>qui</em></strong></span> <span class='ocrx_word' id='word_1_150' title='bbox 843 2143 1127 2206; x_wconf 88' lang='lat' dir='ltr'><strong><em>astiterant,</em></strong></span> <span class='ocrx_word' id='word_1_151' title='bbox 1172 2137 1506 2210; x_wconf 86' lang='lat' dir='ltr'><strong><em>precabantur</em></strong></span> <span class='ocrx_word' id='word_1_152' title='bbox 1531 2143 1586 2188; x_wconf 91' lang='lat' dir='ltr'><strong><em>ut</em></strong></span> <span class='ocrx_word' id='word_1_153' title='bbox 1612 2133 1809 2186; x_wconf 77' lang='lat' dir='ltr'><strong><em>neniam</em></strong></span> 
     </span>
    </p>
   </div>
   <div class='ocr_carea' id='block_1_21' title="bbox 229 2224 1812 2300">
    <p class='ocr_par' dir='ltr' id='par_1_21' title="bbox 229 2224 1812 2300">
     <span class='ocr_line' id='line_1_21' title="bbox 229 2224 1812 2300; baseline -0.013 -6"><span class='ocrx_word' id='word_1_154' title='bbox 229 2241 459 2294; x_wconf 85' lang='lat' dir='ltr'><strong><em>tribueret</em></strong></span> <span class='ocrx_word' id='word_1_155' title='bbox 483 2235 859 2300; x_wconf 82' lang='lat' dir='ltr'><strong><em>adolescentite,</em></strong></span> <span class='ocrx_word' id='word_1_156' title='bbox 881 2242 928 2287; x_wconf 92' lang='lat' dir='ltr'><strong><em>et</em></strong></span> <span class='ocrx_word' id='word_1_157' title='bbox 953 2233 1111 2287; x_wconf 90' lang='lat' dir='ltr'><strong><em>errori</em></strong></span> <span class='ocrx_word' id='word_1_158' title='bbox 1139 2231 1308 2284; x_wconf 82' lang='lat' dir='ltr'><strong><em>locum</em></strong></span> <span class='ocrx_word' id='word_1_159' title='bbox 1341 2224 1648 2298; x_wconf 72' lang='lat' dir='ltr'><strong><em>paenitentia:</em></strong></span> <span class='ocrx_word' id='word_1_160' title='bbox 1670 2237 1812 2275; x_wconf 79' lang='lat' dir='ltr'><strong><em>cont-</em></strong></span> 
     </span>
    </p>
   </div>
   <div class='ocr_carea' id='block_1_22' title="bbox 229 2311 1813 2395">
    <p class='ocr_par' dir='ltr' id='par_1_22' title="bbox 229 2311 1813 2395">
     <span class='ocr_line' id='line_1_22' title="bbox 229 2311 1813 2395; baseline -0.011 -13"><span class='ocrx_word' id='word_1_161' title='bbox 229 2311 474 2395; x_wconf 82' lang='lat' dir='ltr'><strong><em>modaret,</em></strong></span> <span class='ocrx_word' id='word_1_162' title='bbox 490 2336 760 2383; x_wconf 69' lang='lat' dir='ltr'><strong><em>exacturus</em></strong></span> <span class='ocrx_word' id='word_1_163' title='bbox 783 2322 964 2378; x_wconf 83' lang='lat' dir='ltr'><strong><em>deinde</em></strong></span> <span class='ocrx_word' id='word_1_164' title='bbox 987 2321 1292 2384; x_wconf 88' lang='lat' dir='ltr'><strong><em>cruciatum,</em></strong></span> <span class='ocrx_word' id='word_1_165' title='bbox 1321 2318 1364 2371; x_wconf 88' lang='lat' dir='ltr'><strong><em>si</em></strong></span> <span class='ocrx_word' id='word_1_166' title='bbox 1389 2315 1652 2386; x_wconf 85' lang='lat' dir='ltr'><strong><em>gentilium</em></strong></span> <span class='ocrx_word' id='word_1_167' title='bbox 1681 2313 1813 2366; x_wconf 81' lang='lat' dir='ltr'><strong><em>litte-</em></strong></span> 
     </span>
    </p>
   </div>
   <div class='ocr_carea' id='block_1_23' title="bbox 225 2401 1816 2490">
    <p class='ocr_par' dir='ltr' id='par_1_23' title="bbox 225 2401 1816 2490">
     <span class='ocr_line' id='line_1_23' title="bbox 225 2401 1816 2490; baseline -0.011 -16"><span class='ocrx_word' id='word_1_168' title='bbox 225 2437 393 2474; x_wconf 84' lang='lat' dir='ltr'><strong><em>rarum</em></strong></span> <span class='ocrx_word' id='word_1_169' title='bbox 423 2418 703 2490; x_wconf 85' lang='lat' dir='ltr'><strong><em>aliquando</em></strong></span> <span class='ocrx_word' id='word_1_170' title='bbox 729 2417 882 2470; x_wconf 88' lang='lat' dir='ltr'><strong><em>libros</em></strong></span> <span class='ocrx_word' id='word_1_171' title='bbox 906 2413 1156 2484; x_wconf 85' lang='lat' dir='ltr'><strong><em>legissem.</em></strong></span> <span class='ocrx_word' id='word_1_172' title='bbox 1191 2408 1302 2480; x_wconf 86' lang='lat' dir='ltr'><strong><em>Ego</em></strong></span> <span class='ocrx_word' id='word_1_173' title='bbox 1325 2409 1408 2478; x_wconf 85' lang='lat' dir='ltr'><strong><em>qui</em></strong></span> <span class='ocrx_word' id='word_1_174' title='bbox 1435 2401 1576 2460; x_wconf 85' lang='lat' dir='ltr'><strong><em>tanto</em></strong></span> <span class='ocrx_word' id='word_1_175' title='bbox 1601 2403 1816 2459; x_wconf 88' lang='lat' dir='ltr'><strong><em>constri-</em></strong></span> 
     </span>
    </p>
   </div>
   <div class='ocr_carea' id='block_1_24' title="bbox 225 2496 1818 2575">
    <p class='ocr_par' dir='ltr' id='par_1_24' title="bbox 225 2496 1818 2575">
     <span class='ocr_line' id='line_1_24' title="bbox 225 2496 1818 2575; baseline -0.011 -9"><span class='ocrx_word' id='word_1_176' title='bbox 225 2523 329 2566; x_wconf 83' lang='lat' dir='ltr'><strong><em>ctus</em></strong></span> <span class='ocrx_word' id='word_1_177' title='bbox 354 2511 598 2575; x_wconf 84' lang='lat' dir='ltr'><strong><em>articulo,</em></strong></span> <span class='ocrx_word' id='word_1_178' title='bbox 632 2507 810 2562; x_wconf 85' lang='lat' dir='ltr'><strong><em>uellem</em></strong></span> <span class='ocrx_word' id='word_1_179' title='bbox 841 2505 993 2559; x_wconf 89' lang='lat' dir='ltr'><strong><em>etiam</em></strong></span> <span class='ocrx_word' id='word_1_180' title='bbox 1030 2503 1229 2571; x_wconf 87' lang='lat' dir='ltr'><strong><em>majora</em></strong></span> <span class='ocrx_word' id='word_1_181' title='bbox 1253 2498 1558 2570; x_wconf 83' lang='lat' dir='ltr'><strong><em>promittere,</em></strong></span> <span class='ocrx_word' id='word_1_182' title='bbox 1589 2496 1818 2566; x_wconf 86' lang='lat' dir='ltr'><strong><em>dejerare</em></strong></span> 
     </span>
    </p>
   </div>
   <div class='ocr_carea' id='block_1_25' title="bbox 226 2589 1816 2674">
    <p class='ocr_par' dir='ltr' id='par_1_25' title="bbox 226 2589 1816 2674">
     <span class='ocr_line' id='line_1_25' title="bbox 226 2589 1816 2674; baseline -0.012 -14"><span class='ocrx_word' id='word_1_183' title='bbox 226 2605 368 2674; x_wconf 71' lang='lat' dir='ltr'><strong><em>cieri,</em></strong></span> <span class='ocrx_word' id='word_1_184' title='bbox 394 2613 444 2658; x_wconf 85' lang='lat' dir='ltr'><strong><em>et</em></strong></span> <span class='ocrx_word' id='word_1_185' title='bbox 467 2617 651 2656; x_wconf 86' lang='lat' dir='ltr'><strong><em>nomen</em></strong></span> <span class='ocrx_word' id='word_1_186' title='bbox 669 2601 779 2667; x_wconf 87' lang='lat' dir='ltr'><strong><em>ejus</em></strong></span> <span class='ocrx_word' id='word_1_187' title='bbox 795 2596 1046 2652; x_wconf 81' lang='lat' dir='ltr'><strong><em>obtestans</em></strong></span> <span class='ocrx_word' id='word_1_188' title='bbox 1059 2593 1225 2648; x_wconf 81' lang='lat' dir='ltr'><strong><em>dicere</em></strong></span> <span class='ocrx_word' id='word_1_189' title='bbox 1246 2589 1515 2655; x_wconf 89' lang='lat' dir='ltr'><strong><em>:Domine,</em></strong></span> <span class='ocrx_word' id='word_1_190' title='bbox 1529 2591 1570 2643; x_wconf 79' lang='lat' dir='ltr'><strong><em>si</em></strong></span> <span class='ocrx_word' id='word_1_191' title='bbox 1592 2600 1816 2658; x_wconf 90' lang='lat' dir='ltr'><strong><em>unquam</em></strong></span> 
     </span>
    </p>
   </div>
   <div class='ocr_carea' id='block_1_26' title="bbox 230 2681 1812 2755">
    <p class='ocr_par' dir='ltr' id='par_1_26' title="bbox 230 2681 1812 2755">
     <span class='ocr_line' id='line_1_26' title="bbox 230 2681 1812 2755; baseline -0.011 -4"><span class='ocrx_word' id='word_1_192' title='bbox 230 2698 452 2752; x_wconf 84' lang='lat' dir='ltr'><strong><em>habuero</em></strong></span> <span class='ocrx_word' id='word_1_193' title='bbox 494 2693 698 2748; x_wconf 85' lang='lat' dir='ltr'><strong><em>codices</em></strong></span> <span class='ocrx_word' id='word_1_194' title='bbox 734 2689 1027 2753; x_wconf 67' lang='lat' dir='ltr'><strong><em>sectatores,</em></strong></span> <span class='ocrx_word' id='word_1_195' title='bbox 1072 2696 1158 2741; x_wconf 88' lang='lat' dir='ltr'><strong><em>aut</em></strong></span> <span class='ocrx_word' id='word_1_196' title='bbox 1195 2687 1238 2740; x_wconf 87' lang='lat' dir='ltr'><strong><em>si</em></strong></span> <span class='ocrx_word' id='word_1_197' title='bbox 1284 2684 1470 2755; x_wconf 86' lang='lat' dir='ltr'><strong><em>legero,</em></strong></span> <span class='ocrx_word' id='word_1_198' title='bbox 1519 2691 1567 2736; x_wconf 91' lang='lat' dir='ltr'><strong><em>te</em></strong></span> <span class='ocrx_word' id='word_1_199' title='bbox 1615 2681 1812 2752; x_wconf 75' lang='lat' dir='ltr'><strong><em>negavi.</em></strong></span> 
     </span>
    </p>
   </div>
   <div class='ocr_carea' id='block_1_27' title="bbox 231 2778 1818 2843">
    <p class='ocr_par' dir='ltr' id='par_1_27' title="bbox 231 2778 1818 2843">
     <span class='ocr_line' id='line_1_27' title="bbox 231 2778 1818 2843; baseline -0.009 -3"><span class='ocrx_word' id='word_1_200' title='bbox 231 2787 368 2842; x_wconf 80' lang='lat' dir='ltr'><strong><em>Inter</em></strong></span> <span class='ocrx_word' id='word_1_201' title='bbox 400 2789 514 2839; x_wconf 65' lang='lat' dir='ltr'><strong><em>haec</em></strong></span> <span class='ocrx_word' id='word_1_202' title='bbox 558 2780 863 2836; x_wconf 85' lang='lat' dir='ltr'><strong><em>sacramenti</em></strong></span> <span class='ocrx_word' id='word_1_203' title='bbox 891 2778 1038 2833; x_wconf 80' lang='lat' dir='ltr'><strong><em>verba</em></strong></span> <span class='ocrx_word' id='word_1_204' title='bbox 1065 2778 1324 2842; x_wconf 85' lang='lat' dir='ltr'><strong><em>dimissus,</em></strong></span> <span class='ocrx_word' id='word_1_205' title='bbox 1351 2784 1575 2829; x_wconf 85' lang='lat' dir='ltr'><strong><em>reuertor</em></strong></span> <span class='ocrx_word' id='word_1_206' title='bbox 1605 2790 1637 2826; x_wconf 94' lang='lat' dir='ltr'><strong><em>a</em></strong></span> <span class='ocrx_word' id='word_1_207' title='bbox 1669 2789 1818 2843; x_wconf 86' lang='lat' dir='ltr'><strong><em>supe-</em></strong></span> 
     </span>
    </p>
   </div>
   <div class='ocr_carea' id='block_1_28' title="bbox 232 2862 1818 2936">
    <p class='ocr_par' dir='ltr' id='par_1_28' title="bbox 232 2862 1818 2936">
     <span class='ocr_line' id='line_1_28' title="bbox 232 2862 1818 2936; baseline -0.01 -6"><span class='ocrx_word' id='word_1_208' title='bbox 232 2879 297 2931; x_wconf 86' lang='lat' dir='ltr'><strong><em>ris</em></strong></span> <span class='ocrx_word' id='word_1_209' title='bbox 319 2894 338 2933; x_wconf 89' lang='lat'><strong><em>:</em></strong></span> <span class='ocrx_word' id='word_1_210' title='bbox 373 2884 425 2930; x_wconf 89' lang='lat' dir='ltr'><strong><em>et</em></strong></span> <span class='ocrx_word' id='word_1_211' title='bbox 469 2871 774 2928; x_wconf 88' lang='lat' dir='ltr'><strong><em>mirantibus</em></strong></span> <span class='ocrx_word' id='word_1_212' title='bbox 817 2867 1011 2924; x_wconf 85' lang='lat' dir='ltr'><strong><em>cunctis</em></strong></span> <span class='ocrx_word' id='word_1_213' title='bbox 1045 2867 1218 2922; x_wconf 88' lang='lat' dir='ltr'><strong><em>oculos</em></strong></span> <span class='ocrx_word' id='word_1_214' title='bbox 1247 2865 1440 2936; x_wconf 87' lang='lat' dir='ltr'><strong><em>aperio,</em></strong></span> <span class='ocrx_word' id='word_1_215' title='bbox 1473 2872 1611 2917; x_wconf 91' lang='lat' dir='ltr'><strong><em>tanto</em></strong></span> <span class='ocrx_word' id='word_1_216' title='bbox 1650 2862 1818 2932; x_wconf 85' lang='lat' dir='ltr'><strong><em>lacry-</em></strong></span> 
     </span>
    </p>
   </div>
   <div class='ocr_carea' id='block_1_29' title="bbox 234 2953 1818 3033">
    <p class='ocr_par' dir='ltr' id='par_1_29' title="bbox 234 2953 1818 3033">
     <span class='ocr_line' id='line_1_29' title="bbox 234 2953 1818 3033; baseline -0.01 -11"><span class='ocrx_word' id='word_1_217' title='bbox 234 2983 428 3022; x_wconf 88' lang='lat' dir='ltr'><strong><em>marum</em></strong></span> <span class='ocrx_word' id='word_1_218' title='bbox 454 2965 618 3019; x_wconf 87' lang='lat' dir='ltr'><strong><em>imbre</em></strong></span> <span class='ocrx_word' id='word_1_219' title='bbox 641 2964 898 3033; x_wconf 76' lang='lat' dir='ltr'><strong><em>perfusos,</em></strong></span> <span class='ocrx_word' id='word_1_220' title='bbox 929 2969 986 3014; x_wconf 90' lang='lat' dir='ltr'><strong><em>ut</em></strong></span> <span class='ocrx_word' id='word_1_221' title='bbox 1015 2959 1165 3012; x_wconf 92' lang='lat' dir='ltr'><strong><em>etiam</em></strong></span> <span class='ocrx_word' id='word_1_222' title='bbox 1198 2955 1472 3010; x_wconf 87' lang='lat' dir='ltr'><strong><em>incredulis</em></strong></span> <span class='ocrx_word' id='word_1_223' title='bbox 1495 2953 1648 3023; x_wconf 82' lang='lat' dir='ltr'><strong><em>ﬁdem</em></strong></span> <span class='ocrx_word' id='word_1_224' title='bbox 1677 2956 1818 3025; x_wconf 81' lang='lat' dir='ltr'><strong><em>face-</em></strong></span> 
     </span>
    </p>
   </div>
   <div class='ocr_carea' id='block_1_30' title="bbox 235 3047 1819 3120">
    <p class='ocr_par' dir='ltr' id='par_1_30' title="bbox 235 3047 1819 3120">
     <span class='ocr_line' id='line_1_30' title="bbox 235 3047 1819 3120; baseline -0.01 -8"><span class='ocrx_word' id='word_1_225' title='bbox 235 3076 333 3114; x_wconf 85' lang='lat' dir='ltr'><strong><em>rent</em></strong></span> <span class='ocrx_word' id='word_1_226' title='bbox 361 3073 426 3113; x_wconf 79' lang='lat' dir='ltr'><strong><em>ea:</em></strong></span> <span class='ocrx_word' id='word_1_227' title='bbox 468 3057 666 3109; x_wconf 89' lang='lat' dir='ltr'><strong><em>dolore.</em></strong></span> <span class='ocrx_word' id='word_1_228' title='bbox 703 3051 815 3106; x_wconf 84' lang='lat' dir='ltr'><strong><em>Nec</em></strong></span> <span class='ocrx_word' id='word_1_229' title='bbox 842 3066 958 3106; x_wconf 83' lang='lat' dir='ltr'><strong><em>vero</em></strong></span> <span class='ocrx_word' id='word_1_230' title='bbox 1005 3065 1160 3120; x_wconf 82' lang='lat' dir='ltr'><strong><em>sopor</em></strong></span> <span class='ocrx_word' id='word_1_231' title='bbox 1190 3047 1280 3102; x_wconf 90' lang='lat' dir='ltr'><strong><em>ille</em></strong></span> <span class='ocrx_word' id='word_1_232' title='bbox 1317 3050 1504 3116; x_wconf 79' lang='lat' dir='ltr'><strong><em>fuerat,</em></strong></span> <span class='ocrx_word' id='word_1_233' title='bbox 1556 3053 1644 3098; x_wconf 91' lang='lat' dir='ltr'><strong><em>aut</em></strong></span> <span class='ocrx_word' id='word_1_234' title='bbox 1688 3058 1819 3098; x_wconf 80' lang='lat' dir='ltr'><strong><em>uana</em></strong></span> 
     </span>
    </p>
   </div>
   <div class='ocr_carea' id='block_1_31' title="bbox 236 3133 1813 3217">
    <p class='ocr_par' dir='ltr' id='par_1_31' title="bbox 236 3133 1813 3217">
     <span class='ocr_line' id='line_1_31' title="bbox 236 3133 1813 3217; baseline -0.011 -13"><span class='ocrx_word' id='word_1_235' title='bbox 236 3149 448 3213; x_wconf 86' lang='lat' dir='ltr'><strong><em>somnia,</em></strong></span> <span class='ocrx_word' id='word_1_236' title='bbox 466 3145 647 3217; x_wconf 85' lang='lat' dir='ltr'><strong><em>quibus</em></strong></span> <span class='ocrx_word' id='word_1_237' title='bbox 669 3158 803 3214; x_wconf 81' lang='lat' dir='ltr'><strong><em>stepe</em></strong></span> <span class='ocrx_word' id='word_1_238' title='bbox 823 3141 1128 3196; x_wconf 88' lang='lat' dir='ltr'><strong><em>deludimur.</em></strong></span> <span class='ocrx_word' id='word_1_239' title='bbox 1156 3137 1301 3192; x_wconf 85' lang='lat' dir='ltr'><strong><em>Teste</em></strong></span> <span class='ocrx_word' id='word_1_240' title='bbox 1324 3146 1397 3190; x_wconf 89' lang='lat' dir='ltr'><strong><em>est</em></strong></span> <span class='ocrx_word' id='word_1_241' title='bbox 1418 3134 1644 3190; x_wconf 88' lang='lat' dir='ltr'><strong><em>tribunal</em></strong></span> <span class='ocrx_word' id='word_1_242' title='bbox 1662 3133 1813 3200; x_wconf 91' lang='lat' dir='ltr'><strong><em>illud,</em></strong></span> 
     </span>
    </p>
   </div>
   <div class='ocr_carea' id='block_1_32' title="bbox 237 3225 1820 3309">
    <p class='ocr_par' dir='ltr' id='par_1_32' title="bbox 237 3225 1820 3309">
     <span class='ocr_line' id='line_1_32' title="bbox 237 3225 1820 3309; baseline -0.01 -14"><span class='ocrx_word' id='word_1_243' title='bbox 237 3251 348 3294; x_wconf 87' lang='lat' dir='ltr'><strong><em>ante</em></strong></span> <span class='ocrx_word' id='word_1_244' title='bbox 371 3237 508 3309; x_wconf 88' lang='lat' dir='ltr'><strong><em>quod</em></strong></span> <span class='ocrx_word' id='word_1_245' title='bbox 524 3236 691 3309; x_wconf 85' lang='lat' dir='ltr'><strong><em>jacui.</em></strong></span> <span class='ocrx_word' id='word_1_246' title='bbox 721 3233 988 3288; x_wconf 81' lang='lat' dir='ltr'><strong><em>Judicium</em></strong></span> <span class='ocrx_word' id='word_1_247' title='bbox 1025 3240 1147 3285; x_wconf 78' lang='lat' dir='ltr'><strong><em>teste</em></strong></span> <span class='ocrx_word' id='word_1_248' title='bbox 1175 3239 1269 3294; x_wconf 88' lang='lat' dir='ltr'><strong><em>est,</em></strong></span> <span class='ocrx_word' id='word_1_249' title='bbox 1311 3229 1446 3295; x_wconf 89' lang='lat' dir='ltr'><strong><em>quod</em></strong></span> <span class='ocrx_word' id='word_1_250' title='bbox 1471 3229 1636 3282; x_wconf 89' lang='lat' dir='ltr'><strong><em>timui.</em></strong></span> <span class='ocrx_word' id='word_1_251' title='bbox 1669 3225 1820 3282; x_wconf 84' lang='lat' dir='ltr'><strong><em>Ultra</em></strong></span> 
     </span>
    </p>
   </div>
   <div class='ocr_carea' id='block_1_33' title="bbox 239 3319 1814 3402">
    <p class='ocr_par' dir='ltr' id='par_1_33' title="bbox 239 3319 1814 3402">
     <span class='ocr_line' id='line_1_33' title="bbox 239 3319 1814 3402; baseline -0.008 -15"><span class='ocrx_word' id='word_1_252' title='bbox 239 3335 359 3387; x_wconf 80' lang='lat' dir='ltr'><strong><em>mihi</em></strong></span> <span class='ocrx_word' id='word_1_253' title='bbox 386 3345 644 3402; x_wconf 87' lang='lat' dir='ltr'><strong><em>nunquam</em></strong></span> <span class='ocrx_word' id='word_1_254' title='bbox 673 3327 931 3396; x_wconf 85' lang='lat' dir='ltr'><strong><em>contingat</em></strong></span> <span class='ocrx_word' id='word_1_255' title='bbox 955 3325 1007 3377; x_wconf 92' lang='lat' dir='ltr'><strong><em>in</em></strong></span> <span class='ocrx_word' id='word_1_256' title='bbox 1038 3323 1192 3376; x_wconf 88' lang='lat' dir='ltr'><strong><em>talem</em></strong></span> <span class='ocrx_word' id='word_1_257' title='bbox 1227 3321 1446 3374; x_wconf 83' lang='lat' dir='ltr'><strong><em>incidere</em></strong></span> <span class='ocrx_word' id='word_1_258' title='bbox 1467 3319 1814 3390; x_wconf 72' lang='lat' dir='ltr'><strong><em>quazstionem.</em></strong></span> 
     </span>
    </p>
   </div>
   <div class='ocr_carea' id='block_1_34' title="bbox 240 3410 1816 3493">
    <p class='ocr_par' dir='ltr' id='par_1_34' title="bbox 240 3410 1816 3493">
     <span class='ocr_line' id='line_1_34' title="bbox 240 3410 1816 3493; baseline -0.01 -14"><span class='ocrx_word' id='word_1_259' title='bbox 240 3425 372 3480; x_wconf 82' lang='lat' dir='ltr'><strong><em>Nam</em></strong></span> <span class='ocrx_word' id='word_1_260' title='bbox 402 3424 566 3493; x_wconf 73' lang='lat' dir='ltr'><strong><em>fateor</em></strong></span> <span class='ocrx_word' id='word_1_261' title='bbox 606 3417 894 3474; x_wconf 81' lang='lat' dir='ltr'><strong><em>uulneribus</em></strong></span> <span class='ocrx_word' id='word_1_262' title='bbox 936 3415 1172 3470; x_wconf 86' lang='lat' dir='ltr'><strong><em>habuisse</em></strong></span> <span class='ocrx_word' id='word_1_263' title='bbox 1217 3429 1296 3468; x_wconf 87' lang='lat' dir='ltr'><strong><em>me</em></strong></span> <span class='ocrx_word' id='word_1_264' title='bbox 1335 3412 1513 3482; x_wconf 87' lang='lat' dir='ltr'><strong><em>plenas</em></strong></span> <span class='ocrx_word' id='word_1_265' title='bbox 1557 3410 1816 3481; x_wconf 87' lang='lat' dir='ltr'><strong><em>scapulas,</em></strong></span> 
     </span>
    </p>
   </div>
   <div class='ocr_carea' id='block_1_35' title="bbox 239 3504 1819 3592">
    <p class='ocr_par' dir='ltr' id='par_1_35' title="bbox 239 3504 1819 3592">
     <span class='ocr_line' id='line_1_35' title="bbox 239 3504 1819 3592; baseline -0.011 -16"><span class='ocrx_word' id='word_1_266' title='bbox 239 3520 413 3592; x_wconf 76' lang='lat' dir='ltr'><strong><em>plagas</em></strong></span> <span class='ocrx_word' id='word_1_267' title='bbox 453 3517 668 3572; x_wconf 86' lang='lat' dir='ltr'><strong><em>sensisse</em></strong></span> <span class='ocrx_word' id='word_1_268' title='bbox 708 3522 819 3585; x_wconf 81' lang='lat' dir='ltr'><strong><em>post</em></strong></span> <span class='ocrx_word' id='word_1_269' title='bbox 857 3511 1127 3575; x_wconf 81' lang='lat' dir='ltr'><strong><em>somniant,</em></strong></span> <span class='ocrx_word' id='word_1_270' title='bbox 1169 3516 1218 3562; x_wconf 91' lang='lat' dir='ltr'><strong><em>et</em></strong></span> <span class='ocrx_word' id='word_1_271' title='bbox 1255 3515 1395 3561; x_wconf 90' lang='lat' dir='ltr'><strong><em>tanta</em></strong></span> <span class='ocrx_word' id='word_1_272' title='bbox 1431 3506 1614 3560; x_wconf 83' lang='lat' dir='ltr'><strong><em>dehinc</em></strong></span> <span class='ocrx_word' id='word_1_273' title='bbox 1650 3504 1819 3559; x_wconf 89' lang='lat' dir='ltr'><strong><em>studio</em></strong></span> 
     </span>
    </p>
   </div>
   <div class='ocr_carea' id='block_1_36' title="bbox 237 3597 1822 3681">
    <p class='ocr_par' dir='ltr' id='par_1_36' title="bbox 237 3597 1822 3681">
     <span class='ocr_line' id='line_1_36' title="bbox 237 3597 1822 3681; baseline -0.008 -15"><span class='ocrx_word' id='word_1_274' title='bbox 237 3613 404 3667; x_wconf 76' lang='lat' dir='ltr'><strong><em>divina</em></strong></span> <span class='ocrx_word' id='word_1_275' title='bbox 429 3611 627 3681; x_wconf 81' lang='lat' dir='ltr'><strong><em>legisse,</em></strong></span> <span class='ocrx_word' id='word_1_276' title='bbox 651 3615 841 3678; x_wconf 89' lang='lat' dir='ltr'><strong><em>quanto</em></strong></span> <span class='ocrx_word' id='word_1_277' title='bbox 870 3619 971 3657; x_wconf 90' lang='lat' dir='ltr'><strong><em>non</em></strong></span> <span class='ocrx_word' id='word_1_278' title='bbox 1013 3612 1130 3656; x_wconf 90' lang='lat' dir='ltr'><strong><em>ante</em></strong></span> <span class='ocrx_word' id='word_1_279' title='bbox 1164 3601 1400 3654; x_wconf 89' lang='lat' dir='ltr'><strong><em>mortalia</em></strong></span> <span class='ocrx_word' id='word_1_280' title='bbox 1426 3600 1664 3670; x_wconf 89' lang='lat' dir='ltr'><strong><em>legeram.</em></strong></span> <span class='ocrx_word' id='word_1_281' title='bbox 1690 3597 1822 3654; x_wconf 84' lang='lat' dir='ltr'><strong><em>Post</em></strong></span> 
     </span>
    </p>
   </div>
   <div class='ocr_carea' id='block_1_37' title="bbox 240 3690 1818 3774">
    <p class='ocr_par' dir='ltr' id='par_1_37' title="bbox 240 3690 1818 3774">
     <span class='ocr_line' id='line_1_37' title="bbox 240 3690 1818 3774; baseline -0.01 -14"><span class='ocrx_word' id='word_1_282' title='bbox 240 3705 353 3761; x_wconf 72' lang='lat' dir='ltr'><strong><em>litae</em></strong></span> <span class='ocrx_word' id='word_1_283' title='bbox 393 3705 572 3774; x_wconf 79' lang='lat' dir='ltr'><strong><em>itaque</em></strong></span> <span class='ocrx_word' id='word_1_284' title='bbox 619 3715 742 3756; x_wconf 89' lang='lat' dir='ltr'><strong><em>cum</em></strong></span> <span class='ocrx_word' id='word_1_285' title='bbox 773 3696 1000 3768; x_wconf 87' lang='lat' dir='ltr'><strong><em>quadam</em></strong></span> <span class='ocrx_word' id='word_1_286' title='bbox 1033 3694 1122 3750; x_wconf 87' lang='lat' dir='ltr'><strong><em>die</em></strong></span> <span class='ocrx_word' id='word_1_287' title='bbox 1166 3707 1348 3748; x_wconf 86' lang='lat' dir='ltr'><strong><em>sacras</em></strong></span> <span class='ocrx_word' id='word_1_288' title='bbox 1375 3692 1682 3762; x_wconf 87' lang='lat' dir='ltr'><strong><em>Scripturas</em></strong></span> <span class='ocrx_word' id='word_1_289' title='bbox 1705 3690 1818 3745; x_wconf 86' lang='lat' dir='ltr'><strong><em>fra-</em></strong></span> 
     </span>
    </p>
   </div>
   <div class='ocr_carea' id='block_1_38' title="bbox 241 3783 1816 3853">
    <p class='ocr_par' dir='ltr' id='par_1_38' title="bbox 241 3783 1816 3853">
     <span class='ocr_line' id='line_1_38' title="bbox 241 3783 1816 3853; baseline -0.011 0"><span class='ocrx_word' id='word_1_290' title='bbox 241 3798 406 3853; x_wconf 90' lang='lat' dir='ltr'><strong><em>tribus</em></strong></span> <span class='ocrx_word' id='word_1_291' title='bbox 439 3811 504 3851; x_wconf 81' lang='lat' dir='ltr'><strong><em>ex</em></strong></span> <span class='ocrx_word' id='word_1_292' title='bbox 531 3808 686 3848; x_wconf 89' lang='lat' dir='ltr'><strong><em>more</em></strong></span> <span class='ocrx_word' id='word_1_293' title='bbox 713 3792 1028 3852; x_wconf 81' lang='lat' dir='ltr'><strong><em>dissereret,</em></strong></span> <span class='ocrx_word' id='word_1_294' title='bbox 1075 3784 1253 3841; x_wconf 86' lang='lat' dir='ltr'><strong><em>subito</em></strong></span> <span class='ocrx_word' id='word_1_295' title='bbox 1283 3784 1456 3839; x_wconf 87' lang='lat' dir='ltr'><strong><em>tribus</em></strong></span> <span class='ocrx_word' id='word_1_296' title='bbox 1487 3783 1816 3849; x_wconf 81' lang='lat' dir='ltr'><strong><em>claudicans,</em></strong></span> 
     </span>
    </p>
   </div>
   <div class='ocr_carea' id='block_1_39' title="bbox 239 3872 1821 3960">
    <p class='ocr_par' dir='ltr' id='par_1_39' title="bbox 239 3872 1821 3960">
     <span class='ocr_line' id='line_1_39' title="bbox 239 3872 1821 3960; baseline -0.01 -16"><span class='ocrx_word' id='word_1_297' title='bbox 239 3898 430 3960; x_wconf 83' lang='lat' dir='ltr'><strong><em>quarto</em></strong></span> <span class='ocrx_word' id='word_1_298' title='bbox 471 3897 734 3957; x_wconf 73' lang='lat' dir='ltr'><strong><em>suapenso</em></strong></span> <span class='ocrx_word' id='word_1_299' title='bbox 769 3879 906 3952; x_wconf 86' lang='lat' dir='ltr'><strong><em>pede</em></strong></span> <span class='ocrx_word' id='word_1_300' title='bbox 951 3879 1184 3934; x_wconf 86' lang='lat' dir='ltr'><strong><em>claustra</em></strong></span> <span class='ocrx_word' id='word_1_301' title='bbox 1223 3873 1456 3931; x_wconf 70' lang='lat' dir='ltr'><strong><em>cmnobii</em></strong></span> <span class='ocrx_word' id='word_1_302' title='bbox 1499 3873 1588 3929; x_wconf 90' lang='lat' dir='ltr'><strong><em>leo</em></strong></span> <span class='ocrx_word' id='word_1_303' title='bbox 1631 3872 1821 3944; x_wconf 80' lang='lat' dir='ltr'><strong><em>ingens</em></strong></span> 
     </span>
    </p>
   </div>
   <div class='ocr_carea' id='block_1_40' title="bbox 239 3965 1820 4051">
    <p class='ocr_par' dir='ltr' id='par_1_40' title="bbox 239 3965 1820 4051">
     <span class='ocr_line' id='line_1_40' title="bbox 239 3965 1820 4051; baseline -0.01 -15"><span class='ocrx_word' id='word_1_304' title='bbox 239 3979 554 4051; x_wconf 74' lang='lat' dir='ltr'><strong><em>ingreditur.</em></strong></span> <span class='ocrx_word' id='word_1_305' title='bbox 597 3977 842 4045; x_wconf 85' lang='lat' dir='ltr'><strong><em>Cumque</em></strong></span> <span class='ocrx_word' id='word_1_306' title='bbox 888 3971 1084 4028; x_wconf 75' lang='lat' dir='ltr'><strong><em>fratres</em></strong></span> <span class='ocrx_word' id='word_1_307' title='bbox 1129 3968 1299 4025; x_wconf 86' lang='lat' dir='ltr'><strong><em>territi</em></strong></span> <span class='ocrx_word' id='word_1_308' title='bbox 1337 3966 1518 4038; x_wconf 83' lang='lat' dir='ltr'><strong><em>fugam</em></strong></span> <span class='ocrx_word' id='word_1_309' title='bbox 1566 3965 1820 4035; x_wconf 80' lang='lat' dir='ltr'><strong><em>arripuis-</em></strong></span> 
     </span>
    </p>
   </div>
   <div class='ocr_carea' id='block_1_41' title="bbox 239 4059 1821 4141">
    <p class='ocr_par' dir='ltr' id='par_1_41' title="bbox 239 4059 1821 4141">
     <span class='ocr_line' id='line_1_41' title="bbox 239 4059 1821 4141; baseline -0.01 -12"><span class='ocrx_word' id='word_1_310' title='bbox 239 4084 380 4141; x_wconf 86' lang='lat' dir='ltr'><strong><em>sent,</em></strong></span> <span class='ocrx_word' id='word_1_311' title='bbox 419 4072 501 4127; x_wconf 85' lang='lat' dir='ltr'><strong><em>vir</em></strong></span> <span class='ocrx_word' id='word_1_312' title='bbox 541 4071 636 4127; x_wconf 87' lang='lat' dir='ltr'><strong><em>Dei</em></strong></span> <span class='ocrx_word' id='word_1_313' title='bbox 661 4068 828 4125; x_wconf 88' lang='lat' dir='ltr'><strong><em>veluti</em></strong></span> <span class='ocrx_word' id='word_1_314' title='bbox 859 4064 1054 4135; x_wconf 78' lang='lat' dir='ltr'><strong><em>liOSpiti</em></strong></span> <span class='ocrx_word' id='word_1_315' title='bbox 1081 4061 1393 4118; x_wconf 85' lang='lat' dir='ltr'><strong><em>adventanti</em></strong></span> <span class='ocrx_word' id='word_1_316' title='bbox 1423 4075 1484 4115; x_wconf 85' lang='lat' dir='ltr'><strong><em>se</em></strong></span> <span class='ocrx_word' id='word_1_317' title='bbox 1514 4059 1742 4113; x_wconf 86' lang='lat' dir='ltr'><strong><em>obtulit:</em></strong></span> <span class='ocrx_word' id='word_1_318' title='bbox 1767 4067 1821 4114; x_wconf 89' lang='lat' dir='ltr'><strong><em>et</em></strong></span> 
     </span>
    </p>
   </div>
   <div class='ocr_carea' id='block_1_42' title="bbox 242 4157 1822 4240">
    <p class='ocr_par' dir='ltr' id='par_1_42' title="bbox 242 4157 1822 4240">
     <span class='ocr_line' id='line_1_42' title="bbox 242 4157 1822 4240; baseline -0.01 -14"><span class='ocrx_word' id='word_1_319' title='bbox 242 4169 541 4240; x_wconf 76' lang='lat' dir='ltr'><strong><em>intelligens</em></strong></span> <span class='ocrx_word' id='word_1_320' title='bbox 565 4166 799 4237; x_wconf 87' lang='lat' dir='ltr'><strong><em>plantam</em></strong></span> <span class='ocrx_word' id='word_1_321' title='bbox 825 4163 943 4233; x_wconf 82' lang='lat' dir='ltr'><strong><em>ejus</em></strong></span> <span class='ocrx_word' id='word_1_322' title='bbox 967 4177 996 4215; x_wconf 93' lang='lat' dir='ltr'><strong><em>a</em></strong></span> <span class='ocrx_word' id='word_1_323' title='bbox 1038 4159 1281 4216; x_wconf 82' lang='lat' dir='ltr'><strong><em>sentibus</em></strong></span> <span class='ocrx_word' id='word_1_324' title='bbox 1300 4157 1654 4224; x_wconf 82' lang='lat' dir='ltr'><strong><em>vulneratam,</em></strong></span> <span class='ocrx_word' id='word_1_325' title='bbox 1684 4171 1822 4226; x_wconf 83' lang='lat' dir='ltr'><strong><em>pra:-</em></strong></span> 
     </span>
    </p>
   </div>
   <div class='ocr_carea' id='block_1_43' title="bbox 241 4250 1820 4333">
    <p class='ocr_par' dir='ltr' id='par_1_43' title="bbox 241 4250 1820 4333">
     <span class='ocr_line' id='line_1_43' title="bbox 241 4250 1820 4333; baseline -0.009 -15"><span class='ocrx_word' id='word_1_326' title='bbox 241 4261 376 4333; x_wconf 89' lang='lat' dir='ltr'><strong><em>cepit</em></strong></span> <span class='ocrx_word' id='word_1_327' title='bbox 427 4259 706 4325; x_wconf 79' lang='lat' dir='ltr'><strong><em>fratribus,</em></strong></span> <span class='ocrx_word' id='word_1_328' title='bbox 760 4265 820 4311; x_wconf 89' lang='lat' dir='ltr'><strong><em>ut</em></strong></span> <span class='ocrx_word' id='word_1_329' title='bbox 862 4264 1069 4311; x_wconf 89' lang='lat' dir='ltr'><strong><em>terrore</em></strong></span> <span class='ocrx_word' id='word_1_330' title='bbox 1111 4250 1376 4322; x_wconf 89' lang='lat' dir='ltr'><strong><em>deposito,</em></strong></span> <span class='ocrx_word' id='word_1_331' title='bbox 1416 4264 1600 4306; x_wconf 86' lang='lat' dir='ltr'><strong><em>curam</em></strong></span> <span class='ocrx_word' id='word_1_332' title='bbox 1653 4251 1820 4320; x_wconf 87' lang='lat' dir='ltr'><strong><em>ipsius</em></strong></span> 
     </span>
    </p>
   </div>
   <div class='ocr_carea' id='block_1_44' title="bbox 240 4341 1819 4426">
    <p class='ocr_par' dir='ltr' id='par_1_44' title="bbox 240 4341 1819 4426">
     <span class='ocr_line' id='line_1_44' title="bbox 240 4341 1819 4426; baseline -0.009 -14"><span class='ocrx_word' id='word_1_333' title='bbox 240 4365 507 4426; x_wconf 84' lang='lat' dir='ltr'><strong><em>gererent.</em></strong></span> <span class='ocrx_word' id='word_1_334' title='bbox 537 4351 693 4421; x_wconf 83' lang='lat' dir='ltr'><strong><em>Quod</em></strong></span> <span class='ocrx_word' id='word_1_335' title='bbox 721 4365 844 4406; x_wconf 91' lang='lat' dir='ltr'><strong><em>cum</em></strong></span> <span class='ocrx_word' id='word_1_336' title='bbox 891 4346 1120 4404; x_wconf 87' lang='lat' dir='ltr'><strong><em>sollicite</em></strong></span> <span class='ocrx_word' id='word_1_337' title='bbox 1149 4346 1322 4410; x_wconf 82' lang='lat' dir='ltr'><strong><em>ﬁeret,</em></strong></span> <span class='ocrx_word' id='word_1_338' title='bbox 1360 4343 1506 4399; x_wconf 90' lang='lat' dir='ltr'><strong><em>omni</em></strong></span> <span class='ocrx_word' id='word_1_339' title='bbox 1543 4341 1819 4399; x_wconf 80' lang='lat' dir='ltr'><strong><em>ferocitate</em></strong></span> 
     </span>
    </p>
   </div>
   <div class='ocr_carea' id='block_1_45' title="bbox 242 4434 1819 4520">
    <p class='ocr_par' dir='ltr' id='par_1_45' title="bbox 242 4434 1819 4520">
     <span class='ocr_line' id='line_1_45' title="bbox 242 4434 1819 4520; baseline -0.01 -15"><span class='ocrx_word' id='word_1_340' title='bbox 242 4450 498 4520; x_wconf 87' lang='lat' dir='ltr'><strong><em>deposita,</em></strong></span> <span class='ocrx_word' id='word_1_341' title='bbox 547 4447 620 4500; x_wconf 89' lang='lat' dir='ltr'><strong><em>ita</em></strong></span> <span class='ocrx_word' id='word_1_342' title='bbox 652 4444 738 4498; x_wconf 90' lang='lat' dir='ltr'><strong><em>leo</em></strong></span> <span class='ocrx_word' id='word_1_343' title='bbox 778 4449 1089 4498; x_wconf 88' lang='lat' dir='ltr'><strong><em>mansuetus</em></strong></span> <span class='ocrx_word' id='word_1_344' title='bbox 1144 4436 1397 4500; x_wconf 84' lang='lat' dir='ltr'><strong><em>efﬁcitur,</em></strong></span> <span class='ocrx_word' id='word_1_345' title='bbox 1446 4443 1506 4490; x_wconf 92' lang='lat' dir='ltr'><strong><em>ut</em></strong></span> <span class='ocrx_word' id='word_1_346' title='bbox 1542 4435 1592 4490; x_wconf 92' lang='lat' dir='ltr'><strong><em>ei</em></strong></span> <span class='ocrx_word' id='word_1_347' title='bbox 1627 4434 1819 4490; x_wconf 85' lang='lat' dir='ltr'><strong><em>fratres</em></strong></span> 
     </span>
    </p>
   </div>
   <div class='ocr_carea' id='block_1_46' title="bbox 235 4527 1819 4610">
    <p class='ocr_par' dir='ltr' id='par_1_46' title="bbox 235 4527 1819 4610">
     <span class='ocr_line' id='line_1_46' title="bbox 235 4527 1819 4610; baseline -0.01 -12"><span class='ocrx_word' id='word_1_348' title='bbox 235 4541 382 4610; x_wconf 78' lang='lat' dir='ltr'><strong><em>jussu</em></strong></span> <span class='ocrx_word' id='word_1_349' title='bbox 421 4538 562 4596; x_wconf 88' lang='lat' dir='ltr'><strong><em>beati</em></strong></span> <span class='ocrx_word' id='word_1_350' title='bbox 604 4535 914 4607; x_wconf 82' lang='lat' dir='ltr'><strong><em>Hieronymi</em></strong></span> <span class='ocrx_word' id='word_1_351' title='bbox 951 4534 1160 4588; x_wconf 88' lang='lat' dir='ltr'><strong><em>asinum</em></strong></span> <span class='ocrx_word' id='word_1_352' title='bbox 1186 4528 1473 4602; x_wconf 86' lang='lat' dir='ltr'><strong><em>quemdam</em></strong></span> <span class='ocrx_word' id='word_1_353' title='bbox 1517 4527 1819 4583; x_wconf 88' lang='lat' dir='ltr'><strong><em>committe-</em></strong></span> 
     </span>
    </p>
   </div>
   <div class='ocr_carea' id='block_1_47' title="bbox 244 4619 1818 4706">
    <p class='ocr_par' dir='ltr' id='par_1_47' title="bbox 244 4619 1818 4706">
     <span class='ocr_line' id='line_1_47' title="bbox 244 4619 1818 4706; baseline -0.01 -15"><span class='ocrx_word' id='word_1_354' title='bbox 244 4645 376 4702; x_wconf 88' lang='lat' dir='ltr'><strong><em>rent,</em></strong></span> <span class='ocrx_word' id='word_1_355' title='bbox 400 4651 560 4706; x_wconf 83' lang='lat' dir='ltr'><strong><em>quem</em></strong></span> <span class='ocrx_word' id='word_1_356' title='bbox 588 4634 658 4688; x_wconf 89' lang='lat' dir='ltr'><strong><em>ab</em></strong></span> <span class='ocrx_word' id='word_1_357' title='bbox 683 4645 848 4702; x_wconf 87' lang='lat' dir='ltr'><strong><em>opere</em></strong></span> <span class='ocrx_word' id='word_1_358' title='bbox 888 4627 1202 4685; x_wconf 87' lang='lat' dir='ltr'><strong><em>redeuntem</em></strong></span> <span class='ocrx_word' id='word_1_359' title='bbox 1240 4624 1294 4681; x_wconf 91' lang='lat' dir='ltr'><strong><em>in</em></strong></span> <span class='ocrx_word' id='word_1_360' title='bbox 1335 4621 1549 4696; x_wconf 86' lang='lat' dir='ltr'><strong><em>pascuis</em></strong></span> <span class='ocrx_word' id='word_1_361' title='bbox 1574 4619 1818 4678; x_wconf 85' lang='lat' dir='ltr'><strong><em>custodi-</em></strong></span> 
     </span>
    </p>
   </div>
   <div class='ocr_carea' id='block_1_48' title="bbox 240 4713 1819 4784">
    <p class='ocr_par' dir='ltr' id='par_1_48' title="bbox 240 4713 1819 4784">
     <span class='ocr_line' id='line_1_48' title="bbox 240 4713 1819 4784; baseline -0.007 -4"><span class='ocrx_word' id='word_1_362' title='bbox 240 4735 337 4782; x_wconf 90' lang='lat' dir='ltr'><strong><em>ret.</em></strong></span> <span class='ocrx_word' id='word_1_363' title='bbox 384 4725 598 4782; x_wconf 83' lang='lat' dir='ltr'><strong><em>Accidit</em></strong></span> <span class='ocrx_word' id='word_1_364' title='bbox 641 4725 847 4779; x_wconf 89' lang='lat' dir='ltr'><strong><em>interea</em></strong></span> <span class='ocrx_word' id='word_1_365' title='bbox 875 4735 977 4776; x_wconf 91' lang='lat' dir='ltr'><strong><em>una</em></strong></span> <span class='ocrx_word' id='word_1_366' title='bbox 1009 4719 1238 4782; x_wconf 86' lang='lat' dir='ltr'><strong><em>dierum,</em></strong></span> <span class='ocrx_word' id='word_1_367' title='bbox 1277 4725 1336 4771; x_wconf 92' lang='lat' dir='ltr'><strong><em>ut</em></strong></span> <span class='ocrx_word' id='word_1_368' title='bbox 1375 4723 1630 4784; x_wconf 84' lang='lat' dir='ltr'><strong><em>soporato</em></strong></span> <span class='ocrx_word' id='word_1_369' title='bbox 1662 4713 1819 4769; x_wconf 86' lang='lat' dir='ltr'><strong><em>leone</em></strong></span> 
     </span>
    </p>
   </div>
   <div class='ocr_carea' id='block_1_49' title="bbox 239 4804 1819 4889">
    <p class='ocr_par' dir='ltr' id='par_1_49' title="bbox 239 4804 1819 4889">
     <span class='ocr_line' id='line_1_49' title="bbox 239 4804 1819 4889; baseline -0.008 -17"><span class='ocrx_word' id='word_1_370' title='bbox 239 4818 597 4889; x_wconf 73' lang='lat' dir='ltr'><strong><em>negotiatores</em></strong></span> <span class='ocrx_word' id='word_1_371' title='bbox 627 4813 840 4884; x_wconf 87' lang='lat' dir='ltr'><strong><em>quidam</em></strong></span> <span class='ocrx_word' id='word_1_372' title='bbox 869 4813 958 4882; x_wconf 87' lang='lat' dir='ltr'><strong><em>qui</em></strong></span> <span class='ocrx_word' id='word_1_373' title='bbox 989 4809 1278 4881; x_wconf 62' lang='lat' dir='ltr'><strong><em>Egyptum</em></strong></span> <span class='ocrx_word' id='word_1_374' title='bbox 1307 4805 1544 4872; x_wconf 81' lang='lat' dir='ltr'><strong><em>adibant,</em></strong></span> <span class='ocrx_word' id='word_1_375' title='bbox 1576 4804 1819 4860; x_wconf 83' lang='lat' dir='ltr'><strong><em>videntes</em></strong></span> 
     </span>
    </p>
   </div>
   <div class='ocr_carea' id='block_1_50' title="bbox 238 4895 1820 4976">
    <p class='ocr_par' dir='ltr' id='par_1_50' title="bbox 238 4895 1820 4976">
     <span class='ocr_line' id='line_1_50' title="bbox 238 4895 1820 4976; baseline -0.009 -14"><span class='ocrx_word' id='word_1_376' title='bbox 238 4909 442 4962; x_wconf 86' lang='lat' dir='ltr'><strong><em>asinum</em></strong></span> <span class='ocrx_word' id='word_1_377' title='bbox 477 4907 776 4976; x_wconf 80' lang='lat' dir='ltr'><strong><em>solivagum</em></strong></span> <span class='ocrx_word' id='word_1_378' title='bbox 810 4901 1163 4966; x_wconf 88' lang='lat' dir='ltr'><strong><em>incedentem,</em></strong></span> <span class='ocrx_word' id='word_1_379' title='bbox 1205 4897 1497 4968; x_wconf 86' lang='lat' dir='ltr'><strong><em>cupiditate</em></strong></span> <span class='ocrx_word' id='word_1_380' title='bbox 1525 4895 1674 4963; x_wconf 89' lang='lat' dir='ltr'><strong><em>victi,</em></strong></span> <span class='ocrx_word' id='word_1_381' title='bbox 1719 4909 1820 4949; x_wconf 90' lang='lat' dir='ltr'><strong><em>suo</em></strong></span> 
     </span>
    </p>
   </div>
   <div class='ocr_carea' id='block_1_51' title="bbox 237 4987 1819 5066">
    <p class='ocr_par' dir='ltr' id='par_1_51' title="bbox 237 4987 1819 5066">
     <span class='ocr_line' id='line_1_51' title="bbox 237 4987 1819 5066; baseline -0.008 -13"><span class='ocrx_word' id='word_1_382' title='bbox 237 5013 353 5053; x_wconf 89' lang='lat' dir='ltr'><strong><em>eum</em></strong></span> <span class='ocrx_word' id='word_1_383' title='bbox 392 4997 672 5054; x_wconf 88' lang='lat' dir='ltr'><strong><em>comitatui</em></strong></span> <span class='ocrx_word' id='word_1_384' title='bbox 715 5001 1148 5066; x_wconf 76' lang='lat' dir='ltr'><strong><em>aggregaverant.</em></strong></span> <span class='ocrx_word' id='word_1_385' title='bbox 1189 4987 1604 5060; x_wconf 78' lang='lat' dir='ltr'><strong><em>Expergefaetus</em></strong></span> <span class='ocrx_word' id='word_1_386' title='bbox 1642 4994 1819 5040; x_wconf 90' lang='lat' dir='ltr'><strong><em>autem</em></strong></span> 
     </span>
    </p>
   </div>
   <div class='ocr_carea' id='block_1_52' title="bbox 237 5076 1816 5156">
    <p class='ocr_par' dir='ltr' id='par_1_52' title="bbox 237 5076 1816 5156">
     <span class='ocr_line' id='line_1_52' title="bbox 237 5076 1816 5156; baseline -0.009 -12"><span class='ocrx_word' id='word_1_387' title='bbox 237 5088 337 5156; x_wconf 89' lang='lat' dir='ltr'><strong><em>leo,</em></strong></span> <span class='ocrx_word' id='word_1_388' title='bbox 367 5105 488 5146; x_wconf 91' lang='lat' dir='ltr'><strong><em>cum</em></strong></span> <span class='ocrx_word' id='word_1_389' title='bbox 517 5086 857 5144; x_wconf 80' lang='lat' dir='ltr'><strong><em>commissam</em></strong></span> <span class='ocrx_word' id='word_1_390' title='bbox 886 5085 982 5141; x_wconf 89' lang='lat' dir='ltr'><strong><em>sibi</em></strong></span> <span class='ocrx_word' id='word_1_391' title='bbox 1014 5083 1237 5140; x_wconf 84' lang='lat' dir='ltr'><strong><em>bestiam</em></strong></span> <span class='ocrx_word' id='word_1_392' title='bbox 1262 5081 1481 5135; x_wconf 91' lang='lat' dir='ltr'><strong><em>minime</em></strong></span> <span class='ocrx_word' id='word_1_393' title='bbox 1509 5076 1816 5148; x_wconf 88' lang='lat' dir='ltr'><strong><em>reperisset,</em></strong></span> 
     </span>
    </p>
   </div>
   <div class='ocr_carea' id='block_1_53' title="bbox 236 5169 1817 5242">
    <p class='ocr_par' dir='ltr' id='par_1_53' title="bbox 236 5169 1817 5242">
     <span class='ocr_line' id='line_1_53' title="bbox 236 5169 1817 5242; baseline -0.009 -6"><span class='ocrx_word' id='word_1_394' title='bbox 236 5181 484 5238; x_wconf 88' lang='lat' dir='ltr'><strong><em>confusus</em></strong></span> <span class='ocrx_word' id='word_1_395' title='bbox 509 5178 579 5234; x_wconf 88' lang='lat' dir='ltr'><strong><em>ad</em></strong></span> <span class='ocrx_word' id='word_1_396' title='bbox 602 5177 980 5233; x_wconf 81' lang='lat' dir='ltr'><strong><em>monasterium</em></strong></span> <span class='ocrx_word' id='word_1_397' title='bbox 1011 5173 1166 5230; x_wconf 87' lang='lat' dir='ltr'><strong><em>rediit</em></strong></span> <span class='ocrx_word' id='word_1_398' title='bbox 1194 5190 1210 5229; x_wconf 90' lang='lat'>:</span> <span class='ocrx_word' id='word_1_399' title='bbox 1232 5183 1286 5228; x_wconf 90' lang='lat' dir='ltr'><strong><em>et</em></strong></span> <span class='ocrx_word' id='word_1_400' title='bbox 1312 5170 1462 5242; x_wconf 89' lang='lat' dir='ltr'><strong><em>quasi</em></strong></span> <span class='ocrx_word' id='word_1_401' title='bbox 1487 5169 1656 5239; x_wconf 71' lang='lat' dir='ltr'><strong><em>culpa:</em></strong></span> <span class='ocrx_word' id='word_1_402' title='bbox 1684 5183 1817 5222; x_wconf 84' lang='lat' dir='ltr'><strong><em>con-</em></strong></span> 
     </span>
    </p>
   </div>
   <div class='ocr_carea' id='block_1_54' title="bbox 236 5263 1819 5342">
    <p class='ocr_par' dir='ltr' id='par_1_54' title="bbox 236 5263 1819 5342">
     <span class='ocr_line' id='line_1_54' title="bbox 236 5263 1819 5342; baseline -0.008 -13"><span class='ocrx_word' id='word_1_403' title='bbox 236 5273 393 5342; x_wconf 83' lang='lat' dir='ltr'><strong><em>scius,</em></strong></span> <span class='ocrx_word' id='word_1_404' title='bbox 420 5285 712 5329; x_wconf 89' lang='lat' dir='ltr'><strong><em>commune</em></strong></span> <span class='ocrx_word' id='word_1_405' title='bbox 747 5268 1138 5340; x_wconf 87' lang='lat' dir='ltr'><strong><em>receptaculum</em></strong></span> <span class='ocrx_word' id='word_1_406' title='bbox 1169 5267 1319 5322; x_wconf 91' lang='lat' dir='ltr'><strong><em>solus</em></strong></span> <span class='ocrx_word' id='word_1_407' title='bbox 1358 5263 1563 5335; x_wconf 80' lang='lat' dir='ltr'><strong><em>ingredi</em></strong></span> <span class='ocrx_word' id='word_1_408' title='bbox 1588 5279 1695 5318; x_wconf 93' lang='lat' dir='ltr'><strong><em>non</em></strong></span> <span class='ocrx_word' id='word_1_409' title='bbox 1725 5276 1819 5316; x_wconf 83' lang='lat' dir='ltr'><strong><em>au-</em></strong></span> 
     </span>
    </p>
   </div>
   <div class='ocr_carea' id='block_1_55' title="bbox 235 5355 1818 5432">
    <p class='ocr_par' dir='ltr' id='par_1_55' title="bbox 235 5355 1818 5432">
     <span class='ocr_line' id='line_1_55' title="bbox 235 5355 1818 5432; baseline -0.007 -13"><span class='ocrx_word' id='word_1_410' title='bbox 235 5363 408 5420; x_wconf 84' lang='lat' dir='ltr'><strong><em>debat.</em></strong></span> <span class='ocrx_word' id='word_1_411' title='bbox 441 5361 599 5432; x_wconf 85' lang='lat' dir='ltr'><strong><em>Quod</em></strong></span> <span class='ocrx_word' id='word_1_412' title='bbox 640 5361 832 5416; x_wconf 88' lang='lat' dir='ltr'><strong><em>fratres</em></strong></span> <span class='ocrx_word' id='word_1_413' title='bbox 857 5376 960 5415; x_wconf 85' lang='lat' dir='ltr'><strong><em>una</em></strong></span> <span class='ocrx_word' id='word_1_414' title='bbox 997 5373 1120 5415; x_wconf 90' lang='lat' dir='ltr'><strong><em>cum</em></strong></span> <span class='ocrx_word' id='word_1_415' title='bbox 1158 5359 1313 5414; x_wconf 88' lang='lat' dir='ltr'><strong><em>beato</em></strong></span> <span class='ocrx_word' id='word_1_416' title='bbox 1343 5355 1668 5426; x_wconf 78' lang='lat' dir='ltr'><strong><em>Hieronymo</em></strong></span> <span class='ocrx_word' id='word_1_417' title='bbox 1695 5367 1818 5424; x_wconf 89' lang='lat' dir='ltr'><strong><em>per-</em></strong></span> 
     </span>
    </p>
   </div>
   <div class='ocr_carea' id='block_1_56' title="bbox 236 5443 1818 5527">
    <p class='ocr_par' dir='ltr' id='par_1_56' title="bbox 236 5443 1818 5527">
     <span class='ocr_line' id='line_1_56' title="bbox 236 5443 1818 5527; baseline -0.01 -14"><span class='ocrx_word' id='word_1_418' title='bbox 236 5457 545 5527; x_wconf 84' lang='lat' dir='ltr'><strong><em>pendentes,</em></strong></span> <span class='ocrx_word' id='word_1_419' title='bbox 572 5452 848 5509; x_wconf 82' lang='lat' dir='ltr'><strong><em>absentem</em></strong></span> <span class='ocrx_word' id='word_1_420' title='bbox 873 5451 1080 5506; x_wconf 90' lang='lat' dir='ltr'><strong><em>asinum</em></strong></span> <span class='ocrx_word' id='word_1_421' title='bbox 1111 5449 1178 5504; x_wconf 91' lang='lat' dir='ltr'><strong><em>ab</em></strong></span> <span class='ocrx_word' id='word_1_422' title='bbox 1207 5448 1297 5502; x_wconf 91' lang='lat' dir='ltr'><strong><em>illo</em></strong></span> <span class='ocrx_word' id='word_1_423' title='bbox 1322 5446 1630 5502; x_wconf 77' lang='lat' dir='ltr'><strong><em>existimant</em></strong></span> <span class='ocrx_word' id='word_1_424' title='bbox 1654 5443 1818 5499; x_wconf 90' lang='lat' dir='ltr'><strong><em>devo-</em></strong></span> 
     </span>
    </p>
   </div>
   <div class='ocr_carea' id='block_1_57' title="bbox 233 5536 1815 5610">
    <p class='ocr_par' dir='ltr' id='par_1_57' title="bbox 233 5536 1815 5610">
     <span class='ocr_line' id='line_1_57' title="bbox 233 5536 1815 5610; baseline -0.007 -7"><span class='ocrx_word' id='word_1_425' title='bbox 233 5555 424 5603; x_wconf 88' lang='lat' dir='ltr'><strong><em>ratum.</em></strong></span> <span class='ocrx_word' id='word_1_426' title='bbox 467 5545 727 5602; x_wconf 83' lang='lat' dir='ltr'><strong><em>Nolentes</em></strong></span> <span class='ocrx_word' id='word_1_427' title='bbox 771 5551 951 5598; x_wconf 81' lang='lat' dir='ltr'><strong><em>tamen</em></strong></span> <span class='ocrx_word' id='word_1_428' title='bbox 976 5557 1097 5598; x_wconf 90' lang='lat' dir='ltr'><strong><em>eum</em></strong></span> <span class='ocrx_word' id='word_1_429' title='bbox 1141 5554 1489 5610; x_wconf 76' lang='lat' dir='ltr'><strong><em>exasperare,</em></strong></span> <span class='ocrx_word' id='word_1_430' title='bbox 1520 5537 1734 5594; x_wconf 91' lang='lat' dir='ltr'><strong><em>abducti</em></strong></span> <span class='ocrx_word' id='word_1_431' title='bbox 1765 5536 1815 5592; x_wconf 88' lang='lat' dir='ltr'><strong><em>ei</em></strong></span> 
     </span>
    </p>
   </div>
   <div class='ocr_carea' id='block_1_58' title="bbox 233 5631 1813 5710">
    <p class='ocr_par' dir='ltr' id='par_1_58' title="bbox 233 5631 1813 5710">
     <span class='ocr_line' id='line_1_58' title="bbox 233 5631 1813 5710; baseline -0.006 -16"><span class='ocrx_word' id='word_1_432' title='bbox 233 5639 472 5695; x_wconf 79' lang='lat' dir='ltr'><strong><em>animalis</em></strong></span> <span class='ocrx_word' id='word_1_433' title='bbox 505 5652 644 5710; x_wconf 90' lang='lat' dir='ltr'><strong><em>opus</em></strong></span> <span class='ocrx_word' id='word_1_434' title='bbox 670 5636 953 5708; x_wconf 70' lang='lat' dir='ltr'><strong><em>iniungunt</em></strong></span> <span class='ocrx_word' id='word_1_435' title='bbox 986 5651 1000 5690; x_wconf 91' lang='lat'><strong>:</strong></span> <span class='ocrx_word' id='word_1_436' title='bbox 1034 5640 1094 5689; x_wconf 90' lang='lat' dir='ltr'><strong><em>ut</em></strong></span> <span class='ocrx_word' id='word_1_437' title='bbox 1133 5634 1337 5690; x_wconf 86' lang='lat' dir='ltr'><strong><em>scilicet</em></strong></span> <span class='ocrx_word' id='word_1_438' title='bbox 1364 5647 1428 5688; x_wconf 90' lang='lat' dir='ltr'><strong><em>ea</em></strong></span> <span class='ocrx_word' id='word_1_439' title='bbox 1457 5631 1624 5688; x_wconf 82' lang='lat' dir='ltr'><strong><em>ferret</em></strong></span> <span class='ocrx_word' id='word_1_440' title='bbox 1648 5644 1813 5685; x_wconf 88' lang='lat' dir='ltr'><strong><em>onera</em></strong></span> 
     </span>
    </p>
   </div>
   <div class='ocr_carea' id='block_1_59' title="bbox 229 5725 1812 5810">
    <p class='ocr_par' dir='ltr' id='par_1_59' title="bbox 229 5725 1812 5810">
     <span class='ocr_line' id='line_1_59' title="bbox 229 5725 1812 5810; baseline -0.008 -19"><span class='ocrx_word' id='word_1_441' title='bbox 229 5751 340 5808; x_wconf 72' lang='lat' dir='ltr'><strong><em>qua:</em></strong></span> <span class='ocrx_word' id='word_1_442' title='bbox 380 5740 532 5810; x_wconf 86' lang='lat' dir='ltr'><strong><em>prius</em></strong></span> <span class='ocrx_word' id='word_1_443' title='bbox 568 5734 752 5790; x_wconf 85' lang='lat' dir='ltr'><strong><em>asinus</em></strong></span> <span class='ocrx_word' id='word_1_444' title='bbox 791 5740 1004 5803; x_wconf 87' lang='lat' dir='ltr'><strong><em>gestare</em></strong></span> <span class='ocrx_word' id='word_1_445' title='bbox 1051 5736 1421 5784; x_wconf 85' lang='lat' dir='ltr'><strong><em>consueverat.</em></strong></span> <span class='ocrx_word' id='word_1_446' title='bbox 1471 5725 1581 5782; x_wconf 88' lang='lat' dir='ltr'><strong><em>Nec</em></strong></span> <span class='ocrx_word' id='word_1_447' title='bbox 1617 5726 1812 5781; x_wconf 88' lang='lat' dir='ltr'><strong><em>mirum</em></strong></span> 
     </span>
    </p>
   </div>
   <div class='ocr_carea' id='block_1_60' title="bbox 227 5817 1809 5890">
    <p class='ocr_par' dir='ltr' id='par_1_60' title="bbox 227 5817 1809 5890">
     <span class='ocr_line' id='line_1_60' title="bbox 227 5817 1809 5890; baseline -0.008 -2"><span class='ocrx_word' id='word_1_448' title='bbox 227 5829 473 5890; x_wconf 73' lang='lat' dir='ltr'><strong><em>fratribus</em></strong></span> <span class='ocrx_word' id='word_1_449' title='bbox 518 5829 835 5885; x_wconf 86' lang='lat' dir='ltr'><strong><em>innocenter</em></strong></span> <span class='ocrx_word' id='word_1_450' title='bbox 877 5822 1200 5888; x_wconf 87' lang='lat' dir='ltr'><strong><em>viventibus,</em></strong></span> <span class='ocrx_word' id='word_1_451' title='bbox 1245 5821 1455 5879; x_wconf 86' lang='lat' dir='ltr'><strong><em>leonem</em></strong></span> <span class='ocrx_word' id='word_1_452' title='bbox 1497 5817 1809 5888; x_wconf 80' lang='lat' dir='ltr'><strong><em>obsequium</em></strong></span> 
     </span>
    </p>
   </div>
   <div class='ocr_carea' id='block_1_61' title="bbox 1477 363 2172 426">
    <p class='ocr_par' dir='ltr' id='par_1_61' title="bbox 1477 363 2172 426">
     <span class='ocr_line' id='line_1_61' title="bbox 1477 363 2172 426; baseline -0.007 -3"><span class='ocrx_word' id='word_1_453' title='bbox 1477 369 1538 424; x_wconf 81' lang='lat'><strong><em>3.</em></strong></span> <span class='ocrx_word' id='word_1_454' title='bbox 1581 364 1952 426; x_wconf 74' lang='lat' dir='ltr'><strong><em>lllERONYMl</em></strong></span> <span class='ocrx_word' id='word_1_455' title='bbox 1991 363 2172 420; x_wconf 76' lang='lat' dir='ltr'><strong><em>Vl&#39;l‘A.</em></strong></span> 
     </span>
    </p>
   </div>
   <div class='ocr_carea' id='block_1_62' title="bbox 3386 376 3488 434">
    <p class='ocr_par' dir='ltr' id='par_1_62' title="bbox 3386 376 3488 434">
     <span class='ocr_line' id='line_1_62' title="bbox 3386 376 3488 434; baseline 0 -1"><span class='ocrx_word' id='word_1_456' title='bbox 3386 376 3488 434; x_wconf 66' lang='lat'><strong><em>£95</em></strong></span> 
     </span>
    </p>
   </div>
   <div class='ocr_carea' id='block_1_63' title="bbox 1909 478 3490 553">
    <p class='ocr_par' dir='ltr' id='par_1_63' title="bbox 1909 478 3490 553">
     <span class='ocr_line' id='line_1_63' title="bbox 1909 478 3490 553; baseline 0.011 -22"><span class='ocrx_word' id='word_1_457' title='bbox 1909 478 2220 548; x_wconf 76' lang='lat' dir='ltr'><strong><em>przebuisse,</em></strong></span> <span class='ocrx_word' id='word_1_458' title='bbox 2249 491 2372 534; x_wconf 90' lang='lat' dir='ltr'><strong><em>cum</em></strong></span> <span class='ocrx_word' id='word_1_459' title='bbox 2408 479 2460 534; x_wconf 91' lang='lat' dir='ltr'><strong><em>in</em></strong></span> <span class='ocrx_word' id='word_1_460' title='bbox 2491 479 2851 543; x_wconf 86' lang='lat' dir='ltr'><strong><em>testimonium</em></strong></span> <span class='ocrx_word' id='word_1_461' title='bbox 2879 483 3064 553; x_wconf 76' lang='lat' dir='ltr'><strong><em>prima:</em></strong></span> <span class='ocrx_word' id='word_1_462' title='bbox 3103 489 3386 548; x_wconf 87' lang='lat' dir='ltr'><strong><em>creationis</em></strong></span> <span class='ocrx_word' id='word_1_463' title='bbox 3412 491 3490 548; x_wconf 77' lang='lat' dir='ltr'><strong><em>le-</em></strong></span> 
     </span>
    </p>
   </div>
   <div class='ocr_carea' id='block_1_64' title="bbox 1905 568 3490 639">
    <p class='ocr_par' dir='ltr' id='par_1_64' title="bbox 1905 568 3490 639">
     <span class='ocr_line' id='line_1_64' title="bbox 1905 568 3490 639; baseline 0.01 -17"><span class='ocrx_word' id='word_1_464' title='bbox 1905 584 2095 639; x_wconf 86' lang='lat' dir='ltr'><strong><em>gamus</em></strong></span> <span class='ocrx_word' id='word_1_465' title='bbox 2131 568 2260 624; x_wconf 89' lang='lat' dir='ltr'><strong><em>viris</em></strong></span> <span class='ocrx_word' id='word_1_466' title='bbox 2306 569 2506 624; x_wconf 86' lang='lat' dir='ltr'><strong><em>sanctis</em></strong></span> <span class='ocrx_word' id='word_1_467' title='bbox 2548 571 2659 625; x_wconf 89' lang='lat' dir='ltr'><strong><em>Deo</em></strong></span> <span class='ocrx_word' id='word_1_468' title='bbox 2704 571 2979 629; x_wconf 90' lang='lat' dir='ltr'><strong><em>humiliter</em></strong></span> <span class='ocrx_word' id='word_1_469' title='bbox 3017 575 3394 638; x_wconf 82' lang='lat' dir='ltr'><strong><em>famulantihus</em></strong></span> <span class='ocrx_word' id='word_1_470' title='bbox 3435 593 3490 638; x_wconf 83' lang='lat' dir='ltr'><strong><em>et</em></strong></span> 
     </span>
    </p>
   </div>
   <div class='ocr_carea' id='block_1_65' title="bbox 1905 649 3490 732">
    <p class='ocr_par' dir='ltr' id='par_1_65' title="bbox 1905 649 3490 732">
     <span class='ocr_line' id='line_1_65' title="bbox 1905 649 3490 732; baseline 0.01 -17"><span class='ocrx_word' id='word_1_471' title='bbox 1905 661 2088 715; x_wconf 85' lang='lat' dir='ltr'><strong><em>leones</em></strong></span> <span class='ocrx_word' id='word_1_472' title='bbox 2115 670 2170 716; x_wconf 87' lang='lat' dir='ltr'><strong><em>et</em></strong></span> <span class='ocrx_word' id='word_1_473' title='bbox 2205 660 2440 715; x_wconf 87' lang='lat' dir='ltr'><strong><em>volatilia</em></strong></span> <span class='ocrx_word' id='word_1_474' title='bbox 2471 649 2819 731; x_wconf 78' lang='lat' dir='ltr'><strong><em>titiuistrasse,</em></strong></span> <span class='ocrx_word' id='word_1_475' title='bbox 2853 674 2908 721; x_wconf 88' lang='lat' dir='ltr'><strong><em>et</em></strong></span> <span class='ocrx_word' id='word_1_476' title='bbox 2933 667 3068 722; x_wconf 87' lang='lat' dir='ltr'><strong><em>ictus</em></strong></span> <span class='ocrx_word' id='word_1_477' title='bbox 3095 673 3326 729; x_wconf 86' lang='lat' dir='ltr'><strong><em>cessisse</em></strong></span> <span class='ocrx_word' id='word_1_478' title='bbox 3351 673 3490 732; x_wconf 81' lang='lat' dir='ltr'><strong><em>fera-</em></strong></span> 
     </span>
    </p>
   </div>
   <div class='ocr_carea' id='block_1_66' title="bbox 1905 758 3488 830">
    <p class='ocr_par' dir='ltr' id='par_1_66' title="bbox 1905 758 3488 830">
     <span class='ocr_line' id='line_1_66' title="bbox 1905 758 3488 830; baseline 0.011 -24"><span class='ocrx_word' id='word_1_479' title='bbox 1905 767 2046 818; x_wconf 87' lang='lat' dir='ltr'><strong><em>rum,</em></strong></span> <span class='ocrx_word' id='word_1_480' title='bbox 2075 762 2130 808; x_wconf 90' lang='lat' dir='ltr'><strong><em>et</em></strong></span> <span class='ocrx_word' id='word_1_481' title='bbox 2167 767 2434 809; x_wconf 85' lang='lat' dir='ltr'><strong><em>venenum</em></strong></span> <span class='ocrx_word' id='word_1_482' title='bbox 2481 769 2586 810; x_wconf 92' lang='lat' dir='ltr'><strong><em>non</em></strong></span> <span class='ocrx_word' id='word_1_483' title='bbox 2631 758 2880 813; x_wconf 86' lang='lat' dir='ltr'><strong><em>nocuisse</em></strong></span> <span class='ocrx_word' id='word_1_484' title='bbox 2907 772 3236 830; x_wconf 86' lang='lat' dir='ltr'><strong><em>serpentum.</em></strong></span> <span class='ocrx_word' id='word_1_485' title='bbox 3266 766 3340 821; x_wconf 89' lang='lat' dir='ltr'><strong><em>Ita</em></strong></span> <span class='ocrx_word' id='word_1_486' title='bbox 3365 783 3488 824; x_wconf 89' lang='lat' dir='ltr'><strong><em>cum</em></strong></span> 
     </span>
    </p>
   </div>
   <div class='ocr_carea' id='block_1_67' title="bbox 1906 843 3488 928">
    <p class='ocr_par' dir='ltr' id='par_1_67' title="bbox 1906 843 3488 928">
     <span class='ocr_line' id='line_1_67' title="bbox 1906 843 3488 928; baseline 0.012 -32"><span class='ocrx_word' id='word_1_487' title='bbox 1906 843 1994 897; x_wconf 91' lang='lat' dir='ltr'><strong><em>leo</em></strong></span> <span class='ocrx_word' id='word_1_488' title='bbox 2050 843 2343 912; x_wconf 90' lang='lat' dir='ltr'><strong><em>injunetum</em></strong></span> <span class='ocrx_word' id='word_1_489' title='bbox 2400 845 2502 900; x_wconf 89' lang='lat' dir='ltr'><strong><em>sibi</em></strong></span> <span class='ocrx_word' id='word_1_490' title='bbox 2563 861 2697 916; x_wconf 89' lang='lat' dir='ltr'><strong><em>opus</em></strong></span> <span class='ocrx_word' id='word_1_491' title='bbox 2761 848 3129 908; x_wconf 87' lang='lat' dir='ltr'><strong><em>indesinenter</em></strong></span> <span class='ocrx_word' id='word_1_492' title='bbox 3185 860 3488 928; x_wconf 76' lang='lat' dir='ltr'><strong><em>exequitur,</em></strong></span> 
     </span>
    </p>
   </div>
   <div class='ocr_carea' id='block_1_68' title="bbox 1906 934 3488 1019">
    <p class='ocr_par' dir='ltr' id='par_1_68' title="bbox 1906 934 3488 1019">
     <span class='ocr_line' id='line_1_68' title="bbox 1906 934 3488 1019; baseline 0.011 -30"><span class='ocrx_word' id='word_1_493' title='bbox 1906 934 1993 990; x_wconf 90' lang='lat' dir='ltr'><strong><em>die</em></strong></span> <span class='ocrx_word' id='word_1_494' title='bbox 2021 936 2248 1006; x_wconf 88' lang='lat' dir='ltr'><strong><em>quadam</em></strong></span> <span class='ocrx_word' id='word_1_495' title='bbox 2271 936 2338 991; x_wconf 91' lang='lat' dir='ltr'><strong><em>de</em></strong></span> <span class='ocrx_word' id='word_1_496' title='bbox 2357 937 2574 993; x_wconf 83' lang='lat' dir='ltr'><strong><em>sublimi</em></strong></span> <span class='ocrx_word' id='word_1_497' title='bbox 2603 939 2931 1009; x_wconf 84' lang='lat' dir='ltr'><strong><em>prospiciens</em></strong></span> <span class='ocrx_word' id='word_1_498' title='bbox 2960 943 3212 1013; x_wconf 80' lang='lat' dir='ltr'><strong><em>pra-fatos</em></strong></span> <span class='ocrx_word' id='word_1_499' title='bbox 3235 948 3488 1019; x_wconf 86' lang='lat' dir='ltr'><strong><em>viatores,</em></strong></span> 
     </span>
    </p>
   </div>
   <div class='ocr_carea' id='block_1_69' title="bbox 1907 1026 3492 1097">
    <p class='ocr_par' dir='ltr' id='par_1_69' title="bbox 1907 1026 3492 1097">
     <span class='ocr_line' id='line_1_69' title="bbox 1907 1026 3492 1097; baseline 0.011 -17"><span class='ocrx_word' id='word_1_500' title='bbox 1907 1026 2036 1082; x_wconf 89' lang='lat' dir='ltr'><strong><em>vidit</em></strong></span> <span class='ocrx_word' id='word_1_501' title='bbox 2063 1028 2276 1083; x_wconf 88' lang='lat' dir='ltr'><strong><em>eminus</em></strong></span> <span class='ocrx_word' id='word_1_502' title='bbox 2301 1030 2596 1095; x_wconf 87' lang='lat' dir='ltr'><strong><em>venientes,</em></strong></span> <span class='ocrx_word' id='word_1_503' title='bbox 2628 1041 2684 1086; x_wconf 90' lang='lat' dir='ltr'><strong><em>et</em></strong></span> <span class='ocrx_word' id='word_1_504' title='bbox 2709 1048 2830 1086; x_wconf 92' lang='lat' dir='ltr'><strong><em>cum</em></strong></span> <span class='ocrx_word' id='word_1_505' title='bbox 2859 1035 3081 1091; x_wconf 88' lang='lat' dir='ltr'><strong><em>camelis</em></strong></span> <span class='ocrx_word' id='word_1_506' title='bbox 3107 1051 3291 1092; x_wconf 89' lang='lat' dir='ltr'><strong><em>eorum</em></strong></span> <span class='ocrx_word' id='word_1_507' title='bbox 3337 1049 3492 1097; x_wconf 86' lang='lat' dir='ltr'><strong><em>suum</em></strong></span> 
     </span>
    </p>
   </div>
   <div class='ocr_carea' id='block_1_70' title="bbox 1907 1116 3491 1199">
    <p class='ocr_par' dir='ltr' id='par_1_70' title="bbox 1907 1116 3491 1199">
     <span class='ocr_line' id='line_1_70' title="bbox 1907 1116 3491 1199; baseline 0.011 -28"><span class='ocrx_word' id='word_1_508' title='bbox 1907 1116 2058 1172; x_wconf 91' lang='lat' dir='ltr'><strong><em>illum</em></strong></span> <span class='ocrx_word' id='word_1_509' title='bbox 2111 1119 2385 1174; x_wconf 88' lang='lat' dir='ltr'><strong><em>comitem.</em></strong></span> <span class='ocrx_word' id='word_1_510' title='bbox 2443 1121 2562 1175; x_wconf 84' lang='lat' dir='ltr'><strong><em>Mox</em></strong></span> <span class='ocrx_word' id='word_1_511' title='bbox 2605 1124 2757 1192; x_wconf 87' lang='lat' dir='ltr'><strong><em>quasi</em></strong></span> <span class='ocrx_word' id='word_1_512' title='bbox 2808 1125 3157 1196; x_wconf 84' lang='lat' dir='ltr'><strong><em>deprehensis</em></strong></span> <span class='ocrx_word' id='word_1_513' title='bbox 3201 1129 3445 1188; x_wconf 83' lang='lat' dir='ltr'><strong><em>hostibus</em></strong></span> <span class='ocrx_word' id='word_1_514' title='bbox 3473 1173 3491 1199; x_wconf 93' lang='lat'><strong><em>,</em></strong></span> 
     </span>
    </p>
   </div>
   <div class='ocr_carea' id='block_1_71' title="bbox 1907 1207 3492 1290">
    <p class='ocr_par' dir='ltr' id='par_1_71' title="bbox 1907 1207 3492 1290">
     <span class='ocr_line' id='line_1_71' title="bbox 1907 1207 3492 1290; baseline 0.011 -28"><span class='ocrx_word' id='word_1_515' title='bbox 1907 1207 2142 1264; x_wconf 87' lang='lat' dir='ltr'><strong><em>immane</em></strong></span> <span class='ocrx_word' id='word_1_516' title='bbox 2170 1211 2386 1280; x_wconf 85' lang='lat' dir='ltr'><strong><em>rugiens</em></strong></span> <span class='ocrx_word' id='word_1_517' title='bbox 2413 1220 2469 1267; x_wconf 92' lang='lat' dir='ltr'><strong><em>et</em></strong></span> <span class='ocrx_word' id='word_1_518' title='bbox 2509 1224 2693 1268; x_wconf 85' lang='lat' dir='ltr'><strong><em>contra</em></strong></span> <span class='ocrx_word' id='word_1_519' title='bbox 2737 1230 2832 1270; x_wconf 88' lang='lat' dir='ltr'><strong><em>eos</em></strong></span> <span class='ocrx_word' id='word_1_520' title='bbox 2859 1215 3205 1288; x_wconf 88' lang='lat' dir='ltr'><strong><em>vehementer</em></strong></span> <span class='ocrx_word' id='word_1_521' title='bbox 3227 1221 3492 1290; x_wconf 87' lang='lat' dir='ltr'><strong><em>insiliens,</em></strong></span> 
     </span>
    </p>
   </div>
   <div class='ocr_carea' id='block_1_72' title="bbox 1908 1297 3496 1374">
    <p class='ocr_par' dir='ltr' id='par_1_72' title="bbox 1908 1297 3496 1374">
     <span class='ocr_line' id='line_1_72' title="bbox 1908 1297 3496 1374; baseline 0.012 -21"><span class='ocrx_word' id='word_1_522' title='bbox 1908 1297 2152 1354; x_wconf 84' lang='lat' dir='ltr'><strong><em>homines</em></strong></span> <span class='ocrx_word' id='word_1_523' title='bbox 2176 1300 2230 1356; x_wconf 91' lang='lat' dir='ltr'><strong><em>in</em></strong></span> <span class='ocrx_word' id='word_1_524' title='bbox 2258 1300 2466 1357; x_wconf 91' lang='lat' dir='ltr'><strong><em>diversa</em></strong></span> <span class='ocrx_word' id='word_1_525' title='bbox 2495 1303 2766 1374; x_wconf 88' lang='lat' dir='ltr'><strong><em>dispersit.</em></strong></span> <span class='ocrx_word' id='word_1_526' title='bbox 2795 1305 3043 1364; x_wconf 88' lang='lat' dir='ltr'><strong><em>Camelos</em></strong></span> <span class='ocrx_word' id='word_1_527' title='bbox 3069 1320 3248 1368; x_wconf 89' lang='lat' dir='ltr'><strong><em>autem</em></strong></span> <span class='ocrx_word' id='word_1_528' title='bbox 3274 1324 3496 1373; x_wconf 88' lang='lat' dir='ltr'><strong><em>onustos</em></strong></span> 
     </span>
    </p>
   </div>
   <div class='ocr_carea' id='block_1_73' title="bbox 1907 1395 3492 1477">
    <p class='ocr_par' dir='ltr' id='par_1_73' title="bbox 1907 1395 3492 1477">
     <span class='ocr_line' id='line_1_73' title="bbox 1907 1395 3492 1477; baseline 0.014 -33"><span class='ocrx_word' id='word_1_529' title='bbox 1907 1405 2011 1445; x_wconf 90' lang='lat' dir='ltr'><strong><em>una</em></strong></span> <span class='ocrx_word' id='word_1_530' title='bbox 2041 1407 2161 1446; x_wconf 92' lang='lat' dir='ltr'><strong><em>cum</em></strong></span> <span class='ocrx_word' id='word_1_531' title='bbox 2201 1395 2354 1450; x_wconf 89' lang='lat' dir='ltr'><strong><em>asino</em></strong></span> <span class='ocrx_word' id='word_1_532' title='bbox 2381 1409 2597 1466; x_wconf 83' lang='lat' dir='ltr'><strong><em>cogens,</em></strong></span> <span class='ocrx_word' id='word_1_533' title='bbox 2635 1397 2702 1452; x_wconf 88' lang='lat' dir='ltr'><strong><em>ad</em></strong></span> <span class='ocrx_word' id='word_1_534' title='bbox 2731 1399 2948 1456; x_wconf 79' lang='lat' dir='ltr'><strong><em>claustri</em></strong></span> <span class='ocrx_word' id='word_1_535' title='bbox 2989 1413 3194 1472; x_wconf 88' lang='lat' dir='ltr'><strong><em>portam</em></strong></span> <span class='ocrx_word' id='word_1_536' title='bbox 3225 1407 3492 1477; x_wconf 75' lang='lat' dir='ltr'><strong><em>perduxit.</em></strong></span> 
     </span>
    </p>
   </div>
   <div class='ocr_carea' id='block_1_74' title="bbox 1909 1481 3495 1573">
    <p class='ocr_par' dir='ltr' id='par_1_74' title="bbox 1909 1481 3495 1573">
     <span class='ocr_line' id='line_1_74' title="bbox 1909 1481 3495 1573; baseline 0.011 -38"><span class='ocrx_word' id='word_1_537' title='bbox 1909 1481 2080 1538; x_wconf 78' lang='lat' dir='ltr'><strong><em>Mirati</em></strong></span> <span class='ocrx_word' id='word_1_538' title='bbox 2111 1481 2301 1541; x_wconf 86' lang='lat' dir='ltr'><strong><em>fratres</em></strong></span> <span class='ocrx_word' id='word_1_539' title='bbox 2328 1501 2449 1542; x_wconf 88' lang='lat' dir='ltr'><strong><em>cum</em></strong></span> <span class='ocrx_word' id='word_1_540' title='bbox 2475 1488 2590 1544; x_wconf 64' lang='lat' dir='ltr'><strong><em>hate</em></strong></span> <span class='ocrx_word' id='word_1_541' title='bbox 2616 1493 2922 1549; x_wconf 89' lang='lat' dir='ltr'><strong><em>retulissent</em></strong></span> <span class='ocrx_word' id='word_1_542' title='bbox 2959 1495 3116 1552; x_wconf 87' lang='lat' dir='ltr'><strong><em>beato</em></strong></span> <span class='ocrx_word' id='word_1_543' title='bbox 3144 1498 3495 1573; x_wconf 82' lang='lat' dir='ltr'><strong><em>Hieronymo,</em></strong></span> 
     </span>
    </p>
   </div>
   <div class='ocr_carea' id='block_1_75' title="bbox 1904 1573 3494 1662">
    <p class='ocr_par' dir='ltr' id='par_1_75' title="bbox 1904 1573 3494 1662">
     <span class='ocr_line' id='line_1_75' title="bbox 1904 1573 3494 1662; baseline 0.014 -33"><span class='ocrx_word' id='word_1_544' title='bbox 1904 1573 2064 1644; x_wconf 87' lang='lat' dir='ltr'><strong><em>jussit</em></strong></span> <span class='ocrx_word' id='word_1_545' title='bbox 2095 1576 2186 1632; x_wconf 90' lang='lat' dir='ltr'><strong><em>ille</em></strong></span> <span class='ocrx_word' id='word_1_546' title='bbox 2206 1577 2462 1647; x_wconf 89' lang='lat' dir='ltr'><strong><em>depositis</em></strong></span> <span class='ocrx_word' id='word_1_547' title='bbox 2487 1583 2761 1650; x_wconf 87' lang='lat' dir='ltr'><strong><em>oneribus,</em></strong></span> <span class='ocrx_word' id='word_1_548' title='bbox 2786 1587 3111 1644; x_wconf 88' lang='lat' dir='ltr'><strong><em>camelorum</em></strong></span> <span class='ocrx_word' id='word_1_549' title='bbox 3140 1592 3302 1662; x_wconf 91' lang='lat' dir='ltr'><strong><em>pedes</em></strong></span> <span class='ocrx_word' id='word_1_550' title='bbox 3327 1594 3494 1658; x_wconf 88' lang='lat' dir='ltr'><strong><em>ablui.</em></strong></span> 
     </span>
    </p>
   </div>
   <div class='ocr_carea' id='block_1_76' title="bbox 1909 1667 3499 1770">
    <p class='ocr_par' dir='ltr' id='par_1_76' title="bbox 1909 1667 3499 1770">
     <span class='ocr_line' id='line_1_76' title="bbox 1909 1667 3499 1770; baseline 0.013 -48"><span class='ocrx_word' id='word_1_551' title='bbox 1909 1667 2312 1770; x_wconf 76' lang='lat' dir='ltr'><strong><em>eisquepahula</em></strong></span> <span class='ocrx_word' id='word_1_552' title='bbox 2340 1674 2556 1770; x_wconf 80' lang='lat' dir='ltr'><strong><em>apponi,</em></strong></span> <span class='ocrx_word' id='word_1_553' title='bbox 2586 1683 2746 1746; x_wconf 87' lang='lat' dir='ltr'><strong><em>atque</em></strong></span> <span class='ocrx_word' id='word_1_554' title='bbox 2762 1677 3176 1739; x_wconf 88' lang='lat' dir='ltr'><strong><em>adventantibus</em></strong></span> <span class='ocrx_word' id='word_1_555' title='bbox 3198 1685 3499 1755; x_wconf 78' lang='lat' dir='ltr'><strong><em>ltOSpitibus</em></strong></span> 
     </span>
    </p>
   </div>
   <div class='ocr_carea' id='block_1_77' title="bbox 1910 1764 3496 1844">
    <p class='ocr_par' dir='ltr' id='par_1_77' title="bbox 1910 1764 3496 1844">
     <span class='ocr_line' id='line_1_77' title="bbox 1910 1764 3496 1844; baseline 0.015 -33"><span class='ocrx_word' id='word_1_556' title='bbox 1910 1764 2209 1814; x_wconf 88' lang='lat' dir='ltr'><strong><em>convivium</em></strong></span> <span class='ocrx_word' id='word_1_557' title='bbox 2243 1764 2548 1831; x_wconf 73' lang='lat' dir='ltr'><strong><em>prmparari.</em></strong></span> <span class='ocrx_word' id='word_1_558' title='bbox 2579 1765 2647 1820; x_wconf 87' lang='lat' dir='ltr'><strong><em>Et</em></strong></span> <span class='ocrx_word' id='word_1_559' title='bbox 2672 1781 2798 1824; x_wconf 87' lang='lat' dir='ltr'><strong><em>ecce</em></strong></span> <span class='ocrx_word' id='word_1_560' title='bbox 2823 1768 2900 1823; x_wconf 90' lang='lat' dir='ltr'><strong><em>illi</em></strong></span> <span class='ocrx_word' id='word_1_561' title='bbox 2921 1773 3176 1829; x_wconf 89' lang='lat' dir='ltr'><strong><em>continuo</em></strong></span> <span class='ocrx_word' id='word_1_562' title='bbox 3197 1777 3496 1844; x_wconf 86' lang='lat' dir='ltr'><strong><em>venientes,</em></strong></span> 
     </span>
    </p>
   </div>
   <div class='ocr_carea' id='block_1_78' title="bbox 1911 1848 3501 1932">
    <p class='ocr_par' dir='ltr' id='par_1_78' title="bbox 1911 1848 3501 1932">
     <span class='ocr_line' id='line_1_78' title="bbox 1911 1848 3501 1932; baseline 0.014 -29"><span class='ocrx_word' id='word_1_563' title='bbox 1911 1848 1977 1904; x_wconf 89' lang='lat' dir='ltr'><strong><em>ad</em></strong></span> <span class='ocrx_word' id='word_1_564' title='bbox 2019 1852 2188 1906; x_wconf 85' lang='lat' dir='ltr'><strong><em>sancti</em></strong></span> <span class='ocrx_word' id='word_1_565' title='bbox 2215 1852 2386 1909; x_wconf 87' lang='lat' dir='ltr'><strong><em>Patris</em></strong></span> <span class='ocrx_word' id='word_1_566' title='bbox 2427 1857 2646 1927; x_wconf 90' lang='lat' dir='ltr'><strong><em>vestigia</em></strong></span> <span class='ocrx_word' id='word_1_567' title='bbox 2695 1873 2755 1916; x_wconf 90' lang='lat' dir='ltr'><strong><em>se</em></strong></span> <span class='ocrx_word' id='word_1_568' title='bbox 2779 1873 3201 1932; x_wconf 85' lang='lat' dir='ltr'><strong><em>prostraverunt,</em></strong></span> <span class='ocrx_word' id='word_1_569' title='bbox 3242 1867 3312 1924; x_wconf 89' lang='lat' dir='ltr'><strong><em>de</em></strong></span> <span class='ocrx_word' id='word_1_570' title='bbox 3351 1885 3501 1925; x_wconf 84' lang='lat' dir='ltr'><strong><em>com-</em></strong></span> 
     </span>
    </p>
   </div>
   <div class='ocr_carea' id='block_1_79' title="bbox 1913 1943 3502 2032">
    <p class='ocr_par' dir='ltr' id='par_1_79' title="bbox 1913 1943 3502 2032">
     <span class='ocr_line' id='line_1_79' title="bbox 1913 1943 3502 2032; baseline 0.013 -35"><span class='ocrx_word' id='word_1_571' title='bbox 1913 1943 2078 1999; x_wconf 88' lang='lat' dir='ltr'><strong><em>misso</em></strong></span> <span class='ocrx_word' id='word_1_572' title='bbox 2120 1943 2264 2002; x_wconf 89' lang='lat' dir='ltr'><strong><em>furto</em></strong></span> <span class='ocrx_word' id='word_1_573' title='bbox 2307 1947 2516 2003; x_wconf 88' lang='lat' dir='ltr'><strong><em>veniam</em></strong></span> <span class='ocrx_word' id='word_1_574' title='bbox 2571 1951 2921 2019; x_wconf 90' lang='lat' dir='ltr'><strong><em>postulantes.</em></strong></span> <span class='ocrx_word' id='word_1_575' title='bbox 2978 1956 3078 2024; x_wconf 91' lang='lat' dir='ltr'><strong><em>Qui</em></strong></span> <span class='ocrx_word' id='word_1_576' title='bbox 3123 1973 3217 2014; x_wconf 90' lang='lat' dir='ltr'><strong><em>eos</em></strong></span> <span class='ocrx_word' id='word_1_577' title='bbox 3269 1961 3502 2032; x_wconf 84' lang='lat' dir='ltr'><strong><em>benigne</em></strong></span> 
     </span>
    </p>
   </div>
   <div class='ocr_carea' id='block_1_80' title="bbox 1914 2035 3501 2120">
    <p class='ocr_par' dir='ltr' id='par_1_80' title="bbox 1914 2035 3501 2120">
     <span class='ocr_line' id='line_1_80' title="bbox 1914 2035 3501 2120; baseline 0.013 -31"><span class='ocrx_word' id='word_1_578' title='bbox 1914 2035 2228 2104; x_wconf 89' lang='lat' dir='ltr'><strong><em>suscipiens,</em></strong></span> <span class='ocrx_word' id='word_1_579' title='bbox 2257 2037 2324 2092; x_wconf 91' lang='lat' dir='ltr'><strong><em>ad</em></strong></span> <span class='ocrx_word' id='word_1_580' title='bbox 2347 2040 2537 2094; x_wconf 90' lang='lat' dir='ltr'><strong><em>cellam</em></strong></span> <span class='ocrx_word' id='word_1_581' title='bbox 2565 2042 2835 2112; x_wconf 91' lang='lat' dir='ltr'><strong><em>hospitum</em></strong></span> <span class='ocrx_word' id='word_1_582' title='bbox 2866 2060 2986 2102; x_wconf 90' lang='lat' dir='ltr'><strong><em>cum</em></strong></span> <span class='ocrx_word' id='word_1_583' title='bbox 3013 2063 3203 2120; x_wconf 89' lang='lat' dir='ltr'><strong><em>magna</em></strong></span> <span class='ocrx_word' id='word_1_584' title='bbox 3233 2052 3501 2110; x_wconf 81' lang='lat' dir='ltr'><strong><em>hilaritate</em></strong></span> 
     </span>
    </p>
   </div>
   <div class='ocr_carea' id='block_1_81' title="bbox 1915 2124 3498 2214">
    <p class='ocr_par' dir='ltr' id='par_1_81' title="bbox 1915 2124 3498 2214">
     <span class='ocr_line' id='line_1_81' title="bbox 1915 2124 3498 2214; baseline 0.014 -35"><span class='ocrx_word' id='word_1_585' title='bbox 1915 2124 2154 2181; x_wconf 80' lang='lat' dir='ltr'><strong><em>deduxit.</em></strong></span> <span class='ocrx_word' id='word_1_586' title='bbox 2173 2126 2428 2185; x_wconf 82' lang='lat' dir='ltr'><strong><em>Videntes</em></strong></span> <span class='ocrx_word' id='word_1_587' title='bbox 2449 2131 2522 2185; x_wconf 92' lang='lat' dir='ltr'><strong><em>illi</em></strong></span> <span class='ocrx_word' id='word_1_588' title='bbox 2550 2133 2602 2187; x_wconf 92' lang='lat' dir='ltr'><strong><em>in</em></strong></span> <span class='ocrx_word' id='word_1_589' title='bbox 2624 2148 2784 2190; x_wconf 89' lang='lat' dir='ltr'><strong><em>servo</em></strong></span> <span class='ocrx_word' id='word_1_590' title='bbox 2803 2136 2892 2191; x_wconf 91' lang='lat' dir='ltr'><strong><em>Dei</em></strong></span> <span class='ocrx_word' id='word_1_591' title='bbox 2917 2146 3115 2194; x_wconf 83' lang='lat' dir='ltr'><strong><em>tantam</em></strong></span> <span class='ocrx_word' id='word_1_592' title='bbox 3137 2143 3498 2214; x_wconf 85' lang='lat' dir='ltr'><strong><em>clementiam,</em></strong></span> 
     </span>
    </p>
   </div>
   <div class='ocr_carea' id='block_1_82' title="bbox 1917 2217 3504 2300">
    <p class='ocr_par' dir='ltr' id='par_1_82' title="bbox 1917 2217 3504 2300">
     <span class='ocr_line' id='line_1_82' title="bbox 1917 2217 3504 2300; baseline 0.016 -29"><span class='ocrx_word' id='word_1_593' title='bbox 1917 2217 2151 2274; x_wconf 90' lang='lat' dir='ltr'><strong><em>medium</em></strong></span> <span class='ocrx_word' id='word_1_594' title='bbox 2185 2220 2290 2276; x_wconf 90' lang='lat' dir='ltr'><strong><em>olei</em></strong></span> <span class='ocrx_word' id='word_1_595' title='bbox 2315 2223 2457 2292; x_wconf 90' lang='lat' dir='ltr'><strong><em>quod</em></strong></span> <span class='ocrx_word' id='word_1_596' title='bbox 2478 2224 2544 2280; x_wconf 92' lang='lat' dir='ltr'><strong><em>de</em></strong></span> <span class='ocrx_word' id='word_1_597' title='bbox 2572 2225 2806 2298; x_wconf 65' lang='lat' dir='ltr'><strong><em>Egypto</em></strong></span> <span class='ocrx_word' id='word_1_598' title='bbox 2839 2233 3146 2300; x_wconf 86' lang='lat' dir='ltr'><strong><em>attulerant,</em></strong></span> <span class='ocrx_word' id='word_1_599' title='bbox 3176 2249 3504 2296; x_wconf 67' lang='lat' dir='ltr'><strong><em>monasterio</em></strong></span> 
     </span>
    </p>
   </div>
   <div class='ocr_carea' id='block_1_83' title="bbox 1917 2306 3502 2400">
    <p class='ocr_par' dir='ltr' id='par_1_83' title="bbox 1917 2306 3502 2400">
     <span class='ocr_line' id='line_1_83' title="bbox 1917 2306 3502 2400; baseline 0.016 -39"><span class='ocrx_word' id='word_1_600' title='bbox 1917 2306 2244 2400; x_wconf 79' lang='lat' dir='ltr'><strong><em>obtulerunt.</em></strong></span> <span class='ocrx_word' id='word_1_601' title='bbox 2290 2311 2547 2384; x_wconf 88' lang='lat' dir='ltr'><strong><em>Quodque</em></strong></span> <span class='ocrx_word' id='word_1_602' title='bbox 2584 2315 2804 2387; x_wconf 87' lang='lat' dir='ltr'><strong><em>singulis</em></strong></span> <span class='ocrx_word' id='word_1_603' title='bbox 2845 2322 2998 2378; x_wconf 89' lang='lat' dir='ltr'><strong><em>annis</em></strong></span> <span class='ocrx_word' id='word_1_604' title='bbox 3041 2332 3146 2379; x_wconf 89' lang='lat' dir='ltr'><strong><em>tam</em></strong></span> <span class='ocrx_word' id='word_1_605' title='bbox 3177 2327 3296 2396; x_wconf 90' lang='lat' dir='ltr'><strong><em>ipsi,</em></strong></span> <span class='ocrx_word' id='word_1_606' title='bbox 3343 2343 3502 2400; x_wconf 88' lang='lat' dir='ltr'><strong><em>quam</em></strong></span> 
     </span>
    </p>
   </div>
   <div class='ocr_carea' id='block_1_84' title="bbox 1918 2398 3514 2482">
    <p class='ocr_par' dir='ltr' id='par_1_84' title="bbox 1918 2398 3514 2482">
     <span class='ocr_line' id='line_1_84' title="bbox 1918 2398 3514 2482; baseline 0.017 -30"><span class='ocrx_word' id='word_1_607' title='bbox 1918 2411 2106 2452; x_wconf 87' lang='lat' dir='ltr'><strong><em>eorum</em></strong></span> <span class='ocrx_word' id='word_1_608' title='bbox 2138 2398 2380 2458; x_wconf 65' lang='lat' dir='ltr'><strong><em>hatredes</em></strong></span> <span class='ocrx_word' id='word_1_609' title='bbox 2409 2404 2620 2475; x_wconf 89' lang='lat' dir='ltr'><strong><em>plenam</em></strong></span> <span class='ocrx_word' id='word_1_610' title='bbox 2652 2409 2756 2464; x_wconf 88' lang='lat' dir='ltr'><strong><em>olei</em></strong></span> <span class='ocrx_word' id='word_1_611' title='bbox 2797 2409 3040 2482; x_wconf 84' lang='lat' dir='ltr'><strong><em>hydriam</em></strong></span> <span class='ocrx_word' id='word_1_612' title='bbox 3084 2416 3137 2470; x_wconf 88' lang='lat' dir='ltr'><strong><em>itt</em></strong></span> <span class='ocrx_word' id='word_1_613' title='bbox 3173 2398 3375 2474; x_wconf 66' lang='lat' dir='ltr'><strong><em>eodeni</em></strong></span> <span class='ocrx_word' id='word_1_614' title='bbox 3395 2435 3514 2478; x_wconf 64' lang='lat' dir='ltr'><strong><em>caa-</em></strong></span> 
     </span>
    </p>
   </div>
   <div class='ocr_carea' id='block_1_85' title="bbox 1919 2488 3504 2571">
    <p class='ocr_par' dir='ltr' id='par_1_85' title="bbox 1919 2488 3504 2571">
     <span class='ocr_line' id='line_1_85' title="bbox 1919 2488 3504 2571; baseline 0.016 -29"><span class='ocrx_word' id='word_1_615' title='bbox 1919 2488 2081 2544; x_wconf 85' lang='lat' dir='ltr'><strong><em>nohio</em></strong></span> <span class='ocrx_word' id='word_1_616' title='bbox 2109 2489 2451 2550; x_wconf 89' lang='lat' dir='ltr'><strong><em>devotissime</em></strong></span> <span class='ocrx_word' id='word_1_617' title='bbox 2477 2499 2897 2567; x_wconf 87' lang='lat' dir='ltr'><strong><em>spoponderunt.</em></strong></span> <span class='ocrx_word' id='word_1_618' title='bbox 2925 2503 3071 2571; x_wconf 87' lang='lat' dir='ltr'><strong><em>Quos</em></strong></span> <span class='ocrx_word' id='word_1_619' title='bbox 3092 2506 3278 2565; x_wconf 89' lang='lat' dir='ltr'><strong><em>beatus</em></strong></span> <span class='ocrx_word' id='word_1_620' title='bbox 3309 2511 3504 2566; x_wconf 79' lang='lat' dir='ltr'><strong><em>Hiero-</em></strong></span> 
     </span>
    </p>
   </div>
   <div class='ocr_carea' id='block_1_86' title="bbox 1920 2583 3503 2674">
    <p class='ocr_par' dir='ltr' id='par_1_86' title="bbox 1920 2583 3503 2674">
     <span class='ocr_line' id='line_1_86' title="bbox 1920 2583 3503 2674; baseline 0.019 -42"><span class='ocrx_word' id='word_1_621' title='bbox 1920 2597 2112 2674; x_wconf 77' lang='lat' dir='ltr'><strong><em>nytnus</em></strong></span> <span class='ocrx_word' id='word_1_622' title='bbox 2139 2583 2364 2656; x_wconf 87' lang='lat' dir='ltr'><strong><em>benigna</em></strong></span> <span class='ocrx_word' id='word_1_623' title='bbox 2409 2593 2824 2650; x_wconf 88' lang='lat' dir='ltr'><strong><em>contmonitione</em></strong></span> <span class='ocrx_word' id='word_1_624' title='bbox 2865 2595 3117 2666; x_wconf 82' lang='lat' dir='ltr'><strong><em>refectos,</em></strong></span> <span class='ocrx_word' id='word_1_625' title='bbox 3148 2610 3204 2658; x_wconf 89' lang='lat' dir='ltr'><strong><em>et</em></strong></span> <span class='ocrx_word' id='word_1_626' title='bbox 3239 2604 3503 2674; x_wconf 89' lang='lat' dir='ltr'><strong><em>spirituali</em></strong></span> 
     </span>
    </p>
   </div>
   <div class='ocr_carea' id='block_1_87' title="bbox 1920 2672 3504 2760">
    <p class='ocr_par' dir='ltr' id='par_1_87' title="bbox 1920 2672 3504 2760">
     <span class='ocr_line' id='line_1_87' title="bbox 1920 2672 3504 2760; baseline 0.02 -34"><span class='ocrx_word' id='word_1_627' title='bbox 1920 2672 2293 2734; x_wconf 89' lang='lat' dir='ltr'><strong><em>benedictione</em></strong></span> <span class='ocrx_word' id='word_1_628' title='bbox 2347 2680 2667 2749; x_wconf 78' lang='lat' dir='ltr'><strong><em>roboratus,</em></strong></span> <span class='ocrx_word' id='word_1_629' title='bbox 2720 2685 2776 2742; x_wconf 91' lang='lat' dir='ltr'><strong><em>in</em></strong></span> <span class='ocrx_word' id='word_1_630' title='bbox 2830 2701 2963 2760; x_wconf 83' lang='lat' dir='ltr'><strong><em>pace</em></strong></span> <span class='ocrx_word' id='word_1_631' title='bbox 3017 2691 3240 2752; x_wconf 86' lang='lat' dir='ltr'><strong><em>dimisit.</em></strong></span> <span class='ocrx_word' id='word_1_632' title='bbox 3269 2672 3504 2758; x_wconf 10' lang='lat' dir='ltr'><strong><em>ilnterca</em></strong></span> 
     </span>
    </p>
   </div>
   <div class='ocr_carea' id='block_1_88' title="bbox 1921 2768 3503 2869">
    <p class='ocr_par' dir='ltr' id='par_1_88' title="bbox 1921 2768 3503 2869">
     <span class='ocr_line' id='line_1_88' title="bbox 1921 2768 3503 2869; baseline 0.021 -52"><span class='ocrx_word' id='word_1_633' title='bbox 1921 2768 2242 2869; x_wconf 73' lang='lat' dir='ltr'><strong><em>venerabilis</em></strong></span> <span class='ocrx_word' id='word_1_634' title='bbox 2270 2771 2456 2842; x_wconf 85' lang='lat' dir='ltr'><strong><em>Paula,</em></strong></span> <span class='ocrx_word' id='word_1_635' title='bbox 2495 2779 2649 2845; x_wconf 87' lang='lat' dir='ltr'><strong><em>cujus</em></strong></span> <span class='ocrx_word' id='word_1_636' title='bbox 2692 2793 2850 2850; x_wconf 87' lang='lat' dir='ltr'><strong><em>supra</em></strong></span> <span class='ocrx_word' id='word_1_637' title='bbox 2881 2781 3105 2840; x_wconf 83' lang='lat' dir='ltr'><strong><em>fecimus</em></strong></span> <span class='ocrx_word' id='word_1_638' title='bbox 3152 2791 3503 2861; x_wconf 85' lang='lat' dir='ltr'><strong><em>mentionem,</em></strong></span> 
     </span>
    </p>
   </div>
   <div class='ocr_carea' id='block_1_89' title="bbox 1920 2857 3508 2958">
    <p class='ocr_par' dir='ltr' id='par_1_89' title="bbox 1920 2857 3508 2958">
     <span class='ocr_line' id='line_1_89' title="bbox 1920 2857 3508 2958; baseline 0.021 -48"><span class='ocrx_word' id='word_1_639' title='bbox 1920 2857 2535 2958; x_wconf 41' lang='lat' dir='ltr'><strong><em>admiransureligiosam</em></strong></span> <span class='ocrx_word' id='word_1_640' title='bbox 2564 2870 2724 2927; x_wconf 88' lang='lat' dir='ltr'><strong><em>vitam</em></strong></span> <span class='ocrx_word' id='word_1_641' title='bbox 2761 2877 3174 2936; x_wconf 87' lang='lat' dir='ltr'><strong><em>reverendorum</em></strong></span> <span class='ocrx_word' id='word_1_642' title='bbox 3213 2857 3508 2958; x_wconf 45' lang='lat' dir='ltr'><strong><em>Episcopo;-</em></strong></span> 
     </span>
    </p>
   </div>
   <div class='ocr_carea' id='block_1_90' title="bbox 1922 2951 3507 3043">
    <p class='ocr_par' dir='ltr' id='par_1_90' title="bbox 1922 2951 3507 3043">
     <span class='ocr_line' id='line_1_90' title="bbox 1922 2951 3507 3043; baseline 0.024 -42"><span class='ocrx_word' id='word_1_643' title='bbox 1922 2964 2059 3043; x_wconf 77' lang='lat' dir='ltr'><strong><em>rum,</em></strong></span> <span class='ocrx_word' id='word_1_644' title='bbox 2085 2951 2290 3043; x_wconf 67' lang='lat' dir='ltr'><strong><em>Paulini</em></strong></span> <span class='ocrx_word' id='word_1_645' title='bbox 2311 2957 2516 3015; x_wconf 85' lang='lat' dir='ltr'><strong><em>scilicet</em></strong></span> <span class='ocrx_word' id='word_1_646' title='bbox 2540 2963 2878 3036; x_wconf 83' lang='lat' dir='ltr'><strong><em>Antiucheni,</em></strong></span> <span class='ocrx_word' id='word_1_647' title='bbox 2902 2981 2957 3024; x_wconf 89' lang='lat' dir='ltr'><strong><em>et</em></strong></span> <span class='ocrx_word' id='word_1_648' title='bbox 2977 2951 3507 3043; x_wconf 39' lang='lat' dir='ltr'><strong><em>Epiphauii-Salat-ni-</em></strong></span> 
     </span>
    </p>
   </div>
   <div class='ocr_carea' id='block_1_91' title="bbox 1921 3039 3505 3144">
    <p class='ocr_par' dir='ltr' id='par_1_91' title="bbox 1921 3039 3505 3144">
     <span class='ocr_line' id='line_1_91' title="bbox 1921 3039 3505 3144; baseline 0.021 -50"><span class='ocrx_word' id='word_1_649' title='bbox 1921 3055 2005 3144; x_wconf 34' lang='lat' dir='ltr'><strong><em>note</em></strong></span> <span class='ocrx_word' id='word_1_650' title='bbox 2031 3039 2128 3144; x_wconf 69' lang='lat' dir='ltr'><strong><em>(a),</em></strong></span> <span class='ocrx_word' id='word_1_651' title='bbox 2157 3060 2292 3114; x_wconf 90' lang='lat' dir='ltr'><strong><em>quos</em></strong></span> <span class='ocrx_word' id='word_1_652' title='bbox 2328 3049 2485 3144; x_wconf 82' lang='lat' dir='ltr'><strong><em>sedes</em></strong></span> <span class='ocrx_word' id='word_1_653' title='bbox 2511 3052 2817 3122; x_wconf 86' lang='lat' dir='ltr'><strong><em>Apostolica</em></strong></span> <span class='ocrx_word' id='word_1_654' title='bbox 2846 3075 2942 3129; x_wconf 92' lang='lat' dir='ltr'><strong><em>pro</em></strong></span> <span class='ocrx_word' id='word_1_655' title='bbox 2967 3039 3282 3132; x_wconf 82' lang='lat' dir='ltr'><strong><em>quibusdam</em></strong></span> <span class='ocrx_word' id='word_1_656' title='bbox 3315 3069 3505 3126; x_wconf 85' lang='lat' dir='ltr'><strong><em>Eccle-</em></strong></span> 
     </span>
    </p>
   </div>
   <div class='ocr_carea' id='block_1_92' title="bbox 1922 3137 3504 3234">
    <p class='ocr_par' dir='ltr' id='par_1_92' title="bbox 1922 3137 3504 3234">
     <span class='ocr_line' id='line_1_92' title="bbox 1922 3137 3504 3234; baseline 0.021 -48"><span class='ocrx_word' id='word_1_657' title='bbox 1922 3137 2154 3193; x_wconf 84' lang='lat' dir='ltr'><strong><em>siasticis</em></strong></span> <span class='ocrx_word' id='word_1_658' title='bbox 2179 3140 2408 3234; x_wconf 79' lang='lat' dir='ltr'><strong><em>negotiis</em></strong></span> <span class='ocrx_word' id='word_1_659' title='bbox 2437 3143 2708 3202; x_wconf 88' lang='lat' dir='ltr'><strong><em>detinebat</em></strong></span> <span class='ocrx_word' id='word_1_660' title='bbox 2738 3165 2754 3216; x_wconf 92' lang='lat'><strong>;</strong></span> <span class='ocrx_word' id='word_1_661' title='bbox 2781 3164 2966 3208; x_wconf 90' lang='lat' dir='ltr'><strong><em>eorum</em></strong></span> <span class='ocrx_word' id='word_1_662' title='bbox 3008 3165 3165 3226; x_wconf 89' lang='lat' dir='ltr'><strong><em>atque</em></strong></span> <span class='ocrx_word' id='word_1_663' title='bbox 3193 3159 3504 3234; x_wconf 80' lang='lat' dir='ltr'><strong><em>Hieronymi</em></strong></span> 
     </span>
    </p>
   </div>
   <div class='ocr_carea' id='block_1_93' title="bbox 1922 3230 3504 3324">
    <p class='ocr_par' dir='ltr' id='par_1_93' title="bbox 1922 3230 3504 3324">
     <span class='ocr_line' id='line_1_93' title="bbox 1922 3230 3504 3324; baseline 0.02 -44"><span class='ocrx_word' id='word_1_664' title='bbox 1922 3239 2147 3324; x_wconf 76' lang='lat' dir='ltr'><strong><em>accensa</em></strong></span> <span class='ocrx_word' id='word_1_665' title='bbox 2179 3230 2480 3302; x_wconf 76' lang='lat' dir='ltr'><strong><em>virtutibus,</em></strong></span> <span class='ocrx_word' id='word_1_666' title='bbox 2525 3237 2709 3294; x_wconf 89' lang='lat' dir='ltr'><strong><em>urbem</em></strong></span> <span class='ocrx_word' id='word_1_667' title='bbox 2741 3241 2964 3298; x_wconf 82' lang='lat' dir='ltr'><strong><em>Romam</em></strong></span> <span class='ocrx_word' id='word_1_668' title='bbox 3011 3247 3119 3304; x_wconf 92' lang='lat' dir='ltr'><strong><em>imo</em></strong></span> <span class='ocrx_word' id='word_1_669' title='bbox 3156 3230 3504 3324; x_wconf 80' lang='lat' dir='ltr'><strong><em>Babyloniam</em></strong></span> 
     </span>
    </p>
   </div>
   <div class='ocr_carea' id='block_1_94' title="bbox 1922 3319 3508 3414">
    <p class='ocr_par' dir='ltr' id='par_1_94' title="bbox 1922 3319 3508 3414">
     <span class='ocr_line' id='line_1_94' title="bbox 1922 3319 3508 3414; baseline 0.019 -40"><span class='ocrx_word' id='word_1_670' title='bbox 1922 3319 2172 3378; x_wconf 88' lang='lat' dir='ltr'><strong><em>deserere</em></strong></span> <span class='ocrx_word' id='word_1_671' title='bbox 2211 3325 2495 3395; x_wconf 87' lang='lat' dir='ltr'><strong><em>cogitabat.</em></strong></span> <span class='ocrx_word' id='word_1_672' title='bbox 2520 3329 2629 3384; x_wconf 86' lang='lat' dir='ltr'><strong><em>lllis</em></strong></span> <span class='ocrx_word' id='word_1_673' title='bbox 2657 3333 2834 3404; x_wconf 88' lang='lat' dir='ltr'><strong><em>itaque</em></strong></span> <span class='ocrx_word' id='word_1_674' title='bbox 2871 3337 2937 3392; x_wconf 92' lang='lat' dir='ltr'><strong><em>ad</em></strong></span> <span class='ocrx_word' id='word_1_675' title='bbox 2979 3339 3136 3396; x_wconf 85' lang='lat' dir='ltr'><strong><em>sedes</em></strong></span> <span class='ocrx_word' id='word_1_676' title='bbox 3164 3319 3409 3414; x_wconf 76' lang='lat' dir='ltr'><strong><em>proprias</em></strong></span> <span class='ocrx_word' id='word_1_677' title='bbox 3447 3363 3508 3404; x_wconf 91' lang='lat' dir='ltr'><strong><em>se</em></strong></span> 
     </span>
    </p>
   </div>
   <div class='ocr_carea' id='block_1_95' title="bbox 1923 3414 3510 3496">
    <p class='ocr_par' dir='ltr' id='par_1_95' title="bbox 1923 3414 3510 3496">
     <span class='ocr_line' id='line_1_95' title="bbox 1923 3414 3510 3496; baseline 0.017 -29"><span class='ocrx_word' id='word_1_678' title='bbox 1923 3414 2319 3485; x_wconf 86' lang='lat' dir='ltr'><strong><em>recipientibus,</em></strong></span> <span class='ocrx_word' id='word_1_679' title='bbox 2366 3418 2482 3476; x_wconf 77' lang='lat' dir='ltr'><strong><em>hrec</em></strong></span> <span class='ocrx_word' id='word_1_680' title='bbox 2521 3425 2722 3480; x_wconf 86' lang='lat' dir='ltr'><strong><em>relictis</em></strong></span> <span class='ocrx_word' id='word_1_681' title='bbox 2765 3428 2908 3495; x_wconf 87' lang='lat' dir='ltr'><strong><em>filiis,</em></strong></span> <span class='ocrx_word' id='word_1_682' title='bbox 2943 3430 3169 3488; x_wconf 77' lang='lat' dir='ltr'><strong><em>Toxotio</em></strong></span> <span class='ocrx_word' id='word_1_683' title='bbox 3208 3437 3412 3494; x_wconf 86' lang='lat' dir='ltr'><strong><em>scilicet</em></strong></span> <span class='ocrx_word' id='word_1_684' title='bbox 3455 3451 3510 3496; x_wconf 89' lang='lat' dir='ltr'><strong><em>et</em></strong></span> 
     </span>
    </p>
   </div>
   <div class='ocr_carea' id='block_1_96' title="bbox 1924 3505 3509 3590">
    <p class='ocr_par' dir='ltr' id='par_1_96' title="bbox 1924 3505 3509 3590">
     <span class='ocr_line' id='line_1_96' title="bbox 1924 3505 3509 3590; baseline 0.018 -31"><span class='ocrx_word' id='word_1_685' title='bbox 1924 3505 2172 3575; x_wconf 69' lang='lat' dir='ltr'><strong><em>liuftina,</em></strong></span> <span class='ocrx_word' id='word_1_686' title='bbox 2225 3509 2672 3586; x_wconf 76' lang='lat' dir='ltr'><strong><em>facultatibusque</em></strong></span> <span class='ocrx_word' id='word_1_687' title='bbox 2721 3519 2995 3590; x_wconf 87' lang='lat' dir='ltr'><strong><em>desertis,</em></strong></span> <span class='ocrx_word' id='word_1_688' title='bbox 3051 3527 3165 3580; x_wconf 89' lang='lat' dir='ltr'><strong><em>sola</em></strong></span> <span class='ocrx_word' id='word_1_689' title='bbox 3219 3529 3509 3588; x_wconf 87' lang='lat' dir='ltr'><strong><em>Eustochio</em></strong></span> 
     </span>
    </p>
   </div>
   <div class='ocr_carea' id='block_1_97' title="bbox 1922 3601 3509 3692">
    <p class='ocr_par' dir='ltr' id='par_1_97' title="bbox 1922 3601 3509 3692">
     <span class='ocr_line' id='line_1_97' title="bbox 1922 3601 3509 3692; baseline 0.016 -39"><span class='ocrx_word' id='word_1_690' title='bbox 1922 3601 2234 3668; x_wconf 88' lang='lat' dir='ltr'><strong><em>comitante,</em></strong></span> <span class='ocrx_word' id='word_1_691' title='bbox 2265 3611 2378 3658; x_wconf 91' lang='lat' dir='ltr'><strong><em>toto</em></strong></span> <span class='ocrx_word' id='word_1_692' title='bbox 2411 3619 2531 3660; x_wconf 90' lang='lat' dir='ltr'><strong><em>cum</em></strong></span> <span class='ocrx_word' id='word_1_693' title='bbox 2558 3607 2637 3662; x_wconf 91' lang='lat' dir='ltr'><strong><em>eis</em></strong></span> <span class='ocrx_word' id='word_1_694' title='bbox 2660 3609 2927 3667; x_wconf 80' lang='lat' dir='ltr'><strong><em>desiderio</em></strong></span> <span class='ocrx_word' id='word_1_695' title='bbox 2955 3618 3509 3692; x_wconf 86' lang='lat' dir='ltr'><strong><em>navigavit._Denique</em></strong></span> 
     </span>
    </p>
   </div>
   <div class='ocr_carea' id='block_1_98' title="bbox 1924 3683 3508 3782">
    <p class='ocr_par' dir='ltr' id='par_1_98' title="bbox 1924 3683 3508 3782">
     <span class='ocr_line' id='line_1_98' title="bbox 1924 3683 3508 3782; baseline 0.016 -39"><span class='ocrx_word' id='word_1_696' title='bbox 1924 3697 2047 3782; x_wconf 75' lang='lat' dir='ltr'><strong><em>post</em></strong></span> <span class='ocrx_word' id='word_1_697' title='bbox 2084 3692 2248 3746; x_wconf 88' lang='lat' dir='ltr'><strong><em>multa</em></strong></span> <span class='ocrx_word' id='word_1_698' title='bbox 2291 3695 2546 3763; x_wconf 89' lang='lat' dir='ltr'><strong><em>pericula,</em></strong></span> <span class='ocrx_word' id='word_1_699' title='bbox 2594 3699 2990 3774; x_wconf 88' lang='lat' dir='ltr'><strong><em>immensosque</em></strong></span> <span class='ocrx_word' id='word_1_700' title='bbox 3031 3683 3508 3782; x_wconf 20' lang='lat' dir='ltr'><strong><em>labores‘iug’re-ssa</em></strong></span> 
     </span>
    </p>
   </div>
   <div class='ocr_carea' id='block_1_99' title="bbox 1922 3780 3508 3872">
    <p class='ocr_par' dir='ltr' id='par_1_99' title="bbox 1922 3780 3508 3872">
     <span class='ocr_line' id='line_1_99' title="bbox 1922 3780 3508 3872; baseline 0.015 -36"><span class='ocrx_word' id='word_1_701' title='bbox 1922 3780 2365 3855; x_wconf 79' lang='lat' dir='ltr'><strong><em>Hierosolymam,</em></strong></span> <span class='ocrx_word' id='word_1_702' title='bbox 2397 3803 2516 3842; x_wconf 91' lang='lat' dir='ltr'><strong><em>cum</em></strong></span> <span class='ocrx_word' id='word_1_703' title='bbox 2543 3801 2726 3846; x_wconf 89' lang='lat' dir='ltr'><strong><em>sancta</em></strong></span> <span class='ocrx_word' id='word_1_704' title='bbox 2756 3793 2872 3849; x_wconf 88' lang='lat' dir='ltr'><strong><em>loca</em></strong></span> <span class='ocrx_word' id='word_1_705' title='bbox 2902 3797 3292 3858; x_wconf 76' lang='lat' dir='ltr'><strong><em>Studiosissime</em></strong></span> <span class='ocrx_word' id='word_1_706' title='bbox 3327 3780 3508 3872; x_wconf 82' lang='lat' dir='ltr'><strong><em>perlu-</em></strong></span> 
     </span>
    </p>
   </div>
   <div class='ocr_carea' id='block_1_100' title="bbox 1923 3877 3578 3960">
    <p class='ocr_par' dir='ltr' id='par_1_100' title="bbox 1923 3877 3578 3960">
     <span class='ocr_line' id='line_1_100' title="bbox 1923 3877 3578 3960; baseline 0.015 -35"><span class='ocrx_word' id='word_1_707' title='bbox 1923 3881 2166 3938; x_wconf 82' lang='lat' dir='ltr'><strong><em>strasset,</em></strong></span> <span class='ocrx_word' id='word_1_708' title='bbox 2202 3891 2416 3932; x_wconf 89' lang='lat' dir='ltr'><strong><em>reversa</em></strong></span> <span class='ocrx_word' id='word_1_709' title='bbox 2443 3877 2718 3935; x_wconf 85' lang='lat' dir='ltr'><strong><em>Bethleem</em></strong></span> <span class='ocrx_word' id='word_1_710' title='bbox 2743 3881 3076 3941; x_wconf 88' lang='lat' dir='ltr'><strong><em>diversorum</em></strong></span> <span class='ocrx_word' id='word_1_711' title='bbox 3104 3891 3508 3960; x_wconf 87' lang='lat' dir='ltr'><strong><em>peregrinorum</em></strong></span> <span class='ocrx_word' id='word_1_712' title='bbox 3571 3918 3578 3923; x_wconf 67' lang='grc' dir='ltr'><strong>ο</strong></span> 
     </span>
    </p>
   </div>
   <div class='ocr_carea' id='block_1_101' title="bbox 1923 3963 3512 4050">
    <p class='ocr_par' dir='ltr' id='par_1_101' title="bbox 1923 3963 3512 4050">
     <span class='ocr_line' id='line_1_101' title="bbox 1923 3963 3512 4050; baseline 0.013 -32"><span class='ocrx_word' id='word_1_713' title='bbox 1923 3963 2144 4019; x_wconf 88' lang='lat' dir='ltr'><strong><em>cellulas</em></strong></span> <span class='ocrx_word' id='word_1_714' title='bbox 2169 3969 2595 4039; x_wconf 86' lang='lat' dir='ltr'><strong><em>monasteriaque</em></strong></span> <span class='ocrx_word' id='word_1_715' title='bbox 2623 3975 2923 4030; x_wconf 82' lang='lat' dir='ltr'><strong><em>construxit</em></strong></span> <span class='ocrx_word' id='word_1_716' title='bbox 2951 3994 2965 4030; x_wconf 89' lang='lat'><strong>:</strong></span> <span class='ocrx_word' id='word_1_717' title='bbox 2993 3976 3062 4033; x_wconf 90' lang='lat' dir='ltr'><strong><em>de</em></strong></span> <span class='ocrx_word' id='word_1_718' title='bbox 3105 3980 3301 4050; x_wconf 88' lang='lat' dir='ltr'><strong><em>quibus</em></strong></span> <span class='ocrx_word' id='word_1_719' title='bbox 3325 3998 3512 4038; x_wconf 88' lang='lat' dir='ltr'><strong><em>mona-</em></strong></span> 
     </span>
    </p>
   </div>
   <div class='ocr_carea' id='block_1_102' title="bbox 1924 4054 3510 4138">
    <p class='ocr_par' dir='ltr' id='par_1_102' title="bbox 1924 4054 3510 4138">
     <span class='ocr_line' id='line_1_102' title="bbox 1924 4054 3510 4138; baseline 0.014 -30"><span class='ocrx_word' id='word_1_720' title='bbox 1924 4054 2134 4121; x_wconf 87' lang='lat' dir='ltr'><strong><em>steriis,</em></strong></span> <span class='ocrx_word' id='word_1_721' title='bbox 2185 4055 2342 4112; x_wconf 86' lang='lat' dir='ltr'><strong><em>beato</em></strong></span> <span class='ocrx_word' id='word_1_722' title='bbox 2385 4058 2704 4127; x_wconf 90' lang='lat' dir='ltr'><strong><em>disponente</em></strong></span> <span class='ocrx_word' id='word_1_723' title='bbox 2749 4063 3108 4138; x_wconf 84' lang='lat' dir='ltr'><strong><em>Hieronymo,</em></strong></span> <span class='ocrx_word' id='word_1_724' title='bbox 3165 4084 3328 4126; x_wconf 91' lang='lat' dir='ltr'><strong><em>unum</em></strong></span> <span class='ocrx_word' id='word_1_725' title='bbox 3381 4075 3510 4130; x_wconf 87' lang='lat' dir='ltr'><strong><em>viris</em></strong></span> 
     </span>
    </p>
   </div>
   <div class='ocr_carea' id='block_1_103' title="bbox 1925 4146 3508 4229">
    <p class='ocr_par' dir='ltr' id='par_1_103' title="bbox 1925 4146 3508 4229">
     <span class='ocr_line' id='line_1_103' title="bbox 1925 4146 3508 4229; baseline 0.015 -28"><span class='ocrx_word' id='word_1_726' title='bbox 1925 4146 2138 4203; x_wconf 86' lang='lat' dir='ltr'><strong><em>tradidit</em></strong></span> <span class='ocrx_word' id='word_1_727' title='bbox 2155 4149 2580 4220; x_wconf 88' lang='lat' dir='ltr'><strong><em>gubernandum.</em></strong></span> <span class='ocrx_word' id='word_1_728' title='bbox 2609 4153 2854 4228; x_wconf 82' lang='lat' dir='ltr'><strong><em>Virgines</em></strong></span> <span class='ocrx_word' id='word_1_729' title='bbox 2873 4175 3006 4229; x_wconf 88' lang='lat' dir='ltr'><strong><em>quas</em></strong></span> <span class='ocrx_word' id='word_1_730' title='bbox 3032 4163 3100 4218; x_wconf 88' lang='lat' dir='ltr'><strong><em>de</em></strong></span> <span class='ocrx_word' id='word_1_731' title='bbox 3127 4163 3352 4220; x_wconf 86' lang='lat' dir='ltr'><strong><em>diversis</em></strong></span> <span class='ocrx_word' id='word_1_732' title='bbox 3375 4181 3508 4223; x_wconf 84' lang='lat' dir='ltr'><strong><em>con-</em></strong></span> 
     </span>
    </p>
   </div>
   <div class='ocr_carea' id='block_1_104' title="bbox 1921 4243 3506 4327">
    <p class='ocr_par' dir='ltr' id='par_1_104' title="bbox 1921 4243 3506 4327">
     <span class='ocr_line' id='line_1_104' title="bbox 1921 4243 3506 4327; baseline 0.012 -32"><span class='ocrx_word' id='word_1_733' title='bbox 1921 4243 2160 4312; x_wconf 85' lang='lat' dir='ltr'><strong><em>gregavit</em></strong></span> <span class='ocrx_word' id='word_1_734' title='bbox 2184 4243 2332 4310; x_wconf 91' lang='lat' dir='ltr'><strong><em>locis,</em></strong></span> <span class='ocrx_word' id='word_1_735' title='bbox 2365 4244 2416 4300; x_wconf 91' lang='lat' dir='ltr'><strong><em>in</em></strong></span> <span class='ocrx_word' id='word_1_736' title='bbox 2463 4254 2572 4302; x_wconf 90' lang='lat' dir='ltr'><strong><em>tres</em></strong></span> <span class='ocrx_word' id='word_1_737' title='bbox 2607 4256 2808 4306; x_wconf 88' lang='lat' dir='ltr'><strong><em>turmas</em></strong></span> <span class='ocrx_word' id='word_1_738' title='bbox 2837 4255 3267 4327; x_wconf 87' lang='lat' dir='ltr'><strong><em>monasteriaque</em></strong></span> <span class='ocrx_word' id='word_1_739' title='bbox 3305 4257 3506 4314; x_wconf 86' lang='lat' dir='ltr'><strong><em>divisit.</em></strong></span> 
     </span>
    </p>
   </div>
   <div class='ocr_carea' id='block_1_105' title="bbox 1922 4331 3508 4421">
    <p class='ocr_par' dir='ltr' id='par_1_105' title="bbox 1922 4331 3508 4421">
     <span class='ocr_line' id='line_1_105' title="bbox 1922 4331 3508 4421; baseline 0.009 -34"><span class='ocrx_word' id='word_1_740' title='bbox 1922 4331 2066 4389; x_wconf 79' lang='lat' dir='ltr'><strong><em>Inter</em></strong></span> <span class='ocrx_word' id='word_1_741' title='bbox 2093 4349 2225 4405; x_wconf 87' lang='lat' dir='ltr'><strong><em>quas</em></strong></span> <span class='ocrx_word' id='word_1_742' title='bbox 2263 4345 2406 4392; x_wconf 87' lang='lat' dir='ltr'><strong><em>tanta</em></strong></span> <span class='ocrx_word' id='word_1_743' title='bbox 2436 4353 2494 4393; x_wconf 90' lang='lat' dir='ltr'><strong><em>se</em></strong></span> <span class='ocrx_word' id='word_1_744' title='bbox 2523 4337 2820 4398; x_wconf 89' lang='lat' dir='ltr'><strong><em>humilitate</em></strong></span> <span class='ocrx_word' id='word_1_745' title='bbox 2845 4341 3059 4410; x_wconf 76' lang='lat' dir='ltr'><strong><em>deiecit,</em></strong></span> <span class='ocrx_word' id='word_1_746' title='bbox 3093 4348 3257 4416; x_wconf 90' lang='lat' dir='ltr'><strong><em>utqui</em></strong></span> <span class='ocrx_word' id='word_1_747' title='bbox 3283 4363 3399 4404; x_wconf 90' lang='lat' dir='ltr'><strong><em>eam</em></strong></span> <span class='ocrx_word' id='word_1_748' title='bbox 3433 4349 3508 4421; x_wconf 72' lang='lat' dir='ltr'><strong><em>(Ir)</em></strong></span> 
     </span>
    </p>
   </div>
   <div class='ocr_carea' id='block_1_106' title="bbox 1923 4428 3510 4498">
    <p class='ocr_par' dir='ltr' id='par_1_106' title="bbox 1923 4428 3510 4498">
     <span class='ocr_line' id='line_1_106' title="bbox 1923 4428 3510 4498; baseline 0.009 -14"><span class='ocrx_word' id='word_1_749' title='bbox 1923 4428 2180 4496; x_wconf 88' lang='lat' dir='ltr'><strong><em>audisset,</em></strong></span> <span class='ocrx_word' id='word_1_750' title='bbox 2205 4439 2498 4487; x_wconf 75' lang='lat' dir='ltr'><strong><em>extremam</em></strong></span> <span class='ocrx_word' id='word_1_751' title='bbox 2521 4434 2768 4490; x_wconf 88' lang='lat' dir='ltr'><strong><em>crederet</em></strong></span> <span class='ocrx_word' id='word_1_752' title='bbox 2787 4437 3120 4494; x_wconf 89' lang='lat' dir='ltr'><strong><em>ancillarum.</em></strong></span> <span class='ocrx_word' id='word_1_753' title='bbox 3151 4439 3276 4496; x_wconf 64' lang='lat' dir='ltr'><strong><em>Haec</em></strong></span> <span class='ocrx_word' id='word_1_754' title='bbox 3297 4443 3510 4498; x_wconf 87' lang='lat' dir='ltr'><strong><em>intuens</em></strong></span> 
     </span>
    </p>
   </div>
   <div class='ocr_carea' id='block_1_107' title="bbox 1922 4525 3510 4602">
    <p class='ocr_par' dir='ltr' id='par_1_107' title="bbox 1922 4525 3510 4602">
     <span class='ocr_line' id='line_1_107' title="bbox 1922 4525 3510 4602; baseline 0.009 -25"><span class='ocrx_word' id='word_1_755' title='bbox 1922 4535 2138 4578; x_wconf 85' lang='lat' dir='ltr'><strong><em>sorores</em></strong></span> <span class='ocrx_word' id='word_1_756' title='bbox 2179 4539 2303 4579; x_wconf 86' lang='lat' dir='ltr'><strong><em>suas</em></strong></span> <span class='ocrx_word' id='word_1_757' title='bbox 2340 4525 2480 4580; x_wconf 83' lang='lat' dir='ltr'><strong><em>circa</em></strong></span> <span class='ocrx_word' id='word_1_758' title='bbox 2515 4527 2716 4582; x_wconf 90' lang='lat' dir='ltr'><strong><em>cultum</em></strong></span> <span class='ocrx_word' id='word_1_759' title='bbox 2753 4537 2952 4584; x_wconf 74' lang='lat' dir='ltr'><strong><em>saneta:</em></strong></span> <span class='ocrx_word' id='word_1_760' title='bbox 2990 4530 3084 4586; x_wconf 91' lang='lat' dir='ltr'><strong><em>Dei</em></strong></span> <span class='ocrx_word' id='word_1_761' title='bbox 3123 4532 3398 4602; x_wconf 87' lang='lat' dir='ltr'><strong><em>genitricis</em></strong></span> <span class='ocrx_word' id='word_1_762' title='bbox 3446 4549 3510 4591; x_wconf 90' lang='lat' dir='ltr'><strong><em>ac</em></strong></span> 
     </span>
    </p>
   </div>
   <div class='ocr_carea' id='block_1_108' title="bbox 1925 4617 3505 4693">
    <p class='ocr_par' dir='ltr' id='par_1_108' title="bbox 1925 4617 3505 4693">
     <span class='ocr_line' id='line_1_108' title="bbox 1925 4617 3505 4693; baseline 0.006 -20"><span class='ocrx_word' id='word_1_763' title='bbox 1925 4617 2141 4688; x_wconf 86' lang='lat' dir='ltr'><strong><em>virginis</em></strong></span> <span class='ocrx_word' id='word_1_764' title='bbox 2164 4617 2554 4683; x_wconf 87' lang='lat' dir='ltr'><strong><em>devotissimas,</em></strong></span> <span class='ocrx_word' id='word_1_765' title='bbox 2579 4619 2734 4675; x_wconf 89' lang='lat' dir='ltr'><strong><em>beato</em></strong></span> <span class='ocrx_word' id='word_1_766' title='bbox 2759 4619 3082 4693; x_wconf 83' lang='lat' dir='ltr'><strong><em>Hieronymo</em></strong></span> <span class='ocrx_word' id='word_1_767' title='bbox 3111 4639 3217 4679; x_wconf 90' lang='lat' dir='ltr'><strong><em>una</em></strong></span> <span class='ocrx_word' id='word_1_768' title='bbox 3243 4640 3362 4680; x_wconf 90' lang='lat' dir='ltr'><strong><em>cum</em></strong></span> <span class='ocrx_word' id='word_1_769' title='bbox 3396 4625 3505 4682; x_wconf 88' lang='lat' dir='ltr'><strong><em>ﬁlia</em></strong></span> 
     </span>
    </p>
   </div>
   <div class='ocr_carea' id='block_1_109' title="bbox 1923 4711 3508 4784">
    <p class='ocr_par' dir='ltr' id='par_1_109' title="bbox 1923 4711 3508 4784">
     <span class='ocr_line' id='line_1_109' title="bbox 1923 4711 3508 4784; baseline 0.004 -17"><span class='ocrx_word' id='word_1_770' title='bbox 1923 4711 2258 4783; x_wconf 81' lang='lat' dir='ltr'><strong><em>supplicavit,</em></strong></span> <span class='ocrx_word' id='word_1_771' title='bbox 2287 4721 2346 4765; x_wconf 91' lang='lat' dir='ltr'><strong><em>ut</em></strong></span> <span class='ocrx_word' id='word_1_772' title='bbox 2373 4711 2441 4768; x_wconf 89' lang='lat' dir='ltr'><strong><em>de</em></strong></span> <span class='ocrx_word' id='word_1_773' title='bbox 2487 4712 2652 4781; x_wconf 88' lang='lat' dir='ltr'><strong><em>ipsius</em></strong></span> <span class='ocrx_word' id='word_1_774' title='bbox 2681 4714 3062 4784; x_wconf 84' lang='lat' dir='ltr'><strong><em>Assumptione</em></strong></span> <span class='ocrx_word' id='word_1_775' title='bbox 3091 4731 3393 4774; x_wconf 88' lang='lat' dir='ltr'><strong><em>sermonem</em></strong></span> <span class='ocrx_word' id='word_1_776' title='bbox 3427 4721 3508 4774; x_wconf 73' lang='lat' dir='ltr'><strong><em>fi-</em></strong></span> 
     </span>
    </p>
   </div>
   <div class='ocr_carea' id='block_1_110' title="bbox 1922 4802 3510 4880">
    <p class='ocr_par' dir='ltr' id='par_1_110' title="bbox 1922 4802 3510 4880">
     <span class='ocr_line' id='line_1_110' title="bbox 1922 4802 3510 4880; baseline 0.006 -21"><span class='ocrx_word' id='word_1_777' title='bbox 1922 4811 2090 4870; x_wconf 89' lang='lat' dir='ltr'><strong><em>ceret,</em></strong></span> <span class='ocrx_word' id='word_1_778' title='bbox 2135 4802 2363 4859; x_wconf 80' lang='lat' dir='ltr'><strong><em>miriﬁca</em></strong></span> <span class='ocrx_word' id='word_1_779' title='bbox 2381 4803 2620 4880; x_wconf 84' lang='lat' dir='ltr'><strong><em>ejusdem</em></strong></span> <span class='ocrx_word' id='word_1_780' title='bbox 2662 4804 2896 4877; x_wconf 80' lang='lat' dir='ltr'><strong><em>Virginis</em></strong></span> <span class='ocrx_word' id='word_1_781' title='bbox 2923 4809 3189 4877; x_wconf 64' lang='lat' dir='ltr'><strong><em>praeconia</em></strong></span> <span class='ocrx_word' id='word_1_782' title='bbox 3229 4811 3510 4868; x_wconf 88' lang='lat' dir='ltr'><strong><em>continen-</em></strong></span> 
     </span>
    </p>
   </div>
   <div class='ocr_carea' id='block_1_111' title="bbox 1923 4893 3509 4971">
    <p class='ocr_par' dir='ltr' id='par_1_111' title="bbox 1923 4893 3509 4971">
     <span class='ocr_line' id='line_1_111' title="bbox 1923 4893 3509 4971; baseline 0.004 -20"><span class='ocrx_word' id='word_1_783' title='bbox 1923 4903 2053 4951; x_wconf 91' lang='lat' dir='ltr'><strong><em>tem.</em></strong></span> <span class='ocrx_word' id='word_1_784' title='bbox 2084 4895 2317 4961; x_wconf 88' lang='lat' dir='ltr'><strong><em>Quarum</em></strong></span> <span class='ocrx_word' id='word_1_785' title='bbox 2361 4893 2502 4965; x_wconf 83' lang='lat' dir='ltr'><strong><em>piam</em></strong></span> <span class='ocrx_word' id='word_1_786' title='bbox 2543 4896 2850 4965; x_wconf 88' lang='lat' dir='ltr'><strong><em>petitionem</em></strong></span> <span class='ocrx_word' id='word_1_787' title='bbox 2891 4898 3006 4969; x_wconf 88' lang='lat' dir='ltr'><strong><em>ipse</em></strong></span> <span class='ocrx_word' id='word_1_788' title='bbox 3043 4902 3242 4971; x_wconf 88' lang='lat' dir='ltr'><strong><em>pariter</em></strong></span> <span class='ocrx_word' id='word_1_789' title='bbox 3284 4901 3509 4958; x_wconf 89' lang='lat' dir='ltr'><strong><em>devotus</em></strong></span> 
     </span>
    </p>
   </div>
   <div class='ocr_carea' id='block_1_112' title="bbox 1923 4986 3506 5064">
    <p class='ocr_par' dir='ltr' id='par_1_112' title="bbox 1923 4986 3506 5064">
     <span class='ocr_line' id='line_1_112' title="bbox 1923 4986 3506 5064; baseline 0.005 -23"><span class='ocrx_word' id='word_1_790' title='bbox 1923 4986 2231 5052; x_wconf 90' lang='lat' dir='ltr'><strong><em>admittens,</em></strong></span> <span class='ocrx_word' id='word_1_791' title='bbox 2285 5003 2404 5042; x_wconf 91' lang='lat' dir='ltr'><strong><em>cum</em></strong></span> <span class='ocrx_word' id='word_1_792' title='bbox 2448 5003 2656 5044; x_wconf 87' lang='lat' dir='ltr'><strong><em>summa</em></strong></span> <span class='ocrx_word' id='word_1_793' title='bbox 2697 4989 2971 5060; x_wconf 80' lang='lat' dir='ltr'><strong><em>diligentia</em></strong></span> <span class='ocrx_word' id='word_1_794' title='bbox 3015 4992 3156 5063; x_wconf 85' lang='lat' dir='ltr'><strong><em>quod</em></strong></span> <span class='ocrx_word' id='word_1_795' title='bbox 3201 4994 3506 5064; x_wconf 85' lang='lat' dir='ltr'><strong><em>rogabatur,</em></strong></span> 
     </span>
    </p>
   </div>
   <div class='ocr_carea' id='block_1_113' title="bbox 1923 5077 3508 5154">
    <p class='ocr_par' dir='ltr' id='par_1_113' title="bbox 1923 5077 3508 5154">
     <span class='ocr_line' id='line_1_113' title="bbox 1923 5077 3508 5154; baseline 0.004 -20"><span class='ocrx_word' id='word_1_796' title='bbox 1923 5077 2182 5148; x_wconf 84' lang='lat' dir='ltr'><strong><em>implevit.</em></strong></span> <span class='ocrx_word' id='word_1_797' title='bbox 2229 5078 2305 5134; x_wconf 89' lang='lat' dir='ltr'><strong><em>De</em></strong></span> <span class='ocrx_word' id='word_1_798' title='bbox 2345 5077 2496 5149; x_wconf 87' lang='lat' dir='ltr'><strong><em>cujus</em></strong></span> <span class='ocrx_word' id='word_1_799' title='bbox 2539 5087 2721 5136; x_wconf 87' lang='lat' dir='ltr'><strong><em>saneta</em></strong></span> <span class='ocrx_word' id='word_1_800' title='bbox 2765 5081 2890 5147; x_wconf 84' lang='lat' dir='ltr'><strong><em>vita,</em></strong></span> <span class='ocrx_word' id='word_1_801' title='bbox 2934 5091 2989 5138; x_wconf 91' lang='lat' dir='ltr'><strong><em>et</em></strong></span> <span class='ocrx_word' id='word_1_802' title='bbox 3035 5083 3151 5154; x_wconf 79' lang='lat' dir='ltr'><strong><em>ejus</em></strong></span> <span class='ocrx_word' id='word_1_803' title='bbox 3191 5085 3431 5142; x_wconf 87' lang='lat' dir='ltr'><strong><em>discessu</em></strong></span> <span class='ocrx_word' id='word_1_804' title='bbox 3478 5103 3508 5141; x_wconf 92' lang='lat' dir='ltr'><strong><em>a</em></strong></span> 
     </span>
    </p>
   </div>
   <div class='ocr_carea' id='block_1_114' title="bbox 1922 5170 3512 5243">
    <p class='ocr_par' dir='ltr' id='par_1_114' title="bbox 1922 5170 3512 5243">
     <span class='ocr_line' id='line_1_114' title="bbox 1922 5170 3512 5243; baseline 0.003 -17"><span class='ocrx_word' id='word_1_805' title='bbox 1922 5170 2113 5238; x_wconf 81' lang='lat' dir='ltr'><strong><em>Roma,</em></strong></span> <span class='ocrx_word' id='word_1_806' title='bbox 2143 5180 2196 5225; x_wconf 90' lang='lat' dir='ltr'><strong><em>et</em></strong></span> <span class='ocrx_word' id='word_1_807' title='bbox 2218 5185 2500 5241; x_wconf 81' lang='lat' dir='ltr'><strong><em>progressu</em></strong></span> <span class='ocrx_word' id='word_1_808' title='bbox 2527 5186 2624 5243; x_wconf 91' lang='lat' dir='ltr'><strong><em>per</em></strong></span> <span class='ocrx_word' id='word_1_809' title='bbox 2653 5171 2814 5238; x_wconf 89' lang='lat' dir='ltr'><strong><em>viam,</em></strong></span> <span class='ocrx_word' id='word_1_810' title='bbox 2842 5181 2897 5228; x_wconf 88' lang='lat' dir='ltr'><strong><em>et</em></strong></span> <span class='ocrx_word' id='word_1_811' title='bbox 2924 5188 3141 5229; x_wconf 86' lang='lat' dir='ltr'><strong><em>accessu</em></strong></span> <span class='ocrx_word' id='word_1_812' title='bbox 3165 5175 3234 5229; x_wconf 88' lang='lat' dir='ltr'><strong><em>ad</em></strong></span> <span class='ocrx_word' id='word_1_813' title='bbox 3260 5175 3512 5231; x_wconf 79' lang='lat' dir='ltr'><strong><em>Hieroso-</em></strong></span> 
     </span>
    </p>
   </div>
   <div class='ocr_carea' id='block_1_115' title="bbox 1923 5263 3510 5338">
    <p class='ocr_par' dir='ltr' id='par_1_115' title="bbox 1923 5263 3510 5338">
     <span class='ocr_line' id='line_1_115' title="bbox 1923 5263 3510 5338; baseline 0.003 -20"><span class='ocrx_word' id='word_1_814' title='bbox 1923 5263 2119 5335; x_wconf 81' lang='lat' dir='ltr'><strong><em>lymam</em></strong></span> <span class='ocrx_word' id='word_1_815' title='bbox 2147 5263 2498 5334; x_wconf 88' lang='lat' dir='ltr'><strong><em>omnibusque</em></strong></span> <span class='ocrx_word' id='word_1_816' title='bbox 2527 5263 2811 5334; x_wconf 57' lang='lat' dir='ltr'><strong><em>praedictis,</em></strong></span> <span class='ocrx_word' id='word_1_817' title='bbox 2843 5263 2982 5320; x_wconf 89' lang='lat' dir='ltr'><strong><em>idem</em></strong></span> <span class='ocrx_word' id='word_1_818' title='bbox 3013 5265 3368 5338; x_wconf 87' lang='lat' dir='ltr'><strong><em>Hieronymus</em></strong></span> <span class='ocrx_word' id='word_1_819' title='bbox 3402 5267 3510 5322; x_wconf 85' lang='lat' dir='ltr'><strong><em>late</em></strong></span> 
     </span>
    </p>
   </div>
   <div class='ocr_carea' id='block_1_116' title="bbox 1923 5353 3506 5428">
    <p class='ocr_par' dir='ltr' id='par_1_116' title="bbox 1923 5353 3506 5428">
     <span class='ocr_line' id='line_1_116' title="bbox 1923 5353 3506 5428; baseline 0.001 -18"><span class='ocrx_word' id='word_1_820' title='bbox 1923 5362 2114 5410; x_wconf 87' lang='lat' dir='ltr'><strong><em>tractat</em></strong></span> <span class='ocrx_word' id='word_1_821' title='bbox 2141 5362 2299 5425; x_wconf 81' lang='lat' dir='ltr'><strong><em>atque</em></strong></span> <span class='ocrx_word' id='word_1_822' title='bbox 2321 5353 2558 5411; x_wconf 89' lang='lat' dir='ltr'><strong><em>declarat</em></strong></span> <span class='ocrx_word' id='word_1_823' title='bbox 2583 5356 2636 5410; x_wconf 91' lang='lat' dir='ltr'><strong><em>in</em></strong></span> <span class='ocrx_word' id='word_1_824' title='bbox 2665 5355 2914 5412; x_wconf 74' lang='lat' dir='ltr'><strong><em>Tractatu</em></strong></span> <span class='ocrx_word' id='word_1_825' title='bbox 2937 5372 3095 5428; x_wconf 88' lang='lat' dir='ltr'><strong><em>quem</em></strong></span> <span class='ocrx_word' id='word_1_826' title='bbox 3125 5357 3251 5413; x_wconf 89' lang='lat' dir='ltr'><strong><em>fecit</em></strong></span> <span class='ocrx_word' id='word_1_827' title='bbox 3271 5357 3336 5413; x_wconf 93' lang='lat' dir='ltr'><strong><em>de</em></strong></span> <span class='ocrx_word' id='word_1_828' title='bbox 3359 5357 3506 5412; x_wconf 89' lang='lat' dir='ltr'><strong><em>obitu</em></strong></span> 
     </span>
    </p>
   </div>
   <div class='ocr_carea' id='block_1_117' title="bbox 1991 5511 3508 5588">
    <p class='ocr_par' dir='ltr' id='par_1_117' title="bbox 1991 5511 3508 5588">
     <span class='ocr_line' id='line_1_117' title="bbox 1991 5511 3508 5588; baseline -0.004 -22"><span class='ocrx_word' id='word_1_829' title='bbox 1991 5515 2054 5588; x_wconf 73' lang='grc' dir='ltr'><strong><em>(ᾳ)</em></strong></span> <span class='ocrx_word' id='word_1_830' title='bbox 2084 5513 2278 5588; x_wconf 61' lang='lat' dir='ltr'><strong><em>Addunt</em></strong></span> <span class='ocrx_word' id='word_1_831' title='bbox 2300 5512 2415 5566; x_wconf 81' lang='lat' dir='ltr'><strong><em>Mss.</em></strong></span> <span class='ocrx_word' id='word_1_832' title='bbox 2434 5516 2612 5588; x_wconf 71' lang='lat' dir='ltr'><strong><em>quibus</em></strong></span> <span class='ocrx_word' id='word_1_833' title='bbox 2633 5517 2832 5588; x_wconf 73' lang='lat' dir='ltr'><strong><em>utimur,</em></strong></span> <span class='ocrx_word' id='word_1_834' title='bbox 2850 5524 2997 5588; x_wconf 58' lang='lat' dir='ltr'><strong><em>Cypra</em></strong></span> <span class='ocrx_word' id='word_1_835' title='bbox 3025 5529 3038 5566; x_wconf 88' lang='lat'><strong>:</strong></span> <span class='ocrx_word' id='word_1_836' title='bbox 3067 5521 3231 5588; x_wconf 64' lang='lat' dir='ltr'><strong><em>contra</em></strong></span> <span class='ocrx_word' id='word_1_837' title='bbox 3253 5511 3508 5588; x_wconf 46' lang='lat' dir='ltr'><strong><em>marceti-</em></strong></span> 
     </span>
    </p>
   </div>
   <div class='ocr_carea' id='block_1_118' title="bbox 1919 5571 3506 5642">
    <p class='ocr_par' dir='ltr' id='par_1_118' title="bbox 1919 5571 3506 5642">
     <span class='ocr_line' id='line_1_118' title="bbox 1919 5571 3506 5642; baseline -0.004 -12"><span class='ocrx_word' id='word_1_838' title='bbox 1919 5571 2190 5642; x_wconf 75' lang='lat' dir='ltr'><strong><em>ceat&#39;atque</em></strong></span> <span class='ocrx_word' id='word_1_839' title='bbox 2214 5571 2492 5642; x_wconf 77' lang='lat' dir='ltr'><strong><em>Hieronymi</em></strong></span> <span class='ocrx_word' id='word_1_840' title='bbox 2515 5590 2544 5642; x_wconf 90' lang='lat'><strong><em>:_</em></strong></span> <span class='ocrx_word' id='word_1_841' title='bbox 2561 5578 2775 5642; x_wconf 78' lang='lat' dir='ltr'><strong><em>denique</em></strong></span> <span class='ocrx_word' id='word_1_842' title='bbox 2797 5571 2982 5627; x_wconf 69' lang='lat' dir='ltr'><strong><em>habent</em></strong></span> <span class='ocrx_word' id='word_1_843' title='bbox 3018 5577 3084 5626; x_wconf 87' lang='lat' dir='ltr'><strong><em>ad</em></strong></span> <span class='ocrx_word' id='word_1_844' title='bbox 3119 5575 3257 5627; x_wconf 86' lang='lat' dir='ltr'><strong><em>sedes</em></strong></span> <span class='ocrx_word' id='word_1_845' title='bbox 3279 5571 3506 5636; x_wconf 80' lang='lat' dir='ltr'><strong><em>proprias</em></strong></span> 
     </span>
    </p>
   </div>
   <div class='ocr_carea' id='block_1_119' title="bbox 1921 5638 2746 5712">
    <p class='ocr_par' dir='ltr' id='par_1_119' title="bbox 1921 5638 2746 5712">
     <span class='ocr_line' id='line_1_119' title="bbox 1921 5638 2746 5712; baseline -0.005 -20"><span class='ocrx_word' id='word_1_846' title='bbox 1921 5638 2374 5712; x_wconf 61' lang='lat' dir='ltr'><strong><em>renteatg&#39;tibus,_pro</em></strong></span> <span class='ocrx_word' id='word_1_847' title='bbox 2393 5638 2746 5712; x_wconf 60' lang='lat' dir='ltr'><strong><em>fecipientibus.</em></strong></span> 
     </span>
    </p>
   </div>
   <div class='ocr_carea' id='block_1_120' title="bbox 1956 5693 3505 5776">
    <p class='ocr_par' dir='ltr' id='par_1_120' title="bbox 1956 5693 3505 5776">
     <span class='ocr_line' id='line_1_120' title="bbox 1956 5693 3505 5776; baseline 0 0"><span class='ocrx_word' id='word_1_848' title='bbox 1956 5703 2053 5776; x_wconf 65' lang='grc' dir='ltr'><strong><em>,ιω</em></strong></span> <span class='ocrx_word' id='word_1_849' title='bbox 2094 5693 2378 5776; x_wconf 39' lang='lat' dir='ltr'><strong><em>“demittit</em></strong></span> <span class='ocrx_word' id='word_1_850' title='bbox 2402 5693 2504 5753; x_wconf 73' lang='grc' dir='ltr'><strong><em>υέαί</em></strong></span> <span class='ocrx_word' id='word_1_851' title='bbox 2536 5708 2616 5776; x_wconf 70' lang='lat' dir='ltr'><strong><em>et</em></strong></span> <span class='ocrx_word' id='word_1_852' title='bbox 2631 5699 2847 5776; x_wconf 53' lang='lat'><strong><em>9908910</em></strong></span> <span class='ocrx_word' id='word_1_853' title='bbox 2862 5696 3260 5776; x_wconf 51' lang='grc' dir='ltr'><strong><em>,εἶρξειαιιιξίνίαε</em></strong></span> <span class='ocrx_word' id='word_1_854' title='bbox 3279 5693 3505 5776; x_wconf 47' lang='lat' dir='ltr'><strong><em>esse&quot;</em></strong></span> 
     </span>
    </p>
   </div>
   <div class='ocr_carea' id='block_1_121' title="bbox 1921 5756 3505 5828">
    <p class='ocr_par' dir='ltr' id='par_1_121' title="bbox 1921 5756 3505 5828">
     <span class='ocr_line' id='line_1_121' title="bbox 1921 5756 3505 5828; baseline -0.008 -11"><span class='ocrx_word' id='word_1_855' title='bbox 1921 5756 2132 5828; x_wconf 61' lang='lat' dir='ltr'><strong><em>vir&#39;ipse,</em></strong></span> <span class='ocrx_word' id='word_1_856' title='bbox 2158 5772 2253 5814; x_wconf 89' lang='lat' dir='ltr'><strong><em>etc.</em></strong></span> <span class='ocrx_word' id='word_1_857' title='bbox 2267 5763 2662 5828; x_wconf 80' lang='lat' dir='ltr'><strong><em>Subsequentem</em></strong></span> <span class='ocrx_word' id='word_1_858' title='bbox 2677 5756 2798 5811; x_wconf 70' lang='lat' dir='ltr'><strong><em>v&#39;ero</em></strong></span> <span class='ocrx_word' id='word_1_859' title='bbox 2817 5756 3067 5828; x_wconf 70' lang='lat' dir='ltr'><strong><em>periodum</em></strong></span> <span class='ocrx_word' id='word_1_860' title='bbox 3090 5756 3256 5822; x_wconf 83' lang='lat' dir='ltr'><strong><em>totam,</em></strong></span> <span class='ocrx_word' id='word_1_861' title='bbox 3271 5756 3340 5807; x_wconf 81' lang='lat' dir='ltr'><strong><em>De</em></strong></span> <span class='ocrx_word' id='word_1_862' title='bbox 3363 5756 3505 5818; x_wconf 86' lang='lat' dir='ltr'><strong><em>cujus</em></strong></span> 
     </span>
    </p>
   </div>
   <div class='ocr_carea' id='block_1_122' title="bbox 1925 5822 3091 5890">
    <p class='ocr_par' dir='ltr' id='par_1_122' title="bbox 1925 5822 3091 5890">
     <span class='ocr_line' id='line_1_122' title="bbox 1925 5822 3091 5890; baseline -0.007 -12"><span class='ocrx_word' id='word_1_863' title='bbox 1925 5822 2091 5880; x_wconf 71' lang='lat' dir='ltr'><strong><em>sancta</em></strong></span> <span class='ocrx_word' id='word_1_864' title='bbox 2109 5822 2222 5888; x_wconf 67' lang='lat' dir='ltr'><strong><em>uita,</em></strong></span> <span class='ocrx_word' id='word_1_865' title='bbox 2248 5839 2406 5890; x_wconf 83' lang='lat' dir='ltr'><strong><em>usque</em></strong></span> <span class='ocrx_word' id='word_1_866' title='bbox 2433 5822 2614 5884; x_wconf 59' lang='lat' dir='ltr'><strong><em>Paulae,</em></strong></span> <span class='ocrx_word' id='word_1_867' title='bbox 2633 5822 2829 5885; x_wconf 81' lang='lat' dir='ltr'><strong><em>prorsus</em></strong></span> <span class='ocrx_word' id='word_1_868' title='bbox 2853 5822 3091 5883; x_wconf 86' lang='lat' dir='ltr'><strong><em>ignorant.</em></strong></span> 
     </span>
    </p>
   </div>
  </div>
