4052 6338
501 381 598 441 195

498 505 554 554 et
573 492 796 551 transitu
824 483 1032 547 sanctai
1060 474 1273 544 Paulae?
1293 477 1436 544 Sane
1464 485 1604 543 inter
1631 487 1941 542 innumeros
1970 494 2080 538 tra-

500 597 693 652 ctatus,
720 599 854 657 quos
874 583 940 638 ad
964 582 1210 638 diversos
1231 581 1397 647 misit,
1423 580 1488 634 ad
1515 579 1799 650 quamdam
1823 578 2080 648 virginem
2105 591 2112 596 ·

498 680 732 737 Asellam
781 675 998 732 nomine
1054 673 1268 743 scripsit
1322 671 1614 742 Epistolam
1651 688 1663 724 :
1706 671 1760 724 in
1825 684 1928 739 qua
1986 682 2084 738 pro

499 769 676 824 ofﬁcio
699 767 799 822 sibi
821 767 889 822 ab
912 780 975 820 ea
1005 763 1261 828 exhibito,
1290 762 1486 832 gratias
1507 762 1555 816 ei
1583 760 1766 823 rel‘ert,
1797 760 1936 814 etab
1953 759 2080 812 olim

501 857 752 930 imposito
779 856 876 911 sibi
895 855 1122 911 crimine
1141 855 1475 909 innocentem
1496 867 1555 908 se
1574 862 1837 916 astruens,
1865 850 2084 905 :emulo-

503 967 619 1008 rum
649 965 866 1007 suorum
894 948 1142 1003 invidiam
1170 943 1427 1015 increpat.
1454 945 1596 1012 Quos
1621 947 1781 999 etiam
1803 944 1854 997 in
1884 950 2084 998 sancte

504 1043 684 1100 Paula:
719 1043 959 1098 discessu
998 1053 1303 1095 susurrasse
1344 1044 1644 1106 acceperat.
1690 1035 1858 1105 Hujus
1904 1039 2112 1089 autem"

503 1138 625 1193 talis
659 1145 743 1192 est
772 1143 948 1191 textus
972 1131 1047 1205 (a)
1094 1131 1340 1202 Epistolaa
1367 1146 1382 1183 :
1414 1129 1476 1185 Si
1503 1128 1592 1182 tibi
1631 1138 1799 1198 putem
1833 1130 2024 1199 gratias
2052 1143 2084 1180 a

504 1247 584 1284 me
620 1229 798 1300 referri
835 1244 1000 1298 posse,
1029 1243 1131 1280 non
1175 1226 1369 1294 sapiam
1397 1239 1414 1277 :
1440 1234 1617 1294 potens
1659 1230 1731 1276 est
1758 1221 1897 1275 Deus
1934 1237 2086 1289 super

507 1338 773 1394 personam
815 1322 1000 1374 animae
1050 1329 1149 1372 tua:
1183 1318 1462 1380 restituere,
1505 1314 1640 1385 quod
1687 1326 1924 1369 uteretur.
1975 1313 2084 1384 Ego

508 1413 638 1467 enim
666 1412 904 1482 indignus
939 1425 1028 1464 nec
1053 1409 1302 1462 testimare
1325 1423 1548 1476 unquam
1575 1406 1739 1475 potui,
1771 1421 1861 1459 nec
1887 1414 2079 1474 aptare,

509 1513 566 1562 ut
591 1503 713 1556 mihi
738 1504 936 1554 tantum
964 1500 1018 1552 in
1053 1498 1254 1552 Christo
1291 1497 1552 1567 largireris
1583 1495 1840 1562 affectum.
1878 1495 1943 1547 Et
1973 1495 2110 1548 licet'

511 1610 591 1650 me
613 1592 906 1648 sceleratum
932 1590 1138 1661 quidam
1166 1598 1358 1658 putent,
1387 1597 1432 1640 et
1457 1587 1666 1657 ﬂagitiis
1686 1586 1807 1638 meis
1829 1584 2086 1647 obrutum,

512 1695 557 1740 et
593 1701 685 1754 pro
719 1683 934 1753 peccatis
960 1681 1082 1734 meis
1123 1681 1272 1733 etiam
1312 1679 1419 1733 lucc
1449 1695 1604 1748 parva
1645 1685 1990 1731 sunt:tamen
2033 1685 2088 1729 tu

512 1778 634 1832 bene
653 1777 801 1846 facis,
829 1774 966 1844 quod
991 1790 1054 1828 ea:
1073 1783 1160 1826 tua
1188 1781 1350 1825 mente
1369 1771 1520 1824 etiam
1541 1770 1721 1833 malos,
1745 1769 1899 1822 bonos
1923 1776 2084 1838 putes.

513 1866 861 1922 Periculosum
891 1866 1079 1936 quippe
1121 1872 1192 1918 est
1230 1863 1294 1917 de
1321 1879 1464 1917 servo
1509 1862 1722 1915 alterius
1737 1861 1994 1931 judicare,
2042 1868 2090 1914 et

513 1975 614 2012 non
646 1957 813 2029 facilis
847 1957 992 2010 uenia
1021 1971 1178 2026 praua
1201 1955 1390 2008 dixisse
1421 1953 1485 2007 de
1503 1953 1670 2006 rectis.
1715 1951 1906 2016 Veniet,
1933 1952 2090 2005 veniet

511 2051 605 2106 illa
629 2051 734 2104 dies
760 2058 809 2105 et
837 2065 1031 2102 mecum
1061 2047 1252 2101 dolebis
1281 2047 1463 2100 ardore
1491 2062 1590 2099 non
1617 2060 1796 2115 pauco.
1833 2043 1942 2114 Ego
1966 2059 2091 2112 pro-

511 2143 710 2208 brosus,
740 2157 831 2211 ego
858 2139 1131 2210 versipellis
1151 2147 1196 2192 et
1217 2137 1457 2202 lubricus,
1485 2152 1575 2205 ego
1602 2135 1837 2197 mendax,
1866 2143 1913 2188 et
1938 2134 2094 2188 Sata-

513 2247 596 2287 uar
632 2241 739 2285 arte
777 2230 1054 2299 decipiens.
1093 2227 1218 2294 Quis
1257 2229 1380 2281 istas
1415 2228 1645 2291 astutias,
1688 2226 1782 2278 hoc
1811 2223 1889 2278 vel
1923 2223 2091 2277 credi-

515 2322 669 2382 disse,
692 2322 766 2374 vel
793 2319 868 2388 (ὁ)
899 2319 1112 2372 sensisse
1141 2317 1204 2370 de
1231 2317 1530 2380 insontibus,
1566 2333 1633 2368 an
1659 2316 1810 2368 etiam
1832 2314 1896 2368 de
1925 2314 2093 2368 noxiis

513 2413 717 2466 credere
744 2410 1020 2465 coluisset?
1053 2408 1425 2463 Oseulabantur
1451 2408 1576 2460 mihi
1595 2407 1799 2477 quidam
1825 2423 2024 2470 manus,
2050 2416 2094 2460 et

516 2520 604 2558 ore
631 2505 828 2573 vipereo
857 2501 1184 2554 detrahebant
1212 2515 1230 2553 :
1259 2499 1493 2553 dolebant
1525 2498 1694 2564 labiis,
1727 2498 1879 2552 corde
1901 2495 2093 2567 gaude-

521 2593 662 2646 bant.
701 2591 909 2646 Videbat
939 2590 1207 2654 Dominus,
1239 2599 1284 2642 et
1314 2589 1654 2643 subsannabat
1693 2590 1807 2642 illos
1831 2605 1851 2641 :
1871 2598 1917 2642 et
1948 2589 2095 2640 misso

518 2699 633 2736 runt
660 2698 737 2736 me
765 2697 962 2736 servum
990 2697 1138 2735 suum
1158 2681 1329 2748 futuro
1347 2696 1459 2733 cum
1487 2681 1556 2733 eis
1574 2679 1773 2749 judicio
1793 2678 2089 2734 reservabat.

520 2773 666 2827 Alius
712 2773 962 2826 incessum
1010 2787 1174 2824 meum
1226 2771 1628 2824 calumniabatur
1677 2781 1724 2824 et
1774 2771 1950 2824 risura.
1997 2768 2100 2824 Ille

520 2863 679 2924 vultui
700 2862 1012 2927 detrahebat,
1037 2862 1116 2916 hic
1135 2862 1188 2915 in
1212 2861 1536 2932 simplicitate
1555 2862 1700 2916 aliud
1722 2862 2096 2932 suspicabatur.

520 2953 662 3022 Pone
691 2955 904 3009 triennio
933 2971 1048 3008 cum
1077 2955 1148 3009 eis
1175 2954 1279 3008 uixi
1307 2971 1326 3007 :
1352 2955 1510 3007 multa
1538 2970 1614 3008 me
1650 2955 1901 3024 virginum
1927 2956 2100 3009 crebro

521 3047 669 3100 turba
707 3047 1032 3101 circumdedit
1062 3047 1295 3101 :dit'iuos
1337 3045 1490 3099 libros
1529 3056 1584 3098 ut
1631 3047 1790 3114 potui,
1842 3046 2100 3101 nonnullis

521 3158 654 3212 καῖρε
679 3141 910 3196 disserui.
940 3139 1114 3194 Lectio
1143 3139 1512 3198 assiduitatem,
1539 3139 1809 3192 assiduitas
1829 3139 2100 3208 familiari-

525 3243 697 3300 tatem,
723 3233 1044 3302 familiaritas
1089 3231 1331 3301 ﬁduciam
1373 3231 1576 3299 fecerat.
1622 3229 1805 3283 Dicant
1851 3230 1973 3298 quid
2009 3245 2104 3283 uu-

523 3340 674 3394 quam
720 3325 773 3376 in
815 3340 892 3376 me
919 3323 1064 3375 aliter
1109 3322 1372 3387 senserint,
1402 3337 1553 3390 quam
1591 3320 1725 3389 quod
1761 3319 2102 3375 Christianum

528 3417 750 3470 decebat.
779 3414 984 3481 Dicant,
1012 3415 1055 3468 si
1079 3413 1344 3485 pecuniam
1371 3416 1666 3482 cujusquam
1691 3413 1861 3481 accepi
1883 3429 1903 3466 :
1930 3414 1974 3466 si
1993 3431 2105 3467 tnu-

529 3524 652 3563 neru
681 3522 840 3574 parva
880 3508 955 3560 vel
999 3523 1183 3578 magna
1225 3521 1328 3559 non
1373 3506 1556 3573 sprevi.
1587 3503 1655 3557 In
1694 3521 1848 3558 manu
1879 3522 1988 3558 utea
2032 3522 2102 3559 res

531 3601 752 3670 alicujus
783 3597 850 3670 (c)
887 3598 1027 3668 fuit?
1056 3597 1204 3651 Nihil
1232 3598 1356 3650 mihi
1391 3597 1534 3650 aliud
1561 3596 1793 3668 objicitur
1831 3599 1929 3652 nisi
1955 3615 2106 3653 sexus

531 3710 670 3748 meus
703 3703 791 3746 :et
821 3692 914 3746 hoc
958 3708 1212 3762 nunquam
1255 3675 1510 3762 objicitur,
1554 3691 1653 3745 nisi
1697 3707 1810 3744 cunt
1841 3690 2010 3745 Paula
2057 3701 2104 3746 et

530 3784 757 3839 Melania
784 3783 1190 3854 Hierosolymam
1222 3783 1631 3852 proficiscuntur.
1663 3781 1760 3836 Isti
1783 3783 2105 3837 crediderunt

526 3877 817 3940 mentienti;
861 3891 950 3928 cur
991 3859 1089 3928 nan
1135 3875 1345 3928 credunt
1392 3873 1632 3944 neganti?
1667 3873 1816 3927 Idem
1852 3884 1924 3930 est
1955 3876 2104 3930 homo

535 3970 666 4039 ipse,
693 3969 779 4036 qui
807 3970 971 4037 fuerat
996 3982 1015 4020 :
1043 3967 1230 4036 fatetur
1259 3966 1524 4033 insontem,
1551 3966 1636 4035 qui
1670 3964 1861 4018 dudum
1897 3967 2107 4020 noxium

530 4059 854 4130 prtcdicebat.
900 4056 969 4122 Et
1013 4068 1150 4112 certe
1179 4058 1434 4110 ueritatem
1478 4057 1637 4126 magis
1674 4058 1961 4127 exprimunt
2008 4067 2107 4111 tor-

508 4159 718 4214 menta,
742 4164 894 4216 quam
918 4148 1050 4201 risus
1075 4164 1092 4200 :
1122 4147 1221 4200 uisi
1241 4149 1358 4215 quia
1385 4148 1588 4218 facilius
1621 4147 1863 4212 creditur,
1887 4159 1974 4200 aut
2004 4157 2106 4200 non

530 4239 710 4306 fictum
738 4246 790 4289 ut
818 4236 878 4304 (1.
917 4237 1159 4307 tingatur)
1196 4238 1438 4306 fingatur,
1482 4237 1782 4304 impellitur.
1825 4238 2106 4306 Antequam

529 4327 734 4381 domum
764 4336 952 4381 sanctae
978 4324 1162 4380 Paula:
1177 4343 1391 4391 nossem,
1419 4328 1472 4379 in
1502 4343 1580 4379 me
1608 4324 1758 4380 Urbis
1797 4329 1962 4381 studia
1985 4344 2108 4382 con-

527 4419 792 4472 sonabant.
829 4417 1068 4486 Omnium
1093 4434 1218 4487 pene
1226 4417 1427 4488 judicio
1452 4419 1636 4488 dignus
1655 4435 1848 4473 summa
1871 4421 2109 4474 sacerdo-

529 4510 597 4564 tio
625 4508 944 4564 decernebar.
982 4507 1154 4564 Beata:
1189 4509 1442 4562 memoria:
1467 4507 1743 4575 Damasus,
1775 4527 1938 4564 sermo
1968 4528 2106 4567 meus

528 4587 636 4656 erat
665 4617 683 4654 :
709 4603 911 4657 dicebar
961 4611 1199 4669 sanctus,
1246 4601 1450 4655 dicebar
1491 4601 1696 4656 humilis
1741 4613 1788 4656 et
1839 4603 2102 4660 discretus.

535 4692 816 4763 Nunquam
855 4695 1060 4748 domum
1097 4697 1317 4766 alicujus
1357 4694 1634 4750 laseivioris
1673 4695 1928 4767 ingressus
1970 4714 2102 4752 sum.

533 4781 812 4854 Nunquam
864 4801 943 4837 me
989 4792 1143 4839 vestes
1174 4787 1377 4850 sericae,
1433 4787 1644 4840 nitentes
1694 4803 1922 4857 gemmae,
1971 4789 2110 4858 picta

529 4875 704 4946 facies,
728 4875 842 4927 auri
858 4876 1029 4944 rapuit
1057 4875 1282 4930 ambitio.
1305 4875 1467 4930 Nulla
1497 4878 1590 4947 fuit
1617 4878 1890 4947 aliquando
1918 4890 2108 4934 matro-

530 4981 712 5020 narum
737 4963 934 5029 Romar,
965 4981 1078 5034 qum
1099 4983 1258 5020 meam
1290 4976 1453 5037 posset
1478 4967 1714 5022 edomare
1743 4981 1977 5036 mentem,
2007 4973 2104 5027 nisi

531 5056 708 5127 lugens
736 5065 882 5125 atque
907 5057 1141 5125 iejunaus
1168 5056 1356 5121 Paula,
1379 5058 1612 5129 squalens
1632 5061 1881 5126 sordibus,
1904 5065 2111 5131 ﬂetibus

529 5163 656 5218 pem
679 5157 867 5200 comata
897 5163 915 5202 :
941 5164 1090 5216 quam
1131 5149 1380 5202 continuis
1409 5149 1634 5203 noctibus
1663 5149 1874 5206 Domini
1905 5155 2109 5208 miseri-‘

528 5239 752 5293 cordiam
779 5250 1126 5310 deprecantem
1154 5243 1232 5296 sol
1268 5258 1401 5312 ωερε
1427 5242 1773 5311 deprehendit.
1806 5245 1962 5317 Cujus
1985 5264 2107 5302 can-

528 5329 700 5397 ticum,
735 5331 919 5401 psalmi
942 5349 959 5386 :
987 5348 1168 5397 sermo,
1197 5332 1528 5404 Erangelium
1558 5350 1578 5387 .'
1604 5334 1816 5402 deliciw,
1843 5341 2110 5395 continena

593 5463 657 5540 (a)
698 5465 792 5540 his.
810 5468 1052 5540 vetustior
1081 5470 1224 5519 tacito
1259 5468 1483 5540 Epistolas
1504 5473 1720 5540 nomine,
1743 5475 2105 5540 inscriptionem

525 5528 794 5604 huiusmodi
808 5528 1134 5604 deridiculum
1158 5528 1410 5604 praponit,
1430 5531 1607 5584 Nobilis
1629 5528 1848 5586 Dalmata
1871 5528 2105 5604 Iiieronyé

527 5588 634 5650 mus
646 5588 828 5650 asella:
859 5589 1043 5650 Virgini
1062 5588 1281 5641 salutem.

593 5647 656 5716 (li)
700 5650 850 5716 idem,
879 5643 1172 5716 vel'finxisse
1195 5653 1256 5704 de
1278 5653 1556 5705 insontibus.

593 5711 812 5784 (9“).Mss.
840 5711 1012 5764 Vsouu'it
1040 5727 1074 5784 7:
1111 5724 1210 5784 tum
1241 5733 1263 5761 «ι
1297 5717 1386 5784 nisi
1429 5731 1536 5784 eum
1570 5718 1914 5784 Jorqsolymam
1949 5724 2102 5775 Paula

529 5772 861 5831 preﬁciscitur,
882 5793 904 5820 υ
936 5778 1260 5846 praetermissa
1284 5775 1488 5846 ggelguia
1506 5794 1653 5846 ,__quaa
1677 5772 1735 5829 ad
1760 5772 1861 5832 llaec
1886 5772 2114 5846 tempora

536 5845 829 5898 aequaquam
852 5845 1057 5899 spectat,
1079 5846 1131 5889 et
1153 5852 1262 5890 cum
1284 5837 1472 5890 llnli‘mo
1495 5837 1578 5892 diu
1603 5850 1745 5893 antea
1769 5837 2103 5907 navigaverat.

1761 370 1816 430 S.
1855 368 2233 427 lllERONYMl
2277 368 2450 425 \'lTA.

3664 373 3766 432 ωδ

2198 485 2270 537 tia
2296 500 2314 536 :
2338 485 2460 550 vita,
2501 483 2776 554 jejunium.
2818 483 2980 539 Nulla
3013 501 3094 540 me
3120 486 3284 558 potuit
3318 487 3592 559 aliquando
3631 491 3768 547 dele-

2190 584 2346 639 ctare,
2368 576 2464 629 nisi
2490 563 2601 643 illa,
2630 593 2780 645 quam
2816 580 3200 633 manducantem
3225 597 3481 651 nunquam
3506 583 3629 638 vidi.
3663 583 3770 639 Sed

2189 675 2453 735 postquam
2509 661 2619 718 eam
2666 683 2758 735 pro
2813 683 2922 722 sua:
2974 669 3151 722 merito
3200 672 3446 724 castitatis
3502 676 3768 741 uenerari,

2188 752 2352 808 colere
2375 769 2434 805 ac
2467 755 2720 822 suscipere
2743 757 2872 824 ccepi
2903 771 3111 811 :omnes
3147 759 3286 812 illico
3315 761 3580 818 deseruere
3606 764 3769 816 virtu.

2187 854 2279 898 tes.
2317 845 2360 897 0
2385 845 2575 898 invidia
2601 849 2820 914 primum
2852 849 3066 903 mordax
3089 851 3181 916 tui,
3209 867 3240 905 ο
3274 852 3486 907 Satanw
3515 857 3773 912 calliditas

2187 951 2385 1004 semper
2407 947 2580 990 sancta
2609 955 2904 1008 persequens
2918 940 2944 993 ?
2966 939 3170 995 Gratias
3189 954 3356 996 autem
3382 961 3480 1016 ago
3510 946 3616 1000 Deo
3637 963 3768 1013 nteo,

2188 1028 2322 1095 quod
2361 1027 2544 1097 dignus
2582 1029 2676 1082 sim
2711 1045 2859 1093 quem
2895 1031 3114 1084 mundus
3154 1033 3315 1086 oderit
3345 1035 3443 1105 (ά).
3475 1035 3774 1105 Maleﬁcum

2188 1119 2393 1190 quidam
2431 1135 2510 1172 me
2532 1121 2762 1190 garriunt
2785 1138 2803 1173 :
2824 1122 3021 1174 titulum
3052 1123 3169 1191 ﬁdei
3199 1141 3370 1178 servus
3396 1143 3636 1197 agnosco.
3665 1128 3775 1182 Μαι

2189 1225 2310 1278 gum
2354 1220 2529 1262 vocant
2571 1220 2620 1264 et
2665 1211 2837 1266 Judaei
2889 1211 3158 1267 Dominum
3197 1231 3343 1268 suum
3373 1233 3392 1270 :
3421 1218 3676 1286 seductor,
3726 1231 3803 1275 ct‘

2190 1299 2463 1368 Apostolus
2490 1300 2654 1354 dictus
2689 1312 2781 1356 est.
2815 1301 3049 1358 Tentatio
3085 1321 3164 1358 me
3188 1322 3291 1359 non
3314 1311 3652 1378 apprehendit
3677 1311 3802 1365 nisi

2191 1388 2428 1442 humana.
2476 1389 2690 1456 Quotam
2733 1402 2926 1461 partem
2969 1397 3319 1464 angustiarum
3357 1415 3623 1467 perpessus
3661 1417 3772 1454 sum

2190 1483 2276 1548 qui
2301 1483 2436 1535 cruci
2462 1484 2621 1537 milito
2639 1484 2664 1536 ?
2684 1483 2962 1554 Infamiam
2991 1487 3109 1557 falsi
3141 1489 3365 1544 criminis
3387 1492 3732 1560 importarunt
3756 1511 3776 1548 .'

2191 1570 2278 1623 sed
2299 1571 2400 1624 scio
2431 1589 2520 1640 per
2545 1573 2725 1626 bonam
2747 1578 2938 1646 famam
2964 1587 3010 1629 et
3035 1576 3223 1630 malam
3246 1581 3494 1648 perveniri
3525 1584 3594 1634 ad
3622 1600 3778 1654 regna

2194 1661 2455 1715 caelorum.
2487 1662 2876 1720 Plenitudincm
2905 1667 3085 1736 itaque
3113 1670 3389 1737 sapientim
3417 1681 3466 1726 et
3497 1673 3572 1744 (e)
3599 1677 3776 1729 scien-

2197 1751 2280 1804 tia:
2309 1752 2552 1822 adeptus,
2588 1753 2733 1808 dedit
2765 1764 2820 1810 ut
2855 1755 3080 1827 abyssus
3107 1773 3295 1813 vocem
3323 1777 3472 1816 suam
3504 1783 3517 1817 :
3545 1775 3600 1818 et
3623 1779 3777 1834 aqua

2197 1842 2470 1899 llebraieze
2518 1847 2890 1902 amaritudinis
2932 1849 3000 1903 ad
3058 1851 3276 1905 verbum
3327 1855 3441 1922 ejus
3486 1855 3802 1910 dulcoraun-

2195 1945 2335 1999 sunt,
2365 1945 2418 1990 et
2443 1937 2672 1992 revelata
2700 1948 2822 1993 sunt
2846 1939 3151 1995 abscondita
3179 1957 3206 1995 a
3238 1945 3450 2000 s:cculis
3479 1958 3528 2000 et
3554 1962 3800 2016 genera--

2197 2026 2692 2084 tionibus..Cuncta
2736 2030 2877 2084 enim
2919 2031 3187 2086 volumina
3221 2036 3414 2089 veteris
3450 2035 3802 2093 Testamenti-

2197 2119 2344 2188 prius
2388 2120 2456 2174 de
2483 2119 2693 2185 Grieco,
2743 2129 2928 2189 postea
2972 2137 3098 2176 vero
3125 2125 3383 2180 veraeiori
3432 2127 3667 2182 editione
3712 2130 3780 2183 de

2197 2207 2460 2262 llebraico
2479 2209 2748 2264 transtulit
2764 2210 2816 2264 in
2841 2211 3110 2267 Latinum.
3136 2212 3442 2284 Eodemque
3466 2215 3576 2271 fere
3601 2217 3778 2272 omnia

2199 2301 2390 2370 spiritu
2420 2302 2714 2370 revelante,
2747 2304 2897 2374 cujus
2921 2304 3187 2360 instructu
3213 2315 3338 2361 sunt
3362 2309 3524 2375 edita,
3550 2309 3778 2381 diligen-

2201 2401 2281 2448 ter
2305 2394 2567 2462 exposuit.
2595 2397 2814 2466 Scripsit
2835 2397 2978 2451 enim
3007 2398 3058 2452 in
3089 2398 3338 2454 Genesim
3367 2400 3562 2456 librum
3591 2419 3778 2469 unmn,

2200 2487 2400 2554 absque
2443 2487 2740 2542 subnotatis
2770 2489 2835 2543 ad
2879 2489 3161 2546 Damasum
3191 2493 3573 2561 quiestionibus
3605 2512 3617 2547 :
3647 2510 3784 2549 cun—

2201 2585 2420 2647 ctasque
2447 2577 2702 2633 llomilias
2727 2579 2971 2650 Origenis
3000 2582 3051 2636 in
3084 2582 3505 2639 Pentateuchum
3528 2600 3559 2640 e
3593 2584 3782 2640 Grmco

2203 2683 2449 2724 somnone
2480 2671 2748 2725 transtulit
2774 2673 2824 2725 in
2850 2672 3118 2728 Latinum.
3145 2674 3346 2745 Regum
3375 2691 3525 2743 vero,
3556 2693 3652 2732 seu
3680 2678 3783 2732 Pa-

2205 2762 2569 2831 ralipomenon
2615 2764 2960 2832 qumstiones,
3007 2781 3126 2836 quas
3176 2778 3432 2822 vocantur
3481 2769 3783 2834 llebraieae,

2206 2853 2412 2908 duobus
2436 2855 2585 2910 libris
2618 2856 2908 2926 prudenter
2949 2859 3249 2928 explicavit,
3282 2868 3474 2929 praeter
3513 2861 3634 2914 illas
3678 2871 3786 2918 tres

2205 2946 2632 3012 obscurissimas,
2661 2964 2793 3018 quas
2811 2950 3055 3004 scribens
3075 2950 3426 3006 abundantius
3441 2965 3782 3023 exposuerat.

2206 3036 2441 3103 Quarum
2477 3039 2646 3106 prima
2675 3049 2758 3093 cst
2789 3057 2800 3091 :
2833 3040 2942 3094 Cur
2973 3041 3134 3095 David
3176 3059 3296 3097 cum
3326 3043 3486 3097 Acbis
3519 3044 3584 3098 ad
3616 3061 3795 3113 expu-

2205 3127 2475 3195 gnandum
2530 3128 2656 3183 Saul
2716 3130 2992 3185 ultroneus
3036 3133 3315 3196 veniebat;
3363 3134 3628 3200 Secunda,
3681 3136 3789 3190 Cur

2209 3215 2373 3270 David
2425 3218 2662 3272 moriens
2710 3223 2962 3288 przecepit
3008 3222 3145 3286 lilio,
3197 3233 3252 3275 ut
3290 3222 3425 3277 Joab
3472 3226 3785 3296 magistrum

2210 3305 2412 3360 militia:
2443 3307 2786 3364 interliceret.
2819 3309 2997 3365 Tertia
3038 3321 3119 3366 est
3161 3312 3226 3367 de
3267 3314 3464 3378 Semei,
3499 3318 3590 3386 qui
3625 3316 3789 3371 David

2210 3393 2428 3465 fugienti
2449 3397 2833 3453 ntaledictionis
2852 3399 3071 3469 injurias
3087 3402 3356 3471 irrogavit.
3381 3404 3550 3458 Aliam
3575 3421 3788 3476 quoque

2209 3489 2534 3555 propositam
2571 3487 2636 3543 de
2668 3489 2867 3544 eisdem
2909 3491 3060 3546 libris
3104 3492 3391 3562 explicavit
3417 3498 3788 3564 quaestionem.

2209 3579 2488 3644 Quomodo
2543 3579 2746 3636 scilicet
2785 3581 3036 3637 Salomon
3081 3594 3133 3638 et
3186 3585 3364 3640 Actias
3409 3586 3460 3640 in
3505 3586 3790 3643 duodecim

2211 3672 2366 3727 annis
2392 3673 2528 3727 lilios
2554 3673 2854 3743 genuerint.
2884 3675 3050 3730 Porro
3081 3675 3266 3731 Isaiam
3292 3689 3683 3735 commentatus
3709 3692 3792 3736 est

2212 3766 2359 3820 libris
2371 3765 2553 3820 decem
2567 3775 2768 3822 etocto.
2784 3766 3067 3822 Jeremiam
3082 3769 3228 3824 libris
3241 3771 3440 3841 viginti.
3457 3772 3792 3828 Ezecltielem

2212 3857 2362 3912 libris
2381 3859 2802 3926 quatuordecim.
2834 3860 3103 3915 Danielum
3122 3862 3271 3917 libris
3295 3863 3483 3918 tribus.
3510 3865 3793 3921 Etduodc-

2211 3951 2314 4005 cim
2342 3950 2640 4020 Prophetas
2661 3951 2810 4006 libris
2831 3953 3034 4022 viginti.
3062 3954 3136 4008 De
3163 3954 3376 4024 quibus,
3403 3967 3457 4009 ut
3481 3956 3610 4011 nihil
3631 3959 3793 4012 relin-

2213 4053 2469 4114 queretur
2489 4045 2730 4110 dubium,
2761 4047 2974 4101 nomina
3001 4062 3210 4119 quoque
3233 4064 3418 4104 eorum
3439 4051 3792 4120 quemadmo-

2212 4135 2338 4190 dum
2365 4135 2586 4204 intelligi
2609 4137 2856 4205 debeant,
2910 4138 3262 4210 Etymologiis
3291 4142 3521 4211 propriis
3543 4142 3792 4211 pulcher-

2214 4227 2351 4282 rimo
2392 4227 2636 4295 patefecit
2684 4228 2900 4285 decore.
2943 4231 2998 4284 ln
3043 4231 3302 4301 quosdam
3353 4234 3588 4302 psalmos
3629 4235 3797 4290 edidit

2215 4318 2492 4374 Tractatus
2520 4319 2835 4388 luculentos,
2873 4331 2926 4378 et
2969 4323 3020 4377 in
3059 4324 3413 4381 Ecclesiasten
3446 4327 3792 4384 Commenta-

2213 4412 2343 4476 rios,
2385 4422 2545 4480 atque
2575 4413 2625 4466 in
2654 4413 2932 4470 Canticum
2965 4414 3302 4472 Canticorum
3343 4420 3475 4475 duas
3505 4422 3569 4476 ad
3600 4423 3802 4477 Dama~

2169 4541 2177 4551 ς
2215 4519 2332 4560 sum
2361 4503 2636 4560 llomilias.
2661 4505 2862 4584 Novum
2891 4517 3146 4576 praeterea
3176 4508 3573 4565 Testamentum
3593 4511 3796 4570 Graecae

2215 4597 2338 4656 lidei
2361 4597 2611 4654 reddidit.
2643 4599 2720 4654 Ex
2749 4615 2852 4667 quo
2873 4600 3176 4656 Mattltazum
3201 4612 3258 4658 et
3286 4603 3516 4659 Marcum
3539 4620 3796 4675 compen-

2214 4690 2362 4746 diosa
2413 4692 2592 4761 potius
2637 4707 2796 4760 qnam
2849 4691 3123 4748 fastidiosa
3169 4697 3500 4763 expositione
3539 4697 3797 4753 studiosis

2216 4781 2506 4836 lectoribus
2549 4783 2852 4852 explicavit.
2893 4783 2998 4838 Sed
3029 4794 3083 4839 et
3115 4786 3166 4839 in
3201 4785 3400 4841 Lucam
3432 4787 3690 4843 llomilias
3721 4791 3797 4844 vi-

2214 4871 2346 4941 ginti
2373 4887 2561 4926 novem
2593 4874 2660 4928 ab
2688 4871 2915 4944 Origene
2954 4874 3122 4929 editas
3168 4877 3222 4930 in
3252 4877 3496 4932 Latinum
3528 4881 3712 4946 vertit,
3743 4890 3798 4935 et

2214 4964 2497 5034 plerasque
2515 4965 2755 5034 Apostoli
2783 4966 3062 5034 Epistolas,
3087 4983 3150 5023 ac
3168 4968 3390 5026 Joannis
3414 4972 3794 5044 Apocalypsim

2215 5055 2518 5113 cdisscruit.
2552 5058 2831 5112 Postremo
2869 5073 3174 5128 prtecavens
3215 5063 3268 5117 in
3316 5063 3550 5119 futurum
3593 5068 3638 5121 si
3669 5069 3796 5134 quid

2216 5147 2353 5204 forte
2381 5149 2432 5202 in
2477 5163 2615 5202 novo
2644 5148 2988 5204 Testamento
3029 5151 3115 5206 vel
3149 5154 3316 5208 veteri
3354 5154 3642 5225 aliquando
3678 5173 3805 5213 c0r-.

2216 5238 2388 5308 rumpi
2430 5238 2783 5307 contingeret,
2813 5254 2915 5308 qua
2944 5255 3069 5294 cura
3095 5241 3289 5297 debeat
3318 5243 3621 5314 reformari,
3665 5249 3798 5301 scri-

2219 5332 2351 5387 bens
2374 5330 2440 5384 ad
2470 5330 2726 5384 Lucinam
2760 5331 3012 5397 insinuat,
3045 5342 3101 5386 ut
3126 5345 3385 5404 veterum,
3417 5337 3605 5407 inquit,
3635 5338 3799 5394 libro—

2214 5437 2331 5477 rum
2359 5419 2490 5474 fides
2520 5435 2586 5474 ex
2613 5419 2849 5476 Hebraeis
2885 5423 3241 5479 voluminilms
3279 5429 3631 5485 examinanda
3667 5443 3751 5486 est
3777 5448 3794 5486 :

2213 5511 2285 5564 ita
2305 5526 2549 5565 novorum
2575 5526 2769 5581 quoque
2795 5511 2958 5568 (ἔτιεεὶ
2984 5517 3228 5569 sermonis
3251 5533 3484 5573 normam
3518 5521 3808 5577 desiderat-

2280 5663 2718 5745 ldll_§§_p_qsttitp‘tlgs
2732 5668 3135 5745 beicjtlale/icum
3160 5686 3220 5722 ex
3248 5675 3420 5725 iisdem
3445 5677 3560 5728 Mss.
3585 5693 3679 5742 pro
3701 5695 3798 5745 quo

2215 5727 2739 5794 erat_d_noluts.ver_bis,
2767 5730 2889 5780 male
2913 5727 3038 5783 cum.
3070 5743 3163 5783 etc.

2278 5787 2470 5868 (e)-irro-
2488 5787 3003 5868 scientire,'praeferunt
3025 5794 3444 5868 Msszmsartctilatis.
3465 5802 3681 5868 Quorum
3705 5819 3799 5868 ope

2216 5857 2266 5900 et
2291 5847 2433 5912 paulo
2457 5854 2562 5911 post
2588 5847 2789 5902 verbum
2827 5853 3041 5906 Editionc
3064 5847 3535 5925 sutl‘eeimusqudd
3548 5847 3740 5918 ile-erati
