4052 6338
250 314 366 374 I97.

255 427 476 499 Denique
518 434 568 480 et
609 439 699 494 ego
729 421 881 495 hujus
920 419 1123 476 monitis
1168 416 1513 490 adquiescens,
1544 430 1660 468 cum
1695 415 1829 466 inter

246 517 495 574 discordia
521 516 702 570 ueteris
730 512 1032 569 Testamenti
1055 510 1244 565 Latina
1266 505 1578 578 exemplaria
1604 507 1826 576 ﬂuctua-

247 625 366 673 rem,
407 608 476 660 ad
508 605 816 660 Hebraicam
834 604 1111 670 ueritatem,
1140 600 1205 655 de
1241 600 1390 668 cuius
1421 600 1560 670 fonte
1594 605 1826 668 gustave-

246 717 371 765 ram,
394 713 661 753 recursum
683 696 832 750 habui
858 712 879 750 :
906 703 954 749 et
986 694 1117 749 inter
1145 699 1388 760 corrupta
1418 699 1467 744 et
1503 688 1822 756 incorrupta,

246 794 347 862 ejus
368 790 658 846 testimonio
685 788 918 853 discreoi,
947 791 1010 842 ac
1032 785 1334 842 sententiam
1358 783 1474 838 tuli.
1503 779 1728 850 Cumque
1751 779 1824 833 sic

245 881 685 953 deprehendissem
710 880 1026 934 zizaniorum
1045 878 1274 949 germina
1291 874 1424 929 inter
1441 871 1666 926 triticum
1689 869 1824 922 divi-

244 982 417 1027 norum
438 971 726 1042 pullulasse
745 969 1077 1036 voluminum,
1095 983 1156 1022 ea
1175 965 1348 1022 studui
1373 963 1436 1017 ab
1454 961 1626 1017 radice
1643 967 1824 1014 cuncta

243 1061 472 1118 reuellere
500 1078 523 1118 :
554 1061 860 1134 consignans
889 1060 1042 1116 etiam
1067 1074 1159 1131 per
1182 1056 1339 1113 libros
1359 1055 1470 1110 loca
1496 1053 1565 1108 ad
1588 1066 1824 1107 corrum-

243 1155 454 1226 pendum
493 1153 766 1226 proclivia,
809 1163 856 1208 et
883 1152 1021 1208 breui
1046 1150 1296 1224 opusculo
1328 1148 1616 1220 explicans,
1643 1143 1826 1216 quibus

242 1245 455 1299 maxime
503 1243 858 1299 occasionibus
911 1242 1108 1299 soleant
1168 1239 1482 1311 exemplaria
1530 1234 1820 1306 depravari.

241 1335 378 1391 Sane
399 1334 647 1390 Romana
675 1333 936 1400 Ecclesia,
971 1333 1126 1404 cujus
1149 1331 1374 1387 arbitrio
1399 1328 1680 1399 suhjacent
1703 1326 1824 1380 uni-

241 1441 408 1495 versa,
436 1427 755 1498 peritissimi
782 1427 880 1482 viri
902 1441 1008 1482 non
1039 1427 1291 1497 ignorans
1319 1421 1612 1494 ingenium,
1658 1429 1826 1474 trans-

241 1517 491 1576 lationem
544 1518 669 1590 ejus
723 1533 882 1590 quam
923 1517 1058 1573 vidit
1105 1516 1226 1572 aliis
1257 1517 1521 1571 veriorem
1541 1553 1559 1581 ,
1606 1520 1714 1566 tam
1769 1510 1825 1565 in

238 1609 490 1666 Ecclesiis
512 1609 815 1682 legendam,
837 1624 1002 1680 quam
1020 1608 1182 1665 etiam
1202 1605 1576 1678 exponendam
1599 1603 1820 1672 recepit.

237 1703 308 1758 De
335 1719 439 1773 qua
471 1703 666 1760 beatus
694 1702 986 1774 Gregorius
1011 1703 1066 1758 in
1102 1702 1240 1758 libro
1276 1715 1494 1757 suorum
1520 1699 1820 1764 Moralium,

238 1806 447 1860 novam,
477 1793 674 1865 inquit,
699 1793 1100 1848 translationem
1122 1792 1350 1847 dissero.
1374 1791 1440 1846 Et
1465 1791 1518 1845 in
1541 1789 1824 1846 Ezechiele

235 1899 507 1954 exponens
553 1884 683 1940 illud
712 1884 855 1955 quod
897 1884 965 1940 de
1006 1884 1328 1940 animalibus
1365 1882 1580 1946 dicitur,
1612 1880 1820 1938 Unum.

236 1974 480 2046 quodque
503 1975 716 2030 duabus
742 1976 843 2030 alis
865 1975 1076 2032 velabat
1101 1989 1298 2045 corpus
1323 1989 1514 2040 suum;
1544 1988 1666 2029 cum
1691 1972 1821 2026 sub-

231 2065 533 2136 junxisset:
568 2065 637 2121 Et
675 2066 901 2122 alterum
944 2066 1192 2122 similiter
1234 2064 1532 2128 velabatur,
1577 2064 1821 2134 protinus

235 2157 404 2213 intulit
459 2173 476 2212 :
518 2156 948 2214 Translationem
1014 2155 1362 2227 Septuaginta
1415 2155 1772 2224 lnterpretum
1800 2193 1817 2219 ,

231 2246 454 2316 Aquilae,
487 2256 545 2304 et
571 2245 978 2314 Theodotionis,
1005 2255 1064 2303 et
1106 2246 1417 2318 Symmachi
1452 2246 1680 2300 sollicite
1702 2259 1820 2313 per-

229 2345 554 2405 scrutantes,
587 2337 720 2392 nihil
747 2351 817 2392 ex
860 2337 946 2392 his
976 2337 1156 2392 verbis
1185 2336 1486 2392 invenimus
1518 2352 1531 2388 :
1558 2333 1653 2390 sed
1677 2333 1818 2388 beati

228 2425 544 2500 Hieronymi
583 2427 786 2497 scripta
815 2427 1116 2496 relegentes
1144 2425 1487 2497 agnovimus,
1527 2424 1650 2494 quia
1686 2423 1821 2478 hanc

226 2518 551 2573 sententiam
574 2517 628 2572 in
653 2516 916 2572 Hebraica
937 2516 1159 2572 veritate
1186 2517 1257 2572 ita
1278 2516 1450 2586 posita
1474 2530 1581 2571 non
1603 2514 1817 2586 quidem

224 2607 364 2677 juxta
392 2609 766 2677 verbum,sed
789 2608 946 2678 juxta
969 2624 1185 2665 sensum
1211 2608 1492 2665 invenerit.
1521 2608 1652 2664 Nam
1678 2609 1818 2678 peri-

227 2707 300 2754 tus
317 2700 624 2768 interpres,
649 2708 706 2752 ut
724 2700 945 2754 omnino
964 2698 1040 2753 nil
1063 2699 1508 2768 praetermitteret,
1531 2697 1816 2768 aliquando

226 2789 448 2846 verbum
483 2789 554 2845 de
586 2790 773 2856 verbo,
801 2789 1092 2860 aliquando
1118 2804 1240 2845 cum
1271 2789 1467 2859 linguai
1494 2797 1815 2860 repugnaret

227 2879 505 2938 barbaries
531 2921 549 2950 ,
613 2895 831 2938 sensum
883 2882 1057 2936 solum
1109 2882 1444 2952 exprimebat
1493 2881 1562 2938 de
1613 2881 1811 2938 verbis.

226 2969 388 3038 Quem
415 2972 609 3042 utique
647 2970 1000 3027 transferendi
1036 2971 1252 3027 modum
1288 2971 1428 3027 idem
1457 2971 1813 3045 Hieronymus

227 3062 277 3117 in
299 3063 440 3120 libro
464 3075 628 3135 quem
654 3061 724 3118 de
755 3063 957 3133 optimo
981 3077 1178 3133 genere
1206 3064 1592 3134 interpretandi
1619 3065 1807 3131 edidit,

227 3156 557 3223 probabilem
583 3170 706 3211 esse
727 3155 1007 3212 evidenter
1027 3156 1282 3212 insinuat.
1305 3156 1529 3227 Scripsit
1551 3169 1808 3228 praeterea

229 3244 480 3303 adversus
533 3245 874 3302 Iovinianum
901 3247 1013 3317 (α),
1059 3255 1116 3303 et
1164 3255 1348 3302 contra
1395 3247 1695 3306 Helvidium
1737 3251 1807 3307 de

229 3334 386 3394 beatae
406 3339 596 3395 Marias
623 3339 928 3410 virginitate
953 3348 1206 3410 perpetua
1226 3340 1422 3396 librum
1454 3357 1637 3397 ttnnm.
1663 3343 1809 3411 Quo-

229 3441 338 3485 rum
365 3431 605 3502 priorem
631 3441 961 3487 asserentem
990 3431 1194 3486 nullam
1215 3432 1268 3486 in
1296 3431 1472 3488 futuro
1493 3435 1804 3490 meritorum

229 3535 340 3578 esse
371 3523 708 3589 distantiam,
749 3533 803 3580 et
831 3523 974 3580 hunc
998 3524 1254 3596 voluptati
1283 3526 1461 3581 carnis
1485 3526 1684 3597 iugiter
1708 3528 1809 3583 mi-

231 3612 558 3681 nistrantem,
576 3615 884 3671 hmreticum
899 3625 1058 3687 atque
1071 3617 1362 3687 Epicurum
1377 3617 1802 3674 Christianorum

233 3707 430 3774 probat.
467 3707 774 3764 Helvidium
814 3723 941 3765 vero
976 3710 1066 3780 qui
1108 3724 1174 3766 ex
1213 3711 1504 3780 Scripturis
1538 3712 1807 3768 nitebatur

233 3798 504 3853 ostendere
517 3799 764 3854 intactam
783 3800 874 3856 Dei
893 3809 1115 3856 matrem
1128 3800 1264 3855 alios
1281 3800 1419 3857 filios
1432 3801 1698 3867 habuisse,
1716 3817 1807 3858 ve—

233 3883 548 3954 lutidiotam,
567 3890 928 3959 etScripturas
945 3891 1152 3960 penitus
1168 3891 1496 3961 ignorantem
1512 3892 1802 3964 redarguit.

232 3972 393 4032 Porro
401 3978 562 4032 alium
575 3981 855 4050 quemdam
870 3981 1312 4044 haereticummon
1324 3981 1693 4049 describenda,
1710 3983 1804 4038 sed

231 4067 577 4139 colloquendo
591 4071 829 4126 confudit
849 4090 862 4127 :
880 4073 969 4142 qui
989 4073 1058 4127 de
1076 4074 1466 4128 resurrectione
1480 4075 1658 4129 carnis
1676 4090 1806 4130 con-

232 4165 304 4212 tra
332 4160 489 4216 fidem
519 4163 834 4218 catholicam
860 4165 1114 4230 sentiens,
1148 4165 1472 4234 quaestiones
1499 4166 1802 4236 hujusmodi

233 4253 570 4322 proponebat.
598 4254 656 4309 In
676 4269 780 4324 qua
799 4263 956 4310 aetate
978 4257 1269 4312 surrecturi
1291 4271 1475 4313 sumus
1497 4259 1518 4310 ?
1538 4259 1593 4314 Si
1619 4259 1671 4314 in
1689 4260 1804 4330 ipsa

233 4339 280 4396 in
315 4359 416 4416 qua
459 4347 742 4414 morimur,
784 4363 912 4418 ergo
950 4356 1006 4404 et
1041 4349 1336 4406 nutricibus
1363 4360 1486 4421 post
1530 4367 1804 4409 resurrec-

233 4431 417 4491 tionem
455 4451 595 4507 opus
621 4437 744 4493 erit.
783 4437 840 4494 Si
869 4439 923 4494 in
947 4439 1112 4494 altera
1133 4481 1149 4507 ,
1190 4455 1523 4512 nequaquam
1569 4443 1674 4499 erit
1714 4459 1802 4499 re-

233 4531 482 4586 surrectio
512 4541 864 4600 mortuorum,
897 4531 991 4586 sed
1010 4531 1086 4606 (ὁ)
1113 4534 1418 4591 relormatio
1451 4537 1504 4591 in
1523 4537 1679 4593 alios.
1716 4537 1804 4592 Di-

235 4623 446 4678 versitas
470 4639 687 4696 quoque
711 4639 872 4680 sexus
895 4625 1058 4681 maris
1085 4635 1140 4682 et
1167 4627 1380 4683 femina:
1431 4629 1564 4695 erit,
1596 4645 1664 4684 an
1692 4643 1799 4685 non

231 4714 360 4768 erit?
389 4713 447 4771 Si
489 4715 630 4780 erit,
662 4725 953 4786 sequentur
990 4727 1044 4772 et
1085 4719 1282 4789 nuptiae
1314 4729 1370 4775 et
1405 4720 1723 4776 concubitus
1748 4730 1804 4776 et

233 4807 519 4874 generatio.
553 4807 611 4863 Si
654 4823 761 4862 non
805 4808 912 4864 erit
943 4827 958 4863 :
987 4809 1194 4866 sublata
1241 4809 1550 4866 diversitate
1595 4827 1798 4880 sexus,

235 4897 409 4953 eadem
439 4914 669 4970 corpora
697 4915 804 4956 non
827 4911 1128 4972 resurgent,
1151 4902 1246 4959 sed
1267 4902 1448 4959 tenuia
1473 4913 1528 4960 et
1551 4905 1805 4975 spiritua-

233 4985 313 5042 lia.
341 4989 408 5045 Et
435 4991 552 5048 haec
579 4991 806 5062 probare
830 4993 1064 5061 volebat,
1087 4993 1344 5050 inducens
1367 4994 1499 5050 illud
1516 4996 1798 5066 Apostoli:

234 5075 529 5138 Seminatur
553 5097 752 5154 corpus
775 5083 1029 5152 animale,
1057 5093 1246 5157 surget
1271 5100 1468 5156 corpus
1496 5087 1800 5158 spirituale.

235 5171 304 5224 Ad
347 5170 491 5243 quod
543 5174 620 5228 ait
660 5173 848 5230 beatus
891 5174 1287 5247 Hieronymus:
1317 5177 1452 5232 Cum
1498 5177 1800 5244 audissem,

233 5262 456 5336 mihique
496 5265 830 5321 incubuisset
869 5267 1195 5334 necessitas,
1223 5268 1564 5339 nequissima:
1603 5269 1802 5340 vipera:

232 5363 492 5427 respondi,
520 5367 578 5412 et
603 5357 718 5412 sola
740 5372 862 5413 eum
888 5357 1301 5430 interrogatione
1323 5359 1571 5415 conveni.
1605 5359 1802 5426 Credis,

175 5493 178 5496 .
234 5442 458 5519 inquam,
491 5452 904 5505 resurrectionem
923 5466 1254 5518 mortuorum,
1287 5469 1354 5508 an
1375 5454 1523 5509 non?
1552 5454 1654 5522 Qui
1686 5470 1801 5508 cum

232 5540 490 5596 tecredere
505 5542 840 5612 respondisset
853 5559 874 5609 ;
886 5543 1035 5598 intuli
1049 5559 1068 5598 :
1080 5541 1275 5598 Eadem
1292 5554 1549 5616 resurgent
1560 5562 1800 5616 corpora,

288 5718 352 5776 (al
391 5719 588 5769 Addunt
608 5718 725 5768 Mss.
753 5717 898 5770 libros
918 5720 1058 5771 duos.

292 5781 352 5846 εὑ)
393 5782 550 5832 Iidem
573 5781 774 5839 habent,
801 5782 888 5830 sed
911 5783 1266 5844 trausformatio
1287 5783 1339 5835 in
1361 5783 1496 5836 alios.

593 5861 656 5924 Β.
704 5861 1070 5926 Ηιειιοπνιω
1117 5865 1165 5927 l.

1519 294 1578 351 8.
1620 287 2006 348 HIEBONYLII
2043 285 2226 346 VITA.

3415 296 3522 351 198

1932 422 2001 460 an
2046 403 2196 459 alia?
2236 403 2337 469 Qui
2381 419 2495 457 cum
2537 403 2780 472 dixisset,
2809 405 2982 459 eadem
3011 421 3031 458 :
3058 405 3336 461 sciscitatus
3368 422 3519 473 sum,

1933 498 2001 553 In
2028 497 2202 552 eodem
2230 513 2374 563 sexu,
2407 512 2474 550 an
2500 497 2554 550 in
2585 497 2789 551 altera?
2816 497 2895 552 Ad
2919 499 3228 569 interrogata
3250 499 3480 554 reticenti
3500 516 3521 553 .-

1933 598 1982 644 et
2008 589 2171 644 instar
2195 587 2394 643 colubri
2417 587 2514 641 huc
2549 596 2695 654 atque
2731 589 2854 642 illuc
2890 591 3213 659 transferenti
3237 603 3422 663 caput,
3455 609 3521 647 ne

1933 680 2169 750 feriretur
2186 695 2207 734 :
2229 679 2383 748 Quia,
2412 680 2648 749 inquam,
2673 688 2825 745 taces,
2855 696 2945 750 ego
2969 681 3092 734 mihi
3112 699 3205 752 pro
3229 692 3276 737 te
3301 699 3517 754 respou-

1933 772 2079 840 debo,
2109 780 2159 828 et
2185 771 2590 844 consequentiam
2615 771 2853 842 inferam.
2879 772 2942 828 Si
2967 789 3070 826 non
3094 785 3316 846 resurget
3336 777 3520 829 mulier

1934 885 2024 924 nec
2048 867 2327 933 masculus,
2356 882 2459 921 non
2482 866 2578 920 erit
2599 865 2674 937 (c)
2701 866 2998 920 resurrectio
3019 877 3335 922 mortuorum
3357 884 3376 922 :
3393 869 3515 939 quia

1932 977 2047 1016 cum
2072 978 2223 1017 sexus
2251 961 2474 1017 membra
2503 960 2719 1030 habeat,
2752 959 2976 1014 membra
3006 969 3165 1015 totum
3202 976 3388 1031 corpus
3415 963 3517 1033 om.

1932 1054 2090 1109 ciunt.
2123 1055 2186 1110 Si
2217 1064 2384 1109 autem
2410 1070 2560 1108 sexus
2592 1062 2640 1108 et
2665 1053 2889 1114 membra
2925 1069 3025 1108 non
3050 1054 3272 1124 fuerint,
3307 1053 3395 1108 ubi
3423 1056 3521 1109 erit

1931 1137 2231 1200 resurrectio
2259 1154 2573 1200 mortuorum
2591 1144 2617 1198 Ρ
2657 1145 2765 1200 Sed
2792 1155 2839 1199 et
2868 1143 3029 1211 illud,
3062 1143 3199 1214 quod
3237 1143 3302 1198 de
3326 1145 3519 1214 nuptiis

1931 1235 2108 1307 sbjicis
2129 1251 2149 1290 :
2169 1237 2214 1291 si
2237 1236 2412 1290 eadem
2431 1236 2652 1290 membra
2681 1236 2890 1307 fuerint,
2916 1234 3054 1306 sequi
3080 1234 3305 1305 nuptias,
3331 1252 3365 1289 ο
3387 1233 3518 1291 Sal-

1930 1335 2102 1380 uatore
2121 1326 2433 1381 dissolvitur.
2457 1327 2653 1384 Errant
2674 1327 2974 1382 nescientes
2997 1324 3318 1396 Scripturas,
3344 1340 3518 1396 neque

1931 1416 2289 1473 virtutem.-ln
2331 1417 2726 1473 resurrectione
2762 1417 2904 1473 enim
2945 1431 3054 1472 non
3097 1416 3298 1472 nubent
3339 1431 3518 1486 neque

1931 1508 2199 1565 nubentur
2229 1528 2244 1565 :
2272 1509 2366 1565 sed
2395 1518 2554 1566 erunt
2575 1509 2784 1566 similes
2803 1509 3026 1580 angelis.
3055 1507 3154 1564 Ubi
3179 1509 3384 1576 dicitur,
3409 1525 3516 1565 non

1932 1600 2135 1656 nubent
2164 1615 2340 1672 neque
2382 1600 2647 1656 nubentur
2677 1617 2690 1654 :
2719 1617 2930 1655 sexuum
2967 1599 3228 1654 diuersitas
3264 1608 3518 1653 monstra-

1929 1701 2032 1748 tur.
2063 1691 2229 1748 Nemo
2255 1692 2392 1748 enim
2431 1691 2494 1746 de
2535 1691 2707 1763 lapide
2746 1702 2793 1748 et
2823 1692 2961 1763 ligno
3001 1691 3156 1757 dicit,
3191 1707 3292 1745 non
3327 1690 3517 1746 nubent

1928 1798 2084 1852 neque
2108 1783 2376 1850 nubentur,
2401 1783 2520 1853 quia
2548 1791 2788 1836 naturam
2813 1781 3034 1836 nubendi
3058 1797 3158 1835 non
3188 1781 3368 1835 habent
3391 1796 3410 1835 :
3427 1782 3516 1834 sed

1926 1872 1991 1926 de
2015 1873 2094 1927 his
2130 1888 2244 1943 quae
2269 1883 2472 1944 possent
2505 1873 2690 1926 nubere
2713 1913 2728 1938 ,
2759 1882 2804 1926 et
2841 1871 3028 1927 Christi
3065 1871 3232 1941 gratia
3263 1880 3308 1926 et
3335 1872 3518 1925 virtute
3549 1939 3551 1942 q

1925 1981 2027 2019 non
2053 1964 2320 2020 nubentur.
2356 1965 2506 2033 Quod
2535 1967 2577 2020 si
2605 1965 2904 2035 apposueris
2927 2005 2942 2031 ,
2981 1964 3246 2032 Quomodo
3275 1964 3394 2035 ergo
3413 1964 3516 2018 eri-

1925 2071 2038 2108 mus
2069 2055 2261 2111 similes
2295 2055 2628 2127 angelorum,
2653 2071 2768 2109 cum
2802 2056 2936 2110 inter
2964 2056 3170 2126 angelos
3195 2071 3294 2110 non
3317 2055 3380 2110 sit
3404 2071 3517 2108 ma-

1923 2147 2094 2200 sculus
2139 2155 2228 2200 aut
2258 2148 2495 2217 femina?
2525 2147 2736 2200 breuiter
2785 2147 3017 2200 ausculta
3045 2162 3145 2200 non
3179 2146 3514 2201 substantiam
3585 2165 3594 2174 ·

1924 2238 2221 2306 angelorum
2247 2275 2264 2302 ,
2296 2237 2386 2290 sed
2411 2238 2835 2290 conservationem
2865 2248 2911 2290 et
2941 2237 3298 2292 beatitudinem
3331 2254 3511 2306 repro-

1926 2326 2076 2377 mitti.
2111 2325 2410 2380 Similitudo
2441 2326 2774 2395 promittitur,
2807 2341 2908 2378 non
2938 2335 3122 2379 natura
3157 2325 3234 2397 (ά)
3265 2338 3509 2381 mutatur.

1928 2415 2094 2470 Porro
2119 2416 2165 2470 si
2188 2417 2372 2488 quaeris
2398 2417 2451 2470 in
2478 2433 2578 2488 qua
2602 2425 2750 2471 (etate
2772 2419 3102 2473 resurrecturi
3125 2435 3317 2472 sumus.
3349 2418 3512 2474 Juxta

1923 2504 2272 2560 Ecclesiarum
2317 2507 2645 2573 traditiones,
2679 2518 2725 2562 et
2756 2508 3050 2576 Apostolum
3097 2509 3355 2575 Paulum;
3381 2511 3512 2565 illud

1922 2607 1996 2651 est
2020 2597 2426 2668 respondendum
2447 2613 2466 2651 :
2487 2598 2624 2667 quod
2649 2599 2701 2652 in
2721 2600 2881 2651 uirum
2902 2603 3198 2670 perfectum,
3219 2601 3337 2656 etin
3363 2617 3505 2655 men-

1919 2705 2092 2744 suram
2116 2689 2282 2743 cetatis
2308 2689 2638 2759 plenitudinis
2659 2687 2847 2744 Christi
2865 2692 3197 2745 resurrecturi
3222 2707 3416 2746 sumus.
3440 2691 3509 2746 In

1919 2800 2019 2853 qua
2043 2791 2194 2838 aetate
2217 2783 2478 2836 conditum
2509 2782 2672 2836 Adam
2702 2782 2878 2838 Juda’i
2904 2792 3169 2838 autumant
3196 2799 3215 2837 :
3241 2793 3288 2838 et
3318 2783 3506 2839 Salva-

1917 2885 2076 2929 torem
2101 2872 2375 2928 Dominum
2399 2873 2611 2944 legimus
2637 2875 2990 2928 rrsurrexisse.
3020 2873 3089 2928 Et
3118 2875 3278 2930 multa
3307 2876 3502 2947 inquit,

1915 2969 2022 3023 alia
2059 2969 2122 3022 de
2160 2976 2368 3036 utroque
2407 2965 2724 3021 Testamento
2768 2967 2822 3022 in
2860 2966 3244 3035 su/I'ocationem
3283 2969 3506 3025 hteretici

1918 3063 2126 3132 protuli.
2146 3063 2250 3119 Sed
2274 3062 2531 3134 numquid
2552 3063 2635 3118 his
2658 3071 2859 3118 tantum
2884 3062 3177 3118 haeresihus
3197 3065 3540 3139 repurgavitq

1915 3154 2252 3211 Ecclesiam?
2280 3155 2434 3210 Nulla
2465 3171 2699 3226 unquam
2724 3155 2943 3210 haeresis
2968 3155 3086 3226 ejus
3111 3164 3354 3226 tempore
3380 3158 3498 3227 pul-

1915 3246 2102 3301 lulavit
2125 3289 2139 3311 ,
2170 3261 2329 3317 quam
2360 3247 2474 3318 ipse
2505 3246 2643 3303 falce
2670 3261 2781 3302 sua:
2833 3246 3152 3316 eloquentius
3183 3261 3288 3302 non
3319 3251 3499 3303 succi-

1913 3340 2071 3396 derit.
2098 3339 2380 3410 Nunquam
2409 3339 2551 3396 enim
2582 3338 2820 3411 pepercit
2853 3339 3152 3406 haereticis,
3184 3341 3323 3395 sicut
3354 3342 3498 3411 ipse-

1911 3442 2022 3487 met
2047 3431 2241 3487 asserit
2265 3449 2276 3484 :
2302 3431 2397 3486 sed
2418 3433 2564 3487 omni
2587 3432 2695 3502 egit
2714 3431 2911 3495 studio,
2939 3441 2994 3485 ut
3014 3430 3197 3486 hostes
3219 3431 3495 3497 Ecclesim,

1911 3525 2028 3593 ejus
2068 3539 2282 3594 quoque
2322 3523 2503 3580 hostes
2533 3525 2610 3594 (ε)
2640 3523 2852 3580 ﬁerent.
2895 3523 3029 3579 Nam
3076 3533 3131 3580 et
3166 3524 3364 3580 Bullini
3393 3527 3496 3581 viri

1911 3615 2257 3670 eruditissimi
2282 3657 2299 3683 ,
2331 3616 2521 3685 suique
2560 3616 2780 3686 collegae
2810 3631 2932 3672 cum
2961 3632 3068 3688 quo
3098 3618 3253 3674 mella
3285 3627 3499 3673 sancta-

1914 3721 2028 3760 rum
2054 3704 2452 3775 Scripturarum
2484 3719 2840 3762 consueverat
2864 3707 3100 3764 lambere
3119 3748 3136 3775 ,
3161 3709 3278 3764 ideo
3303 3709 3498 3765 dicitur

1914 3798 2218 3853 inimicitias
2246 3799 2534 3854 incurrisse
2558 3841 2573 3866 ,
2603 3798 2723 3868 quia
2751 3814 2871 3854 eum
2899 3798 2967 3853 de
3008 3799 3214 3854 arbitrii
3251 3799 3496 3857 libertate

1913 3906 2074 3960 prave
2103 3891 2424 3946 sentientem
2453 3891 2798 3947 vehementer
2825 3892 3060 3947 correxit
3087 3908 3100 3944 :
3130 3892 3280 3963 cujus
3320 3893 3493 3948 zelum

1913 3995 2009 4052 pro
2039 3981 2164 4037 ﬁdei
2197 3983 2520 4037 rectitudine
2558 3981 2799 4036 Romana
2835 3981 3071 4036 Ecclesia
3116 3982 3414 4052 approbat:
3439 3995 3497 4038 ut

1911 4075 2101 4129 beatus
2132 4073 2271 4142 Papa
2301 4072 2547 4128 Gelasius
2577 4071 2972 4142 Scripturarum
3002 4074 3377 4144 sagacissimus
3407 4075 3492 4129 in-

1910 4168 2132 4237 dagator
2153 4164 2391 4236 ejusdem
2417 4164 2612 4220 Bullini
2639 4164 2804 4220 libros
2827 4165 2947 4221 licet
2970 4166 3224 4236 praeclaro
3246 4181 3496 4223 sermone

1909 4257 2082 4313 editos
2107 4257 2389 4325 repudiare
2415 4256 2656 4311 videatur
2681 4297 2696 4322 ,
2725 4255 2830 4312 hoc
2861 4257 2912 4310 in
2939 4257 3051 4311 suis
3079 4256 3312 4312 decretis
3342 4273 3494 4313 manu

1909 4349 2045 4406 dans
2074 4367 2088 4404 :
2120 4348 2368 4404 Bullinus
2398 4350 2479 4404 vir
2520 4349 2804 4418 religiosus
2833 4348 3092 4418 plurimos
3131 4349 3495 4406 Ecclesiastici

1909 4443 2090 4514 operis
2115 4443 2283 4499 edidit
2320 4442 2486 4498 libros
2518 4459 2532 4496 :
2563 4441 2845 4495 nonnullas
2884 4441 3044 4494 etiam
3075 4439 3380 4510 Scripturas
3409 4442 3495 4496 in~

1911 4542 2232 4605 tcrpretatus
2258 4541 2342 4586 est
2359 4547 2373 4584 :
2393 4531 2486 4587 sed
2510 4531 2760 4601 quoniam
2782 4529 3119 4584 beatissimus
3141 4529 3497 4601 Hieronymus

1911 4624 1965 4678 in
2008 4623 2274 4694 aliquibus
2315 4637 2437 4678 eum
2484 4621 2554 4676 de
2591 4621 2795 4676 arbitrii
2839 4618 3086 4676 libertate
3128 4621 3375 4676 notavit:
3407 4623 3494 4678 illa

1911 4715 2207 4778 sentimus,
2238 4729 2358 4782 quae
2404 4710 2716 4782 praedictum
2765 4711 2964 4766 sentire
3008 4713 3399 4783 cognoscimus.
3432 4714 3500 4768 Et

1913 4818 2017 4859 non
2047 4803 2220 4858 solum
2246 4801 2314 4857 de
2344 4799 2559 4856 Ilullino
2579 4841 2594 4866 ,
2626 4799 2719 4855 sed
2749 4801 2909 4856 etiam
2939 4800 3008 4857 de
3033 4803 3296 4858 universis
3315 4844 3330 4871 ,
3362 4819 3501 4875 quos

1911 4899 1993 4953 vir
2030 4896 2224 4964 saepius
2263 4905 2590 4952 memoratus
2617 4895 2733 4950 zelo
2760 4895 2857 4951 Dei
2885 4904 2938 4951 et
2967 4895 3090 4952 fidei
3116 4897 3377 4968 religione
3414 4913 3502 4952 re-

1912 4988 2214 5060 prehendit.
2256 4987 2398 5042 Idem
2425 5028 2440 5054 ,
2472 4986 2715 5058 Origenis
2757 4987 3009 5043 nonnulla
3045 4988 3298 5058 opuscula
3323 5030 3339 5054 ,
3368 5004 3490 5058 qum

1986 5232 2043 5304 (c)
2083 5231 2262 5281 Locum
2289 5231 2429 5294 paulo
2451 5230 2593 5304 aliter
2617 5233 2729 5283 Mss.
2762 5235 2998 5295 recitant,
3033 5252 3056 5281 α
3078 5248 3174 5285 non
3198 5242 3295 5288 erit
3328 5251 3500 5304 resur-

1915 5297 2072 5356 rectio
2092 5307 2346 5356 corporum
2362 5331 2376 5352 ,
2399 5301 2511 5356 quia
2535 5297 2642 5344 sine
2665 5308 2792 5344 sexu
2813 5308 2907 5344 non
2928 5305 3116 5347 constat
3141 5304 3193 5346 et
3215 5300 3457 5351 membris
3498 5317 3515 5349 ι

1915 5355 2066 5404 Porro
2088 5357 2128 5404 si
2164 5355 2429 5422 corporum
2456 5369 2551 5404 non
2576 5357 2674 5422 erit
2697 5359 3021 5422 resurrectio,
3061 5372 3366 5422 nequaquam
3406 5363 3480 5409 eri
3504 5371 3516 5408 ι

1915 5417 2548 5480 resurrectiomortuorum.
2569 5416 2799 5480 aCcnfer
2821 5416 3087 5480 Epistolam
3119 5416 3170 5468 in
3209 5416 3502 5480 recensione

1916 5486 2078 5588 goat}?
2102 5477 2268 5536 CVIII.
2293 5478 2351 5525 ad
2387 5477 2700 5528 Eustochium
2723 5477 2963 5529 num.'22.
2991 5493 3054 5529 ex
3079 5493 3177 5543 quo
3200 5480 3368 5529 isthmc
3390 5479 3496 5528 lau-

1949 5555 1976 5587 a
2063 5577 2074 5588 .

1949 5547 2074 5588 alur.

1987 5598 2054 5663 (ά)
2091 5600 2411 5649 Restituimus
2431 5606 2640 5650 mutatur
2663 5615 2723 5651 ex
2750 5601 2918 5652 iisdem
2950 5601 3063 5651 Mss.
3091 5601 3293 5663 ipsoque
3310 5599 3503 5662 Episto-

1919 5661 2160 5724 lzeitextu,
2189 5675 2283 5724 pro,
2294 5675 2391 5724 quo
2413 5671 2536 5724 erat,
2561 5663 2787 5713 nutritur.
3114 5661 3121 5662 ί
3169 5705 3178 5714 .

1987 5721 2046 5786 (c)
2082 5721 2250 5793 Atque
2275 5721 2385 5793 heic
2414 5721 2582 5786 fierent
2607 5724 2888 5777 earumdem
2911 5721 3142 5770 librorum
3164 5734 3259 5783 ope
3283 5722 3497 5772 restitui-

1921 5797 2028 5834 mus
2051 5797 2138 5847 pro
2158 5789 2338 5846 fuerint
2369 5797 2394 5847 ε⁹

2916 5865 3140 5947 (ἔρρε.)
