4052 6338
538 308 644 367 I99

533 409 615 480 vir
647 420 1199 489 beatusllieronymus
1224 430 1328 474 non
1352 415 1614 487 repudiat.
1638 415 1859 486 legenda
1889 417 2116 498 suscipi-

531 514 904 582 muszreliqua
934 524 1059 564 vero
1085 509 1261 563 omnia
1293 522 1415 564 cum
1447 508 1520 577 (α)
1551 508 1868 562 auctoritate
1906 522 2002 562 sua
2029 508 2114 563 di-

529 606 699 659 cimus
724 616 845 658 esse
873 597 1166 654 renuenda.
1198 597 1340 653 Inter
1370 597 1623 667 prmclara
1655 613 1785 653 vero
1812 597 2110 653 studiorum

526 709 744 752 suorum
772 691 1027 762 opuscula
1057 691 1269 762 scripsit.
1297 691 1487 745 librum
1517 689 1584 744 tle
1611 689 1911 745 Illustribus
1941 689 2102 756 Viris,

523 805 554 842 a
581 787 778 842 sanctis
808 783 1080 855 Apostolis
1109 797 1276 854 usque
1316 781 1382 837 ad
1427 797 1576 837 suam
1622 792 1831 838 aetatem
1872 783 2108 838 imitatus

520 877 912 951 Tranquillum,
946 876 1299 948 Graecumque
1325 877 1694 947 Apollonium,
1725 884 1780 932 et
1807 885 1927 947 post
1955 888 2103 933 cata-

518 970 698 1042 logum
744 968 1132 1040 plurimorum,
1182 982 1240 1022 se
1281 982 1492 1037 quoque
1536 967 1588 1021 in
1629 966 1776 1022 calce
1820 966 2103 1023 voluminis

516 1061 666 1131 quasi
696 1058 996 1114 abortivum
1023 1067 1075 1112 et
1101 1057 1380 1112 minimum
1407 1056 1645 1112 omnium
1673 1057 2100 1113 Christianorum

515 1153 730 1223 posuit:
756 1149 844 1207 ubi
873 1150 975 1205 sibi
1004 1163 1226 1205 necesse
1256 1148 1356 1205 fuit
1383 1165 1552 1218 usque
1582 1149 1648 1204 ad
1675 1151 1914 1220 quintum
1942 1149 2015 1222 (b)
2047 1161 2100 1205 et

513 1247 779 1302 decimum
808 1259 1004 1298 annum
1026 1242 1312 1298 Theodosii
1345 1242 1620 1314 principis,
1650 1243 1694 1298 si
1722 1259 1840 1312 qua:
1863 1243 2097 1312 scripse-

514 1347 630 1399 rat,
664 1335 904 1392 breviter
928 1345 1208 1389 annotare.
1242 1335 1685 1390 Commemorans
1717 1335 1855 1390 inter
1875 1343 2094 1402 caetera,

509 1447 629 1500 qum
655 1429 850 1500 passim
881 1443 1043 1499 supra
1075 1439 1252 1483 notata
1275 1436 1429 1483 sunt:
1450 1425 1591 1498 quod
1622 1428 1912 1498 scripserat
1933 1428 2096 1483 alter-

507 1525 773 1579 cationem
818 1521 1136 1577 Luciferiani
1159 1563 1173 1586 ,
1204 1530 1258 1575 et
1285 1519 1602 1576 Orthodoxi.
1636 1520 1711 1575 De
1737 1520 1870 1574 locis
1897 1519 2091 1574 librum

503 1631 672 1670 unum
704 1633 716 1670 :
744 1614 811 1669 de
849 1614 1084 1668 essentia
1118 1612 1210 1666 Dei
1243 1613 1433 1666 librum
1465 1626 1627 1665 unum
1665 1628 1678 1665 :
1708 1610 2090 1665 Hebraicorum

507 1709 784 1763 nominum
814 1706 1007 1761 librum
1038 1721 1224 1760 unum.
1255 1703 1614 1773 Epistolarum
1659 1702 1725 1758 ad
1755 1702 1993 1759 diversos
2024 1705 2089 1758 li-

501 1801 657 1856 brum
681 1814 867 1853 unum.
893 1797 972 1852 Ad
989 1797 1288 1852 Marcellam
1311 1795 1666 1866 Epistolarum
1689 1795 1880 1850 librum
1899 1811 2084 1850 unum.

503 1891 584 1947 Ad
615 1890 834 1946 Paulam
861 1931 874 1953 ,
919 1887 1108 1959 inquit,
1154 1897 1208 1944 et
1257 1887 1637 1955 Eustochium,
1683 1887 1805 1958 quia
1853 1888 2087 1958 quotidie

499 1981 828 2045 scribuntur,
849 1981 1103 2035 incertus.
1123 1978 1252 2048 Quis
1269 1989 1509 2034 nostrum
1529 1987 1674 2032 tanta
1695 1987 1867 2048 potest
1885 1979 2079 2048 legere,

498 2085 696 2146 quanta
741 2076 958 2146 scripsit
996 2075 1096 2130 iste
1133 2075 1218 2129 vir
1265 2073 1452 2128 beatus
1503 2072 1907 2142 Hieronymus?
1952 2072 2082 2140 Quis

497 2167 646 2223 hunc
671 2167 946 2222 ardentem
986 2166 1041 2220 in
1079 2164 1372 2234 Scripturis
1400 2163 1634 2218 animum
1660 2203 1675 2228 ,
1704 2171 1758 2217 et
1785 2162 2076 2217 ferventem

497 2262 550 2315 in
599 2261 689 2316 Dei
719 2259 975 2324 servitio,
1008 2271 1112 2312 non
1145 2257 1407 2319 miretur;
1437 2255 1568 2322 Quis
1607 2270 1728 2310 eum
1759 2269 1864 2310 non
1903 2256 2077 2325 potius

493 2352 776 2423 angelum,
803 2366 962 2421 quam
1009 2349 1281 2405 hominem
1310 2347 1503 2403 dixerit
1539 2365 1552 2400 :
1582 2347 1708 2408 dum
1742 2347 1871 2402 nulli
1908 2347 2074 2418 magis

490 2443 741 2514 congruit
783 2441 910 2496 illud
959 2439 1331 2509 Propheticum
1364 2455 1378 2491 :
1415 2435 1573 2490 Labia
1601 2436 1876 2492 sacerdotis
1905 2446 2071 2491 custo-

491 2535 636 2588 diunt
675 2532 964 2596 scientiam,
1001 2539 1045 2584 et
1085 2531 1240 2600 legem
1283 2529 1540 2598 requirunt
1569 2543 1630 2580 ex
1658 2544 1744 2580 ore
1781 2528 1889 2597 ejus
1911 2570 1922 2591 ,
1955 2529 2072 2595 quia

488 2623 698 2693 angelus
730 2619 938 2675 Domini
982 2620 1291 2674 exercituum
1326 2619 1440 2672 est?
1468 2618 1628 2672 Certe
1664 2619 1709 2672 si
1751 2634 1972 2673 manens
2017 2620 2068 2672 in

487 2729 650 2770 carne
678 2754 694 2778 ,
725 2712 1019 2768 secundmn
1049 2711 1318 2765 hominem
1349 2709 1673 2764 ambulasset
1703 2726 1719 2763 :
1752 2710 1818 2765 ad
1866 2719 2066 2766 tantum

485 2807 699 2862 culmen
743 2805 978 2860 scientiae
1022 2803 1323 2858 nullatenus
1370 2800 1692 2872 pertigisset.
1744 2800 1849 2856 Sed
1894 2817 2067 2872 neque

483 2905 704 2966 cuperet
745 2895 962 2951 dissolvi
995 2909 1114 2949 cum
1149 2893 1313 2948 Paulo
1343 2892 1418 2964 (c)
1449 2933 1462 2956 ,
1498 2907 1597 2948 nec
1621 2907 1743 2946 cum
1769 2890 1984 2948 Christo
2008 2909 2067 2950 se

482 2989 778 3045 conﬁderet
805 2989 942 3044 inter
967 2987 1188 3058 angelos
1221 2995 1584 3056 regnaturum.
1620 2985 1817 3041 Verum
1849 2987 1970 3057 quia
1997 2987 2066 3043 de

483 3081 684 3136 mundo
712 3082 1151 3150 triumphaverat,
1185 3077 1332 3148 quasi
1376 3075 1444 3131 de
1480 3075 1678 3131 laboris
1707 3078 1928 3146 prmmio
1951 3077 2062 3149 jam

479 3188 704 3227 securus
721 3171 786 3225 ad
805 3169 1148 3225 Heliodorum
1170 3168 1488 3239 loquebatur
1509 3185 1522 3223 :
1541 3167 1700 3223 Crede
1722 3169 1868 3231 mihi,
1896 3170 2062 3224 nescio

478 3263 600 3329 quid
630 3263 745 3332 plus
780 3262 908 3316 lucis
931 3262 1122 3330 aspicio
1149 3276 1168 3316 :
1198 3259 1314 3314 libet
1343 3260 1543 3313 sarcina
1571 3261 1796 3330 corporis
1833 3260 2057 3330 abjecta,

477 3356 546 3407 ad
573 3371 754 3424 purum
775 3355 974 3409 cet/teris
1004 3352 1199 3407 evolare
1224 3351 1494 3424 fulgorem.
1520 3351 1684 3405 Tanta
1714 3351 1927 3406 demum
1957 3352 2062 3408 las.

477 3445 709 3498 siludinc
737 3443 989 3514 fatigatus
1023 3452 1105 3498 est
1129 3485 1144 3508 ,
1179 3452 1234 3497 ut
1273 3443 1432 3497 etiam
1471 3441 1521 3495 in
1551 3452 1719 3496 stratu
1749 3457 1848 3497 suo
1874 3442 2059 3512 jacens

476 3535 714 3589 funiculo
742 3576 756 3597 ,
788 3549 945 3604 quem
977 3534 1028 3588 in
1062 3534 1263 3588 trabem
1295 3532 1666 3603 suspenderat,
1701 3533 1923 3603 supinus
1949 3549 2058 3586 ma-

475 3627 630 3680 nibus
677 3625 1016 3694 apprehenso
1056 3624 1370 3695 erigeretur.
1417 3622 1484 3678 Ut
1528 3623 1779 3679 videlicet
1823 3623 2055 3679 ofﬁcium

472 3717 816 3780 mnnasterii,
866 3725 1022 3786 prout
1069 3726 1316 3787 poterat,
1363 3716 1660 3771 exhiberet.
1694 3715 1837 3770 Nihil
1877 3725 2054 3772 tamen

473 3811 647 3866 minus
690 3824 882 3866 sensus
927 3811 1235 3864 sinceritate
1270 3810 1483 3879 vigebat
1525 3809 1591 3864 ad
1633 3809 1896 3864 rationem
1933 3808 2056 3864 red-

469 3902 734 3968 dendam,
770 3902 1144 3972 undecumque
1196 3902 1552 3971 interrogatus
1594 3899 1800 3955 fuisset.
1841 3899 1971 3955 Nam
2000 3911 2055 3956 et

474 3993 628 4046 beato
648 3992 944 4065 Augustino
966 3993 1290 4062 llipponensi
1320 3992 1605 4061 Episcopo,
1629 3992 1740 4045 suis
1763 4005 1883 4046 eum
1908 4007 2052 4062 qua:-

469 4083 730 4140 stionibus
775 4085 1121 4155 provocanti,
1154 4083 1336 4137 verius
1365 4082 1560 4152 abysso
1604 4081 1856 4152 abyssum
1902 4085 2051 4138 invo-

469 4177 609 4230 cauti
655 4177 961 4246 plenissime
1003 4175 1294 4230 satisfecit:
1319 4185 1373 4230 et
1407 4190 1465 4228 se
1494 4175 1638 4229 velut
1662 4177 1939 4230 emeritum
1969 4175 2050 4249 (ά)

464 4267 732 4333 judicans,
762 4263 846 4318 his
872 4279 992 4318 eum
1023 4263 1199 4317 verbis
1220 4279 1249 4316 a
1271 4264 1352 4317 sui
1378 4263 1755 4332 provocatione
1776 4263 2046 4320 deterret:

471 4359 584 4412 Nos
617 4367 788 4412 nostra
815 4355 1081 4410 habuimus
1119 4363 1365 4426 tempora,
1399 4357 1446 4408 et
1469 4355 1781 4410 cucurrimus
1805 4368 2048 4426 quantum

466 4452 740 4522 potuimus,
769 4465 903 4504 nunc
923 4459 970 4502 te
995 4457 1229 4502 currente
1247 4457 1294 4502 et
1317 4448 1470 4518 longa
1499 4447 1662 4518 spatia
1688 4457 2044 4519 transmeante,

465 4543 606 4596 nobis
649 4543 794 4596 detur
821 4542 998 4594 otium.
1032 4538 1330 4609 Simulque,
1363 4547 1417 4592 ut
1459 4555 1571 4592 cum
1598 4539 1742 4593 venia
1776 4549 1823 4594 et
1861 4542 2048 4597 honore

466 4644 552 4686 tuo
578 4633 813 4698 dixerim,
843 4648 904 4684 ne
923 4631 1060 4685 solus
1083 4630 1206 4684 mihi
1230 4629 1292 4684 'de
1311 4627 1485 4684 Poetis
1511 4633 1832 4703 proposuisse
1852 4633 2048 4703 aliquid

463 4724 714 4788 videaris,
751 4731 997 4776 memento
1041 4722 1238 4776 Daretis
1267 4731 1313 4776 et
1345 4719 1540 4776 Eutelli
1557 4762 1569 4786 ,
1595 4730 1642 4776 et
1670 4723 1893 4795 vulgaris
1921 4741 2044 4794 pro-

461 4814 614 4869 verbii
639 4855 656 4881 ,
681 4814 816 4885 quod
851 4813 939 4866 bos
979 4811 1144 4867 lassus
1185 4814 1378 4882 fortiter
1416 4813 1592 4884 pedem
1617 4813 1761 4884 ﬁgat.
1790 4814 1872 4869 Ad
1901 4817 2041 4886 quod

463 4906 650 4959 beatus
681 4901 1007 4974 Augustinus
1048 4901 1362 4971 suppliciter
1399 4902 1732 4973 respondens
1754 4947 1769 4972 ,
1802 4905 1874 4960 ait
1899 4923 1913 4961 :
1935 4906 2044 4962 Cur

463 4995 641 5064 itaque
663 5007 830 5048 conor
854 5003 1039 5046 contra
1066 5000 1400 5046 contractum
1428 4992 1678 5058 ﬂuminis,
1706 5004 1759 5050 et
1785 5010 1892 5050 non
1925 4997 2063 5065 pius.

461 5085 722 5153 deprecor
747 5079 994 5138 veniam?
1023 5081 1261 5145 Obsecro
1285 5122 1300 5145 ,
1332 5091 1391 5136 ut
1430 5082 1475 5135 si
1520 5091 1572 5136 te
1613 5082 1726 5138 laesi
1747 5124 1763 5149 ,
1802 5085 2040 5142 dimittas

465 5175 595 5231 mihi
616 5192 630 5228 :
651 5185 706 5230 et
733 5175 777 5230 si
807 5174 903 5230 bos
934 5185 991 5229 ut
1018 5175 1109 5229 tibi
1141 5173 1363 5238 videris,
1394 5173 1567 5229 lassus
1595 5184 1871 5232 senectute
1903 5177 2039 5234 forte

461 5267 722 5338 corporis,
752 5282 857 5321 non
881 5267 1064 5336 vigore
1093 5266 1256 5320 animi
1291 5282 1305 5320 :
1335 5275 1510 5321 tamen
1538 5269 1588 5322 in
1617 5283 1740 5323 area
1770 5269 2036 5328 dominica

461 5360 732 5414 fructuoso
761 5357 944 5411 labore
963 5356 1231 5412 desudans
1251 5373 1263 5409 :
1283 5372 1409 5412 ecce
1434 5373 1573 5424 sum,
1599 5358 1644 5412 si
1669 5359 1815 5427 quid,
1843 5376 2036 5432 perpe-

529 5514 591 5575 {al
633 5516 784 5567 Iidem
807 5517 922 5567 Mss.
948 5528 1056 5566 cum
1081 5523 1272 5563 auctore
1295 5527 1396 5569 suo,
1423 5513 1639 5575 Origene
1661 5501 1865 5563 scilicet.

529 5515 574 5565 'a
633 5516 784 5567 Iidem
807 5517 922 5567 Mss.
948 5528 1056 5566 cum
1081 5523 1272 5563 auctore
1295 5527 1396 5569 suo,
1423 5514 1639 5575 Origene
1661 5514 1865 5563 scilicet.

630 5578 833 5629 Rectius
863 5591 974 5651 cum
1006 5578 1109 5651 ipso
1133 5576 1424 5646 Iiierunyttto
1448 5575 1561 5651 Mss.
1589 5576 1736 5623 nostri
1769 5592 1790 5621 ι
1811 5584 2033 5638 quartum

455 5638 699 5688 decimum
719 5653 896 5689 annum
917 5638 1177 5689 Theodosii
1203 5655 1221 5680 ι»
1255 5645 1526 5685 numerant.

525 5700 583 5812 (cl)
625 5702 736 5751 Mss.
769 5719 791 5748 ι
813 5715 922 5751 eum
944 5699 1111 5757 Paulo,
1139 5700 1224 5746 nisi
1259 5710 1312 5746 se
1337 5712 1443 5747 eum
1481 5696 1728 5758 Christo,s
1754 5705 1848 5746 etc.

524 5763 536 5809 l
583 5764 594 5809 l
636 5765 784 5812 Iidem
805 5763 1055 5812 emeritum
1077 5761 1312 5810 iudicum.
1569 5793 1574 5796 -

636 5765 784 5814 Iidem
805 5763 1055 5814 emeritum
1077 5761 1312 5810 iudicum.

1807 307 1862 359 S.
1906 294 2287 359 IIIERONYMI
2331 298 2505 355 VITA.

2226 434 2338 472 ram
2376 418 2490 473 disi
2517 459 2531 484 ,
2566 419 2754 476 fortius
2795 423 2893 492 ligo
2933 424 3140 493 pedem.
3189 427 3302 482 Non
3345 431 3472 486 mihi
3515 432 3804 492 molestum

2223 528 2342 567 esse
2372 513 2530 568 debet
2565 515 2771 584 pondus
2808 519 2981 573 aetatis
3010 530 3134 583 tuae,
3172 523 3464 577 dummodo
3491 537 3806 586 conteratur

2222 603 2368 671 palea
2392 603 2562 673 culpa:
2584 619 2738 660 mete.
2763 607 3027 662 Praeterea
3056 609 3108 663 in
3133 611 3268 665 lihro
3291 628 3450 682 quem
3477 615 3591 684 ipse
3620 619 3800 688 Augu-

2217 691 2388 747 stinus
2417 704 2600 748 contra
2628 709 2866 750 errorem
2881 697 3077 753 Juliani
3103 700 3173 770 (ε)
3195 701 3466 772 Pelagiani
3492 704 3800 778 descripsit,

2213 783 2303 853 qui
2329 784 2538 852 nuptias
2568 791 2820 842 censebat
2849 788 3355 862 damnabiles,quod
3372 793 3584 851 nihilex
3605 798 3684 852 eis
3707 816 3800 854 na.

2213 885 2456 930 sceretur
2491 880 2560 932 ab
2597 879 2743 933 omni
2779 880 3004 936 liberum
3032 882 3352 953 obligatione
3393 888 3596 956 peccati
3627 906 3641 943 :
3669 890 3798 945 dum

2213 965 2390 1035 plures
2411 977 2597 1024 contra
2619 969 2736 1040 ejus
2764 971 3072 1040 pestiferum
3092 973 3283 1043 dogma
3305 978 3599 1034 catholicos
3633 989 3796 1037 testes

2211 1057 2610 1126 introduxisset,
2635 1062 2706 1116 ita
2724 1063 2969 1120 eumdem
2994 1064 3284 1134 praeferens
3307 1068 3690 1142 Ilieronymum
3711 1071 3796 1128 in-

2209 1150 2347 1204 tulit.
2367 1150 2477 1208 Nec
2491 1161 2732 1207 sanctum
2754 1154 3134 1226 Hieronymum
3153 1159 3523 1230 presbyterum
3545 1171 3792 1218 contem-

2208 1241 2442 1296 nendum
2487 1243 2802 1312 arbitreris,
2844 1247 2934 1315 qui
2975 1246 3163 1302 Graeco
3203 1257 3260 1303 et
3298 1248 3525 1316 Latino,
3573 1251 3792 1323 insuper

2205 1333 2431 1390 Hebrteo
2450 1337 2690 1392 eruditus
2710 1337 2942 1408 eloquio,
2963 1355 3030 1396 ex
3053 1341 3365 1396 occidentali
3388 1343 3452 1397 ad
3472 1344 3788 1402 orientalem

2205 1426 2467 1482 transiens
2493 1427 2809 1493 Ecclesiam,
2835 1429 2887 1483 in
2913 1430 3043 1485 locis
3071 1434 3291 1496 sanctis,
3325 1443 3484 1504 atque
3512 1435 3566 1491 in
3593 1437 3787 1493 litteris

2201 1516 2368 1570 sacris
2393 1531 2559 1588 usque
2587 1517 2654 1572 ad
2685 1518 3010 1589 decrepitam
3034 1521 3164 1576 vixit
3187 1532 3420 1578 aetatem.
3445 1523 3610 1594 Cujus
3630 1528 3786 1584 nobis

2197 1610 2466 1679 eloquium
2485 1613 2550 1668 ab
2569 1611 2786 1669 Oriente
2807 1613 2858 1667 in
2876 1613 3244 1683 Occidentem,
3267 1616 3335 1670 ad
3355 1616 3524 1672 instar
3542 1618 3671 1674 solis
3697 1635 3784 1675 re-

2197 1701 2480 1770 splenduit.
2515 1704 2700 1759 Omnis
2731 1705 2960 1776 denique
2987 1706 3076 1776 qui
3114 1716 3240 1761 ante
3285 1707 3432 1762 illum
3472 1709 3676 1778 aliquid
3711 1726 3779 1766 ex

2197 1795 2449 1864 utraque(
2469 1805 2580 1851 aut.
2607 1799 2781 1866 urbis)
2808 1799 2955 1852 orhis
2984 1810 3132 1868 parte
3156 1799 3224 1854 de
3253 1799 3493 1854 doctrina
3522 1800 3778 1857 Ecclesire

2194 1883 2337 1954 legit,
2357 1901 2454 1941 nec
2471 1887 2568 1940 alia
2589 1887 2655 1941 de
2672 1904 2729 1942 re
2749 1888 2882 1942 hanc
2900 1904 3056 1959 quam
3076 1889 3316 1958 prmdixi,
3333 1892 3499 1945 tenuit
3517 1891 3578 1961 (Ι.
3602 1909 3774 1962 prom-

2191 1975 2410 2047 psitqtte)
2439 1979 2789 2048 promisitque
2816 1981 3157 2034 sententiam.
3182 1979 3344 2049 Igitur
3369 1981 3552 2038 beatus
3582 1983 3772 2040 Hiero-

2189 2081 2380 2137 nymus
2423 2080 2702 2140 postquam
2740 2071 3053 2126 exuberanti
3085 2072 3404 2141 scriptorum
3433 2089 3648 2130 suorum
3678 2091 3770 2130 eo-

2186 2159 2292 2228 pia,
2323 2158 2787 2230 inexpugnabilem
2832 2162 3084 2217 Ecclesia:
3123 2162 3324 2218 Christi
3364 2165 3548 2219 turrim
3581 2177 3767 2222 contra

2181 2249 2356 2318 jacula
2401 2252 2774 2308 htereticornm
2818 2258 3054 2310 coerexit
3079 2274 3094 2311 :
3121 2255 3191 2327 (f)
3221 2259 3566 2327 nonagesimo
3595 2261 3770 2314 aetatis

2184 2359 2294 2397 sua:
2336 2359 2513 2411 anno,
2543 2345 2750 2416 imperii
2781 2357 2958 2402 autem
2989 2347 3274 2402 Theodosii
3310 2348 3665 2411 duodecimo,
3710 2354 3762 2404 in

2180 2443 2458 2492 senectute
2482 2436 2624 2492 bona
2649 2438 2894 2508 migravit
2916 2439 2981 2494 ad
3016 2439 3318 2506 Dominum,
3353 2440 3603 2497 videlicet
3632 2443 3762 2496 ulti.

2180 2541 2263 2580 ma
2295 2527 2646 2598 Septembris,
2680 2538 2735 2584 et
2759 2529 2999 2599 ejusdem
3027 2530 3132 2587 diei
3162 2531 3291 2586 hora
3322 2531 3506 2587 ultima
3531 2547 3650 2587 cum
3678 2535 3759 2588 snl

2175 2618 2462 2674 occideret.
2481 2619 2692 2676 Sancta:
2711 2630 2888 2677 autem
2909 2637 2972 2677 ac
2991 2623 3322 2679 venerabiles
3362 2624 3572 2679 femina:
3595 2624 3754 2680 Paula

2174 2712 2376 2767 scilicet
2393 2720 2444 2768 et
2469 2711 2837 2778 Eustochium,
2872 2714 3118 2784 exemplo
3137 2725 3191 2770 et
3207 2715 3620 2771 commonitione
3641 2716 3756 2785 ejus

2173 2802 2353 2856 saeculi
2379 2805 2792 2873 eontemptrices
2811 2845 2826 2869 ,
2859 2813 2912 2859 et
2941 2805 3117 2860 erucis
3139 2803 3339 2860 Christi
3368 2805 3558 2876 bajuhe
3580 2846 3599 2871 ,
3629 2814 3753 2861 ante

2171 2893 2288 2962 ejus
2310 2893 2513 2948 obitum
2535 2904 2759 2949 vocante
2779 2909 2979 2963 sponso
2998 2895 3342 2966 emigrarant.
3369 2896 3538 2952 Porro
3565 2895 3753 2952 beatus

2172 2985 2526 3057 Hieronymus
2555 2986 2682 3041 dum
2711 2986 2884 3042 adhuc
2910 2987 3142 3056 viveret,
3170 2988 3456 3056 scalpenda
3478 3003 3666 3044 saxum
3694 2990 3749 3045 in

2170 3076 2410 3145 ingressu
2473 3078 2743 3147 speluncze
2791 3078 3042 3135 dominici
3096 3081 3394 3150 praesepis,
3446 3083 3748 3152 sepulcrum

2167 3167 2269 3224 sibi
2314 3169 2514 3224 fecerat
2543 3183 2650 3224 non
2695 3171 2854 3240 longe
2887 3185 2916 3224 a
2946 3171 3194 3241 sepulcro
3229 3172 3598 3240 prcedictarum
3625 3187 3748 3228 san-

2166 3267 2393 3315 ctarum.
2422 3259 2521 3315 Ubi
2550 3261 2728 3315 stnenll
2757 3262 3108 3330 perversitate
3137 3259 3364 3325 devicta,
3393 3263 3636 3332 sepultus
3665 3272 3749 3316 est

2168 3351 2340 3422 pridie
2365 3351 2586 3406 Calend.
2614 3350 2880 3406 Octobris.
2905 3351 3178 3408 Mirabitur
3200 3351 3378 3407 forsan
3401 3351 3610 3416 Lector,
3637 3362 3745 3407 tam

2165 3449 2376 3497 sanctas
2406 3455 2664 3510 personas
2687 3442 2887 3496 habere
2913 3441 3120 3496 invidos
3151 3445 3406 3512 potuisse.
3440 3443 3741 3499 Mirandum

2163 3549 2290 3588 vero
2319 3548 2423 3587 non
2453 3543 2535 3587 est
2560 3550 2574 3587 :
2597 3548 2812 3603 semper
2840 3534 2981 3587 enim
3013 3533 3237 3588 virtutes
3282 3534 3617 3604 persequitur
3661 3535 3745 3590 in-

2165 3625 2322 3690 vidia,
2350 3624 2650 3696 feriuntque
2671 3640 2909 3680 summos
2933 3625 3152 3680 fulmina
3175 3635 3404 3682 montes.
3423 3627 3531 3682 Nec
3548 3627 3743 3683 mirum

2163 3718 2330 3773 videri
2359 3717 2538 3781 debet,
2563 3717 2676 3772 haec
2705 3717 2780 3789 (g)
2812 3715 2969 3772 bonis
2995 3718 3324 3787 contingere,
3351 3732 3470 3772 cum
3500 3719 3612 3787 ipse
3642 3717 3743 3771 Do-

2163 3809 2334 3863 minus
2363 3809 2750 3862 Pharisreorum
2774 3809 2891 3864 zelo
2919 3809 2988 3863 sit
3011 3809 3318 3874 cruciﬁxus,
3343 3818 3394 3863 et
3418 3824 3607 3864 omnes
3628 3823 3743 3864 san-

2159 3899 2231 3954 cti
2277 3901 2499 3953 aemulos
2547 3900 2865 3954 habuerunt.
2901 3900 3040 3955 Esau
3090 3900 3510 3970 persequebatur
3550 3899 3736 3956 Jacob.

2160 3989 2285 4044 Saul
2315 3990 2586 4060 quaerebat
2609 3990 2839 4044 animam
2872 3990 3057 4056 David,
3087 4000 3140 4047 et
3164 3991 3436 4046 Salomoni
3467 3991 3740 4047 suscitavit

2161 4081 2273 4149 ipse
2302 4081 2557 4136 Dominus
2585 4081 2733 4135 Adad
2762 4079 3073 4136 Idnmzeum.
3120 4082 3330 4136 Jezahel
3370 4084 3530 4138 etiam
3561 4097 3740 4138 sacer-

2157 4171 2310 4228 dotes
2340 4171 2521 4242 fugere
2550 4172 2806 4242 compulit
2835 4191 2847 4226 :
2876 4182 2929 4227 et
2954 4187 3142 4227 onmes
3168 4172 3460 4242 Pr0phetas
3489 4189 3740 4243 persecu-

2159 4273 2242 4320 tus
2269 4274 2352 4319 est
2382 4264 2606 4334 populus
2633 4264 2962 4319 Judmorum.
2993 4265 3187 4320 Paulus
3218 4267 3507 4335 Apostolus
3527 4266 3600 4321 de
3625 4266 3737 4320 fra-

2158 4356 2327 4411 tribus
2368 4354 2520 4410 falsis
2557 4357 2923 4426 conqueritur,
2953 4367 3005 4411 et
3049 4372 3141 4426 per
3172 4371 3385 4411 murum
3410 4357 3736 4422 demittitur,

2157 4461 2223 4500 ne
2249 4445 2316 4500 ab
2345 4444 2586 4501 hostibus
2615 4447 2875 4516 capiatur.
2909 4447 2986 4501 Ac
3012 4447 3326 4501 multimoda
3352 4461 3613 4502 enarrans
3643 4461 3735 4517 pe-

2156 4537 2345 4602 ricula,
2362 4537 2428 4591 de
2452 4551 2512 4592 se
2539 4538 2752 4607 suisque
2782 4537 3043 4592 similibus
3070 4538 3301 4607 loquitur
3325 4556 3338 4592 :
3365 4537 3736 4608 Spectaculum

2153 4628 2276 4699 facti
2301 4643 2473 4682 sumus
2504 4628 2622 4681 huic
2651 4621 2840 4682 mundo
2859 4669 2876 4696 ,
2905 4637 2951 4682 et
2979 4628 3176 4699 attgeris
3204 4637 3249 4682 et
3288 4628 3593 4684 hominibus.
3626 4629 3696 4683 Ει
3717 4669 3735 4694 ,

2156 4717 2267 4772 Nos
2289 4719 2430 4772 stulti
2456 4727 2664 4789 propter
2684 4718 2962 4774 Christum.
2988 4718 3078 4785 Et,
3105 4717 3256 4784 Quod
3273 4719 3486 4773 stultum
3507 4727 3578 4772 est
3595 4717 3730 4782 Deo,

2150 4809 2427 4879 sapientius
2453 4819 2526 4863 est
2551 4808 2858 4864 hominibus.
2881 4807 3034 4864 Unde
3059 4819 3110 4863 et
3136 4808 3384 4865 Salvator
3408 4809 3644 4876 loquitur
3662 4809 3732 4863 ad

2154 4901 2362 4956 Patrem
2388 4918 2401 4955 ;
2427 4901 2504 4955 Tu
2540 4901 2641 4956 scis
2678 4901 3021 4971 insipientiam
3048 4917 3242 4967 meam;
3267 4916 3424 4971 quem
3457 4901 3509 4955 in
3539 4901 3752 4958 Evam.

2149 4991 2288 5061 gelio
2329 4992 2605 5062 propinqui
2649 4991 2800 5061 quasi
2840 4991 3036 5046 mentis
3075 4991 3328 5060 impotem
3356 4991 3731 5058 trsﬁmabant,

2151 5091 2203 5135 et
2243 5081 2532 5138 adversarii
2576 5080 3071 5148 calumniabantur,
3103 5082 3340 5138 dicentes
3368 5102 3380 5138 :
3406 5081 3738 5140 Dcmonium

2217 5272 2276 5338 le)
2313 5273 2581 5343 Perperarn
2605 5274 2652 5343 in
2677 5273 3120 5343 unoAmltrosiano
3142 5275 3234 5325 Ms.
3271 5274 3530 5343 Hauicluei
3554 5277 3735 5343 legitur

2147 5334 2236 5400 pro
2262 5334 2522 5400 ltelagiatti.
2549 5334 2876 5400 Subsequitur
2901 5335 2964 5400 ibi
2989 5338 3084 5384 alio
3106 5350 3253 5385 sensu
3274 5371 3288 5396 ,
3321 5354 3344 5383 ι
3371 5339 3572 5400 Nuptias
3599 5334 3734 5389 vole-

2150 5395 2228 5445 hat
2252 5395 2494 5467 datr-maia;
2527 5395 2654 5457 quod
2682 5395 2797 5467 vero
2821 5409 2884 5443 ex
2918 5398 2992 5445 eis
3016 5406 3296 5446 nasceretur
3316 5433 3332 5458 ,
3357 5400 3418 5447 ab
3440 5395 3568 5448 Omni
3604 5401 3731 5448 lihe-

2149 5471 2252 5506 I'tttu
2276 5455 2571 5517 obligatione
2598 5459 2798 5516 peccati.
2825 5473 2848 5501 ι

2216 5519 2272 5580 (Π
2310 5517 2590 5584 Exaggerat
2609 5517 2918 5584 adhucjdetn
2955 5519 3043 5584 Ms.
3065 5518 3379 5584 nonagesimo
3401 5527 3537 5584 sca‘tg
3557 5521 3734 5580 artatis,

2151 5577 2246 5643 etc.
2261 5577 2372 5626 tum
2395 5577 2542 5626 habet
2572 5595 2594 5621 ι
2617 5577 2878 5643 Theodosii
2897 5581 3104 5643 junioris
3123 5577 3428 5643 dutjdecimo.
3449 5597 3473 5625 ι
3503 5577 3734 5643 Denique

2149 5639 2678 5706 islbaecprzetermtttit,
2705 5654 2728 5684 α
2745 5639 2975 5706 videlicet
2997 5640 3162 5706 ultima
3185 5640 3511 5703 Septembris,
3539 5651 3591 5694 et
3608 5639 3736 5706 ejus-

2147 5701 2260 5748 dem
2283 5697 2382 5746 diei
2409 5698 2521 5746 hora
2548 5697 2731 5754 ultima,
2756 5712 2864 5748 cum
2887 5701 2960 5749 sol
2983 5697 3292 5750 occideretfs

2215 5758 2281 5823 lg)
2321 5759 2450 5808 Idem
2477 5759 2565 5809 his.
2598 5777 2620 5806 ι
2639 5760 2742 5810 haec
2767 5760 3037 5811 hominibus
3057 5761 3362 5834 wutingere.
3383 5779 3407 5810 ι
