4052 6338
453 376 562 432 203

455 497 677 552 decebat.
706 491 914 548 Perrexi
931 501 1095 547 tamen
1117 491 1496 557 Alexandriam,
1521 489 1690 543 audivi
1718 487 1994 558 Didgmum
2018 501 2037 540 :

453 591 508 644 in
538 589 708 642 multis
749 586 794 640 ei
833 586 1030 656 gratias
1067 601 1183 656 ago.
1226 584 1383 650 Quod
1422 583 1640 647 nescivi,
1683 581 1876 635 didici:
1901 579 2036 650 quod

452 680 691 743 sciebam,
731 675 822 730 illo
861 677 1093 742 docente,
1141 692 1240 730 non
1279 675 1494 746 perdidi.
1541 673 1795 728 Putabant
1825 687 1904 725 me
1945 670 2036 724 ho-

453 771 613 825 mines
637 768 790 838 ﬁnem
813 767 996 839 fecisse
1015 767 1262 821 discendi.
1296 765 1423 820 Veni
1447 781 1649 819 rursum
1667 763 2039 833 Jenosolgmam

451 873 498 916 et
545 860 802 916 Bethleem
830 874 849 913 :
887 875 986 930 quo
1027 859 1189 930 pretio
1207 899 1222 924 ,
1250 874 1350 928 quo
1380 856 1552 910 labore
1579 853 2037 925 (a)'Barrabanum

457 950 728 1009 Hebrazum
791 958 1095 1004 nocturnum
1155 947 1308 1001 habui
1365 944 1766 1017 praeceptorem?
1808 941 2040 997 Timebat

452 1043 588 1097 enim
626 1039 836 1095 Judteos
863 1054 883 1093 :
925 1049 971 1094 et
1002 1039 1123 1092 mihi
1150 1039 1365 1092 alterum
1394 1035 1654 1091 exhibebat
1683 1033 2038 1088 Nioodemum.

457 1131 583 1186 limo
614 1131 794 1200 itaque
817 1127 1019 1184 contuli
1045 1145 1058 1182 :
1085 1137 1142 1181 ut
1167 1127 1256 1198 qui
1284 1127 1425 1182 scire
1449 1128 1692 1196 cupiunt,
1724 1139 1885 1180 nosse
1911 1138 2043 1194 que-

454 1230 569 1286 ant,
600 1220 739 1275 sicut
770 1217 989 1288 praedixi
1012 1258 1028 1281 ,
1060 1232 1166 1288 quo
1191 1226 1348 1272 natus
1387 1217 1538 1283 loco,
1571 1215 1834 1288 quibusve
1864 1222 2042 1269 tantus

458 1312 540 1364 vir
565 1307 1020 1379 niagistrisiuerit
1043 1307 1378 1363 informatus.

527 1402 876 1456 Commorans
936 1400 1113 1470 itaque
1157 1399 1514 1472 Hieronymus
1576 1399 1791 1465 Romae,
1850 1398 2045 1454 mentis

456 1492 806 1563 corporisque
835 1491 1216 1562 virginitatem,
1248 1501 1303 1547 et
1327 1491 1643 1546 delictorum
1674 1487 2039 1560 paenitentiam

459 1583 808 1648 custodiens,
878 1582 1124 1637 ﬁdelibus
1181 1581 1523 1652 prmdicabat.
1579 1581 1846 1651 Multaque
1894 1579 2045 1650 juxta

457 1674 802 1744 Septuaginta
854 1672 1110 1728 librorum
1171 1672 1440 1727 volumina
1506 1679 1667 1741 atque
1731 1669 2044 1740 psalterium

458 1765 786 1833 emendavit,
819 1766 1141 1836 Apostolicm
1171 1765 1286 1822 sedi
1315 1764 1530 1821 Libet-io
1560 1763 1879 1834 praesidente
1910 1778 2046 1834 pon-

462 1859 621 1914 tiﬁce.
650 1858 724 1913 Ea
746 1857 1096 1929 proculdubio
1119 1865 1435 1926 tempestate
1464 1856 1762 1910 Romanum
1790 1855 2047 1926 populum

463 1965 560 2019 per
585 1949 954 2004 Constantium
991 1949 1283 2017 Augustum
1313 1947 1511 2003 Ariana
1544 1947 1770 2003 haeresis
1814 1947 2051 2002 macula-

465 2041 574 2093 bat.
596 2039 800 2095 Idcirco
829 2053 958 2109 ergo
986 2037 1270 2108 prmdictus
1293 2039 1396 2104 vir,
1421 2039 1701 2094 occasione
1729 2053 1887 2109 quam
1917 2053 2052 2092 sem-

465 2147 562 2200 per
585 2140 860 2203 optaverat
887 2141 1127 2200 accepta,
1159 2140 1216 2185 ut
1241 2131 1488 2201 superius
1511 2141 1594 2185 est
1613 2129 1834 2194 dictum,
1866 2130 2050 2185 relicta

463 2225 658 2286 domo,
703 2222 1045 2293 parentibus,
1093 2237 1313 2287 sorore,
1362 2221 1636 2293 cognatis,
1683 2232 1736 2276 et
1767 2221 1960 2292 inclyta
1990 2235 2052 2274 ac

463 2313 848 2384 gloriosissima
895 2313 1038 2368 Petri
1074 2313 1147 2384 (b)
1179 2313 1310 2368 urbe
1340 2329 1355 2364 :
1393 2328 1588 2382 corpus
1626 2321 1681 2366 et
1707 2311 1819 2367 sola
1847 2320 2052 2365 tantum

469 2407 645 2462 t'erens
669 2419 790 2475 qum
817 2405 997 2460 itineri
1022 2404 1168 2459 utilia
1195 2418 1317 2458 esse
1343 2403 1577 2467 valuere,
1603 2418 1705 2456 una
1733 2417 1853 2458 cum
1875 2402 2056 2456 biblio-

473 2498 628 2553 theca
663 2494 835 2567 'quatn
885 2509 1100 2550 summo
1143 2494 1322 2549 studio
1373 2495 1424 2548 in
1482 2492 1696 2564 praelata
1751 2493 2057 2548 confecerat

471 2588 625 2653 urbe,
657 2587 1045 2658 Jerosolymam
1073 2596 1289 2656 propter
1326 2599 1547 2655 regnum
1569 2583 1828 2638 etelorum
1845 2582 2056 2653 juvenis

473 2679 797 2734 militaturus
827 2677 1064 2732 advenit.

547 2772 833 2840 Postquam
860 2784 990 2824 vero
1011 2782 1169 2823 omne
1199 2767 1587 2822 mnndanarum
1613 2766 1908 2822 litterarum
1943 2774 2056 2822 stu-

475 2863 624 2917 dium
651 2862 874 2932 adeptus
920 2869 1036 2926 est,
1081 2859 1576 2931 probatissimorum
1614 2874 1828 2930 quoque
1873 2875 2057 2914 mona-

474 2955 698 3010 chorum
743 2953 980 3009 habitum
1011 2952 1310 3023 factumque
1333 2952 1569 3006 imitatus
1589 2961 1689 3007 est.
1707 2949 2060 3022 Cupiditatetn

475 3046 737 3118 siquidem
774 3044 937 3100 animi
963 3043 1076 3114 jugi
1103 3043 1410 3099 sinceritate
1436 3043 1671 3105 calcans,
1700 3042 2063 3112 voluptatem-

475 3153 582 3208 que
630 3137 876 3207 corporis
928 3134 1150 3206 perenni
1196 3133 1447 3205 frangens
1491 3134 1730 3203 jejunio,
1783 3135 2063 3204 plerosque

481 3233 741 3285 bonorum
771 3228 1142 3300 religiosorum
1164 3267 1181 3295 ,
1209 3228 1462 3283 meliores
1490 3225 1603 3282 fore
1629 3241 1726 3281 suo
1763 3225 1948 3281 docuit
1978 3227 2063 3280 in-

477 3322 684 3377 stituto.
720 3321 961 3388 Quodam
997 3319 1157 3389 igitur
1183 3329 1422 3388 tempore
1443 3360 1456 3384 ,
1485 3332 1605 3372 cum
1633 3332 1700 3372 ex
1743 3331 1894 3371 more
1921 3317 2061 3372 idem

480 3413 856 3485 Hieronymus,
883 3411 1060 3466 divina
1085 3410 1151 3465 ad
1181 3409 1462 3481 legendtnn
1491 3409 1746 3480 panderet
1774 3408 2062 3474 volumina,

480 3517 536 3563 et
557 3506 914 3562 immortalem
942 3504 1280 3559 bibliotheca:
1319 3517 1430 3556 suae
1455 3511 1726 3557 auctorem
1757 3501 2067 3556 recordare-

483 3609 570 3654 tur
597 3597 826 3654 Tullium
844 3637 857 3660 ,
881 3609 1003 3650 mox
1045 3593 1253 3649 calitus
1275 3608 1339 3647 ne
1367 3590 1438 3663 (ε)
1463 3591 1601 3646 tales
1626 3591 1946 3661 quandoque
1977 3606 2065 3645 re-

481 3689 720 3744 volveret
750 3688 917 3742 libros
959 3684 1238 3741 salutifero
1263 3685 1551 3755 casugatus
1590 3691 1674 3736 est
1713 3681 1956 3736 verbere.
1990 3679 2064 3736 Ita

482 3784 625 3841 cnim
657 3783 772 3852 ipse
796 3780 862 3836 de
892 3795 951 3835 se
982 3779 1047 3833 ad
1076 3773 1419 3832 Eustochium
1448 3775 1689 3831 scribens
1717 3759 1932 3829 asserit.

553 3875 679 3929 Cum
703 3882 821 3927 ante
844 3888 1004 3926 annos
1033 3871 1295 3940 plurimos,
1328 3867 1500 3932 domo,
1528 3867 1841 3937 parentibus,
1870 3882 2064 3932 sorore,

482 3950 746 4038 cognatis,
784 3973 831 4018 et
870 3961 1006 4034 quod
1049 3961 1127 4014 his
1155 3959 1405 4030 difﬁcilius
1449 3969 1542 4024 est,
1573 3957 1934 4012 consuetudine
1958 3957 2070 4011 lau-

485 4057 627 4110 tioris
670 4055 768 4109 cibi
810 4061 1015 4124 prapter
1056 4051 1294 4105 calorum
1335 4067 1414 4104 me
1450 4066 1607 4121 regna
1644 4059 1942 4103 castrassem
1974 4063 1994 4102 :
2022 4057 2070 4102 et

484 4147 860 4215 Jerosolymam
897 4144 1202 4197 militaturus
1248 4157 1537 4212 pergerem,
1580 4139 1875 4194 bibliotheca
1916 4155 2070 4209 quam

486 4239 611 4291 mihi
638 4237 816 4291 Romte
837 4250 1033 4288 summa
1057 4231 1222 4286 studio
1245 4247 1307 4285 ac
1350 4233 1521 4285 labore
1544 4235 1878 4300 confeceram,
1901 4246 2074 4284 carere

488 4347 591 4385 non
613 4338 856 4402 poteram.
881 4325 1061 4398 Itaque
1085 4329 1234 4378 miser
1257 4339 1345 4395 ego
1371 4324 1588 4377 lecturus
1616 4319 1841 4375 Tullium
1857 4323 2071 4392 jejuna-

489 4425 623 4478 bam.
668 4419 795 4476 Post
848 4418 1066 4473 noctium
1111 4417 1309 4470 crebras
1351 4414 1584 4485 uigilias,
1631 4424 1743 4485 post
1783 4415 2068 4485 lacrymas,
2105 4449 2119 4455 -

488 4531 614 4589 quas
639 4514 764 4568 mihi
783 4512 1150 4584 praeteritorum
1177 4507 1458 4562 recordatio
1492 4515 1837 4576 .peccatorum,
1867 4521 1930 4559 ea:
1957 4505 2071 4558 imis

489 4609 756 4664 uisceribus
801 4608 1036 4673 eruebat,
1092 4603 1306 4658 Plautus
1343 4599 1630 4656 sumebatur
1669 4599 1722 4652 in
1764 4615 1962 4652 manus.
2011 4599 2073 4654 Si

577 4729 623 4787 al
668 4729 806 4779 Idem
846 4725 1138 4778 Baraninam
1180 4723 1395 4787 praefert.

577 4782 621 4850 bl
662 4791 752 4841 Ms.
785 4807 810 4836 ι
855 4782 1224 4850 religiosissima
1258 4785 1397 4836 Petri
1420 4795 1628 4850 corpore
1649 4782 1794 4844 urbe,
1819 4795 1995 4846 corpus
2019 4789 2071 4834 et

492 4845 594 4903 sola
609 4845 812 4912 tantum
834 4845 1044 4912 quwriue
1075 4850 1124 4896 in
1144 4849 1330 4912 itinere
1353 4856 1468 4896 esse
1486 4845 1627 4912 gtilia
1645 4882 1670 4912 ,_
1685 4858 1778 4893 una
1803 4845 1944 4901 cum,
1970 4850 2070 4896 etc.

494 4922 595 4963 tum
637 4904 916 4963 coniecerat
958 4904 1142 4968 Romae,
1183 4907 1443 4957 conferens
1479 4904 1829 4969 Jerosolymam
1873 4916 2071 4969 propter

493 4987 651 5037 regna
670 4972 905 5037 caelorum
930 4966 1135 5032 juvenis
1152 4968 1455 5037 militaturus
1494 4966 1705 5037 advenit'.
1731 4966 2072 5037 Cumque-ali-

492 5028 704 5099 quintis,
729 5028 945 5099 peractis
969 5029 1198 5080 morando
1238 5029 1417 5099 diebus
1445 5028 1754 5098 cognovisset
1772 5062 1794 5099 ,Α
1810 5028 1939 5099 quod
1961 5029 2072 5078 abs-

491 5087 592 5159 tiue
629 5087 1018 5159 animae‘damno
1053 5105 1168 5159 non_
1191 5087 1424 5142 valuisset
1445 5087 1634 5159 Ivi‘vere
1657 5125 1670 5146 ,
1693 5087 1844 5137 caute
1871 5089 1920 5159 in
1954 5103 2076 5151 prie-

490 5147 616 5220 s'epe
638 5155 920 5220 Ιὶοιῃὶηἱιξοἱ
956 5163 1016 5220 ut
1050 5147 1458 5220 prudenshammal
1482 5147 1636 5220 vellet
1658 5147 2069 5220 esse‘contiguus,

491 5207 620 5282 qu'od
641 5218 704 5268 ab
732 5207 1439 5282 Jerosquinis'se3_mill_ibtis,n
1471 5216 1568 5282 etc.
1593 5207 1878 5282 quaealtera
1899 5207 1962 5260 ab
1985 5207 2074 5282 hac

491 5271 812 5342 pagina,sive
835 5271 1055 5342 columna
1084 5275 1178 5342 2:13
1211 5274 1591 5342 sulmequuntur.
1636 5271 1756 5319 Tota
1786 5279 1951 5342 autem
1998 5275 2071 5342 in.

495 5334 736 5390 ier'media
760 5339 962 5387 historia
984 5350 1074 5399 per
1099 5336 1203 5404 fere
1225 5335 1656 5404 ducentosversus
1678 5334 1872 5404 omnino
1894 5336 2068 5404 abest,

492 5415 603 5465 qua;
625 5413 745 5450 sane
783 5407 868 5448 aut
889 5397 1003 5465 (ξειδῂ
1026 5397 1572 5465 e_xeisa,_aut‘sequiore
1595 5407 1740 5443 manu
1765 5402 1980 5465 truncata
2006 5407 2071 5465 ex

491 5457 691 5527 a'ntiqno
721 5458 989 5527 exemplari
1022 5460 1178 5527 videri
1217 5457 1342 5527 haud
1387 5462 1578 5527 potest,
1613 5467 1722 5527 cum
1763 5467 1793 5502 e
1816 5458 2074 5527 contrario

490 5516 733 5588 nunquam
780 5516 1032 5588 extitisse,
1083 5516 1732 5588 ipseoratioriiseoutextus
1756 5516 2071 5588 subindicet_,

495 5587 583 5636 sed
607 5577 671 5636 ile
695 5577 1087 5650 praecedentibus
1102 5577 1234 5650 Vitis
1270 5579 1365 5627 huc
1389 5581 1621 5650 intrusam
1643 5577 1792 5626 fuisse
1815 5585 1964 5648 atque
1985 5578 2071 5650 ad:

490 5656 664 5709 sutam,
689 5642 743 5699 ut
781 5654 834 5697 et
873 5645 1110 5709 pleraque
1132 5642 1226 5692 alia
1248 5652 1358 5709 quae
1383 5642 1684 5709 potissimum
1708 5650 1772 5687 ex
1818 5642 2073 5700 ipsiusmet

487 5706 775 5787 Hieronimi.
791 5706 1044 5780 Epistolis
1059 5707 1606 5787 excerptamo-tnacur‘rupt;

567 5769 629 5835 lc)
675 5761 804 5822 Satis
833 5761 1006 5833 supino
1030 5779 1198 5818 errore
1214 5761 1397 5815 lectum
1422 5766 1564 5809 unum
1590 5767 1666 5811 est
1689 5773 1784 5809 uno
1807 5761 1960 5812 verbo
1983 5772 2070 5812 tta-

488 5829 608 5882 tales

1722 370 1780 427 8.
1821 366 2200 426 HIERONYMI
2247 366 2398 425 VI'I'A
2411 408 2423 422 .

3620 363 3728 426 204

2144 485 2346 556 quando
2371 486 2425 539 in
2451 493 2630 540 memet
2656 486 2883 541 reuersus
2913 483 3197 556 Prophetas
3227 483 3390 557 legere
3417 485 3678 557 cepissem
3708 501 3730 542 :

2143 592 2307 630 sermo
2349 575 2581 630 [torrebat
2627 577 2865 632 incultus.
2902 575 2970 630 Et
3007 577 3125 649 quia
3168 578 3334 633 lumen
3379 579 3527 632 cacis
3569 577 3730 634 oculis

2145 685 2246 724 non
2269 668 2497 724 videbam
2517 683 2538 723 :
2558 685 2662 723 non
2681 669 2949 723 oculorum
2969 668 3206 738 putabam
3241 670 3445 738 culpam
3469 685 3608 734 esse,
3642 670 3731 723 sed

2144 760 2285 814 solis.
2312 757 2450 813 Dum
2476 760 2548 813 ita
2579 776 2659 814 me
2680 761 2915 830 antiquus
2936 775 3146 829 serpens
3173 760 3408 814 illuderet
3427 801 3443 826 ,
3476 760 3531 814 in
3561 761 3731 815 media

2147 852 2305 922 ferme
2349 850 2779 922 Quadragesima,
2823 850 3059 905 medullis
3103 850 3275 922 infusa
3318 850 3472 921 febris
3496 890 3512 916 ,
3546 865 3732 921 corpus

2147 943 2328 997 inuasit
2348 941 2667 1008 exhaustum,
2689 951 2736 997 et
2754 942 2864 998 sine
2889 942 2996 996 ulla
3015 944 3206 1012 requie,
3224 943 3360 1012 quod
3383 944 3520 996 dictu
3541 959 3738 1015 quoque

2145 1034 2439 1089 incredibile
2477 1043 2550 1088 est
2571 1075 2586 1099 ,
2636 1035 2711 1088 sic
2753 1034 2979 1105 infelicia
3025 1034 3248 1088 membra
3290 1034 3500 1104 depasta
3527 1043 3600 1089 est
3618 1076 3634 1102 ,
3683 1045 3737 1089 ut

2147 1127 2340 1182 ossibus
2386 1127 2469 1181 uia:
2509 1126 2776 1181 luererent.
2825 1124 3040 1180 Interim
3086 1125 3398 1195 parabantur
3415 1111 3418 1114 ’
3438 1126 3666 1198 exequiae
3689 1137 3738 1182 et

2149 1217 2316 1274 vitalis
2329 1220 2514 1274 anima:
2527 1217 2690 1282 calor,
2717 1226 2822 1271 toto
2849 1218 3145 1288 frigescente
3162 1217 3278 1286 jam
3300 1233 3532 1288 corpore,
3553 1217 3607 1271 in
3628 1216 3736 1272 solo

2151 1318 2344 1362 tantum
2381 1317 2575 1378 tepente
2606 1307 2893 1378 pectusculo
2936 1306 3218 1377 palpitabat
3249 1324 3264 1361 :
3308 1323 3424 1362 cum
3463 1308 3628 1362 subito
3655 1325 3741 1361 ra-

2151 1411 2265 1471 ptus
2289 1399 2342 1454 in
2369 1399 2573 1470 spiritu,
2603 1397 2671 1452 ad
2713 1397 2938 1452 tribunal
2955 1397 3151 1467 judicis
3177 1399 3479 1468 pertrahor,
3509 1398 3592 1452 ubi
3625 1408 3740 1453 tan-

2152 1502 2254 1546 tum
2279 1491 2506 1556 luminis,
2536 1500 2583 1546 et
2602 1501 2800 1545 tantum
2829 1499 2938 1545 erat
2965 1507 3029 1546 ea:
3047 1489 3481 1545 circumstantium
3508 1490 3742 1544 claritate

2152 1583 2366 1655 fulgoris
2394 1599 2414 1637 :
2438 1593 2494 1636 ut
2525 1585 2781 1654 projectus
2804 1585 2857 1637 in
2885 1591 3071 1637 terram
3089 1622 3105 1649 ,
3146 1598 3350 1636 sursum
3390 1583 3616 1650 aspicere
3639 1597 3742 1636 non

2153 1675 2408 1729 auderem.
2438 1672 2791 1744 Interrogatus
2832 1673 2896 1728 de
2937 1673 3259 1739 conditione,
3292 1673 3636 1729 Christianum
3663 1690 3745 1728 me

2153 1785 2260 1824 esse
2299 1767 2558 1838 respondi.
2605 1766 2673 1822 Et
2712 1767 2801 1824 ille
2838 1769 2926 1838 qui
2952 1766 3252 1838 prtesidebat
3277 1783 3298 1823 .'
3346 1765 3579 1822 Mentiris
3621 1769 3738 1822 ait:

2154 1860 2514 1919 Ciceronianus
2549 1877 2601 1916 es
2623 1901 2640 1928 ,
2665 1876 2766 1916 non
2793 1858 3133 1916 Christianus.
3179 1858 3280 1914 Ubi
3303 1860 3438 1914 enim
3478 1861 3747 1914 thesaurus

2155 1965 2291 2019 tuus,
2327 1952 2397 2008 ibi
2429 1963 2501 2008 est
2531 1961 2577 2007 et
2601 1968 2688 2006 cor
2720 1961 2881 2006 tuuus.
2915 1951 3066 2006 Illico
3095 1949 3324 2006 obmutui
3349 1968 3368 2005 :
3395 1960 3441 2005 et
3470 1951 3600 2005 inter
3627 1965 3743 2005 vero

2157 2048 2274 2102 bera
2319 2047 2464 2117 (nam
2509 2062 2588 2100 me
2627 2046 2754 2101 aedi
2787 2046 3037 2116 jusserat)
3075 2045 3394 2100 oonscientic
3437 2044 3600 2115 magis
3629 2044 3749 2115 igne

2158 2139 2470 2212 torquebar:
2510 2139 2657 2193 illum
2695 2153 2890 2192 mecum
2927 2137 3230 2192 versiculum
3253 2145 3534 2204 reputans:
3557 2134 3614 2190 In
3657 2135 3742 2189 in-

2159 2229 2310 2286 ferno
2353 2238 2532 2284 autem
2577 2228 2698 2298 quis
2743 2226 3084 2304 conﬁtebitur
3132 2227 3269 2282 tibi:
3311 2225 3543 2282 Clamare
3577 2235 3744 2280 autem

2157 2321 2302 2386 ccepi,
2337 2329 2384 2373 et
2412 2319 2612 2388 eiulans
2639 2318 2804 2372 dicere
2828 2334 2847 2372 :
2876 2317 3128 2373 Miserere
3156 2318 3263 2374 mei
3288 2319 3511 2372 Domine
3541 2335 3555 2372 :
3583 2319 3745 2372 mise-

2160 2426 2280 2466 rere
2305 2409 2430 2464 mei.
2460 2407 2585 2463 Hac
2603 2424 2700 2463 vos:
2727 2408 2858 2462 inter
2882 2408 3088 2480 flagella
3115 2407 3406 2462 resonabat.
3426 2405 3654 2460 Tandem
3677 2407 3746 2460 ad

2161 2499 2476 2570 praesidentis
2494 2515 2660 2570 genua
2683 2498 2936 2569 provoluti
2959 2500 3044 2570 qui
3066 2499 3358 2564 astiterant,
3384 2498 3744 2568 precabantur,

2160 2604 2217 2648 ut
2237 2593 2428 2648 ueniam
2455 2590 2688 2646 tribueret
2715 2591 3091 2659 adolescentiae,
3121 2601 3170 2646 et
3197 2591 3364 2646 errori
3391 2592 3556 2645 locum
3585 2591 3745 2656 ρωπί-

2163 2683 2330 2738 tentite
2374 2682 2716 2738 commodaret
2747 2698 2767 2738 :
2808 2694 3079 2738 exacturus
3129 2681 3310 2736 deinde
3348 2682 3628 2735 cruciatum
3649 2721 3665 2745 ,
3704 2681 3749 2735 si

2164 2777 2428 2849 gentilium
2457 2777 2737 2831 litterarum
2769 2776 2921 2830 libros
2947 2775 3222 2844 aliquando
3245 2774 3492 2844 legissem.
3523 2772 3634 2844 Ego
3661 2775 3748 2843 qui

2162 2869 2214 2923 in
2241 2877 2383 2923 tanto
2423 2868 2718 2922 constrictus
2746 2867 2960 2921 articulo
2979 2908 2996 2934 ,
3025 2866 3201 2920 uellem
3227 2864 3377 2918 etiam
3406 2865 3604 2934 majora
3632 2879 3749 2933 pro-

2163 2959 2376 3026 mittere,
2403 2958 2630 3028 deierare
2651 2957 2780 3030 coepi
2800 2973 2819 3012 :
2849 2967 2897 3012 et
2923 2973 3105 3012 nomen
3136 2957 3248 3026 ejus
3273 2953 3522 3008 obtestans
3541 2953 3708 3008 dicere
3729 2969 3748 3006 :

2168 3051 2415 3119 Domine,
2451 3051 2497 3105 si
2524 3068 2742 3122 unquam
2781 3051 3001 3106 habuero
3025 3049 3222 3104 codices
3265 3047 3537 3102 sarculares
3562 3061 3583 3101 :
3606 3046 3651 3101 si
3677 3047 3751 3102 le-

2165 3160 2311 3215 gero,
2343 3151 2390 3196 te
2419 3145 2615 3214 negavi.
2666 3141 2736 3197 In
2786 3143 2894 3197 htec
2938 3143 3243 3197 sacramenti
3286 3138 3436 3194 verba
3474 3139 3713 3192 dimissus
3731 3178 3748 3202 ,

2165 3246 2386 3292 revertor
2436 3234 2505 3288 ad
2547 3250 2794 3304 superos,
2845 3243 2892 3304 et
2938 3233 3236 3286 mirantibus
3297 3237 3524 3291 cunctis,
3575 3228 3752 3282 oculos

2166 3326 2342 3396 aperui
2367 3341 2388 3378 .'
2423 3333 2563 3377 tanto
2615 3303 2954 3393 lacrgmarum
2997 3321 3155 3376 imbre
3193 3320 3456 3391 perfusos,
3499 3326 3552 3371 ut
3601 3322 3752 3372 etiam

2167 3415 2447 3470 incredulis
2475 3414 2630 3484 fidem
2655 3416 2876 3484 facerem
2897 3429 2962 3467 ea;
2989 3413 3182 3466 dolore.
3217 3411 3326 3465 Nec
3351 3427 3464 3464 vero
3493 3426 3645 3478 sopor
3669 3409 3755 3463 ille

2168 3511 2354 3576 fuerat,
2377 3516 2463 3559 aut
2491 3522 2620 3559 uana
2643 3505 2860 3569 somnia,
2891 3503 3068 3574 quibus
3093 3518 3227 3573 sepe
3250 3501 3561 3556 deludimur.
3594 3498 3754 3553 Testis

2169 3608 2242 3653 est
2266 3600 2484 3653 tribunal
2504 3597 2635 3653 illud
2655 3609 2771 3652 ante
2787 3596 2924 3666 quod
2941 3597 3104 3666 jacui.
3130 3593 3453 3649 Testis-triste
3476 3592 3753 3664 iudicium,

2169 3693 2302 3761 quod
2338 3691 2502 3744 timui.
2545 3687 2632 3744 Ita
2675 3689 2799 3742 mihi
2835 3703 3094 3760 nunquam
3131 3687 3391 3757 contingat
3431 3683 3584 3738 talem
3627 3684 3756 3738 inci-

2171 3785 2289 3838 dere
2300 3783 2642 3852 qutestionem.
2661 3781 2924 3836 Liooribus
2945 3781 3177 3834 habuisse
3198 3795 3276 3833 me
3289 3779 3474 3850 plenas
3492 3778 3754 3846 scapulas,

2171 3878 2350 3949 plagas
2387 3876 2600 3932 sensisse
2649 3892 2739 3946 per
2774 3874 3031 3928 somnium
3060 3888 3079 3928 :
3121 3883 3168 3927 et
3196 3881 3335 3926 tanto
3367 3871 3550 3926 dehinc
3590 3869 3757 3926 studio

2173 3970 2344 4025 divina
2379 3967 2577 4041 legisse,
2607 3977 2796 4034 quanto
2826 3967 3062 4020 mortalia
3083 3975 3198 4019 ante
3227 3964 3554 4034 perlegeram.

2245 4061 2387 4117 ldcm
2417 4059 2575 4129 igitur
2602 4057 2958 4128 Hieronymus
2979 4098 2995 4123 ,
3040 4055 3180 4126 quod
3205 4054 3720 4124 praetermiseramus
3739 4093 3756 4117 ,

2173 4151 2298 4206 dum
2327 4151 2380 4205 in
2410 4150 2648 4205 Romana
2673 4148 2850 4203 adhuc
2870 4156 3012 4202 esset
3043 4145 3206 4211 urbe,
3233 4160 3295 4200 os
3335 4144 3544 4199 Damasi
3577 4145 3755 4214 Papia,

2174 4253 2228 4297 et
2253 4256 2417 4296 sacra:
2456 4239 2794 4294 bibliotheca:
2823 4246 3124 4302 scrutator,
3163 4235 3471 4290 divinorum
3499 4234 3758 4288 dissertor

2177 4331 2502 4387 voluminum
2528 4346 2541 4382 :
2574 4331 2702 4384 dum
2733 4344 2829 4399 per
2853 4327 3135 4382 triennium
3167 4326 3514 4392 continuum,
3542 4323 3756 4382 cliarus,

2175 4431 2532 4493 acceptusque
2573 4421 2921 4491 popularibus
2967 4427 3314 4475 veneraretur
3355 4434 3368 4470 :
3415 4415 3760 4484 omniumque

2172 4513 2372 4584 judicio
2396 4514 2706 4583 pontiﬁcatu
2755 4512 2948 4582 dignus
2985 4512 3411 4566 decerneretur:
3457 4506 3762 4561 ordinatus-

2176 4622 2279 4676 que
2304 4621 2334 4661 a
2362 4606 2584 4677 praefato
2614 4607 2754 4675 Papa
2776 4605 3058 4676 presbyter
3085 4601 3406 4668 Cardinalis,
3437 4609 3494 4654 ut
3512 4599 3761 4668 superius

2177 4698 2428 4770 scriptum
2461 4706 2581 4764 est,
2611 4697 2798 4752 luisset
2827 4695 3078 4765 :quidam
3109 4710 3172 4749 ex
3203 4692 3544 4752 clericorum,
3567 4703 3760 4742 mona-

2177 4791 2504 4861 chorumque
2524 4789 2820 4852 ordinibus,
2849 4803 2944 4858 pro
2964 4787 3273 4857 petulantia,
3294 4781 3630 4853 ingluvieque
3644 4778 3760 4834 dis-

2176 4892 2453 4936 cursantes
2495 4880 2562 4934 ad
2601 4879 2939 4948 ell'ugandum
2967 4877 3037 4931 de
3068 4877 3198 4932 urbe
3222 4873 3468 4930 eumdem
3499 4871 3764 4940 Hierony-

2178 4986 2352 5037 mum,
2403 4970 2493 5040 qui
2540 4979 2887 5038 utrorumque
2931 4982 3116 5022 eorum
3167 4965 3407 5021 scribens
3453 4960 3622 5026 vitia,
3667 4973 3765 5015 eos

2177 5059 2614 5132 reprehenderat,
2644 5059 2864 5114 insidias
2888 5065 3234 5128 paraverunt.

2245 5169 2444 5227 Verum
2473 5171 2615 5226 enim
2659 5184 2788 5224 vero
2813 5167 2954 5222 hunc
2981 5182 3081 5238 ego
3112 5167 3320 5223 felicem
3347 5164 3575 5220 dixerim
3607 5181 3621 5217 :
3662 5163 3762 5217 hu-

2171 5263 2260 5334 jus
2283 5263 2420 5332 luga:
2449 5269 2698 5318 eventum
2715 5300 2732 5327 ,
2778 5260 3096 5328 corrigentis
3117 5258 3317 5313 Christi
3351 5256 3561 5327 judicio
3588 5256 3765 5326 potius

2175 5356 2535 5425 dispensatum
2559 5393 2574 5419 ,
2605 5367 2762 5422 quam
2801 5366 3084 5422 pravorum
3112 5349 3388 5404 hominum
3426 5346 3764 5416 persecutio-

2177 5449 2334 5503 nibus
2383 5456 2625 5516 paratum
2673 5443 2788 5500 fore
2836 5444 3114 5510 existimo,
3162 5442 3369 5496 scilicet
3420 5449 3478 5495 ut
3521 5438 3765 5494 Romana

2177 5540 2411 5598 Ecclesia
2459 5539 2603 5594 Petri
2651 5539 2890 5593 instituta
2937 5537 3233 5608 regimine,
3281 5533 3522 5588 omnium
3565 5530 3766 5588 veteris

2175 5629 2502 5688 Testamenti
2533 5629 2793 5684 librorum
2817 5627 3034 5684 Christo
3064 5627 3173 5682 Deo
3205 5625 3423 5681 volente
3445 5665 3462 5691 ,
3491 5633 3548 5681 et
3573 5623 3768 5679 Hiero-

2177 5736 2338 5794 nymo
2366 5720 2626 5790 spirituali
2651 5720 2831 5776 studio
2856 5719 3170 5784 desudante,
3203 5716 3521 5772 llebraicam
3548 5727 3765 5784 quoque

2182 5811 2401 5868 haberet
2421 5809 2719 5880 veritatem,
2751 5820 2806 5867 et
2829 5809 3136 5866 Graecorum
3161 5803 3520 5876 quorumdam
3549 5803 3763 5869 levitas,
