4052 6338
322 418 426 478 Ξῦὄ

323 550 441 608 qua:
465 533 568 590 sibi
591 549 621 588 a
651 533 761 589 Deo
787 545 974 590 omnes
1009 529 1300 601 scripturas
1325 529 1581 587 divinitus
1602 532 1888 602 inspiratas

320 628 587 698 accepisse
604 625 905 697 plaudebat,
924 638 1020 682 eos
1033 623 1254 693 habere,
1276 623 1421 695 quod
1443 624 1556 695 ipsa
1583 640 1688 680 non
1709 623 1890 692 habet,

317 726 679 788 recognoscat.

382 811 546 882 Igitur
595 810 987 882 Hieronymus,
1040 817 1100 864 ut
1148 807 1259 880 jam
1314 807 1514 864 dictum
1558 813 1669 874 est,
1721 805 1890 861 Roma

314 917 592 975 egressus,
641 903 710 958 ad
752 903 1026 959 Orientem
1065 901 1326 968 tendens,
1376 900 1648 971 prolectus
1695 907 1776 954 est
1820 897 1889 953 ad

313 995 626 1068 Gregorium
653 993 1068 1060 Nazianzenum,
1114 988 1713 1061 ConstantinOpolitante
1741 988 1890 1044 urbis

314 1089 630 1158 Episcopum
665 1103 678 1145 ;
707 1085 797 1141 ubi
837 1085 910 1141 ita
956 1083 1218 1156 proﬁcere
1245 1082 1468 1148 studuit,
1495 1089 1552 1136 ut
1582 1088 1887 1134 sanctarum

308 1180 702 1250 Scripturarum
746 1176 935 1232 studiis
963 1175 1265 1248 erudiretur
1300 1191 1315 1228 :
1354 1182 1406 1229 et
1433 1172 1651 1242 supplex
1679 1212 1694 1236 ,
1738 1169 1885 1224 doci-

309 1274 475 1343 lisque
521 1271 849 1340 discipulus,
897 1269 1029 1324 adiit
1075 1276 1458 1338 pratceptorem
1499 1281 1514 1319 :
1556 1277 1786 1333 eumque
1831 1260 1884 1316 in

307 1362 890 1433 Constantinopolitana
912 1360 1044 1415 urbe
1073 1358 1407 1414 observabat.
1432 1355 1544 1412 Hoc
1567 1352 1883 1423 discipulatu

309 1455 660 1524 Hieronymus
697 1460 946 1521 peracto,
973 1450 1026 1504 in
1053 1447 1261 1520 Syriam
1293 1446 1560 1516 perrexit;
1587 1453 1640 1499 et
1670 1442 1797 1497 dum
1829 1442 1880 1496 in

308 1543 643 1614 possessione
681 1542 892 1613 Evagrii
915 1540 1210 1612 presbyteri
1235 1545 1535 1593 moraretur
1554 1575 1568 1601 ,
1617 1533 1880 1588 Malchum

305 1633 621 1690 monachum
661 1631 947 1702 aliquando
985 1629 1251 1701 captivum
1293 1627 1492 1699 reperit
1524 1646 1537 1682 :
1567 1631 1882 1696 percuncta-

305 1735 490 1796 tusque
531 1740 685 1788 eum,
734 1737 946 1778 omnem
983 1721 1099 1790 ejus
1142 1719 1462 1790 captivitatis
1499 1715 1684 1772 didicit
1709 1715 1879 1770 histo-

304 1815 458 1882 riam,
485 1831 646 1886 quam
669 1821 856 1886 postea
878 1811 1062 1878 edidit,
1090 1811 1448 1882 scriptamque
1471 1807 1726 1863 Romanis
1753 1805 1882 1862 lide-

303 1908 434 1964 libus
463 1908 608 1964 misit
635 1925 648 1961 :
675 1906 792 1962 lucc
817 1907 872 1961 in
899 1905 1052 1961 istius
1082 1904 1319 1960 hiswrizc
1352 1903 1595 1958 inserens
1618 1900 1874 1973 prologo:

304 2001 547 2066 Scribere,
581 2002 786 2072 inquit,
816 1999 1063 2072 disposui,
1105 1999 1150 2053 si
1187 2006 1354 2052 tamen
1380 1995 1518 2050 Deus
1547 1995 1699 2050 vitam
1727 1993 1878 2048 dede-

303 2095 364 2147 rit
398 2109 413 2146 :
462 2105 512 2149 et
553 2095 596 2148 si
633 2094 995 2162 vituperatores
1035 2089 1134 2145 mei
1178 2089 1357 2144 saltem
1382 2087 1658 2158 fugientem
1692 2099 1804 2151 me,
1830 2082 1877 2138 et

296 2184 524 2240 clausum
554 2185 781 2255 persequi
803 2183 1060 2238 desierint.

365 2279 444 2334 Ad
473 2279 686 2334 deserta
724 2275 920 2333 deinde
945 2275 1060 2330 loca
1079 2315 1096 2341 ,
1121 2273 1188 2329 ad
1217 2287 1336 2344 quae
1355 2271 1483 2327 olim
1517 2270 1587 2325 ob
1615 2267 1876 2339 agendam

295 2369 420 2426 inibi
451 2369 822 2441 paenitentiam
868 2379 1157 2436 properare
1186 2362 1470 2432 cupiebat,
1500 2361 1570 2416 ita
1603 2360 1756 2414 laetus
1784 2372 1876 2413 ac-

290 2460 602 2529 cinctusque
662 2457 916 2518 accessit,
946 2463 1005 2510 ut
1049 2455 1259 2508 volasse
1309 2466 1431 2507 eum
1486 2449 1688 2520 magis,
1715 2461 1874 2519 quam

287 2564 501 2606 measse
540 2547 811 2604 crederes.
841 2543 1122 2614 Quomodo
1163 2559 1291 2598 vero
1331 2557 1428 2614 per
1464 2538 1874 2611 quadriennium

282 2641 542 2696 continue
609 2636 805 2694 Christi
858 2635 1036 2708 potius
1086 2633 1290 2688 auxilio
1342 2629 1689 2704 paenituerit;
1733 2629 1872 2684 idem

282 2730 646 2800 Hieronymus
675 2769 691 2794 ,
743 2743 864 2798 qua:
932 2734 1122 2796 sponte
1193 2721 1462 2794 pertulerit
1535 2719 1699 2789 ipsius
1779 2718 1871 2774 Dei

283 2822 508 2893 gratiam
549 2819 799 2885 alluisse,
829 2817 1132 2888 hujusmodi
1178 2816 1354 2871 verbis
1404 2813 1698 2869 indicavit:
1733 2811 1873 2879 Quo-

285 2913 370 2966 ties
404 2913 459 2967 in
500 2927 667 2966 eremo
708 2911 1006 2964 constitutus
1052 2908 1104 2961 in
1146 2906 1237 2961 illa
1275 2913 1414 2959 vasta
1434 2903 1734 2969 solitudine,
1757 2918 1871 2974 qua

285 3015 457 3060 exusta
482 3005 606 3060 solis
635 3002 900 3057 ardoribus
914 2999 1174 3056 horridunt
1202 2997 1462 3053 monachis
1486 2996 1755 3068 prwstabat
1775 2995 1870 3049 ha-

283 3097 584 3152 bitaculum:
609 3094 780 3167 putavi
807 3110 902 3158 me,
921 3091 1110 3162 inquit,
1132 3090 1375 3145 Romanis
1396 3089 1631 3144 interesse
1653 3087 1861 3144 deliciis.

285 3187 530 3243 Sedebam
578 3188 719 3241 solus
738 3228 752 3254 ,
783 3185 902 3257 quia
925 3184 1264 3239 amaritudine
1290 3183 1510 3252 repletus
1537 3197 1676 3236 eram
1695 3197 1715 3238 :
1747 3181 1866 3235 hor-

281 3280 451 3334 rebant
490 3295 639 3336 sacco
663 3279 886 3334 membra
919 3277 1167 3350 deformia
1187 3319 1200 3338 ,
1231 3286 1279 3332 et
1305 3275 1540 3349 squalida
1564 3277 1691 3330 cutis
1713 3277 1865 3331 situm

284 3370 593 3444 ﬁtltiopicat
615 3372 785 3427 carnis
813 3370 1090 3426 obduxerat
1122 3387 1141 3426 :
1165 3369 1387 3440 quotidie
1411 3369 1666 3440 lacrynuc,
1694 3370 1863 3442 quoti-

280 3466 359 3522 die
381 3467 594 3538 gemitus
623 3480 643 3522 :
667 3474 714 3520 et
741 3464 785 3520 si
819 3464 1022 3536 quando
1049 3473 1409 3534 repugnantem
1452 3479 1658 3517 somnus
1690 3461 1860 3516 intuti-

281 3573 398 3612 nens
427 3556 752 3628 oppressisset
776 3598 792 3623 ,
823 3558 962 3610 nuda
1007 3556 1159 3610 humo
1202 3556 1283 3610 via:
1336 3570 1450 3610 ossa
1485 3555 1726 3610 haerentia
1751 3554 1859 3610 col-

281 3649 511 3705 lidebam.
543 3649 621 3704 De
659 3649 783 3704 cibis
821 3663 936 3703 vero
975 3655 1023 3701 et
1065 3656 1187 3717 potu
1231 3657 1406 3702 taceo:
1433 3662 1548 3700 cum
1575 3646 1724 3700 etiam
1747 3645 1862 3700 lan-

279 3751 474 3812 guentes
497 3741 729 3795 monachi
755 3757 888 3811 aqua
912 3739 1100 3811 frigida
1125 3747 1368 3796 utantur:
1390 3747 1434 3792 et
1450 3747 1644 3792 coctum
1668 3738 1862 3809 aliquid

279 3833 521 3902 accepisse
545 3873 561 3897 ,
589 3833 794 3887 luxuria
819 3831 902 3886 sit.
934 3829 1034 3886 Ille
1083 3829 1238 3900 igitur
1285 3845 1374 3901 ego
1404 3829 1490 3899 qui
1525 3828 1586 3883 ob
1621 3828 1862 3900 gehennat

281 3932 460 3976 metum
487 3923 574 3977 tali
596 3939 675 3977 me
686 3939 857 3976 carere
880 3922 989 3992 ipse
1008 3922 1384 3986 damnaveram,
1409 3921 1858 3989 scorpionttmtan-

278 4023 382 4066 tum
402 4014 561 4067 socius
576 4023 622 4067 et
637 4016 886 4086 ferarum,
911 4027 1045 4082 stupe
1057 4011 1225 4065 choris
1242 4011 1507 4064 intereram
1531 4010 1813 4080 puellarum
1835 4026 1856 4067 :

275 4107 524 4175 pallebant
565 4124 656 4162 ora
686 4107 920 4178 jejuniis,
948 4116 994 4161 et
1024 4122 1162 4161 mens
1183 4105 1446 4160 desideriis
1474 4105 1739 4161 wstuabat.
1786 4104 1857 4162 In

275 4196 456 4267 frigido
482 4213 694 4268 corpore
716 4209 765 4252 et
789 4207 905 4251 ante
930 4197 1182 4251 hominem
1207 4213 1352 4252 suum
1383 4197 1501 4269 jam
1544 4213 1697 4253 carne
1724 4213 1856 4268 prcc-

274 4299 484 4354 mortua,
514 4291 625 4344 sola
647 4291 910 4346 libidinum
935 4291 1166 4346 incendia
1191 4291 1482 4346 bulliebant.
1509 4291 1691 4364 Itaque
1718 4295 1853 4349 omni

271 4381 455 4436 auxilio
479 4383 767 4448 destitutus,
794 4383 862 4436 ad
880 4380 1005 4437 Iesu
1031 4381 1266 4451 jacebam
1296 4382 1445 4453 pedes
1470 4400 1490 4439 :
1520 4383 1747 4456 rigabant
1775 4383 1853 4440 la-

271 4475 449 4547 crymis
472 4491 492 4529 :
511 4476 652 4530 crine
693 4475 942 4546 tergebam
971 4493 990 4531 :
1015 4484 1062 4530 et
1105 4485 1466 4547 repugnantem
1509 4493 1733 4542 carnem.
1764 4479 1852 4535 he-

269 4566 630 4622 bdomadarum
657 4567 827 4622 inedia
852 4569 1206 4640 subjugabam.
1223 4567 1346 4622 Non
1373 4569 1656 4640 depudesco
1683 4571 1854 4643 infelio

266 4658 425 4713 citatis
459 4675 604 4726 mete,
636 4659 756 4730 quin
792 4660 962 4728 potius.
985 4659 1172 4731 plango
1203 4677 1304 4715 non
1333 4677 1441 4716 esse
1482 4662 1619 4732 quod
1641 4662 1847 4730 fuerint.

269 4747 473 4804 Memini
521 4767 601 4806 me
639 4750 938 4805 clamantent
967 4751 1098 4806 diem
1136 4751 1307 4807 crebro
1325 4752 1563 4823 junxisse
1599 4771 1714 4809 cum
1755 4773 1849 4812 no-

265 4850 338 4896 etc
366 4857 385 4898 :
413 4859 505 4898 nec
541 4844 682 4915 prius
725 4859 758 4897 a
795 4844 1010 4914 pectoris
1054 4861 1273 4900 cessasse
1323 4847 1604 4902 verberibus
1627 4889 1643 4914 ,
1674 4864 1845 4918 quant,

264 4933 478 4990 Domino
504 4937 818 5006 increpante,
847 4937 1034 4993 rediret
1060 4939 1416 5009 tranquillitas.
1449 4937 1626 5010 Ipsam
1653 4957 1848 5012 quoque

263 5026 494 5082 cellulam
545 5043 708 5081 meam
731 5068 747 5094 ,
783 5027 928 5099 quasi
965 5030 1328 5101 cogitationum
1347 5047 1571 5086 mearum
1594 5032 1845 5086 consciam

263 5117 686 5184 pertimescebam,
717 5129 764 5174 et
791 5119 1015 5174 mihimet
1056 5121 1218 5176 iratus
1260 5132 1306 5176 et
1354 5122 1566 5194 rigidus,
1591 5123 1729 5178 solus
1753 5127 1845 5179 de-

261 5219 388 5264 serta
415 5209 762 5282 penetrabant.
787 5210 964 5266 Sicubi
989 5228 1208 5268 concava
1233 5214 1473 5281 vallium,
1501 5232 1682 5287 aspera
1703 5233 1845 5272 mon-

263 5301 399 5368 tium,
422 5301 501 5357 vel
526 5303 734 5373 rupittm
760 5314 1018 5375 praarupta
1041 5294 1299 5360 cernebam
1319 5347 1334 5373 ,
1357 5308 1426 5362 ibi
1451 5325 1573 5363 mea:
1600 5310 1844 5365 orationis

262 5390 412 5460 locus,
447 5393 582 5449 illud
608 5394 900 5449 miserrima:
922 5396 1089 5450 carnis
1111 5397 1422 5467 ergastulum
1454 5414 1473 5453 :
1501 5407 1555 5455 et
1584 5398 1604 5470 (
1629 5408 1685 5455 ut
1712 5401 1841 5456 mihi

261 5481 368 5554 ipse
388 5485 546 5542 testis
571 5494 658 5540 est
683 5485 980 5559 Dominus)
1015 5498 1134 5559 post
1172 5489 1368 5544 multas
1401 5489 1666 5563 lacrymas
1686 5533 1700 5558 ,
1723 5501 1842 5562 post

260 5579 391 5633 cmlo
416 5579 606 5635 oculos
634 5577 959 5635 inhaerentes
981 5622 996 5647 ,
1029 5595 1406 5653 nonnunquam
1452 5585 1671 5641 videbar
1711 5588 1841 5643 mihi

262 5668 516 5728 interesse
537 5670 841 5741 agminibus
865 5671 1214 5742 angelorum;
1243 5683 1298 5729 et
1320 5675 1474 5732 laetus
1498 5676 1843 5750 gaudensque

259 5765 533 5821 cantabant
561 5781 575 5819 :
607 5762 728 5820 l’ost
755 5773 802 5820 te
828 5764 880 5821 in
904 5763 1106 5820 odorem
1123 5775 1490 5836 unguentorum
1504 5779 1702 5826 tuorum
1728 5787 1841 5824 cur-

261 5868 434 5911 remus.

1569 415 1626 473 8.
1671 415 2048 475 HIERONYMI
2088 419 2242 476 VITA
2255 460 2268 474 .

3476 432 3585 489 ξοδ

2073 533 2437 601 Quadriennio
2463 534 2643 608 itaque
2664 538 2921 596 dedicata:
2947 543 3272 612 pmnitentia!
3287 555 3496 613 exacto,
3516 546 3583 602 ad

1998 621 2274 681 Bethleem
2321 624 2576 697 oppidum
2606 627 2747 683 idem
2775 629 3131 704 Hieronymus
3169 635 3466 692 remeavit:
3495 635 3584 692 ubi

1996 715 2146 784 quasi
2165 715 2399 784 prudens
2424 717 2622 772 animal
2647 717 2716 774 ad
2740 732 2984 792 praesepe
3011 723 3219 779 Domini
3244 740 3366 782 sese
3392 737 3584 782 contu-

1995 803 2076 871 iit,
2107 805 2248 876 quod
2270 806 2337 861 ab
2361 807 2711 880 Jerosolymis
2735 824 2832 865 sex
2859 811 3096 869 millibus
3115 824 3395 885 separatur
3410 857 3425 881 ,
3447 831 3583 873 con-

1997 905 2076 950 tra
2125 897 2473 953 meridianam
2522 900 2781 971 plagam:
2827 902 3193 975 accedensque
3239 906 3307 962 ad
3336 907 3580 978 ejusdem

1995 987 2141 1041 urbis
2168 989 2472 1058 pontiﬁcem
2501 990 2755 1061 Cyrillum
2786 993 3023 1061 nomine,
3047 994 3200 1066 petiit
3223 1006 3280 1051 ut
3307 999 3577 1067 partecite,

1992 1091 2112 1147 qua:
2141 1078 2418 1136 Bethleem
2446 1080 2619 1137 luerat
2655 1083 2778 1148 sita,
2808 1083 2985 1140 locum
3028 1085 3130 1142 sibi
3179 1085 3452 1144 habitandi
3480 1090 3577 1145 tris

1992 1167 2199 1224 bueret.
2229 1167 2324 1224 Cui
2363 1172 2612 1227 nimirum
2642 1173 2717 1244 (α)
2744 1190 2869 1230 mox
2894 1175 3036 1246 quod
3080 1176 3370 1236 devotione
3409 1194 3578 1250 popo—

1990 1259 2111 1325 scit,
2141 1259 2302 1332 digne
2325 1265 2613 1320 concessit.
2648 1265 2802 1337 Digni
2836 1268 3032 1324 etenim
3063 1268 3386 1339 habitaculi,
3415 1271 3578 1328 Beth-

1991 1349 2148 1415 leem,
2178 1352 2550 1422 adjuvantibus
2580 1355 2713 1412 vicis
2736 1356 2926 1414 vicinis
2950 1359 3248 1429 catholicis,
3278 1365 3578 1420 construxit

1989 1443 2391 1499 monasterium.
2448 1443 2505 1500 in
2550 1461 2657 1516 quo
2703 1456 2899 1505 statuta
2949 1449 3017 1506 ab
3067 1450 3341 1522 Apostolis
3391 1455 3576 1525 regula

1987 1529 2185 1601 degens
2211 1535 2373 1605 coepit
2390 1577 2403 1602 ,
2431 1537 2572 1608 quod
2598 1537 2724 1594 olim
2760 1540 2987 1596 multum
3014 1543 3254 1614 cupierat
3274 1585 3290 1614 ,
3313 1559 3436 1601 cum
3463 1545 3574 1602 fra-

1988 1623 2158 1680 tribus
2185 1625 2534 1697 habitare,et
2577 1645 2697 1687 cum
2738 1633 2970 1690 Eusebio
3009 1635 3360 1694 Cremonensi
3406 1637 3574 1695 nobili

1985 1713 2122 1780 viro,
2151 1715 2303 1786 cujus
2332 1719 2684 1787 postulatione
2708 1737 2775 1778 ex
2799 1722 2988 1780 Graeco
3009 1739 3258 1784 sermone
3285 1727 3571 1800 quamdam

1985 1801 2278 1874 Epistolam
2308 1810 2577 1864 transtulit
2602 1811 2654 1866 in
2684 1811 2952 1869 Latinum.

2055 1895 2111 1951 ln
2136 1912 2242 1968 quo
2263 1915 2390 1955 vere
2416 1900 2713 1969 sciendum,
2739 1902 2877 1961 hanc
2903 1907 3215 1963 matutinam
3238 1908 3569 1980 psalmodite,
3631 1983 3638 1986 _

1981 2003 2100 2060 quae
2129 2004 2271 2045 nunc
2294 1990 2634 2059 observatur,
2661 1995 2712 2051 in
2729 1996 2964 2054 occiduis
2990 2000 3220 2058 maxime
3238 2001 3566 2074 regionibus,

1980 2080 2291 2136 canonicam
2321 2081 2397 2154 (ὁ)
2423 2082 2747 2143 iunctionem
2774 2092 3102 2146 monasterio
3131 2091 3374 2162 primitus
3409 2077 3567 2156 insti-

1981 2179 2172 2238 tutam,
2191 2172 2281 2226 ubi
2312 2173 2599 2242 praedictus
2627 2178 2710 2232 vir
2732 2180 2935 2235 otiosus
2951 2195 3056 2236 non
3084 2181 3248 2239 fuisse
3269 2184 3568 2243 credendus

1979 2269 2066 2317 est
2097 2277 2110 2314 :
2138 2262 2228 2332 qui
2255 2271 2459 2318 tantum
2485 2265 2639 2320 nobis
2659 2267 2714 2321 in
2742 2269 3089 2326 translatione
3113 2271 3306 2329 divinae
3329 2273 3569 2346 Scriptu-

1980 2365 2056 2406 ra:
2102 2353 2384 2420 prmstitit,
2431 2363 2489 2409 ut
2528 2354 2596 2410 ad
2639 2355 2984 2416 Hebrmorum
3024 2360 3223 2419 fontem
3277 2379 3413 2436 pene
3458 2382 3567 2424 non

1979 2457 2230 2514 egeamus
2255 2444 2510 2501 accedere
2541 2463 2554 2500 :
2586 2449 2838 2518 quoniam
2860 2464 2959 2506 nos
2983 2451 3246 2510 facundia
3269 2469 3380 2510 suae
3401 2458 3566 2514 multa

1977 2535 2318 2606 cognoscitur
2344 2535 2586 2594 ubertate
2616 2538 2842 2596 satiasse
2861 2541 3105 2610 plurimis
3131 2542 3304 2613 libris,
3332 2547 3565 2616 copiosis

1978 2626 2229 2698 Epistolis
2253 2627 2379 2684 fecit
2403 2644 2523 2686 esse
2551 2630 2736 2687 beatos
2756 2672 2772 2701 ,
2799 2632 2991 2704 quibus
3034 2635 3302 2705 scribere,
3335 2638 3566 2696 Domino

1975 2728 2262 2788 praestante
2286 2719 2532 2792 dignatus
2551 2731 2655 2778 est.

2045 2809 2188 2867 Inter
2217 2822 2410 2869 caetera
2441 2814 2682 2886 profecto
2702 2816 2998 2876 studiorum
3030 2837 3248 2879 suorum
3272 2829 3560 2896 cpnscula,

1971 2916 2001 2956 a
2025 2901 2182 2958 beato
2203 2901 2362 2958 Petro
2381 2919 2598 2961 sumens
2613 2907 2911 2976 exordium,
2933 2925 3101 2983 usque
3117 2915 3183 2968 ad
3213 2917 3558 2988 semetipsum

1971 2991 2039 3048 de
2069 2991 2211 3048 Viris
2237 2993 2536 3052 illustribus
2577 2997 2793 3069 scripsit
2822 3017 2837 3054 :
2875 3001 3114 3059 imitatus
3145 3003 3512 3076 Tranquillum
3540 3050 3560 3077 ,

1969 3082 2324 3155 Grmcumque
2381 3086 2709 3157 Apollinium
2756 3107 2770 3146 :
2812 3089 2902 3150 ubi
2967 3093 3037 3149 de
3099 3109 3160 3150 se
3217 3096 3289 3150 ita
3349 3099 3558 3154 refert:

1971 3173 2097 3230 Post
2129 3176 2415 3247 catalogum
2444 3179 2779 3247 plurimorum
2797 3222 2812 3246 ,
2841 3197 2922 3236 me
2942 3197 3139 3253 quoque
3163 3185 3216 3238 in
3244 3187 3382 3241 calce
3418 3188 3562 3243 volit-

1968 3265 2119 3320 minis
2143 3267 2288 3338 quasi
2313 3267 2594 3323 abortivum
2632 3279 2676 3324 et
2698 3271 2962 3327 minimum
2986 3275 3214 3329 onmium
3243 3275 3560 3334 Christiano-

1967 3374 2079 3412 rum
2093 3360 2242 3430 posui
2262 3374 2282 3414 :
2302 3375 2400 3429 quo
2425 3361 2549 3415 mihi
2582 3377 2778 3418 necesse
2797 3363 2895 3434 fuit
2916 3381 3072 3434 usque
3091 3367 3406 3438 adquartum
3423 3369 3556 3426 deci-

1966 3468 2102 3506 mum
2113 3468 2303 3506 annum
2315 3451 2590 3510 Theodosii
2599 3455 2861 3527 principis,
2875 3473 2990 3526 qua:
3004 3461 3333 3530 scripserim,
3352 3463 3561 3518 breviter

1965 3553 2228 3598 annolare.
2243 3543 2540 3600 lnnnmeris
2562 3556 2819 3616 przcterea
2839 3547 2938 3604 iste
2963 3549 3134 3619 libris,
3154 3553 3556 3624 Apostolorum,

1965 3631 2458 3706 Prophetarumque
2485 3639 2973 3696 constructionibus
3018 3642 3196 3707 editis,
3225 3645 3556 3701 immobilem

1963 3724 2250 3782 Catholicae
2279 3727 2466 3782 turrim
2507 3725 2784 3796 Ecclesiae,
2821 3743 3006 3786 contra
3031 3733 3358 3804 perﬁdorum
3380 3735 3556 3805 jacula

1962 3819 2374 3874 consummavit.
2412 3818 2613 3874 Omnes
2640 3819 2852 3878 Veteris
2894 3822 3225 3882 Testamenti
3259 3827 3454 3892 libros.
3488 3843 3555 3884 ex

1961 3907 2310 3965 Hebraeorum
2336 3909 2613 3965 codicibus
2635 3950 2650 3977 ,
2679 3911 2732 3966 in
2759 3912 3003 3969 Latinum
3041 3918 3326 3972 convertit.
3365 3917 3556 3974 Danie-

1961 4003 2067 4058 lem
2097 4013 2308 4070 quoque
2337 3997 2682 4069 Pr0phetam,
2709 4000 2999 4058 Cbaldaico
3023 4005 3164 4076 slylo
3193 4007 3550 4076 prolocutum,

1965 4099 2020 4147 et
2042 4087 2145 4147 Job
2161 4090 2361 4162 justum
2386 4090 2636 4158 Arabico,
2669 4091 2720 4146 in
2754 4092 3048 4150 Romanam
3077 4095 3310 4167 linguam
3343 4109 3552 4155 utrum-

1961 4197 2067 4251 que
2133 4188 2407 4238 auctorem
2462 4180 2696 4254 perlecta
2743 4184 3200 4260 linterpretatione
3250 4189 3326 4265 (ο)
3372 4200 3554 4248 muta-

1961 4277 2053 4333 vit.

2030 4368 2335 4425 Mattbazum
2377 4371 2727 4428 nihilominus
2771 4387 2837 4430 ex
2866 4372 3092 4431 ltebrch
3121 4374 3247 4431 fecit
3285 4389 3404 4433 esse
3427 4377 3550 4436 Ro-

1963 4475 2176 4515 manum
2211 4477 2224 4514 :
2256 4462 2548 4533 Epistolam
2599 4463 2815 4534 quidem
2857 4478 3008 4519 suam
3055 4464 3122 4519 ad
3167 4465 3447 4523 Paulinum
3483 4483 3550 4526 ex

1959 4561 2208 4608 senatore
2250 4552 2624 4625 presbyterum
2671 4552 2950 4608 miriﬁcam
2982 4549 3268 4612 destinavit
3299 4574 3312 4610 :
3343 4557 3550 4617 docens

1957 4645 2406 4717 quemadmodum
2439 4645 2744 4715 Scripturas
2767 4645 2976 4703 divinas
3002 4647 3239 4704 adhibita
3273 4665 3401 4706 cura
3427 4650 3550 4723 per-

1961 4737 2160 4808 legeret
2193 4754 2207 4792 :
2235 4737 2326 4792 ubi
2367 4735 2606 4792 breviter
2645 4737 2901 4793 virtutem
2941 4739 3355 4812 uniuscujusque
3401 4743 3546 4812 libri,

1956 4830 2150 4885 veteris
2167 4836 2222 4884 et
2250 4829 2372 4883 novi
2399 4828 2724 4884 Testameuti
2770 4830 3085 4888 mirabiliter
3119 4833 3370 4892 indicavit
3399 4854 3413 4892 :
3442 4839 3547 4894 mi-
3589 4861 3591 4863 ί

1955 4919 2197 4974 rabiliter
2218 4918 2424 4988 planus,
2455 4917 2681 4976 honeste
2700 4919 2910 4984 doctus,
2930 4937 2993 4977 ac
3031 4923 3223 4992 dulcis,
3252 4936 3434 4997 parata
3456 4942 3548 4984 co-

1955 5012 2038 5082 pia
2071 5024 2377 5066 sermonum
2405 5009 2897 5082 ad‘qnamcumque
2938 5022 3145 5084 partem
3194 5017 3352 5074 vertit
3393 5019 3546 5091 inge-

1956 5103 2101 5157 niutn
2127 5118 2140 5154 :
2169 5110 2228 5157 ut
2248 5101 2618 5173 undecumque
2661 5103 3021 5177 interrogatus
3048 5107 3266 5178 luisset,
3299 5125 3542 5182 paratum

1953 5197 2172 5254 haberet
2189 5204 2245 5252 et
2263 5205 2575 5268 competens
2591 5197 2708 5253 sine
2732 5198 2911 5270 aliqua
2935 5199 3191 5260 dilatione
3203 5219 3538 5276 responsum.

1952 5288 2108 5346 Modo
2137 5289 2423 5347 humilibus
2441 5291 2672 5346 suaviter
2699 5291 2992 5364 blanditur,
3015 5296 3174 5352 modo
3191 5299 3541 5370 superborum

2029 5443 2295 5517 (alnCodex
2342 5445 2580 5517 Reginae,
2609 5465 2632 5494 α
2654 5448 2882 5517 nimirum
2904 5451 3251 5517 quoddevote
3283 5456 3494 5517 peposcit
3532 5470 3545 5504 :

1953 5515 2054 5556 tum
2075 5509 2226 5567 digne
2251 5510 2436 5558 ctenim
2459 5509 2734 5566 habitando,
2773 5509 3059 5562 concessum
3100 5523 3178 5565 est
3201 5509 3444 5566 habitandi
3489 5517 3544 5567 li-

1948 5569 2413 5634 centiagtcthleem,
2438 5569 2814 5634 adventantibus
2835 5574 2956 5634 vicis
2977 5575 3162 5634 vicinis,
3186 5593 3209 5620 ι
3235 5583 3330 5625 etc.

2026 5631 2092 5695 (ὑ)
2132 5630 2269 5680 Idem
2311 5630 2400 5680 bis.
2445 5632 2678 5699 canonica
2715 5631 3024 5699 instructioue
3051 5647 3069 5683 :
3115 5630 3167 5699 et
3204 5636 3346 5697 paulo
3386 5645 3535 5699 post,

1957 5711 1979 5738 ι
2002 5693 2097 5741 non
2123 5704 2356 5758 egeamus
2376 5693 2632 5752 accedere,
2651 5696 2844 5756 quando
2867 5708 2955 5742 nos
2978 5693 3228 5755 facundizr',
3253 5707 3362 5758 qttte
3384 5693 3537 5750 inulta

1948 5755 2197 5812 cognoscit
2242 5755 2512 5804 ubertate.»

2034 5815 2080 5875 cl
2127 5815 2179 5863 In
2205 5815 2380 5879 eodem
2417 5816 2712 5879 monstravit.
2757 5815 2893 5879 Post
2912 5814 3094 5879 aliquot
3127 5828 3318 5879 versus,
3349 5837 3372 5867 ι
3395 5823 3536 5874 initae

1952 5874 2116 5927 billter
2140 5877 2366 5939 Ostendit,
2390 5875 2673 5928 mirabiliter
2697 5877 2936 5938 indicavit,
2961 5874 3153 5942 planus,
3175 5894 3199 5928 ι
3241 5874 3343 5933 etc.
