4052 6338
500 376 606 434 207

492 491 632 548 colla
659 489 774 565 (al.
805 485 1093 561 confregit)
1121 488 1407 562 confringit
1439 505 1454 543 :
1483 487 1644 545 modo
1672 487 2076 557 derogatoribus

491 586 604 641 suis
628 584 798 638 vicem
828 582 1131 641 necessaria
1174 581 1524 640 mordaeitate
1564 582 1885 648 restituens,
1916 579 2076 635 modo

458 736 465 737 γ
494 674 847 746 virginitatem
887 673 1182 744 [medicans
1202 715 1218 740 ,
1249 673 1410 729 modo
1452 673 1788 729 matrimonia
1820 672 1895 745 (α)
1926 680 2073 726 casta

458 824 464 831 ,
490 767 803 835 defendens,
832 768 994 824 modo
1023 768 1277 824 virtutum
1299 769 1587 823 certamina
1614 769 1844 839 gloriosa
1868 765 2073 821 collau-

458 858 642 927 .dans,
666 859 826 916 modo
873 861 1055 931 lapsus
1096 860 1148 916 in
1198 859 1440 927 clericis,
1471 858 1759 915 monachos
1800 855 2073 926 pravitatis

487 965 766 1007 accusans.
1036 1000 1037 1003 η

460 1098 467 1104 ,
556 1041 663 1096 Sed
694 1050 870 1096 tamen
909 1041 1230 1113 ubicumque
1275 1041 1425 1097 locus
1459 1055 1519 1096 se
1562 1037 2072 1109 attulit,gentilium

485 1135 731 1205 exempla
758 1133 1066 1193 dulcissima
1093 1135 1316 1190 veritate
1337 1133 1665 1204 permiscuit.
1691 1130 1798 1188 Sed
1824 1145 1929 1185 non
1957 1136 2073 1185 erat

485 1227 591 1280 hoc
621 1238 735 1279 sum
778 1224 1107 1291 voluntatis,
1130 1224 1225 1279 sed
1256 1223 1276 1295 (
1294 1231 1353 1278 ut
1393 1224 1463 1278 ita
1498 1221 1712 1295 dicam)
1742 1218 2072 1291 gravissima:

484 1316 860 1374 necessitatis:
892 1325 951 1371 ut
988 1317 1240 1386 probaret
1265 1331 1328 1372 ea
1353 1330 1473 1386 quae
1497 1330 1528 1370 a
1567 1314 1765 1369 sanctis
1796 1311 2071 1383 prophetis

481 1417 633 1465 ante.
660 1409 857 1468 saecula
902 1410 1158 1482 praedicta
1208 1419 1371 1475 sunt,
1404 1418 1509 1463 tam
1558 1407 1864 1463 Graecorum
1910 1418 2068 1474 quam

481 1499 818 1564 Latinorum.
842 1510 897 1557 et
919 1502 1140 1557 aliarum
1166 1501 1402 1572 gentium
1424 1499 1615 1555 litteris
1634 1496 1925 1553 contineri:
1946 1510 2071 1550 vere

481 1599 654 1647 totum
684 1592 979 1663 explicans,
1007 1599 1175 1647 totum
1216 1602 1483 1645 exornans
1502 1628 1517 1656 ,
1540 1598 1594 1643 et
1617 1602 1715 1659 per
1756 1587 1965 1642 diversa
1996 1582 2068 1654 (ιν)

481 1683 860 1754 disputationis
882 1698 1101 1755 genera,
1129 1682 1363 1738 disertus
1386 1694 1601 1751 semper
1640 1689 1695 1736 et
1723 1677 1944 1748 aequalis
1984 1677 2067 1732 in-

480 1774 701 1830 cedens.
724 1774 891 1829 Tanta
930 1788 1161 1844 namque
1197 1772 1472 1843 utriusque
1510 1771 1703 1841 lingua:
1737 1768 1926 1840 peritia
1954 1768 2070 1823 fune

479 1864 727 1937 gebatur,
757 1874 818 1921 ut
856 1879 1221 1936 quoscumque
1263 1863 1431 1918 libros
1468 1861 1708 1919 Eolicos
1732 1861 1785 1915 in
1824 1858 2071 1914 manibus

481 1957 774 2029 acciperet,
801 1957 991 2012 Latine
1035 1956 1152 2011 sine
1185 1953 1485 2011 otl‘ensione
1531 1950 2070 2009 transcurreret:ite-

464 2063 709 2120 rumque
730 2048 950 2105 Latinos
974 2049 1137 2104 attice
1162 2061 1412 2104 sermone
1434 2046 1717 2116 relegeret,
1740 2054 1796 2100 ut
1822 2042 2070 2099 crederes

476 2136 571 2194 hic
598 2152 721 2194 esse
766 2140 1025 2209 scriptum
1056 2180 1071 2206 ,
1094 2138 1237 2210 quod
1269 2153 1330 2195 os
1356 2138 1473 2208 ejus
1497 2135 1757 2193 inollcnsa
1787 2133 2070 2191 velocitate

478 2226 758 2285 fundebat.
1260 2242 1270 2250 ‘

547 2317 692 2377 Vere
716 2318 945 2376 dixerim
983 2318 1314 2375 Catholicam
1360 2318 1516 2373 istius
1572 2316 1802 2372 hominis
1836 2314 1909 2385 (ε)
1940 2329 2068 2384 ρτιιο

464 2409 741 2477 .dentiam,
760 2424 1051 2480 sanamque
1075 2409 1394 2475 doctrinam,
1423 2422 1759 2477 quocumque
1786 2417 2072 2461 conversa-

477 2511 566 2557 tus
593 2500 784 2558 fuisset
803 2501 944 2564 loco.
975 2500 1184 2556 stabilis
1210 2499 1444 2569 perstitit
1479 2499 1603 2554 fidei
1633 2499 1903 2553 firmitate.
1934 2495 2068 2551 Nam

464 2591 780 2659 ,certissime
822 2591 1138 2662 ignorantiae
1191 2590 1509 2661 invidiaeque
1548 2590 1735 2645 morbo
1756 2589 2068 2658 languentes

477 2680 770 2750 desipiunt,
797 2681 886 2751 qui
905 2695 1029 2736 eum
1059 2679 1304 2736 deviasse
1332 2695 1361 2733 a
1383 2679 1671 2734 Catholicae
1706 2678 1980 2742 Ecclesiae,
2013 2675 2067 2731 id

476 2779 581 2837 est,
613 2771 754 2827 beati
775 2770 917 2827 Petri
937 2770 1060 2835 fide,
1091 2771 1176 2825 vel
1205 2769 1513 2824 luereticum
1541 2767 1703 2824 fuisse
1717 2768 2062 2824 arbitrantur:

474 2860 619 2932 quod
642 2861 935 2919 Eustochio
956 2861 1289 2917 mandaverit
1317 2880 1331 2915 :
1358 2860 1520 2926 Cave,
1540 2874 1743 2933 quasso,
1760 2874 1829 2914 ne
1852 2858 2067 2930 quando

474 2966 532 3011 et
556 2954 627 3011 de
652 2964 706 3012 te
725 2956 867 3013 dicat
894 2955 1038 3012 Deus
1067 2973 1082 3010 :
1126 2954 1278 3028 Virgo
1302 2954 1469 3013 Israel
1488 2955 1665 3009 cecidit
1700 2970 1719 3009 :
1746 2970 1849 3008 non
1881 2962 1953 3008 est
1979 2953 2066 3024 qui

466 3034 678 3102 suscitet
695 3062 826 3102 eam.
851 3046 952 3102 Ubi
973 3046 1041 3103 ad
1063 3046 1342 3105 terrendos
1357 3044 1591 3101 lubricos
1608 3054 1767 3115 atque
1795 3046 2061 3113 incautos,

472 3139 597 3210 quia
628 3139 771 3196 Deus
792 3137 970 3210 justus
997 3140 1068 3195 sit
1100 3138 1302 3209 iudex:
1331 3138 1569 3194 subdens
1590 3138 1712 3206 ista,
1741 3137 1940 3193 dixerit
1962 3136 2064 3192 do-

464 3239 613 3296 ctor,
642 3229 918 3285 Audenter
942 3229 1152 3302 loquor,
1180 3243 1302 3285 cum
1342 3229 1523 3285 omnia
1562 3229 1730 3299 possit
1758 3228 1897 3284 Deus
1928 3245 1941 3280 :
1972 3241 2063 3283 su-

470 3321 670 3378 scitare
695 3322 955 3394 virginem
985 3337 1092 3377 non
1128 3330 1307 3393 potest
1332 3330 1453 3393 post
1479 3323 1707 3379 ruinam.
1760 3321 1915 3377 Valet
1941 3322 2061 3391 qui-

471 3413 596 3468 dem
621 3413 851 3470 liberare
876 3413 944 3469 de
974 3428 1130 3483 ptena
1150 3455 1164 3478 ,
1193 3412 1289 3469 sed
1334 3429 1441 3468 non
1468 3413 1608 3469 valet
1651 3411 1730 3484 (ά)
1768 3412 2062 3469 reformare

472 3514 799 3576 corruptam.
827 3506 943 3562 Hoc
969 3508 1154 3577 procul
1181 3506 1344 3563 dubio
1367 3508 1439 3562 ita
1465 3506 1692 3564 dicendo
1710 3548 1726 3571 ,
1755 3522 1863 3565 non
1888 3508 2059 3566 omni-

471 3595 767 3664 potentiam
808 3595 1028 3652 abstulit
1053 3597 1164 3652 Deo
1188 3636 1203 3661 ,
1230 3595 1326 3652 sed
1346 3596 1549 3667 justum
1575 3596 1810 3667 iudicem
1838 3598 2059 3655 manife-

470 3693 621 3741 stans
641 3687 891 3743 asseruit.
925 3684 1058 3742 Nam
1078 3728 1093 3752 ,
1117 3686 1221 3744 nisi
1251 3687 1408 3742 fallor
1433 3728 1452 3756 ,
1490 3688 1671 3759 qualia
1699 3697 1917 3744 sanctus
1935 3688 2061 3745 Hie-

471 3790 731 3848 ronymus
775 3777 1066 3833 Eustochio
1112 3778 1422 3847 mandavit,
1455 3778 1582 3835 talia
1628 3778 1696 3834 ad
1737 3779 2058 3837 Domitillam

469 3873 685 3936 neptem
718 3865 1059 3937 imperatoris
1102 3867 1388 3927 Domitiani
1416 3869 1799 3926 admonitionis
1835 3870 2060 3944 legimus

468 3956 652 4013 verba.

538 4048 647 4105 Sed
676 4058 731 4106 et
771 4050 886 4121 ipsa
917 4051 1077 4109 verba
1117 4067 1223 4124 qua
1263 4053 1332 4108 de
1359 4067 1519 4109 causa
1555 4054 1665 4111 sint
1706 4054 1782 4110 illi
1814 4055 2054 4126 prolata,

468 4140 655 4197 audire
698 4150 907 4211 gratum
948 4152 1100 4212 puto.
1133 4143 1259 4199 Haec
1296 4146 1515 4200 omnino
1558 4146 1711 4217 virgo
1747 4146 1976 4205 Nereum
2005 4156 2059 4204 et

468 4230 774 4285 Achilleum
798 4232 1076 4287 eunuchos
1113 4232 1464 4289 cubicularios
1503 4235 1685 4291 habuit
1719 4252 1894 4306 :quos
1931 4238 2060 4294 bea-

466 4323 711 4398 tissimus
754 4324 1043 4395 Apostolus
1084 4323 1275 4379 Petrus
1322 4325 1559 4382 lucratus
1598 4325 1773 4382 fuerat
1818 4328 2054 4385 Christo.

468 4412 563 4475 lsti
586 4413 715 4472 dum
744 4414 990 4472 viderent
1017 4413 1289 4471 dominam
1315 4429 1467 4470 suam
1500 4418 1725 4487 gemmis
1764 4419 1977 4483 ornari,
2003 4430 2057 4475 et

466 4506 751 4578 purpureis
776 4507 1012 4564 vestibus
1029 4548 1046 4576 ,
1069 4516 1227 4578 atque
1252 4521 1385 4562 auro
1415 4508 1571 4563 textis
1600 4508 1779 4575 indui,
1810 4510 2060 4565 dixerunt

468 4598 520 4651 ei
545 4615 559 4651 :
583 4597 793 4665 Quanto
820 4599 998 4655 studio
1030 4601 1238 4657 ornaris
1267 4600 1320 4655 in
1349 4614 1605 4670 corpore,
1635 4609 1694 4655 ut
1724 4601 1887 4655 tilium
1923 4616 2056 4657 con-

468 4687 602 4742 sulis
630 4687 971 4744 Aurelianum
1002 4688 1273 4746 hominem
1316 4691 1593 4748 mortalem
1636 4693 1865 4764 accipias
1892 4693 2055 4749 mari-

469 4788 582 4831 tum
616 4794 630 4832 :
662 4778 708 4833 si
732 4786 880 4834 tanto
915 4779 1092 4836 studio
1120 4781 1173 4835 in
1207 4782 1384 4836 animo
1413 4785 1680 4838 ornareris
1703 4824 1718 4849 ,
1745 4799 1924 4855 regem
1954 4787 2056 4841 im-

464 4867 751 4941 mortalem
793 4868 890 4924 Dei
928 4867 1095 4925 lilium
1128 4871 1346 4941 adipisci
1390 4882 1603 4942 poteras
1639 4890 1915 4945 sponsum.
1955 4878 2055 4944 Qui

470 4958 633 5014 etiam
680 4958 903 5028 teipsam
946 4968 1203 5016 aeternam
1240 4960 1476 5026 faceret,
1519 4972 1572 5017 et
1615 4981 1881 5035 nunquam
1924 4968 2053 5034 tibi,

469 5062 646 5118 neque
670 5049 1001 5109 ornamentis
1028 5049 1152 5118 tuis,
1182 5066 1355 5121 neque
1374 5051 1579 5120 gaudiis
1606 5053 1762 5108 finem
1788 5058 2057 5124 permitte-

468 5149 576 5209 ret,
599 5148 691 5195 aut
716 5138 788 5213 (ε)
818 5141 1100 5196 terminum
1125 5142 1360 5196 evenire.
1382 5140 1674 5211 Respondit
1694 5146 1741 5199 ei
1766 5145 2051 5216 Domitilla,

539 5290 604 5355 (α)
641 5292 768 5345 Illud
794 5301 929 5345 casta
951 5309 980 5346 a
1003 5298 1179 5347 nostris
1198 5296 1314 5348 Mss.
1339 5297 1496 5347 abest.

564 5356 610 5423 ὑ)
649 5356 812 5423 _l_id_em
834 5357 951 5423 Mss.
966 5358 1336 5423 expositionum
1354 5360 1536 5423 habent
1558 5374 1645 5422 pro
1668 5361 2021 5423 disputationis.

512 5450 515 5453 η
538 5417 606 5490 {cl
647 5417 773 5490 licio
1079 5433 1179 5490 pro
1207 5418 1542 5482 prudentiam,
1558 5417 1621 5472 'et
1641 5417 1757 5473 mox
1780 5425 1947 5476 Paulle
1968 5439 2057 5490 pro

468 5479 723 5532 Eu’st’ccliio
749 5481 934 5531 habent
957 5479 1107 5531 nostri
1134 5479 1249 5531 uss.

539 5541 622 5612 (τί)
656 5541 838 5612 lterum
865 5554 1097 5612 coronare
1119 5543 1302 5612 habent
1329 5557 1417 5606 pro
1440 5545 1724 5612 ref/rmore,
1751 5555 1804 5596 et
1824 5560 1937 5596 mox
1966 5554 2057 5612 Iste

479 5601 566 5665 pro
585 5601 656 5714 go
676 5614 770 5714 ut
793 5611 847 5656 et
871 5602 1014 5667 paulo
1035 5611 1146 5669 post
1180 5601 1348 5657 Parthi
1370 5601 1670 5658 mandaverit
1694 5601 1781 5671 pro
1803 5609 2057 5661 Eustochio

479 5677 582 5714 man
621 5679 678 5714 av
720 5702 735 5714 .

469 5672 735 5717 mandavit.

541 5724 599 5791 (el
646 5726 701 5777 In
744 5728 915 5779 iisdem
942 5736 1034 5787 est,
1066 5745 1089 5775 ι
1117 5736 1201 5778 aut
1226 5729 1534 5791 permitteret
1557 5731 1763 5781 evenire
1786 5744 1799 5781 :
1822 5748 1846 5778 ι
1874 5732 2058 5785 deinde

478 5795 607 5835 utam
630 5791 832 5852 generis
852 5791 1155 5854 dignitatem,
1167 5803 1313 5854 quam
1334 5794 1617 5843 memoriam
1638 5794 1846 5844 nominis
1860 5794 2057 5845 nonde-

494 5860 602 5900 ore.
628 5865 649 5895 ι

1840 5992 1871 6003 ,ρ

1756 375 1815 432 s.
1856 340 2237 431 tnsnomut
2275 373 2458 434 vm.

2676 305 2759 315 ,-’

2184 494 2239 543 et
2263 486 2337 543 ait
2362 503 2378 543 :
2405 486 2537 556 Qum
2559 497 2736 561 potest
2752 507 2873 553 esse
2894 496 3086 553 melior
3109 498 3543 574 cbaritas,quam
3568 505 3769 568 habere

2182 580 2379 649 virum,
2400 583 2672 653 suscipere
2693 585 2852 653 iilios,
2882 604 2977 660 per
2994 605 3129 662 quos
3149 594 3436 663 posteritas
3455 596 3766 658 dulcissima

2182 673 2350 741 possit
2378 677 2691 746 propagari,
2725 689 2780 734 et
2807 689 2912 735 tam
2937 685 3149 752 generis
3170 685 3400 755 dignitas
3419 729 3434 753 ,
3462 704 3620 758 quam
3649 708 3766 751 me-

2180 762 2348 818 moria
2387 766 2619 822 nominis
2662 782 2769 825 non
2810 770 3018 828 deleri?
3053 773 3153 830 Cui
3196 775 3404 832 Nereus
3450 784 3763 852 reSpondit:

2179 854 2372 909 melior
2415 865 2498 911 est
2542 858 2849 928 virginitas,
2896 878 3021 934 qum.
3055 866 3271 934 quando
3314 852 3611 927 dedmatris
3661 885 3767 931 tuae

2180 952 2334 998 utero
2363 946 2538 1013 existi,
2569 957 2743 1004 tecum
2772 958 2920 1020 nata,
2953 961 3126 1011 tecum
3158 956 3387 1026 laetata,
3416 968 3591 1017 tecum
3617 978 3765 1020 sem-

2176 1048 2276 1104 per
2317 1034 2414 1089 fuit
2454 1049 2484 1088 a
2514 1038 2691 1095 carnis
2737 1042 3079 1112 corruptione
3122 1046 3334 1116 aliena,
3366 1065 3485 1119 qua:
3530 1063 3616 1109 est
3654 1055 3767 1112 Deo

2177 1123 2442 1192 amabilis,
2469 1126 2695 1198 ejusque
2733 1133 2935 1201 angelis
2960 1133 3121 1190 chara
3146 1155 3159 1191 :
3192 1134 3616 1211 quam‘profecto
3642 1162 3765 1202 cum

2177 1214 2429 1283 quaelibet
2449 1218 2741 1286 perdiderit
2763 1222 2931 1293 virgo,
2959 1223 3116 1296 hujus
3141 1238 3344 1284 reatum
3374 1248 3469 1302 per
3495 1237 3766 1305 paeniten—

2178 1304 2305 1359 tiam
2332 1306 2562 1363 evadere
2585 1318 2783 1380 potest,
2812 1312 2979 1382 ipsam
3003 1331 3130 1371 vero
3159 1304 3514 1391 integritatem
3539 1325 3765 1398 adipisci

2174 1408 2510 1467 nequaquam
2536 1399 2693 1455 valet.
2723 1400 2910 1458 Omnis
2948 1419 3176 1477 namque
3203 1412 3487 1487 sanctitas,
3514 1415 3642 1472 dum
3672 1435 3767 1489 per

2174 1487 2406 1557 aliquam
2443 1490 2812 1561 voluptatem,
2860 1503 2953 1553 aut
3001 1500 3375 1556 necessitatem
3431 1505 3627 1563 violata
3673 1487 3766 1566 aut

2175 1578 2372 1636 amissa
2407 1579 2607 1651 fuerit,
2632 1584 2714 1641 vel
2736 1601 2962 1658 quaeque
3005 1589 3211 1659 perdita
3237 1593 3435 1664 virtus,
3461 1596 3528 1653 ad
3567 1610 3764 1658 statum

2175 1684 2366 1735 suum,
2412 1673 2497 1728 vel
2543 1674 2897 1745 integritatem
2923 1719 2940 1746 ,
2986 1694 3080 1735 seu
3124 1680 3192 1737 ad
3227 1699 3376 1739 suam
3416 1688 3640 1758 gloriam
3671 1709 3766 1762 per

2174 1764 2504 1830 paenitentiae
2557 1765 2821 1839 lacrymas
2869 1774 3175 1841 recuperari
3202 1782 3257 1829 et
3293 1780 3536 1835 revocari
3562 1793 3763 1850 potest.

2176 1849 2305 1907 Sola
2330 1853 2628 1923 virginitas,
2659 1858 2703 1913 si
2724 1859 2890 1914 semel
2915 1862 3153 1930 perierit,
3185 1864 3251 1919 ad
3281 1867 3520 1937 pristina:
3541 1849 3763 1944 integri-

2175 1940 2301 1997 tatis
2328 1943 2669 2000 stabilitatem
2697 1947 2997 2019 pertingere
3024 1952 3241 2009 minime
3264 1956 3427 2014 valet.

2245 2032 2488 2106 Cumque
2521 2035 2725 2092 Nereus
2749 2048 2805 2094 et
2831 2039 3104 2098 Achilleus
3133 2043 3269 2112 hinc,
3308 2046 3572 2105 laudando
3599 2053 3762 2125 virgi-

2174 2124 2417 2194 nitatem,
2446 2136 2500 2182 et
2522 2128 2626 2183 alia
2642 2128 2983 2201 proferendo,
3010 2132 3335 2193 dissererent
3361 2139 3606 2210 plurima,
3638 2148 3762 2215 qni-

2173 2215 2275 2271 bus
2319 2224 2573 2273 aeternam
2626 2231 2927 2277 mereretur
2972 2216 3191 2280 actibus
3244 2229 3443 2297 vitam,
3495 2232 3759 2291 Domitilla

2174 2306 2587 2377 prudentissima
2615 2311 2764 2383 virgo
2790 2312 2968 2369 dixit:
3016 2313 3227 2371 Utinam
3267 2319 3334 2373 ad
3377 2336 3463 2377 me
3505 2324 3630 2379 olim
3662 2327 3760 2383 ista

2176 2396 2269 2451 Dei
2297 2401 2564 2454 sententia
2610 2404 2976 2472 pervenisset,
3008 2414 3064 2460 et
3115 2422 3384 2479 nunquam
3429 2427 3527 2483 ego
3565 2430 3758 2472 nomen

2172 2500 2385 2559 sponsa:
2409 2490 2788 2560 suscepissem,
2806 2507 2905 2548 nec
2930 2493 3239 2571 ltominis(f)
3256 2502 3494 2556 mortalis
3514 2506 3759 2574 sponsio-

2172 2593 2317 2633 nem.
2348 2578 2502 2635 Nunc
2546 2598 2677 2636 vero
2714 2583 2837 2654 quia
2867 2585 3018 2640 vobis
3049 2587 3190 2642 Deus
3227 2592 3435 2659 aperuit
3476 2608 3538 2648 os
3581 2596 3646 2650 ad
3681 2597 3757 2652 lu-

2171 2670 2431 2724 crandum
2458 2671 2690 2727 animam
2731 2690 2905 2728 meam
2929 2715 2943 2741 ,
2976 2677 3227 2747 quicquid
3263 2681 3352 2736 me
3374 2680 3551 2740 facere
3577 2688 3756 2755 vultis,

2170 2761 2467 2819 accelerate
2508 2769 2843 2835 quantocius.
2886 2766 3025 2837 Quid
3073 2771 3270 2826 multa?
3312 2775 3354 2828 A
3400 2786 3584 2833 sancto
3632 2780 3757 2835 Cle-

2170 2860 2352 2908 mente
2373 2851 2515 2926 Papa
2545 2868 2879 2924 consecrata,
2906 2861 3195 2917 Aureliano
3215 2865 3413 2934 Sponso
3430 2880 3754 2941 contempto,

2170 2943 2240 2999 ob
2267 2944 2371 3001 hoc
2396 2948 2448 3003 in
2477 2947 2736 3004 Pontiana
2764 2951 2977 3007 exulata
3003 2964 3086 3007 est
3121 2953 3311 3009 insula.
3352 2956 3482 3015 Inde
3510 2960 3756 3018 Tarraci-

2169 3049 2292 3091 natu
2316 3035 2543 3094 adducta
2565 3079 2581 3105 ,
2622 3041 2919 3112 nolensque
2960 3042 3119 3099 ldolis
3148 3047 3468 3115 sacriﬁcare,
3496 3067 3619 3108 cum
3652 3056 3756 3110 En-

2167 3125 2369 3185 frosina
2394 3141 2450 3186 et
2478 3130 2759 3189 Theodora
2802 3136 3016 3205 sponsis
3060 3136 3272 3209 Sulpitii
3305 3147 3362 3195 et
3394 3141 3700 3213 Serviliaui,
3725 3166 3757 3205 a

2166 3218 2405 3277 Luxurio
2451 3220 2617 3280 fratre
2668 3226 2941 3282 Aureliani
3002 3228 3125 3300 igne
3175 3242 3462 3301 crematae,
3528 3238 3755 3307 palmam

2166 3325 2455 3384 suscepere
2497 3316 2775 3390 martyrii,
2820 3333 2953 3390 quas
2991 3320 3051 3376 S.
3079 3319 3342 3379 Caesarius
3367 3323 3642 3397 diaconus,
3668 3332 3757 3400 qui

2165 3405 2330 3460 etiam
2377 3416 2561 3477 postea
2611 3420 2665 3464 et
2709 3411 2825 3482 ipse
2865 3416 2895 3466 τι
2935 3413 3190 3483 praadicto
3228 3415 3463 3474 Luxurio
3492 3430 3573 3475 est
3610 3438 3754 3478 mar-
3796 3492 3801 3497 ‘

2164 3497 2422 3568 tyrizatus
2444 3538 2461 3567 ,
2491 3499 2546 3554 in
2585 3501 2918 3575 sarcophago
2954 3519 3093 3561 novo
3135 3505 3292 3577 simul
3325 3509 3560 3567 condens
3603 3526 3757 3581 sepe-

2166 3586 2304 3643 livit.

2247 3683 2372 3739 llaec
2398 3684 2519 3741 ideo
2546 3686 2672 3742 licet
2699 3704 2806 3745 non
2844 3689 3017 3746 fuerat
3060 3692 3144 3766 (g)
3173 3691 3260 3751 hic
3300 3705 3506 3753 tantum
3537 3716 3754 3756 necesse

2165 3778 2333 3848 loqui,
2359 3775 2663 3833 addidimus
2685 3787 2889 3848 tamen,
2913 3783 3036 3851 quia
3067 3799 3203 3854 pene
3233 3787 3374 3857 quod
3406 3787 3613 3845 Nereus
3640 3807 3755 3862 pru-

2164 3870 2494 3927 dentissima;
2535 3870 2726 3940 virgini
2773 3872 3061 3929 Domitillae
3107 3875 3349 3944 dixerat,
3395 3881 3752 3951 virginitatem

2162 3962 2426 4034 perditam
2470 3960 2539 4018 de
2586 3969 2738 4018 reatu
2784 3979 2943 4033 posse
2986 3982 3082 4037 per
3126 3969 3494 4037 pmnitentiam
3544 3974 3753 4029 veniam

2163 4050 2421 4124 consequi
2448 4069 2464 4106 :
2490 4067 2824 4123 nequaquam
2848 4061 3025 4109 tamen
3048 4057 3249 4113 valeret
3274 4058 3388 4115 ﬁeri
3418 4062 3586 4132 virgo,
3616 4064 3754 4118 sicut

2163 4142 2334 4199 fuerat
2369 4142 2537 4212 prius.
2572 4141 2685 4197 Hoc
2721 4152 2936 4198 sanctus
2966 4145 3326 4220 Hieronymus
3366 4150 3658 4206 Eustochio
3686 4153 3750 4208 ad

2164 4233 2386 4288 meliora
2411 4230 2617 4287 studuit
2645 4234 2909 4289 hortando
2929 4239 3184 4294 mandare
3212 4254 3227 4293 :
3259 4240 3392 4296 Cum
3424 4245 3601 4298 omnia
3631 4260 3752 4315 pos—

2163 4324 2234 4378 sit
2261 4322 2419 4388 Deus,
2447 4324 2710 4379 suscitare
2739 4324 3010 4397 Virginem
3040 4344 3145 4383 non
3177 4340 3356 4400 potest
3376 4342 3495 4402 post
3517 4336 3749 4391 ruinam.

2162 4414 2299 4483 Quid
2323 4414 2466 4469 enim
2491 4425 2576 4471 est
2615 4417 2699 4472 hic
2728 4418 2870 4473 aliud
2898 4436 3003 4475 non
3048 4436 3226 4492 posse,
3257 4439 3414 4494 quam
3445 4441 3549 4481 non
3580 4428 3752 4483 velle?

2162 4508 2306 4579 quod
2328 4508 2603 4563 nonnullis
2626 4511 2744 4566 aliis
2761 4511 2864 4565 dici
2888 4520 3097 4582 poterat
3120 4514 3316 4570 verbis.
3343 4518 3448 4572 Per
3467 4520 3749 4589 quemdam

2165 4617 2393 4673 namque
2420 4603 2717 4673 sapientem
2738 4603 2933 4659 dicitur
2956 4606 3067 4662 Deo
3096 4624 3110 4661 :
3143 4607 3221 4662 'l‘u
3248 4618 3425 4665 autem
3449 4610 3752 4668 dominator
3781 4663 3796 4673 .

2163 4694 2437 4761 virtutum,
2464 4709 2583 4749 cum
2616 4696 2995 4765 tranquillitate
3031 4698 3273 4767 judicas,
3304 4710 3358 4756 et
3397 4717 3516 4757 cum
3550 4719 3740 4772 magna

2165 4786 2463 4841 reverentia
2503 4785 2763 4857 disponis.
2788 4787 2983 4843 Subest
3020 4792 3163 4846 enim
3193 4792 3285 4847 tibi
3327 4810 3448 4849 cum
3483 4795 3745 4862 volueris,

2165 4890 2323 4946 posse
2350 4896 2365 4932 :
2393 4892 2521 4947 ergo
2548 4878 2640 4933 ubi
2668 4884 2773 4932 ‘non
2800 4888 2883 4935 est
2912 4881 3048 4936 velle
3074 4883 3190 4952 Dei,
3218 4883 3369 4940 deest
3396 4902 3574 4957 posse.
3612 4889 3751 4945 Deus

2164 4969 2360 5038 quippe
2385 4977 2444 5023 ut
2474 4969 2822 5026 immutabilis
2841 4980 2925 5027 est
2946 4982 3169 5039 naturae,
3198 4977 3269 5031 ita
3298 4977 3646 5036 immutabilis
3670 4989 3753 5036 est

2165 5060 2469 5116 voluntatis.
2514 5060 2582 5115 Et
2609 5061 2790 5133 utique
2832 5078 2954 5119 cum
3002 5064 3073 5119 sit
3101 5082 3259 5122 verax
3290 5078 3345 5123 et
3379 5069 3591 5140 justus,
3644 5089 3748 5127 non

2165 5148 2315 5203 illum
2343 5148 2710 5219 mendacium,
2741 5167 2915 5222 neque
2942 5154 3196 5225 injustitia
3228 5157 3384 5215 decet
3411 5178 3426 5217 :
3457 5163 3579 5231 quia
3614 5166 3751 5218 sicut

2165 5255 2274 5294 non
2317 5240 2459 5295 valet
2483 5242 2732 5309 mentiri,
2761 5243 2851 5313 qui
2888 5252 2971 5299 est
3000 5247 3197 5301 veritas
3222 5289 3237 5315 ,
3270 5249 3340 5303 ita
3370 5249 3602 5321 injustus
3630 5269 3748 5309 esse

2232 5371 2295 5436 υ)
2313 5434 2323 5441 _
2342 5371 2398 5421 In
2423 5372 2753 5441 nostrisliss.
2786 5392 2809 5422 ι
2829 5389 2924 5439 ego
2957 5380 3262 5441 susciperem
3284 5383 3503 5434 mortalis
3540 5385 3751 5439 hominis

2164 5432 2326 5509 δνδηῖί
2353 5445 2549 5509 90mm“
2589 5432 2731 5509 N.““°
2755 5432 2933 5509 νυτίῖζ)
2972 5448 3067 5489 θωο
3091 5432 3272 5509 ’νυυιο-
3300 5432 3407 5508 post
3432 5432 3752 5509 "euri/tiaris;

2163 5493 2254 5565 pro
2280 5493 2561 5565 ξηίρόδῄιη,
2588 5502 2639 5565 et
2665 5499 3087 5565 sponsalibuspro
3108 5493 3312 5559 sponsis:

2233 5553 2301 5620 (g)
2346 5553 2549 5604 Rectius
2582 5554 2633 5605 in
2656 5553 2840 5617 tantum
2884 5553 3064 5612 ,rchf-rt
3098 5553 3225 5614 unus
3257 5553 3359 5617 bis.
3399 5569 3554 5622 Paulo
3587 5580 3752 5625 autem

2233 5625 2276 5664 5t
2300 5613 2467 5665 Paula:
2493 5630 2578 5670 pro
2600 5620 2850 5669 Eustochio
2866 5576 3048 5670 liabet.
3079 5634 3126 5670 cl
3152 5626 3313 5670 statuit
3337 5644 3424 5670 nm
3442 5633 3625 5670 ςιηιίηοῑι
3662 5647 3674 5659 -
3698 5641 3748 5670 ul

2163 5613 2476 5692 :rilanlq."
2492 5630 2578 5692 pro
2600 5614 2850 5692 guStqc/aio
2866 5613 3022 5692 habet
3035 5661 3048 5683 ,
3079 5634 3133 5692 et
3152 5613 3424 5692 διὰιῶίρτό
3441 5613 3754 5686 iniiinii-Tui

2166 5681 2733 5761 fi.?.’2".'.‘i”'£‘.’.’f:2‘£€‘.‘
2773 5696 2874 5761 ’φφ
2903 5686 3021 5761 vim
3038 5681 3161 5758 ζαιέο
3199 5681 3390 5761 ρτύιίὺρ
3432 5681 3545 5745 αἰεί
3567 5681 3754 5761 mea

2162 5737 2434 5818 99:99:12?
2450 5737 2724 5818 ,ρξξςηξίὲςιηι
2738 5779 2765 5815 ν.
2801 5753 2898 5796 διο·
2924 5746 3155 5818 Denique.
3191 5737 3405 5813 disparia
3434 5737 3546 5818 ῖιῐέ,
3568 5737 3753 5813 "an;

2164 5799 2294 5848 enim
2314 5799 2416 5859 tibi,
2429 5799 2788 5883 furqdvolueris
2804 5843 2815 5862 ,
2844 5799 3185 5883 [intermissis
3208 5799 3319 5874 quae
3334 5799 3714 5883 ’siits'éahuift'uii

2164 5873 2301 5924 posse
2329 5876 2346 5912 :
2369 5874 2485 5927 ergo
2508 5862 2587 5913 ubi
2608 5877 2697 5914 non
2720 5876 2786 5917 est
2804 5860 2929 5918 't'él/e
2958 5869 3061 5928 Dei,
3087 5860 3705 5933 (Ιερδίῃοξςδξηηι--ηηω
3736 5860 3752 5883 ο
