4052 6338
494 366 599 423 ευ

496 479 702 533 asinum
733 472 1221 548 pascentemzdum
1275 471 1541 527 neminem
1578 469 1841 528 vidissent
1882 470 2073 527 adesse

493 565 772 624 custodem
794 607 811 634 ,
843 565 1020 637 iniqua
1066 570 1379 634 surrepente
1421 559 1709 633 cupiditate
1730 601 1747 628 ,
1800 559 2073 632 rapientes

492 671 673 713 secum
712 656 997 713 duxerunt.
1021 654 1410 725 Expergiscens
1442 652 1620 723 itaque
1650 651 1737 707 leo
1784 651 1911 722 quid
1967 651 2069 707 sibi

491 748 673 806 damni
709 750 1032 817 accidisset,
1081 747 1327 803 nesciens
1375 763 1389 799 :
1440 756 1498 801 ut
1549 744 1844 815 requireret
1888 752 2067 799 tamen

491 850 797 913 pascentem
818 856 978 914 quem
1024 839 1369 897 commissum
1400 837 1602 903 habuit,
1634 838 1713 893 ire
1763 837 1945 908 coepit.
1967 837 2069 906 Qui

489 950 611 989 cum
634 933 793 990 solito
818 948 923 989 non
949 939 1229 1003 appareret
1255 931 1306 985 in
1357 930 1475 984 loco
1501 927 1753 999 pascendi
1778 968 1792 995 ,
1837 928 2070 984 constri-

488 1036 608 1081 ctus
648 1024 717 1082 de
756 1024 1065 1081 discrimine
1089 1023 1206 1087 leo,
1241 1022 1492 1079 maestitia
1531 1021 1757 1087 anxius,
1804 1019 2066 1091 rugiendo

487 1117 663 1187 aliqua
706 1125 854 1187 parte
900 1116 1041 1181 diei,
1071 1114 1173 1170 huc
1202 1113 1429 1185 illucque
1455 1114 1564 1168 ibat
1609 1127 1855 1185 quaerens
1901 1127 2061 1184 quem

486 1208 809 1277 perdiderat.

555 1300 661 1358 Sed
700 1316 820 1358 cum
841 1300 952 1371 jam
981 1301 1157 1356 omnis
1197 1298 1498 1369 reperiendi
1543 1297 1679 1353 asini
1714 1311 1840 1369 spes
1878 1297 2065 1352 fuisset

484 1391 681 1460 ablata,
713 1392 780 1448 ad
810 1392 1117 1448 monasterii
1143 1392 1359 1463 januam
1385 1391 1605 1447 veniens
1630 1389 1883 1461 perstitit.
1915 1387 2059 1443 Con-

483 1488 627 1544 scius
651 1488 795 1543 enim
819 1487 1012 1557 culpae,
1042 1501 1150 1542 non
1178 1499 1340 1540 ausus
1363 1492 1447 1539 est
1474 1482 1714 1553 ingredi,
1739 1480 1883 1551 quod
1912 1480 2062 1551 prius

480 1592 602 1634 cum
640 1577 807 1634 asello
834 1577 1059 1633 solebat.
1082 1576 1254 1644 Quem
1284 1575 1472 1629 beatus
1515 1573 1902 1642 Hieronymus,
1956 1587 2059 1626 una

479 1685 604 1725 cum
633 1670 916 1737 fratribus,
947 1669 1149 1741 absque
1192 1669 1344 1722 asino
1394 1666 1579 1722 videns
1618 1666 1687 1721 ad
1715 1665 1865 1721 cellas
1916 1664 2061 1719 fores

478 1761 699 1828 morari,
732 1770 785 1817 et
804 1760 928 1831 quia
963 1774 1072 1815 non
1102 1758 1257 1815 solita
1286 1758 1415 1813 liora
1443 1757 1615 1813 fuerat
1650 1771 1901 1813 reversus
1925 1796 1942 1822 ,
1970 1756 2055 1811 in-

476 1851 709 1922 stigante
751 1850 909 1907 famis
953 1851 1272 1908 necessitate
1311 1850 1683 1920 compulsum,
1738 1857 2058 1919 putaverunt

474 1957 597 1997 cum
622 1941 885 1999 occidisse
924 1942 1119 1997 animal
1145 1955 1299 1997 suum
1331 1958 1347 1997 :
1375 1939 1724 2011 nolentesque
1752 1938 1800 1995 ei
1821 1938 2056 1995 tribuere

473 2048 742 2088 annonam
776 2042 1089 2089 consuetam
1112 2073 1126 2097 ,
1157 2031 1446 2088 dicebant:
1472 2031 1619 2087 Vade
1638 2072 1654 2098 ,
1683 2038 1739 2087 et
1788 2031 2053 2101 reliquum

470 2124 621 2180 aselli
646 2124 787 2196 quod
819 2124 910 2180 tibi
937 2124 1213 2191 remansit,
1250 2123 1464 2189 mande,
1488 2131 1739 2193 tuamque
1768 2123 2053 2194 ingluviem

471 2216 639 2287 reple.
672 2216 741 2272 Et
781 2217 906 2273 licet
940 2216 1054 2273 haec
1081 2217 1154 2271 illi
1183 2216 1445 2284 dicerent,
1468 2225 1622 2272 erant
1653 2224 1829 2273 tamen
1859 2216 2048 2273 incerti

468 2317 644 2363 utrum
688 2308 792 2364 hoc
819 2308 965 2375 mali,
993 2323 1061 2363 an
1091 2323 1197 2363 non
1229 2306 1275 2363 is
1312 2315 1696 2378 perpetrasset.

538 2400 872 2472 Quapropter
894 2409 1153 2457 exeuntes
1180 2401 1369 2456 fratres
1390 2400 1455 2455 ad
1474 2399 1569 2471 (al.
1590 2400 1701 2454 loca
1718 2397 1933 2471 pascua)
1947 2400 2050 2456 loci

372 2514 379 2515 ν
468 2508 687 2562 pascua,
730 2510 840 2566 quo
860 2495 969 2563 jam
1015 2496 1292 2567 praefatum
1337 2494 1533 2549 animal
1560 2493 1829 2550 deducere
1850 2493 1936 2550 leo
1963 2508 2052 2549 so-

467 2586 591 2641 litus
627 2594 780 2652 erat,
814 2587 970 2658 longe
1021 2588 1231 2658 lateque
1266 2595 1611 2656 peragrantes
1632 2627 1648 2652 ,
1678 2594 1737 2641 ut
1779 2585 2047 2657 quoddam

466 2679 656 2735 mortis
682 2679 936 2735 indicium
978 2691 1200 2751 possent
1226 2679 1487 2735 invenire.
1516 2678 1617 2746 Qui
1662 2677 1867 2733 nullum
1908 2679 2048 2734 inte-

464 2771 778 2841 remptionis
815 2771 933 2843 ejus
970 2773 1182 2843 signum
1210 2772 1573 2840 reperientes.
1621 2769 1907 2825 redeuntes
1935 2778 2049 2825 stu-

462 2863 693 2919 «luerunt
719 2864 820 2918 boc
864 2863 1022 2919 beato
1052 2862 1378 2934 Hieronymo
1404 2861 1665 2915 nuntiare.
1698 2859 1815 2927 Quo
1841 2858 2043 2925 audito,

461 2953 538 3008 ait
564 2952 853 3009 fratribus:
886 2952 1125 3010 Obsecro
1154 2966 1271 3017 vos,
1305 2950 1520 3016 fratres,
1548 2964 1853 3021 quanquam
1886 2950 2047 3005 susti-

460 3044 634 3103 neatis
672 3044 806 3099 asini
840 3044 1124 3108 damnum,
1154 3044 1296 3097 hunc
1341 3050 1522 3096 tamen
1563 3054 1631 3096 ne
1679 3040 2041 3110 exasperetis,

460 3149 636 3207 neque
662 3134 927 3205 abjieiatis
953 3134 1163 3191 leonem
1188 3149 1202 3187 :
1234 3131 1327 3188 sed
1358 3146 1479 3187 eum
1520 3140 1578 3186 ut
1624 3128 1826 3185 dudum
1850 3129 2045 3201 guber-

460 3236 674 3295 nantes,
702 3225 1109 3296 praebentesque
1146 3224 1423 3287 alimenta,
1446 3220 1644 3277 nutrite
1673 3235 1690 3286 ;
1715 3219 2043 3277 incidentes-

458 3333 563 3390 que
590 3318 645 3374 in
673 3332 894 3374 nemore
920 3318 1081 3389 ligna,
1104 3325 1165 3372 ut
1188 3331 1249 3372 ea
1286 3316 1402 3371 vice
1433 3314 1569 3369 asini
1614 3312 1769 3369 nobis
1802 3313 1907 3369 huc
1934 3323 2043 3369 tra-

458 3410 595 3467 hens
642 3409 854 3466 deferre
893 3410 1089 3479 valeat,
1112 3408 1389 3465 moderate
1414 3416 1693 3463 nectentes
1722 3407 1883 3479 ligate
1912 3425 1926 3461 :
1961 3407 2036 3462 lta

456 3510 512 3557 et
536 3500 732 3557 factum
750 3509 849 3556 est.
880 3499 1122 3571 Cumque
1149 3498 1249 3554 sibi
1266 3514 1401 3570 opus
1424 3508 1550 3554 tunc
1579 3512 1774 3554 nexum
1799 3496 2040 3554 crebrius

456 3600 708 3663 gereret,
776 3600 829 3646 et
879 3590 990 3662 jam
1061 3589 1323 3647 redeundi
1383 3599 1592 3660 tempus
1646 3591 2035 3660 negotiatorum

455 3684 693 3753 adesset,
719 3683 933 3754 expleto
956 3682 1044 3739 die
1067 3682 1295 3753 quodam
1348 3696 1513 3751 opere
1536 3720 1551 3743 ,
1574 3679 1815 3751 quamvis
1839 3680 2039 3736 animal

455 3779 695 3844 brutum,
726 3776 980 3833 divinitus
1010 3784 1187 3832 tamen
1218 3785 1276 3830 ut
1299 3783 1428 3846 puto
1452 3764 1783 3829 admonitum
1806 3813 1821 3839 ,
1851 3773 2039 3829 exiens

456 3870 555 3925 ivit
576 3869 642 3925 ad
659 3884 864 3941 agrum,
886 3868 989 3925 huc
1016 3868 1248 3938 illucque
1265 3864 1574 3923 discurrens
1591 3864 1852 3937 gyrando,
1874 3880 2037 3922 nosse

454 3961 666 4033 plenius
707 3961 931 4032 cupiens
960 3959 1085 4030 quid
1107 3960 1297 4015 fuisset
1320 3958 1388 4016 de
1409 3959 1560 4015 socio
1584 3973 1686 4014 suo
1708 3956 1931 4016 factum.

524 4052 629 4120 Qui
664 4050 913 4122 fatigatus
952 4050 1063 4121 jam
1096 4049 1352 4117 nimium,
1378 4048 1699 4121 quandoque
1726 4048 1793 4104 ad
1838 4048 2034 4120 publici

451 4143 661 4200 itineris
700 4143 873 4198 locum
908 4142 1124 4198 devenit
1148 4142 1427 4197 sublimem
1450 4181 1467 4207 ,
1507 4156 1614 4211 quo
1637 4140 1762 4195 dum
1809 4140 2033 4205 anxius,

450 4244 515 4289 ut
556 4240 804 4305 poterat,
840 4230 1324 4301 circumspiciendo
1362 4232 1737 4301 prospiceret:
1780 4230 2035 4285 cernebat

450 4325 638 4396 procul
667 4325 941 4381 venientes
966 4331 1150 4378 contra
1191 4336 1252 4376 se
1288 4321 1536 4376 homines
1560 4336 1682 4376 cum
1711 4322 1918 4376 onustis
1941 4337 2034 4377 ca-

449 4417 606 4474 melis
629 4456 649 4484 ,
692 4430 828 4486 quos
868 4412 1179 4485 prtecedeus
1227 4410 1411 4465 asinus
1442 4410 1737 4466 veniebat:
1779 4410 1873 4465 sed
1912 4411 2033 4481 quia

450 4510 606 4566 valde
636 4507 820 4581 procul
858 4515 994 4573 erat,
1031 4505 1173 4560 hunc
1199 4515 1525 4573 cognoscere
1567 4500 1789 4555 minime
1815 4504 1987 4570 potuit
2017 4518 2031 4553 :

449 4613 629 4656 tamen
660 4599 998 4670 pedetentim
1021 4612 1080 4652 se
1100 4595 1205 4651 illis
1227 4593 1435 4649 obviam
1460 4591 1673 4647 obtulit.
1691 4590 1807 4646 Mos
1827 4592 2026 4661 quippe

456 4692 532 4745 illi
558 4690 752 4745 dicitur
777 4702 897 4744 esse
924 4688 1152 4757 regioni,
1182 4694 1241 4740 ut
1268 4684 1483 4756 quoties
1506 4697 1628 4738 cum
1669 4682 1889 4738 camelis
1910 4682 2033 4736 lon-

443 4782 564 4851 gius
604 4778 1037 4850 proficiscuntur,
1071 4778 1226 4831 toties
1251 4775 1603 4831 antecedente
1631 4774 1807 4840 asino,
1849 4773 2029 4828 funem

446 4869 775 4925 camelorum
800 4874 1043 4938 gestante
1067 4865 1226 4931 collo,
1253 4866 1648 4936 subsequantur
1661 4864 1872 4921 cameli.
1898 4864 2029 4920 Nam

444 4962 573 5015 dum
594 4958 833 5032 praedicti
861 4957 1197 5023 itinerantes,
1225 4956 1277 5011 id
1305 4965 1410 5025 est,
1435 4959 1825 5028 negociatores,
1846 4972 2032 5029 appro-

445 5051 947 5125 pinquassentleoni
981 5068 994 5104 :
1019 5051 1103 5105 illc
1126 5051 1340 5121 cognito
1364 5050 1537 5117 asino,
1565 5065 1763 5105 saevum
1792 5052 2027 5121 rugiens,

442 5162 567 5202 eum
610 5142 806 5214 ingenti
848 5141 1071 5210 strepitu
1104 5142 1258 5196 irruit
1289 5142 1341 5195 in
1367 5154 1483 5205 eos,
1514 5141 1782 5195 neminem
1837 5157 2030 5213 nempe

444 5239 670 5303 lzcdens,
719 5250 926 5291 eorum.
952 5234 1055 5301 Qui
1077 5233 1327 5289 omnibus
1354 5234 1532 5289 statim
1561 5233 1782 5300 relictis,
1810 5234 2029 5292 demen-

446 5342 653 5401 tesque.
686 5334 744 5381 ut
772 5325 989 5396 dignum
1021 5325 1214 5389 fuerat,
1256 5323 1463 5391 effecti,
1496 5326 1549 5380 in
1576 5324 1751 5395 fugam
1778 5332 2025 5386 conversi

438 5433 584 5478 sunt.
612 5421 815 5490 Quibus
837 5418 1083 5474 videlicet
1102 5417 1447 5488 fugientibus,
1477 5418 1786 5475 terribiliter
1811 5424 2027 5493 rugiens

438 5516 526 5570 leo
554 5514 883 5587 percutiebat
913 5511 1079 5566 cauda
1108 5510 1316 5565 fortiter
1349 5520 1569 5573 terram,
1602 5514 2026 5586 perterritosque

437 5610 707 5677 camelos,
759 5608 896 5663 sicut
924 5614 1077 5662 erant
1122 5604 1325 5670 onusti,
1368 5614 1492 5660 ante
1515 5619 1575 5660 se
1614 5604 1678 5659 ad
1705 5606 1897 5662 cellam
1948 5609 2027 5666 ire

439 5703 631 5755 coegit.

511 5793 785 5849 lnsolitam
823 5807 951 5863 ergo
982 5808 1094 5849 rem
1142 5790 1336 5848 fratres
1378 5789 1618 5845 videntes
1649 5833 1661 5859 ,
1717 5790 1856 5863 quod
1886 5808 2021 5863 pra:-

1761 357 1819 414 S.
1859 352 2243 415 HIERONYMI
2280 354 2466 418 Vl‘l‘A.

3658 365 3769 424 212

2184 470 2385 529 cedens
2406 474 2589 532 asinus
2614 478 2969 553 sareinatique
2997 480 3052 539 in
3072 481 3253 539 medio
3288 480 3501 553 eaineli,
3528 491 3586 539 et
3635 482 3765 541 sub-

2180 578 2412 636 sequens
2434 582 2620 625 eorum
2644 580 2790 643 terga
2814 572 2902 629 leo
2928 574 3128 645 pariter
3155 575 3384 640 veniret,
3411 589 3537 630 mox
3558 589 3764 630 exeun-

2181 663 2261 710 tes
2287 655 2527 714 modeste
2546 700 2562 726 ,
2592 672 2910 718 curaverunt
2937 664 3094 720 beato
3122 666 3367 721 nuntiare
3408 665 3757 737 Hieronymo.

2179 744 2296 812 Quo
2333 748 2535 815 audito,
2567 749 2708 806 foras
2734 754 3035 823 egrediens,
3063 756 3255 825 januas
3275 758 3581 812 monasterii
3609 766 3762 826 pate-

2180 839 2294 895 fieri
2316 842 2476 911 jussit
2505 843 2733 913 benigne
2761 862 2776 899 :
2804 846 2881 917 (α)
2901 862 3276 917 summumque
3298 848 3568 904 silentium
3591 849 3759 919 impe-

2178 932 2315 986 ravit
2337 974 2352 999 ,
2381 933 2566 989 dicens
2593 951 2608 988 :
2641 935 2948 1008 Hospitibus
2988 940 3219 1006 nostris,
3252 939 3305 994 id
3346 948 3429 995 est
3453 941 3677 997 camelis
3702 949 3760 997 et

2174 1022 2367 1090 asino,
2420 1023 2724 1082 auferentes
2774 1028 3011 1084 sarcinas
3080 1043 3176 1085 eos
3221 1028 3431 1097 levate,
3487 1031 3758 1101 pedesque

2174 1114 2408 1183 abluite,
2462 1131 2618 1173 escas
2659 1119 2934 1188 prmbete,
2985 1130 3329 1190 expectantes
3374 1120 3503 1192 quid
3555 1123 3609 1177 in
3653 1122 3756 1179 boc

2173 1204 2317 1261 facto
2339 1206 2452 1263 suis
2471 1208 2699 1265 voluerit
2725 1210 2981 1266 Dominus
3004 1212 3177 1267 servis
3204 1212 3593 1275 demonstrare,
3627 1214 3756 1269 0m-

2174 1296 2330 1352 nibus
2376 1298 2643 1370 denique,
2691 1317 2811 1372 quae
2851 1318 2978 1374 erga
3023 1305 3258 1361 camelos
3300 1303 3515 1362 fuerant
3561 1306 3751 1377 iussa,

2173 1389 2421 1457 peractis,
2452 1392 2615 1462 erepit
2644 1391 2750 1458 leo,
2783 1404 2842 1448 ut
2866 1394 3064 1449 dudum
3093 1396 3197 1452 huc
3220 1407 3379 1469 atque
3408 1397 3533 1453 illuc
3569 1408 3752 1470 gratu-

2171 1478 2435 1536 labundus
2461 1496 2559 1551 per
2584 1482 2817 1539 claustra
2840 1486 3149 1541 monasterii
3186 1487 3286 1553 ire,
3326 1487 3653 1558 singulorum
3690 1504 3751 1545 se

2168 1571 2391 1629 fratrum
2416 1574 2670 1647 vestigiis
2703 1584 2987 1644 sternens,
3020 1586 3076 1633 et
3117 1576 3269 1647 quasi
3299 1578 3368 1634 de
3409 1589 3745 1650 perpetrata,

2167 1682 2324 1737 quam
2371 1682 2477 1723 non
2528 1668 2731 1725 fecerat
2766 1669 2919 1740 culpa
2944 1711 2961 1737 ,
2989 1669 3234 1727 alludens
3276 1670 3445 1727 cauda
3469 1710 3486 1738 ,
3529 1674 3743 1728 veniam

2166 1760 2489 1830 postulabat.

2234 1850 2357 1919 Quo
2386 1853 2500 1907 viso
2522 1892 2536 1919 ,
2569 1851 2763 1909 fratres
2782 1893 2797 1921 ,
2845 1854 3214 1924 ptenitentiam
3241 1863 3459 1926 agentes
3480 1896 3495 1922 ,
3521 1855 3664 1926 quod
3692 1856 3745 1912 ei

2163 1941 2495 1998 crudelitatis
2542 1943 2849 1999 intulissent
2894 1946 3128 2013 crimen,
3159 1945 3409 2001 dicebant
3439 1964 3452 2000 :
3478 1945 3617 2002 Ecce
3648 1960 3743 2017 pa-

2162 2042 2363 2088 storem
2419 2043 2660 2089 nostrum
2688 2075 2703 2100 ,
2748 2050 2909 2106 quem
2960 2035 3116 2105 paulo
3170 2044 3296 2092 ante
3333 2045 3389 2091 ut
3436 2045 3742 2093 voratorem

2160 2124 2451 2180 crudeliter
2490 2124 2899 2194 damnabamus,
2934 2141 3054 2182 cum
3097 2136 3297 2198 quanto
3323 2143 3445 2184 eum
3487 2130 3737 2199 przeconii

2160 2215 2421 2270 miraculo
2446 2256 2462 2281 ,
2489 2225 2545 2271 ut
2575 2215 2701 2271 huic
2726 2217 2929 2272 crimen
2950 2217 3223 2284 auferret,
3254 2218 3319 2273 ad
3347 2234 3446 2273 nos
3493 2219 3738 2291 dignatus

2159 2314 2244 2361 est
2270 2306 2487 2363 mittere
2517 2306 2793 2363 Dominus.
2818 2308 3014 2363 Beatus
3039 2322 3169 2379 ergo
3196 2308 3551 2382 Hieronymus
3595 2310 3739 2365 futu-

2158 2413 2340 2452 rorum
2375 2399 2651 2468 praescius,
2684 2400 2763 2454 sic
2803 2398 3055 2455 fratribus
3081 2402 3157 2456 ait
3185 2419 3199 2454 :
3229 2401 3405 2457 Parati
3433 2412 3607 2459 estote
3622 2402 3734 2458 fra-

2160 2497 2268 2543 tres
2296 2489 2347 2543 in
2384 2488 2466 2544 bis
2495 2505 2615 2561 qua:
2643 2490 2763 2545 usui
2789 2489 3102 2546 refectionis
3146 2499 3275 2547 sunt
3303 2493 3605 2547 necessaria
3632 2510 3646 2545 :
3676 2501 3736 2547 ut

2157 2578 2210 2632 bi
2242 2579 2331 2649 qui
2355 2579 2510 2634 nobis
2537 2588 2662 2635 sunt
2686 2579 2849 2635 futuri
2876 2621 2893 2646 ,
2919 2578 3126 2651 absque
3164 2581 3407 2635 molestia
3437 2592 3494 2635 nt
3514 2581 3731 2652 dignum

2154 2679 2257 2736 est,
2291 2670 2533 2739 hospites
2558 2672 2936 2741 suscipiantur.
2956 2671 3078 2726 Mox
3105 2672 3288 2741 utique
3316 2672 3573 2741 imperata
3600 2671 3729 2727 sub-

2154 2760 2346 2824 secuti,
2380 2760 2550 2817 veloci
2578 2776 2804 2832 quaeque
2846 2762 3149 2819 obedientia
3173 2772 3299 2818 sunt
3319 2763 3551 2833 expleta.

2225 2851 2459 2909 Peractis
2488 2869 2700 2925 quoque
2716 2854 2901 2924 jussis,
2928 2855 3410 2911 sermocinantibus
3433 2871 3554 2912 cum
3572 2854 3729 2912 beato

2152 2945 2477 3017 Hieronymo
2510 2945 2785 3013 fratribus,
2818 2947 2994 3002 subito
3024 2949 3172 3003 venit
3202 2949 3438 3013 nuntius,
3466 2950 3557 3019 qui
3580 2948 3728 3005 dice-

2149 3046 2232 3093 ret
2260 3049 2383 3092 ante
2411 3039 2719 3094 monasterii
2756 3038 2901 3094 fores
2945 3039 3183 3110 hospites
3210 3040 3432 3106 adesse,
3483 3041 3573 3111 qui
3618 3056 3729 3097 cte-

2151 3129 2293 3184 nobii
2334 3139 2541 3199 putrem
2587 3130 2786 3186 vellent
2815 3131 3017 3186 videre.
3050 3131 3161 3187 Hoc
3195 3146 3338 3203 scepe
3365 3131 3538 3187 dictus
3574 3140 3727 3201 pater

2148 3219 2349 3287 audito,
2376 3231 2561 3290 portas
2584 3220 2733 3275 cella:
2763 3222 3003 3291 patefieri
3028 3263 3045 3289 ,
3086 3237 3287 3292 eosque
3331 3222 3397 3277 ad
3419 3237 3479 3278 se
3522 3223 3723 3294 ingredi

2142 3312 2319 3385 jussit.
2347 3313 2447 3382 Qui
2486 3314 2727 3384 quamvis
2779 3313 2987 3378 vocati,
3038 3312 3402 3370 erubescendo
3443 3322 3619 3369 tamen
3649 3315 3727 3369 in-

2149 3411 2445 3469 lroeuntes,
2479 3404 2699 3475 visoque
2722 3404 2882 3459 beato
2909 3404 3255 3477 Hieronymo,
3270 3406 3386 3475 ejus
3410 3419 3469 3459 se
3490 3415 3726 3475 prostra-

2145 3510 2271 3551 vere
2311 3495 2551 3565 vestigiis
2574 3536 2591 3563 ,
2639 3510 2739 3566 pro
2765 3496 2922 3566 culpa
2952 3497 3161 3551 veniam
3209 3497 3561 3567 postulantes.
3581 3498 3726 3567 Quos

2145 3587 2257 3658 ipse
2281 3586 2573 3643 clementer
2614 3587 2828 3642 elevans
2849 3627 2865 3654 ,
2896 3588 3190 3652 admonuit,
3214 3598 3273 3643 ut
3298 3588 3412 3644 suis
3451 3604 3573 3644 cum
3602 3605 3723 3660 gra-

2146 3679 2337 3735 tiarum
2377 3680 2590 3734 actione
2630 3687 2842 3736 utentes
2891 3679 3053 3735 rebus
3076 3722 3092 3748 ,
3122 3679 3324 3735 alienas
3371 3688 3590 3753 tangere
3618 3696 3723 3737 non

2144 3777 2471 3842 usurparent
2509 3786 2526 3826 :
2568 3784 2632 3825 ac
2691 3769 2887 3825 deinde
2932 3770 3033 3825 sub
3090 3771 3181 3825 Dei
3229 3773 3515 3843 praesentia
3566 3781 3722 3829 caute

2143 3862 2384 3916 viverent
2404 3875 2638 3931 semper.
2658 3859 2771 3928 Qua
2798 3861 3047 3916 nimirum
3071 3861 3447 3930 prtedieatione
3466 3862 3676 3932 expleta
3706 3880 3719 3916 ε

2146 3954 2400 4024 prmcepit
2438 3962 2498 4007 ut
2525 3952 2876 4009 reficerentur
2900 3994 2915 4019 ,
2947 3952 3285 4024 receptisque
3320 3953 3541 4007 camelis
3568 3993 3585 4018 ,
3614 3951 3723 4008 abi-

2146 4054 2284 4099 rent.
2306 4044 2459 4099 Tunc
2484 4044 2558 4099 illi
2586 4059 2690 4099 una
2733 4059 2865 4099 voce
2894 4043 3095 4114 pariter
3135 4043 3382 4099 dixerunt
3413 4060 3429 4098 :
3460 4041 3721 4099 Obsecra-

2144 4152 2282 4203 mus,
2297 4148 2469 4209 pater,
2492 4146 2551 4192 ut
2568 4137 2633 4192 ad
2660 4137 2911 4193 Ecclesiae
2925 4137 3228 4205 luminaria,
3242 4136 3723 4207 necessitatemque

2144 4228 2402 4295 fratrum,
2453 4228 2730 4283 dimidium
2784 4229 3006 4300 liquoris
3056 4229 3199 4296 olei,
3246 4228 3389 4300 quod
3431 4228 3723 4283 attulerunt

2142 4322 2361 4386 cameli,
2398 4322 2595 4391 suscipi
2618 4320 2808 4391 jubeas
2842 4338 2855 4374 :
2882 4322 3005 4391 quia
3035 4322 3234 4377 scimus
3260 4330 3317 4377 et
3340 4322 3472 4379 certi
3502 4335 3719 4386 sumus,

2142 4412 2281 4483 quod
2310 4412 2430 4484 plus
2473 4422 2693 4483 propter
2713 4422 2969 4479 vestram,
3015 4428 3174 4481 quam
3221 4428 3319 4483 pro
3367 4420 3551 4468 nostra
3583 4412 3723 4467 utili-

2142 4515 2288 4572 tate,
2328 4512 2387 4559 ut
2435 4505 2870 4575 uegotiaremur,
2924 4505 3262 4574 perreximus
3306 4505 3357 4559 in
3408 4502 3719 4575 Egyptum.

2141 4598 2344 4665 Quibus
2389 4597 2579 4655 beatus
2626 4598 2982 4670 Hieronymus
3007 4598 3117 4663 ait,
3167 4613 3273 4654 non
3314 4607 3461 4654 recte
3505 4599 3722 4668 procul-

2141 4688 2303 4743 dubio
2334 4690 2617 4759 postulatis
2640 4730 2656 4756 ,
2686 4689 2813 4759 quin
2844 4688 2997 4744 valde
3026 4687 3219 4743 durum
3264 4689 3497 4751 videtur,
3537 4695 3597 4741 ut
3624 4702 3722 4741 nos

2139 4781 2227 4849 qui
2256 4781 2376 4835 aliis
2401 4781 2651 4851 cumpati,
2685 4781 3018 4851 aliorumque
3045 4780 3421 4836 necessitatem
3444 4779 3724 4835 sublevare

2140 4871 2318 4927 dando
2356 4872 2635 4938 debemus,
2668 4888 2765 4928 vos
2799 4888 3122 4945 gravemus,
3148 4882 3327 4930 vestra
3372 4873 3565 4943 quibus
3615 4887 3721 4929 non

2138 4964 2436 5035 indigemus
2450 5006 2465 5031 ,
2496 4964 2764 5021 tollentes.

2212 5056 2361 5112 Tunc
2384 5057 2490 5120 illi,
2522 5072 2728 5127 neque,
2760 5057 3031 5127 inquiunt,
3061 5058 3151 5114 hic
3174 5058 3377 5125 cibum,
3401 5072 3578 5128 neque
3604 5073 3722 5129 qua:

2138 5157 2321 5203 nostra
2351 5157 2493 5212 sunt,
2513 5148 2837 5217 accipiemus
2864 5164 2877 5200 :
2900 5150 3002 5203 nisi
3021 5149 3162 5219 quod
3180 5150 3546 5219 poposeimus,
3576 5150 3725 5219 prius

2133 5238 2359 5309 jusseris
2382 5238 2516 5292 fieri.
2539 5238 2740 5307 itaque,
2768 5247 2822 5292 ut
2851 5238 3217 5308 prmdiximus,
3248 5256 3387 5296 nunc
3416 5241 3720 5305 dimidium,

2136 5330 2275 5399 quod
2307 5329 2597 5383 attulerunt
2627 5329 2840 5395 cameli,
2860 5329 2964 5385 olei
3008 5330 3272 5401 liquorum
3302 5332 3643 5402 suscipiatis;
3673 5342 3725 5388 et

2136 5422 2391 5492 deinceps
2444 5421 2757 5492 pollicemur
2793 5437 2892 5477 nos
2924 5432 3243 5494 nostrosque
3279 5424 3540 5491 baeredes,
3574 5426 3726 5481 vobis

2135 5518 2435 5585 vestrisque
2462 5516 2865 5569 successoribus
2887 5515 3032 5570 omni
3076 5530 3219 5570 anno
3262 5515 3367 5570 olei
3414 5531 3725 5572 mensuram

2203 5673 2265 5738 [α]
2292 5672 2431 5738 fidem
2455 5672 2543 5722 Ms.
2568 5690 2589 5718 ι
2607 5670 2848 5738 simulque
2881 5672 3154 5738 imperavit,
3171 5687 3194 5715 ι
3228 5685 3313 5734 pro
3344 5686 3719 5737 «summumqut

2135 5732 2440 5795 sileiitium,‘
2474 5741 2567 5787 etc.
2596 5747 2709 5784 mox
2734 5732 2854 5783 alius
2882 5732 3200 5783 «auferentes
3223 5732 3402 5795 ent-ra,
3429 5738 3617 5787 sarcina
3643 5732 3722 5787 eos

2135 5797 2315 5847 levate.
