4052 6338
235 392 327 449 ηδ

235 505 301 577 ἱιι)
329 502 424 558 hin
454 514 578 559 esse
603 497 845 555 daturos.
876 491 1071 565 Sicque
1090 489 1414 548 constrictus
1455 488 1643 543 beatus
1677 485 1808 540 Hie-

233 607 506 666 ronymus,
532 598 857 657 coactusque
890 599 1076 642 eorum
1115 582 1364 655 precibus
1391 579 1660 643 violentis,
1689 591 1809 648 qua:

230 691 568 756 rogaveram,
598 679 808 750 impleri
839 677 1109 749 praecepit.
1131 675 1357 743 Sumpta
1393 685 1608 743 quoque
1648 669 1805 736 cibo,

229 791 288 833 ac
322 774 706 831 benedictione
746 785 867 828 cum
912 767 1134 824 camelis
1176 772 1396 836 accepta
1417 804 1433 830 ,
1465 762 1766 818 exultantes
1787 799 1804 824 ,

226 869 665 939 gratulantesque
712 863 778 919 ad
825 863 1041 933 propria
1095 864 1426 916 remearunt.
1454 855 1581 910 llzec
1625 861 1804 908 autem

227 961 498 1018 Bethleem
527 968 667 1023 acta,
697 956 840 1012 etab
865 953 1058 1009 incolis
1083 951 1186 1007 loci
1213 949 1356 1005 illius
1379 946 1636 1003 hactenus
1651 958 1804 1000 asse-

226 1053 390 1110 rendo
431 1053 506 1109 ita
533 1051 697 1107 fuisse
724 1056 1027 1105 narrantur.
1155 1046 1167 1054 ’

289 1147 575 1202 Bethleem
602 1157 730 1198 vero
757 1141 908 1196 locus
936 1136 1268 1211 splendidus,
1293 1133 1480 1190 civitas
1507 1132 1604 1186 luit
1639 1129 1804 1184 David

223 1239 272 1294 in
303 1239 450 1294 tribu
494 1236 631 1292 Juda
663 1253 678 1288 :
711 1233 800 1288 ubi
837 1231 1106 1303 quondam
1157 1227 1417 1282 Dominus
1459 1233 1517 1281 et
1559 1223 1805 1280 Salvator

225 1331 301 1400 (ut
325 1329 650 1398 impleretur
676 1323 979 1396 prophetia,
1012 1319 1211 1374 Veritas
1236 1317 1299 1372 de
1319 1327 1452 1370 terra
1487 1323 1600 1369 orta
1628 1314 1723 1382 est)
1751 1312 1802 1365 in

223 1419 487 1491 prmsepio
518 1418 659 1472 intra
683 1415 1018 1485 speluncam,
1047 1427 1115 1466 ex
1140 1409 1355 1480 Virgine
1380 1404 1527 1460 nasci
1553 1403 1804 1473 dignatus

221 1519 320 1577 est,
352 1521 411 1566 et
445 1507 706 1580 parvulus
734 1505 917 1576 vagiit.
948 1502 1102 1570 Quod
1134 1513 1374 1571 prtesepe
1395 1511 1527 1551 auro
1553 1501 1803 1565 argento-

221 1617 320 1673 que
349 1609 601 1658 ornatum
628 1599 794 1669 (sicut
834 1607 1053 1651 sanctus
1091 1592 1255 1648 refert
1300 1585 1588 1657 Antonius)
1624 1586 1802 1641 inces-

219 1704 405 1748 santer
432 1693 485 1746 in
514 1706 581 1746 eo
611 1689 685 1759 (b)
714 1686 996 1743 luminaria
1037 1684 1225 1740 ardent
1253 1698 1267 1736 :
1299 1680 1650 1751 plurimisque
1689 1690 1804 1731 ser-

219 1796 406 1837 vorum
435 1781 530 1836 Dei
558 1777 874 1835 habitaculis
903 1775 1136 1845 undique
1160 1771 1540 1828 circumdatur.
1566 1768 1640 1823 Os
1657 1764 1799 1821 enim

219 1875 491 1946 spelunca:
516 1874 583 1927 ad
615 1869 1020 1942 ingrediendum
1058 1868 1276 1922 omnino
1299 1872 1583 1936 angttstum
1609 1870 1710 1917 est.
1741 1858 1799 1915 In

218 1966 368 2034 cujus
398 1965 578 2034 itaque
601 1977 730 2029 ore,
761 1961 812 2017 id
842 1969 921 2016 est
947 1999 963 2025 ,
992 1960 1046 2014 in
1075 1960 1192 2029 ipso
1219 1955 1464 2027 praesepii
1515 1955 1758 2025 ingressu
1781 1994 1798 2020 ,

218 2052 410 2109 beatus
441 2054 796 2125 Hieronymus
834 2066 1024 2106 saxum
1051 2047 1362 2120 scalpenda,
1391 2055 1799 2101 monumentum

218 2146 311 2204 sibi
342 2147 461 2202 ﬁeri
487 2147 668 2217 jussit.
696 2145 770 2216 (ε)
803 2144 972 2200 Tanta
998 2158 1126 2198 vero
1154 2142 1294 2197 idem
1319 2139 1562 2210 corporis
1587 2137 1800 2193 lassitu-

277 2295 969 2410 i“}.s.E§uJ'éI§iE’3u§i"'er’ii'
982 2295 1439 2406 $3239.35???"
1468 2301 1654 2340 ¹¹⁰¹¹⁵⁶¹¹
1686 2294 1797 2350 ω’

421 2359 661 2423 adverbio
681 2359 810 2423 quod
829 2367 954 2423 erat,
982 2359 1339 2423 substituimus.

274 2420 342 2548 m
395 2421 534 2472 Unus
554 2421 645 2471 Ms.
674 2415 948 2470 A'ntoninius
972 2431 1058 2478 pro
1083 2415 1323 2465 Ammius.

291 2499 320 2533 c
357 2546 369 2548 _
387 2485 512 2548 Quae
555 2483 673 2548 hinc
687 2482 1059 2548 subsequuntur
1082 2479 1141 2526 ad
1166 2477 1273 2548 fere
1297 2489 1323 2524 u

291 2472 342 2547 cl
387 2485 512 2553 Quae
555 2483 673 2531 hinc
693 2472 1059 2542 subsequuntur
1082 2479 1141 2526 ad
1166 2477 1273 2526 fere
1297 2486 1451 2544 usque
1472 2472 1622 2524 ﬁnem
1656 2475 1803 2546 huius

292 2543 600 2570 ...ιι-...μηδέ
659 2543 764 2570 duo
799 2541 857 2570 ml
883 2552 940 2570 ω.
984 2552 1140 2570 “mnu
1167 2539 1312 2570 nul-Im
1379 2544 1646 2570 manu
1681 2537 1766 2570 slln

213 2537 603 2595 elucubFationis
620 2577 635 2600 ,
658 2543 766 2591 sive
799 2537 943 2589 ad'ea
984 2552 1141 2647 usque
1167 2539 1314 2587 verba
1339 2574 1352 2594 ,
1379 2537 1646 2596 imperante
1681 2537 1766 2586 illo
1783 2572 1798 2597 ,

213 2600 1045 2686 egissemuseetﬂaiss-

211 2664 341 2716 hunc
363 2664 568 2715 modum
593 2669 954 2726 prosequuntur
980 2674 993 2708 :
1022 2677 1047 2706 ι
1069 2661 1153 2709 ubi
1178 2658 1436 2722 praestante
1458 2658 1682 2718 Domino,
1705 2659 1797 2709 soli

209 2730 546 2788 perversitate
569 2727 762 2774 devicta
784 2759 798 2784 ,
823 2724 1008 2788 positus
1028 2731 1106 2788 est
1128 2719 1192 2770 II.
1216 2719 1322 2788 βαι.
1349 2720 1573 2788 Octobris
1597 2718 1798 2788 expleto

210 2780 369 2840 blatis
401 2799 508 2838 sua:
531 2798 661 2838 anno
679 2780 996 2847 nonagesimo
1018 2783 1188 2846 primo.
1213 2781 1414 2845 Imperii
1451 2793 1572 2830 vero
1595 2780 1793 2831 Honorii

215 2907 1035 2939 mus

1283 372 1589 435 SELECTA
1629 367 1961 430 VETERUM
1991 363 2430 429 TES’I‘IMONIA.

3390 373 3496 432 2M

1917 483 2044 540 dine
2076 481 2326 553 fatigatus
2349 491 2466 550 est,
2511 490 2572 540 ut
2596 483 2756 542 etiam
2776 485 2833 542 in
2858 493 3024 542 strata
3049 499 3149 543 suo
3166 486 3352 559 iacens
3371 528 3386 554 ,
3413 488 3494 544 ru-

1915 576 2094 631 niculo
2129 575 2198 630 ad
2253 574 2461 631 trabem
2509 589 2772 645 suspenso
2797 617 2813 642 ,
2884 577 3195 649 supinisque
3238 580 3487 636 manibus

1914 665 2251 736 apprehenso
2300 666 2634 736 eriperetur,
2677 674 2735 720 ut
2781 665 2990 722 scilicet
3034 667 3272 724 omcium
3305 683 3495 726 mona-

1914 757 2062 813 sterii
2084 798 2102 824 ,
2132 764 2582 827 proutpoterat,
2613 756 2924 822 exhiberet;
2955 765 3405 831 transeuntesque
3434 761 3491 816 in

1913 847 2165 918 squalore
2207 848 2480 918 corporis,
2536 848 2790 919 vocisque
2813 848 3072 904 tenuitate
3113 849 3231 907 dies
3276 852 3492 924 plurimi

1913 938 2160 995 ﬂuerent.

1984 1032 2190 1087 Dehinc
2238 1032 2354 1103 ipse
2395 1033 2480 1088 vir
2516 1031 2704 1090 beatus
2748 1033 2802 1088 in
2861 1033 3123 1089 librorum
3168 1033 3492 1089 abundantia

1913 1121 2094 1187 fultus,
2117 1123 2275 1179 dictis
2295 1122 2406 1179 suis
2431 1134 2619 1180 sancto
2639 1124 2826 1195 spiritu:
2853 1124 3133 1189 dedicatis,
3164 1124 3491 1180 immobilem

1911 1211 2202 1269 Catholica
2233 1215 2422 1270 turrim
2451 1215 2723 1280 Ecclesiae,
2754 1225 2939 1271 contra
2967 1216 3294 1286 perﬁdorum
3313 1217 3491 1287 jacula

1910 1306 2318 1361 consummavit.
2342 1307 2576 1378 Pergunt
2599 1308 2778 1378 itaque
2802 1305 2868 1361 ad
2897 1307 3220 1363 visitandum
3237 1347 3254 1371 ,
3295 1323 3492 1363 conso-

1915 1399 2240 1468 landumquc
2262 1399 2668 1472 Hieronymum,
2695 1401 2822 1455 dum
2840 1402 2891 1455 in
2920 1401 3104 1457 labore
3130 1411 3291 1465 esset,
3310 1401 3492 1456 itidem

1910 1488 2195 1552 Catholici,
2228 1504 2412 1545 secum
2440 1489 2655 1560 quidem
2694 1491 2877 1545 animo
2918 1491 3176 1546 Ecclesia:
3201 1491 3492 1546 Catholicae

1908 1590 2314 1649 coeperantem,
2346 1596 2575 1653 corpore
2594 1593 2776 1638 autem
2806 1583 2859 1638 in
2896 1583 3076 1638 Africa
3123 1583 3444 1639 scribentem
3474 1626 3490 1649 ,

1909 1672 1988 1727 sic
2017 1672 2156 1727 inter
2181 1679 2374 1728 caetera
2399 1673 2613 1741 scripsit
2645 1691 2659 1728 :
2693 1671 2889 1728 Nostra
2934 1674 3202 1730 habuimus
3219 1685 3448 1745 tempora
3474 1715 3490 1740 ,

1907 1769 1954 1816 et
1991 1762 2308 1817 cucurrimus
2355 1772 2600 1828 quantum
2642 1764 2894 1834 potuimus
2915 1778 2934 1817 :
2957 1779 3092 1817 nunc
3139 1774 3188 1817 te
3243 1772 3491 1828 currente,

1907 1863 1956 1908 et
2005 1853 2161 1923 longa
2195 1854 2362 1924 spatia
2406 1855 2805 1919 transmittente,
2865 1855 3008 1908 nobis
3053 1855 3260 1908 debetur
3311 1856 3490 1910 otium.

1907 1942 2072 2013 Igitur
2099 1943 2240 1999 idem
2298 1943 2638 1999 beatissimus
2663 1985 2680 2010 ,
2707 1943 2896 2000 diebus
2943 1946 3066 2000 vita:
3105 1960 3219 2000 sua:
3247 1946 3299 2001 in
3329 1944 3492 2016 spiri-

1908 2033 2036 2088 tuali
2084 2048 2249 2103 opere
2299 2034 2840 2103 irreprchensibiliter
2867 2035 3289 2102 consummatis,
3321 2050 3492 2092 nona-

1907 2125 2112 2196 gesimo
2141 2137 2336 2181 octavo
2362 2127 2538 2181 :ctatis
2567 2143 2679 2181 sum
2702 2142 2846 2182 anno
2879 2128 2932 2182 in
2955 2127 3183 2183 Domino
3208 2129 3492 2198 requievit.

1906 2217 2185 2272 Bethleem
2214 2233 2336 2272 eum
2383 2216 2524 2271 alma
2553 2226 2701 2272 tenet
2738 2217 2934 2272 iterum
2985 2227 3216 2273 venturo
3263 2219 3492 2274 Domino

1905 2307 2262 2362 otl'erendnm.
2290 2306 2553 2360 Dormivit
2567 2315 2744 2362 antem
2763 2307 2950 2363 beatus
2973 2307 3328 2380 Hieronymus
3346 2323 3493 2366 anno

1907 2398 2117 2470 imperii
2175 2398 2486 2474 Theodosii.
2511 2399 2744 2470 junioris
2794 2399 3156 2456 duodecimo:
3188 2401 3491 2471 imperante

1906 2494 2090 2562 utique
2117 2491 2228 2555 illo,
2280 2491 2437 2561 cujus
2465 2491 2591 2546 anni
2636 2506 2737 2545 nec
2787 2491 3040 2547 ﬁnientur
3069 2509 3081 2544 :
3111 2491 3212 2559 Qui
3260 2492 3389 2547 vivit
3435 2502 3494 2548 et

1905 2590 2092 2654 regnat
2132 2598 2228 2653 per
2247 2583 2566 2638 immortalia
2594 2581 2790 2638 smcula
2813 2583 3159 2638 smculorum.
3191 2583 3386 2638 Amen.

1901 2718 2190 2792 duodecimo
2213 2719 2657 2792 annp,.im_perau‘te_
2678 2717 2855 2792 utique
2876 2718 2979 2792 illo,
3001 2718 3143 2782 cujus
3162 2717 3277 2766 anni
3299 2729 3393 2768 nec
3415 2717 3494 2766 in-

1903 2781 2154 2838 choantur,
2179 2792 2273 2829 nec
2293 2779 2543 2829 ﬁnientur.
2569 2779 2658 2839 Qui
2684 2779 2820 2838 vivit,
2843 2795 2866 2824 ι
2898 2786 2994 2830 etc.

1036 2899 3479 2931 ω

1262 3022 1770 3111 SELECTA
1830 3021 2410 3109 VETERUM

1187 3194 2503 3312 TESTIMONIA

891 3407 1213 3564 DE
1348 3405 2772 3572 HIERONYMO

1328 3713 1806 3800 EJUSQUE
1879 3713 2396 3790 SCRIPTIS.

1256 3885 1310 3906 υ.-

1317 3879 1822 3912 -——--———-—I=

227 4031 280 4089 8.
311 4033 658 4094 Ausus'rttvus,
685 4030 775 4085 lib.
805 4027 854 4086 Χ
869 4025 1033 4082 VIII.
1060 4026 1124 4081 de
1147 4024 1294 4081 Civit.
1325 4023 1444 4089 Dei,
1472 4039 1587 4092 cap.
1615 4021 1806 4077 XLII.

291 4122 542 4190 Quamvis
583 4135 689 4176 non
717 4118 966 4182 defuerit,
1002 4115 1332 4188 temporibus
1359 4115 1556 4170 nostris
1583 4115 1808 4185 presby-

227 4223 302 4271 ter
333 4215 696 4287 Hieronymus,
724 4213 886 4268 homo
914 4209 1275 4275 doctissimus,
1302 4217 1358 4264 et
1382 4208 1618 4263 omnium
1650 4207 1807 4262 trium

227 4305 515 4378 linguarum
543 4306 776 4376 peritus;
799 4302 886 4374 qui
917 4317 1022 4356 non
1053 4317 1122 4357 ex
1147 4296 1470 4365 Graeco,sed
1501 4312 1568 4353 ex
1587 4297 1810 4352 Hebraeo

227 4397 275 4454 in
303 4399 546 4455 Latinum
575 4397 844 4468 eloquium
874 4394 1088 4452 easdem
1132 4391 1432 4462 Scripturas
1461 4390 1806 4447 cnnvertcrit.

259 4489 404 4558 Ion,
434 4491 526 4546 lib.
551 4488 668 4545 III.
698 4489 761 4544 de
782 4488 984 4544 Peccat.
1009 4487 1172 4541 merit.
1194 4495 1242 4541 et
1270 4487 1490 4551 remiss.,
1517 4501 1638 4554 cap.
1672 4482 1769 4539 Vl.

292 4581 426 4637 lllud
475 4591 654 4636 tamen
697 4579 845 4644 scio,
876 4577 1016 4648 quod
1046 4576 1273 4633 Sanetus
1312 4575 1689 4646 Hieronymus,
1720 4574 1810 4644 qui

228 4674 485 4747 hodieque
514 4675 566 4730 in
599 4671 789 4728 litteris
817 4669 1204 4728 Ecclesiasticis
1233 4678 1338 4724 tam
1376 4667 1688 4723 excellentis
1711 4665 1810 4721 de-

230 4767 410 4823 ctrinas
435 4766 578 4821 fama
605 4781 668 4821 ac
696 4765 880 4820 labore
910 4773 1172 4827 versatur,
1215 4761 1281 4816 ad
1310 4760 1565 4830 quasdam
1594 4759 1807 4816 solven-

229 4857 320 4914 das
346 4860 398 4914 in
435 4859 550 4914 suis
573 4857 725 4915 libris
753 4857 1098 4929 quaestiones,
1137 4854 1297 4910 etiam
1327 4852 1428 4908 hoc
1453 4851 1809 4908 certissimum

230 4952 441 5009 adhibet
478 4954 595 5008 sine
622 4951 729 5006 ulla
757 4949 1140 5020 disceptatione
1164 4948 1562 5002 documentum.

542 5043 708 5110 Instt,
750 5042 838 5098 lib.
882 5041 936 5096 1.
979 5050 1161 5095 contra
1202 5038 1488 5092 lulianum.

296 5158 403 5216 Nec
447 5159 704 5216 Sanctum
757 5156 1138 5227 Hieronymum,
1179 5153 1301 5224 quia
1346 5149 1627 5222 presbyter
1668 5148 1763 5204 luit
1795 5191 1811 5216 ,

233 5251 683 5310 contemnendum
708 5247 1004 5312 arbitreris,
1037 5245 1126 5316 qui
1156 5243 1346 5300 Graeco
1372 5252 1427 5298 et
1450 5241 1642 5296 Latino
1669 5240 1814 5296 insu-

233 5358 323 5412 per
362 5353 418 5400 et
465 5342 692 5398 Ileme
735 5338 976 5395 eruditus
1023 5336 1236 5406 eloquio
1282 5349 1348 5389 ex
1399 5331 1716 5388 occidentali
1746 5333 1812 5388 ad

234 5437 544 5495 orientalem
577 5434 841 5490 transiens
885 5429 1201 5491 Ecclesium,
1234 5429 1287 5482 in
1316 5425 1473 5482 Locis
1503 5427 1701 5481 sanctis
1733 5434 1817 5481 at-

235 5547 335 5602 que
370 5533 423 5588 in
451 5529 670 5586 Litteris
709 5525 878 5584 sacris
906 5537 1074 5594 usque
1101 5521 1167 5578 ad
1187 5520 1509 5590 decrepitam
1539 5519 1671 5576 vixit
1693 5527 1821 5574 teta-

238 5631 360 5680 ‘em.
520 5715 670 5781 lactt,
715 5712 880 5786 Epist.
905 5705 1138 5766 CCLXI.
1164 5705 1231 5760 ad
1260 5705 1538 5760 Oceanum.

1830 3872 1927 3918 Θ

1932 3880 2499 3915 μή

1915 4040 2015 4081 nos
2042 4043 2142 4100 ego
2182 4037 2238 4082 et
2278 4028 2567 4098 prardictus
2607 4028 2930 4086 venerabilis
2965 4029 3131 4087 frater
3159 4027 3500 4102 Hieronymus

1917 4122 2049 4180 satis
2075 4125 2287 4181 litteris.
2307 4124 2594 4193 egerimus.
2613 4133 2666 4179 et
2694 4122 2746 4179 in
2779 4123 2882 4180 hoc
2903 4121 3079 4195 Opere
3103 4121 3498 4189 recentissimo,

1916 4217 2057 4289 quod
2097 4217 2198 4273 sub
2227 4216 2442 4272 nomine
2467 4215 2722 4272 Critobuli
2757 4216 3016 4273 adversus
3045 4215 3313 4287 Pelagium
3340 4213 3502 4271 modo

1916 4311 2104 4374 edidit,
2137 4311 2380 4366 eamdem
2404 4309 2474 4368 de
2501 4311 2598 4366 ista
2628 4326 2689 4367 re
2712 4321 2860 4384 gesta
2889 4311 3151 4383 dictisque
3179 4309 3502 4380 Apostolicis

1915 4403 2236 4458 sententiam
2284 4401 2474 4465 tenuit,
2504 4417 2662 4471 quam
2710 4401 3000 4456 beatissimi
3047 4398 3295 4470 Cypriani
3337 4397 3501 4452 etiam

1918 4511 2017 4552 nos
2045 4496 2215 4552 secuti
2242 4510 2446 4552 sumus.
2477 4494 2610 4552 lllud
2644 4496 2820 4564 potius
2841 4493 2909 4548 de
2928 4493 3133 4560 origine
3159 4490 3459 4545 animarum
3482 4529 3500 4557 ,

1920 4604 2026 4644 non
2059 4597 2277 4660 propter
2302 4597 2483 4658 partus
2509 4587 2861 4648 adulterinos,
2885 4583 2979 4640 sed
3005 4594 3220 4653 propter
3249 4582 3506 4638 innocen-

1921 4680 2075 4747 tium,
2107 4681 2249 4751 quod
2291 4679 2450 4746 absit,
2496 4678 2912 4741 damnationem,
2947 4674 3108 4744 quod,
3155 4675 3366 4744 opinor,
3397 4688 3504 4728 non

1924 4774 2085 4830 stulte
2111 4775 2387 4843 quaeritur,
2420 4771 2466 4825 si
2496 4770 2622 4842 quid
2648 4787 2678 4824 a
2711 4770 2800 4825 tali
2828 4785 2892 4825 ac
2921 4777 3067 4823 tanto
3091 4767 3320 4824 didicisti
3353 4766 3468 4821 viro
3487 4805 3505 4832 ,

1923 4863 2064 4938 quod
2103 4874 2252 4921 recte
2292 4863 2605 4934 responderi
2653 4861 3041 4934 ambigentibus
3087 4859 3276 4931 possit,
3324 4871 3508 4928 quaeso

1922 4957 2200 5014 nobiscum
2250 4955 2646 5012 communicare
2688 4970 2794 5008 non
2841 4953 3064 5008 abnuas.
3107 4950 3182 5005 Ita
3213 4950 3408 5021 quippe
3453 4948 3507 5003 in

1924 5051 2166 5124 epistolis
2207 5051 2314 5105 tuis
2357 5049 2488 5104 mihi
2527 5046 2769 5104 eruditus
2797 5056 2851 5103 et
2891 5045 3070 5100 suavis
3109 5042 3422 5116 apparuisti,
3453 5048 3512 5095 ut

1923 5159 2102 5215 operm
2121 5144 2347 5214 pretium
2369 5141 2460 5203 sit.
2490 5151 2663 5196 tecum
2683 5137 2875 5194 litteris
2895 5135 3147 5206 culloqni.
3165 5134 3356 5190 Nescio
3377 5145 3508 5186 sane

1924 5251 2084 5308 quem
2115 5234 2307 5289 librum
2352 5230 2591 5303 ejusdem
2623 5229 2856 5286 hominis
2885 5227 3005 5293 Dei,
3045 5241 3204 5296 quem
3232 5222 3509 5294 presbyter

1924 5328 2146 5386 Orosius
2167 5325 2364 5391 attulit,
2394 5333 2603 5394 tuasque
2622 5319 2893 5377 dilectioni
2914 5315 3321 5374 describendum
3339 5313 3507 5377 dedit,

1928 5420 2022 5476 ubi
2046 5418 2113 5474 de
2144 5416 2539 5473 resurrectione
2567 5413 2744 5469 carnis
2784 5410 3040 5480 praeiere
3065 5403 3510 5474 disputasseulau-

1927 5513 2104 5580 datur,
2131 5511 2240 5581 jam
2269 5509 2424 5564 nobis
2461 5518 2587 5579 peto
2614 5522 2719 5561 non
2748 5504 2965 5561 diil'eras
2993 5503 3224 5557 mittere.

1961 5615 1965 5617 '
2004 5603 2254 5674 Pleraque
2279 5602 2383 5656 alia
2406 5601 2631 5671 ejusaem
2662 5595 2926 5668 Augustini
2948 5594 3013 5648 de
3044 5591 3351 5657 Hieronyme
3379 5585 3516 5639 testi-

1936 5698 2106 5752 monia
2131 5697 2241 5750 heic
2267 5695 2422 5748 missa
2445 5692 2680 5762 facimus,
2703 5696 2872 5755 utpote
2891 5699 3002 5751 qua:
3028 5683 3079 5733 in
3110 5676 3374 5743 Epistolis,
3391 5691 3518 5742 quas

311 5808 415 5866 Sed
440 5806 567 5872 quid
595 5765 717 5861 hinc
744 5765 984 5862 driutius?
1010 5815 1130 5855 cum
1160 5797 1227 5854 de
1252 5794 1668 5866 ltacquazstione
1687 5795 1824 5849 inter
1933 5792 2003 5846 ad
2027 5805 2141 5846 eum
2169 5786 2328 5856 dedit,
2352 5799 2538 5847 nosque
2556 5783 2685 5837 inter
2711 5773 3134 5843 Hieronymianas
3155 5765 3515 5831 recensuimus,
